4028 6342
511 423 617 490 3‘0

1528 426 1585 488 ες
1628 429 1960 489 GREGORII
2000 430 2307 492 EPISCOPI
2352 436 2782 496 TURONENSIS

3679 446 3791 504 3in

510 569 604 610 rus
620 554 781 609 homo
803 553 1069 610 credatur.
1089 551 1248 607 Etille
1273 568 1285 606 :
1310 550 1474 622 Cujus
1499 552 1615 621 quis
1638 551 1822 622 implet
1845 551 2091 607 volunta-
2117 552 2172 614 Α
2198 561 2281 609 est
2310 556 2399 625 qui
2423 554 2583 623 mitit,
2617 571 2722 611 non
2755 564 2837 610 est
2859 555 2999 610 Deus
3030 556 3120 627 qui
3149 556 3399 614 mittitur.
3424 558 3505 613 Ad
3532 559 3651 616 hinc
3683 577 3793 632 ego

513 655 644 714 tem,
673 660 737 701 eo
760 660 809 702 et
836 648 1010 701 minor
1024 656 1103 700 est
1121 656 1145 683 α
1168 663 1183 711 ;
1200 658 1411 714 semper
1424 644 1590 699 Filius
1608 646 1778 701 minor
1795 654 1876 701 est
1894 646 2052 702 Patre
2070 686 2086 713 ,

516 737 641 805 quia
683 738 774 791 ille
811 736 937 791 facit
975 738 1300 791 voluntatem
1340 736 1546 804 Patris,
1601 752 1699 793 nec
1745 737 1904 793 Pater
1948 738 2089 794 illius

521 829 853 882 voluntatem
892 828 1068 884 facere
1106 828 1507 898 comprobatur.
1552 830 1632 885 Ad
1672 831 1783 883 haec
1824 845 1962 899 ego:
2006 830 2091 885 ln-

519 920 697 989 tellige
727 922 848 989 quia
880 920 1036 975 Pater
1066 922 1117 975 in
1148 921 1306 989 Filio,
1338 932 1393 977 et
1421 922 1585 978 Filius
1615 924 1667 978 in
1696 922 1874 991 Patre,
1903 924 1955 978 in
1986 938 2090 979 una

512 1027 726 1083 semper
764 1014 959 1068 deitate
997 1014 1260 1079 subsistit.
1298 1014 1434 1071 Nam
1467 1025 1523 1071 ut
1559 1030 1852 1086 cognoscas
1878 1017 2091 1073 Patrem

516 1105 637 1160 Filii
671 1105 846 1160 facere
876 1106 1201 1161 v'oluntatem
1220 1149 1233 1172 ,
1260 1107 1303 1161 si
1329 1107 1380 1160 in
1407 1115 1457 1161 te
1485 1106 1615 1161 fides
1637 1108 1941 1177 evangelica
1972 1123 2089 1162 ma-

514 1206 638 1261 net,
670 1197 794 1251 audi
824 1197 948 1267 quid
983 1198 1097 1267 ipse
1128 1198 1283 1251 Jesus
1314 1198 1454 1253 Deus
1492 1210 1693 1263 noster,
1741 1213 1861 1253 cum
1904 1198 1969 1251 ad
2009 1213 2091 1253 rc-

513 1291 875 1346 suscitandum
914 1291 1058 1346 venit
1087 1291 1381 1359 Lazarum,
1413 1291 1521 1345 ait:
1558 1290 1731 1357 Pater,
1764 1291 1959 1362 gratias
1996 1307 2092 1361 ago

514 1384 605 1436 tibi
628 1424 643 1451 ,
674 1400 917 1453 quoniam
942 1384 1130 1436 audisti
1158 1399 1236 1436 me
1260 1399 1277 1437 :
1304 1392 1350 1436 et
1381 1399 1471 1453 ego
1499 1384 1718 1437 sciebam
1744 1384 1865 1453 quia
1892 1398 2094 1448 semper

512 1492 592 1530 me
630 1478 805 1533 audis.
848 1475 954 1531 Sed
980 1484 1189 1546 propter
1210 1474 1408 1529 turbam
1446 1490 1560 1545 qua:
1585 1476 1911 1542 circumstat,
1942 1476 2053 1529 dixi
2075 1516 2090 1542 ,

510 1580 565 1624 ut
591 1570 800 1625 credant
830 1570 951 1641 quia
980 1580 1033 1623 tu
1063 1586 1140 1624 me
1164 1570 1345 1624 misisti
1376 1569 1568 1640 (loan.
1596 1586 1650 1623 χι
1677 1608 1689 1622 .
1713 1568 1805 1634 41,
1833 1568 1954 1638 42).
1986 1568 2093 1624 Sed

512 1672 565 1716 et
593 1678 714 1717 cum
746 1662 813 1716 ad
846 1662 1149 1731 passionem
1183 1663 1358 1728 venit,
1394 1662 1468 1719 ait
1498 1681 1508 1714 :
1544 1660 1723 1728 Pater,
1756 1662 1987 1729 clari/ica
2014 1678 2094 1717 me

511 1756 743 1809 claritate
780 1771 935 1825 quam
978 1755 1133 1809 habui
1180 1756 1319 1824 apud
1376 1756 1742 1826 temetipsum,
1802 1756 2096 1824 priusquam

511 1848 732 1901 mundus
762 1848 903 1916 ﬁeret
931 1845 1113 1917 (Joan.
1137 1864 1246 1901 xvu
1264 1889 1278 1912 ,
1304 1848 1381 1916 5).
1414 1845 1509 1903 Cui
1538 1849 1697 1904 Pater
1723 1848 1787 1903 de
1815 1849 1952 1905 coelo
1982 1864 2094 1905 res-

2197 648 2491 718 interrogo,
2514 649 2560 703 si
2597 649 2840 705 crederet
2874 650 3169 706 doctrinam
3194 651 3338 707 Petri
3379 652 3638 724 Paulique
3658 669 3798 723 apo-

2194 738 2474 795 stolorum.
2494 739 2871 811 Respondente
2898 751 3074 798 autem
3103 759 3168 799 eo
3185 762 3197 798 :
3213 744 3410 811 Credo,
3426 746 3598 817 adjeci
3619 766 3631 800 :
3647 750 3796 803 Cum

2193 842 2440 901 argueret
2484 832 2675 888 Petrus
2713 834 2990 902 apostolus
3020 834 3284 889 Ananiam
3315 850 3412 906 pro
3442 836 3633 891 fraude
3658 838 3796 894 fun-

2193 924 2282 988 di,
2314 924 2437 978 vide
2466 924 2592 994 quid
2622 924 2764 980 dicat
2789 943 2801 979 :
2839 926 2977 991 Quid
3008 926 3099 980 tibi
3127 928 3291 981 visum
3321 936 3395 982 est
3425 930 3629 982 mentiri
3659 930 3795 1000 Spi-

2193 1020 2542 1075 rituisancto?
2570 1020 2689 1075 Non
2720 1038 2772 1076 es
2788 1024 2917 1077 enim
2940 1024 3176 1077 mentitus
3202 1023 3491 1077 hominibus
3510 1067 3525 1090 ,
3554 1028 3644 1079 sed
3670 1024 3795 1079 Deo

2194 1113 2331 1184 (Act.
2354 1128 2407 1178 v,
2431 1112 2484 1178 5,
2508 1114 2589 1184 4).
2618 1116 2679 1169 Et
2711 1114 2925 1181 Paulus,
2957 1130 3077 1171 cum
3106 1117 3395 1185 gratiarum
3426 1117 3795 1186 spiritualium

2196 1205 2549 1276 distingueret
2586 1206 2823 1275 gradus:
2873 1206 3003 1261 Iltec
3047 1209 3247 1274 omnia,
3297 1209 3501 1277 inquit,
3542 1219 3797 1279 aperatrrr

2195 1311 2327 1349 unus
2366 1305 2516 1365 atque
2553 1296 2687 1350 idem
2727 1296 2958 1367 Spiritus
2983 1338 2997 1363 ,
3040 1298 3273 1353 dividens
3312 1300 3587 1370 unicuique
3630 1310 3795 1369 prout

2197 1388 2303 1440 vult
2331 1388 2349 1460 (
2380 1386 2406 1439 Ι
2438 1386 2562 1443 Cor.
2586 1404 2700 1457 xu,
2727 1388 2784 1443 11
2815 1388 2857 1458 ).
2888 1388 2990 1457 Qui
3020 1390 3164 1445 enim
3197 1391 3338 1460 quod
3365 1391 3595 1446 voluerit
3624 1391 3789 1459 facit,

2196 1479 2251 1536 in
2292 1479 2489 1535 nullius
2528 1480 2787 1552 redigitur
2829 1489 3173 1551 potestatem.
3216 1481 3348 1537 Nam
3378 1498 3507 1549 vos,
3539 1493 3597 1539 ut
3628 1498 3794 1553 supe-

2198 1574 2310 1628 rius
2337 1572 2479 1641 dixi,
2513 1573 2645 1628 nihil
2674 1582 2821 1629 recte
2850 1571 3212 1629 de'Trinitate
3242 1583 3427 1629 sancta
3458 1574 3695 1638 sentitis,
3733 1582 3794 1630 et

2196 1680 2353 1734 quam
2384 1665 2561 1735 iniqua
2585 1665 2746 1737 256
2766 1666 2834 1719 sit
2862 1665 3020 1735 hujus
3045 1675 3207 1722 secta:
3233 1666 3576 1737 perversitas,
3610 1666 3790 1737 ipsius

2197 1753 2432 1808 auctoris
2457 1756 2653 1820 vestri,
2687 1755 2738 1810 id
2776 1765 2858 1812 est
2896 1757 3042 1822 Arii,
3089 1757 3356 1827 expressit
3399 1757 3672 1811 interitus.
3705 1757 3794 1812 Ad

2198 1842 2315 1900 haec
2357 1845 2450 1900 ille
2489 1846 2808 1916 respondit:
2858 1847 3053 1919 Legem
3095 1863 3253 1918 quam
3295 1863 3399 1903 non
3440 1850 3605 1915 colis,
3638 1849 3792 1905 blas-

510 1939 701 2011 pondit
725 1957 737 1991 :
772 1936 836 1991 Et
866 1938 1142 2006 clariﬁcavi
1163 1983 1176 2006 ,
1204 1948 1250 1992 et
1272 1940 1456 1993 iterum
1477 1940 1769 2009 clariﬁcabo
1792 1939 1971 2010 (Joan.
1996 1959 2090 2012 xu,

2202 1936 2453 2005 phemare
2497 1938 2603 1993 noli
2631 1955 2645 2004 ;
2678 1955 2775 1996 nos
2805 1955 2933 1996 vero
2962 1956 3080 2011 qua:
3111 1941 3330 1996 creditis
3352 1985 3364 2006 ,
3394 1942 3492 1997 etsi
3528 1958 3634 1996 non
3668 1958 3791 1999 cre-

511 2033 626 2099 28).
661 2029 913 2100 Equalis
945 2038 1030 2085 est
1064 2042 1193 2101 ergo
1224 2030 1391 2086 Filius
1424 2031 1477 2085 in
1507 2030 1727 2100 deitate,
1757 2049 1863 2089 non
1896 2034 2091 2104 minor,

517 2122 611 2177 sed
645 2136 819 2191 neque
845 2120 1047 2191 aliquid
1078 2122 1252 2176 minus
1286 2122 1507 2179 habens.
1540 2123 1671 2179 Nam
1696 2126 1740 2180 si
1770 2125 1934 2181 Deum
1963 2141 2094 2182 con-

513 2212 715 2280 fiteris,
748 2227 972 2269 necesse
1002 2222 1086 2269 est
1112 2214 1377 2285 integrum
1405 2215 1653 2283 fatearis,
1681 2226 1736 2273 et
1763 2219 1895 2273 nihil
1930 2235 2095 2291 egen-

512 2313 655 2370 tcm;
697 2305 741 2360 si
780 2320 909 2361 vero
948 2305 1213 2376 integrum
1254 2322 1376 2363 esse
1406 2322 1602 2380 negas,
1634 2309 1801 2365 Deum
1834 2325 1956 2367 esse
1987 2328 2092 2369 non

509 2396 708 2453 credis.
733 2398 803 2453 Et
824 2398 913 2453 ille
939 2415 953 2452 :
984 2399 1063 2453 Ex
1084 2409 1360 2470 assumpto
1384 2401 1603 2459 homine
1624 2404 1789 2473 erepit
1814 2403 1907 2461 Dei
1930 2405 2095 2461 Filius

508 2490 770 2553 vocitari;
815 2504 937 2545 nam
978 2499 1093 2545 erat
1118 2492 1329 2560 quando
1361 2508 1464 2548 non
1497 2505 1630 2550 erat.
1676 2494 1744 2549 Et
1775 2511 1914 2567 ego:
1956 2500 2095 2555 Audi

511 2580 682 2635 David
726 2581 994 2638 dicentem
1035 2599 1099 2638 ex
1142 2599 1368 2655 persona
1411 2585 1584 2643 Patris
1617 2604 1630 2641 :
1675 2587 1757 2641 Ex
1797 2599 1941 2644 utero
1979 2602 2096 2647 ante

514 2674 787 2744 luciferum
817 2677 968 2746 genui
997 2686 1042 2729 te
1072 2675 1244 2748 (Psal.
1276 2692 1383 2744 c1x,
1406 2676 1485 2749 5).
1519 2679 1584 2733 Et
1614 2680 1847 2737 Joannes
1875 2698 2097 2754 evange-

508 2768 627 2823 lista
653 2768 727 2823 ait
753 2787 765 2823 :
795 2768 861 2823 In
891 2770 1144 2841 principio
1173 2780 1281 2825 erat
1314 2770 1563 2840 Verbum,
1598 2786 1647 2828 et
1682 2773 1901 2829 Verbum
1934 2778 2094 2850 255

506 2871 615 2916 erat
641 2862 780 2933 apud
808 2861 1006 2929 Deum,
1039 2872 1085 2917 ct
1118 2863 1255 2918 Deus
1280 2875 1393 2919 erat
1428 2864 1649 2919 Verbum
1681 2866 1880 2936 (Joau.
1914 2885 1963 2936 ι,
1996 2869 2021 2922 1
2051 2870 2093 2939 ).

506 2952 619 3009 lloc
642 2969 770 3025 ergo
800 2954 1022 3009 Verbum
1043 2972 1165 3011 caro
1190 2958 1381 3027 factum
1401 2970 1495 3027 est,
1521 2966 1568 3013 et
1590 2959 1829 3013 habitavit
1852 2960 1903 3014 in
1927 2961 2092 3030 nobis,

506 3061 593 3114 per
621 3063 769 3115 quem
798 3046 935 3117 facta
963 3050 1283 3109 suntomnia
1311 3048 1490 3121 (Joan.
1520 3066 1570 3117 1,
1598 3052 1681 3106 Ην.
1726 3050 1803 3121 5).
1835 3052 1969 3107 Nam
1996 3067 2094 3110 vos

507 3140 692 3194 czrcati
736 3156 945 3196 veneno
987 3144 1392 3214 persuasionis,
1436 3143 1570 3199 nihil
1610 3144 1831 3215 dignum
1872 3144 1940 3200 de
1980 3145 2093 3201 Deo

509 3238 743 3294 sentitis.
772 3239 835 3295 Et
864 3240 955 3295 ille
981 3257 993 3292 :
1026 3239 1274 3309 Nunquid
1302 3250 1356 3295 et
1379 3239 1632 3310 Spiritum
1656 3250 1898 3298 sanctum
1923 3241 2091 3299 Deum

2200 2028 2405 2099 dimus,
2456 2046 2562 2086 non
2592 2040 2770 2087 tamen
2814 2031 3275 2103 blaSphemamus,
3325 2034 3445 2104 quia
3479 2049 3587 2089 non
3618 2036 3793 2105 depu-

2201 2128 2343 2173 tatur
2368 2118 2601 2189 crimini,
2629 2124 2673 2177 si
2704 2132 2757 2179 ct
2784 2123 2872 2177 illa
2899 2133 2952 2178 et
2983 2124 3070 2177 illa
3095 2126 3361 2180 colantur.
3392 2126 3479 2181 Sic
3503 2128 3649 2181 enim
3676 2128 3795 2181 vul-

2198 2219 2321 2279 gato
2363 2224 2611 2268 sermone
2655 2212 2928 2269 dicimus:
2970 2213 3083 2269 Non
3129 2231 3251 2271 esse
3294 2215 3510 2271 noxium
3554 2216 3600 2272 si
3650 2219 3793 2273 inter

2199 2303 2479 2372 gentilium
2511 2319 2633 2361 aras
2659 2316 2712 2361 et
2738 2307 2832 2363 Dei
2862 2307 3148 2363 ecclesiam
3177 2310 3294 2379 quis
3328 2310 3613 2377 transiens,
3644 2321 3793 2367 utra-

2199 2408 2302 2463 que
2332 2404 2615 2452 veneretur
2650 2407 2694 2451 ε.
2727 2398 2888 2468 Cujus
2918 2415 3017 2471 ego
3047 2401 3326 2456 stultitiam
3358 2418 3589 2459 cernens
3609 2445 3625 2472 ,
3658 2402 3745 2459 aio
3773 2422 3787 2459 :

2200 2483 2271 2540 Ut
2301 2486 2486 2554 video,
2530 2497 2582 2544 et
2610 2490 2888 2558 gentilium
2920 2492 3289 2561 defensorem,
3326 2504 3380 2549 et
3408 2495 3789 2552 hmreticorum

2197 2588 2522 2635 assertorem
2558 2590 2607 2636 te
2637 2596 2757 2639 esse
2798 2584 3149 2653 manifestas,
3182 2600 3303 2641 cum
3335 2596 3391 2644 et
3418 2589 3789 2649 ecclesiastica

2201 2672 2451 2741 dogmata
2484 2676 2743 2742 maculas,
2773 2686 2827 2733 et
2857 2692 3179 2748 paganorum
3210 2680 3497 2750 spurcitias
3528 2683 3788 2751 prmdicas

2198 2765 2430 2821 adorari.
2464 2768 2686 2836 Satius;
2731 2770 2914 2840 inquio
2940 2814 2953 2837 ,
2988 2772 3192 2828 faceres
3216 2812 3233 2839 ,
3267 2774 3312 2828 si
3356 2788 3418 2829 ea
3459 2783 3513 2830 et
3552 2784 3789 2832 armaret

2197 2864 2364 2933 fides,
2418 2880 2577 2935 quam
2621 2865 2891 2921 Abraham
2936 2868 3001 2921 ad
3046 2868 3252 2936 ilicem,
3307 2868 3453 2923 Isaac
3497 2869 3547 2923 in
3576 2869 3787 2937 ariete,

2198 2958 2364 3014 Jacob
2391 2959 2443 3014 in
2477 2960 2684 3029 lapide,
2718 2960 2926 3032 Moyses
2956 2961 3088 3017 vidit
3116 2962 3169 3016 in
3198 2971 3389 3028 scntc;
3419 2976 3570 3031 quam
3604 2962 3786 3017 Aaron

2197 3052 2430 3122 portavit
2458 3054 2509 3106 in
2544 3052 2686 3123 logio
2718 3051 2762 3118 ί,
2796 3053 2957 3108 David
2988 3054 3272 3109 exsultavit
3293 3052 3346 3107 in
3378 3062 3650 3125 tympano,
3679 3052 3783 3107 Sa-

2198 3143 2379 3198 lomon
2408 3143 2724 3213 praedicavit
2754 3143 2806 3199 in
2836 3144 3140 3210 intellectu;
3166 3161 3324 3216 quam
3348 3160 3534 3200 omnes
3560 3144 3781 3214 patriar-

2196 3233 2310 3289 chae
2330 3276 2344 3301 ,
2378 3235 2655 3305 propheta:
2675 3279 2689 3304 ,
2729 3234 2844 3291 sive
2874 3235 2986 3290 Lex
3017 3235 3133 3306 ipsa
3162 3236 3247 3291 vel
3280 3236 3517 3292 oraculis
3541 3237 3776 3305 cecinit,

506 3328 715 3396 dicitis,
760 3340 852 3385 aut
888 3331 1151 3401 :equalem
1186 3331 1331 3386 Patri
1364 3331 1607 3402 Filioque
1633 3332 1965 3390 decernitis?
1993 3332 2089 3389 Cui
2118 3332 2165 3397 C
2195 3329 2277 3383 Vel
2309 3327 2588 3383 sacriﬁciis
2616 3327 2902 3397 ﬁguravit;
2933 3343 3092 3398 quam
3122 3338 3176 3383 et
3204 3342 3345 3384 nunc
3388 3343 3627 3400 praesens
3668 3328 3778 3383 suf-

507 3434 640 3489 ego:
676 3419 793 3475 Una
821 3421 874 3475 in
908 3420 1077 3476 tribus
1107 3431 1190 3477 est
1221 3422 1495 3489 voluntas,
1532 3432 1790 3494 potestas,
1818 3426 2088 3495 operatio:

510 3526 647 3565 unus
686 3511 832 3568 Deus
872 3512 927 3568 in
969 3514 1243 3582 trinitate,
1285 3525 1338 3570 ct
1381 3516 1552 3573 trinus
1592 3518 1645 3572 in
1690 3519 1915 3574 unitate.
1960 3518 2093 3575 Tres

511 3616 793 3672 persontc,
826 3604 921 3659 sed
954 3620 1119 3659 unum
1149 3620 1407 3676 regnum,
1442 3622 1542 3661 una
1567 3606 1839 3677 maiestas,
1871 3623 1972 3663 una
1998 3622 2093 3678 po-

511 3696 675 3751 tentia
714 3698 1230 3771 omnipotentiaque.
1275 3699 1341 3755 Et
1379 3700 1511 3756 ille:
1553 3701 1790 3771 Spiritus
1829 3709 2089 3772 sanctus,

508 3786 711 3857 inquit,
742 3803 899 3859 quem
931 3791 1195 3861 tequalem
1219 3791 1364 3847 Patri
1387 3792 1635 3863 profertis
1658 3807 1721 3849 ac
1745 3792 1902 3861 Filio,
1929 3795 2090 3850 utris-

509 3894 611 3950 que
638 3882 814 3938 minor
841 3884 1119 3955 accipitur,
1153 3886 1277 3954 quia
1307 3895 1361 3941 et
1390 3900 1419 3939 a
1452 3886 1591 3942 Filio
1624 3887 1947 3957 promissus,
1978 3897 2033 3944 et
2060 3902 2091 3944 a

508 3973 665 4030 Patre
691 3976 884 4047 legitur
906 3978 1124 4035 missus.
1149 3978 1320 4035 Nemo
1344 3979 1486 4035 enim
1511 3981 1792 4049 promittit,
1822 3982 1925 4037 nisi
1950 3981 2093 4053 quod

506 4083 618 4124 sua:
643 4069 995 4127 dominationi
1023 4073 1292 4141 subsistit;
1326 4082 1378 4129 et
1408 4088 1568 4130 nemo
1598 4075 1795 4144 mittit,
1828 4074 1931 4131 nisi
1959 4074 2093 4133 infe-

508 4161 707 4219 riorem
740 4179 801 4220 se
822 4205 837 4230 ,
863 4165 1003 4221 sicut
1033 4166 1149 4237 ipse
1171 4168 1246 4221 ait
1272 4167 1324 4222 in
1352 4167 1640 4239 Evangelio
1664 4186 1677 4223 :
1706 4168 1830 4224 Nisi
1851 4186 1941 4241 ego
1962 4170 2091 4224 abie-

505 4274 584 4323 ro,
619 4257 922 4313 Paracletus
954 4259 1045 4314 ille
1071 4276 1173 4315 non
1199 4260 1223 4298 ι)
1256 4262 1459 4316 ueniet:
1488 4262 1530 4316 si
1557 4272 1726 4317 autem
1751 4263 1942 4330 abiero,
1976 4263 2091 4317 mit-

506 4360 612 4404 tam
642 4350 791 4403 illum
821 4352 889 4404 ad
920 4367 1004 4405 uos
1035 4350 1216 4421 (Joan.
1246 4368 1332 4406 xvi
1356 4396 1368 4417 ,
1396 4353 1471 4422 7).
1498 4352 1580 4407 Ad
1609 4353 1724 4407 haec
1750 4366 1847 4421 ego
1878 4366 2094 4422 respon-

507 4441 562 4497 di
584 4430 777 4499 :'Bcne
806 4442 972 4497 Filius
999 4451 1125 4498 ante
1156 4445 1457 4511 passionem
1488 4442 1593 4511 ait,
1626 4443 1748 4512 quia
1778 4444 1879 4497 nisi
1909 4444 1997 4499 ille
2024 4443 2091 4499 ad

509 4534 728 4589 Patrem
765 4536 939 4591 victor
977 4536 1336 4602 remeaverit,
1368 4550 1429 4591 ac
1461 4538 1681 4606 proprio
1712 4537 1969 4607 sanguine
2001 4552 2087 4594 re-

512 4625 733 4695 dempto
762 4627 994 4694 mundo,
1027 4626 1245 4698 dignum
1279 4628 1390 4683 Deo
1419 4643 1485 4683 ex
1515 4627 1733 4684 homine
1764 4639 2091 4700 prmpararet

2198 3419 2435 3490 fragator
2466 3418 2731 3475 Martinus
2775 3430 2980 3486 noster,
3026 3419 3110 3475 vel
3152 3420 3393 3490 possedit
3427 3418 3481 3476 in
3526 3430 3774 3491 pectore,

2197 3512 2282 3566 vel
2311 3509 2549 3566 ostendit
2578 3511 2631 3565 in
2664 3524 2856 3580 opere,
2904 3520 2963 3565 ut
2998 3519 3055 3566 et
3097 3520 3151 3566 tu
3194 3526 3486 3568 conversus
3532 3511 3775 3567 crederes

2203 3602 2619 3674 inseparabilem
2650 3602 2967 3659 Trinitatem
2991 3646 3004 3669 ,
3037 3613 3091 3659 et
3117 3613 3335 3674 accepta
3363 3619 3394 3660 a
3426 3603 3583 3661 nobis
3612 3604 3775 3660 bene-

2196 3694 2454 3766 dictione,
2480 3703 2807 3767 purgatoque
2828 3711 2857 3751 a
2880 3697 3035 3751 mala:
3056 3695 3396 3752 credulitatis
3425 3711 3633 3753 veneno
3657 3709 3777 3767 pec-

2196 3800 2344 3857 tore,
2367 3791 2672 3847 delerentur
2700 3790 3007 3861 iniquitates
3049 3799 3171 3845 tu'e.
3198 3789 3265 3844 At
3297 3790 3389 3845 ille
3418 3790 3601 3847 furore
3631 3803 3776 3845 com-

2195 3893 2375 3941 motus
2395 3923 2409 3950 ,
2442 3893 2495 3939 ot
2522 3884 2701 3939 nescio
2732 3883 2857 3953 quid
2889 3885 3042 3952 quasi
3084 3884 3309 3939 insanus
3340 3882 3594 3940 frendens
3615 3925 3630 3948 ,
3662 3884 3773 3937 ait:

2194 3980 2335 4035 Ante
2382 3977 2566 4033 anima
2608 3978 2677 4034 ab
2720 3978 2880 4049 hujus
2931 3977 3177 4047 corporis
3226 3978 3449 4035 vinculis
3497 3978 3695 4034 emicet
3725 3988 3774 4047 ε,

2194 4084 2352 4140 quam
2412 4070 2481 4124 ab
2520 4069 2631 4124 ullo
2672 4068 2947 4139 religionis
2992 4082 3188 4125 vestra:
3236 4070 3520 4126 sacerdote
3556 4070 3773 4126 benedi~

2193 4162 2425 4219 ctionem
2466 4160 2746 4232 accipiam.
2792 4162 2857 4215 Et
2894 4176 3039 4231 ego:
3083 4161 3194 4217 Nec
3233 4172 3472 4218 nostram
3513 4162 3774 4218 Dominus

2194 4256 2510 4327 religionem
2542 4257 2654 4312 sive
2683 4256 2839 4312 fidem
2880 4257 2951 4312 ita
2982 4267 3257 4328 tepescere
3288 4254 3317 4293 ιι
3342 4242 3541 4323 faciat',
3574 4268 3631 4312 ut
3660 4256 3771 4311 dis-

2196 4352 2499 4405 tribuamus
2548 4350 2805 4405 Sanctum
2852 4349 2968 4419 ejus
3017 4349 3267 4415 canibus,
3316 4363 3379 4404 ac
3415 4350 3775 4419 pretiosarum

2194 4442 2605 4513 margaritarum
2639 4456 2789 4496 sacra
2814 4442 2991 4511 porcis
3021 4440 3388 4511 squalentibus
3419 4455 3773 4511 exponamus.

2193 4533 2275 4591 Ad
2318 4533 2435 4588 hznc
2475 4533 2565 4587 ille
2610 4532 2797 4587 relicta
2838 4532 3191 4589 altercatione
3228 4534 3498 4601 surrexit,
3528 4540 3583 4587 et
3622 4531 3772 4586 abiit.

2192 4627 2297 4684 Sed
2326 4626 2566 4698 posthinc
2595 4640 2715 4680 cum
2761 4626 2813 4680 in
2854 4626 3135 4697 ilispanias
3161 4641 3410 4683 reversus
3440 4625 3630 4683 fuisset
3650 4667 3665 4695 ,
3694 4627 3774 4679 in~

506 4717 895 4785 habitaculum,
921 4734 1029 4775 non
1051 4729 1226 4791 potest
1252 4727 1466 4775 sanctus
1482 4718 1729 4789 Spiritus,
1753 4720 1895 4777 idem
1918 4721 2080 4788 Deus,
2111 4721 2162 4782 D
2191 4721 2441 4775 firmitate
2467 4718 2804 4786 debilitatus,
2829 4719 2895 4774 ad
2925 4730 3159 4775 nostram
3189 4719 3503 4790 religionem
3533 4718 3775 4774 necessi.

504 4810 559 4866 in
585 4819 803 4882 pectore
827 4811 1061 4867 fanatico
1108 4820 1165 4867 et
1186 4813 1457 4884 originalis
1478 4812 1721 4869 criminis
1743 4813 1861 4870 labe
1888 4814 2087 4871 infecto

503 4901 851 4959 descendere.
892 4902 1122 4975 Spiritus
1150 4904 1292 4959 enim
1319 4914 1557 4972 sanctus,
1592 4904 1664 4960 ait
1694 4904 1981 4974 Salomon,
2012 4906 2088 4975 ef-

506 4995 664 5065 fugiet
690 5005 711 5031 ο
744 4996 919 5063 [ictum
946 4995 1102 5067 (Sap.
1130 5011 1178 5063 r,
1203 4995 1281 5068 5).
1306 4996 1385 5052 Tu
1408 5007 1585 5055 autem
1612 4998 1657 5054 si
1679 5013 1829 5069 spem
1852 4999 2083 5070 aliquam

510 5088 923 5146 resurrectionis
962 5089 1165 5160 babes,
1208 5093 1315 5147 noli
1356 5093 1501 5163 loqui
1540 5094 1795 5150 adversus
1826 5092 2085 5164 Spiritum

508 5192 787 5249 sanctum,
828 5183 988 5253 quia,
1024 5182 1188 5252 juxta
1227 5185 1548 5240 sententiam
1580 5184 1820 5253 Domini,
1855 5183 1922 5239 In
1964 5185 2085 5256 Spi-

505 5278 607 5329 ritu
638 5283 816 5331 sancto
836 5272 863 5313 d
888 5274 1261 5346 blasphemanti
1282 5292 1385 5331 non
1408 5278 1710 5344 remittetur,
1736 5292 1894 5347 neque
1912 5278 1964 5330 in
1991 5277 2086 5330 hoc

506 5373 716 5439 stcculo,
739 5388 896 5441 neque
916 5372 967 5427 in
994 5374 1171 5444 futuro
1195 5373 1412 5447 (Matth,
1436 5390 1542 5441 xu,
1565 5373 1679 5445 52).
1707 5374 1775 5430 Et
1796 5373 1881 5429 ille
1902 5391 1916 5429 :
1941 5373 2085 5430 Deus

582 5517 609 5585 ξι
640 5507 800 5585 Corb.
823 5550 839 5575 ,
870 5509 995 5585 Dec.
1026 5521 1081 5568 et
1108 5512 1261 5569 Colb.
1296 5529 1379 5579 c.,
1410 5514 1525 5585 ejus
1554 5520 1601 5567 et
1620 5512 1808 5583 junior
1835 5521 1930 5566 est.

581 5577 611 5619 ιδ
642 5578 856 5648 chm.,
883 5580 1169 5640 Paraclitus
1196 5602 1319 5640 non.

583 5660 613 5735 ο.
642 5651 731 5735 Sic
756 5648 942 5721 Corb.,
970 5664 1023 5710 et
1051 5655 1239 5729 Regm.
1275 5657 1411 5712 Editi
1440 5671 1558 5713 cum
1589 5658 1713 5714 Bec.
1746 5664 1801 5713 et
1830 5652 1979 5711 Colb.
2006 5668 2081 5722 c.,

502 5721 733 5879 fifgegic
760 5794 1193 5879 Gorb.,_It_egm.,
1227 5800 1352 5879 Dec.
1384 5811 1438 5857 et
1466 5802 1619 5857 Colb.
1647 5818 1735 5879 c.,.
1754 5815 1852 5879 pro
1876 5801 1929 5852 in
1960 5798 2083 5879 Spi-

502 5870 933 5939 ritumﬁsanctum.
959 5870 1095 5924 Editi
1115 5912 1130 5937 ,
1157 5870 1411 5937 Spiritum
1434 5882 1665 5925 sanctum
1688 5870 2076 5939 blasphemanti.

577 5947 600 5979 ⁸
639 5938 1046 5997 Observandum
1073 5957 1138 5997 ex
1168 5940 1268 5995 hoc
1298 5940 1416 5998 loco
1446 5944 1643 5997 nullam
1672 5940 1855 5998 haberi
1888 5952 2073 5999 veram

2194 4822 2305 4867 tate
2334 4819 2563 4882 cogente
2591 4825 2882 4866 conversus
2912 4818 3012 4867 θεῖ.

2265 4903 2423 4959 XLV.
2470 4904 2570 4959 Per
2608 4904 2747 4959 idem
2789 4912 2997 4974 tempus
3036 4904 3368 4975 Cliilpericus
3408 4919 3502 4961 rex
3544 4906 3769 4976 scripsit

2193 4995 2486 5052 indiculum
2514 5036 2528 5061 ,
2573 5004 2629 5049 ut
2671 5002 2856 5049 sancta
2900 4994 3133 5050 Trinitas
3176 5010 3279 5050 non
3324 4996 3375 5050 in
3419 5011 3770 5065 personarum

2190 5088 2568 5156 distinctione,
2618 5089 2712 5144 sed
2756 5098 2956 5144 tantum
2998 5090 3137 5143 Deus
3178 5090 3587 5144 nominaretur:
3620 5102 3771 5143 asse-

2193 5198 2320 5240 rens
2350 5184 2632 5254 indignum
2665 5197 2818 5247 esse,
2852 5193 2907 5237 ut
2951 5183 3089 5236 Deus
3133 5195 3391 5252 persona,
3433 5181 3572 5235 sicut
3607 5179 3770 5236 homo

2192 5287 2451 5341 carneus,
2485 5273 2887 5337 nominaretur;
2911 5272 3071 5343 257
3094 5270 3369 5326 affirmans
3396 5271 3559 5326 etiam
3590 5270 3768 5340 ipsum

2189 5378 2310 5421 esse
2365 5366 2577 5421 Patrem
2630 5363 2720 5435 qui
2765 5372 2849 5419 est
2892 5362 3094 5428 Filius;
3142 5362 3391 5434 idemque
3430 5363 3603 5434 ipsum
3648 5375 3768 5419 esse

2191 5508 2535 5577 religionem,
2568 5505 2788 5561 dimissa
2814 5504 3069 5577 Ecclesia:
3100 5504 3377 5560 catholicae
3418 5504 3556 5577 fide,
3592 5512 3649 5559 ut
3670 5502 3765 5577 hic

2189 5575 2419 5636 Arianus
2441 5620 2455 5644 ,
2481 5578 2567 5646 qui
2593 5591 2779 5631 omnes
2810 5576 2975 5631 bonas
3004 5588 3297 5645 agnoscens
3316 5616 3330 5641 ,
3355 5576 3554 5631 nullam
3582 5590 3642 5631 se
3667 5575 3763 5628 ha-

2191 5651 2374 5707 buisse
2404 5648 2794 5703 manifestabat.

2267 5721 2283 5759 ί
2328 5720 2382 5775 Id
2408 5727 2491 5797 est
2522 5720 2574 5797 in
2606 5718 2849 5774 rationali
2877 5718 3203 5788 Pontiﬁcali,
3236 5719 3324 5777 ubi
3346 5720 3511 5797 λόγος,
3537 5731 3634 5776 seu
3660 5715 3759 5778 Dei

2188 5808 2382 5851 nomen
2407 5791 2693 5860 legebatur.

2266 5875 2290 5913 Β
2332 5864 2494 5931 Regni
2506 5902 2543 5928 .,
2575 5871 2853 5930 separetur.

2253 5936 2281 5977 ιι
2322 5934 2463 5990 idem
2493 5942 2546 5990 ct
2570 5932 2747 6001 Colb.,
2780 5932 3038 5991 tabescere.
