4028 6342
183 401 283 454 561

1110 396 1434 491 nis'roma
1473 392 1922 454 rnauconun.
1965 392 2166 451 LIBER
2205 376 2524 464 QUINTUS.

3349 397 3456 456 362

182 517 445 590 Spiritum
473 522 715 572 sanctum
738 555 753 583 ,
787 515 877 587 qui
911 515 1069 572 Patcr
1096 524 1150 572 et
1178 517 1369 573 Filius.
1405 517 1531 584 Sic,
1562 516 1766 586 inquit,
1797 514 1855 577 Α
1876 512 2006 567 nulli
2045 512 2261 583 penitus
2301 523 2533 569 metricae
2571 512 2899 589 conveniunt
2926 512 3122 571 rationi
3150 510 3201 571 ⁸.
3233 496 3453 572 Addidit

182 610 464 681 prophetis
500 625 563 663 ac
594 609 915 678 patriareliis
949 609 1230 677 apparuit,
1264 610 1340 663 sic
1367 624 1487 663 eum
1521 609 1630 676 ipsa
1662 608 1769 662 Lex

183 704 473 760 nuntiavit.
506 702 755 769 Cumque
787 702 901 758 haec
934 702 1065 755 mibi
1096 703 1307 757 recitari
1332 702 1581 770 jussisset
1606 742 1623 767 ,
1654 702 1726 756 ait
1753 719 1768 755 :

180 795 310 860 Sic,
350 794 550 862 inquit,
585 795 710 849 volo
742 802 799 849 ut
831 805 886 849 tu
918 805 972 850 et
1001 796 1191 865 reliqui
1226 796 1477 851 doctores
1508 793 1772 849 Ecclesia-

182 903 304 944 rum
336 886 588 943 credatis.
621 887 714 941 Cui
744 902 843 958 ego
873 889 1129 957 reSpondi
1160 902 1174 941 :
1204 888 1317 943 Hac
1343 887 1658 943 credulitate
1687 901 1773 942 re-

181 978 348 1044 licta,
381 978 467 1047 pie
496 993 612 1043 rex,
644 977 746 1033 hoc
775 987 829 1034 te
858 988 1073 1048 oportet
1102 979 1254 1049 sequi
1280 980 1421 1050 quod
1449 979 1621 1045 nobis,
1652 987 1775 1049 post

182 1069 494 1137 apostolos,
534 1069 624 1122 alii
662 1069 918 1125 doctores
948 1070 1207 1127 Ecclesia:
1236 1071 1601 1142 reliquerunt;
1633 1069 1775 1140 quod

182 1158 424 1214 Hilarius
454 1159 826 1231 Eusebiusque
854 1171 879 1199 ιι
908 1161 1242 1229 docuerunt,
1284 1163 1429 1233 quod
1456 1171 1510 1217 et
1543 1162 1597 1216 in
1640 1161 1773 1231 bap-

158 1251 349 1305 ‘tismo
379 1266 438 1306 es
466 1252 767 1308 confessns.
796 1254 945 1309 Tunc
972 1255 1140 1310 iratus
1166 1271 1259 1314 r.ex
1292 1258 1367 1310 ait
1394 1272 1408 1309 :
1438 1255 1773 1311 Manifestum

182 1354 271 1398 est
300 1343 429 1397 mihi
459 1344 511 1398 in
544 1343 643 1399 huc
669 1360 830 1400 causa
858 1346 1117 1402 Hilarium
1146 1348 1542 1417 Eusebiumqne
1572 1346 1776 1403 validos

182 1437 442 1492 inimicos
484 1438 692 1494 haberi.
743 1439 841 1496 Cui
890 1457 990 1513 ego
1036 1442 1328 1510 respondi:
1379 1444 1678 1500 Observare
1723 1454 1777 1501 te

182 1531 481 1597 convenit,
515 1548 689 1602 neque
722 1534 886 1589 Deum
911 1577 927 1603 ,
956 1550 1131 1604 neque
1173 1546 1387 1590 sanctos
1423 1537 1539 1605 ejus
1579 1536 1778 1592 habere

185 1622 451 1677 offensos.
493 1624 624 1677 Nam
658 1627 834 1694 scias,
877 1628 1001 1696 quia
1043 1628 1095 1681 in
1138 1642 1367 1696 persona
1406 1627 1561 1682 aliter
1600 1626 1774 1693 Pater,

182 1717 347 1769 aliter
374 1716 561 1783 Filius,
592 1717 747 1772 aliter
778 1716 807 1755 ι’
838 1718 1071 1788 Spiritus
1102 1728 1340 1773 sanctus.
1368 1718 1482 1773 Non
1508 1719 1666 1773 Pater
1693 1733 1779 1773 as-

181 1811 422 1878 sumpsit
442 1826 689 1877 carnem,
718 1827 889 1880 neque
918 1813 1147 1879 Spiritus
1176 1820 1414 1878 sanctus,
1445 1811 1541 1865 sed
1571 1810 1736 1865 Filius
1760 1827 1775 1877 ;

1879 615 2057 660 autem
2102 613 2157 660 et
2196 606 2399 661 litteras
2439 607 2628 662 litteris
2668 607 2899 672 nostris,
2955 608 3007 662 id
3052 616 3135 663 est
3182 631 3262 674 ω,
3316 610 3457 664 sicut

1877 697 2052 754 Graeci
2101 696 2337 767 habent,
2392 713 2489 764 ae,
2535 698 2655 766 the,
2692 715 2814 767 unt,
2860 714 3087 769 quarum
3116 700 3456 756 characteres

1876 788 2313 857 subscripsimus.
2355 790 2421 845 Hi
2460 800 2585 845 sunt
2612 815 2651 845 ω
2678 792 2715 863 ψ
2748 803 2782 847 z
2811 804 2847 848 A
2875 802 2922 846 ε.
2973 794 3036 847 Et
3073 794 3221 849 misit
3259 796 3458 865 episto-

1874 882 1958 938 las
1998 883 2052 937 in
2093 881 2369 940 universas
2407 885 2654 940 civitates
2693 886 2841 956 regni
2895 889 3020 955 sui,
3071 896 3133 944 ut
3178 889 3258 945 sic
3302 892 3457 961 pueri

1877 975 2219 1043 docerentur,
2260 990 2322 1031 ac
2362 976 2483 1031 libri
2522 977 2816 1047 antiquitus
2855 979 3075 1051 scripti,
3118 978 3318 1051 planati
3359 997 3458 1053 pu-

1874 1065 2017 1121 mice
2056 1066 2503 1123 rescriberentur.

1947 1157 2130 1214 XLVI.
2156 1161 2439 1230 Agroecula
2468 1159 2489 1200 ί
2518 1170 2695 1218 autem
2736 1161 3126 1222 Cabillonensis
3165 1168 3455 1240 episcopus

1875 1249 1980 1305 hoc
2008 1251 2144 1307 obiit
2187 1254 2690 1325 tempore;fuitque
2734 1256 2897 1311 homo
2941 1258 3098 1314 valde
3148 1276 3366 1332 elegans
3395 1276 3459 1317 ac

1876 1343 2134 1413 prudens,
2153 1360 2350 1414 genere
2377 1348 2666 1403 senatorio.
2692 1348 2854 1403 Multa
2880 1350 2931 1404 in
2960 1352 3178 1408 civitate
3208 1354 3294 1409 illa
3327 1355 3457 1410 redi-

1878 1433 1997 1487 ﬁcia
2035 1431 2182 1501 fecit,
2215 1435 2405 1492 domos
2451 1440 2773 1507 composuit,
2826 1440 3109 1497 ecclesiam
3158 1442 3460 1513 fabricavit,

1878 1540 2036 1595 quam
2070 1535 2094 1573 ις
2126 1527 2389 1595 columnis
2414 1529 2643 1598 fulcivit,
2673 1531 2900 1589 variavit
2931 1550 3222 1603 marmore,
3255 1539 3462 1595 musivo

1880 1619 2138 1688 depinxit.
2178 1620 2379 1692 Magna:
2405 1632 2580 1679 autem
2613 1624 2953 1683 abstinentiae
2982 1628 3098 1697 fuit,
3146 1645 3270 1685 nam
3322 1646 3465 1687 nun-

1878 1726 2035 1780 quam
2064 1712 2285 1780 prandio
2310 1730 2437 1769 usus
2465 1724 2566 1783 est,
2600 1718 2701 1772 nisi
2733 1727 2937 1775 tantum
2982 1737 3136 1778 creua
3165 1723 3272 1777 :ad
3303 1740 3464 1794 quam

1878 1802 1958 1855 sic
1997 1804 2290 1871 temporive
2330 1806 2619 1873 residebat,
2652 1817 2708 1862 ut
2734 1814 2848 1864 sole
2880 1820 3053 1867 stante
3089 1825 3465 1885 consurgeret.

181 1910 252 1955 ιιι
276 1903 366 1971 qui
399 1912 513 1955 eral
544 1902 632 1955 υεί
664 1901 867 1969 Filius,
899 1905 1012 1972 ipse
1049 1904 1113 1956 ad
1146 1904 1573 1972 redemptionem
1607 1901 1779 1957 ιιοωί-
1809 1926 1860 1986 Β
1885 1891 3467 1977 llumauitatis[l.staturas]exigua3,facundimveromagnm

181 1993 277 2048 nis
308 1994 451 2047 filius
493 1993 778 2049 haberetur
823 2005 877 2049 et
916 1996 1162 2065 virginis.
1202 1995 1319 2050 Non
1360 1996 1515 2050 Pater
1554 2010 1779 2066 passus,

181 2100 369 2153 neque
390 2085 637 2155 .Spii-itus
662 2096 908 2155 sanctus,
944 2088 1038 2142 sed
1084 2086 1285 2151 Filius;
1330 2096 1388 2141 tit
1428 2088 1519 2156 qui
1560 2102 1779 2143 carnem

180 2188 559 2249 assumpserat
595 2180 646 2233 in
690 2180 912 2245 mundo,
956 2180 1071 2248 ipse
1109 2180 1390 2234 ollerretur
1422 2194 1517 2248 pro
1556 2180 1777 2234 mundo.

178 2272 269 2328 De
310 2273 557 2342 personis
597 2289 729 2328 vero
767 2272 912 2343 quod
952 2273 1067 2340 ais,
1109 2289 1216 2329 non
1256 2274 1640 2343 corporaliter,
1685 2273 1781 2329 sed

178 2365 509 2435 spiritaliter
551 2366 891 2421 sentiendum
936 2376 1041 2423 est.
1087 2366 1145 2422 In
1191 2367 1273 2422 his
1301 2382 1430 2437 ergo
1460 2368 1629 2422 tribus
1656 2382 1779 2437 per-

178 2458 343 2515 sonis
380 2474 487 2513 una
525 2459 874 2530 gloria,_uua
915 2460 1227 2527 aeternitas,
1265 2476 1371 2514 una
1411 2466 1669 2530 potestas.
1712 2463 1782 2517 At

177 2546 288 2602 ille
313 2527 616 2603 commotus
648 2527 761 2603 ait':
790 2548 1221 2619 Sapientioribus
1250 2558 1301 2604 te
1334 2527 1448 2605 huic
1475 2549 1703 2619 pandam
1729 2560 1777 2619 α,

178 2642 289 2712 qui
315 2641 448 2696 mihi
471 2643 833 2697 consentiant.
863 2642 929 2696 Et
950 2657 1049 2712 ego
1073 2657 1089 2699 :
1114 2642 1392 2712 Nunquam
1415 2642 1516 2697 erit
1544 2641 1778 2719 sapiens,

179 2735 289 2790 sed
332 2735 559 2803 stultus,
603 2734 693 2804 qui
725 2736 839 2789 haec
878 2750 998 2805 quae
1042 2736 1296 2804 proponis
1335 2736 1488 2804 sequi
1527 2734 1778 2790 voluerit.

181 2829 276 2884 Ad
307 2828 425 2881 haec
451 2828 541 2882 ille
570 2828 851 2893 frendens,
882 2829 1043 2900 258
1069 2830 1236 2884 siluit.
1278 2830 1397 2885 Non
1436 2839 1557 2900 post
1584 2831 1781 2885 multos

181 2934 324 2975 vero
356 2921 471 2975 dies
500 2921 815 2978 adveniente
845 2925 1024 2980 Salvio
1051 2925 1325 2995 Albigensi
1356 2926 1629 2996 episcopo,
1665 2925 1781 2981 haec

185 3014 249 3069 ei
290 3016 547 3085 prmccpit
586 3020 859 3074 recenseri
884 3059 899 3085 ,
942 3019 1237 3089 deprecans
1277 3029 1333 3075 ut
1363 3020 1464 3074 sibi
1501 3024 1783 3075 consenta-

188 3121 335 3162 neus
375 3107 549 3163 fieret.
590 3109 742 3176 Quod
783 3110 874 3165 ille
912 3112 1133 3164 audiens
1159 3152 1174 3178 ,
1226 3112 1299 3165 ita
1351 3112 1589 3179 respuit,
1638 3118 1695 3163 ut
1737 3111 1784 3166 si

188 3199 476 3265 chartam,
509 3200 560 3254 in
605 3216 708 3269 qua
750 3200 864 3255 lucc
905 3202 1105 3270 scripta
1146 3201 1485 3269 tenebantur,
1529 3201 1787 3269 potuisset

1885 1994 2020 2039 erat.
2064 1986 2207 2042 Obiit
2249 1996 2428 2043 autem
2477 1992 2818 2061 episcopatus
2865 2009 3007 2051 anno
3057 1998 3469 2070 quadragesimo

1883 2089 2097 2147 octavo,
2130 2082 2230 2136 aevi
2272 2093 2451 2137 autem
2482 2086 2815 2155 octogesimo
2848 2090 3006 2145 tertio
3030 2088 3060 2127 ιι
3095 2109 3108 2145 :
3141 2094 3225 2149 cui
3255 2092 3469 2150 Flavius

1882 2173 2283 2231 referendarius
2313 2176 2702 2235 Guntchramni
2734 2182 2875 2251 regis
2901 2184 3182 2239 successit.

1955 2267 2161 2323 XLVII.
2190 2267 2303 2322 Εοί
2333 2278 2573 2339 tempore
2602 2280 2657 2326 et
2687 2272 2984 2329 Dalmatius
3014 2276 3177 2348 259
3205 2276 3469 2335 Rutbens:

1882 2360 2114 2418 civitatis
2146 2362 2452 2433 episcopus,
2477 2364 2724 2433 migravit
2767 2381 2798 2421 a
2848 2370 3068 2436 saeculo,
3101 2373 3181 2427 vir
3221 2373 3272 2427 in
3314 2375 3466 2431 omni

1882 2455 2168 2511 sanctitate
2195 2456 2482 2524 praecelsus
2520 2457 2797 2513 abstinens
2827 2460 2914 2515 vel
2945 2460 3017 2533 [1.
3041 2460 3116 2535 et]
3138 2479 3170 2518 a
3197 2465 3353 2534 cibis,
3379 2468 3467 2524 vel

1884 2560 1915 2600 a
1962 2546 2411 2617 concupiscentiis
2455 2551 2664 2616 carnis;
2694 2551 2854 2608 valde
2902 2554 3381 2629 eleemosynarius,
3414 2571 3471 2620 et

1883 2644 2090 2698 cunctis
2122 2643 2405 2710 humanus,
2438 2644 2489 2699 in
2521 2646 2764 2703 oratione
2785 2660 2840 2703 et
2866 2649 3058 2721 vigiliis
3080 2653 3211 2709 satis
3234 2655 3466 2714 stabilis.

1884 2737 2182 2793 Ecclesium
2231 2740 2556 2809 construxit,
2606 2741 2701 2795 sed
2729 2740 2856 2799 dum
2889 2757 3007 2798 eam
3038 2745 3107 2799 ad
3138 2748 3472 2805 emendatio-

1884 2845 2009 2884 nem
2042 2833 2239 2900 saepius
2257 2830 2544 2897 destruxit,
2569 2833 2979 2903 incompositam
3010 2837 3314 2909 dereliquit.
3340 2840 3473 2899 Post

1885 2922 2039 2990 cujus
2085 2922 2287 2976 obitum
2340 2923 2515 2991 multi,
2548 2933 2606 2978 ut
2650 2924 2730 2988 lit,
2774 2927 3141 2998 episcopatum
3188 2942 3470 3002 expetunt.

1876 3011 2311 3075 ,Trausobadusl
2348 3028 2477 3068 vero
2505 3014 2808 3085 presbyter,
2841 3019 2930 3088 qui
2976 3021 3246 3090 quondam
3292 3026 3473 3082 archi-

1889 3105 2145 3161 diaconus
2197 3096 2313 3176 ejus
2362 3106 2559 3174 fuerat,
2600 3109 2833 3164 maxime
2882 3111 2935 3165 in
2988 3112 3090 3168 hoc
3138 3117 3469 3187 intendebat,

1891 3199 2027 3254 fidus
2055 3198 2197 3267 quod
2227 3198 2395 3253 filium
2433 3212 2588 3252 suum
2618 3214 2738 3255 cum
2770 3200 3011 3271 Gogone,
3044 3205 3136 3275 qui
3182 3215 3308 3264 tunc
3331 3211 3473 3281 regis

189 3292 496 3362 attingere,
532 3292 586 3347 in
617 3293 788 3348 frusta
829 3293 1180 3364 discerperet.
1224 3295 1290 3347 Et
1327 3294 1404 3346 sic
1442 3308 1536 3347 rex
1575 3292 1643 3347 ab
1680 3293 1781 3348 hac
1808 3321 1855 3386 ρ
1891 3300 2009 3344 erat
2059 3290 2333 3357 nutritius,
2384 3292 2871 3347 commendaverat.
2920 3294 3250 3354 Condiderat
3290 3309 3473 3357 autem

192 3384 499 3439 intentione
548 3385 776 3454 quievit.
826 3385 1049 3454 Scripsit
1095 3385 1226 3440 alios
1277 3384 1441 3439 libros
1490 3383 1630 3438 idem
1683 3399 1781 3438 rex

193 3477 449 3532 versibus
473 3519 488 3546 ,
520 3478 672 3548 quasi
702 3478 979 3535 Sedulium
1009 3487 1225 3535 secutus
1252 3495 1266 3544 ;
1297 3479 1391 3534 sed
1421 3476 1673 3533 versiculi
1703 3477 1783 3534 illi

275 3643 299 3670 ο
333 3634 545 3689 Scilicet
568 3635 927 3691 Vercellensis
965 3639 1267 3704 episcopus,
1305 3638 1393 3704 qui
1423 3651 1542 3690 cum
1574 3637 1777 3692 llilario

190 3704 506 3761 Pictavcnsi
536 3710 746 3775 egregie
775 3720 957 3761 contra
986 3710 1264 3763 haereticos
1288 3720 1486 3761 sanctae
1508 3708 1784 3763 Trinitatis

194 3775 601 3849 impugnatnres
630 3779 946 3832 decertavit.
980 3781 1148 3833 Porro
1180 3779 1269 3834 hic
1314 3780 1646 3849 Chilpericus
1675 3784 1777 3836 Sa-

192 3844 349 3918 bellii
381 3850 511 3900 falsa
544 3850 788 3918 dogmata
808 3852 1119 3903 renovabat.

272 3916 301 3955 ι’
333 3920 422 3972 Sic
452 3916 637 3983 Corb.,
671 3922 817 3985 Bec.,
851 3919 1002 3975 Colb.
1029 3938 1076 3976 c.
1111 3930 1163 3974 et
1191 3932 1299 3975 vet.
1327 3921 1414 3977 ed.
1441 3922 1512 3975 lta
1545 3931 1597 3974 et
1622 3921 1781 3975 Colb.

197 4000 254 4042 a.
282 3987 533 4055 habebat,
565 3992 656 4043 sed
694 3991 883 4058 aliquis
910 3994 1097 4045 subtus
1142 3993 1413 4046 litteramt‘
1458 3996 1660 4059 apicem
1690 4008 1785 4059 ap-

200 4062 404 4125 posuit,
438 4071 494 4113 ut
520 4062 829 4122 Conticeret,
862 4063 992 4115 alter
1043 4064 1221 4126 Pater,
1265 4065 1394 4115 alter
1435 4062 1624 4127 Filius,
1655 4063 1785 4116 alter

202 4129 437 4204 Spiritus
467 4141 690 4184 sanctus.
717 4136 845 4197 Quae
876 4133 1031 4185 lectio
1058 4145 1140 4186 est
1166 4136 1353 4204 Hegtn.
1384 4144 1437 4187 et
1467 4134 1705 4186 Cliesnii.

277 4211 300 4271 εξ
332 4202 541 4269 ltegm.,
570 4206 675 4254 lucc
706 4206 930 4271 pandere
960 4204 1169 4257 decrevi.

275 4267 302 4306 ά
333 4267 518 4336 Corb.,
552 4267 714 4325 nulla'
744 4274 937 4340 penitus
968 4278 1188 4326 metrica:
1229 4275 1533 4326 conveniunt
1564 4275 1782 4327 ratione.

201 4340 495 4414 Chilperici
540 4346 899 4411 eloquentiam
927 4356 981 4397 et
1023 4362 1073 4397 ιιι
1116 4346 1319 4400 litteras
1368 4346 1783 4414 propensionem

203 4412 387 4467 laudat
420 4414 745 4468 Fortunatus
774 4416 958 4480 lib.tx,
990 4430 1158 4470 carm.
1188 4416 1232 4467 l.
1259 4412 1399 4469 Nihil
1431 4419 1496 4469 dc
1526 4417 1640 4482 ejus
1657 4430 1786 4481 ope-

203 4484 355 4537 ribus
402 4495 670 4552 superest,
701 4497 895 4554 praeter
940 4485 1141 4553 aliquot
1186 4502 1374 4541 versus
1420 4488 1472 4540 in
1526 4489 1783 4540 honorem

204 4556 379 4608 sancti
408 4555 661 4627 Germani
700 4556 1017 4611 Parisiensis
1056 4558 1316 4625 episc0pi,
1345 4574 1481 4627 quos
1510 4558 1788 4611 Aiinoinus

204 4628 394 4678 refert.
438 4626 546 4680 Eos
602 4636 780 4680 tamen
828 4641 859 4680 a
909 4628 1199 4681 Fortunato
1251 4626 1578 4696 eotnpositos
1638 4638 1789 4696 putat

204 4696 538 4770 llrouverus,
566 4697 806 4770 negatii
837 4706 997 4770 tanta;
1039 4700 1374 4770 antiquitatis
1402 4714 1521 4753 esse
1574 4705 1782 4767 putant.

206 4767 456 4839 Sedulius
498 4768 597 4823 sub
628 4767 931 4839 Theodosio
975 4767 1402 4836 ltuinaz'claruit,
1430 4786 1586 4837 quem
1616 4779 1788 4839 poetae

206 4832 493 4893 Christiani
548 4838 746 4893 imitari
794 4840 1132 4895 studuerunt.
1197 4840 1325 4895 Vide
1384 4832 1582 4895 Bedam
1616 4832 1789 4895 'lib.v

207 4906 371 4972 llist.,
391 4924 509 4979 cap.
541 4911 625 4965 l9.

280 4986 313 5051 εί
340 4980 447 5032 Hos
491 4980 847 5046 characteres,
893 4990 1051 5051 prout
1098 4983 1150 5037 in
1192 4982 1314 5037 cod.
1341 4979 1505 5038 Corb.
1552 4981 1791 5036 omnium

208 5050 585 5118 antiquissimo
630 5050 913 5117 habentur,
946 5055 1472 5119 repraesentaviinus.
1522 5053 1576 5105 In
1606 5053 1785 5117 Colb.,

210 5144 249 5173 ω
278 5136 329 5175 o.
354 5131 393 5173 Ψ
423 5137 503 5173 ae.
539 5136 591 5192 y,
612 5138 730 5190 qua:
761 5138 851 5189 per
876 5127 1106 5176 medium
1142 5123 1335 5177 lineola
1368 5136 1671 5178 transversa
1700 5137 1790 5175 se-

211 5201 382 5254 catur,
413 5208 461 5244 z.
491 5205 525 5246 Δ
550 5196 658 5245 uui.
691 5196 899 5261 ttcgtn.,
932 5208 965 5246 0
988 5211 1041 5246 ιι.
1085 5208 1117 5263 y
1140 5197 1242 5246 tlte.
1276 5211 1321 5246 z.
1361 5212 1392 5263 y
1428 5195 1539 5247 uui.
1573 5193 1719 5258 Bec.,
1748 5201 1790 5247 Θ

212 5276 315 5333 ccc.
346 5274 388 5315 Ψ
411 5279 488 5315 ae.
524 5279 551 5316 z
578 5267 681 5328 the,
712 5275 766 5317 et
794 5273 910 5329 post
943 5266 1146 5317 litteras
1174 5266 1467 5333 incognitas
1500 5264 1613 5333 ,vui.
1648 5264 1787 5315 ldem

214 5331 460 5399 Gregorii
506 5344 663 5399 caput
711 5334 763 5387 in
797 5335 964 5390 veteri
1004 5349 1267 5389 eauonuni
1300 5331 1351 5388 et
1394 5332 1789 5402 professionum

212 5402 337 5456 lidei
366 5404 705 5473 collectione,
740 5420 807 5458 ex
841 5408 959 5460 cod.
989 5407 1297 5460 Colbertino
1337 5406 1403 5459 ab
1435 5406 1587 5457 annis
1634 5404 1792 5457 circi-

213 5480 296 5541 ter
340 5475 444 5529 800
482 5480 703 5540 scripto,
735 5476 977 5541 habetur,
1014 5477 1103 5530 tibi
1149 5478 1350 5530 credent
1383 5478 1571 5529 littera:
1598 5475 1789 5529 eodem

212 5539 328 5597 fere
357 5546 517 5598 modo
539 5539 601 5599 ac
627 5549 680 5599 in
706 5548 826 5599 cod.
868 5539 1030 5600 Corb.
1060 5558 1294 5602 exarata:
1339 5558 1482 5613 sunt,
1520 5546 1620 5599 nisi
1649 5545 1791 5613 quod

213 5614 401 5668 ultima
447 5616 623 5670 littera
665 5616 736 5670 sit
778 5632 832 5680 a,
857 5620 984 5671 uiui.
1020 5621 1126 5671 llos
1167 5622 1507 5673 characteres
1554 5618 1792 5684 plerique

214 5684 361 5757 editi
377 5701 471 5754 per
496 5688 697 5740 litteras
725 5701 929 5754 graecas
950 5699 1329 5757 expresserunt
1344 5712 1413 5749 ω,
1438 5705 1531 5742 seu
1549 5700 1587 5742 0
1614 5698 1655 5740 Ψ
1675 5699 1708 5740 Ζ
1730 5696 1790 5741 II.

215 5753 273 5833 In
294 5753 700 5833 _Aitnt_iinigedi‘t‘.
732 5753 784 5809 iit
817 5758 892 5833 lib
920 5774 998 5833 tn,
1020 5753 1139 5833 cap.
1171 5760 1319 5833 4Ι,χ
1344 5760 1431 5815 ch.
1451 5761 1585 5833 9th.
1617 5782 1648 5831 φ
1678 5760 1790 5833 ptt_.;

219 5826 307 5879 ubi
346 5826 521 5881 codex
547 5829 603 5881 S.
645 5826 894 5880 Germani
923 5845 951 5881 a
976 5826 1148 5885 Pratis
1177 5834 1246 5886 ab
1277 5826 1421 5886 "an...
1451 5826 1661 5885 circiter
1680 5826 1793 5883 ’400

220 5897 457 5968 scriptus
486 5898 650 5952 habet
668 5909 712 5951 Ψ
740 5913 818 5951 ae.
842 5898 885 5952 T
908 5898 1016 5953 tlte.
1047 5916 1204 5958 antu.
1222 5902 1792 5960 Caeterumhaellttera'.

500 5992 776 6055 ΡΑΤιιοι.
822 5992 1053 6057 LXXI.

1814 4714 1868 4775 υ
1892 4693 2126 4801 ί¹ηεθιξέἱς

1890 3384 2173 3453 episcopus
2211 3391 2611 3451 testamentum,
2640 3384 2695 3438 in
2726 3399 2831 3455 quo
2861 3388 3003 3458 regis
3030 3390 3281 3447 exenium
3305 3390 3357 3460 ιι,
3382 3395 3472 3465 qui

1886 3486 2008 3547 post
2036 3477 2151 3548 ejus
2191 3476 2396 3534 obitum
2444 3477 2730 3548 acciperet,
2759 3478 3046 3549 indicabat,
3078 3482 3333 3554 adjurans
3363 3496 3471 3545 ter-

1888 3633 2128 3710 eaindetn
2153 3633 2678 3710 fortunam_expertae
2708 3644 2853 3710 sunt,
2880 3644 3039 3707 atque
3060 3638 3317 3710 illae,quae
3337 3642 3469 3698 olim

1887 3722 1916 3759 a
1948 3706 2169 3759 Claudio
2202 3708 2330 3775 imp.
2371 3706 2676 3786 adiuventre
2706 3706 2932 3771 fuerant,
2956 3706 3021 3763 id
3052 3718 3131 3765 est
3158 3706 3319 3767 simul
3345 3728 3471 3770 cum

1887 3790 1986 3830 suo
2017 3786 2237 3830 auctore
2270 3787 2563 3845 perierunt.

1968 3844 1987 3883 ί
2023 3848 2133 3900 lloc
2164 3844 2324 3913 caput
2351 3849 2502 3901 deest
2528 3848 2580 3901 in
2608 3845 2769 3901 Corb.
2796 3856 2851 3903 et
2872 3850 3028 3905 Colb.

1962 3926 1988 3996 ξς
2018 3918 2226 3996 ltcgm.,
2259 3933 2413 3996 quant
2441 3920 2579 3970 vario
2611 3930 2793 3971 ornatu
2835 3921 3110 3996 decorauit.
3135 3921 3240 3975 Hic
3271 3939 3474 3996 magna:

1889 3989 1989 4056 fuit
2020 3990 2361 4061 qbstntentiic,
2395 3989 2471 4039 ita
2501 4000 2553 4040 ut
2597 4005 2859 4061 nunquam
2891 3994 2942 4043 in
2990 3993 3074 4043 die
3126 3996 3310 4061 ederet,
3357 3989 3473 4051 ἰιἱεὶ

1889 4059 2062 4134 semel,
2096 4069 2142 4111 et
2170 4058 2263 4110 hoc
2282 4074 2432 4134 _c_aena
2462 4059 2754 4124 vocabatur,
2782 4061 2835 4134 in
2858 4076 2960 4134 qua
2988 4062 3063 4114 sic
3094 4058 3316 4134 tempore
3345 4070 3473 4121 veris

1889 4130 2114 4193 sedebat,
2141 4138 2245 4180 etc.
2282 4128 2441 4181 Forte
2470 4142 2564 4199 pro
2587 4130 2878 4197 temporive,
2910 4128 3204 4199 legendum
3233 4144 3317 4189 est
3343 4148 3474 4191 tem-

1891 4200 2087 4272 porius,
2132 4206 2187 4251 ut
2226 4199 2421 4272 habent
2450 4198 2609 4272 codd.
2654 4201 2839 4269 scripti
2886 4202 2938 4253 in
2968 4198 3180 4272 Regula
3215 4206 3271 4261 S.
3304 4207 3474 4263 Bene.

1890 4270 2040 4345 dieti,
2074 4284 2191 4345 cap.
2225 4271 2313 4322 tl.
2337 4270 2593 4321 Musivum
2624 4280 2822 4345 autem,
2850 4272 2917 4325 de
2942 4288 3045 4339 quo
3070 4270 3161 4329 hic
3186 4287 3241 4330 et
3272 4281 3470 4345 passim

1890 4339 2204 4408 Gregorius,
2238 4349 2322 4393 est
2344 4354 2478 4408 opus
2502 4341 2729 4394 tcssellis
2760 4341 2829 4394 ita
2856 4354 3189 4409 contextum,
3218 4339 3286 4402 ιη’
3303 4352 3475 4406 varias

1890 4411 2088 4490 figuras
2136 4419 2515 4490 reprwsentet,
2543 4412 2683 4490 quod
2730 4413 2872 4480 apud
2926 4426 3136 4490 veteres
3184 4418 3235 4469 in
3281 4434 3474 4490 magno

1892 4480 1991 4554 fuit
2016 4483 2205 4554 pretio,
2238 4482 2432 4535 nostris
2464 4482 2658 4535 dicitur
2688 4498 2907 4554 ouvrage
2934 4485 2966 4538 ὰ
3003 4488 3054 4539 Ia
3083 4480 3472 4554 mosaiquefDe

1890 4550 1978 4605 bis
1998 4550 2268 4621 egregium
2292 4555 2536 4606 volumen
2567 4554 2747 4606 licium
2769 4550 2933 4609 cdi'dit
2952 4559 3032 4611 vir
3056 4557 3222 4612 illnst.
3238 4550 3473 4617 Joannes

1893 4622 2222 4699 Ciampinus.
2261 4621 2392 4679 Vide
2414 4633 2467 4678 et
2491 4624 2797 4694 Bergcrium
2829 4625 2922 4680 lib.
2955 4641 2994 4681 ιι
3016 4629 3084 4683 de
3108 4628 3216 4684 Viis
3245 4632 3475 4699 publicis

2027 4766 2155 4833 Ejus
2182 4766 2371 4819 festum
2394 4764 2630 4819 celebrat
2654 4766 2931 4836 martyrol.
2954 4766 3107 4821 Rom.
3141 4768 3227 4825 die
3252 4772 3315 4826 t7
3335 4771 3472 4828 Mar-

1898 4834 1981 4889 tii.
2028 4836 2274 4889 Interfuit
2312 4837 2502 4890 concil.
2550 4834 2819 4890 Aurelian.
2867 4852 2946 4903 nt,
2986 4854 3039 4893 tv
3079 4847 3134 4893 et
3176 4856 3230 4905 v,
3277 4847 3478 4897 Arver-

1901 4906 2054 4960 nensi
2086 4922 2144 4972 ιι,
2176 4907 2344 4960 Paris.
2372 4922 2407 4960 ιι
2436 4917 2489 4960 et
2530 4905 2770 4975 Lugdun.
2804 4921 2884 4963 ιιι.
2924 4909 3053 4965 Vide
3092 4909 3186 4963 lib.
3230 4912 3298 4967 de
3327 4912 3475 4969 Glor.

1901 4976 2053 5052 conf.
2088 4975 2398 5052 cap._85_et
2438 4976 2527 5041 86,
2564 4990 2617 5031 et
2641 4978 2888 5052 llolland.
2916 4980 3006 5033 ad.
3037 4980 3286 5052 l7_Mart.
3318 4985 3477 5052 Agri-

1902 5048 2086 5119 colam
2120 5046 2300 5099 laudat
2333 5048 2610 5119 lf‘ortunat.
2644 5047 2734 5101 lib.
2764 5062 2845 5109 tn,
2876 5063 3043 5104 carm.
3091 5049 3178 5115 22,
3229 5046 3478 5119 ᾳιιιιόίιι-

1903 5132 2025 5191 men
2057 5116 2125 5170 de
2145 5117 2389 5187 Agricola
2415 5116 2728 5174 Nivernensi
2759 5118 3009 5190 episcopo
3040 5116 3293 5191 intelligit
3317 5123 3478 5180 Coin-

1904 5186 2029 5240 tius.

1972 5255 1989 5294 ί
2027 5256 2468 5325 Hoccaputdeest
2495 5258 2545 5312 in
2594 5258 2752 5313 Corb.
2775 5270 2827 5315 et
2857 5260 3007 5313 Colb.
3036 5260 3328 5320 Dalmatius
3348 5265 3478 5323 sub-

1894 5331 2110 5399 scripsit
2148 5331 2343 5383 eoiicil.
2366 5334 2591 5384 Arvern.
2622 5346 2708 5385 an.
2733 5331 2837 5384 555
2858 5372 2872 5395 ,
2895 5339 2949 5385 et
2978 5332 3251 5387 Aurelian.
3280 5350 3351 5399 ιν,
3378 5351 3465 5392 au.

1898 5398 2022 5459 541,
2040 5410 2362 5455 memoratur
2386 5402 2437 5454 in
2468 5403 2739 5470 Martyrol.
2760 5401 3034 5455 Gallicana
3052 5398 3468 5466 t5N0vembris.

1973 5470 1986 5520 i
2029 5471 2213 5539 lli-gm.
2248 5481 2299 5525 et
2337 5474 2481 5539 Bec.,
2516 5471 2947 5525 Transobaldus..
2975 5474 3143 5540 litum.
3191 5492 3306 5531 cum
3339 5477 3474 5534 Gor-

1898 5557 2050 5610 gone.
2086 5542 2159 5595 De
2181 5541 2399 5611 Gogone
2426 5546 2545 5597 vide
2569 5543 2660 5597 lib.
2692 5558 2766 5607 νι,
2797 5558 2912 5611 cap.
2949 5546 3001 5598 1.

1973 5611 1999 5649 κ
2030 5613 2119 5667 Sic
2169 5613 2327 5665 iidem
2351 5615 2532 5686 codd.
2568 5628 2722 5686 cum.
2759 5615 2911 5682 Bad.,
2940 5625 2996 5669 et
3040 5616 3253 5684 quidem
3299 5628 3478 5686 recte;

1900 5688 2079 5738 cieteri
2110 5698 2239 5757 vero
2253 5684 2359 5753 regi
2385 5683 2816 5757 Sexent’unt.Non
2844 5686 2986 5740 enim
3010 5683 3293 5757 episcopus
3312 5683 3479 5746 Seer

1902 5756 2048 5828 nium
2081 5754 2181 5807 sibi
2218 5752 2588 5828 successorem
2620 5755 2913 5828 delegerat,
2940 5752 3318 5813 sed'indiéavit
3343 5773 3479 5815 con-

1901 5826 2155 5899 ditiones,
2187 5826 2376 5893 quibus
2407 5826 2494 5899 ille
2525 5826 2885 5899 episcopatus,
2915 5844 3073 5897 quem
3102 5831 3354 5899 exeritum,
3381 5843 3481 5892 seu

1900 5897 2105 5953 xcuium
2132 5898 2262 5969 regis
2290 5896 2545 5969 appellat,
2569 5898 2806 5959 conferri
2834 5896 3081 5956 deberet.

3010 5993 3089 6059 12
