4028 6342
569 353 682 414 ’563

1573 341 1630 399 s.
1672 331 1997 397 GREGORII
2037 311 2338 386 EPISCOPI
2379 330 2812 404 TURONENSIS

3772 334 3882 396 364

576 473 824 531 τίὶηιίοιιε
847 467 1221 534 sacramentis,
1255 469 1313 519 ut
1339 465 1391 519 in
1423 459 1648 518 ecclesia
1679 457 1770 512 illa
1817 471 1921 512 non
1943 453 2160 512 ordina-
2185 450 2242 514 Δ
2267 451 2588 504 auctoritate
2616 451 2843 514 valeret,
2875 446 2943 504 ad
2983 444 3340 504 Marcovefam
3392 448 3660 522 reginam,
3713 462 3873 522 quam

576 576 724 623 retur
751 573 1065 630 extraneus,
1098 572 1201 614 non
1227 555 1474 626 cupidus,
1502 566 1608 608 non
1641 547 1912 619 conjugali
1943 545 2159 601 vinculo

581 673 772 726 nexus,
797 653 899 712 sed
944 653 1010 708 ab
1058 653 1142 707 his
1182 648 1438 705 Omnibus
1487 643 1792 716 expeditus,
1825 641 1917 712 qui
1947 642 1999 696 in
2031 639 2161 695 soils

581 760 785 806 tantum
821 743 1102 804 dominicis
1149 740 1396 798 laudibus
1437 737 1699 810 degebat,
1723 733 2156 790 substitueretur.

579 839 960 901 Transohadus
997 845 1176 893 autem
1208 834 1490 905 presbyter
1521 830 1738 902 epulum
1779 827 1834 882 in
1880 826 1994 896 ipsa
2029 823 2162 880 urbe

579 934 790 994 clericis
840 938 1127 1006 praeparat.
1181 924 1558 984 Residentihus
1606 928 1785 978 autem
1836 917 1965 986 illis,
2023 930 2162 972 unus

579 1029 1017 1103 presbyterorum
1047 1023 1210 1093 «epit
1230 1020 1526 1076 antistitem
1559 1023 1916 1072 memoratum
1940 1009 2164 1082 impudiv

580 1125 656 1182 eis
711 1121 1084 1191 blasphemare
1115 1125 1139 1153 α
1176 1111 1556 1176 sermonibus;
1613 1116 1664 1164 et
1719 1120 1890 1178 usque
1937 1106 2003 1160 ad
2059 1103 2163 1160 hoc

580 1213 774 1284 erupit,
799 1221 858 1268 ut
878 1227 1002 1268 eum
1029 1208 1257 1266 delirum
1290 1213 1344 1262 et
1365 1204 1568 1259 fatuum
1598 1201 1922 1257 nominaret.
1947 1198 2074 1276 ilice
2097 1211 2163 1253 eo

579 1307 814 1371 dicente,
845 1305 1100 1376 pincerna
1126 1296 1377 1372 poculum
1402 1297 1681 1353 oblaturus
1709 1291 1946 1349 advenit.
1980 1291 2049 1346 At
2075 1289 2164 1347 ille

583 1408 860 1470 acceptum
901 1397 1024 1452 dum
1057 1395 1135 1451 ori
1167 1391 1452 1464 proximat,
1485 1396 1718 1443 tremere
1745 1385 1932 1454 cmpit,
1960 1381 2166 1439 laxato-

578 1508 685 1564 que
714 1492 782 1548 de
807 1503 968 1546 manu
995 1486 1182 1557 calice,
1211 1498 1371 1554 super
1397 1482 1544 1538 illum
1572 1479 1683 1554 [Λι.
1714 1476 1922 1549 alium],
1945 1476 2033 1548 qui
2063 1473 2166 1531 sibi

579 1592 696 1642 erat
744 1584 1040 1654 proximus,
1075 1589 1234 1651 caput
1283 1578 1573 1644 reclinans,
1606 1572 1848 1631 reddidit
1887 1569 2164 1642 spiritum,

580 1677 891 1747 ablatusque
921 1675 988 1730 ab
1017 1675 1175 1745 epulo
1202 1672 1269 1728 ad
1311 1671 1616 1742 sepulcrum
1639 1711 1653 1734 ,
1684 1668 1849 1723 humo
1889 1669 2167 1719 contectus

581 1776 682 1825 est.
716 1766 960 1822 Posthmc
988 1766 1188 1820 relecto
1213 1769 1537 1818 testamento
1564 1756 1822 1813 antistitis
1844 1753 1898 1809 in
1926 1764 2166 1825 praesen-

2265 537 2615 596 Charibertus
2642 554 2738 595 rex
2767 538 2990 596 nimium
3017 539 3242 611 diligens
3268 538 3325 595 in
3355 537 3477 596 loco
3507 542 3723 598 sororis
3751 550 3870 600 toro

2264 633 2552 699 asciverat,
2580 633 2730 703 fugit.
2759 633 2890 702 Quae
2929 632 3161 689 libenter
3190 645 3313 690 eum
3356 634 3641 706 colligens,
3671 653 3870 708 provo-

2264 732 2354 780 cat
2384 725 2429 795 ί,
2448 739 2819 798 equorumque
2843 727 3130 784 meliorum
3157 726 3378 800 deputat
3399 743 3522 786 esse
3552 731 3866 788 custodem.

2267 815 2404 874 Hinc
2429 819 2539 890 jam
2567 820 2823 877 obsessus
2847 817 3103 890 vanitate,
3130 834 3196 878 ac
3214 821 3481 892 superbiae
3504 822 3753 889 deditus,
3783 841 3872 882 co-

2265 909 2512 966 mitatum
2541 912 2709 968 ambit
2748 911 3082 968 stabulorum
3119 911 3166 968 i.
3194 913 3312 981 Quo
3341 921 3588 986 accepto,
3635 924 3872 974 cunctos

2270 1001 2499 1074 despicit
2530 1019 2592 1059 ac
2623 1005 2929 1076 postponit;
2962 1005 3176 1061 inﬂatur
3220 1006 3381 1079 261
3416 1009 3681 1076 vanitate,
3718 1005 3871 1065 luxu-

2269 1093 2348 1150 ria
2388 1095 2724 1162 dissolvitur,
2749 1096 3043 1169 cupiditate
3080 1097 3444 1164 succenditur,
3479 1107 3532 1154 et
3583 1099 3637 1154 in
3692 1101 3872 1157 causis

2269 1193 2507 1256 patrona
2545 1188 2792 1244 alumnus
2847 1188 3096 1260 preprius
3153 1187 3257 1245 huc
3308 1188 3544 1260 illucque
3597 1191 3866 1248 defertur.

2271 1277 2439 1348 Cujus
2469 1288 2593 1350 post
2621 1280 2821 1350 obitum
2845 1281 3079 1339 refertus
3101 1283 3318 1353 praedis,
3336 1283 3513 1340 locum
3537 1285 3724 1356 ipsum
3752 1303 3870 1346 cum

2268 1383 2398 1442 rege
2451 1370 2768 1432 Chariberto
2817 1374 3016 1430 oblatis
3063 1374 3378 1431 muneribus
3428 1385 3619 1434 tenere
3681 1384 3868 1452 coepit.

2269 1461 2542 1532 Posthac,
2574 1464 2808 1534 peccatis
2837 1465 3022 1537 populi
3052 1465 3444 1537 ingruentibus,
3475 1481 3665 1524 comes
3702 1470 3870 1526 Turo-

2274 1556 2362 1611 nis
2413 1556 2731 1624 destinatur,
2773 1557 2957 1628 ibique
3002 1572 3061 1614 se
3111 1559 3342 1628 amplius
3391 1559 3619 1618 honoris
3648 1563 3868 1633 gloriosi

2274 1649 2566 1720 supercilio
2610 1650 2809 1720 jactat;
2845 1647 2919 1706 ibi
2967 1663 3027 1706 se
3075 1649 3297 1707 exhibet
3348 1666 3600 1722 rapacem
3651 1655 3867 1725 praedis,

2276 1742 2544 1814 turgidum
2574 1743 2731 1814 rixis,
2749 1743 3030 1800 adulteriis
3049 1741 3373 1800 lutulentum
3396 1763 3407 1799 :
3426 1745 3514 1801 ubi
3541 1747 3868 1804 seminando

579 1863 656 1917 tia
677 1857 1007 1916 Childcberti
1031 1856 1170 1927 regis
1192 1870 1255 1909 ac
1283 1867 1569 1925 procerum
1593 1851 1732 1922 ejus,
1753 1845 2091 1904 Theodosius
2113 1844 2166 1912 δ,
2196 1841 2250 1906 Β
2275 1834 2596 1927 discordias,
2653 1844 2708 1891 ει
2761 1834 3043 1892 inferendo
3096 1835 3422 1908 calumnias,
3468 1853 3575 1893 non
3628 1841 3870 1899 modicos

581 1950 671 2022 qui
698 1960 824 2006 tunc
871 1946 1302 2004 archidiaConatu
1332 1943 1484 2000 urbis
1526 1941 1669 2000 illius
1699 1939 2025 2013 potiebatur,
2053 1937 2166 2011 epi-

582 2055 776 2108 scopus
797 2042 1077 2098 ordinatus
1107 2047 1209 2095 est.

650 2135 885 2192 XLVIII.
910 2132 1150 2191 Audiens
1181 2142 1203 2171 ο
1234 2121 1411 2186 autem
1442 2127 1781 2199 Chilpericus
1808 2124 1986 2183 omnia
2027 2125 2167 2182 mala

581 2246 702 2303 qua:
735 2228 965 2286 faciebat
993 2226 1285 2283 LeudaStes
1313 2212 1559 2281 coclesiis
1595 2220 1903 2288 Turonicis,
1937 2226 1993 2277 et
2021 2219 2167 2276 omni

581 2321 744 2394 260
792 2320 1026 2391 populo;
1053 2314 1420 2373 Ansoualdum
1452 2313 1481 2351 ἀ
1525 2313 1651 2369 illuc
1692 2311 1912 2383 dirigit:
1941 2311 2032 2381 qui
2072 2324 2168 2365 ve-

580 2415 734 2469 niens
772 2412 840 2466 ad
881 2407 1223 2466 festivitatem
1272 2404 1440 2461 sancti
1482 2403 1719 2470 Martini,
1750 2403 1876 2458 data
1928 2400 2084 2457 nobis
2114 2410 2167 2455 et

579 2504 780 2576 populo
825 2504 1064 2572 optione,
1110 2499 1405 2556 Eunomius
1454 2497 1509 2552 in
1556 2496 1868 2552 comitatum
1918 2495 2164 2565 erigitur.

582 2595 824 2665 Denique
852 2592 1146 2649 Leudastes
1186 2605 1413 2646 cernens
1443 2603 1502 2644 se
1529 2597 1817 2654 remotum,
1849 2587 1917 2643 ad
1956 2585 2169 2656 Chilpe-

583 2684 755 2741 ricum
801 2683 1006 2754 dirigit,
1041 2682 1224 2738 dicens
1257 2699 1270 2735 :
1301 2680 1485 2751 Usque
1524 2694 1688 2748 nunc,
1712 2693 1746 2736 ο
1769 2678 2004 2749 piissime
2046 2692 2166 2746 rea,

581 2773 847 2832 custodivi
890 2773 1160 2828 civitatem
1199 2770 1557 2837 Turonicam;
1591 2783 1734 2826 nunc
1763 2778 1941 2826 autem
1986 2783 2073 2825 me
2101 2767 2169 2824 ab

581 2866 797 2924 actione
826 2874 1057 2932 remoto,
1097 2864 1219 2922 vide
1257 2864 1485 2933 qualiter
1514 2863 1870 2942 custodiatur.
1901 2862 2036 2919 Nam
2067 2875 2168 2916 no-

589 2961 736 3017 veris
761 2961 886 3030 quia
936 2957 1224 3029 Gregorius
1267 2957 1553 3028 episcopus
1592 2971 1710 3012 eam
1739 2955 1804 3011 ad
1835 2953 2001 3010 (ilium
2033 2953 2170 3022 Sigi-

583 3052 722 3108 berti
761 3050 974 3107 tradere
1017 3050 1269 3106 destinat.
1305 3047 1457 3116 Quod
1502 3048 1724 3104 audiens
1763 3061 1884 3114 rex,
1917 3044 2034 3102 ait:
2067 3044 2170 3101 Ne-

581 3157 873 3215 quaquam,
905 3141 1001 3200 sed
1032 3142 1157 3212 quia
1199 3149 1444 3197 remotus
1491 3154 1572 3207 es,
1601 3139 1724 3196 ideo
1756 3139 1872 3196 haec
1920 3138 2167 3209 apponis.

2273 1926 2556 1984 thesauros
2602 1927 2930 1998 aggregavit.
2965 1926 3342 1984 Post-obitum
3392 1942 3522 1986 vero
3562 1930 3866 1991 Chariberti

2271 2034 2396 2077 cum
2427 2018 2483 2075 in
2513 2019 2762 2090 Sigiberti
2795 2027 2996 2077 sortem
3027 2020 3218 2077 civitas
3263 2019 3350 2078 illa
3383 2023 3645 2091 venisset,
3690 2035 3869 2082 trans-

2279 2121 2441 2170 etmte
2466 2125 2532 2168 eo
2561 2112 2626 2168 ad
2657 2111 3041 2184 Chilpericum,
3070 2111 3254 2170 omnia
3284 2128 3405 2185 qua:
3445 2113 3633 2187 inique
3682 2133 3867 2190 aggre-

2274 2216 2561 2280 gaverat,a
2579 2208 2825 2266 fidelibus
2847 2209 3111 2266 nominati
3140 2210 3282 2277 regis
3312 2209 3521 2284 direpta
3549 2224 3701 2271 sunt.
3739 2217 3867 2274 Per-

2273 2301 2507 2358 vadente
2557 2300 2720 2371 igitur
2765 2300 3069 2372 Chilperico
3116 2302 3242 2373 rege
3293 2317 3388 2373 per
3432 2303 3866 2365 Theodobertum

2274 2393 2443 2448 ﬁtium
2473 2393 2660 2449 urbem
2704 2391 3051 2462 Turonicam,
3083 2409 3206 2450 cum
3231 2395 3343 2464 jam
3372 2411 3472 2467 ego
3503 2397 3747 2455 Turonis
3778 2402 3866 2457 ad-

2275 2487 2571 2555 venissem,
2603 2485 2735 2541 mihi
2780 2503 2809 2541 a
2849 2485 3225 2546 Theodoberto
3253 2500 3471 2547 strenue
3520 2494 3866 2551 commenda-

2271 2591 2383 2652 tur,
2410 2590 2469 2638 ut
2491 2582 2703 2638 scilicet
2724 2582 2983 2637 comitatu
3015 2599 3172 2653 quem
3204 2585 3352 2653 prius
3375 2582 3644 2643 habuerat
3671 2588 3864 2658 potire-

2273 2683 2382 2732 tur.
2412 2675 2634 2730 Multum
2679 2688 2739 2730 se
2768 2674 2922 2730 nobis
2955 2676 3210 2731 humilem
3249 2675 3631 2749 subditumque
3675 2681 3863 2738 redde-

2273 2769 2383 2834 bat,
2410 2767 2599 2837 jurans
2627 2767 2824 2836 saepius
2856 2780 3020 2838 super
3046 2769 3354 2838 sepulcrum
3388 2771 3558 2827 sancti
3580 2774 3861 2842 antistitis,

2271 2875 2546 2932 nunquam
2570 2874 2630 2917 se
2656 2867 2841 2916 contra
2867 2859 3096 2915 rationis
3125 2860 3373 2917 ordinem
3397 2877 3518 2920 esse
3548 2875 3860 2933 venturum,

2274 2970 2440 3027 seque
2463 2957 2618 3018 mihi.
2648 2965 2756 3012 tam
2777 2956 2830 3012 in
2853 2956 3028 3012 causis
3055 2956 3308 3027 propriis,
3341 2971 3498 3028 quant
3519 2959 3575 3013 in
3605 2957 3863 3016 Ecclesia:

2280 3049 2719 3115 necessitatibus,
2775 3050 2828 3104 in
2877 3048 3126 3104 omnibus
3174 3061 3295 3105 esse
3340 3049 3573 3107 fidelem.
3621 3049 3864 3110 Timeth

2286 3146 2455 3214 enim,
2475 3144 2616 3215 quod
2642 3149 2829 3215 postea
2853 3140 3051 3207 evenit,
3076 3154 3146 3196 ne
3162 3140 3348 3198 urbem
3377 3141 3525 3198 illam
3550 3141 3747 3207 iterm
3776 3160 3864 3201 rex

585 3235 655 3292 Ει
695 3234 833 3292 ille:
877 3233 1097 3303 Maiora:
1130 3233 1324 3303 ἰηαιιῑι·
1368 3232 1437 3287 ἀεὶ
1481 3240 1532 3287 ιθ
1575 3232 1651 3286 ait
1695 3231 1996 3300 episcopus.
2033 3231 2174 3287 Βίοὶι
2202 3222 2252 3290 C
2281 3238 2583 3311 Sigibertus
2631 3237 2687 3293 in
2727 3249 2885 3293 suum
2932 3233 3230 3290 dominium
3277 3244 3578 3291 revocaret.
3611 3235 3734 3303 Quo
3775 3235 3864 3293 de~

587 3328 729 3386 enim
759 3327 999 3398 reginam
1030 3333 1177 3380 tuam
1207 3325 1262 3379 in
1290 3323 1555 3380 adulterio
1584 3335 1705 3379 cum
1729 3324 1983 3394 episcopo
2014 3325 2166 3380 Bert-

582 3423 843 3478 eltramno
868 3418 1109 3475 misceri.
1140 3418 1294 3473 Tunc
1321 3419 1491 3472 iratus
1524 3431 1639 3484 rex,
1663 3432 1864 3473 cursum
1895 3418 2086 3488 pugnis
2115 3429 2168 3475 et

585 3511 841 3580 calcibus,
881 3516 1162 3567 oneratum
1201 3507 1342 3566 ferro
1392 3508 1592 3564 recludi
1625 3508 1879 3580 praecepit
1931 3510 1983 3565 in
2037 3524 2166 3566 car-

591 3620 736 3661 cere.
1979 3623 1988 3627 ’

661 3697 849 3756 XLIX.
881 3697 986 3758 Sed
1005 3697 1164 3770 equia
1191 3696 1328 3754 liber
1357 3697 1518 3753 ﬁnem
1540 3696 1789 3767 postulat,
1823 3709 2041 3752 narrare
2070 3698 2167 3753 ali-

587 3809 690 3864 qua
718 3795 785 3851 de
810 3794 929 3864 ejus
959 3793 1257 3848 actionibus
1283 3791 1446 3859 libet;
1475 3790 1567 3847 sed
1597 3790 1748 3861 prius
1768 3788 1978 3846 videtur
1997 3804 2167 3860 genus

585 3903 645 3941 ac
690 3887 938 3956 patriam,
969 3897 1254 3954 moresque
1302 3883 1491 3939 ordiri.
1520 3882 1756 3938 Cracina
1792 3881 1810 3920 ί
1837 3882 2167 3939 Pictavensis

584 3977 758 4033 insula
790 3976 1070 4044 vocitatur,
1102 3975 1156 4031 in
1205 3989 1305 4046 qua
1344 3990 1376 4030 a
1417 3973 1614 4030 ﬁscalis
1655 3973 1902 4030 vinitoris
1934 3983 1958 4022 ε
1986 3988 2165 4044 servo,

589 4070 854 4126 Leucadio
895 4071 1131 4136 nomine,
1157 4069 1418 4125 nascitur.
1443 4067 1651 4124 Exinde
1679 4069 1744 4123 ad
1784 4069 2059 4124 servitium
2082 4083 2169 4123 ar-

589 4162 838 4231 cessitus,
869 4163 1062 4218 culinae
1108 4162 1270 4231 regiae
1315 4161 1622 4231 deputatur.
1672 4159 1777 4216 Sed
1830 4160 1951 4230 quia
2010 4160 2169 4229 lippis

593 4255 800 4309 eratin
848 4252 1206 4310 adolescentia
1258 4249 1448 4321 oculis,
1483 4253 1674 4321 quibus
1723 4251 1854 4306 fumi
1902 4253 2168 4310 acerbitas

596 4362 702 4402 non
732 4345 1078 4415 congruebat,
1104 4353 1312 4401 amotus
1334 4359 1364 4398 a
1392 4344 1590 4412 pistillo
1610 4354 1954 4412 promovetur
1980 4346 2048 4402 ad
2076 4362 2169 4404 co-

600 4435 822 4506 phinum
848 4434 899 4490 h.
930 4435 1034 4491 Sed
1066 4435 1191 4490 dum
1223 4435 1362 4490 inter
1392 4434 1738 4489 fermentatas
1767 4448 1972 4491 massas
2001 4451 2058 4493 se
2076 4438 2168 4495 de-

594 4528 778 4583 lectari
821 4526 1166 4591 consimulat,
1195 4525 1471 4581 servitium
1522 4525 1697 4596 fugam
1751 4526 1924 4584 iniens
1972 4527 2168 4587 dereli-

2270 3331 2478 3398 functo,
2513 3327 2838 3384 succedente
2859 3328 3051 3383 iterum
3084 3324 3392 3396 Chilperico
3414 3323 3466 3379 in
3488 3339 3742 3396 regnum,
3771 3327 3864 3383 iste

2271 3425 2331 3482 in
2379 3425 2690 3480 comitatum
2741 3420 2972 3478 accedit.
3005 3419 3340 3476 Adveniente
3395 3426 3573 3475 autem
3631 3419 3862 3476 Turonis

2275 3516 2625 3583 Merovecho,
2656 3528 2844 3571 omnes
2889 3527 2978 3570 res
3021 3512 3138 3582 ejus
3185 3522 3570 3582 usquequaque
3620 3512 3860 3582 diripuit.

2270 3607 2383 3667 Sed
2410 3609 2535 3664 dum
2557 3606 2854 3677 Sigibertus
2885 3605 3021 3660 duos
3035 3616 3208 3660 annos
3229 3601 3463 3659 Turonis
3488 3601 3682 3670 tenuit,
3713 3602 3862 3659 hicin

2272 3701 2566 3758 Britanniis
2591 3697 2767 3756 latuit.
2784 3697 2887 3765 Qui
2912 3704 3212 3767 assumpto,
3226 3704 3282 3752 ut
3309 3694 3564 3751 diximus.
3582 3696 3859 3763 comitatu,

2273 3795 2327 3850 in
2354 3795 2445 3850 tali
2476 3793 2692 3850 levitate
2737 3794 2909 3847 elatus
2937 3798 3042 3858 est,
3071 3798 3130 3845 ut
3157 3791 3210 3845 in
3240 3789 3403 3846 domo
3447 3787 3703 3846 ecclesia:
3742 3803 3859 3846 cum

2273 3887 2586 3982 thoracibus
2617 3892 2776 3958 atque
2800 3884 3006 3949 loricis,
3035 3883 3357 3954 praecinctus
3379 3882 3634 3953 pharetra
3659 3894 3716 3938 et
3738 3898 3862 3939 con-

2275 3985 2387 4035 tum
2431 3973 2593 4034 manu
2641 3989 2856 4048 gerens,
2888 3973 3066 4043 capite
3109 3975 3324 4045 galeato
3367 3973 3770 4044 ingrederetur,
3800 3973 3863 4029 de

2272 4073 2424 4130 nullo
2449 4085 2696 4138 securus,
2725 4071 2849 4140 quia
2876 4069 3126 4124 omnibus
3154 4075 3273 4124 erat
3299 4066 3560 4123 adversus
3588 4065 3639 4120 κ.
3675 4066 3792 4122 1am
3819 4067 3864 4123 si

2275 4167 2328 4222 in
2361 4163 2564 4236 judicio
2594 4177 2716 4219 cum
2746 4160 3066 4225 senioribus,
3095 4157 3180 4214 vel
3213 4158 3387 4225 laicis,
3424 4157 3507 4214 vel
3535 4155 3756 4214 clericis
3785 4171 3865 4213 re-

2273 4259 2521 4324 sedisset,
2546 4264 2602 4312 et
2649 4255 2876 4311 vidisset
2913 4253 3185 4310 hominem
3231 4251 3498 4322 justitiam
3525 4264 3865 4320 prosequen-

2273 4362 2404 4420 tem,
2439 4350 2678 4422 protinns
2708 4349 2961 4419 agebatur
2995 4348 3049 4402 in
3081 4346 3269 4412 furias,
3320 4344 3573 4402 ructabat
3615 4345 3862 4402 convicia

2275 4443 2329 4499 in
2352 4441 2528 4507 cives;
2558 4439 2904 4512 presbyteros
2948 4438 3176 4494 manicis
3202 4437 3426 4509 jubebat
3455 4435 3688 4500 extrahi,
3722 4434 3863 4494 mili-

2274 4542 2358 4592 tes
2380 4533 2606 4591 fustibus
2634 4532 2905 4589 verberari
2924 4548 2940 4606 ;
2958 4539 3209 4600 tantaque
3235 4529 3480 4587 utebatur
3507 4527 3858 4602 crudelitate,

591 4620 725 4690 quit.
755 4619 1005 4690 Cumque
1033 4618 1118 4675 bis
1161 4626 1256 4674 aut
1299 4618 1460 4674 tertio
1504 4620 1756 4676 reductus
1779 4635 1810 4675 a
1841 4621 1977 4694 fuga:
2018 4625 2168 4697 lapsu
2197 4605 2255 4668 Ῑ)
2276 4639 2336 4686 ut
2375 4629 2464 4684 vix
2490 4627 2681 4684 referri
2708 4624 2728 4666 ι
2772 4625 2965 4695 possit.
3001 4624 3320 4680 Discedente
3348 4621 3510 4694 262
3533 4630 3718 4676 autem
3746 4619 3860 4676 He-

596 4711 766 4766 tcneri
812 4724 919 4765 non
969 4717 1180 4780 posset,
1207 4711 1351 4766 auris
1381 4711 1538 4767 unius
1568 4711 1825 4769 incisione
1854 4717 2165 4776 mulctatur.

593 4801 796 4860 Dehinc
837 4816 958 4858 cum
1009 4810 1188 4859 notam
1221 4802 1477 4861 inflictam
1506 4805 1720 4876 corpori
1752 4808 1996 4866 occulere
2026 4801 2168 4867 nulla

662 4976 688 5004 ἰ
706 4964 841 5022 Hinc
867 4971 989 5042 nata
1019 4977 1120 5019 vox
1151 4967 1332 5042 nostra
1357 4963 1558 5042 Gallica
1589 4969 1798 5042 hldmer,
1823 4985 1943 5042 qua:
1975 4971 2060 5028 hic
2083 4980 2167 5030 est

591 5048 819 5162 ettszupe
865 5035 1020 5102 alias,
1053 5036 1191 5105 apud
1220 5035 1559 5108 Gregorium,
1600 5039 1756 5111 hujus
1786 5035 1930 5100 vocis
1961 5044 2164 5114 signiﬁ-

591 5125 648 5162 ca
683 5124 751 5162 l0.

591 5124 751 5164 C8110.

661 5179 687 5216 ι)
721 5179 932 5249 Regm.,
963 5175 1216 5232 Thcodus.
1247 5177 1325 5233 De
1366 5179 1463 5234 hoc
1492 5187 1545 5236 et
1576 5182 1692 5236 aliis
1726 5183 1809 5238 hic
1853 5187 2162 5243 memoratis

591 5247 680 5304 lib.
715 5263 785 5315 vt,
806 5247 909 5319 cap
938 5249 1031 5304 '58.

665 5331 686 5388 εξ
723 5318 1006 5375 Πεθεῐὴοα
1032 5327 1190 5388 caput
1219 5320 1271 5373 in
1295 5318 1456 5376 Corb.

666 5386 692 5425 ἀ
723 5391 934 5457 chm.,
969 5386 1303 5444 Ausonidum.

669 5469 691 5495 ε
724 5459 1035 5534 iloc‘caput,
1055 5461 1194 5534 quod
1229 5461 1281 5514 in
1305 5461 1576 5534 plerisque
1603 5463 1806 5534 codd.a
1825 5467 2164 5534 praecedente

594 5543 698 5582 non
731 5530 1089 5598 distinguitur,
1125 5533 1274 5586 deest
1303 5533 1354 5585 in
1376 5530 1534 5586 Corb.
1571 5543 1625 5588 et
1651 5533 1803 5590 Colb.

669 5600 905 5668 tRegni.
959 5612 1016 5678 et
1064 5603 1213 5678 B_:u.l.,
1263 5602 1502 5678 Crimine.
1555 5607 1820 5660 Altcserra
1877 5610 2157 5678 legendum

592 5683 919 5746 essccenset
949 5669 1196 5746 Erecina,
1213 5691 1316 5741 quo
1337 5676 1547 5746 nomine
1568 5669 2159 5746 tlesignarcturuliadina

591 5741 782 5815 insula,
816 5741 915 5815 me
945 5743 1002 5815 de
1038 5744 1124 5795 [ἑά.
1168 5752 1223 5796 ttt
1270 5745 1476 5815 scripsit
1518 5741 1753 5815 Papirius
1787 5751 2062 5808 Massonns
2106 5757 2158 5809 in

591 5813 944 5884 descriptione
961 5812 1255 5869 ﬂuviorum.
1281 5814 1412 5869 ilinr:
1434 5812 1670 5873 Valesius
1702 5823 1877 5875 itidiiu
1909 5824 2010 5886 legi
2033 5825 2158 5880 Cru-

2275 4718 2530 4786 rovecho,
2561 4718 2650 4789 qui
2685 4731 2773 4773 res
2803 4715 2920 4787 ejus
2959 4715 3273 4785 diripuerat,
3305 4712 3460 4769 nobis
3502 4710 3862 4766 calumniator

2276 4813 2475 4878 existit,
2495 4825 2741 4869 asserens
2771 4808 3030 4866 fallaciter
3061 4807 3438 4865 Merovechum
3461 4813 3646 4862 nostro
3692 4817 3853 4861 usum

2275 4974 2385 5029 tina
2419 4979 2508 5028 aut
2545 4972 2753 5028 Ralina.
2783 4968 2923 5026 Olim
2952 4969 3230 5025 dicebatur
3260 4967 3432 5023 Herus
3456 4979 3552 5024 seu
3586 4963 3744 5019 Πεήο
3772 4963 3854 5019 ins

2274 5045 2414 5110 sula,
2448 5057 2565 5113 qua
2592 5057 2702 5098 orte
2732 5041 3032 5113 Pictavensi
3062 5040 3290 5113 adjaget.

2347 5125 2372 5164 Β
2401 5106 2558 5181 Βδὶιη
2589 5130 2622 5168 a
2651 5110 2838 5181 [iaculis
2869 5106 3142 5166 multorisf
3177 5109 3391 5181 Regm.,
3437 5107 3632 5178 ﬁnali;
3684 5106 3856 5161 vineta

2271 5202 2431 5243 servo.

2347 5255 2373 5293 δ
2404 5257 2460 5313 Id
2486 5266 2590 5325 est,
2615 5270 2646 5313 e
2667 5267 2840 5326 coquo
2873 5254 2928 5306 fit
2948 5252 3138 5326 pistor.

2349 5327 2365 5365 ι
2398 5327 2458 5382 Id
2485 5320 2589 5396 est,
2607 5320 2906 5397 promovet,
2922 5320 2981 5379 ut
2999 5337 3064 5377 ex
3091 5321 3476 5397 aliis‘Greg‘orii
3509 5320 3642 5376 locis
3671 5327 3848 5397 patet.

2347 5397 2362 5448 ἱ
2403 5391 2834 5454 0οωθὲέιθὶιιιὶὶ
2862 5391 3120 5464 equorum
3151 5391 3407 5464 principis
3453 5406 3640 5464 curam
3689 5391 3856 5445 habe-

2270 5469 2384 5537 bat,
2414 5483 2534 5538 quae
2563 5468 2795 5538 dignitas
2822 5461 3006 5538 postea
3038 5461 3284 5538 militaris
3311 5461 3472 5530 facta,
3496 5463 3723 5538 multum
3761 5474 3857 5538 ac-

2270 5533 2591 5608 crevit.Ejtts
2607 5533 2788 5592 munia
2810 5546 2864 5590 et
2887 5537 3214 5590 incrementa
3244 5535 3360 5590 fuse
3379 5534 3600 5604 exponit
3618 5533 3856 5602 Cangius

2271 5613 2323 5666 in
2358 5611 2647 5735 Gblossario,
2682 5608 2820 5678 quod
2860 5609 3144 5662 consulere
3173 5608 3438 5663 neminem
3472 5620 3704 5677 unquam
3739 5615 3856 5672 pm-

2272 5685 2378 5735 Itilc
2422 5687 2480 5735 il.

2272 5685 2480 5739 nitebit.

2343 5753 2365 5788 ιι
2409 5753 2629 5822 Regm.,
2673 5753 2975 5804 contrarius.
3013 5751 3171 5805 Nam.

2347 5825 2364 5860 λ
2408 5825 2548 5879 idem
2577 5824 2763 5890 codex,
2798 5826 2876 5877 vim
2907 5828 3037 5890 ferre
3066 5824 3243 5892 possit.
