4028 6342
316 277 434 350 365

1241 288 1561 350 HISTORIA
1604 286 2053 347 FRANCORUM.
2097 288 2299 345 LIBER
2338 290 2657 359 QUINTUS.

3490 312 3595 368 366

315 409 565 478 consilio,
594 415 652 466 ut
677 422 766 467 res
786 411 903 480 ejus
931 409 1187 466 auterret.
1217 409 1324 467 Sed
1356 421 1477 480 post
1504 410 1650 466 illata
1680 414 1895 475 damna,

2005 401 2221 460 Paschae
2247 406 2300 462 in
2332 415 2533 464 tantum
2566 424 2654 467 me
2677 414 2939 471 conviciis
2963 426 3018 473 et
3046 421 3217 489 sputis
3245 422 3380 494 egit,
3422 433 3481 483 ut
3506 442 3591 485 vix

316 503 480 571 iterat
507 501 702 559 iterum
734 512 1093 568 sacramenta,
1112 503 1416 574 pallamque
1447 513 1471 540 λ
1502 503 1734 574 sepulcri
1763 504 1906 560 beati

326 594 542 665 Martini
587 593 959 665 tidejussorem
988 595 1257 666 donat,se
1300 596 1454 652 nobis
1497 611 1767 668 nunquam
1811 597 1906 653 ad-

323 699 689 767 versaturum.

393 779 455 834 L.
488 779 593 838 Sed
622 777 651 819 δ
678 781 928 850 quoniam
957 780 1172 854 longum
1210 791 1295 840 est
1320 798 1417 854 per
1446 783 1688 841 ordinem
1716 797 1904 856 prose-

314 856 406 944 qui
440 871 674 944 perjuria
702 873 787 931 vel
814 874 1019 946 reliqua
1040 877 1178 931 mala
1196 875 1339 947 ejus,
1362 879 1639 933 veniamus
1659 878 1725 933 ad
1748 877 1901 946 illud,

314 966 549 1036 qualiter
578 982 665 1024 me
695 968 862 1024 voluit
890 968 1087 1040 iniquis
1117 985 1180 1026 ac
1210 971 1429 1027 nefariis
1467 970 1747 1027 calumniis
1776 984 1906 1041 sup-

316 1059 587 1128 plantare,
616 1060 703 1116 vel
732 1062 963 1131 qualiter
986 1064 1040 1118 in
1066 1079 1187 1119 eum
1214 1064 1346 1120 ultio
1386 1064 1565 1121 divina
1604 1064 1901 1131 descendit,

314 1160 375 1205 ut
408 1151 533 1207 illud
560 1151 945 1222 adimpleretur
974 1170 989 1211 :
1022 1154 1200 1210 Omnis
1225 1157 1559 1227 supplautans
1602 1157 1903 1226 supplanta-

314 1244 455 1299 bitur
490 1243 703 1313 (lcrem.
748 1248 840 1313 1x,
867 1245 957 1318 4);
1000 1256 1054 1303 et
1082 1249 1307 1317 iterum,
1358 1250 1459 1318 Qui
1497 1249 1628 1318 fodit
1673 1251 1905 1321 foveam,

313 1336 510 1391 incidet
546 1337 601 1391 in
642 1355 753 1393 eam
799 1338 979 1409 (Prov.
1024 1357 1184 1410 xxvr,
1223 1342 1338 1414 27).
1386 1342 1549 1414 igitur
1592 1350 1711 1411 post
1741 1343 1927 1415 multa,

314 1429 459 1484 maia
498 1444 617 1499 quin
656 1430 712 1485 in
753 1446 842 1487 me
888 1447 1142 1503 meosque
1172 1433 1379 1499 intulit,
1426 1444 1547 1504 post
1582 1434 1781 1490 multas
1819 1435 1904 1490 di-

315 1521 591 1591 reptiones
619 1538 799 1579 rerum
829 1524 1314 1581 ecclesiasticarum
1334 1567 1350 1593 ,
1382 1525 1636 1597 adjuncto
1664 1526 1769 1581 sibi
1813 1525 1905 1581 Ri-

316 1614 461 1671 culfo
510 1615 864 1689 presbytero,
913 1617 1076 1673 simili
1120 1619 1327 1674 malitia
1359 1631 1647 1687 perverso,
1691 1617 1759 1672 ad
1802 1618 1903 1674 hoc

312 1709 497 1779 erupit
535 1717 593 1765 ut
628 1710 834 1767 diceret
861 1726 948 1766 me
995 1712 1198 1767 crimen
1228 1712 1283 1766 in
1314 1711 1720 1784 Fredegundem
1766 1711 1905 1781 regi-

2008 496 2254 554 manibus
2286 507 2635 571 temperaret,
2670 504 2807 561 fidus
2831 509 3037 566 scilicet
3064 512 3171 569 doli
3200 529 3356 584 quem
3379 532 3591 590 praepa-

2007 599 2239 645 raverat.
2280 590 2341 645 in
2362 595 2592 651 crastina
2619 606 2795 655 autem
2828 599 2938 667 die,
2967 602 3021 657 id
3049 612 3131 660 est
3157 607 3364 666 sabbati
3392 610 3449 668 in
3473 611 3593 683 ipso

2007 681 2233 749 Pascha,
2267 684 2411 739 venit
2436 685 2727 746 Leudastes
2754 690 2809 745 in
2839 692 3025 749 urbem
3055 696 3402 771 Turonicam,
3445 681 3589 763 assi-

2006 774 2323 845 mulansque
2360 777 2504 835 aliud
2545 782 2817 853 negotium
2854 801 3043 859 agere,
3070 793 3437 863 apprehensos
3464 796 3589 857 Pla-

2010 872 2197 935 tonem,
2228 868 2661 930 archidiaconem
2705 885 2761 933 et
2788 876 3086 939 Gallienum
3115 886 3169 940 in
3208 887 3420 948 vincula
3460 904 3591 951 con-

2004 961 2201 1027 nectit;
2251 970 2633 1037 catenatosque
2673 982 2738 1025 ac
2775 981 2964 1029 exutos
3005 986 3157 1035 veste
3190 979 3343 1049 jubet
3386 996 3483 1041 eos
3520 984 3611 1043 ad.

2006 1056 2246 1126 reginam
2276 1057 2487 1117 deduci.
2523 1060 2648 1117 ιῐωο
2670 1077 2768 1133 ego
2792 1067 3035 1135 audiens,
3065 1070 3192 1129 dum
3232 1074 3286 1129 in
3315 1074 3476 1135 domo
3499 1092 3589 1136 ec-

2006 1144 2186 1201 clesiae
2207 1148 2500 1207 residerem
2527 1164 2772 1222 moestus,
2796 1157 3144 1231 turbatusque
3166 1163 3437 1235 ingressus
3458 1183 3586 1225 ora-

2006 1240 2236 1309 torium,
2268 1243 2515 1334 Davidici.
2535 1250 2791 1306 carminis
2820 1264 2977 1309 sumo
3014 1255 3241 1326 librum,
3289 1268 3349 1317 ut
3386 1262 3591 1322 scilicet

2007 1340 2227 1401 apertus
2256 1336 2490 1406 aliquem
2534 1342 2916 1400 consolationis
2952 1349 3276 1407 versiculum
3314 1352 3483 1412 daret.
3530 1354 3589 1412 In

2006 1437 2113 1494 quo
2143 1425 2216 1481 ita
2255 1437 2530 1498 repertum
2561 1441 2644 1487 est
2670 1449 2687 1488 :
2716 1432 2915 1491 Eduxit
2941 1453 3030 1493 eos
3074 1440 3126 1494 in
3154 1457 3279 1510 spe,
3322 1453 3371 1499 et
3397 1461 3500 1500 non
3523 1447 3589 1502 ti-

2007 1529 2243 1574 muerunt
2273 1536 2295 1577 :
2332 1532 2379 1578 et
2420 1525 2653 1583 inimicos
2698 1546 2873 1585 eorum
2920 1535 3119 1602 aperuit
3166 1551 3309 1592 mare
3348 1536 3585 1610 (Psalm.

2008 1625 2214 1677 uxvu.
2247 1614 2358 1685 55);
2401 1616 2607 1675 interea
2649 1620 2875 1693 ingressi
2901 1624 2953 1680 in
2994 1625 3219 1683 ﬂuvium
3251 1643 3416 1700 super
3456 1646 3611 1702 pou.-

2009 1707 2116 1792 tem
2145 1705 2235 1774 qui
2258 1706 2468 1764 duabus
2494 1709 2741 1768 lintribus
2768 1716 3081 1789 tenebatur,
3126 1720 3278 1776 navis
3304 1719 3423 1788 illa,
3465 1738 3588 1792 qua:

315 1815 441 1857 nam
481 1802 682 1860 dixisse
707 1820 720 1858 :
745 1817 991 1861 asserens
1016 1804 1062 1860 si
1090 1804 1500 1861 archidiaconus
1530 1819 1681 1859 meus
1723 1802 1900 1876 Plato,
1933 1792 1983 1855 B
2008 1790 2328 1854 Leudaste"!
2352 1800 2598 1870 vehebat.
2626 1803 2976 1876 demersum.
3002 1818 3054 1865 ει
3084 1810 3189 1865 ηίεί
3216 1813 3375 1869 nandi
3401 1790 3592 1874 ΐυίἐεθι

316 1902 411 1948 aut
453 1894 729 1952 Gallienus
758 1905 783 1935 ο
812 1896 1017 1953 amicus
1060 1904 1279 1965 noster,
1310 1898 1665 1955 subderentur
1690 1911 1865 1968 poenae
1884 1937 1907 1963 ,,

316 1989 701 2048 convincerent
730 2006 816 2048 me
846 1992 1028 2063 utique
1057 1991 1172 2061 haec
1199 1993 1455 2049 locutum.
1492 1992 1639 2075 Tunc
1668 2006 1761 2048 rex
1794 1992 1902 2046 ira-

317 2093 430 2151 tus,
464 2096 522 2141 ut
548 2100 711 2157 supra
752 2086 984 2144 diximus
1012 2086 1152 2161 (cap.
1179 2086 1306 2161 48),
1342 2088 1505 2158 jussit
1547 2102 1670 2145 eum
1711 2087 1902 2159 pugnis

317 2177 660 2250 calcibusque
686 2192 907 2249 caesum,
934 2188 1213 2236 oneratum
1238 2181 1442 2237 catenis
1467 2180 1672 2238 recludi
1699 2180 1752 2236 in
1783 2196 1902 2237 car-

318 2283 521 2326 cerem.
554 2270 685 2326 Nam
714 2270 979 2328 Riculfum
1007 2272 1258 2329 clericum
1281 2268 1308 2310 ἀ
1338 2288 1398 2330 se
1441 2272 1641 2330 habere
1665 2273 1905 2343 dicebat,

317 2376 417 2431 per
453 2378 611 2434 quem
663 2364 780 2422 haec
825 2364 1035 2422 locutus
1080 2358 1292 2422 fuisset.
1334 2365 1436 2422 Hie
1486 2381 1614 2423 vero
1659 2365 1905 2423 Riculfus

310 2454 714 2527 subdiaconus,
765 2458 927 2515 simili
976 2458 1191 2516 levitate
1228 2458 1538 2529 perfacilis,
1586 2465 1712 2515 ante
1758 2459 1905 2516 hunc

317 2562 519 2605 annum
554 2558 579 2587 ο
619 2549 845 2606 consilio
882 2565 1001 2607 cum
1050 2550 1316 2609 Leudaste
1362 2552 1431 2609 de
1473 2553 1574 2609 hac
1602 2568 1765 2611 causa
1806 2554 1903 2610 ha-

317 2640 458 2710 bito,
489 2656 681 2700 causas
720 2643 1030 2702 oll‘ensionis
1058 2646 1319 2716 requirit,
1358 2648 1549 2715 quibus
1575 2647 1784 2705 scilicet
1811 2662 1902 2706 me

316 2734 526 2791 otfcnso
553 2736 620 2791 ad
664 2735 983 2794 Leudastem
1013 2739 1297 2805 transiret;
1348 2748 1642 2811 nactusque
1680 2740 1897 2798 tandem

317 2827 495 2899 ipsum
520 2827 707 2895 adivit,
735 2842 800 2884 ac
840 2843 937 2899 per
964 2844 1177 2888 menses
1205 2840 1432 2903 quatuor
1474 2833 1612 2890 dolis
1650 2832 1901 2890 omnibus

319 2933 383 2974 ac
410 2918 724 2989 muscipulis
748 2922 1083 2991 praeparatis,
1116 2924 1183 2979 ad
1225 2939 1312 2980 me
1336 2939 1458 2980 cum
1486 2926 1604 2995 ipso
1634 2926 1901 2983 Leudaste

319 3011 631 3080 revertitur,
661 3011 958 3084 deprecans
979 3021 1039 3070 ut
1064 3028 1188 3070 eum
1214 3015 1439 3072 debeam
1471 3017 1711 3087 recipere
1733 3031 1899 3074 excu-

319 3110 514 3160 satum.
549 3103 709 3171 Feci,
747 3102 938 3172 fateor,
980 3114 1036 3161 et
1062 3107 1326 3163 occultum
1355 3107 1565 3163 hostem
1594 3108 1806 3179 publice
1843 3108 1899 3166 in

317 3197 535 3253 domum
576 3198 813 3269 suscepi.
855 3199 1172 3257 Discedente
1198 3215 1326 3258 vero
1354 3201 1653 3270 Leudaste,
1685 3204 1801 3274 ipse
1839 3218 1901 3262 se

318 3290 546 3358 pedibus
571 3291 707 3348 meis
734 3293 960 3362 sternit,
1000 3293 1187 3349 dicens
1211 3311 1227 3349 :
1255 3293 1367 3351 Nisi
1396 3308 1679 3352 succurras
1705 3298 1902 3355 veloci-

323 3388 425 3448 ter,
456 3381 724 3453 periturus
752 3398 896 3440 sum.
927 3382 1090 3455 Ecce,
1122 3384 1407 3457 instigante
1434 3387 1719 3458 Leudaste,
1750 3390 1901 3448 locu-

321 3482 407 3530 tus
435 3488 555 3533 sum
593 3476 734 3546 quod
765 3476 907 3548 loqui
950 3492 1059 3536 non
1087 3477 1268 3536 debui.
1305 3479 1459 3537 Nunc
1487 3496 1617 3539 vero
1654 3483 1775 3539 aliis
1812 3499 1901 3543 me

320 3566 504 3637 regnis
549 3566 764 3635 emitte;
796 3569 939 3639 quod
984 3570 1089 3625 nisi
1119 3570 1345 3639 feceris,
1376 3587 1407 3628 a
1435 3575 1701 3644 regalibus
1745 3591 1898 3635 com-

323 3661 653 3730 prehensus,
702 3662 955 3720 mortales
984 3676 1170 3734 parias
1208 3679 1327 3721 sum
1370 3667 1621 3726 luiturus.
1665 3667 1764 3726 Cui
1800 3685 1901 3742 ego

321 3753 409 3808 aio
444 3752 540 3810 :Si
580 3753 706 3824 quid
752 3754 1104 3826 incongruum
1147 3757 1340 3814 rationi
1386 3759 1575 3816 effatus
1601 3776 1691 3830 es,
1721 3776 1900 3821 sermo

322 3856 447 3902 tuus
478 3846 531 3901 in
556 3853 719 3918 caput
748 3854 895 3903 tuum
924 3848 1060 3914 erit;
1092 3862 1215 3904 nam
1242 3864 1342 3921 ego
1370 3851 1525 3909 alteri
1554 3854 1715 3925 263
1742 3863 1797 3911 te
1821 3870 1899 3912 re-

320 3953 429 4011 gno
468 3954 577 3995 non
604 3940 810 3997 mittam
830 3982 848 4009 ,
889 3955 960 3997 ne
985 3950 1264 4012 suspectus
1307 3942 1505 3999 habear
1538 3959 1720 4001 coram
1751 3960 1897 4016 rege.

318 4028 450 4086 Post
480 4030 581 4087 iata
612 4030 905 4088 Leudastes
931 4033 1136 4089 exstitit
1161 4044 1441 4090 accusator
1468 4036 1604 4106 ejus,
1630 4036 1815 4093 dicens
1838 4053 1901 4096 se

322 4135 599 4179 sermones
635 4122 747 4195 jam
785 4123 961 4181 dictos
1000 4138 1030 4178 a
1055 4123 1265 4182 Rieulfo
1301 4126 1512 4182 audisse
1548 4126 1898 4186 subdiacono.

320 4216 391 4270 At
420 4214 510 4272 ille
548 4218 741 4272 iterum
770 4217 1012 4285 vinctus,
1056 4217 1295 4273 relaxato
1320 4218 1613 4288 Leudaste,
1643 4223 1902 4281 custodite

321 4306 613 4377 deputatur
630 4347 647 4375 ,
673 4308 856 4365 dicens
882 4309 1185 4365 Gallienum
1214 4309 1398 4366 eadem
1425 4310 1514 4368 die
1541 4323 1596 4368 et
1625 4314 1902 4375 Platonem

321 4401 755 4460 archidiaconem
782 4400 801 4440 ί
835 4401 995 4459 fuisse
1027 4412 1314 4474 praesentes
1334 4444 1351 4473 ,
1381 4418 1502 4460 cum
1544 4406 1659 4465 hmo
1684 4417 1766 4465 est
1790 4410 1903 4481 epi-

321 4508 520 4565 scopus
567 4494 829 4552 elocutus.
880 4495 986 4552 Sed
1024 4496 1264 4553 Ricull‘us
1304 4497 1616 4570 presbyter,
1666 4501 1755 4571 qui
1789 4502 1903 4572 jam

325 4586 735 4657 promissionem
765 4586 831 4642 de
859 4587 1168 4658 episcopatu
1194 4603 1223 4643 a
1255 4588 1518 4646 Leudaste
1560 4591 1817 4662 habebat,
1850 4595 1904 4649 in

320 4664 531 4737 tantum
553 4678 722 4737 elatus
749 4679 937 4746 fuerat,
962 4678 1166 4752 utMagi
1190 4681 1422 4739 Simonis
1442 4682 1705 4754 superbire
1727 4699 1904 4756 aequa-

326 4782 494 4829 retur.
522 4770 625 4842 Qui
658 4771 815 4829 tertio
858 4780 953 4828 aut
978 4786 1043 4828 eo
1071 4772 1297 4842 amplius
1336 4773 1469 4829 mihi
1511 4784 1904 4833 sacramentum

323 4880 486 4937 super
513 4867 818 4937 sepulcrum
846 4865 1014 4922 sancti
1043 4866 1255 4923 Martini
1282 4866 1525 4938 dederat,
1554 4869 1610 4925 in
1633 4868 1722 4925 die
1747 4875 1906 4926 sexta

403 5052 428 5081 α
471 5042 528 5098 ld
559 5052 638 5101 est
673 5052 934 5116 tapetem,
970 5058 1087 5116 quo
1115 5044 1257 5099 beati
1304 5046 1559 5100 antistitis
1606 5048 1910 5115 sepulcrum

328 5116 624 5186 tegebatur,
667 5114 785 5187 quae
814 5130 915 5171 vox
961 5114 1272 5184 frequenter
1303 5116 1440 5186 apud
1472 5114 1784 5185 Gregorium
1816 5132 1909 5174 oc-

325 5188 511 5245 currit.

396 5256 425 5295 δ
471 5258 580 5335 l_loc
608 5264 767 5335 caput
790 5256 1019 5335 dee_st_in
1048 5254 1209 5335 Corb:
1247 5265 1299 5335 et
1329 5255 1480 5311 Colb.
1570 5326 1584 5335 _

401 5336 423 5366 ε
464 5326 599 5385 Cod.
629 5326 839 5393 Regum,
872 5327 1164 5393 Ioz'slcnus;
1197 5327 1333 5381 intra
1366 5336 1538 5383 tamen
1569 5326 1621 5382 in
1652 5327 1773 5383 eod.
1819 5341 1910 5385 co-

325 5400 447 5457 dice
474 5398 671 5455 dicitur
694 5398 979 5455 Gallienus.

400 5470 425 5510 4
466 5468 677 5539 Regm.,
728 5472 1090 5540 presbyterum.

401 5542 623 5612 e;Bad.,
667 5538 783 5595 ante
817 5538 908 5595 Iio'c
938 5559 1093 5607 (timo,
1127 5542 1417 5595 mutatione
1447 5552 1662 5595 casuum
1706 5538 1908 5612 Grego-

327 5614 411 5670 rio
440 5610 708 5665 familiari.

408 5684 426 5721 ¹
472 5682 563 5737 Szc
603 5683 826 5749 Regm.;
860 5682 1019 5749 θέλει,
1062 5684 1507 5747 archidiaronnm;
1554 5682 1731 5735 Cretcri
1785 5697 1903 5738 cum

333 5752 486 5815 Bec..
512 5752 916 5807 archidiaconos.
946 5754 1213 5810 Gallienus.
1248 5764 1419 5808 tamen
1454 5769 1609 5823 supra
1643 5770 1742 5807 min
1774 5756 1904 5809 iiici-
1952 5810 1957 5817 _

1929 4549 1982 4613 ι)

2006 1886 2332 1946 adminiculo
2363 1892 2645 1963 liberatus,
2675 1910 2799 1953 cum
2840 1900 3002 1956 sociis
3030 1902 3256 1960 forsitan
3292 1903 3587 1965 interisset.

2004 1976 2164 2038 Navis
2185 1996 2312 2039 vero
2335 1984 2460 2055 alia,
2485 2000 2605 2056 qua:
2631 1989 2755 2045 huic
2783 1989 2979 2048 innexa
3004 2003 3137 2063 erat,
3162 2010 3282 2066 quae
3300 2004 3356 2054 et
3381 1997 3605 2059 vinctos

2002 2074 2261 2142 vehebat,
2287 2092 2447 2148 super
2489 2094 2684 2152 aquas,
2736 2082 2831 2141 Dei
2858 2087 3095 2156 auxilio,
3136 2089 3395 2147 elevatur.
3425 2091 3591 2164 Igitur

2004 2164 2221 2222 deducti
2253 2168 2317 2223 ad
2361 2184 2541 2241 regem
2572 2173 2663 2244 qui
2691 2174 2852 2232 vincti
2881 2177 3129 2248 fuerant,
3171 2181 3590 2241 incusanturin-

2005 2268 2240 2341 stanter,
2268 2270 2326 2317 ut
2354 2264 2565 2336 capitali
2591 2270 2854 2327 sententia
2893 2271 3193 2329 finirentur.
3230 2274 3336 2331 Sed
3363 2290 3460 2333 rex
3496 2292 3587 2334 re-

2004 2352 2265 2425 cogitans,
2294 2355 2569 2414 absolutos
2596 2372 2627 2413 a
2653 2360 2861 2417 vinculo
2888 2362 2944 2419 in
2982 2364 3151 2420 libera
3182 2366 3423 2423 custodia
3452 2378 3478 2417 ε
3505 2384 3590 2429 re—

2001 2455 2183 2501 servat
2210 2448 2428 2504 illaesos.
2461 2450 2543 2505 Ad
2584 2451 2854 2509 civitatem
2896 2469 3025 2511 vero
3053 2455 3375 2515 Turonicam
3403 2459 3588 2518 Berul-

2003 2533 2089 2594 fus
2116 2538 2223 2594 dux
2247 2536 2277 2575 ιλ
2305 2554 2427 2595 cum
2451 2542 2714 2599 Eunomia
2740 2547 2937 2603 comite
2967 2548 3199 2605 fabulam
3225 2550 3397 2623 ﬁngit,
3446 2554 3588 2625 quod

2003 2627 2440 2690 Guntchramnus
2479 2650 2574 2691 rex
2602 2651 2797 2708 capere
2838 2639 3003 2697 vellet
3029 2640 3352 2700 Turonicatn
3391 2645 3587 2703 civita-

2002 2730 2151 2793 tem;
2197 2734 2254 2783 et
2301 2727 2501 2785 ideirco
2544 2746 2613 2787 ne
2657 2731 2835 2803 aliqua
2890 2733 3216 2809 negligentia
3258 2740 3585 2800 accederet:

2004 2818 2170 2897 264
2196 2819 2449 2891 Oportet,
2491 2823 2598 2892 ait,
2631 2824 2814 2893 urbem
2842 2828 3082 2883 custodia
3109 2831 3435 2902 consignari.
3482 2834 3587 2892 Po-

1984 2922 2140 2999 nunt
2180 2914 2348 2983 portis
2377 2914 2561 2972 dolose
2588 2918 2873 2986 custodes,
2915 2920 3005 2989 qui
3036 2921 3306 2978 civitatem
3336 2924 3475 2983 tueri
3502 2940 3590 2983 ast

2001 3008 2344 3077 simulantes,
2371 3023 2458 3066 me
2486 3010 2666 3081 utique
2694 3012 3044 3070 custodirent.
3075 3015 3295 3073 Mittunt
3317 3019 3478 3075 etiam
3499 3021 3589 3091 qui

2002 3101 2136 3158 mibi
2179 3103 2464 3160 consilium
2509 3106 2919 3181 ministrarent,
2966 3116 3027 3165 ut
3055 3112 3265 3169 occulte
3302 3116 3591 3185 assumptis

1925 3172 1975 3239 (ἶ
2004 3193 2321 3279 melioribus
2346 3198 2509 3255 rebus
2535 3199 2777 3257 ecclesiae
2801 3239 2819 3267 ,
2865 3201 3168 3260 Arvernum
3214 3202 3339 3277 fuga
3367 3208 3590 3265 secede-

2002 3290 2283 3347 rem:sed
2322 3306 2430 3348 non
2459 3293 2720 3363 acquievi.
2770 3292 2934 3365 igitur
2984 3310 3080 3352 rex
3118 3298 3394 3355 arcessitis
3438 3301 3590 3371 regni

2001 3382 2087 3441 sui
2110 3384 2400 3453 episcopis,
2428 3398 2645 3441 causam
2674 3385 2963 3456 diligenter
2987 3387 3151 3458 jussit
3179 3389 3407 3460 exquiri.
3430 3387 3589 3448 Cum-

2000 3490 2109 3546 que
2135 3476 2375 3534 Riculfus
2403 3477 2630 3534 clericus
2668 3480 2863 3548 saepius
2890 3480 3250 3538 discuteretur
3276 3484 3503 3550 occulte,
3538 3493 3593 3542 ct

2001 3577 2190 3627 contra
2233 3585 2320 3627 me
2350 3572 2433 3628 vel
2468 3586 2617 3627 meos
2665 3572 2862 3628 multas
2904 3571 3137 3629 fallacias
3188 3576 3548 3647 promulgaret
3573 3620 3587 3642 ,

2002 3660 2273 3718 Modestus
2301 3662 2517 3731 quidam
2561 3664 2709 3719 faber
2738 3663 2996 3735 lignarios
3024 3666 3096 3719 ait
3124 3664 3193 3721 ad
3229 3679 3351 3722 eum
3390 3682 3404 3722 :
3437 3664 3479 3722 Ο
3510 3666 3591 3719 in-

2001 3752 2166 3821 felix,
2198 3755 2290 3825 qui
2328 3763 2514 3810 contra
2538 3756 2854 3831 episcopum
2888 3764 3034 3811 tuum
3068 3766 3173 3812 tam
3203 3759 3591 3814 contumaciter

2002 3845 2108 3902 ista
2135 3846 2444 3903 meditaris!
2472 3848 2647 3903 Satius
2680 3848 2773 3902 tibi
2800 3856 2914 3903 erat
2938 3846 3119 3915 silere,
3158 3859 3209 3904 et
3235 3851 3399 3919 petita
3440 3851 3591 3907 venia

2002 3937 2244 4009 episcOpi
2291 3938 2512 4011 gratiam
2560 3942 2892 4009 impetrares.
2937 3942 3017 3997 Ad
3067 3942 3180 3996 haec
3227 3943 3319 3997 ille
3362 3943 3592 4000 clamare

2003 4032 2168 4099 coepit
2197 4043 2330 4085 voce
2359 4045 2546 4100 magna
2569 4072 2584 4097 ,
2617 4045 2681 4085 ac
2728 4016 2947 4086 dicere;
2982 4032 3063 4085 En
3094 4032 3267 4101 ipsum
3290 4072 3306 4100 ,
3340 4034 3427 4102 qui
3458 4034 3589 4089 mihi

2004 4120 2276 4177 silentium
2301 4120 2509 4190 indicit,
2538 4137 2604 4175 ne
2631 4108 2924 4191 prosequar
2952 4123 3262 4190 veritatem;
3296 4139 3363 4180 cn
3390 4127 3588 4194 reginae

2004 4212 2306 4280 inimicum,
2335 4213 2425 4283 qui
2451 4228 2664 4270 causam
2690 4214 2928 4271 criminis
2949 4216 3064 4285 ejus
3090 4229 3195 4271 non
3223 4218 3347 4273 sinit
3368 4216 3585 4287 inquiri.

2004 4307 2325 4363 Nuntiantur
2353 4308 2595 4377 protinus
2621 4309 2734 4363 haec
2761 4310 2982 4378 reginae.
3011 4309 3448 4389 Apprelienditur
3477 4310 3589 4365 Μο-

2006 4400 2221 4469 destus,
2268 4409 2564 4472 torquetur,
2614 4401 2940 4472 ﬂagellatur;
2983 4410 3037 4456 et
3078 4401 3131 4456 in
3177 4402 3392 4457 vincula
3436 4416 3589 4457 com-

2008 4503 2193 4565 pactus
2221 4494 2478 4559 custodite
2516 4495 2821 4563 deputatur.
2868 4492 3107 4563 Cumque
3144 4493 3283 4549 inter
3328 4492 3462 4549 duos
3491 4506 3587 4549 cu~

2008 4588 2189 4645 stodes
2218 4587 2421 4643 catenis
2450 4597 2502 4641 et
2540 4588 2592 4640 in
2624 4586 2781 4655 cippo
2807 4592 3075 4640 teneretur
3122 4586 3331 4640 vinctus
3352 4625 3370 4649 ,
3410 4584 3590 4642 media

2007 4688 2170 4736 nocte
2196 4678 2583 4735 dormientibus
2620 4678 2931 4733 custodibus
2956 4717 2980 4744 ,
3022 4678 3316 4733 orationem
3345 4674 3480 4730 fudit
3519 4676 3591 4732 ad

2010 4775 2319 4839 Dominum,
2354 4780 2410 4827 ut
2438 4771 2742 4843 dignaretur
2766 4769 2881 4839 ejus
2910 4770 3148 4839 potentia
3178 4770 3431 4825 miserum
3456 4765 3593 4822 visi~

2011 4875 2159 4932 tare;
2205 4872 2258 4921 et
2301 4866 2389 4934 qui
2423 4864 2678 4918 innocens
2706 4860 2988 4932 colligatus
3032 4860 3237 4929 fuerat,
3285 4857 3589 4916 visitatione

2016 5057 2102 5105 tur
2141 5047 2582 5125 archidiaconus;
2630 5046 2769 5125 unde
2814 5059 2879 5125 εξ
2927 5044 3031 5099 hoc
3080 5043 3200 5125 loco
3248 5041 3589 5125 inferrentm

2016 5120 2142 5176 licet
2200 5120 2380 5192 plures
2439 5119 2516 5192 in‘
2547 5110 2772 5192 ecclesia
2831 5114 3130 5170 Turonensi
3186 5110 3591 5192 anelli-diaconos

2015 5202 2141 5245 tunc
2173 5179 2458 5244 exstitisse.
2492 5186 2911 5241 Archidiaconos
2940 5190 3199 5251 memorat
3227 5180 3286 5240 S.
3316 5179 3589 5251 Remigius

2014 5264 2068 5318 in
2099 5263 2257 5331 epist.
2294 5257 2357 5333 ad
2402 5255 2709 5333 Ealconem.
2734 5256 2905 5333 fleto
2934 5263 3119 5333 postea
3162 5250 3284 5333 fuit;
3303 5250 3589 5333 episcopus

2015 5308 2375 5395 iiic'ié’ilaiisis',
2402 5308 2708 5398 δεξίᾷὑῦᾞᾶ
2732 5308 2824 5381 lib.
2858 5340 2910 5378 iV
2937 5308 3005 5380 de
3030 5323 3209 5378 Mirac.
3251 5308 3311 5379 Β.
3335 5308 3591 5391 Martini,

2013 5402 2251 5475 cap-,5?-
2543 5471 2574 5475 __
2850 5424 2983 5475 :.,
3534 5461 3548 5475 .

2079 5420 2130 5522 Β.
2154 5420 2342 5528 [filiam
2371 5471 2610 5528 custodia
2658 5468 2757 5521 dici
2788 5466 3030 5532 solebat,
3077 5479 3195 5520 cum
3225 5478 3348 5521 reus
3394 5476 3503 5517 non
3534 5461 3589 5520 in

2012 5561 2257 5607 carcere,
2290 5544 2381 5597 sed
2432 5538 2757 5610 magistratui
2791 5537 3169 5592 cusmdiendus
3215 5533 3591 5589 committeba-

2014 5630 2128 5675 tur,
2162 5625 2249 5668 aut
2281 5628 2425 5666 ruite
2456 5609 2663 5681 quando
2714 5609 2889 5663 mitius
2921 5610 3172 5677 agebatur
3208 5620 3444 5681 cumru.

2083 5686 2106 5711 τ·
2155 5687 2225 5737 De
2278 5678 2486 5737 iicrulfn
2534 5681 2705 5735 adhic
2748 5681 2939 5736 ('(mi'e
2986 5682 3300 5735 l"ortunatus
3338 5678 3431 5731 lib.
3475 5687 3585 5742 Im,

2014 5776 2173 5811 (Ell'lit.
2218 5756 2295 5808 lii.

2392 5906 2419 5925 α
