4096 6344
542 309 649 374 567

542 524 717 595 ruptis
742 524 990 592 vinculis,
1020 526 1291 583 confracto
1320 530 1511 599 cippo,
1543 544 1782 589 reserato
1813 537 1972 604 ostio,
2003 553 2133 594 san-

545 616 620 671 cti
647 615 883 673 Medardi
911 618 1182 674 basilicam
1216 632 1371 677 nocte
1401 623 1553 679 nobis
1581 625 1923 695 vigilantibus
1947 631 2136 686 introi-

547 710 622 765 vit
650 720 696 764 ει.
722 711 1038 782 congregati
1070 712 1227 783 igitur
1253 715 1395 784 apud
1443 719 1778 776 Brennacum
1807 719 1990 779 villam
2022 726 2136 796 epi-

543 801 731 872 seOpi,
778 803 834 858 in
874 818 1035 859 unant
1065 804 1284 861 domum
1313 808 1552 866 residere
1575 811 1713 881 jussi
1745 824 1890 893 sunt.
1924 817 2131 875 Dehinc

545 893 862 950 adveniente
901 910 1047 966 rege,
1079 894 1201 952 data
1241 900 1494 957 omnibus
1514 903 1855 975 salutatione,
1876 923 1939 963 ac
1966 908 2132 967 bene-

540 983 772 1042 dictione
792 998 1028 1056 accepta,
1062 990 1281 1047 resedit.
1311 991 1461 1049 Tunc
1492 994 1913 1055 Bertchramnus
1938 1001 2135 1060 Borde-

539 1076 771 1146 galensis
796 1078 1028 1134 civitatis
1057 1081 1372 1152 episcopus,
1412 1084 1499 1139 cui
1524 1086 1624 1143 hoc
1661 1104 1783 1144 cum
1816 1095 2003 1162 regina
2026 1096 2131 1151 cri-

542 1181 665 1221 men
694 1167 977 1238 impactum
1004 1171 1200 1241 fuerat,
1222 1189 1439 1229 causam
1465 1180 1735 1247 proponit,
1756 1197 1945 1252 meque
1966 1185 2133 1241 inter-

538 1256 724 1328 pellat,
739 1257 924 1315 dicens
944 1277 973 1314 a
991 1277 1076 1316 me
1091 1264 1189 1317 sibi
1208 1280 1269 1321 ac
1282 1267 1480 1335 regina:
1500 1270 1702 1326 crimen
1716 1273 1982 1343 objectum
1994 1320 2007 1333 .
2026 1278 2132 1335 Ne-

538 1352 660 1420 gavi
679 1367 780 1424 ego
795 1353 851 1408 in
867 1356 1093 1413 veritate
1109 1372 1194 1413 me
1213 1359 1325 1416 haec
1339 1361 1603 1431 locutum;
1626 1368 1903 1425 etaudisse
1914 1371 2129 1440 quidem

537 1446 657 1504 haec
694 1449 852 1517 alios,
896 1467 981 1507 me
1028 1469 1135 1509 non
1165 1458 1518 1527 excogitasse.
1553 1461 1682 1516 Nam
1724 1473 1878 1519 extra
1912 1467 2129 1525 domum

532 1558 722 1601 rumor
758 1547 811 1601 in
843 1549 1037 1616 populo
1063 1566 1284 1620 magnus
1311 1563 1427 1608 erat
1448 1596 1465 1622 ,
1494 1556 1783 1615 dicentium
1822 1579 1835 1615 :
1866 1560 1975 1617 Cur
1995 1564 2129 1641 .hmc

530 1648 695 1705 super
715 1639 1047 1694 sacerdotem
1074 1641 1166 1695 Dei
1193 1645 1563 1711 objiciuntur?
1583 1664 1679 1704 cur
1701 1654 1826 1707 talia
1858 1669 1947 1710 rex
1969 1639 2128 1727 265

437 1727 441 1732 Α
530 1730 905 1800 prosequitur?
932 1735 1165 1803 nunquid
1194 1738 1364 1805 potuit
1388 1741 1672 1812 episcopus
1694 1745 1816 1799 talia
1840 1746 2021 1803 dicere
2044 1752 2128 1805 vel

1544 323 1602 380 S.
1647 322 1987 384 GREGORII
2026 326 2334 391 EPISCOPI
2372 332 2807 399 TURONENSIS

543 430 760 488 Martini
789 432 1034 503 praesulis
1062 446 1124 492 ac
1155 433 1389 491 Medardi
1430 436 1828 498 absolveretur.
1872 444 1989 499 Mox
2019 447 2129 501 dis—
2156 449 2209 509 Α
2240 455 2479 522 expetiit.
2514 456 2619 514 Sed
2662 475 2783 515 cum
2811 461 3048 519 audisset
3086 464 3323 523 edictum
3350 471 3521 542 regis,

3738 354 3850 416 368

3565 484 3626 530 ut
3656 476 3712 531 in
3742 492 3848 536 suo

2239 560 2407 615 regno
2437 563 2466 601 a
2502 551 2649 605 nullo
2681 552 3053 623 colligeretur;
3088 568 3143 612 et
3174 564 3469 628 praesertim
3519 568 3663 637 quod
3696 545 3858 630 (llius!

2238 645 2382 715 ejus,
2414 661 2571 716 quem
2617 653 2757 706 domi
2808 654 3130 726 reliquerat,
3164 659 3384 715 obiisset
3411 708 3426 731 ,
3476 664 3709 723 Turonis
3740 688 3845 727 oc-

2239 739 2382 792 culte
2409 741 2571 810 266
2610 745 2832 800 veniens
2854 786 2868 812 ,
2897 762 3016 815 qua:
3044 751 3248 818 optima
3280 755 3467 811 habuit
3512 760 3569 814 in
3598 761 3847 822 Biturico

2238 833 2588 899 tranSposuit.
2632 833 3088 907 Prosequentibus
3126 856 3254 897 vero
3305 846 3573 914 regalibus
3609 855 3799 921 pueris
3826 898 3843 924 ,

2236 919 2352 990 ipse
2396 936 2493 991 per
2518 924 2695 995 fugam
2740 927 2958 986 labitur.
2998 931 3163 1001 Capta
3209 951 3421 1007 quoque
3459 919 3752 1015 uxorﬁejus
3786 919 3843 1005 in

2236 1027 2427 1083 pagum
2458 1016 2853 1075 Tornacensem
2895 1024 3085 1078 exsilio
3114 1030 3431 1086 retruditnr.
3483 1035 3550 1089 At
3592 1036 3845 1097 Riculqu

2234 1108 2463 1166 clericus
2488 1113 2556 1167 ad
2598 1114 3025 1174 interficiendum
3055 1120 3371 1192 deputatur,
3417 1142 3513 1196 pro
3541 1130 3697 1200 cujus
3725 1134 3843 1190 vita

2236 1199 2327 1255 vix
2355 1202 2560 1259 obtinui
2584 1222 2599 1261 :
2630 1216 2807 1264 tamen
2836 1209 2904 1265 de
2932 1214 3215 1270 tormentis
3242 1232 3501 1276 excusare
3522 1238 3627 1276 non
3656 1228 3838 1296 potui.

2233 1294 2365 1351 Nam
2397 1298 2540 1355 nulla
2562 1316 2669 1367 res,
2699 1304 2899 1359 nullum
2931 1308 3206 1366 metallum
3238 1321 3379 1367 tanta
3408 1318 3629 1374 verbera
3660 1294 3843 1390 potuit

2235 1392 2517 1456 sustinere,
2551 1394 2689 1451 sicut
2719 1396 2807 1454 hic
2836 1399 3192 1459 miserrimus.
3226 1406 3310 1463 Ab
3338 1407 3469 1465 hora
3501 1413 3655 1469 tertia
3704 1416 3836 1485 diei,

2236 1484 2486 1541 revinctis
2518 1498 2636 1556 post
2674 1500 2879 1562 tergum
2912 1496 3161 1553 manibus
3187 1539 3203 1565 ,
3256 1516 3549 1572 suspensus
3579 1508 3643 1562 ad
3674 1484 3840 1567 arbo—

2233 1590 2346 1632 rem
2378 1578 2749 1650 dependebat;
2792 1584 2860 1639 ad
2889 1585 3074 1644 horam
3123 1607 3252 1648 vero
3281 1611 3477 1653 nonam
3519 1599 3835 1673 depositus,

2234 1677 2486 1725 extensus
2520 1674 2585 1725 ad
2618 1676 2844 1731 trocleas
2871 1679 3181 1736 medebatur
3226 1684 3488 1755 fustibus,
3536 1693 3737 1763 virgis,
3770 1712 3837 1753 ac

2234 1757 2362 1814 loris
2392 1760 2713 1833 duplicibus,
2746 1776 2803 1823 et
2828 1784 2935 1826 non
2964 1772 3032 1826 ab
3060 1789 3166 1829 uno
3195 1776 3276 1831 vel
3306 1779 3532 1847 duobus,
3578 1757 3673 1839 sed
3701 1757 3836 1858 quot

2466 1822 2482 1833 ,
2699 1822 2713 1832 ,
2762 1822 2765 1823 ν
2830 1822 2862 1824 -_
2906 1822 2935 1826 _-
2966 1822 3026 1826 η
3063 1822 3161 1829 _---
3204 1822 3276 1831 .-.
3308 1822 3532 1847 ne-.."
3578 1822 3672 1839 συ..
3701 1822 3835 1858 quo.

531 1822 601 1879 de
630 1826 818 1879 servo?
851 1826 985 1891 Heu,
1016 1828 1119 1883 heu
1149 1831 1161 1883 !
1198 1830 1420 1888 Domine
1451 1834 1612 1901 Deus,
1646 1838 1841 1908 largire
1871 1841 2128 1899 auxilium
2159 1844 2208 1907 B
2232 1854 2493 1910 accedere
2522 1859 2663 1913 circa
2697 1861 2925 1918 miseros
2955 1866 3254 1932 potuissent
3276 1882 3445 1936 artus,
3480 1885 3559 1930 tot
3596 1892 3835 1936 crsores

526 1928 686 1971 servo
715 1918 838 1971 tuo!
882 1919 991 1973 llex
1022 1930 1202 1976 antem
1233 1922 1443 1980 dicebat
1468 1942 1482 1980 :
1509 1926 1722 1983 Crimen
1754 1934 1935 1988 uxoris
1965 1949 2120 2003 mea,

526 2021 705 2063 meum
734 2008 961 2066 habetur
1000 2015 1365 2083 opprobrium.
1400 2016 1458 2074 Si
1487 2034 1614 2089 ergo
1642 2026 1875 2081 censetis
1896 2066 1911 2094 ,
1941 2036 2001 2083 ut
2028 2046 2121 2084 su-

526 2116 624 2169 per
680 2103 987 2173 episcopum
1048 2118 1211 2165 testcs
1258 2110 1644 2183 adhibeantur,
1710 2133 1839 2175 ecce
1901 2121 2114 2178 adsunt.

523 2192 682 2248 Certe
704 2196 746 2248 si
770 2197 981 2252 videtur
1005 2208 1063 2252 ut
1089 2200 1202 2256 haec
1224 2217 1329 2257 non
1359 2204 1509 2270 fiant,
1536 2214 1589 2260 et
1612 2207 1664 2261 in
1695 2209 1855 2266 fidem
1877 2214 2115 2284 episcopi

522 2287 961 2355 committantur,
1011 2286 1209 2348 dicite':
1241 2295 1466 2351 libenter
1494 2299 1706 2355 audiam
1739 2319 1856 2371 qua:
1895 2305 2114 2376 jubetis.

520 2378 695 2436 Mirati
743 2392 867 2437 sunt
897 2399 1085 2440 omnes
1114 2388 1255 2456 regis
1302 2391 1635 2455 prudentiam
1682 2396 1764 2451 vel
1805 2400 2117 2467 patientiam

518 2476 698 2532 simul.
729 2478 877 2534 Tunc
917 2482 1124 2536 eunetis
1153 2483 1455 2541 dicentibus
1483 2503 1499 2541 :
1533 2487 1647 2543 Non
1680 2500 1857 2561 potest
1890 2510 2117 2563 persona

516 2566 741 2624 inferior
762 2585 924 2639 super
946 2574 1276 2631 sacerdOIem
1302 2579 1469 2644 credi,
1499 2581 1695 2636 restitit
1715 2584 1779 2637 ad
1808 2587 1906 2639 hoc
1928 2602 2112 2656 causa,

516 2670 576 2716 ut
604 2662 762 2718 dictis
783 2663 957 2720 Missis
978 2708 993 2732 ,
1027 2668 1079 2720 in
1127 2668 1296 2723 tribus
1324 2671 1583 2726 altaribus
1612 2690 1696 2727 me
1724 2676 1790 2729 de
1820 2676 1905 2732 his
1937 2680 2116 2738 verbis

516 2768 769 2809 exuerent
820 2769 1155 2815 sacramento
1190 2759 1241 2816 ι’.
1294 2762 1363 2817 Ει
1417 2765 1543 2819 licet
1589 2768 1885 2823 canonibus
1934 2782 2114 2827 essent

514 2847 779 2909 contraria
801 2892 815 2912 ,
866 2866 961 2918 pro
989 2867 1149 2905 causa
1183 2861 1357 2907 tamen
1394 2860 1534 2923 regis
1565 2858 1779 2925 impleta
1813 2870 1956 2917 sunt.
2006 2865 2111 2918 Sed

513 2956 614 2995 nec
644 2942 743 2997 hoc
772 2944 922 3008 sileo,
953 2946 1091 3014 quod
1125 2945 1408 3015 Rigunthis
1439 2960 1459 2989 ο
1493 2952 1673 3022 regina
1705 2953 1996 3009 condolens
2018 2957 2112 3011 do-

508 3032 714 3088 loribus
744 3037 896 3103 meis,
921 3036 1183 3106 jejunium
1214 3053 1334 3093 cum
1362 3043 1509 3096 omni
1539 3044 1699 3098 domo
1737 3062 1834 3100 sua
1864 3049 2107 3103 celebra-

436 3168 439 3171 _
507 3125 602 3191 vit,
634 3141 909 3197 quousque
941 3146 1072 3198 puer
1103 3133 1369 3186 nuntiaret
1404 3150 1489 3189 me
1516 3139 1695 3189 omnia
1725 3140 1805 3193 sic
1838 3141 2104 3208 implesse,

2227 1957 2400 2002 erant.
2431 1948 2563 2005 Cum
2590 1962 2765 2008 autem
2792 1954 2904 2025 jam
2929 1957 2982 2012 in
3015 1952 3328 2019 discrimine
3354 1976 3520 2029 esset,
3548 1978 3673 2025 tunc
3702 1986 3835 2041 ape-

2226 2039 2333 2094 ruit
2358 2044 2640 2100 veritatem
2660 2088 2676 2111 ,
2720 2057 2775 2102 et
2802 2063 2996 2104 arcana
3028 2052 3138 2108 doli
3169 2055 3381 2123 publice
3426 2059 3698 2127 patefecit.
3736 2039 3831 2118 Di-

2226 2132 2383 2188 cebat
2409 2136 2553 2190 enim
2581 2138 2650 2193 ob
2673 2137 2774 2194 hoc
2803 2142 3002 2211 regina
3022 2145 3226 2200 crimen
3258 2147 3548 2217 objectum,
3572 2162 3630 2206 ut
3650 2153 3829 2223 ejecta

2224 2224 2292 2280 de
2322 2241 2486 2297 regno
2505 2268 2522 2295 ,
2575 2228 2872 2288 interfectis
2919 2233 3195 2305 fratribus,
3225 2254 3255 2293 a
3284 2250 3439 2310 patre
3464 2241 3490 2279 δ
3521 2245 3827 2304 Cblodove—

2224 2319 2357 2373 chus
2403 2335 2623 2391 regnum
2654 2324 2952 2393 acciperet,
2993 2327 3289 2387 Leudastes
3315 2333 3567 2391 ducatum
3587 2376 3602 2402 ,
3635 2338 3825 2396 Ricul-

2221 2406 2305 2463 fus
2334 2425 2461 2466 vero
2487 2414 2785 2485 presbyter,
2815 2419 2904 2488 qui
2931 2419 3041 2489 jam
3072 2435 3102 2475 a
3132 2430 3374 2494 tempore
3403 2427 3543 2482 beati
3577 2429 3822 2489 Eufronii

2221 2501 2459 2571 episcopi
2508 2506 2712 2562 amicus
2738 2520 2857 2564 erat
2886 2509 3276 2583 Chlodovecbi,
3312 2519 3681 2590 episcOpatth
3714 2525 3820 2580 Tu-

2220 2596 2465 2651 ronicum
2495 2599 2742 2666 ambiret,
2776 2603 2899 2658 huic
2927 2604 3139 2662 Riculfo
3159 2610 3354 2666 clerico
3375 2613 3816 2673 archidiaconatu

2220 2689 2506 2756 promisso.
2542 2690 2650 2745 Nos
2679 2709 2834 2757 vero.
2859 2710 2981 2751 cum
3014 2698 3105 2754 Dei
3134 2703 3304 2773 gratia
3327 2703 3558 2762 Turonis
3587 2711 3813 2777 reversi,

2220 2780 2525 2838 invenimus
2548 2787 2828 2842 ecclesiam
2854 2795 3223 2849 conturbatam
3253 2812 3351 2867 per
3374 2798 3638 2857 Riculfutn
3664 2821 3813 2872 pres-

2218 2875 2501 2946 byterum;
2551 2894 2672 2933 nam
2720 2881 2808 2936 hic
2837 2885 2935 2939 sub
2965 2884 3221 2943 Eufronio
3265 2892 3517 2963 episcopo
3558 2896 3627 2951 de
3673 2913 3812 2967 pau-

2216 2968 2435 3035 peribus
2498 2985 2857 3043 provocatus,
2920 2978 3328 3039 archidiaconus
3378 2988 3650 3044 ordinatus
3703 3002 3808 3046 est.

2216 3060 2420 3115 Exinde
2461 3064 2527 3117 ad
2570 3066 2962 3147 presbyterium
2994 3072 3271 3141 admotus,
3307 3080 3531 3134 recessit
3568 3080 3633 3135 ad
3684 3099 3806 3150 pro.

2216 3154 2328 3220 pria
2354 3195 2368 3219 ,
2410 3169 2624 3225 semper
2662 3160 2870 3225 elatus,
2918 3162 3169 3233 inflatus,
3225 3180 3681 3239 praesnmptnosus
3725 3186 3749 3214 ⁸
3789 3196 3802 3232 :

506 3229 563 3273 ut
594 3221 805 3275 fuerant
836 3222 1096 3279 instituta.
1134 3225 1297 3293 Igitur
1335 3230 1562 3297 regressi
1591 3232 1897 3287 sacerdotes
1928 3235 1993 3287 atl
2023 3251 2106 3292 re-
2136 3234 2181 3297 C
2212 3262 2333 3301 nam
2385 3265 2470 3303 me
2501 3253 2677 3308 adhuc
2726 3268 3095 3314 commoraan
3134 3278 3252 3315 cum
3296 3280 3422 3333 rege
3443 3306 3457 3329 ’
3491 3265 3608 3331 ινα,
3654 3272 3803 3337 quasi

506 3327 623 3337 an.“
708 3313 849 3337 -2“.-.
881 3330 893 3337 .
929 3314 1019 3337 l....
1045 3316 1142 3337 L-.-
1196 3331 1254 3337 ..η
1301 3328 1313 3337 .
1372 3334 1391 3337 ._
1418 3319 1533 3337 “"9,
1624 3321 1635 3337 I
1756 3322 1767 3333 ι

505 3327 660 3380 gem,
707 3313 894 3367 aiunt:
929 3314 1147 3380 lntpleta
1194 3328 1320 3371 sunt
1365 3319 1541 3372 omnia
1587 3321 1655 3375 ab
1683 3322 1938 3394 episcopo
1981 3342 2101 3394 quae

503 3403 761 3471 imperata
795 3414 937 3468 sunt,
966 3420 998 3458 ο
1028 3422 1140 3459 rex.
1175 3407 1311 3474 Quid
1359 3425 1498 3464 nunc
1529 3411 1593 3465 ad
1645 3422 1730 3480 te,
1765 3417 1862 3468 nisi
1897 3425 1951 3469 ut
1979 3432 2101 3471 cum

503 3494 895 3550 Bertchramno
924 3508 1236 3555 accusatore
1267 3500 1468 3571 fratris,
1512 3510 1893 3563 communione
1925 3512 2104 3578 prive-

503 3588 618 3642 ris?
652 3588 717 3643 Et
766 3590 893 3645 ille:
926 3591 1071 3659 Non,
1129 3595 1335 3664 inquit,
1365 3612 1464 3666 ego
1505 3601 1604 3653 nisi
1637 3600 1815 3655 audita
1862 3605 2096 3657 narravi.

502 3680 881 3747 Qaterentibus
908 3684 1030 3752 illis,
1061 3689 1178 3756 quis
1207 3687 1319 3742 haec
1343 3688 1574 3745 dixerit?
1597 3692 1874 3759 respondit
1900 3710 1957 3748 se
1987 3695 2100 3750 haec

498 3790 528 3828 a
555 3775 818 3833 Leudaste
838 3779 1067 3835 audisse.
1097 3781 1186 3835 Ille
1210 3796 1388 3837 autem
1411 3783 1702 3839 secundum
1733 3786 2095 3843 inﬁrmitatem

497 3870 584 3925 vel
612 3874 857 3941 consilii,
891 3874 975 3929 vel
1011 3876 1392 3941 propositionis
1422 3892 1567 3943 suze,
1603 3880 1705 3946 jam
1747 3877 1926 3950 fugam
1961 3880 2095 3936 inie-

497 3972 603 4017 rat.
650 3962 798 4018 Tunc
848 3966 1046 4033 placuit
1095 3967 1344 4043 omnibus
1391 3970 1799 4037 sacerdotibus,
1853 3983 1911 4026 ut
1950 3984 2096 4028 sator

496 4054 772 4123 scandali,
818 4054 1084 4112 inliciator
1112 4061 1349 4129 reginae,
1401 4072 1678 4115 accusator
1706 4063 1980 4131 episcopi,
2025 4065 2093 4120 ab

497 4145 745 4200 omnibus
771 4140 1045 4202 arceretur
1073 4151 1338 4219 ecclesiis,
1376 4167 1441 4206 eo
1466 4152 1606 4220 quod
1637 4168 1696 4208 se
1725 4154 1791 4209 ab
1817 4156 2090 4211 audientia

501 4238 874 4294 subtraxisset.
904 4239 1055 4294 Unde
1078 4249 1133 4294 et
1159 4243 1439 4308 epistolam
1466 4246 1819 4312 subscriptam
1845 4247 1964 4301 aliis
1984 4248 2093 4316 epi-

493 4328 672 4395 scopis
701 4331 788 4397 qui
820 4346 927 4383 non
958 4331 1240 4386 adfuerant
1268 4335 1695 4390 transmiserunt.
1730 4338 1795 4390 Et
1820 4339 1896 4391 sic
1926 4355 2092 4393 unus-

493 4418 722 4488 quisque
770 4421 821 4473 in
874 4422 1048 4475 locum
1106 4437 1261 4507 suum
1312 4440 1585 4493 regressus
1633 4435 1736 4481 est.
1792 4430 2087 4487 Leudastes

494 4523 621 4563 vero
670 4511 784 4565 haec
830 4512 1087 4581 audiens,
1133 4514 1408 4569 basilicam
1450 4519 1619 4571 sancti
1668 4518 1808 4574 Petri
1852 4520 2083 4578 Parisios

2203 3342 2312 3409 jam
2346 3354 2489 3398 esset
2520 3347 2828 3417 episcopus,
2877 3351 2927 3404 in
2973 3352 3191 3407 domum
3223 3357 3467 3413 ecclesiae
3507 3360 3803 3429 ingreditur

2207 3435 2564 3502 impudenter,
2589 3426 2866 3508 argentum
2892 3443 3147 3499 describit
3168 3451 3433 3517 ecclesiae,
3458 3455 3800 3527 reliquasque

2204 3540 2293 3580 res
2326 3529 2426 3582 sub
2465 3546 2615 3585 suam
2666 3534 2855 3602 redigit
2904 3546 3245 3604 pote5tatem.
3293 3540 3521 3612 Majores
3565 3546 3799 3602 clericos

2204 3620 2518 3675 muneribus
2541 3623 2694 3687 ditat,
2721 3626 2944 3695 largitur
2966 3630 3167 3696 vineas,
3195 3642 3343 3700 prata
3371 3635 3671 3703 distribuit;
3698 3641 3796 3693 mi-

2204 3726 2362 3766 nores
2392 3728 2518 3768 vero
2560 3715 2817 3783 fustibus,
2853 3720 3128 3791 plagisque
3160 3725 3341 3779 multis
3364 3769 3377 3794 ,
3427 3728 3590 3782 etiam
3633 3748 3794 3788 manu

2203 3810 2416 3876 propria
2447 3807 2655 3875 aﬂecit,
2704 3810 2889 3867 dicens
2921 3831 2933 3867 :
2968 3810 3356 3884 Recognoscite
3395 3820 3671 3877 dominum
3702 3840 3794 3879 vc-

2200 3908 2392 3961 strum,
2425 3901 2514 3968 qui
2546 3902 2821 3957 victoriam
2851 3906 3010 3977 267
3041 3908 3107 3962 de
3141 3908 3367 3965 inimicis
3409 3914 3670 3981 obtinuit,
3700 3931 3793 3971 cu-

2195 3987 2287 4057 jus
2319 3990 2591 4059 ingenium
2616 3993 2939 4050 Turonicam
2973 3997 3156 4052 urbem
3188 4000 3255 4054 ab
3284 4002 3544 4059 Arvernis
3584 4010 3791 4075 pojtulis

2198 4083 2508 4137 emnndavit
2538 4083 2555 4120 ι
2581 4100 2595 4148 ;
2630 4085 2880 4153 ignorans
2911 4089 3104 4155 miser,
3136 4092 3279 4161 quod
3325 4106 3522 4161 praeter
3550 4100 3787 4170 quinque

2196 4172 2495 4243 episcopus.
2529 4176 2718 4245 reliqui
2744 4194 2929 4234 omnes
2957 4181 3046 4250 qui
3073 4185 3436 4241 sacerdOtium
3461 4189 3785 4250 Turonicum

2194 4280 2583 4338 susceperunt,
2644 4282 2921 4339 parentum
2977 4283 3281 4333 nostrorum
3342 4284 3609 4353 prosapiae
3661 4298 3785 4343 sunt

2191 4365 2483 4430 conjuncti.
2538 4362 2670 4417 Illud
2711 4380 2855 4433 saepe
2887 4367 2999 4421 suis
3045 4368 3398 4427 familiaribus
3446 4375 3626 4432 dicere
3666 4391 3784 4435 erat

2189 4455 2402 4521 solitus,
2436 4455 2576 4525 quod
2620 4456 2887 4510 hominem
2919 4460 3231 4525 prudentem
3258 4479 3362 4518 non
3391 4466 3565 4532 aliter,
3594 4471 3698 4525 nisi
3726 4474 3779 4529 in

2189 4546 2459 4617 perjuriis,
2489 4546 2605 4617 quis
2629 4547 2876 4618 decipere
2906 4552 3093 4620 possit.
3123 4554 3227 4609 Sed
3247 4570 3365 4611 cum
3392 4574 3477 4615 me
3499 4576 3776 4620 reversum

572 4672 599 4701 ι
633 4661 687 4716 Id
715 4663 893 4736 imque
920 4668 1058 4763 apud
1103 4669 1422 4763 ξιιρεείοιιίιε
1455 4676 1708 4763 contigit,
1743 4692 1793 4763 an
1816 4694 1917 4763 qna
1948 4681 2091 4739 urbe,
2108 4689 2160 4748 D
2186 4684 2828 4763 reginaeappellabantur.
2843 4688 2987 4763 _Quin
3011 4700 3063 4745 et
3089 4702 3244 4750 vetus
3259 4707 3413 4763 poeta
3437 4701 3537 4755 sub
3562 4703 3775 4762 Alcnini

494 4729 826 4808 Brennacnm
874 4729 1044 4793 hibus
1087 4744 1300 4796 circiter
1342 4744 1505 4798 leucis
1532 4729 1711 4802 distat:
1755 4729 2078 4808 Foitnnatns

495 4816 710 4883 _carmen
746 4806 767 4857 l
808 4808 926 4861 lihri
979 4827 1028 4864 ix
1069 4815 1265 4888 cecinit
1302 4815 1352 4867 in
1401 4816 1684 4883 Chilperici
1726 4822 1970 4888 laudem,
2000 4806 2079 4879 eo

487 4871 607 4939 ipso
650 4885 890 4945 tempore
929 4896 1033 4949 quo
1067 4883 1243 4952 habita
1277 4888 1374 4939 fuit
1413 4871 1539 4940 hagc'
1561 4871 1797 4958 synodus
1830 4871 2072 4949 Bretina-

486 4959 684 4998 ('CIISIS.

2187 4758 2591 4848 nominenutps,
2613 4755 2785 4811 Caroli
2814 4759 2881 4814 M.
2916 4755 3775 4848 venationem'describensTejq;

2187 4827 2302 4848 J____
2337 4827 2472 4848 _“,_
2675 4843 2818 4848 ,ηρ
2843 4833 2935 4848 μ.
3110 4835 3141 4848 ,Α
3558 4846 3565 4848 μ

2182 4827 2474 4905 άθῑιιηηθιιξξ
2506 4827 2643 4881 tilias
2668 4843 2897 4905 coronas
2926 4833 2977 4905 in
3005 4834 3178 4899 capite
3203 4850 3442 4905 gestasse
3464 4827 3673 4902 εει-ὠίίῖ

2252 4894 2396 4988 dJSic
2430 4896 2614 4988 Regni.
2665 4898 2773 4953 Nec
2797 4903 2939 4956 aliud
2973 4894 3769 4988 volebat‘Cblodoveusrquam

2179 4966 2597 5057 Fredqunult-nr
2645 4985 2929 5057 njwercam
2984 4989 3015 5028 e
3034 5045 3044 5056 .
3068 4990 3232 5057 regno
3280 4966 3478 5057 pellere
3494 4966 3545 5039 ﬁ:

2173 5036 2284 5105 jam
2342 5038 2926 5118 interfectis'fratribns
2966 5045 3098 5111 Suis,
3129 5036 3544 5109 leti-odeberto—

2182 5123 2365 5189 _roveo,
2398 5125 2618 5189 regnum
2646 5110 2833 5189 fuisset
2861 5110 3107 5189 adeptus.
3136 5119 3277 5174 Editi
3302 5139 3429 5179 vero
3454 5110 3761 5189 cumv

2176 5176 2377 5261 habent
2429 5182 2706 5268 intﬁrfectis
2746 5176 2989 5252 fratribus
3035 5197 3082 5240 et
3133 5203 3315 5268 putre,

2172 5250 3032 5332 suum.interficereregnasset,_
3057 5250 3207 5332 quod
3237 5250 3423 5328 parum

2171 5330 2270 5406 est.
2307 5321 2361 5376 Si
2384 5323 2527 5375 enim
2584 5322 2916 5406 Chilperictts
2962 5321 3147 5406 fuisset
3178 5321 3760 5406 Δἱιίιεξηειιιρῐιιξξῖξᾙιὶιῖ

2169 5390 2371 5473 doveus
2405 5398 2596 5474 Irustra
2615 5390 3082 5486 fle—Fredegu‘nde
3109 5402 3353 5486 pellenda
3382 5390 3754 5486 deliberas-set,

2167 5474 2289 5559 sunt
2315 5463 2425 5531 jatn
2470 5465 2581 5559 ipse
2613 5465 2799 5523 fuisset
2842 5463 3078 5543 ottinium
3109 5463 3379 5545 dominus,
3405 5463 3756 5559 eaniéiiﬁrii

2167 5529 2328 5586 libitn
2343 5529 2654 5604 pepulisset.
2862 5540 2867 5543 ’

2241 5612 2264 5639 θ
2295 5606 2505 5694 Ιξςειιιζῖ,
2538 5624 2736 5679 semper
2774 5611 2911 5665 idem
2958 5614 3012 5668 in
3063 5618 3326 5688 superbia,
3377 5624 3561 5694 plenus
3609 5632 3749 5685 omni

2165 5676 2413 5741 nequitia.
2444 5676 2601 5732 Nam.

2161 5744 2259 5874 Mf
2285 5747 2656 5874 EdhsChean
2691 5754 2996 5814 emendavit.
3052 5758 3343 5836 Gregorius
3396 5768 3593 5842 quippe
3632 5781 3745 5839 erat

2241 5832 2368 5874 veru
2441 5857 2455 5874 .

2241 5832 2455 5875 vernus.

565 5014 591 5053 δ
627 5018 697 5070 Ex
733 5018 831 5072 hoc.
863 5020 980 5102 loco
1021 5024 1259 5102 nonnulli
1317 5027 1572 5094 colligunt
1625 5030 1937 5102 Gregorium
1991 5044 2073 5090 ter

488 5087 705 5139 missam
740 5106 838 5141 una
871 5092 957 5145 die
1001 5092 1303 5167 celebraSse
1337 5139 1350 5161 ,
1375 5087 1531 5167 quem
1567 5087 1857 5156 taurenualii
1882 5104 1949 5158 ita
1982 5108 2067 5160 in-

488 5164 891 5226 terpretantur,
946 5173 1003 5217 ut
1054 5166 1339 5236 Gregorius
1389 5164 1508 5225 Sese
1566 5182 1685 5239 post
1743 5177 2060 5232 celebratam

487 5233 726 5293 missam,
752 5246 1088 5287 saeialnento
1117 5233 1186 5290 ad
1208 5238 1302 5290 tria
1333 5242 1516 5293 altaria
1549 5233 1614 5296 tle
1645 5261 1737 5297 sua
1765 5246 2061 5301 innoCt-ntia

486 5302 746 5376 Rtmstitp,
774 5306 813 5356 a'
854 5306 1077 5361 crimine
1108 5310 1337 5376 impacto
1375 5314 1599 5367 exuerit.
1638 5316 1687 5368 ΙιΙ
1718 5326 1893 5369 autem
1939 5319 2065 5373 fecit

474 5366 794 5451 Gregorius,
815 5378 973 5451 _quod
1024 5395 1125 5431 non
1158 5366 1374 5434 deceret
1401 5366 1805 5451 subdiaconutn,
1845 5403 1935 5439 seu
1963 5390 2064 5443 mi-

481 5444 949 5519 μρηξιιιρρετίιυιιι
988 5451 1251 5519 adversus
1278 5454 1582 5519 cplSt‘Optllll
1627 5456 1677 5509 in
1708 5444 1895 5510 testem
1929 5461 2063 5511 reci-

479 5506 555 5597 pi:
601 5510 746 5597 ζ.ξὶςί
776 5529 904 5567 vero
932 5518 997 5569 ad
1016 5506 1367 5597 “accusandus
1396 5506 1673 5592 episcopos
1726 5542 2055 5597 nequaquam

478 5577 897 5665 admittebantur
926 5587 1295 5665 eIVCanonnmA
1315 5577 1647 5665 przescriplo.

554 5658 577 5687 ε
612 5649 735 5740 Haec
781 5656 1227 5740 eratnRigunthis
1267 5649 1555 5740 Cltilpericl
1583 5649 1647 5740 et
1693 5666 2058 5740 Fredegundis

475 5714 586 5774 filia
614 5723 731 5811 ,"de
761 5740 860 5793 qua
901 5714 1190 5797 Gregorius
1210 5714 1221 5716 ⁷
1240 5714 1435 5802 pasta.
1464 5739 1591 5811 agit.
1637 5739 1837 5794 Dicitur
1864 5714 2055 5811 "regina

474 5802 577 5853 pro
628 5792 840 5856 illorum
897 5792 1194 5871 temporum
1226 5792 1394 5873 inore,
1446 5792 1661 5879 quibus
1688 5792 1825 5869 ﬁliai
1866 5792 2052 5885 ie'étitﬁ
