2048 3172
111 2838 127 2878 Ξ

141 124 196 153 569

614 121 776 153 HISTORIA
793 120 1018 152 FRANCORUM.
1036 117 1141 151 LIBER
1159 110 1309 152 SEXTUS.

1725 121 1780 153 370

140 181 229 210 adhuc
243 180 406 216 despiceret,
431 188 482 209 nec
494 181 528 209 ad
543 181 730 210 salutationem
743 190 829 210 meam
839 203 846 216 ,
861 182 931 211 sicut
946 181 971 212 Δ
984 185 1056 209 mota
1073 186 1161 210 autem
1177 182 1279 218 regina,
1294 180 1366 217 quod
1380 179 1483 210 scilicet
1496 178 1573 211 locus
1588 180 1645 210 Deo
1657 187 1781 212 sacratus

140 227 237 262 reliqui
252 228 326 255 cives
342 227 477 261 fecerant,
493 227 642 261 adveniret,
659 228 705 256 sed
728 228 812 263 magis
823 235 875 266 .me
896 228 936 255 in-

141 275 264 303 terfioere
277 275 456 309 minitaretur,
470 283 531 303 cum
544 275 659 303 consilio
670 274 935 310 comprovincialium

140 329 202 350 eum
222 321 249 349 in
274 322 467 350 monasterium
491 323 626 350 removeri
653 323 788 358 praecipio.
815 322 937 357 Cumque

140 367 239 396 ibidem
252 369 353 396 arctius
368 368 584 403 distringeretur,
599 368 826 396 intercedentibus
839 368 936 395 Felicis

140 413 258 449 episcopi
274 414 372 447 missis,
389 415 434 450 qui
450 420 604 443 memoratae
617 423 705 443 causae
721 415 809 442 fautor
823 414 936 442 exstite-

140 465 193 493 rat,
215 461 400 488 circumvento
415 462 541 496 perjuriis
563 462 675 493 abbate,
698 461 757 496 fuga
772 460 895 493 elabitur,
910 464 937 487 et

140 513 227 541 usque
250 507 284 534 ad
309 507 426 535 Felicem
449 508 554 535 accedit
577 508 730 542 episcopum
755 513 870 541 eumque
892 505 936 533 ille

139 552 292 580 ambienter
315 553 435 588 colligit,
450 560 530 588 quem
546 553 680 581 exsecrari
703 552 841 579 debuerat.
864 551 936 579 Leu-

139 598 231 626 dastes
245 606 309 626 vero
323 599 349 625 in
367 599 513 627 Bituricum
535 592 660 634 pergens,
686 606 780 626 omnes
797 599 936 625 thesauros

139 653 208 681 quos
230 646 263 672 de
278 645 373 679 spoliis
397 653 544 680 pauperum
566 646 733 676 detraxerat,
751 651 842 672 secum
864 644 934 671 tulit.

139 690 194 720 Nec
209 692 291 719 tnulto
307 697 367 726 post
383 692 546 719 irruentibus
561 692 686 719 Bituricis
705 699 766 719 cum
779 691 870 726 judice
884 690 936 718 loci

138 744 220 773 super
233 746 304 770 eum,
326 746 406 766 omne
420 746 514 766 aurum
531 743 734 774 argentumque,
751 739 792 766 vel
809 738 879 773 quod
894 745 937 766 se-

138 792 200 812 cum
215 784 358 817 detulerat,
372 784 550 818 abstuierunt,
575 785 642 812 nihil
657 785 682 813 ei
698 785 749 812 nisi
763 785 833 820 quod
856 791 937 819 super

138 837 169 858 se
184 830 277 858 habuit
291 831 484 866 relinquentes,
500 832 639 866 ipsamque
653 831 827 858 abstulissent
841 829 934 864 vitam,

988 227 1076 255 taliter
1090 227 1263 262 pollueretur,
1276 227 1356 263 jussit
1370 235 1430 256 eum
1444 235 1459 255 a
1473 223 1583 257 basilica
1605 229 1692 257 sancti
1705 228 1780 264 ejici.

987 273 1038 308 Qui
1052 268 1165 308 eiectus,
1187 275 1219 302 ad
1241 275 1360 310 hospites
1383 282 1447 303 suos
1462 275 1559 303 iterum
1582 275 1609 304 in
1633 275 1780 303 Bituricum

986 320 1097 355 expetit,
1113 322 1260 355 deprecans
1274 327 1304 348 se
1321 320 1407 348 occuli
1422 320 1456 348 ab
1469 320 1510 349 eis
1521 320 1546 348 δ.

1023 368 1066 396 Ll.
1094 368 1127 395 Et
1140 368 1204 396 licet
1217 368 1250 396 de
1264 368 1336 396 beati
1363 368 1445 397 Salvii
1469 368 1588 404 episcopi
1603 367 1783 396 collocutiono

987 415 1110 451 superius
1127 414 1211 450 (Cap.
1230 414 1282 449 45)
1309 422 1462 443 memorare
1484 415 1641 447 debueram,
1656 414 1703 442 sed
1719 413 1782 448 quia

988 466 1080 489 mente
1104 462 1231 495 excessit,
1246 467 1306 488 esse
1319 461 1478 496 sacrilegum
1502 468 1557 488 non
1575 461 1702 491 arbitror,
1714 459 1737 486 si
1751 459 1779 486 itt

988 512 1123 543 posterum
1145 507 1290 535 scribatur.
1319 506 1402 541 Igitur
1415 515 1476 534 cum
1492 514 1549 534 vate
1566 510 1627 541 post
1649 505 1782 542 synodum

987 558 1162 581 memomtam
1179 554 1234 588 regi
1257 553 1312 589 jam
1323 553 1395 580 dicto
1407 574 1415 587 ,
1431 553 1465 580 ad
1482 552 1587 588 propria
1602 552 1690 580 redire
1702 551 1784 579 vello-

988 608 1059 633 mus,
1073 609 1125 628 non
1137 604 1199 628 ante
1222 599 1361 627 discedere
1381 599 1489 634 placuit,
1502 599 1553 627 ni~i
1566 599 1635 626 huttc
1649 599 1735 626 virum
1750 598 1784 625 li-

988 651 1058 679 batis
1079 651 1178 679 osculis
1192 651 1384 685 Iinqueremtts.
1405 650 1489 682 Quem
1503 649 1644 684 qutesitum
1665 648 1693 675 in
1715 647 1784 675 atrio

989 698 1181 725 Brinnacensis
1197 697 1294 724 domus
1305 696 1403 732 reperi.
1421 696 1471 722 Cui
1483 695 1549 727 dixi,
1564 694 1625 729 quia
1642 695 1697 728 jam
1709 700 1785 722 eram

989 744 1023 771 ad
1044 744 1150 779 propria
1174 743 1320 771 rediturus.
1344 743 1421 770 Tunc
1434 741 1531 769 remoti
1557 740 1706 775 paululum,
1720 739 1785 767 dum

990 789 1053 817 hinc
1064 790 1126 817 inde
1141 790 1395 823 sermocinaretnur,
1410 788 1447 816 ait
1467 787 1533 815 mihi
1550 795 1557 814 :
1574 786 1691 814 Videsne
1705 793 1786 820 super

990 836 1042 865 hoc
1055 841 1152 865 tectum
1164 845 1223 872 qua:
1238 833 1289 872 ego
1301 835 1441 871 suspicio?
1459 835 1508 863 Cui
1528 842 1578 870 ego
1592 842 1599 861 τ
1616 833 1700 861 Video
1714 833 1786 861 enim

138 876 193 903 nisi
208 875 268 910 fuga
284 876 380 904 fuisset
398 877 516 912 elapsus.
541 877 696 911 Rcsumptis
711 876 807 903 dehinc
822 876 935 909 viribus,

989 883 1200 918 supertegulum,
1213 884 1284 918 quod
1297 890 1382 918 nuper
1390 890 1436 910 rex
1447 882 1510 917 poni
1522 881 1659 916 praecepit.
1675 880 1707 907 Et
1718 879 1764 907 ille
1778 888 1786 908 :

139 928 201 949 cum
217 922 351 957 aliquibus
370 923 512 951 Turonicis
527 924 625 951 iterum
643 923 721 951 irruit
738 931 819 957 super
834 923 939 958 przedo-

139 976 188 997 nes
201 976 284 998 suos:
300 970 495 1006 interfectoque
517 979 590 1004 uno,
607 971 695 1005 aliqua
720 970 754 998 de
778 971 858 998 rebus
873 970 939 1005 ipsis

138 1016 258 1050 recepit,
283 1021 310 1044 et
334 1016 362 1043 in
381 1017 543 1044 Turonicum
564 1017 717 1045 revertitur.
741 1017 858 1044 Audiens
882 1017 940 1045 haec

139 1060 264 1089 Berull'us
279 1063 349 1096 dux,
375 1063 449 1090 misit
468 1071 566 1098 pueros
579 1070 642 1090 suos
661 1071 721 1090 cum
737 1070 872 1090 armorum
889 1070 939 1098 ap-

139 1113 236 1143 paratu
256 1109 289 1135 ad
304 1109 586 1144 comprehendendum
601 1117 673 1137 eum.
690 1109 736 1136 Ille
747 1116 810 1136 vero
824 1115 938 1136 cernens

139 1155 231 1190 sejam
239 1155 348 1190 jamque
359 1157 430 1191 capi,
445 1156 546 1184 relictis
556 1156 648 1188 rebus,
658 1155 793 1182 basilicam
803 1156 887 1183 sancti
898 1155 938 1183 Hi-

140 1200 200 1229 larii
212 1202 377 1231 Pictavensis
387 1203 507 1237 expetiit.
521 1203 643 1230 Berulitts
654 1210 718 1230 vero
727 1203 778 1230 dux
790 1209 833 1229 res
845 1207 938 1235 captas

140 1247 198 1282 regi
223 1248 379 1276 transmisit.
396 1247 543 1275 Leudastes
563 1248 635 1275 enim
649 1247 838 1283 egrediebatur
857 1247 939 1283 268

140 1292 176 1320 de
191 1293 312 1327 basilica,
329 1300 356 1323 et
371 1294 475 1322 irruens
488 1294 515 1321 in
529 1294 625 1322 domos
639 1294 819 1327 diversorum,
835 1294 938 1329 prtedas

140 1337 264 1372 publicas
278 1339 433 1367 exercebat.
454 1339 507 1367 Sed
530 1344 557 1367 et
571 1340 597 1367 in
622 1339 760 1367 adulteriis
778 1347 851 1375 saepe
870 1339 940 1367 infra

141 1384 229 1419 ipsam
251 1392 372 1414 sanctam
396 1387 526 1422 porticum
545 1392 559 1406 ι
574 1387 759 1422 deprehensus
781 1393 832 1416 est.
859 1388 941 1416 Com-

990 930 1082 963 Aliud,
1097 930 1191 965 inquit,
1205 937 1259 957 non
1282 929 1396 963 aspicis?
1410 928 1458 956 Cui
1476 935 1526 963 ego
1541 936 1548 955 :
1565 927 1633 955 Nihil
1651 926 1733 959 aliud,
1747 926 1788 953 in-

991 986 1082 1013 quam.
1100 977 1189 1005 video.
1215 977 1377 1012 Suspicahar
1391 976 1463 1004 enim
1480 976 1551 1011 quod
1570 975 1669 1010 aliquid
1683 974 1788 1010 iocula-

991 1024 1057 1052 riter
1069 1024 1233 1058 loqueretur.
1247 1023 1279 1050 Et
1289 1023 1375 1058 adieci
1388 1031 1394 1048 :
1406 1023 1435 1050 Si
1446 1028 1473 1050 tu
1485 1022 1584 1057 aliquid
1596 1022 1679 1057 magis
1686 1021 1789 1055 cernis,

992 1078 1100 1098 enarra.
1113 1069 1204 1097 Atille
1220 1069 1271 1096 alta
1287 1069 1396 1097 trahens
1420 1069 1548 1103 suspiria,
1564 1069 1601 1096 ait
1616 1077 1622 1095 :
1638 1067 1723 1094 Video
1736 1074 1787 1101 ego

992 1117 1161 1150 evaginatum
1184 1116 1230 1142 ine
1249 1115 1348 1142 divinm
1368 1115 1483 1149 gladium
1498 1123 1579 1149 super
1593 1114 1701 1141 domum
1718 1113 1789 1143 hanc

992 1162 1199 1197 dependentem.
1215 1162 1406 1190 Verumtamen
1434 1169 1486 1189 non
1502 1161 1594 1189 fefellit
1605 1161 1686 1188 dictio
1697 1167 1790 1189 sacer-

992 1209 1093 1242 dotem;
1107 1216 1169 1236 nam
1191 1213 1251 1244 post
1274 1208 1333 1236 dies
1349 1208 1442 1243 viginti
1458 1229 1466 1241 ,
1482 1208 1535 1235 duo
1559 1208 1606 1235 ftlii
1622 1208 1701 1243 regis,
1719 1214 1790 1242 quos

992 1257 1116 1292 superius
1131 1256 1209 1292 (Cap.
1222 1256 1271 1290 35)
1290 1261 1410 1284 mortuos
1429 1256 1602 1290 scripsimus,
1618 1255 1752 1283 obierunt.

1030 1324 1180 1359 Explicilus
1194 1328 1236 1352 est
1250 1323 1317 1352 liber
1330 1323 1449 1360 quintus,
1459 1323 1550 1356 finitus
1566 1323 1594 1352 in
1615 1329 1686 1351 anno
1695 1321 1793 1359 quinto

994 1369 1158 1399 Cbildeberti
1174 1371 1255 1406 regis.

149 1452 1791 1478 Ἢ

333 1516 532 1561 269-270.
543 1516 855 1559 INCIPIUNT
881 1516 940 1560 Cl.

989 1514 1179 1559 ’ITULA
1205 1516 1364 1560 LIBRI
1402 1515 1598 1560 SEXTI.

336 1596 453 1636 Incipit
473 1596 556 1628 liber
577 1599 690 1629 sextus
704 1619 714 1636 ,
736 1596 906 1627 inchoatus
929 1596 970 1628 ab
993 1604 1080 1628 anno
1112 1599 1204 1629 sexto
1225 1596 1369 1637 ejusdem
1391 1594 1598 1630 Cbildebertl.

145 1658 171 1688 1.
195 1658 269 1695 Quod
290 1657 467 1685 Childebrrlus
482 1659 516 1684 ad
529 1658 702 1691 Chilpericum
718 1658 841 1691 transiit;
857 1661 880 1685 et
895 1657 928 1684 de
940 1659 1004 1695 fuga
1024 1656 1174 1687 Mummoli.

145 1695 188 1722 ΙΙ.
211 1694 248 1721 De
263 1694 353 1728 legatis
370 1694 507 1728 Chilperici
521 1695 551 1721 ab
567 1695 672 1721 Oriente
688 1695 805 1721 reversis.

145 1729 206 1757 III.
229 1729 267 1756 De
284 1730 373 1765 legatis
389 1728 544 1756 Childeberli
559 1731 592 1755 ad
609 1731 792 1765 Chilpericum.

145 1765 199 1793 IV.
215 1764 339 1802 Qualiter
356 1764 441 1802 Lupus
457 1774 476 1802 ar
487 1774 565 1801 regno
580 1764 736 1793 Childeberti
751 1768 854 1802 fugatus
870 1770 917 1793 est.

148 1802 181 1828 V.
203 1801 342 1827 Alterratio
357 1809 412 1827 cum
424 1799 527 1829 Iudico.

222 1835 262 1873 De
276 1836 494 1873 sanctorflaspilio
509 1838 635 1868 reclauso,
653 1842 674 1864 et
688 1838 844 1865 abstinentia
865 1837 903 1864 vel
918 1835 1050 1865 miraculis
1062 1836 1131 1873 ejus.

148 1871 217 1898 VII.
239 1871 278 1897 De
293 1872 402 1898 transitu
419 1871 535 1899 Ferreoli
553 1873 686 1900 licerensis
698 1874 820 1906 episcopi.

148 1907 235 1934 VIII.
259 1907 295 1933 De
312 1906 440 1941 lipara/tio
455 1909 571 1935 reclauso
588 1908 772 1942 Egolisntensis
786 1908 865 1935 urbis.

145 1943 200 1971 IX.
222 1943 260 1969 De
277 1943 403 1969 Donmolo
418 1943 641 1970 Cenomunnorum
661 1946 790 1978 episcopo.

145 1979 182 2005 Χ.
204 1979 242 2005 De
258 1979 362 2004 basilica
376 1981 458 2006 sancti
476 1979 581 2005 Martini
595 1980 711 2012 e/fntcta.

146 2013 201 2042 ΧΙ.
223 2013 260 2040 De
276 2014 408 2040 Theodoro
423 2017 552 2048 episcopo,
569 2020 590 2041 et
608 2016 745 2049 Dynamio.

146 2049 217 2076 XII.
241 2050 277 2076 De
292 2050 403 2076 exercitu
419 2057 506 2076 cmttra
522 2051 650 2076 Bituricus
666 2054 803 2076 commoto.

147 2084 234 2111 XIII.
255 2086 286 2112 de
302 2084 374 2118 Lupo
389 2090 411 2111 et
427 2087 559 2112 Ambrosio
574 2085 706 2112 Turonitis
723 2085 817 2112 ciuibus
832 2083 984 2119 interfectis.

147 2120 226 2147 XIV.
250 2120 286 2146 De
300 2122 421 2154 por-tetris
437 2130 492 2155 quw
508 2126 692 2155 apparuerunt.

146 2156 211 2183 XV.
233 2155 271 2182 De
287 2157 356 2182 obitu
371 2155 466 2183 Felicis
481 2157 604 2191 cpiswpi.

147 2191 236 2228 {Vit
247 2191 504 2228 Quodil’appolenus
520 2201 624 2219 uxorem
638 2201 711 2219 suam
724 2192 828 2228 recepit.

147 2226 252 2263 ξνηε
270 2226 308 2253 De
318 2227 416 2254 .Iudwis
430 2237 473 2261 per
490 2228 662 2259 Chilperictun
676 2237 759 2263 regem
775 2226 913 2255 conversis.

146 2261 263 2289 XVIII.
285 2263 322 2289 De
338 2264 426 2296 legatis
442 2263 576 2297 Chi/periei
590 2264 620 2290 ab
637 2261 766 2297 Hispania
781 2265 897 2291 reversis.

240 2298 290 2335 ΔΟρ
306 2299 449 2325 hominibus
464 2299 602 2330 C/zilpcrici
618 2300 686 2335 apud
704 2300 809 2327 Urbium
820 2300 938 2334 ﬂuvium.

148 2333 212 2361 XX.
235 2333 272 2360 De
286 2335 357 2360 obitu
372 2335 495 2361 Chrodini
510 2335 591 2362 ducis.

148 2368 230 2396 XXI.
253 2369 291 2395 De
303 2370 383 2403 signis
397 2371 514 2398 ostensis.

149 2404 253 2441 ξιςιιε
270 2405 306 2431 De
323 2405 454 2431 Cm‘tlu'rio
470 2408 598 2441 episcopo.

149 2439 263 2476 XXIII.
287 2441 360 2473 Quod
377 2441 519 2474 Chilperico
532 2439 585 2475 regii
600 2442 670 2476 [ilius
687 2447 760 2468 natus
776 2446 821 2468 est.

149 2475 258 2512 ἕξιν.
268 2511 272 2512 7
283 2476 320 2502 De
333 2477 434 2503 insidiis
444 2477 573 2504 Theodori
587 2475 707 2512 episcopi,
723 2483 745 2503 et
758 2478 790 2503 tle
802 2475 986 2504 Cuttdovaldo.

150 2510 241 2547 ξχγ.
261 2511 299 2547 ὓς
311 2513 389 2546 signis
405 2519 428 2539 et
446 2513 571 2547 prodigiis
586 2514 654 2539 circa
670 2510 699 2538 cu
716 2519 828 2545 tempora
843 2512 912 2538 visis.
957 2535 960 2539 ,

150 2546 259 2573 XXVI.
283 2545 320 2573 De
332 2541 511 2574 (Iunt/minuto
524 2541 603 2579 iluce,
630 2553 652 2574 et
669 2541 821 2574 Mummolo.

150 2581 276 2610 XXVII.
299 2582 372 2615 Quod
387 2584 547 2617 Chilpericua
561 2591 606 2609 rex.
620 2587 657 2609 est
672 2583 785 2609 Parisios
801 2584 941 2616 ingressus.

150 2617 293 2653 ξχγιιι.
316 2618 354 2645 De
367 2619 455 2646 Marco
468 2619 655 2653 refercttdurio.

150 2652 202 2689 .in
209 2654 259 2681 IX.
281 2654 319 2681 De
334 2655 425 2689 puellis
441 2649 589 2680 monasterii
604 2653 769 2686 Pictavensis,
786 2661 844 2687 seu,
859 2652 895 2679 De
910 2652 1045 2680 uirtutibus
1057 2660 1115 2688 qua
1128 2653 1154 2681 in
1165 2651 1321 2679 monasterio
1332 2651 1434 2679 domum
1450 2649 1618 2686 Memmii.
1626 2653 1791 2689 {unum}.

264 2690 301 2725 De
315 2687 384 2716 obitu
399 2689 492 2716 Tiberii
508 2690 678 2725 imperatoris.

149 2723 176 2760 at:
179 2724 203 2751 Χ
208 2725 230 2752 Χ
235 2725 247 2751 I
253 2746 259 2752 .
282 2724 320 2751 De
334 2726 420 2752 multis
435 2726 519 2759 malis,
536 2721 594 2760 quia
609 2724 767 2759 C/tilpericus
782 2732 827 2752 rex
839 2724 864 2751 in
879 2724 1021 2752 civitatibus
1033 2725 1122 2760 fratris
1135 2725 1175 2754 sui
1188 2723 1246 2760 fieri
1255 2725 1346 2759 jussit,
1362 2722 1401 2750 vel
1417 2723 1471 2758 ipse
1486 2721 1547 2757 fecit

150 2759 277 2787 XXXII.
299 2760 337 2787 De
352 2761 454 2787 interitu
470 2760 616 2787 Lemlustis.

150 2794 295 2823 XXXIII.
318 2796 356 2823 De
371 2797 485 2827 locustis.
501 2798 594 2823 morbis
604 2819 611 2827 ,
626 2796 811 2830 prodigiisque.

188 2856 321 2891 Hieng
338 2855 365 2882 in
376 2855 434 2890 ipsa
447 2854 551 2881 basilica
559 2859 617 2881 ante
631 2856 765 2888 porticum.

187 2890 203 2912 δ
218 2884 276 2927 ριῐᾶ
291 2884 400 2920 tandem
425 2891 530 2920 ratione
545 2884 643 2919 misere
657 2891 778 2928 perierit,
801 2888 862 2918 vide
876 2888 944 2917 libro
959 2896 1028 2928 seq.,
1044 2894 1104 2923 cap.
1121 2884 1167 2914 '52.
