4096 6344
562 281 663 342 371

1594 282 1651 338 S.
1697 280 2025 337 GREGORll
2070 280 2375 340 El’lSCOPl
2416 276 2848 363 TUltONVENSIS

3733 255 3852 316 ζ’)τὲ

558 398 829 460 χχχιιι.
876 398 951 457 De
983 401 1119 456 obitu
1146 400 1243 471 ﬁlii
1272 395 1559 471 Cltilperici,
1586 412 1731 471 quem
1758 395 2128 471 Theodericum
2152 380 2373 471 uocauit.

558 472 716 528 XXX
739 473 796 527 V.
844 474 915 527 De
945 468 1155 527 interitu
1180 470 1450 525 Mummoli
1477 469 1724 537 prtcfecti,
1758 478 1803 519 et
1834 469 2132 522 mulieribus
2160 468 2462 535 interfectis.

550 543 831 601 XXXVI.
877 545 953 599 De
983 544 1223 598 Etherio
1251 543 1509 611 episcopo,
1535 551 1577 591 et
1604 540 1669 591 de
1700 539 1868 592 clerici
1892 540 2161 608 cujusdam
2190 541 2419 595 libidine.

561 614 861 670 XXXVII.
906 614 983 667 De
1010 632 1129 669 nece
1159 614 1401 681 Lupentii
1424 613 1617 664 abbatis
1650 610 1985 665 (.‘uballitani.

731 685 907 761 Kle1
939 684 1183 761 Deebitu
1212 684 1486 761 Theodosii
1510 684 1827 761 σρὶδεορὶκει
1857 699 2142 761 successore
2158 686 2299 761 ejus.
2326 755 2355 761 __
2490 752 2531 761 __
2899 752 2910 761 _
3050 748 3083 761 Π
3133 752 3144 761 Δ
3187 751 3200 761 ν
3238 747 3272 761 η

556 755 823 812 XXXIX.
872 756 945 811 De
976 758 1113 811 obitu
1137 756 1357 825 Remigii
1384 748 1672 821 Biturigum
1696 754 1918 823 episcOpi
1942 771 1960 820 ;
1984 765 2029 808 et
2062 756 2125 809 tle
2153 748 2388 810 incendio
2421 752 2578 819 urbis,
2613 761 2659 810 et
2689 752 3012 809 successione
3042 748 3294 822 Sulpicii.

553 828 673 883 .XL.
717 829 795 883 De
824 828 1157 883 altercatione
1184 841 1362 882 nostra
1391 843 1505 880 cum
1537 825 1793 878 ha’retico.

553 897 715 969 XLI.
758 900 909 965 Quod
936 900 1249 969 Chilpericus
1279 915 1369 953 rex
1395 914 1509 950 cum
1531 897 1783 969 thesauris
1814 898 1921 952 suis
1945 897 1999 952 in
2021 897 2441 955 Cameracenth
2466 896 2615 953 abiit.

551 968 743 1025 XLII.
794 971 942 1039 Quod
969 967 1325 1026 Childebertus
1353 973 1408 1023 in
1433 970 1645 1023 Italiam
1667 967 1812 1022 abiit.

550 1039 773 1113 μω.
816 1042 896 1113 De
923 1042 1319 1097 Galliciensibus
1344 1041 1568 1113 regibus.

550 1109 757 1182 μιν.
803 1110 882 1168 De
906 1114 1121 1168 diversis
1163 1114 1343 1182 signis.

546 1180 721 1253 μγ.
764 1183 844 1239 De
868 1186 1061 1249 nuptiis
1091 1180 1365 1253 Riguntha:
1387 1184 1510 1251 ﬁlice
1538 1181 1840 1253 Chilperici.

548 1250 756 1311 XLVI.
796 1256 876 1311 De
903 1257 1111 1312 interitu
1136 1250 1413 1326 Cltilperici
1438 1256 1587 1326 regis.

546 1411 3847 1445 Mm

1543 1554 2031 1668 LIBER
2108 1551 2297 1663 SE
2315 1550 2538 1663 XT
2560 1548 2781 1677 US.

626 1792 788 1865 271
819 1790 861 1847 l.
894 1793 1050 1847 Anno
1070 1789 1233 1859 igitur
1258 1797 1418 1845 sexto
1438 1786 1591 1859 regni
1613 1786 1696 1842 sui
1722 1826 1736 1853 ,
1763 1784 2140 1843 Childebertus
2167 1781 2220 1843 A
2246 1756 2631 1837 nobilitandam
2664 1778 2826 1852 273
2855 1776 3187 1838 Francorum
3216 1788 3433 1855 gentem
3476 1782 3601 1841 ieci.
3644 1783 3757 1842 Sed
3785 1794 3845 1845 et

544 1898 643 1941 rex
669 1924 686 1951 ,
733 1882 932 1954 rejects
964 1896 1097 1951 pace
1126 1880 1519 1937 Guntchramni
1549 1878 1692 1948 regis
1712 1921 1725 1945 ,
1761 1891 1885 1933 cum
1913 1875 2138 1945 Chilpe-

544 1980 668 2035 rico
696 1978 1020 2048 conjunctus
1049 1984 1151 2033 est.
1195 1975 1312 2032 Non
1348 1984 1469 2046 post
1496 1975 1720 2031 multum
1745 1982 1957 2043 tempus
1987 1970 2139 2042 Gogo

544 2068 773 2125 moritur
802 2079 828 2109 ει
855 2111 871 2137 ,
903 2070 956 2125 in
980 2069 1131 2138 cujus
1175 2068 1353 2125 locum
1384 2067 1738 2125 Wandclinus
1797 2065 2134 2133 subrogatur.

540 2157 860 2215 Mummolus
889 2173 921 2213 a
967 2174 1135 2231 regno
1189 2159 1579 2217 Guntchramni
1622 2157 1745 2227 fuga
1777 2155 2051 2223 dilabitur,
2084 2159 2139 2209 et

540 2264 603 2308 se
652 2251 789 2307 infra
821 2267 1096 2308 murorum
1153 2250 1555 2308 Avennicorum
1608 2246 1964 2304 munitionem
2008 2260 2135 2301 con-

541 2342 731 2399 cludit.
764 2345 921 2415 Apud
966 2344 1287 2415 Lugdunum
1328 2346 1569 2417 synodus
1595 2344 1971 2415 episcoporum
2001 2355 2135 2397 con-

541 2434 787 2506 iungitur
818 2436 870 2507 δ,
898 2437 1236 2494 diversarum
1265 2452 1549 2495 causarum
1583 2437 1966 2493 altercationes
1996 2434 2133 2489 inci-

547 2526 705 2593 dens,
756 2530 1281 2601 negligentioresque
1322 2530 1522 2600 judicio
1571 2529 1852 2585 damnans.
1888 2525 2136 2597 Synodus

538 2619 608 2676 ad
638 2635 826 2692 regem
855 2631 1176 2691 revertitur,
1207 2623 1378 2679 multa
1400 2624 1468 2681 de
1490 2623 1614 2695 iuga
1642 2621 1921 2680 Mummoli
1944 2620 2095 2679 ducis
2113 2659 2131 2690 ,

544 2704 801 2767 nonnulla
834 2713 901 2768 de
929 2714 1214 2770 discordiis
1247 2724 1503 2771 tractans.

617 2804 685 2860 ll.
708 2806 916 2863 Interea
948 2809 1109 2880 legati
1150 2808 1440 2883 Chilperici
1469 2810 1616 2881 regis
1638 2854 1653 2880 ,
1687 2810 1779 2881 qui
1821 2818 1946 2868 ante
1973 2810 2133 2867 trien-

538 2898 688 2954 nium
742 2900 810 2956 ad
866 2901 1138 2959 Tiberium
1181 2903 1563 2975 imperatorem
1593 2903 1860 2971 abierant,
1895 2902 2127 2974 regressi

533 3000 778 3048 suntnon
792 2995 908 3051 sine
918 2996 1278 3065 gravidamno
1288 3007 1449 3068 atque
1474 2998 1680 3055 labore.
1689 2996 1987 3071 272Nam
2005 3012 2129 3053 cum

533 3084 919 3145 Massiliensem
934 3090 1158 3160 'portum
1190 3101 1413 3163 propter
1442 3108 1628 3164 regum
1654 3092 1950 3149 discordias
1978 3091 2129 3149 adire

2246 1875 2482 1947 plurima
2507 1874 2705 1941 adhuc,
2738 1874 2785 1931 si
2818 1876 2926 1932 vita
2954 1890 3135 1932 comes
3168 1876 3352 1946 fuerit,
3382 1877 3597 1933 faciam.
3626 1877 3844 1938 Aureus

2246 1967 2409 2022 etiam
2442 1967 2775 2037 singularum
2808 1966 3069 2024 librarum
3094 1968 3356 2038 pondere,
3380 1984 3515 2041 quos
3542 1968 3844 2041 imperator

2250 2060 2395 2115 misit
2425 2101 2440 2127 ,
2475 2059 2710 2116 ostendit
2742 2104 2756 2127 ,
2789 2060 3053 2117 habentes
3084 2062 3151 2118 ab
3180 2077 3281 2117 una
3315 2071 3463 2132 parte
3495 2064 3710 2119 iconem
3739 2066 3844 2121 im-

2242 2151 2504 2221 peratoris
2546 2151 2771 2222 pictam,
2818 2164 2873 2209 et
2926 2152 3183 2223 scriptum
3237 2155 3290 2210 in
3317 2155 3561 2212 circulo:
3599 2153 3836 2214 TIBERI].

2241 2246 2625 2303 CONSTANTINI.
2659 2246 2949 2303 Pcnrnrur.
2983 2248 3243 2305 AUGUSTI.
3281 2248 3363 2305 Ab
3386 2248 3489 2304 alia
3521 2263 3651 2306 vero
3684 2258 3839 2319 parte

2244 2340 2509 2398 habentes
2532 2341 2841 2412 quadrigam
2890 2351 2943 2397 et
2994 2355 3362 2408 ascensorem,
3390 2342 3839 2413 continentesque

2239 2435 2499 2504 scriptum
2530 2452 2544 2491 :
2580 2432 2808 2491 GLORIA.
2844 2433 3210 2491 Romanorum.
3238 2434 3399 2490 Multa
3431 2444 3615 2491 autem
3649 2444 3705 2492 et
3731 2436 3838 2495 alia

2237 2535 2556 2585 ornamenta
2584 2568 2599 2595 ,
2632 2542 2749 2599 quae
2780 2542 2811 2582 a
2841 2527 3029 2597 legatis
3059 2536 3181 2583 sunt
3220 2526 3480 2594 exhibita,
3510 2528 3751 2585 ostendit
3783 2526 3829 2585 ί.

2306 2616 2396 2674 ll‘l.
2436 2618 2675 2689 Denique
2703 2634 2826 2675 cum
2855 2619 2997 2684 apud
3026 2620 3268 2678 eamdem
3300 2620 3484 2677 villam
3528 2635 3832 2678 commora-

2234 2721 2405 2778 retur,
2439 2711 2658 2782 Egidius
2677 2710 2998 2769 Rhemensis
3020 2715 3303 2785 episcopus
3320 2716 3649 2783 cumprimis
3676 2715 3831 2774 Chil-

2233 2801 2441 2860 deberti
2475 2805 2781 2873 proceribus
2812 2808 2865 2863 in
2897 2808 3215 2879 legationem
3254 2809 3321 2865 ad
3351 2809 3714 2881 Chilpericum
3747 2827 3828 2869 re-

2231 2913 2353 2969 gem
2384 2894 2558 2967 venit,
2590 2901 2769 2973 ibique
2793 2901 3154 2959 collocutione
3184 2903 3344 2970 facta,
3368 2913 3427 2959 ut
3451 2904 3623 2960 abiato
3657 2902 3831 2961 Gunt-

2229 2992 2475 3049 chramni
2520 2993 2662 3067 regis
2708 3009 2896 3065 regno,
2942 2994 2996 3049 hi
3026 3010 3086 3050 se
3116 2994 3445 3067 conjungere
3492 2996 3727 3053 debeant
3774 2998 3828 3055 in

2227 3098 2383 3155 pace,
2408 3084 2482 3141 ait
2505 3085 2842 3156 Chilpericus
2870 3102 2965 3143 rex
2990 3105 3003 3143 :
3035 3086 3159 3143 Filii
3188 3087 3319 3143 mihi
3340 3128 3355 3156 ,
3389 3089 3623 3159 peccatis
3652 3088 3827 3147 incre-

536 3182 654 3237 ausi
678 3197 783 3239 ηο..
815 3195 1019 3253 essent,
1047 3186 1269 3255 Agathae
1294 3196 1318 3225 ο
1344 3188 1553 3255 urbem,
1582 3200 1702 3258 quae
1724 3187 1780 3242 in
1801 3184 2126 3242 Gotthorum
2155 3184 2206 3249 Β
2232 3180 2537 3247 mentibus,
2579 3194 2686 3237 non
2732 3190 3137 3249 remanserunt,
3180 3197 3279 3239 nec
3325 3181 3456 3239 mihi
3499 3198 3642 3239 nunc
3686 3185 3827 3242 alius

532 3287 704 3343 regno
750 3276 852 3331 sita
882 3284 985 3341 est,
1037 3277 1399 3333 advenerunt.
1448 3278 1557 3334 Sed
1604 3280 1916 3348 priusquam
1968 3277 2124 3335 littus

531 3365 881 3437 attingerent,
909 3370 1065 3425 navis
1097 3379 1215 3425 acta
1245 3380 1428 3439 vento,
1460 3371 1688 3441 impulsa
1721 3373 1880 3428 terris
1909 3372 1962 3426 in
2009 3372 2121 3427 fru-

536 3468 621 3515 sta
649 3461 929 3517 minuitur.
958 3462 1146 3533 Legati
1170 3480 1299 3520 vero
1330 3480 1455 3521 cum
1486 3466 1667 3535 pueris
1708 3480 1769 3521 se
1800 3467 1857 3520 in
1876 3466 2122 3535 periculo

533 3561 845 3622 cernentes,
866 3556 1098 3625 arreptis
1131 3556 1322 3613 tabulis
1352 3558 1440 3613 vix
1466 3559 1598 3627 ripa:
1628 3558 1784 3614 relati
1814 3568 1959 3625 sunt,
1983 3558 2120 3614 mul-

532 3640 602 3697 tis
641 3658 932 3713 puerorum
984 3646 1231 3711 amissis;
1286 3646 1383 3703 sed
1437 3648 1653 3718 plurimi
1679 3658 1985 3707 evaserunt.
2013 3648 2121 3707 Res

535 3744 719 3792 autem
762 3752 894 3808 quas
926 3740 1083 3794 unda:
1113 3739 1284 3795 littori
1314 3743 1649 3807 invexeranl,
1684 3741 1875 3797 incola:
1919 3756 2118 3811 rapue-

528 3838 677 3897 runt,
713 3843 780 3886 ex
819 3831 1011 3901 quibus
1057 3834 1201 3903 quod
1248 3834 1443 3890 melius
1492 3833 1591 3889 fuit
1640 3835 1967 3904 recipientes
2000 3880 2015 3903 ,
2052 3837 2120 3891 ad

526 3920 889 3988 Chilpericum
921 3939 1104 3996 regem
1128 3926 1453 3983 retulerunt.
1484 3926 1648 3983 Multa
1697 3936 1877 3982 tamen
1918 3941 1984 3983 ex
2033 3926 2119 3983 his

524 4013 863 4085 Agathenses
884 4034 1066 4077 secum
1084 4007 1448 4077 retinuerunt.
1464 4022 1615 4077 Tune
1636 4035 1736 4092 ego
1755 4021 2119 4093 Novigentum

529 4108 714 4165 villam
741 4109 768 4147 ἀ
793 4110 861 4167 ad
897 4126 1181 4169 occursum
1230 4115 1373 4185 regis
1404 4114 1684 4179 abieram;
1731 4114 1913 4183 ibique
1961 4114 2119 4171 nobis

530 4215 630 4257 rex
662 4202 970 4259 missorium
1007 4214 1029 4242 θ
1060 4220 1333 4275 magnum,
1356 4206 1500 4275 quod
1530 4220 1592 4259 ex
1627 4220 1758 4260 auro
1786 4206 2120 4276 gemmisque

527 4292 888 4350 fabricaverat
946 4296 1000 4349 in
1044 4298 1431 4367 quinquaginta
1497 4298 1755 4353 librarum
1831 4297 2115 4367 pondere,

506 4385 803 4453 ostendit,
831 4385 1054 4442 dicens:
1104 4388 1212 4457 Ego
1255 4389 1371 4445 haec
1409 4390 1475 4445 ad
1531 4390 1899 4444 exornandam
1958 4398 2118 4459 atque

598 4531 624 4560 η
650 4522 705 4597 Is
731 4522 924 4597 estqui
956 4523 1050 4577 lib.
1082 4540 1134 4590 ν,
1158 4538 1274 4593 cap.
1298 4525 1375 4597 747
1396 4566 1409 4589 ,
1440 4528 1639 4597 dicitur
1665 4525 1917 4597 nutritius
1945 4527 2107 4597 regis.

523 4592 590 4648 Et
621 4593 835 4663 quidem
853 4592 965 4648 'Iil).
995 4611 1108 4659 vut,
1135 4592 1254 4663 cap.
1287 4596 1357 4647 2:!
1377 4634 1391 4659 ,
1436 4596 1751 4651 Vandaliuus
1779 4592 2111 4652 nutritor'rc-

523 4665 601 4738 gis
631 4665 830 4738 obiisse
856 4675 1201 4738 memoratur.
1235 4665 1366 4721 Vide
1407 4677 1463 4721 et
1507 4668 1794 4733 epistolam
1824 4667 2107 4738 Chamingi

524 4736 682 4790 ducis
696 4737 760 4791 ad
782 4737 1029 4791 eumdem
1060 4736 1333 4806 Gogonem
1363 4753 1393 4791 a
1416 4738 1653 4794 Frehero
1683 4740 1905 4793 editam.
1937 4736 2109 4796 Litte-

522 4820 703 4879 rarum
736 4806 927 4879 studiis
958 4806 1121 4879 fuisse
1151 4809 1388 4863 deditum
1420 4818 1563 4875 patet
1592 4825 1655 4864 ex
1682 4809 1967 4878 ipsiusmet
1994 4811 2107 4879 epi-

464 4923 477 4945 ,
520 4878 661 4932 stola
688 4876 754 4931 ad
792 4878 1154 4947 Trasericum,
1180 4881 1269 4946 qui
1302 4888 1355 4934 et
1385 4881 1519 4935 alias
1548 4876 1761 4947 scripslit
1805 4880 1872 4934 ab
1916 4876 2106 4938 eodem

520 4947 758 5004 Frehero
787 4957 839 5003 et
869 4945 1110 5003 Chesnio
1141 4945 1331 5004 editas.
1367 4945 1777 5007 Brunechildem
1824 4951 1877 5005 in
1908 4951 2106 5011 Gallias

519 5016 761 5092 adduxit,
778 5027 839 5075 ut
867 5034 932 5074 ex
964 5018 1258 5075 Fortunato
1283 5029 1444 5087 patet,
1478 5023 1568 5092 qui
1598 5022 1665 5076 de
1709 5022 1949 5092 ejusdem
1992 5026 2104 5080 lau-

519 5088 673 5161 dibus
701 5100 927 5161 quatuor
960 5094 1133 5158 priora
1166 5092 1285 5146 libri
1306 5108 1377 5147 vn
1398 5088 1635 5148 carmina
1664 5088 1850 5149 edidit.

591 5159 620 5199 ιδ
651 5159 733 5216 Ea
757 5169 841 5217 est
881 5161 1247 5231 Lugdunensis
1280 5179 1356 5229 ιιι,
1411 5174 1467 5218 ut
1508 5163 1744 5231 videtur,
1794 5165 1917 5221 licet
1964 5182 2100 5223 anno

521 5230 940 5305 Guntramni'iﬁ
968 5242 1289 5305 congregata
1320 5235 1525 5289 dicatur
1550 5234 1601 5290 in
1646 5237 2015 5305 inscriptione,
2050 5239 2100 5292 id

518 5313 602 5357 est
628 5317 769 5358 anno
798 5304 925 5369 585,
957 5303 1287 5361 Childeberti
1318 5315 1528 5360 octavo.
1572 5307 1626 5361 lu
1658 5321 1718 5361 ea
1749 5303 1948 5362 conditi
1978 5318 2104 5364 sunt

524 5386 760 5443 canones
792 5387 908 5439 sex,
942 5374 1032 5443 qui
1061 5377 1113 5429 in
1144 5376 1550 5431 collectionibus
1580 5378 1783 5432 Concil.
1816 5378 2097 5434 habentur.

525 5442 797 5497 Mummoli
828 5442 1000 5514 fugam
1027 5446 1130 5501 hoc
1158 5448 1275 5513 ipso
1309 5464 1447 5503 anno
1469 5450 1565 5501 581
1600 5449 2098 5507 memoratMarlus.

599 5522 621 5590 ἐ
654 5514 744 5567 Sic
765 5514 924 5590 (_'._0rb.
966 5525 1049 5590 et
1078 5518 1231 5572 Coll).
1269 5520 1372 5575 Alii
1413 5536 1539 5574 Vero
1573 5521 1825 5590 Agat/ten.
1864 5520 2001 5576 Urbs
2024 5533 2107 5577 est

522 5583 839 5662 episcopalis
859 5587 1166 5662 notissima,
1199 5591 1356 5660 vulgo
1388 5594 1546 5662 Agtle,
1580 5583 1677 5647 sub
1709 5591 1955 5649 Narbone
1988 5609 2102 5650 me-

522 5655 737 5725 tropoli,
771 5657 823 5711 in
854 5655 1200 5725 Septimania.

589 5723 617 5806 ξ
648 5723 965 5806 complures
996 5739 1119 5806 sunt
1150 5729 1305 5798 hujus
1330 5734 1565 5806 nominis
1595 5736 1736 5791 villa:
1763 5736 1943 5804 regia},
1976 5752 2095 5806 quae

521 5797 682 5873 vulgo
703 5797 913 5874 Nogent
935 5797 1290 5872 appellantur.
1326 5804 1405 5861 Ex
1435 5819 1551 5877 cap.
1592 5806 1623 5862 5
1660 5816 1803 5877 patet
1827 5797 1940 5867 hic.
1964 5797 2099 5869 Cre-

2226 3284 2473 3346 superest
2516 3274 2712 3343 heres,
2744 3277 2847 3333 nisi
2898 3276 3079 3333 fratris
3125 3277 3231 3335 mei
3277 3275 3528 3348 Sigiberti
3560 3278 3723 3348 ﬁlius,
3771 3279 3827 3336 id

2226 3377 2312 3423 est
2340 3366 2715 3425 Childebertus
2741 3385 2840 3425 rex
2867 3386 2881 3424 :
2911 3370 3141 3442 ideoque
3170 3372 3223 3426 in
3250 3371 3498 3428 omnibus
3523 3386 3648 3443 quae
3676 3373 3827 3432 labo-
3885 3427 3905 3446 ,

2226 3474 2347 3516 rare
2390 3470 2637 3531 potuero,
2681 3462 2767 3518 hic
2813 3462 2984 3521 haeres
3032 3465 3249 3519 existat.
3293 3464 3526 3520 Tantum
3570 3464 3699 3520 dum
3731 3464 3826 3521 ad'

2227 3554 2431 3621 vixero,
2473 3555 2629 3613 liceat
2672 3556 2803 3611 mihi
2848 3558 2964 3613 sine
3007 3559 3259 3628 scrupulo
3302 3566 3393 3613 aut
3434 3558 3827 3629 disceptatione

2224 3655 2417 3703 cuncta
2463 3655 2670 3704 tenere.
2701 3648 2772 3705 At
2821 3649 2898 3705 illi
2944 3650 3144 3720 gratias
3190 3658 3444 3722 agentes,
3482 3651 3823 3721 pactionibus

2224 3738 2562 3810 subscriptis,
2592 3754 2656 3796 ea
2684 3754 2803 3809 quae
2834 3740 2995 3797 locuti
3022 3742 3231 3797 fuerant
3261 3742 3638 3810 ﬁrmaverunt,
3664 3751 3722 3799 et
3752 3742 3820 3800 ad

2223 3828 2623 3888 Childebertum
2649 3847 2770 3889 eum
2804 3835 3009 3906 magnis
3039 3834 3351 3892 muneribus
3392 3844 3519 3892 sunt
3556 3836 3818 3909 regressi.

2224 3922 2426 3991 Quibus
2446 3925 2866 3994 discedentibus,
2892 3926 3227 3997 Chilpericus
3250 3942 3342 3983 rex
3362 3926 3768 3984 Leudovaldum
3788 3935 3817 3975 ι

2224 4016 2536 4089 episcopum
2577 4034 2699 4075 cum
2743 4021 2929 4089 primis
2970 4021 3123 4092 regni
3167 4019 3250 4075 sui
3291 4020 3509 4077 direxit.
3541 4020 3646 4088 Qui
3691 4021 3819 4078 dato

2220 4121 2579 4183 susceptoque
2622 4122 2958 4169 sacramento
2993 4112 3052 4181 ιι,
3087 4113 3531 4186 pactionibusque
3568 4110 3820 4182 ﬁrmatis,

2222 4208 2488 4262 munerati
2515 4212 2745 4278 regressi
2769 4216 2912 4264 sunt.

2294 4297 2382 4352 1V.
2426 4298 2606 4369 Lupus
2635 4314 2762 4354 vero
2791 4299 2895 4355 dux
2937 4299 3324 4370 Campanensis
3357 4296 3401 4367 ί,
3444 4312 3567 4355 cum
3609 4296 3815 4369 jamdiu

2220 4390 2289 4446 ab
2337 4391 2576 4448 adversis
2623 4391 2935 4464 fatigaretur
2984 4402 3038 4449 et
3094 4393 3418 4465 spoliaretur
3470 4391 3715 4458 assidue,
3762 4397 3818 4448 et

2222 4523 2433 4595 gorium
2474 4524 2618 4595 loqui
2652 4526 2721 4580 de
2749 4540 2853 4580 una
2903 4540 3023 4596 quae
3062 4527 3114 4582 in
3158 4540 3288 4596 agro
3318 4524 3608 4581 Parisiensi
3650 4532 3814 4589 erat;

2219 4597 2572 4667 proindeque,
2604 4606 2695 4651 aut
2718 4599 2785 4651 de
2826 4595 2931 4652 illa
2957 4612 3075 4667 qua:
3120 4595 3211 4651 ad
3239 4596 3545 4667 Sequanam
3586 4595 3689 4650 sita
3732 4606 3817 4649 est

2218 4666 2356 4722 intra
2381 4668 2635 4734 Parisios,
2656 4668 2815 4723 hodie
2835 4668 3204 4734 Saint-Cloud,
3222 4678 3314 4724 aut
3334 4666 3402 4724 de
3423 4682 3488 4723 ea
3510 4680 3629 4736 qua
3650 4681 3810 4734 supra

2217 4738 2463 4793 eamdem
2494 4740 2682 4812 urbem
2716 4755 2880 4812 pr0pe
2908 4741 3243 4797 conﬂuentes
3293 4738 3659 4812 M_atronm__in
3710 4740 3812 4793 Se-

2216 4824 2472 4890 quanam,
2496 4810 2749 4890 Vicennis
2772 4807 2969 4890 vicina,
2998 4812 3268 4890 hodieque
3301 4810 3506 4890 [vegeat
3536 4807 3718 4890 dicta.-
3797 4878 3811 4890 θ

2293 4889 2316 4916 θ
2340 4882 2648 4960 Missorium
2688 4879 2960 4960 vocabant
2987 4879 3196 4960 pelvim'
3221 4897 3317 4939 seu
3347 4880 3580 4960 discam.
3630 4879 3813 4960 Aliqui

2215 4964 2284 5025 eo
2334 4954 2554 5009 nomine
2598 4956 2862 5011 concham
2913 4948 3248 5025 designatam
3288 4951 3478 5007 volunt
3505 4990 3522 5018 ,
3564 4948 3811 5009 nonnulli

2213 5023 2438 5096 abacum
2475 5040 2596 5080 cum
2637 5027 2785 5081 omni
2813 5023 3165 5096 supellectile.
3294 5072 3299 5075 .

2290 5093 2311 5134 ί
2350 5096 2478 5151 Vide
2506 5097 2635 5151 Paul
2669 5097 2814 5151 Diae.
2844 5093 2938 5153 lib.
2964 5113 3023 5153 ιιι
3049 5099 3185 5153 Hist.
3218 5098 3409 5166 Lang.,
3434 5109 3554 5165 cap.
3587 5095 3677 5150 15.

2285 5176 2314 5216 ε
2340 5169 2523 5231 Corb.,
2552 5167 2907 5239 Leodoaldum
2928 5210 2941 5233 ,
2975 5165 3362 5239 Bajoccnsem,
3396 5176 3454 5221 ut
3482 5166 3715 5239 videtur,
3743 5165 3813 5222 de

2213 5256 2318 5310 quo
2344 5239 2479 5294 intra
2503 5238 2604 5322 lib.
2630 5257 2688 5296 ιιι
2706 5280 2722 5309 ,
2747 5256 2865 5313 cap.
2893 5240 2982 5311 15,
3006 5238 3098 5296 aut
3120 5241 3509 5298 Abrincensem
3527 5280 3542 5305 ,
3569 5238 3661 5309 qui
3686 5247 3811 5295 tunc

2212 5326 2445 5436 “united
2466 5312 2909 5457 veﬁriitexcepto
2936 5384 3123 5453 Corh.,
3156 5384 3355 5441 habent
3380 5392 3716 5456 susceptoque
3743 5388 3808 5437 de

2215 5471 2337 5524 pace
2369 5468 2712 5511 sacramento.

2294 5526 2305 5561 ί
2346 5524 2558 5600 Βρεμι,
2605 5528 3009 5600 Campaniensis,
3053 5538 3106 5584 et
3150 5528 3304 5595 Bad,
3337 5527 3659 5596 Camptmitv,
3690 5536 3809 5600 qu}

2213 5598 2390 5672 ornnia
2417 5600 2662 5655 ean-idem
2690 5595 3014 5669 provinciam
3048 5601 3331 5672 designant
3352 5595 3808 5672 riotis$ituam._Et

2210 5670 2345 5798 intra;
2368 5684 2474 5794 (pro
2504 5666 2748 5751 adversis,
2776 5688 2894 5743 qua:
2922 5675 3082 5734 lectio
3109 5666 3191 5732 est
3219 5672 3383 5744 Corb,
3415 5681 3471 5731 et
3499 5669 3683 5735 Cum,
3710 5666 3805 5723 ha-

2250 5756 2337 5798 eu
2407 5756 2597 5798 aversis.

2250 5752 2337 5800 οιιι
2368 5752 2597 5798 diversa.
