4096 6344
215 319 338 374 57⁸5

1150 282 1473 381 illSTORiA
1512 314 1959 379 rusucouuu.
2003 316 2205 374 LIBER
2246 318 2519 378 ssxrus

3413 325 3515 379 574

218 441 535 516 prmsertim
565 441 632 497 ab
674 441 901 499 Ursione
930 450 985 499 et
1016 440 1324 501 Berteiredo
1350 454 1397 513 ι,
1429 444 1494 499 ad
1524 452 1825 499 extremum
1852 439 1907 499 Δ
1931 448 2268 507 senatorem,
2309 442 2450 498 sicut
2487 442 2561 496 ait
2601 441 2859 512 propheta
2904 450 3027 499 tuus
3060 458 3075 498 :
3116 441 3260 498 Misit
3294 441 3517 500 Verbum

218 536 594 592 conventione
616 535 757 593 facta
783 544 843 592 ut
866 536 1221 605 occideretur,
1240 545 1648 593 commoverunt
1671 550 1825 593 exer-

220 629 403 684 citum
426 637 611 683 contra
635 642 778 683 eum.
806 628 959 696 Quod
987 642 1212 685 cernens
1244 628 1598 686 Brunichiidis
1620 628 1821 698 regina,

219 723 533 779 condolens
574 723 745 780 fidelis
788 724 869 780 sui
915 725 1277 781 insecutiones
1323 726 1572 795 injustas,
1602 721 1828 794 praecin-

229 831 377 887 gens
406 830 465 872 se
501 815 747 883 viriliter,
779 818 967 887 irrupit
996 818 1203 874 medios
1233 817 1467 874 hostium
1496 830 1716 881 cuneos,
1749 814 1829 869 di-

144 956 151 959 .
225 925 372 967 cens
400 929 411 962 :
438 910 636 978 Nolite,
669 926 701 966 ο
727 910 861 979 viri,
893 912 1061 970 nolite
1090 912 1289 968 malum
1316 911 1420 966 hoc
1441 911 1638 977 facere,
1667 908 1830 982 274

226 1003 408 1058 nolite
436 1003 684 1074 persequi
728 1003 1101 1073 innocentem;
1135 1005 1301 1061 nolite
1329 1018 1428 1075 pro
1457 1017 1565 1059 uno
1613 1002 1831 1059 homine

226 1092 579 1148 committere
615 1093 856 1163 praelium
872 1136 889 1163 ,
912 1110 1019 1162 quo
1048 1095 1296 1151 solatium
1319 1094 1553 1164 regionis
1579 1094 1828 1150 intereat.

230 1185 371 1241 limo
399 1186 488 1241 illa
519 1188 791 1256 loquente,
824 1188 1097 1258 respondit
1125 1188 1281 1245 Ursio
1308 1186 1565 1245 :.Recede
1590 1202 1621 1241 a
1649 1186 1826 1253 nobis,

231 1294 273 1334 ο
317 1278 531 1335 mulier.
575 1279 816 1335 Sufﬁciat
863 1280 957 1336 tibi
1005 1279 1106 1336 sub
1150 1280 1267 1336 viro
1312 1278 1549 1335 tenuisse
1586 1291 1832 1348 regnum.

230 1372 398 1429 Nunc
426 1382 601 1429 autem
633 1372 775 1431 ﬁlius
805 1381 928 1429 tuus
958 1383 1171 1444 regnat,
1216 1386 1547 1444 regnumque
1571 1370 1687 1442 ejus
1724 1385 1834 1426 non

238 1473 359 1532 tua,
407 1464 500 1522 sed
550 1475 730 1521 nostra
760 1467 985 1523 tuitione
1015 1466 1273 1521 salvatur.
1304 1465 1384 1520 Tu
1430 1479 1557 1521 vero
1584 1462 1778 1521 recede
1805 1476 1837 1519 a

236 1557 424 1623 nobis,
456 1572 527 1615 ne
556 1566 607 1615 te
647 1559 859 1632 ungulae
896 1574 1155 1629 equorum
1186 1568 1494 1615 nostrorum
1524 1572 1646 1613 cum
1694 1565 1838 1613 terra

236 1648 575 1705 confodiant.
612 1649 738 1707 Haec
763 1659 816 1705 et
845 1650 947 1706 alia
975 1666 1097 1707 cum
1122 1651 1424 1706 diutissime
1456 1651 1599 1706 inter
1623 1663 1682 1706 se
1711 1662 1837 1718 pro-

241 1741 531 1810 tulissent,
569 1742 800 1799 obtinuit
843 1742 1045 1813 reginae
1090 1742 1353 1798 industria
1401 1756 1471 1797 ne
1516 1748 1836 1810 pugnarent.

1930 546 2077 585 suum
2098 573 2110 595 ,
2142 542 2189 586 et
2213 535 2410 587 sanavit
2436 552 2519 589 eos
2552 532 2722 605 (Psal.
2746 551 2861 602 cvr,
2885 534 3000 607 20).
3025 534 3178 604 Quod
3204 545 3380 594 autem
3408 537 3515 603 ais,

1930 626 2051 695 quia
2080 626 2194 696 ipse
2221 641 2328 681 non
2358 638 2607 699 generet,
2637 630 2757 685 audi
2800 631 3113 699 prophetam
3146 638 3294 687 tuum
3332 631 3515 688 dicen-

1933 727 2040 774 tem
2074 734 2139 772 ex
2180 732 2313 774 voce
2357 719 2626 777 dominica
2656 739 2667 776 :
2704 721 2956 792 Nunquid
2986 740 3097 794 ego,
3125 724 3213 793 qui
3242 725 3371 781 alios
3417 743 3511 796 pa-

1932 826 2041 865 rere
2067 811 2221 878 facio,
2247 812 2355 881 ipse
2384 828 2486 866 non
2518 816 2716 881 pariam
2748 814 2899 885 (Isai.
2925 831 3078 883 LXVI,
3108 817 3202 883 9)?
3232 817 3345 873 haec
3371 819 3513 874 enim

1933 901 2000 957 de
2031 901 2248 972 populo,
2285 902 2373 972 qui
2402 902 2456 958 in
2484 919 2606 959 eum
2646 920 2741 975 per
2768 905 2927 962 ﬁdem
2957 909 3277 975 renascitur,
3305 909 3397 963 ait.
3433 909 3516 965 Ad

1934 994 2050 1050 hac
2091 994 2310 1050 Judazus
2354 996 2633 1065 respondit
2662 1014 2675 1050 :
2704 996 2952 1066 Nunquid
3003 1000 3142 1055 Deus
3191 1000 3351 1055 homo
3400 1000 3520 1054 fieri

1936 1086 2138 1157 potuit,
2160 1101 2247 1142 aut
2270 1086 2338 1144 de
2359 1087 2581 1143 muliere
2602 1090 2779 1154 nasci,
2803 1091 3115 1148 verberibus
3135 1092 3320 1159 subdi,
3346 1103 3519 1147 morte

1937 1180 2222 1237 damnari?
2246 1181 2327 1236 Ad
2358 1184 2469 1238 haec
2513 1198 2638 1254 rege
2669 1193 2900 1251 tacente,
2940 1186 2991 1240 iu
3038 1187 3273 1241 medium
3318 1202 3405 1242 me
3436 1189 3519 1241 in-

1938 1287 2130 1343 gerens
2158 1272 2270 1328 dixi
2298 1290 2311 1326 :
2339 1273 2413 1330 Ut
2454 1274 2594 1330 Deus
2644 1276 2736 1330 Dei
2784 1274 2956 1331 Filius
2993 1276 3153 1332 homo
3199 1278 3379 1343 fieret,
3414 1292 3520 1332 non

1939 1381 2087 1433 suae,
2131 1366 2229 1423 sed
2276 1375 2475 1423 nostrae
2525 1368 2860 1423 necessitatis
2906 1370 3111 1425 exstitit
3158 1384 3339 1426 causa.
3386 1370 3519 1426 Nam

1939 1457 2203 1527 captivum
2237 1467 2457 1527 peccato
2485 1460 2787 1525 hominem,
2814 1467 2867 1514 et
2896 1457 3095 1515 diaboli
3125 1460 3369 1516 servituti
3397 1462 3525 1519 sub-

1939 1550 2137 1621 jectum
2180 1552 2447 1609 redimere
2486 1565 2592 1607 non
2638 1561 2920 1622 potuerat,
2969 1552 3071 1607 nisi
3119 1553 3390 1610 hominem
3440 1569 3526 1610 as-

1941 1646 2279 1717 sumpsisset.
2307 1647 2420 1717 Ego
2446 1661 2575 1703 vero
2606 1660 2712 1703 non
2739 1646 2807 1701 de
2835 1647 3139 1715 Evangeliis
3163 1654 3218 1703 et
3245 1647 3525 1715 Apostolo,

1943 1756 2061 1811 quae
2093 1756 2200 1797 non
2229 1741 2428 1807 credis,
2470 1742 2566 1796 sed
2595 1741 2664 1797 de
2702 1742 2807 1797 tuis
2847 1740 3000 1796 libris
3043 1740 3349 1796 testimonia
3392 1756 3527 1811 pra:-

238 1832 450 1889 Tamen
479 1834 546 1890 ab
574 1834 665 1890 illo
694 1835 812 1891 loco
853 1835 1207 1903 discedentes,
1239 1835 1509 1892 irruerunt
1538 1834 1592 1889 in
1641 1832 1833 1889 domos
1861 1830 1914 1894 B
1932 1832 2090 1901 ‘bens,
2117 1835 2335 1904 proprio
2361 1844 2414 1890 te
2441 1848 2698 1891 mucrone
2726 1834 3026 1889 confodiarn
3047 1873 3062 1900 ,
3089 1834 3231 1890 sicut
3254 1833 3524 1903 quondam

242 1923 388 1994 Lupi
440 1933 492 1980 et
542 1925 753 1996 direpto
779 1924 925 1980 omni
956 1924 1204 1993 prmsidio
1228 1924 1279 1992 δ,
1307 1922 1568 1994 ﬁngentes
1597 1938 1659 1979 se
1702 1922 1835 1977 illud

242 2018 302 2072 in
333 2016 588 2073 thesauro
619 2018 758 2089 regis
788 2018 1104 2088 recondere,
1129 2018 1239 2074 suis
1265 2031 1389 2073 eum
1416 2015 1663 2071 domibus
1692 2015 1835 2071 intu~

241 2110 452 2178 ierunt,
486 2111 818 2170 intendentes
846 2112 997 2184 Lupo
1026 2113 1219 2182 minas,
1244 2121 1404 2182 atque
1432 2110 1674 2167 dicentes
1700 2126 1715 2163 :
1743 2109 1836 2165 Vi-

242 2214 351 2257 vus
377 2202 625 2260 virtutem
657 2213 893 2261 nosnam
921 2219 1027 2260 non
1055 2204 1265 2261 evadet.
1297 2205 1367 2261 At
1392 2203 1484 2259 ille
1519 2215 1749 2259 cernens
1776 2214 1838 2257 se

243 2296 304 2351 in
346 2295 675 2365 discrimine,
704 2307 870 2355 tutata
917 2298 1054 2354 infra
1085 2298 1233 2354 urbis
1281 2296 1523 2366 Lugduni
1569 2294 1776 2351 Clavati
1811 2303 1834 2331 θ

244 2402 433 2446 muros
462 2390 687 2461 conjuge
724 2405 843 2461 sua,
872 2390 941 2447 ad
985 2389 1449 2446 Guntcliramnum
1481 2401 1662 2458 regem
1710 2399 1839 2442 con-

247 2480 401 2551 fugit.
432 2483 477 2537 A
516 2497 622 2553 quo
652 2482 878 2555 benigne
920 2492 1202 2555 susceptus
1240 2496 1364 2537 cum
1404 2496 1470 2538 eo
1512 2480 1695 2547 latuit,
1739 2494 1839 2535 ex-

248 2582 506 2643 spectans
549 2586 609 2632 ut
649 2576 1029 2634 Chiidebertus
1078 2577 1144 2633 ad
1193 2575 1488 2646 legitimam
1534 2574 1841 2645 perveniret

248 2676 467 2725 atatem
478 2708 490 2723 .

324 2758 391 2814 V.
424 2761 593 2831 igitur
617 2759 952 2832 Cbilpericos
979 2776 1103 2829 rex,
1135 2776 1255 2818 cum
1285 2762 1457 2819 adhuc
1483 2761 1622 2832 apud
1653 2775 1842 2832 supra-

251 2850 452 2906 dictam
478 2851 658 2907 villam
690 2862 1013 2919 moraretur,
1044 2853 1422 2924 impedimenta
1453 2853 1655 2909 moveri
1695 2868 1838 2923 prte-

251 2942 473 3011 cipiens,
508 2942 741 3000 Parisios
770 2945 958 3001 venire
986 2946 1239 3016 disponit.
1273 2948 1351 3001 Ad
1380 2960 1536 3016 quem
1565 2960 1687 3001 cum
1726 2944 1840 3015 jam

254 3036 611 3091 valedicturus
661 3038 1011 3105 accederem,
1055 3040 1269 3095 Judmus
1315 3040 1571 3110 quidam,
1625 3039 1838 3095 Priscus

255 3128 493 3197 nomine,
523 3130 614 3200 qui
636 3128 687 3185 ei
713 3129 779 3185 ad
800 3133 1006 3200 species
1031 3131 1351 3186 eoemendas
1379 3129 1660 3186 familiaris
1687 3139 1803 3186 erat
1820 3170 1838 3199 ,

1922 1926 2108 1981 iDavid
2157 1926 2366 1982 Goliam
2409 1926 2604 1998 legitur
2652 1926 2964 1982 trucidasse.
3002 1924 3161 1995 igitur
3204 1926 3346 1995 quod
3389 1928 3530 1982 Deus

1942 2019 2104 2074 homo
2129 2018 2337 2074 futurus
2363 2028 2535 2087 esset,
2560 2020 2685 2075 audi
2714 2019 3028 2088 prepiietam
3060 2027 3207 2073 tuum
3233 2036 3245 2072 :
3277 2017 3342 2073 Et
3371 2018 3529 2085 Deus,

1939 2112 2143 2182 inquit,
2173 2120 2221 2166 et
2252 2112 2422 2179 homo,
2464 2119 2511 2166 et
2540 2112 2651 2179 quis
2683 2112 2911 2180 cognovit
2943 2112 3099 2165 etim?
3126 2111 3192 2165 Et
3228 2110 3353 2165 alibi
3384 2128 3395 2164 :
3430 2109 3533 2164 Hic

1939 2213 2014 2258 est
2054 2203 2193 2259 Deus
2235 2210 2426 2271 noster,
2457 2216 2502 2259 et
2543 2190 2987 2272 non'reputabitur
3012 2204 3145 2257 alius
3178 2212 3361 2272 printer
3383 2204 3547 2268 eum;'

1943 2301 2035 2368 qui
2067 2300 2255 2353 invenit
2292 2315 2491 2353 omnem
2516 2299 2651 2352 viam
2677 2298 2916 2363 scientiw,
2947 2308 2994 2351 et
3021 2296 3161 2357 dedit
3198 2296 3343 2350 illam
3371 2294 3534 2350 Iacob

1944 2409 2100 2461 puero
2122 2409 2235 2461 suo,
2260 2402 2306 2448 et
2328 2391 2495 2447 Israel
2524 2390 2709 2447 dilecto
2736 2407 2846 2446 suo.
2878 2389 3115 2445 Post/uec
3142 2392 3197 2444 in
3223 2390 3369 2443 terris
3397 2389 3535 2442 visus

1943 2494 2017 2540 est
2043 2496 2090 2539 et
2130 2502 2245 2538 cum
2274 2484 2560 2539 hominibus
2591 2493 2915 2538 conversatus
2940 2491 3014 2539 est
3038 2480 3290 2554 (Baruch.
3318 2496 3408 2545 tu,
3442 2481 3532 2546 56,

1943 2574 2034 2643 57,
2063 2577 2174 2646 58).
2208 2576 2357 2644 Quod
2386 2583 2569 2631 autem
2599 2575 2666 2631 de
2694 2574 2913 2645 Virgine
2942 2573 3201 2639 nascitur,
3231 2571 3353 2627 audi
3380 2570 3536 2625 simi-

1944 2671 2064 2726 liter
2090 2670 2405 2739 prophetam
2438 2679 2585 2723 tuum
2614 2668 2879 2723 dicentem
2907 2682 2918 2719 :
2955 2664 3088 2719 Ecce
3122 2663 3280 2734 Virgo
3311 2665 3362 2717 in
3391 2672 3535 2717 utero

1945 2762 2229 2830 concipiet,
2275 2770 2320 2816 et
2359 2762 2522 2830 pariet
2572 2760 2770 2830 lilium,
2816 2768 2862 2814 et
2912 2759 3172 2813 vocabitur
3201 2772 3383 2812 nomen
3427 2759 3533 2827 ejus

1943 2854 2283 2921 Emmanuel,
2315 2855 2453 2924 quod
2480 2866 2553 2909 est
2581 2854 3000 2922 interpretatum,
3033 2851 3317 2905 Nobiscum
3347 2851 3485 2904 Deus
3512 2849 3534 2888 ί

1947 2946 2100 3018 (Isai.
2128 2961 2232 3014 vn,
2263 2944 2362 3012 I4;
2396 2945 2584 2998 Matth.
2608 2960 2658 3011 1,
2687 2943 2801 3014 25).
2830 2942 2982 3009 Quod
3011 2941 3323 2997 verberibus
3347 2940 3535 3007 subdi,

1946 3040 2091 3111 quod
2133 3038 2299 3093 clavis
2327 3038 2475 3106 affigi
2501 3037 2760 3105 deberet,
2806 3044 2862 3091 et
2900 3035 3019 3090 aliis
3068 3049 3281 3104 quoque
3327 3033 3536 3103 injuriis

1947 3130 2248 3199 subjacere,
2281 3130 2365 3183 vel
2407 3127 2583 3193 affici,
2627 3128 2763 3183 alius
2806 3125 3068 3196 propheta
3114 3128 3189 3181 ait
3219 3145 3233 3180 :
3265 3125 3537 3179 Fuderunt

254 3220 669 3291 advenit.Cujus
691 3224 909 3279 caesarie
940 3239 1032 3279 rex
1056 3223 1250 3280 blande
1271 3224 1606 3295 apprehensa
1640 3238 1836 3293 manu,
1868 3214 1919 3282 Ε
1950 3238 2131 3277 atauus
2158 3237 2296 3275 meas
2324 3231 2373 3275 et
2400 3221 2553 3292 pedes
2588 3226 2724 3274 meos
2749 3234 2767 3273 :
2798 3217 3078 3272 diviserunt
3117 3217 3212 3271 sibi
3241 3216 3535 3272 vestimenta

256 3314 328 3368 ait
356 3314 421 3370 ad
466 3329 573 3381 me,
605 3314 829 3371 dicens‘:
867 3315 1038 3385 Veni,
1068 3315 1320 3372 sacerdos
1364 3316 1495 3384 Dei,
1529 3324 1583 3372 et
1625 3317 1843 3385 impone

258 3422 472 3464 manum
518 3423 679 3479 super
720 3424 865 3466 eum.
897 3410 997 3465 illo
1043 3418 1221 3466 autem
1261 3410 1547 3476 renitente,
1582 3411 1657 3466 ait
1702 3425 1838 3467 rex:

259 3498 305 3556 Ο
332 3504 484 3556 mens
526 3501 689 3568 dura,
722 3510 779 3557 et
820 3501 1094 3572 generatio
1130 3516 1344 3573 semper
1390 3502 1691 3571 incredula,
1719 3517 1841 3574 quae

263 3604 371 3646 non
398 3591 639 3663 intelligit
675 3592 772 3648 Dei
800 3592 992 3649 Filium
1018 3591 1048 3631 ει
1076 3593 1179 3650 sibi
1212 3594 1589 3664 prophetarum
1617 3596 1841 3652 vocibus

260 3686 672 3753 repromissum;
700 3700 808 3741 non
832 3685 1081 3755 intelligit
1108 3685 1475 3743 ecclesiastica
1505 3687 1760 3757 mysteria
1784 3686 1840 3743 in

260 3777 373 3832 suis
401 3775 675 3834 sacrificiis
701 3777 947 3849 ﬁgurata.
976 3778 1100 3835 Huic
1126 3793 1191 3835 eo
1214 3780 1447 3849 dicente,
1476 3779 1692 3835 Judaaus
1722 3780 1797 3835 ait
1821 3796 1839 3849 ;

261 3868 403 3925 Deus
434 3883 541 3925 non
566 3879 689 3942 eget
725 3871 1004 3943 conjugio,
1034 3886 1207 3943 neque
1237 3874 1389 3942 prole
1414 3873 1635 3941 ditatur,
1668 3887 1842 3943 neque

261 3964 430 4019 ullum
461 3975 763 4022 consortem
789 3966 941 4036 regni
973 3966 1170 4022 habere
1200 3968 1421 4036 patitur,
1453 3969 1542 4037 qui
1576 3982 1669 4035 per
1695 3968 1841 4039 Moy-

262 4070 359 4113 sen
403 4058 526 4113 ait:
563 4056 763 4125 Videte,
806 4058 968 4113 videte
1009 4059 1130 4128 quia
1168 4073 1259 4128 ego
1305 4075 1417 4113 sum
1464 4058 1741 4127 Dominus,
1792 4067 1843 4114 et

260 4150 451 4220 absque
477 4166 555 4205 me
581 4166 683 4205 non
711 4157 784 4207 est
812 4152 938 4206 deus
963 4158 1010 4206 ο.
1037 4149 1151 4221 Ego
1193 4152 1452 4218 occidam,
1484 4160 1530 4206 et
1557 4166 1651 4222 ego
1680 4151 1843 4206 uiuere

263 4244 482 4315 faciam;
511 4244 822 4315 percutiam,
849 4252 898 4299 et
937 4259 1029 4315 ego
1057 4243 1249 4298 sanabo
1298 4241 1487 4314 (Deut.
1516 4257 1696 4311 χχχιι,
1723 4242 1839 4312 ὖ9).

262 4335 347 4393 Ad
376 4336 493 4392 haec
519 4351 615 4393 rex
657 4337 817 4409 275
855 4337 976 4393 ait:
1008 4336 1149 4392 Deus
1175 4336 1243 4391 ab
1286 4334 1514 4405 spiritali
1551 4346 1707 4391 utero
1754 4334 1845 4391 Fi-

263 4428 391 4490 lium
422 4428 603 4501 genuit
629 4429 1044 4501 sempiternum,
1076 4442 1185 4485 non
1215 4436 1371 4486 aetate
1399 4428 1700 4498 iuniorem,
1732 4442 1842 4485 non

264 4528 532 4593 potestate
572 4520 869 4593 minorem,
896 4523 966 4579 de
997 4536 1103 4593 quo
1144 4521 1262 4598 ipse
1287 4522 1364 4577 ait
1388 4538 1403 4577 :
1430 4521 1513 4577 Ex
1555 4530 1699 4577 utero
1725 4530 1845 4577 ante

1948 3332 2060 3370 mea
2081 3314 2253 3388 (Psai.
2277 3330 2387 3381 siti,
2413 3315 2524 3381 i7),
2547 3322 2651 3370 etc.
2677 3313 2742 3367 Et
2762 3312 2953 3367 iterum
2974 3329 2988 3365 :
3013 3309 3273 3367 Dederunt
3292 3311 3347 3365 in
3361 3327 3534 3365 escam

1948 3426 2113 3466 meam
2137 3410 2205 3478 fel
2224 3452 2237 3476 ,
2270 3419 2317 3463 et
2354 3409 2409 3463 in
2446 3407 2530 3462 siti
2559 3422 2677 3462 mea
2702 3416 2727 3455 8
2750 3414 3048 3476 potaverunt
3078 3421 3158 3459 me
3187 3414 3328 3460 aceto
3357 3404 3532 3476 (Psal.

1950 3518 2136 3570 LXVIII,
2153 3501 2266 3573 Ἡ).
2288 3501 2355 3556 Et
2372 3500 2515 3571 quod
2538 3515 2632 3569 per
2652 3499 2829 3569 ipsum
2844 3497 3019 3554 crucis
3040 3496 3333 3566 patibulum
3356 3496 3536 3553 laben-

1953 3605 2057 3652 tem
2081 3594 2361 3662 mundum,
2384 3601 2440 3650 et
2463 3592 2658 3648 diaboli
2678 3591 2869 3646 ditioni
2895 3580 3196 3660 subjectum
3222 3590 3534 3646 restitueret

1950 3692 2005 3745 in
2026 3702 2192 3758 regno
2218 3702 2336 3755 suo,
2361 3686 2501 3742 idem
2526 3684 2692 3740 David
2720 3684 2881 3755 276
2903 3682 3006 3750 ait,
3036 3680 3286 3738 Dominus
3306 3680 3539 3753 regnauit

1950 3798 1980 3834 α
2010 3781 2147 3852 tigno
2180 3776 2208 3819 h
2240 3776 2417 3850 (Psal.
2436 3775 2685 3845 xcv,10).
2710 3773 2831 3830 Non
2858 3772 3000 3842 quod
3021 3782 3179 3829 antea
3209 3787 3316 3827 non
3344 3786 3536 3842 regna—

1952 3872 2089 3927 verit
2112 3869 2253 3940 apud
2274 3868 2510 3936 Patrem,
2527 3867 2622 3922 sed
2643 3879 2805 3935 super
2826 3864 3075 3933 populum
3100 3877 3259 3933 quem
3278 3876 3309 3917 a
3332 3861 3539 3920 diaboli

1949 3966 2208 4025 servitute
2254 3962 2610 4026 liberaverat,
2656 3958 2791 4015 rude
2834 3971 3058 4027 regnum
3102 3955 3120 3995 ί
3162 3954 3391 4024 accepit.
3442 3945 3544 4011 .lu-’

1949 4060 2100 4116 deus
2123 4057 2192 4111 ad
2220 4055 2336 4111 haec
2359 4052 2675 4122 respondit:
2704 4050 2835 4117 Quae
2864 4049 2975 4104 Deo
3005 4046 3103 4102 fuit
3130 4046 3445 4113 necessitas,
3478 4054 3539 4102 ut

1950 4154 2052 4208 ista
2084 4147 2384 4220 pateretur?
2414 4144 2510 4200 Cui
2540 4158 2641 4215 ego
2668 4162 2680 4196 :
2711 4143 2826 4198 iam
2868 4141 2981 4197 dixi
3012 4139 3143 4206 tibi,
3174 4139 3312 4197 Deus
3357 4139 3538 4196 homi-

1951 4260 2074 4303 nem
2103 4242 2305 4299 creavit
2350 4238 2660 4305 innoxium,
2691 4237 2788 4293 sed
2833 4242 2954 4291 astu
3001 4232 3539 4306 serpentiscircum-

1950 4346 2160 4404 ventus,
2196 4332 2577 4404 praevaricator
2623 4327 2879 4399 praecepti
2924 4328 3092 4382 factus
3121 4332 3202 4379 est
3228 4340 3243 4378 :
3272 4332 3326 4383 et
3356 4322 3475 4379 ideo
3505 4338 3542 4378 a

1951 4427 2081 4485 sede
2106 4422 2341 4497 paradisi
2370 4423 2597 4492 eiectus,
2626 4417 2911 4474 mundanis
2941 4415 3215 4472 laboribus
3253 4416 3540 4485 deputatus

1950 4529 2069 4588 est;
2114 4519 2206 4591 qui
2228 4531 2330 4589 per
2359 4523 2587 4571 mortem
2626 4512 2906 4582 Bnigeuiti
2938 4509 3033 4565 Dei
3067 4509 3265 4565 Christi
3312 4508 3425 4564 Deo
3452 4520 3539 4563 re-

264 4622 537 4692 luciferum
581 4621 732 4693 genui
778 4629 825 4676 te
871 4620 1045 4691 (Psat.
1071 4635 1195 4691 eis,
1220 4619 1302 4693 5).
1351 4618 1503 4676 Hunc
1547 4633 1677 4689 ergo
1722 4627 1851 4675 ante
1876 4604 1932 4671 Β
1952 4604 2270 4674 ‘conciliatus
2292 4620 2375 4668 est
2396 4609 2559 4665 Patri.
2583 4607 2799 4664 Judaeus
2823 4606 2995 4661 dixit:
3026 4603 3141 4659 Non
3168 4610 3377 4672 poterat
3399 4602 3542 4658 Deus

269 4717 464 4775 sarcula
491 4724 710 4784 natum,
744 4714 803 4772 in
848 4713 1152 4773 novissimis
1195 4713 1406 4789 saeculis
1452 4712 1651 4771 mundo
1698 4713 1849 4772 misit

338 4864 365 4893 ι
394 4850 573 4923 Colb.,
604 4851 959 4923 Berahtfrido.

336 4924 363 4965 ιι
398 4923 713 5007 Praesidium
736 4922 817 4981 est
847 4925 1246 5007 pec_unia,_qu:e
1265 4922 1448 5007 auxilii
1491 4935 1665 5006 causa.
1686 4937 1844 4994 sepo-

268 4998 443 5061 nitur;
473 4996 557 5051 vel
583 4994 736 5067 locus
760 4994 1041 5067 secretior,
1070 4994 1161 5051 ubi
1189 4995 1846 5067 ejusmodi_pecunia_ser-

266 5080 445 5124 vatur.
475 5066 558 5121 Ex
588 5065 651 5121 L.
693 5068 737 5123 si
783 5071 988 5135 chorus,
1021 5066 1126 5138 ξι,
1156 5064 1231 5121 de
1264 5068 1417 5138 legat.
1446 5064 1500 5120 5.
1533 5064 1846 5121 Praesidium

271 5156 373 5196 non
406 5138 574 5194 semel
603 5138 820 5195 Plautus
847 5136 1067 5207 usurpat
1095 5152 1193 5207 pro
1220 5136 1467 5207 pecunia.

346 5222 368 5251 ε
404 5210 569 5268 Hodie
612 5209 924 5266 Laudunum
968 5204 1284 5279 appellatur,
1317 5207 1476 5279 vulgo
1522 5204 1853 5279 Laon,qua:

275 5283 398 5340 urbs
428 5284 479 5336 in
512 5282 795 5352 supercilio
819 5276 1017 5337 montis
1041 5276 1326 5352 editissimi
1352 5276 1548 5352 posita,
1572 5277 1666 5331 diu
1694 5276 1852 5331 inex-

270 5347 725 5483 Rugnabilis'fuit,
748 5353 1013 5409 illustrata
1038 5358 1119 5407 est
1146 5347 1435 5420 episcopali
1458 5348 1586 5404 sede
1608 5362 1642 5403 a
1665 5357 1854 5405 sancto

319 5442 533 5483 emigra.

319 5442 533 5482 θιηιειο.

341 5442 647 5552 ἓηίὲιῖίοὼ.
678 5496 871 5553 desunt
899 5497 1015 5551 haec
1059 5494 1216 5550 verba
1244 5492 1337 5548 Dei
1372 5490 1597 5556 Filium,
1630 5498 1684 5545 et
1712 5488 1850 5547 infra

275 5568 421 5639 deest
450 5583 556 5623 vox
594 5570 851 5639 coniugio.
894 5568 1016 5623 Bcc.
1052 5582 1149 5637 pro
1193 5564 1533 5620 ecclesiastica
1572 5564 1842 5633 mysteria,

274 5638 436 5695 habet
461 5641 635 5695 divina
660 5638 917 5709 mysteria.

346 5721 370 5748 ο
399 5710 603 5777 Casin.,
629 5727 729 5764 non
754 5719 824 5764 est
844 5711 994 5764 alius.

347 5780 366 5819 ί
410 5775 600 5847 ϐοή)..-
626 5781 762 5851 quod
810 5782 1219 5849 interpretatum,
1256 5780 1535 5836 Nobiscum
1576 5787 1648 5835 est
1679 5775 1840 5832 Deus.

274 5853 481 5928 Regum
515 5854 763 5923 accipiet,
796 5866 891 5925 pro
918 5852 1186 5921 concipiet.

1960 4709 2175 4768 mittere
2217 4702 2504 4776 prophetas
2532 4711 2624 4757 aut
2668 4698 2960 4770 apostolos,
2991 4695 3081 4767 qui
3126 4709 3247 4751 eum
3296 4694 3362 4747 ad
3406 4694 3543 4749 viam

2033 4858 2059 4898 ι
2092 4848 2148 4903 in
2174 4845 2363 4902 eodem
2392 4841 2514 4898 cod.
2541 4839 2693 4894 deest
2718 4847 2767 4891 et
2792 4836 2846 4909 in
2870 4835 3116 4909 sitimea.
3276 4834 3357 4885 λῆθε

2026 4918 2057 4959 ιι
2087 4899 2200 4975 Das
2219 4899 2438 4971 voculas
2466 4928 2500 4966 a
2540 4910 2680 4981 tigno
2707 4921 2737 4961 a
2770 4905 3011 4981 rabbiuis
3040 4905 3259 4981 abrasas
3291 4899 3539 4981 nonnulli

1955 4971 2235 5062 conquesti
2269 4992 2504 5062 sunt_,_et
2530 4971 2746 5062 quidem
2776 4992 2885 5031 non
2914 4976 3177 5062 habentur
3205 4975 3264 5062 in
3291 4971 3537 5062 Yulgata:

1952 5042 2272 5120 ila—sjtauren
2300 5042 2443 5111 LXX
2474 5042 2825 5124 interpretum
2865 5047 3178 5124 auctoritas,
3212 5052 3268 5124 et
3297 5042 3537 5124 plerique

1957 5110 2380 5200 satiassatias
2409 5110 2659 5200 retinent.
2685 5119 2845 5174 Certe
2874 5118 2928 5200 in
2968 5110 3537 5200 Gallicanis

1961 5183 2252 5272 antiquitus
2297 5202 2540 5272 receptas
2585 5192 2756 5272 fuisse.
2791 5194 3050 5272 probatur
3082 5183 3446 5272 .nondsolu-m‘
3461 5195 3537 5272 ex.

1962 5253 2073 5331 iis};
2084 5253 2337 5339 Eregorii
2361 5253 2507 5322 teitu
2527 5304 2545 5331 ,
2570 5272 2624 5318 et
2639 5277 2709 5339 ex
2742 5253 2952 5339 hymno.
2973 5255 3245 5312 Fortunati
3268 5253 3334 5334 de
3356 5259 3540 5339 saneta

1962 5330 2159 5409 Gruce,
2190 5330 2285 5398 ἔδει
2326 5340 2485 5395 etiam
2528 5330 2595 5389 ex
2639 5332 2897 5409 Psalterio
2924 5330 2991 5409 .in
3043 5330 3321 5409 purpureis
3365 5338 3534 5409 metu:

1966 5392 2430 5479 Eiidu’fiiuéns
2479 5406 2747 5479 argenteis
2791 5392 3071 5479 aureisque
3117 5392 3354 5478 eiurato,
3396 5392 3538 5479 quod

1968 5469 2097 5544 alim
2126 5469 2223 5540 usu
2251 5484 2347 5538 fuit
2373 5483 2525 5537 beato
2541 5469 2821 5548 'Germauo
2855 5469 3143 5548 Parisiepsi
3174 5469 3448 5548 episcopo,
3472 5477 3535 5521 ac

1960 5540 2229 5615 in‘nostro
2258 5548 2582 5609 monasterio
2614 5547 2671 5602 S.
2700 5540 2949 5599 Germani
2982 5556 3009 5593 a
3045 5540 3217 5615 Pratis
3246 5540 3382 5615 inter
3414 5550 3537 5604 pre-

1961 5610 2459 5695 iiosa'i‘antiquitatis
2480 5618 2705 5673 cemelia
2730 5621 3050 5679 asserVutur,
3084 5612 3137 5667 in
3170 5624 3277 5679 quo
3307 5610 3421 5663 haec
3449 5619 3538 5661 ea—

1957 5701 2078 5758 dem
2109 5700 2267 5754 vcrba
2310 5698 2576 5763 leguntur.

2039 5773 2054 5811 ί
2092 5774 2299 5840 Regum,
2329 5759 2621 5822 liberaverat
2655 5759 2864 5829 rudem,
2896 5774 3070 5828 regno.
