4096 6344
582 309 691 373 375

1584 300 1641 358 S.
1685 297 2013 358 GBEGORII
2053 297 2360 358 EPISCOPI
2395 298 2825 361 TURONENSIS
3757 308 3838 362 '57

580 430 898 485 revocarent
942 422 1159 492 salutis,
1208 419 1310 477 nisi
1358 418 1472 490 ipse
1513 416 1822 474 humiliatus
1870 416 2059 471 fuisset
2104 416 2158 471 in
2186 418 2265 477 Α
2340 413 2427 469 Vl.
2468 414 2788 471 Fuitantem
2818 417 2959 487 apud
2990 416 3179 475 urbem
3200 418 3483 479 Nicensem
3510 437 3577 479 eo
3608 430 3879 494 tempore

577 520 782 579 carne?
809 518 892 575 Ad
923 520 1036 574 haec
1062 531 1162 589 ego
1186 533 1199 569 :
1228 514 1274 569 A
1304 511 1564 583 principio
1591 527 1762 581 genus
1789 525 2003 580 semper
2028 508 2160 563 deli-

578 615 700 687 quit
729 615 1018 669 humanum
1037 652 1052 678 ,
1081 624 1241 680 quem
1273 622 1541 677 nunquam
1571 606 1759 661 terruit
1786 618 1885 659 nec
1915 601 2160 656 submer—

578 705 661 762 sio
689 705 903 768 diluvii,
928 717 1023 757 nec
1053 698 1357 755 incendium
1384 697 1653 762 Sodomae,
1678 711 1777 751 nec
1801 695 1967 761 plaga:
1993 692 2161 764 Egy-

580 797 655 867 pti
676 840 690 863 ,
724 809 822 849 nec
852 791 1162 847 miraculum
1193 790 1378 855 maris,
1412 786 1765 857 Jordauisque
1809 784 2037 839 divisio:
2070 783 2159 852 qui

578 902 795 956 semper
823 885 947 954 Legi
977 882 1070 938 Dei
1097 882 1329 949 restitit,
1364 878 1640 947 prophetis
1671 892 1776 931 non
1816 875 2077 941 credidit;
2107 882 2162 930 et

578 995 686 1034 non
725 979 895 1033 solum
929 991 1032 1030 non
1081 974 1342 1038 credidit,
1374 986 1559 1026 verum
1604 970 1763 1025 etiam
1797 968 1942 1037 ipsos
1973 968 2162 1036 prmdi-

538 1128 541 1133 _
577 1079 789 1126 catores
816 1067 1141 1138 poenitentia:
1182 1065 1472 1119 interemit.
1507 1062 1628 1116 Ideo
1657 1062 1760 1115 nisi
1798 1062 1912 1129 ipse
1942 1059 2007 1113 ad
2038 1075 2158 1115 eum

577 1161 946 1217 descendisset
985 1160 1270 1223 redimere,
1302 1157 1418 1210 hazc
1447 1156 1663 1223 explere
1705 1170 1808 1208 non
1842 1160 2049 1221 poterat
2077 1154 2159 1206 al-

575 1264 680 1309 ter.
724 1253 890 1323 Cujus
940 1267 1037 1307 nos
1087 1251 1364 1304 nativitrite
1410 1249 1614 1314 renati,
1649 1246 1913 1315 baptismo
1960 1245 2159 1311 abluti,

574 1347 797 1401 vulnere
826 1335 1026 1412 curati,
1055 1342 1447 1397 resurrectione
1473 1339 1635 1395 erecti
1660 1379 1675 1405 ,
1706 1339 2020 1392 ascensione
2049 1339 2161 1408 glo-

573 1440 763 1496 rilicati
806 1452 1010 1492 sumus.
1042 1436 1194 1503 Quod
1242 1444 1419 1489 autem
1468 1436 1666 1491 morbis
1712 1437 1910 1490 nostris
1957 1431 2160 1487 mederi

573 1540 837 1587 venturus
863 1538 976 1585 erat
998 1570 1013 1594 ,
1049 1528 1303 1597 pr0pheta
1336 1538 1456 1583 tuus
1498 1532 1570 1583 ait
1600 1547 1614 1583 :
1644 1529 1824 1583 Livore
1850 1531 1960 1599 ejus
1989 1528 2161 1582 sanati

572 1640 751 1679 sumus
794 1621 950 1692 (Isai.
984 1637 1098 1687 Llll,
1134 1622 1213 1690 5).
1254 1621 1321 1675 Et
1367 1622 1529 1691 alibi,
1564 1622 1685 1692 Ipse
1731 1633 1938 1693 peccata
1988 1633 2161 1676 nostra

572 1716 825 1785 portabit,
856 1726 901 1769 et
931 1715 1093 1768 orabit
1123 1730 1217 1785 pro
1259 1717 1713 1784 transgressoribus
1762 1716 1924 1787 (Ibid.
1952 1715 2061 1786 ΓΞ).
2095 1716 2159 1769 Et

2267 505 2543 577 Hospitius
2573 509 2846 584 reclausus
2875 526 3081 582 magnae
3107 514 3469 583 abstinentiae,
3497 518 3589 586 qui
3617 519 3873 574 constt-io

2265 614 2382 660 ctus
2405 608 2605 662 catenis
2632 608 2698 661 ad
2730 624 2919 678 purum
2941 623 3138 679 corpus
3164 611 3372 679 ferreis,
3400 613 3590 668 induto
3619 614 3869 680 desuper

2264 697 2440 751 cilicio
2464 738 2480 763 ,
2534 699 2662 753 nihil
2708 700 2850 754 aliud
2882 717 3039 770 quam
3069 718 3259 771 purum
3296 720 3484 773 panem
3516 720 3637 759 cum
3672 705 3865 775 paucis

2264 790 2491 863 dactylis
2516 795 2850 849 comedebat.
2885 796 2939 849 In
2972 796 3164 851 diebus
3195 807 3371 853 autem
3392 799 3863 869 Quadragesimaz,

2265 882 2333 937 de
2366 886 2634 941 radicibus
2664 888 2946 943 herbarum
2994 890 3361 960 Egyptiarum
3396 904 3418 930 ο
3447 934 3462 957 ,
3504 894 3701 960 quibus
3730 906 3857 945 ere-

2265 977 2409 1032 mila:
2447 988 2684 1046 utuntur,
2718 983 3104 1037 exhibentibws
3149 985 3249 1038 sibi
3281 985 3707 1057 negotiatoribus
3737 984 3860 1039 ale-—

2264 1068 2439 1125 batur.
2472 1071 2529 1124 Et
2567 1077 2793 1139 primum
2832 1075 3043 1141 quidem
3070 1076 3154 1142 jus
3196 1076 3245 1128 in
3278 1091 3381 1146 quo
3418 1086 3673 1131 coxerant
3723 1076 3863 1130 bau-

2266 1163 2429 1227 riens,
2463 1164 2605 1232 ipsas
2637 1166 2881 1219 sumebat
2912 1168 2960 1219 in
2989 1177 3284 1235 posterum.
3333 1169 3546 1239 Magnas
3588 1172 3734 1225 enim
3762 1190 3863 1241 per

2265 1267 2386 1307 eum
2420 1254 2675 1309 Dominus
2725 1258 2949 1311 virtutes
3000 1259 3248 1326 dignatus
3294 1270 3375 1314 est
3430 1264 3663 1329 operari.
3720 1265 3857 1319 Nam

2266 1346 2494 1414 quodam
2528 1357 2768 1416 tempore
2789 1395 2803 1419 ,
2865 1352 3136 1406 revelante
3185 1352 3285 1405 sibi
3318 1353 3519 1422 Spiritu
3546 1365 3738 1409 sancto
3764 1360 3862 1410 ad-

2265 1449 2482 1493 ventum
2535 1441 3007 1507 Langobardorum
3042 1446 3093 1497 in
3139 1444 3336 1499 Gallias
3394 1446 3494 1500 hoc
3525 1447 3686 1502 modo
3719 1464 3860 1517 pra:-

2265 1532 2399 1586 dixit
2432 1549 2445 1587 :
2482 1533 2723 1596 Veniant.
2760 1536 2948 1606 inquit,
2984 1537 3314 1605 Langobardi
3345 1539 3396 1591 in
3429 1538 3648 1606 Gallias,
3674 1553 3732 1595 et
3762 1542 3860 1596 de—

2265 1627 2551 1680 vastahunt
2604 1629 2847 1683 civitates
2905 1641 3152 1698 septem,
3231 1646 3296 1685 eo
3362 1632 3502 1701 quod
3562 1634 3861 1688 increverit

2267 1719 2464 1772 malitia
2518 1735 2703 1773 eorum
2756 1721 2809 1773 in
2860 1733 3150 1790 conspectu
3219 1721 3470 1790 Domini,
3547 1724 3671 1792 quia
3741 1725 3859 1779 nul-

571 1810 796 1873 iterum,
834 1810 976 1864 Sicut
1006 1808 1109 1862 ovis
1140 1809 1206 1861 ad
1235 1810 1538 1863 occisionem
1566 1811 1751 1863 ductus
1782 1821 1853 1864 est
1887 1826 1906 1864 :
1934 1820 1982 1863 et
2011 1810 2158 1879 quasi
2188 1809 2238 1869 B
2268 1809 2351 1863 lus
2405 1819 2489 1865 est
2537 1812 2845 1882 intelligens
2876 1852 2892 1877 ,
2950 1814 3124 1867 nullus
3172 1825 3253 1869 est
3310 1817 3587 1884 requirens
3635 1817 3804 1871 Demn
3837 1831 3857 1883 ,'

571 1916 734 1971 agnus
774 1916 947 1954 coram
978 1900 1212 1954 tondente
1241 1917 1293 1953 se
1321 1902 1429 1954 sine
1458 1916 1597 1967 voce,
1624 1903 1697 1955 sic
1724 1918 1827 1954 non
1870 1901 2071 1972 aperuit
2106 1916 2163 1953 os

572 2013 742 2051 suum.
774 1994 840 2049 In
866 1994 1218 2049 humiliutione
1238 1995 1492 2066 judicium
1518 1997 1631 2065 ejus
1659 1996 1914 2049 sublatum
1940 2005 2033 2049 est.
2063 1993 2165 2050 Ge-

572 2088 888 2141 nerationem
924 2090 1039 2158 ejus
1081 2087 1190 2156 quis
1224 2086 1476 2140 enarrabit
1509 2084 1671 2157 (Ibid.
1697 2089 1747 2153 7,
1780 2086 1872 2157 8)?
1911 2087 2161 2141 Dominus

573 2181 883 2234 exercituum
907 2195 1087 2233 nomen
1116 2181 1228 2249 ejus
1260 2176 1411 2251 (Isai.
1438 2195 1546 2244 Liv,
1572 2178 1648 2249 5).
1680 2181 1753 2233 De
1780 2180 1879 2234 hoc
1911 2189 1965 2235 et
1996 2180 2162 2234 Jacob

570 2272 685 2337 ille,
715 2273 781 2328 de
820 2272 973 2341 cujus
1007 2281 1058 2328 te
1084 2271 1271 2340 (jactas
1303 2274 1513 2337 venisse
1559 2275 1927 2342 generatione,
1972 2274 2026 2327 in
2071 2274 2162 2328 illa

570 2363 667 2418 lilii
693 2364 775 2418 sui
802 2362 954 2420 Judm
986 2363 1383 2427 benedicdone,
1410 2363 1563 2433 quasi
1592 2364 1658 2418 ad
1688 2364 1861 2432 ipsum
1884 2364 2158 2419 Christum

573 2457 763 2513 Filium
795 2459 890 2513 Dei
920 2458 1162 2527 loquens,
1192 2458 1303 2511 ait:
1334 2457 1638 2511 Adorabunt
1665 2466 1711 2510 te
1740 2458 1836 2526 ﬁlii
1868 2458 2030 2526 patris
2061 2457 2158 2513 tui.

574 2549 786 2606 Catulus
828 2552 988 2607 leonis
1016 2551 1180 2607 Iuda.
1210 2550 1288 2604 De
1332 2551 1575 2623 germine,
1605 2552 1683 2619 [ili
1721 2552 1821 2617 mi,
1852 2552 2157 2619 ascendisti,

575 2643 818 2697 recubans
848 2644 1081 2697 dormisti
1109 2643 1255 2713 quasi
1283 2642 1384 2712 leo,
1415 2643 1561 2712 quasi
1589 2643 1789 2696 catulus
1820 2644 2001 2697 leonis.
2036 2645 2161 2709 Quis

576 2735 833 2789 suscitabit
879 2750 994 2789 eum
1041 2732 1205 2806 (Gen.
1232 2751 1386 2802 XLII,
1413 2736 1465 2802 8,
1508 2734 1604 2805 9)?
1652 2733 1986 2789 Pulchriores
2028 2736 2163 2789 oculi

576 2831 683 2899 ejus
704 2828 840 2893 vino,
870 2837 917 2881 et
945 2828 1121 2882 dentes
1162 2831 1273 2899 ejus
1316 2828 1445 2881 lacte
1481 2828 1804 2882 candidiores
1851 2825 2015 2898 (Ibid.
2047 2828 2158 2898 1‘2).

575 2922 723 2988 Quis,
756 2921 960 2993 inquit,
992 2922 1253 2977 suscitabit
1282 2923 1439 2976 eum?
1487 2924 1553 2977 Et
1598 2922 1723 2978 licet
1769 2922 1885 2991 ipse
1928 2923 2159 2978 dixerit:

574 3014 731 3085 277
772 3012 1088 3068 Potestatem
1134 3014 1295 3067 habeo
1341 3014 1561 3082 ponendi
1607 3015 1835 3069 animam
1881 3032 2073 3082 meam,
2116 3024 2163 3070 et

573 3114 871 3173 potestatem
899 3106 1060 3162 habeo
1090 3107 1272 3162 iterum
1300 3109 1538 3163 sumendi
1574 3126 1687 3164 eam
1731 3110 1912 3180 (Joan.
1946 3128 1978 3166 x
1998 3152 2013 3177 ,
2047 3110 2162 3182 18),

2268 1901 2446 1955 nullus
2500 1912 2583 1955 est
2640 1904 2727 1972 qui
2788 1902 2948 1957 faciat
2999 1904 3199 1959 bonum
3233 1943 3248 1969 ,
3306 1921 3411 1975 quo
3467 1906 3543 1961 ira
3595 1907 3685 1962 Dei
3737 1910 3858 1977 pla-

2266 2004 2437 2049 cetur.
2491 1993 2585 2047 Est
2641 1994 2786 2049 enim
2845 1997 3021 2050 omnis
3069 1998 3294 2066 populus
3352 2000 3513 2069 278
3588 1999 3855 2066 infidelis,

2265 2084 2517 2153 perjuriis
2563 2086 2813 2155 deditus,
2874 2088 3031 2143 furtis
3087 2089 3350 2145 obnoxius
3379 2131 3396 2156 ,
3444 2092 3496 2145 in
3548 2092 3854 2148 homicidiis

2267 2184 2547 2245 promptus
2579 2219 2595 2244 ,
2647 2192 2677 2231 a
2729 2178 2918 2247 quibus
2978 2179 3153 2235 nullus
3197 2180 3420 2249 justitia:
3468 2180 3673 2236 fructus
3724 2185 3858 2238 ulla-

2267 2277 2420 2323 tenus
2449 2270 2643 2325 crescit
2674 2268 2732 2337 d;
2766 2287 2870 2325 non
2914 2271 3137 2327 decima:
3165 2272 3393 2340 dantur,
3436 2289 3541 2328 non
3584 2290 3856 2345 pauperes

2264 2362 2495 2424 aluntur,
2547 2378 2652 2417 non
2704 2372 2957 2433 teguntur
2987 2365 3136 2429 nudi,
3186 2382 3290 2419 non
3325 2368 3590 2437 peregrini
3621 2366 3855 2437 hospitio

2266 2454 2636 2521 recipiuntur,
2689 2464 2780 2509 aut
2825 2456 2947 2509 cibo
3001 2457 3326 2512 sufficienter
3372 2460 3681 2513 satiantur:
3732 2460 3854 2515 ideo

2266 2542 2380 2599 hinc
2410 2547 2564 2615 plaga
2590 2550 2923 2617 supervenit.
2957 2548 3109 2603 Nunc
3137 2560 3317 2605 autem
3338 2550 3460 2606 dico
3487 2552 3641 2608 vobis
3672 2571 3688 2607 :
3714 2553 3856 2609 Cone

2265 2640 2432 2710 gerite
2454 2655 2668 2697 omnem
2712 2642 3064 2697 substantiam
3118 2653 3347 2699 vestram
3394 2642 3533 2698 infra
3575 2661 3851 2700 murorum

2266 2742 2415 2800 septa
2437 2773 2453 2799 ,
2487 2750 2553 2788 ne
2578 2749 2604 2785 a
2636 2733 3001 2804 Langobardis
3046 2736 3361 2807 diripiatur;
3409 2747 3465 2793 et
3491 2753 3585 2793 vos
3623 2738 3772 2807 ipsos
3802 2739 3852 2794 in

2267 2823 2406 2880 locis
2450 2826 2774 2882 firmissimis
2802 2832 3152 2883 communite.
3184 2830 3308 2885 llaec
3336 2846 3403 2885 eo
3430 2830 3703 2900 loquente,
3736 2845 3855 2885 om-

2267 2931 2365 2971 nes
2393 2918 2747 2987 obstupefacti
2797 2930 2851 2974 et
2899 2922 3265 2977 valediccntcs
3303 2937 3426 2975 cum
3469 2937 3651 2990 magna
3686 2921 3856 2975 adrui.

2267 3010 2475 3064 ratione
2521 3011 2587 3065 ad
2638 3013 2853 3080 pr0pria
2884 3022 3007 3067 sunt
3053 3012 3304 3081 regressi.
3339 3013 3608 3067 Monacbis
3636 3026 3855 3080 quoque

2271 3101 2405 3156 dixit
2438 3103 2766 3158 :Abscedite
2804 3113 2857 3159 et
2888 3120 2980 3158 vos
3011 3120 3038 3157 a
3072 3103 3212 3166 loco,
3245 3103 3550 3158 auferentes
3581 3103 3853 3157 vobiscum

573 3206 749 3255 tamen
781 3198 979 3255 Paulus
1004 3201 1280 3269 apostolus
1308 3200 1420 3256 ait:
1457 3202 1558 3267 Qui
1587 3220 1689 3256 non
1719 3206 1987 3259 crediderit
2025 3205 2165 3275 quod
2191 3208 2238 3273 C
2274 3212 2393 3267 quae
2424 3196 2667 3261 habetis;
2702 3213 2830 3253 ecce
2878 3198 3022 3252 enim
3076 3198 3467 3267 appropinquat
3511 3211 3644 3266 BCIIS
3701 3210 3853 3265 quam

573 3289 713 3346 Deus
734 3292 882 3346 illum
911 3293 1172 3346 suscitavit
1198 3309 1232 3346 a
1256 3295 1489 3360 mortuis,
1513 3294 1683 3348 salvus
1708 3311 1818 3349 esse
1847 3313 1945 3350 non
1977 3297 2162 3367 poterit

573 3384 751 3456 (Rom.
778 3401 811 3439 ι
832 3428 846 3451 ,
876 3385 957 3456 9).
987 3386 1114 3441 Harc
1141 3395 1197 3440 et
1225 3386 1325 3441 alia
1358 3387 1511 3441 nobis
1538 3389 1861 3455 dicentibus,
1891 3405 2164 3461 nunquam

574 3485 928 3544 compunctus
955 3484 1037 3530 est
1067 3477 1230 3530 miser
1256 3476 1325 3531 ad
1367 3477 1714 3534 credendum.
1749 3480 1899 3534 Tunc
1947 3496 2040 3536 rex
2086 3481 2162 3535 si—

576 3567 720 3624 lente
768 3568 883 3635 illo,
926 3581 1048 3623 cum
1099 3567 1305 3625 videret
1358 3585 1480 3626 eum
1532 3572 1615 3627 his
1664 3572 2004 3627 sermonibus
2057 3586 2166 3628 non

576 3660 895 3731 compungi,
926 3661 992 3716 ad
1022 3676 1111 3717 me
1138 3677 1453 3730 conversus,
1486 3666 1719 3734 postulat
1752 3673 1807 3719 ut
1835 3674 2053 3734 accepta
2082 3664 2167 3721 be-

576 3754 879 3810 nedictione
904 3752 1282 3811 ‘discederet.
1327 3755 1415 3811 Ait
1457 3757 1599 3811 enim
1634 3772 1648 3809 :
1699 3754 1913 3821 Dicam,
1960 3757 2162 3827 inquit,

578 3849 711 3915 tibi‘,
742 3864 776 3903 ο
802 3849 1076 3918 sacerdos,
1105 3849 1247 3919 quod
1275 3849 1441 3905 Jacob
1470 3848 1606 3903 dixit
1629 3849 1693 3903 ad
1720 3849 1965 3919 angelum
1995 3850 2084 3919 qui
2115 3850 2166 3905 ei

577 3939 937 4011 loquebatur:
971 3938 1097 3994 Non
1144 3940 1398 3993 dimittant
1439 3948 1505 4005 te,
1542 3938 1641 3992 nisi
1688 3940 1999 3993 benedixcris
2040 3939 2169 3993 mihi

579 4030 735 4105 (Gen.
768 4047 951 4100 χχχιι,
983 4030 1101 4102 26).
1154 4031 1217 4086 Et
1266 4031 1383 4086 haec
1422 4031 1627 4098 dicens,
1678 4045 1873 4102 aquam
1924 4032 2169 4088 manibus

578 4127 779 4198 porrigi
829 4127 1019 4197 jubet;
1060 4124 1250 4194 quibus
1293 4125 1511 4192 ablutis,
1559 4124 1699 4180 facta
1733 4126 1976 4180 Oratione
2004 4124 2053 4193 δ,
2083 4140 2171 4181 ac-

578 4227 737 4287 cepto
768 4228 907 4285 pane
953 4216 1151 4287 gratias
1187 4216 1295 4270 Deo
1333 4226 1573 4284 agentes,
1603 4228 1658 4271 et
1698 4218 1796 4286 ipsi
1840 4218 2168 4285 accepimus,

580 4316 636 4362 et
675 4306 788 4375 regi
838 4308 1197 4375 porreximus,
1239 4308 1538 4376 haustoque
1580 4322 1750 4373 mero,
1804 4308 2172 4364 valedicentes

583 4398 950 4454 discessimus.
984 4397 1097 4452 Rex
1126 4414 1255 4453 vero
1284 4412 1509 4454 ascenso
1537 4401 1715 4469 equite
1765 4399 1840 4472 [1.
1871 4401 2028 4474 equo]
2072 4403 2173 4458 Pa-

582 4488 743 4543 risios
772 4498 856 4545 est
899 4503 1201 4561 regressus,
1231 4505 1356 4547 cum
1385 4490 1611 4561 conjuge
1657 4500 1712 4548 et
1758 4492 1899 4563 filia,
1932 4503 1988 4552 et
2026 4496 2173 4553 omni

582 4581 783 4637 familia
813 4596 927 4639 sua.

654 4748 683 4779 ι
723 4739 898 4813 Reges
925 4740 995 4797 ab
1030 4742 1297 4818 episcopis
1323 4742 1775 4818 benedicebantur
1804 4787 1818 4811 ,
1865 4756 1925 4802 nt
1971 4750 2169 4818 passim

582 4810 747 4879 Greg.
780 4810 1232 4869 memorauliinc
1251 4815 1309 4871 S.
1334 4815 1563 4871 Hilarius
1591 4827 1775 4872 contra
1798 4810 2170 4879 Constantium

582 4828 757 4937 uregé
780 4828 1062 4868 memorat.
1091 4828 1226 4869 ιιιηο
1251 4828 1309 4871 δ.
1334 4828 1563 4871 hilarius
1591 4828 1775 4872 contra
1798 4828 2165 4879 LonStantium

580 4883 688 4937 scri
730 4963 734 4964 ν
762 4898 845 4964 ns,
896 4886 944 4964 ei
993 4887 1292 4964 exprobrat
1321 4903 1355 4964 :_
1384 4886 1583 4964 Oscula
1614 4890 1900 4964 sacerdotes
1938 4894 2128 4964 excipis
2150 4931 2165 4959 ,

582 4963 737 5025 caput
768 4955 1104 5010 benedictiom'
1127 4958 1404 5023 submittis,
1428 4966 1481 5009 ut
1512 4960 1666 5026 ﬁdem
1696 4962 1877 5015 calces.
2050 4955 2061 4964 ’
2152 4955 2160 4959 ⁷

628 5024 685 5097 7h
726 5025 1084 5097 Hieronymus
1110 5028 1175 5081 ad
1208 5029 1552 5084 Eustochium
1589 5048 1601 5081 :
1637 5030 1745 5085 Nec
1775 5034 1874 5086 cibi
1903 5043 2171 5089 sumantur

581 5096 684 5171 nisi
706 5096 938 5171 oratione
956 5100 1253 5171 prtzmissa;
1280 5116 1371 5154 nec
1393 5100 1656 5154 recedatur
1680 5120 1711 5155 a
1734 5120 1930 5171 mensa,
1961 5107 2059 5159 nisi
2087 5124 2167 5160 re-

582 5168 779 5242 feratur
799 5167 1030 5242 Creatori
1056 5172 1246 5242 gratia.
1286 5172 1503 5241 Singula
1534 5171 1732 5228 fercula
1782 5167 2162 5242 signabantur,

582 5240 775 5316 exiit).
805 5253 822 5293 ι
852 5239 921 5316 de
947 5237 1095 5316 Glor.
1130 5240 1309 5316 hlart.,
1338 5237 1458 5316 cap.
1484 5243 1578 5316 >80,
1605 5244 1760 5300 infra.
1814 5237 1881 5300 Et
1919 5237 2165 5316 quaedam

583 5306 683 5387 Dei
709 5308 905 5364 famula
935 5311 1076 5387 apud
1125 5306 1348 5387 Gregor.
1380 5312 1449 5367 Μ.
1483 5306 1574 5369 lib.
1625 5332 1640 5369 ι
1689 5306 2078 5387 ΒίεΙος.,ὀθρ.
2109 5317 2165 5386 4,

582 5386 645 5431 ut
660 5380 935 5456 lactucam
965 5382 1124 5435 oblita
1149 5380 1295 5452 signa
1330 5386 1497 5440 crucis
1536 5388 1826 5453 benedicere
1842 5380 2163 5456 momordit,

580 5462 615 5501 a
642 5448 885 5505 daemone
905 5463 1149 5516 correpta
1179 5448 1277 5509 est.

662 5528 684 5556 ε
728 5519 807 5599 Ex
838 5520 939 5573 hoc
967 5521 1084 5599 loco
1126 5527 1482 5593 negotiatores
1512 5527 1789 5599 Aigyptios
1828 5528 2025 5584 Gallias
2052 5531 2158 5587 fre—

581 5590 1162 5669 qttentasseculligitur
1185 5590 1219 5658 ,⁷
1249 5600 1338 5666 qui
1372 5614 1476 5653 non
1522 5590 1693 5653 solum
1728 5602 1941 5667 herbas,
1986 5603 2080 5656 sed
2110 5611 2162 5657 et

582 5660 827 5731 chartam
858 5660 1000 5731 illam
1026 5660 1373 5731 papyraceum
1396 5671 1807 5726 adeocelcbrem
1841 5660 2159 5731 offerebant.

586 5728 743 5812 Unde
767 5728 1055 5810 Gregorius
1083 5728 1362 5812 supralib.
1392 5757 1443 5807 v,
1472 5757 1589 5809 cap.
1638 5743 1690 5808 5,
1720 5743 1883 5797 Felici
1930 5728 2163 5799 Namne;

580 5806 747 5873 tonsi,
779 5806 872 5875 qui
902 5813 1027 5871 eum
1056 5806 1310 5877 conuiciis
1335 5806 1658 5883 impetiérat,
1679 5806 2012 5884 'rescribens,
2037 5830 2161 5877 eum

2272 3287 2516 3357 praedixi.
2546 3288 2854 3345 Dicentibus
2883 3298 3060 3343 autem
3093 3288 3198 3343 illis
3226 3307 3238 3342 :
3266 3290 3378 3342 Non
3403 3289 3758 3358 relinquimus
3784 3296 3853 3353 te,

2271 3382 2609 3437 sanetissime
2640 3394 2808 3453 pater.
2856 3383 2933 3436 ait
2967 3400 2981 3437 :
3012 3382 3189 3437 Nolite
3232 3383 3421 3437 timere
3448 3398 3543 3452 pro
3572 3397 3688 3445 lue;
3719 3380 3854 3435 futu-

2272 3490 2390 3530 rum
2423 3484 2507 3529 est
2534 3477 2676 3531 enim
2710 3485 2765 3530 ut
2794 3476 3028 3532 inferant
3058 3476 3187 3531 mihi
3213 3476 3456 3547 injurias,
3502 3476 3597 3532 sed
3628 3493 3733 3532 non
3764 3491 3853 3530 no-

2273 3566 2472 3621 cebunt
2498 3582 2667 3637 usque
2696 3567 2761 3621 ad
2786 3579 3037 3623 mortem.
3072 3568 3482 3623 Discedentibus
3510 3578 3693 3624 autem
3739 3582 3849 3623 mo-

2274 3656 2482 3725 nachis,
2510 3660 2663 3713 venit
2709 3675 2839 3731 gens
2869 3660 2984 3725 illa;
3018 3669 3071 3715 et
3098 3660 3226 3715 dum
3276 3672 3465 3716 cuncta
3496 3677 3617 3731 quae
3661 3662 3853 3730 reperit

2275 3759 2467 3816 vastat,
2495 3753 2743 3821 pervenit
2768 3754 2833 3807 ad
2864 3754 3036 3810 locum
3080 3755 3171 3810 ubi
3219 3768 3439 3811 sanetus
3462 3756 3556 3811 Dei
3588 3756 3854 3810 reclausus

2278 3852 2411 3897 erat.
2458 3850 2528 3898 At
2559 3844 2650 3899 ille
2680 3861 2773 3913 per
2804 3845 3095 3903 fenestram
3146 3850 3312 3903 turris
3360 3848 3595 3903 ostendit
3648 3863 3709 3903 se
3756 3848 3854 3902 eis.

2275 3933 2354 3989 Illi
2387 3952 2514 3990 vero
2540 3939 2936 3995 circumeuntes
2969 3950 3197 4004 turrem,
3224 3940 3428 3995 aditum
3460 3956 3556 4010 per
3583 3955 3743 4011 quem
3776 3942 3855 3992 in-

2276 4030 2631 4096 grederentur
2656 4031 2723 4085 ad
2754 4046 2899 4099 eum,
2956 4032 3196 4088 invenire
3240 4048 3346 4086 non
3401 4043 3670 4101 poterant.
3714 4031 3855 4087 Tunc

2278 4118 2384 4174 duo
2428 4124 2779 4175 ascendentes
2837 4124 3158 4177 detexerunt
3222 4129 3462 4190 tectum,
3528 4133 3582 4177 et
3614 4122 3855 4177 videntes

2277 4228 2401 4269 eum
2432 4215 2667 4269 cinctum
2714 4216 2940 4281 catenis,
2990 4215 3344 4285 iudutumque
3381 4215 3559 4270 cilicio
3585 4257 3601 4281 ,
3626 4215 3811 4270 dicunt
3841 4232 3854 4267 :

2280 4307 2378 4363 Hic
2405 4307 2720 4363 malefactor
2746 4318 2849 4375 est,
2881 4319 2935 4363 et
2967 4308 3321 4381 homicidium
3354 4308 3482 4363 fecit
3510 4325 3524 4362 :
3552 4308 3677 4363 ideo
3702 4310 3755 4362 iu
3783 4308 3856 4363 his

2278 4398 2620 4469 ligaminibus
2668 4400 2878 4454 vinctus
2910 4408 3142 4456 tenetur.
3197 4399 3503 4470 Vocatoque
3544 4401 3856 4471 interprete,

2276 4493 2619 4549 sciscitantur
2640 4494 2707 4549 ab
2734 4510 2800 4548 eo
2831 4494 2958 4564 quid
2991 4496 3115 4550 mali
3140 4495 3350 4566 fecerit,
3392 4506 3449 4550 ut
3475 4494 3568 4550 tali
3600 4495 3855 4565 supplicio

2193 4611 2249 4672 Ι)
2278 4596 2593 4645 arctaretur.
2643 4591 2715 4643 At
2755 4588 2848 4645 ille
2896 4590 3090 4646 fatetur
3119 4606 3178 4647 se
3209 4591 3536 4648 homicidam
3566 4606 3718 4661 esse.
3745 4604 3854 4646 om-

2275 4746 2484 4817 felicem
2515 4743 2751 4799 futurum
2771 4745 2938 4802 fuisse
2959 4746 3109 4812 dicit,
3129 4746 3173 4801 si
3196 4748 3367 4817 ipsum
3392 4749 3622 4805 Massilia
3648 4752 3855 4805 habuis-

2275 4827 2359 4871 set
2386 4816 2719 4884 episcopum,
2748 4820 2888 4886 quod
2920 4834 2985 4872 eo
3016 4828 3173 4884 pacto
3203 4816 3335 4874 satis
3361 4822 3558 4874 charta:
3590 4823 3856 4877 habuisset

2278 4903 2373 4955 pro
2394 4889 2764 4941 tlescribendis
2795 4888 3090 4954 eottviciis;
3133 4906 3253 4944 cum
3284 4892 3490 4945 scilicet
3514 4907 3579 4946 eo
3608 4890 3856 4960 frequen-

2277 4966 2358 5013 ter
2399 4960 2716 5013 advenirent
2762 4960 2998 5029 zEgyptii
3051 4972 3399 5027 mercatores,
3449 4962 3541 5031 qui
3591 4962 3856 5030 ejusmodi

2275 5033 2490 5084 chartas
2517 5033 2567 5084 in
2604 5031 2801 5085 Gallias
2832 5032 3188 5085 advehebant.
3226 5034 3355 5087 Vide
3389 5034 3661 5088 Mabillon.
3698 5035 3790 5085 lib.
3836 5047 3853 5085 ι

2277 5101 2343 5173 de
2382 5101 2462 5156 lie
2508 5102 2821 5169 Diplomat.,
2854 5118 2974 5173 cap.
3006 5103 3039 5158 8
3066 5145 3080 5171 ,
3113 5111 3168 5159 et
3208 5104 3534 5160 Altcserram
3576 5104 3631 5159 in
3675 5118 3792 5173 cap.
3824 5101 3855 5156 5

2274 5170 2371 5225 lib.
2393 5188 2423 5225 v
2454 5174 2609 5240 hujus
2638 5174 2905 5227 Historias.

2348 5240 2375 5279 ά
2417 5245 2507 5298 Sic
2533 5244 2722 5309 Corb.;
2773 5246 2861 5298 alii
2896 5258 3041 5310 vero,
3096 5244 3335 5314 gliscit...
3384 5264 3579 5315 pauper
3600 5248 3781 5311 alitur,
3809 5254 3860 5302 et

2275 5323 2468 5388 cratera
2520 5316 2573 5388 in
2619 5316 2891 5388 singulari
2925 5332 3178 5388 numero;
3232 5330 3284 5371 et
3314 5318 3391 5373 sic
3423 5322 3691 5375 habentur
3719 5319 3854 5388 apud

2276 5385 2497 5460 Paulum
2528 5386 2814 5460 Diaconum
2841 5386 2934 5440 lib.
2960 5402 3017 5460 ut
3045 5387 3241 5441 llistor.
3268 5389 3629 5459 Langobard.,
3655 5385 3777 5460 cap.
3808 5394 3854 5454 I,

2275 5458 2364 5509 ubi
2398 5458 2621 5524 lluspitii
2651 5459 2832 5511 laudes
2862 5474 2925 5511 ex
2951 5456 3209 5527 Gregorio
3229 5456 3504 5516 describit.
3538 5463 3608 5515 De
3639 5456 3859 5516 decimis

2275 5529 2544 5584 solvendis
2584 5544 2736 5583 conc.
2755 5529 2957 5591 Matisc.
2982 5544 3037 5592 ιι,
3064 5546 3151 5583 an.
3179 5531 3306 5596 585,
3332 5548 3451 5587 can.
3476 5536 3529 5588 5.
3552 5532 3764 5587 Fideles
3791 5532 3857 5587 ad

2271 5599 2601 5654 decimarum
2631 5602 2954 5653 solutionem
2976 5601 3274 5671 (hortantur
3320 5615 3496 5671 patres
3538 5620 3691 5660 conc.
3750 5605 3857 5657 Tu-

2271 5686 2391 5726 rou.
2424 5687 2481 5739 ll,
2510 5688 2599 5727 an.
2628 5672 2752 5737 5967,
2776 5672 2841 5726 ad
2871 5670 3079 5727 cladem
3127 5670 3493 5745 avertendam,
3528 5690 3647 5745 qua:
3680 5677 3856 5733 imtui«

2272 5746 2449 5800 nebat.
2694 5750 2699 5753 ’
