4096 6344
328 376 431 433 577

1292 378 1611 437 HISTORIA
1650 376 2094 437 FRANCORUM.
2137 376 2342 435 LIBER
2380 376 2667 436 SEXTUS.

3491 378 3598 437 578

325 494 518 563 nisque
546 491 790 549 criminis
818 508 988 550 reum.
1042 496 1194 553 Tunc
1239 513 1376 553 unus
1400 540 1415 565 ,
1461 508 1705 555 extracto
1731 498 1907 569 gladio
1936 506 1989 565 Α
2016 497 2373 553 admiratione
2402 498 2637 564 dicente,
2669 496 2750 551 vir
2778 495 2867 553 Dei
2894 496 3039 553 omni
3078 495 3374 554 intentione
3400 513 3590 555 vanam

326 593 384 638 ut
426 583 478 637 in
529 594 690 653 caput
730 584 845 655 ejus
876 587 1120 656 libraret,
1169 589 1390 645 dextera
1422 590 1475 645 in
1509 592 1625 659 ipso
1654 591 1761 646 ictu
1792 605 1910 644 sus-

324 689 494 745 pensa
530 675 767 744 diriguit,
799 691 897 733 nec
921 692 1037 732 eam
1069 680 1134 731 ad
1166 694 1225 734 se
1255 682 1422 749 potuit
1455 696 1731 735 revocare.
1762 680 1913 736 Tunc

322 768 562 839 gladium
612 768 818 836 laxans,
868 778 1026 825 terra:
1068 770 1284 841 dejccit.
1330 773 1454 827 Hmc
1505 773 1746 826 videntes
1778 772 1912 827 socii

325 860 463 929 ejus,
512 861 800 915 clamorem
860 861 912 916 in
962 863 1153 917 caelum
1202 864 1487 929 dederunt,
1541 864 1839 935 flagitantes
1882 879 1912 919 a

326 960 536 1017 sancto,
570 954 779 1023 utquid
810 956 893 1025 agi
939 966 1210 1023 oporteret
1257 958 1549 1011 clementer
1592 957 1909 1011 insinuaret.

329 1044 450 1113 Ipse
478 1060 605 1099 vero
649 1047 899 1115 imposito
944 1050 1109 1120 279
1153 1050 1345 1103 salutis
1394 1051 1586 1119 signo,
1636 1049 1911 1102 brachium

327 1137 539 1191 sanitati
574 1138 823 1193 restituit.
850 1141 941 1193 Ille
962 1153 1139 1196 autem
1163 1144 1213 1195 in
1240 1142 1425 1196 eodem
1452 1142 1569 1195 loco
1593 1155 1909 1207 conversus,

328 1244 606 1290 tonsurato
624 1237 799 1306 capite
824 1237 1165 1291 fidelissimus
1189 1239 1483 1292 monachus
1501 1252 1639 1291 nunc
1666 1236 1908 1290 habetur.

330 1328 447 1381 Duo
471 1343 602 1381 vero
626 1327 791 1383 duces
823 1337 849 1365 ι
881 1329 968 1397 qui
998 1344 1118 1383 eum
1148 1330 1452 1393 audierunt,
1503 1328 1799 1382 incolumes
1822 1340 1915 1395 pa-

329 1419 445 1471 triae
474 1418 666 1471 redditi
716 1428 875 1484 sunt;
921 1420 1011 1488 qui
1055 1435 1183 1473 vero
1226 1428 1668 1487 contempserunt
1717 1431 1915 1486 praece-

326 1518 479 1578 ptum
531 1512 667 1579 cjus,
725 1511 1103 1566 miserabiliter
1130 1510 1182 1564 in
1218 1513 1329 1579 ipsa
1356 1510 1632 1565 Provincia
1665 1518 1790 1563 Sunt
1815 1509 1883 1562 de

325 1600 516 1655 functi.
572 1601 720 1655 Multi
778 1615 956 1657 autem
1003 1620 1072 1659 ex
1114 1604 1301 1672 ipsisa
1331 1604 1613 1658 daemoniis
1660 1600 1910 1667 correpti,

325 1692 630 1746 clamabant
663 1710 675 1746 :
723 1693 831 1747 Cur
859 1710 975 1760 nos,
1028 1705 1211 1751 sancte
1240 1706 1294 1752 et
1324 1696 1652 1759 beatissime,
1684 1696 1760 1749 sic
1788 1709 1910 1749 eru-

326 1784 440 1838 cias
474 1795 526 1838 et
580 1786 862 1839 incendis?
901 1786 994 1840 sed
1026 1788 1268 1856 imposita
1296 1788 1375 1841 eis
1408 1804 1590 1852 manu,
1626 1787 1915 1840 mundabat

2013 589 2187 642 vitans
2219 588 2466 657 gloriam,
2491 590 2566 645 ait
2607 605 2621 642 :
2668 587 2803 652 Sile,
2836 586 2956 653 sile,
3006 588 3358 644 dilectissime
3406 588 3598 656 frater,

2014 694 2119 734 non
2145 690 2260 733 haec
2290 695 2390 749 ego
2439 681 2599 747 facio,
2657 680 2749 735 sed
2794 679 2887 735 ille
2913 680 3002 749 qui
3052 682 3308 736 mundum
3338 697 3403 737 ex
3430 682 3599 739 nihilo

2012 770 2268 835 condidit,
2303 770 2392 839 qui
2434 786 2530 840 pro
2560 771 2711 826 nobis
2742 770 3013 827 hominem
3053 773 3388 840 suscipiens,
3434 788 3598 829 caecus

2014 862 2206 927 visum,
2240 861 2417 915 surdis
2444 862 2706 927 auditum,
2739 863 2898 916 mutis
2922 873 3139 932 przestat
3166 864 3459 933 eloquium,
3502 862 3596 933 qui

2014 956 2239 1025 leprosis
2269 964 2441 1008 cutem
2473 953 2770 1022 pristinam,
2802 955 3026 1009 mortuis
3055 955 3237 1019 vitam,
3263 966 3313 1009 et
3346 953 3595 1009 omnibus
3632 948 3637 953 ’

2016 1049 2241 1103 infirmis
2287 1045 2595 1101 affluentem
2629 1049 2943 1102 medicinam
2990 1049 3247 1115 indulget.
3296 1047 3447 1102 Tunc
3486 1047 3600 1101 dia—

2016 1155 2182 1195 conus
2203 1140 2438 1209 gaudens
2464 1148 2517 1193 et
2544 1138 2870 1203 valedicens,
2896 1139 3153 1193 abscessit
3176 1156 3295 1194 cum
3315 1139 3599 1194 comitibus

2015 1234 2143 1287 suis.
2170 1232 2372 1299 Quibus
2386 1230 2805 1298 discedentibus,
2829 1231 2988 1284 homo
3007 1232 3239 1299 quidam.
3270 1231 3600 1295 Dominicus,

2016 1329 2094 1379 sic
2122 1326 2261 1379 enim
2296 1334 2410 1379 erat
2442 1325 2555 1378 viro
2588 1340 2781 1377 nomen
2810 1362 2826 1389 ,
2857 1338 2888 1376 a
2916 1326 3191 1377 nativitate
3219 1337 3413 1388 etecus,
3441 1321 3602 1376 adve-

2018 1417 2095 1470 nit
2125 1417 2189 1469 ad
2224 1418 2373 1470 istius
2404 1416 2642 1471 miraculi
2684 1418 2933 1471 virtutem
2968 1416 3316 1484 probandam.
3340 1415 3443 1480 Qui
3472 1415 3601 1469 dum

2018 1510 2069 1562 in
2101 1510 2431 1563 monaSIerio
2463 1511 2669 1563 duobus
2692 1518 2781 1563 aut
2812 1509 2982 1563 tribus
3012 1508 3283 1561 mensibus
3315 1507 3601 1573 resideret,

2017 1603 2244 1656 orationi
2277 1618 2338 1655 ac
2364 1601 2584 1671 jejuniis
2606 1618 2820 1667 vacans,
2855 1602 3066 1655 tandem
3100 1610 3254 1653 vocat
3298 1616 3419 1654 eum
3451 1599 3517 1653 ad
3544 1613 3604 1654 se

2016 1696 2098 1749 vir
2128 1697 2217 1750 Dei
2247 1737 2263 1761 ,
2311 1707 2363 1750 et
2392 1697 2464 1749 ait
2498 1714 2511 1749 :
2567 1697 2655 1751 Vis
2687 1694 2925 1765 recipere
2958 1694 3165 1749 visum?
3212 1692 3309 1747 Cui
3358 1694 3447 1748 ille
3491 1695 3604 1746 ait:

2016 1788 2295 1850 Voluntas.
2322 1788 2510 1858 inquit,
2545 1806 2661 1843 mea
2693 1800 2807 1844 erat
2838 1791 3014 1857 ignota
3036 1803 3361 1859 cognoscere
3392 1799 3440 1841 ο.
3474 1786 3605 1841 Nam

324 1891 440 1929 eos.
471 1877 709 1932 Postlncc
739 1879 899 1932 homo
916 1879 1455 1949 eratAndegavensis
1481 1881 1674 1946 incola,
1705 1878 1795 1947 qui
1820 1894 1912 1945 per
1941 1862 2137 1961 B‘quae
2165 1882 2233 1936 sit
2256 1883 2341 1936 lux
2375 1882 2579 1950 ignoro.
2610 1883 2783 1937 Unum
2818 1890 3022 1935 tantttm
3055 1884 3189 1948 scio,
3231 1881 3369 1950 quod
3398 1879 3464 1933 ab
3493 1894 3608 1933 om-

325 1968 546 2023 nimiam
595 1971 799 2026 febrem
828 1972 1098 2040 eloquium
1129 1976 1326 2041 pariter
1355 1974 1699 2042 auditumque
1736 1973 1914 2041 perdi-

323 2062 508 2126 derat;
542 2072 740 2117 etcum
774 2064 839 2117 de
886 2064 1033 2118 febre
1064 2066 1443 2132 convaluisset,
1478 2066 1671 2120 surdus
1704 2081 1914 2134 perma-

324 2155 487 2209 nebat
532 2172 594 2211 ac
642 2168 841 2211 mulus.
894 2157 1058 2228 Igitur
1105 2159 1362 2213 diaconus
1413 2175 1483 2215 ex
1515 2160 1787 2227 provincia
1822 2160 1913 2215 illa

323 2247 552 2305 Romam
595 2251 832 2308 directus
861 2261 982 2319 est,
1017 2263 1073 2308 ut
1103 2253 1379 2309 beatorum
1411 2256 1775 2329 apostolorum
1831 2255 1912 2322 pi-

327 2356 517 2409 gnora,
552 2343 637 2397 vel
674 2346 998 2415 reliquorum
1045 2355 1353 2401 sanctorum
1398 2350 1486 2413 qui
1535 2348 1719 2401 urbem
1770 2347 1914 2400 illam

324 2435 594 2499 muoiunt,
644 2436 944 2492 exhiberet.
994 2438 1094 2503 Qui
1144 2454 1267 2492 cum
1311 2438 1377 2493 ad
1428 2446 1674 2508 parentes
1714 2438 1915 2492 infirmi

324 2524 472 2578 illius
495 2529 845 2596 pervenisset,
867 2539 1055 2599 rogant
1078 2539 1134 2584 ut
1163 2547 1282 2585 eum
1312 2531 1411 2585 sibi
1430 2532 1678 2584 comitem
1710 2530 1916 2587 itineris

322 2632 544 2674 sumere
576 2616 885 2688 dignaretur
910 2660 926 2688 ,
984 2622 1169 2676 conlisi
1218 2622 1357 2691 qttod
1404 2628 1449 2676 si
1481 2623 1914 2679 beatissimorum

322 2711 696 2779 apostolorum
728 2713 900 2768 adiret
930 2714 1197 2782 sepulcra,
1230 2715 1468 2782 protinus
1492 2726 1673 2783 posset
1702 2716 1915 2787 assequi

321 2800 670 2855 medicinam.
718 2804 982 2857 Euntibus
1011 2814 1187 2858 autem
1221 2805 1328 2857 illis
1354 2849 1368 2873 ,
1424 2815 1691 2860 venerunt
1720 2808 1785 2860 ad
1838 2807 1916 2861 lo-

321 2904 447 2945 cum
502 2891 589 2945 ubi
637 2892 820 2947 beatus
862 2894 1130 2959 IIuSpitius
1172 2895 1461 2949 habitabat.
1509 2898 1627 2965 Quo
1673 2900 1911 2952 salutato

322 2995 389 3035 ac
438 2982 788 3049 deosculato,
821 3000 1009 3040 causas
1051 2988 1255 3042 itineris
1286 2988 1542 3043 diaconus
1598 2992 1801 3057 pandit,
1851 3004 1914 3044 ac

323 3074 593 3143 proficisci
618 3074 677 3130 se
705 3077 926 3132 Romam
960 3080 1191 3145 indicat,
1234 3096 1461 3149 seseque
1492 3082 1577 3135 bis
1606 3084 1695 3151 qui
1728 3092 1914 3137 sancto

324 3166 443 3221 viro
480 3168 547 3223 de
575 3169 841 3223 naucleris
889 3172 1045 3226 amici
1076 3180 1282 3237 essent,
1312 3174 1679 3227 commendari
1713 3174 1913 3243 depos-

2020 1973 2180 2028 nibus
2208 1975 2539 2029 collaudatur
2563 1972 2623 2037 d;
2659 1991 2756 2045 ego
2783 1985 2958 2029 autem
2988 1974 3055 2028 ab
3084 1975 3234 2028 initio
3263 1973 3437 2027 aetatis
3466 1985 3601 2026 meae

2019 2084 2189 2137 usque
2216 2086 2353 2123 nunc
2385 2069 2565 2124 videre
2594 2086 2697 2123 non
2740 2068 2933 2123 merui.
2965 2069 3115 2123 Tunc
3141 2084 3259 2122 cum
3290 2067 3409 2121 oleo
3438 2066 3608 2120 bene-

2018 2160 2167 2213 ditrlo
2192 2174 2348 2226 super
2380 2161 2563 2213 oculos
2591 2160 2705 2228 ejus
2736 2175 2950 2214 crucem
2981 2168 3219 2213 sanctam
3253 2156 3606 2221 faciens,ait:

2020 2250 2077 2304 ln
2102 2254 2314 2305 nomine
2346 2252 2471 2307 Jesu
2498 2250 2698 2306 Christi
2726 2252 3081 2320 redemptoris
3111 2250 3279 2306 nostri
3301 2250 3609 2319 aperiantur

2022 2342 2162 2395 oculi
2192 2342 2286 2395 tui.
2336 2342 2399 2396 Et
2432 2344 2612 2397 statim
2658 2344 2826 2411 aperti
2858 2352 2981 2397 sunt
3031 2342 3169 2396 oculi
3202 2342 3352 2411 ejus;
3397 2349 3452 2394 et
3497 2345 3610 2396 erat

2020 2435 2312 2503 admirans,
2364 2450 2699 2503 cernensque
2749 2434 3012 2503 magoalia
3061 2432 3195 2500 Dei,
3239 2448 3358 2501 qua:
3402 2429 3457 2485 in
3507 2429 3610 2485 hoc

2021 2529 2223 2582 mundo
2254 2528 2490 2584 videbat.
2523 2529 2725 2583 Dehinc
2740 2528 2931 2583 mulier
2955 2516 3377 2597 qutedam,quae,
3398 2531 3458 2577 ut
3488 2522 3604 2590 ipsa

2020 2621 2379 2688 declamabat,
2418 2625 2515 2677 tria
2547 2622 2751 2678 habens
2778 2622 3065 2685 darmonia,
3119 2619 3185 2673 ad
3226 2633 3348 2673 eum
3380 2616 3611 2671 adducta

2020 2724 2134 2779 est;
2163 2730 2322 2782 quam
2353 2730 2475 2770 cum
2520 2724 2658 2770 tactu
2690 2730 2843 2770 sacro
2886 2712 3288 2778 benedixisset,
3340 2721 3499 2781 atque
3542 2722 3612 2764 ex

2020 2805 2142 2859 oleo
2173 2815 2358 2859 sancto
2384 2823 2601 2863 crucem
2636 2807 2799 2861 fronti
2843 2807 2959 2875 ejus
2991 2804 3374 2875 imposuisset,
3421 2800 3611 2869 ejectis

2020 2893 2351 2951 damonibus
2382 2907 2600 2966 purgata
2631 2897 2900 2953 discessit.
2947 2895 3050 2950 Sed
3083 2902 3138 2948 et
3165 2893 3324 2947 aliam
3354 2891 3608 2960 puellam,

2019 2988 2087 3041 ab
2136 2989 2325 3055 spiritu
2359 2990 2633 3043 immundo
2662 2999 2925 3054 vexatam,
2970 2987 3343 3042 benedictione
3374 2982 3605 3039 sanavit.

2019 3080 2151 3133 Cum
2177 3088 2353 3133 autem
2378 3082 2487 3150 jam
2513 3082 2627 3135 dies
2654 3081 2837 3135 obitus
2864 3081 2980 3149 ejus
3005 3080 3481 3149 appropinquaret,
3510 3092 3609 3132 vo-

2021 3176 2161 3228 cavit
2190 3174 2254 3227 ad
2284 3189 2345 3241 se
2374 3176 2719 3258 praepositum
2749 3172 3061 3228 monaSIerii
3088 3214 3103 3240 ,
3136 3172 3322 3227 dicens
3354 3188 3367 3225 :
3404 3169 3610 3225 Exhibe

323 3259 417 3315 cit.
449 3263 685 3331 Cumque
716 3263 787 3316 ibi
821 3263 994 3317 adhuc
1034 3275 1335 3320 moraretur
1357 3306 1373 3333 ,
1422 3268 1592 3321 sensit
1621 3266 1702 3321 vir
1728 3269 1914 3322 beatus
1941 3278 1987 3340 ο
2023 3265 2427 3332 ferramentum,
2459 3274 2513 3321 et
2544 3268 2780 3335 irrumpe
2810 3268 3089 3336 parietem,
3135 3273 3189 3319 et
3211 3261 3367 3317 mitte
3395 3262 3610 3317 nuntios

323 3363 421 3419 per
448 3351 702 3420 Spirittnn
730 3355 937 3408 Domini
960 3355 1147 3410 adesse
1165 3356 1439 3413 virtutem.
1466 3358 1532 3411 Et
1551 3358 1625 3412 ait
1645 3359 1907 3415 diacono:

324 3440 595 3499 lofirmum
637 3449 723 3517 qui
758 3463 938 3502 comes
983 3450 1056 3503 tui
1087 3465 1227 3505 nunc
1256 3460 1336 3505 est
1382 3450 1608 3517 itineris,
1670 3468 1800 3522 rogo
1853 3463 1911 3511 ut

296 3536 460 3591 'meis
483 3541 857 3608 conSpectibus
886 3554 1263 3611 repraesentes.
1288 3544 1359 3599 At
1381 3544 1467 3599 ille
1491 3545 1619 3599 nihil
1646 3558 1906 3618 moratus,

323 3630 588 3685 velociter
626 3633 691 3687 ad
740 3643 993 3690 metatura
1041 3637 1229 3703 vadit,
1282 3637 1587 3706 invenitque
1636 3640 1908 3697 infirmum

323 3718 474 3778 febre
508 3725 746 3794 plenum,
793 3730 878 3798 qui
909 3746 1002 3798 per
1033 3742 1217 3785 nutum
1249 3746 1407 3787 aures
1432 3748 1555 3787 suas
1586 3734 1714 3788 dare
1745 3736 1909 3790 tinni-

322 3824 437 3871 tum
482 3820 781 3888 indicabat;
827 3824 1325 3897 apprehensumque
1366 3828 1515 3884 ducit
1556 3830 1622 3885 ad
1662 3841 1908 3888 sanctum

324 3909 443 3964 Dei.
477 3912 543 3965 At
573 3914 658 3966 ille
688 3918 1021 3982 apprehensa
1047 3934 1207 3973 manu
1229 3921 1469 3988 caesarie,
1500 3924 1720 3977 attraxit
1746 3934 1909 3994 caput

323 3998 468 4053 illius
514 4001 563 4054 in
598 4003 905 4072 fenestram,
952 4021 1333 4080 assumptoque
1378 4014 1498 4068 oleo
1531 4015 1908 4073 benedictione

322 4095 674 4165 sanctificato,
709 4108 895 4155 tenens
926 4118 1085 4159 manu
1110 4105 1322 4159 sinistra
1358 4105 1594 4177 linguam
1625 4111 1741 4179 ejus
1770 4154 1785 4177 ,
1825 4112 1907 4165 ori

322 4188 618 4257 verticique
646 4193 833 4260 capitis
865 4192 1078 4256 infudit,
1106 4196 1291 4250 dicens
1317 4215 1330 4249 :
1364 4199 1419 4251 ln
1454 4201 1667 4255 nomine
1696 4203 1907 4258 Domini

321 4280 425 4333 mei
457 4281 582 4336 .lesu
608 4283 805 4340 Christi
826 4286 1135 4355 aperiantur
1159 4305 1317 4369 aqres
1346 4302 1467 4358 tuac,
1497 4302 1807 4362 reseretque
1845 4310 1906 4352 os

323 4380 473 4428 tuum
503 4377 669 4432 virtus
702 4378 785 4433 illa
807 4421 821 4445 ,
858 4396 977 4451 quae
1008 4384 1277 4451 quondam
1307 4385 1373 4439 ab
1400 4385 1615 4441 homine
1641 4389 1805 4442 surdo
1846 4399 1900 4445 et

322 4479 471 4523 muto
520 4473 737 4527 noxium
788 4475 945 4543 ejecit
989 4477 1335 4535 daemonium.
1391 4480 1457 4535 Et
1514 4481 1626 4536 liter:
1670 4482 1856 4537 (licens
1887 4524 1903 4548 ,

320 4563 617 4635 interrogat
640 4583 854 4623 nomen.
879 4570 967 4624 Ille
982 4588 1109 4627 vero
1133 4576 1275 4628 clara
1301 4591 1430 4630 voce
1453 4580 1551 4629 ait:
1581 4577 1671 4632 Sic
1699 4577 1900 4634 dicorh.

319 4652 454 4708 Cum
490 4657 603 4712 hrcc
634 4660 851 4715 vidisset
879 4662 1158 4730 diaconus,
1183 4668 1257 4720 ait
1282 4685 1294 4721 :
1319 4668 1528 4723 Gratias
1553 4670 1647 4723 tibi
1682 4671 1907 4726 immen-
1935 4663 1988 4723 D

319 4762 407 4802 sas
439 4750 636 4815 refero,
666 4753 792 4808 .lesu
822 4754 1055 4824 Christe,
1090 4760 1179 4827 qui
1211 4762 1333 4813 talia
1368 4778 1461 4829 per
1501 4776 1712 4817 servum
1744 4767 1907 4837 280

322 4852 469 4899 tuom
502 4847 736 4915 dignaris
762 4853 1067 4908 ostendere.
1101 4856 1414 4919 Quaerebam
1447 4857 1664 4911 Petrum
1695 4899 1708 4922 ,
1756 4874 1906 4929 quae-

320 4938 506 4993 rebam
534 4940 752 4996 Paulum
794 4942 1268 5016 Laurentiuniqne,
1300 4948 1382 5001 vel
1411 4949 1646 5019 reliquos
1671 4952 1761 5019 qui
1792 4951 1904 5005 Ro-

322 5046 467 5086 mam
490 5036 706 5102 proprio
736 5050 928 5090 cruore
960 5038 1224 5094 illustrant
1258 5056 1271 5093 :
1319 5040 1404 5094 hic
1447 5056 1635 5096 omnes
1679 5042 1856 5110 reperi
1884 5082 1901 5110 ,

322 5124 409 5179 hic
438 5133 657 5180 cunctos
688 5128 887 5183 inveni.
948 5129 1070 5184 llaec
1122 5146 1187 5186 eo
1244 5146 1365 5186 cum
1414 5134 1646 5187 maximo
1676 5132 1803 5187 ﬂetu
1847 5143 1903 5189 ct

407 5290 433 5319 ⁸
460 5283 514 5338 In
546 5284 757 5355 Regm.,
788 5284 904 5339 Duo
930 5300 1045 5339 vero
1068 5285 1155 5352 qui
1176 5301 1289 5339 eum
1315 5286 1571 5339 adierunt.
1600 5285 1791 5345 Paulus
1820 5296 1907 5343 Ia-

322 5369 444 5426 men
478 5356 611 5408 libro
643 5357 879 5422 laudato,
913 5372 1030 5426 cap.
1061 5358 1117 5419 ‘2,
1152 5356 1312 5412 habet
1341 5357 1444 5410 duo
1473 5358 1646 5413 duces.

394 5424 423 5463 ι)
458 5428 610 5481 (Zoili.
641 5438 694 5481 et
715 5430 937 5493 Chesm,
969 5424 1060 5481 Pir
1090 5428 1253 5481 dicor.

399 5508 420 5570 ς
462 5496 675 5570 Betim"
702 5501 873 5566 ignota
897 5503 1205 5570 conspicere.

392 5566 418 5603 δ
460 5568 647 5635 C0rb.,
680 5572 740 5621 ab
772 5566 1055 5625 hominibus
1085 5571 1343 5623 (irridetur.

394 5640 665 5762 'I'liegtnq
697 5640 903 5708 pedibus
928 5660 987 5695 ac
1019 5644 1272 5709 manibus,
1300 5642 1601 5712 elevatisqtte
1629 5643 1695 5696 ad
1717 5643 1901 5699 malum

394 5727 410 5761 ι
437 5726 499 5762 is.

319 5724 499 5763 θρωπε.

396 5779 415 5817 ί
444 5780 638 5854 Mirum
667 5781 1085 5854 estAustadium
1120 5784 1171 5837 io
1196 5785 1568 5854 episcoporum
1588 5785 1900 5841 Nicensium

324 5851 563 5918 'sataloge
592 5852 786 5912 omitti.
814 5852 989 5918 Locus
1018 5854 1112 5943 ubi
1131 5854 1265 5916 vixit
1284 5851 1561 5931 lloSpitius
1588 5873 1759 5933 prope
1782 5858 1900 5917 Vil—

2017 3361 2084 3415 ad
2114 3362 2420 3430 episcopum
2452 3360 2703 3429 civitatis,
2739 3370 2796 3414 ut
2818 3359 2997 3415 veniat
3018 3358 3083 3413 ad
3113 3373 3199 3412 me
3220 3354 3611 3427 sepeliendum.

2018 3452 2116 3507 Die
2159 3453 2300 3506 enim
2332 3454 2486 3508 tertia
2517 3454 2583 3507 ab
2614 3452 2717 3508 hoc
2744 3453 2990 3522 egredior
3021 3451 3256 3517 mundo,
3290 3458 3345 3505 et
3368 3447 3510 3503 vado
3544 3450 3599 3503 in

2016 3547 2254 3614 requiem
2279 3546 2622 3612 destinatam,
2650 3561 2808 3616 quam
2833 3544 2963 3599 mihi
2990 3542 3248 3599 Dominus
3270 3541 3603 3611 repromisit.

2017 3638 2143 3693 Haec
2172 3654 2237 3693 eo
2262 3639 2502 3705 dicente,
2532 3640 2676 3693 misit
2709 3640 3027 3709 pnepositus
3057 3636 3365 3693 monasterii
3388 3634 3453 3689 ad
3495 3633 3610 3702 epi-

2016 3742 2239 3797 scopum
2262 3731 2495 3785 civitatis
2552 3730 2833 3795 l\'icensis,
2888 3730 2978 3800 qui
3018 3730 3067 3785 ei
3111 3732 3225 3784 haec
3280 3728 3608 3782 nuntiarent.

2018 3823 2176 3892 281
2205 3821 2449 3876 Postbaec
2479 3820 2742 3876 Crescens
2772 3821 2990 3890 quidam
3020 3820 3167 3874 venit
3194 3817 3261 3873 ad
3290 3816 3609 3882 fenestram,

2015 3922 2071 3967 et
2098 3906 2281 3967 videns
2312 3928 2433 3967 eum
2467 3914 2672 3968 catenis
2701 3914 2937 3966 vinctum
2963 3951 2977 3976 ,
3028 3909 3300 3965 vermibus
3346 3908 3562 3977 plenum
3590 3945 3607 3972 ,

2018 4005 2128 4057 ait:
2164 4003 2207 4057 Ο
2240 4005 2457 4058 domine
2486 4006 2585 4072 mi,
2631 4004 2857 4073 qualiter
2891 4014 2995 4056 tam
3028 4000 3200 4055 valida
3236 4008 3497 4053 tormenta
3531 4008 3610 4051 to-

2014 4106 2192 4160 lerare
2220 4115 2328 4159 tam
2361 4105 2569 4160 fortiter
2598 4104 2784 4175 potes?
2813 4103 2907 4159 Cui
2949 4103 3039 4158 ille
3065 4103 3141 4157 ait
3169 4118 3185 4156 :
3215 4099 3491 4156 Confortat
3523 4111 3610 4155 me

2014 4208 2105 4263 ille
2150 4221 2247 4277 pro
2276 4207 2429 4276 cujus
2462 4207 2679 4261 nomine
2712 4207 2827 4261 haec
2856 4205 3046 4276 patior.
3096 4205 3225 4259 Dico
3255 4212 3435 4257 autem
3470 4200 3562 4255 tibi
3589 4213 3611 4267 ,'

2014 4312 2139 4383 quia
2160 4312 2271 4382 jam
2303 4311 2553 4365 absolvor
2577 4309 2752 4365 abhis
2782 4308 3027 4378 vinculis,
3051 4306 3260 4365 etvado
3288 4305 3341 4359 in
3368 4302 3609 4374 requiem

2014 4430 2214 4470 meam.
2250 4415 2587 4472 Adveniente
2639 4424 2814 4469 autem
2844 4412 2933 4468 die
2964 4411 3140 4476 tertia,
3186 4406 3435 4478 deposuit
3462 4416 3609 4462 cate-

2013 4530 2109 4570 nas
2140 4515 2337 4586 quibus
2364 4517 2576 4571 vinctus
2599 4523 2714 4569 erat
2739 4555 2753 4581 ,
2787 4512 3180 4584 prostravitque
3217 4525 3276 4566 se
3318 4511 3370 4565 in
3401 4507 3607 4563 oratio-

2017 4636 2170 4686 nem;
2220 4628 2276 4675 et
2304 4636 2425 4675 cum
2454 4620 2754 4675 diutissime
2778 4634 2899 4674 cum
2945 4616 3195 4687 lacrymis
3224 4620 3450 4677 orasset,
3482 4610 3597 4667 col-

2013 4728 2196 4781 locans
2225 4741 2283 4780 se
2316 4740 2477 4796 super
2501 4741 2775 4780 scamnum
2804 4765 2821 4791 ,
2866 4722 3102 4778 extensis
3133 4719 3379 4789 pedibus,
3425 4717 3606 4771 eleva‘

2012 4832 2186 4901 tisque
2236 4830 2300 4884 ad
2358 4830 2553 4885 caelum
2609 4828 2855 4883 manibus
2885 4836 2949 4893 ε,
3002 4824 3201 4896 gratias
3231 4835 3396 4894 agens
3446 4820 3600 4885 Deo,

2011 4933 2229 4989 tradidit
2259 4933 2523 5001 spiritum.
2557 4932 2620 4986 Et
2650 4931 2830 4985 statim
2864 4943 3057 4986 omnes
3088 4940 3295 4984 vermes
3342 4924 3456 4988 illi,
3502 4919 3600 4989 qui

2012 5045 2226 5091 sanctos
2271 5044 2420 5089 artus
2465 5031 2850 5104 perforabant,
2901 5035 3255 5085 evanuerunt.
3290 5022 3600 5081 Adveniens

2013 5149 2192 5194 autem
2236 5137 2526 5193 Austadius
2560 5134 2577 5174 ί
2610 5138 2890 5206 episcopus
2921 5136 3133 5191 beatum
3163 5142 3358 5199 corpus
3397 5125 3603 5181 studio-

2012 5288 2367 5344 lam-liberam
2400 5288 2609 5343 visitur.
2644 5287 2928 5344 Peninsula
2960 5295 3069 5351 est,
3109 5292 3167 5338 ut
3187 5283 3371 5337 scribit
3407 5282 3599 5351 Petrus

2012 5360 2273 5423 Joffredi,
2327 5359 2497 5414 tribus
2546 5360 2761 5415 circiter
2802 5350 3061 5424 passuum
3086 5355 3320 5409 millibus
3367 5368 3395 5406 a
3437 5350 3600 5407 Nicea

2014 5433 2144 5506 urbe
2173 5431 2382 5495 dissita,
2418 5447 2582 5506 prope
2608 5431 2849 5486 lierculei
2882 5443 2978 5483 seu
3004 5426 3369 5506 Villaallibera:
3390 5434 3598 5506 portus

2011 5504 2191 5558 fauces
2236 5496 2427 5559 versus
2453 5496 2745 5565 orientem;
2778 5517 2840 5553 ex
2872 5509 3128 5565 corrupto
3156 5498 3213 5553 S.
3243 5496 3463 5563 Hespitii
3487 5508 3587 5547 no-

2012 5578 2156 5629 mine
2182 5575 2376 5628 dicitur
2399 5576 2575 5639 vulgo,
2610 5572 2953 5639 San-Sospir,
2988 5571 3073 5623 ubi
3100 5568 3380 5623 exstabant
3404 5566 3591 5639 adhuc

2010 5646 2128 5715 ejus
2158 5647 2388 5699 auctoris
2414 5638 2995 5715 temporistnonasterii
3025 5641 3247 5715 rudera;
3282 5638 3442 5715 turris
3467 5647 3600 5715 vero

2011 5711 2064 5770 et
2096 5718 2279 5783 templi
2334 5716 2505 5777 ipsius
2554 5712 2768 5783 nomine
2812 5713 2972 5766 dicati
3002 5712 3265 5776 ‘reliqnire
3310 5711 3600 5783 destructa

2012 5797 2136 5841 sunt
2182 5779 2250 5840 ab
2296 5787 2451 5838 annis
2504 5785 2634 5839 circ.
2683 5782 2786 5851 fit),
2835 5800 2953 5838 cum
2986 5798 3080 5837 arx
3114 5782 3308 5836 ibidem
3335 5779 3601 5851 guberna

2013 5859 2233 5918 Victore
2257 5855 2491 5917 Amedco
2519 5846 2804 5917 Sabaudia:
2825 5856 2983 5928 duce,
3005 5861 3313 5913 constructa
3342 5846 3447 5908 fuit
3493 5846 3604 5915 Eos
