4096 6344
334 274 466 351 ως

1332 278 1655 341 HISTORIA
1696 275 2140 339 FRANCOﬁUM.
2180 276 2383 349 LIBER
2420 275 2711 338 SEXTUS.

3536 283 3640 342 583

362 405 633 469 aegrotare
653 398 837 470 erepit.
876 398 1140 469 Tempore
1176 398 1321 458 enim
1361 396 1762 456 Ghlothacharii
1809 396 1950 467 regis
1978 397 2036 463 Α
2058 408 2365 466 gressuum,
2387 408 2543 478 caeco
2568 394 2596 434 ι’
2626 391 2940 453 restitueret
2966 394 3164 455 visum.
3181 394 3285 464 Qui
3306 404 3429 467 post
3453 397 3640 478 viginti

361 493 509 564 apud
530 492 769 562 Parisios
813 494 880 553 ad
924 493 1196 551 basilicam
1244 495 1418 551 sancti
1447 492 1714 550 Laurentii
1747 499 1772 530 υ
1803 490 1949 563 gregi

363 584 737 649 multasteriali
772 590 1090 660 prtefuerat;
1134 591 1231 647 sed
1260 592 1514 661 quoniam
1536 631 1552 657 ,
1601 587 1950 647 Childeberto

360 682 583 743 seniore
623 681 836 740 vivente
860 724 877 750 ,
928 697 1145 753 semper
1173 682 1592 739 Cblothachario
1629 682 1742 751 regi
1773 678 1949 736 ﬁdelis

362 775 593 844 exsdtit,
622 785 679 833 et
704 775 918 834 nuntios
946 776 1090 834 illius
1111 776 1177 833 ad
1199 775 1585 847 speculandum
1610 773 1804 830 missos
1830 786 1950 830 cre-

364 870 521 928 brius
568 870 881 939 oeculebat,
914 871 1325 942 praestolabatur
1353 872 1513 944 235
1539 884 1633 926 rex
1678 870 1852 927 locum
1894 868 1949 924 in

361 976 475 1031 quo
502 961 844 1030 pontiﬁcatus
873 962 1133 1021 honorem
1155 963 1443 1033 acciperet.
1468 962 1725 1033 Migrante
1768 967 1946 1017 autem

362 1052 719 1111 Avenniensis
745 1054 979 1115 civitatis
1011 1055 1292 1125 pontiﬁce,
1323 1056 1481 1112 istum
1511 1053 1636 1112 illuc
1664 1053 1794 1109 dare
1815 1050 1948 1108 deii-

359 1144 668 1203 beraverat.
704 1146 809 1204 Sed
860 1148 1048 1205 beatus
1092 1148 1384 1206 Domnolus
1424 1147 1539 1204 htec
1576 1145 1838 1210 audiens,
1879 1145 1983 1202 ad,

361 1236 642 1295 basilicam
666 1241 841 1297 sancti
856 1241 1069 1298 Martini
1096 1241 1374 1312 antistitis,
1400 1256 1509 1313 quo
1536 1253 1660 1298 tunc
1690 1239 1945 1297 Chlotba-

359 1330 577 1388 cbarins
604 1347 698 1388 rex
724 1333 791 1390 ad
822 1334 1120 1391 orationem
1152 1342 1392 1400 venerat,
1420 1334 1682 1400 accessit,
1711 1343 1768 1388 et
1790 1338 1947 1391 nocte

356 1430 472 1481 tota
502 1424 555 1480 in
588 1424 783 1495 vigiliis
826 1426 1132 1494 excubans,
1180 1440 1276 1496 per
1306 1425 1515 1497 priores
1554 1424 1643 1495 qui
1688 1424 1942 1491 aderant,

332 1518 472 1588 gregi
516 1518 912 1589 suggestionem
961 1518 1141 1576 intulit
1185 1528 1242 1576 ut
1285 1532 1393 1575 non
1419 1517 1574 1589 quasi
1606 1517 1849 1587 captivus
1875 1515 1945 1572 ab

354 1609 475 1680 ejus
504 1610 846 1683 elongaretur
878 1622 1128 1684 aspectu,
1157 1627 1258 1670 nec
1295 1613 1639 1683 permitteret
1685 1610 1942 1683 simplici.

352 1710 521 1760 tatem
552 1703 697 1761 illius
740 1705 883 1761 inter
921 1713 1203 1764 senatores
1251 1705 1575 1776 sophisrieos
1622 1718 1685 1759 ac
1731 1703 1942 1777 judices

2030 486 2188 543 .d’uos
2234 475 2570 558 episcopatus
2616 500 2819 555 annos,
2870 486 2999 543 dum
3039 502 3099 546 se
3144 497 3396 551 cerneret
3444 475 3634 561 morbo

2030 578 2213 650 regio
2244 578 2555 650 calculoque
2598 580 2919 651 gravissime
2965 579 3218 652 fatigari,
3275 581 3634 641 Theodulium

2050 663 2297 737 abbatem
2329 673 2381 737 in
2411 664 2594 730 locum
2611 690 2764 732 suum
2782 675 3077 747 praeelegit,
3105 678 3261 747 cujus
3280 677 3521 735 assensui
3538 692 3637 736 rex

2052 766 2281 836 praebuit
2310 767 2640 843 voluntatem
2672 786 2685 825 :
2713 769 2812 827 sed
2840 784 2948 827 non
2976 770 3210 831 multum
3238 778 3362 841 post
3391 780 3636 843 tempus,

2052 868 2252 916 mutata
2304 860 2607 927 sententia,
2656 860 3159 921 inBadecbisilum
3187 872 3211 919 ς
3244 860 3437 933 domus
3475 863 3638 934 regiae

2051 951 2308 1022 majorem
2334 952 2655 1009 transfertur
2679 952 2899 1015 electio.
2934 954 3041 1023 Qui
3066 962 3378 1032 tonsuratus
3400 954 3633 1025 gradus,

2049 1058 2183 1115 quos
2211 1044 2396 1101 clerici
2424 1044 2745 1111 sortiuntur,
2772 1045 3103 1114 ascendens,
3135 1054 3259 1118 post
3278 1045 3635 1120 quadraginta

2050 1136 2182 1204 dies,
2217 1138 2483 1208 migrante
2508 1137 2817 1206 sacerdote,
2846 1140 3142 1197 successit.

2121 1230 2189 1287 X.
2220 1229 2315 1299 His
2343 1230 2372 1270 ἀ
2399 1230 2587 1288 diebus
2632 1230 2853 1291 basilica
2893 1231 3066 1289 sancti
3116 1232 3331 1291 Martini
3360 1248 3393 1295 a
3419 1232 3632 1291 furibus

2050 1323 2271 1390 cirracta
2295 1323 2413 1381 fuit.
2446 1322 2550 1391 Qui
2578 1334 2841 1394 ponentes
2864 1324 2931 1381 ad
2954 1323 3249 1381 fenestram
3279 1324 3479 1382 absidae
3506 1339 3634 1383 can-

2047 1416 2264 1485 cellum,
2294 1417 2386 1488 qui
2428 1430 2595 1487 super
2627 1416 2888 1473 tumulum
2920 1415 3198 1488 cujusdam
3231 1416 3464 1477 defuncti
3496 1427 3631 1483 erat,

2046 1512 2400 1570 ascendentes
2440 1527 2537 1583 per
2562 1528 2711 1583 eum,
2761 1513 2977 1570 ell'racta
3003 1512 3174 1571 vitrea
3211 1524 3338 1571 sunt
3382 1516 3632 1585 ingressi,

2046 1605 2461 1677 auferentesque
2490 1605 2718 1663 multum
2748 1607 2864 1664 auri
2893 1605 3228 1679 argentique,
3264 1613 3321 1663 et
3348 1606 3632 1676 palliorum

2047 1697 2498 1768 bolosericorum,
2530 1698 2802 1769 abiertmt,
2854 1713 2964 1757 non
2990 1707 3293 1758 metuentes
3319 1715 3485 1772 super
3509 1715 3632 1759 san-

352 1794 754 1865 philosophicos
780 1795 1016 1867 fatigari,
1051 1811 1299 1855 asserens
1329 1796 1474 1852 hunc
1508 1797 1688 1859 locum
1717 1794 1938 1850 humili-
1968 1788 2021 1865 Β
2044 1802 2186 1851 ctum
2212 1794 2522 1864 sepulcrum
2556 1795 2745 1865 pedem
2777 1810 3001 1867 ponere,
3032 1797 3123 1854 ubi
3151 1797 3239 1853 vix
3262 1797 3346 1854 vel
3370 1811 3431 1854 os
3458 1796 3633 1869 appli-

356 1887 484 1943 tatis
519 1886 621 1944 sibi
666 1902 787 1945 esse
836 1887 1013 1959 potius
1036 1929 1054 1958 ,
1084 1896 1257 1959 iquam
1295 1887 1538 1947 honoris.
1569 1887 1652 1943 Ad
1700 1886 1815 1943 haec
1843 1900 1940 1943 rex

351 1992 626 2049 annuens,
654 1980 921 2051 migrante
946 1980 1271 2038 'lnnocentio
1298 1979 1773 2043 Cenomannorum
1817 1978 1940 2049 epi-

350 2085 543 2145 scopo,
569 2073 746 2143 ipsum
774 2072 1030 2131 Ecclesiae
1052 2073 1131 2130 illi
1161 2074 1457 2139 antistitem
1490 2072 1796 2130 destinavit.
1821 2070 1941 2131 Iam

351 2172 630 2236 assumpto
652 2166 985 2236 episc0patu,
1013 2165 1174 2223 talem
1198 2181 1257 2225 se
1288 2175 1600 2237 tantumque
1621 2164 1942 2237 praebuit,ut

350 2258 408 2314 in
437 2272 664 2316 summae
693 2259 1001 2317 sanctitatis
1026 2259 1244 2317 culmen
1274 2269 1492 2319 evectus
1512 2301 1530 2329 ,
1566 2259 1736 2316 debili
1786 2273 1941 2317 usum

352 2395 447 2450 bet
476 2396 563 2453 hie
592 2394 905 2452 Mummolur
928 2440 943 2463 ,
976 2398 1071 2455 sed
1094 2399 1266 2464 infra,
1294 2406 1353 2453 ut
1380 2398 1565 2455 caeteri
1587 2438 1604 2466 ,
1630 2397 1938 2453 Damnatus.

349 2466 685 2537 Subscripsit
710 2483 864 2525 «torte.
884 2469 1089 2539 jl‘uron.
1121 2486 1184 2538 ιι,
1216 2486 1305 2526 an.
1338 2470 1466 2524 567.

428 2547 455 2610 ἢ
488 2539 615 2594 llaec
639 2540 860 2610 basilica
878 2543 1039 2596 etiam
1071 2556 1214 2598 nunc
1231 2550 1452 2610 perstat,
1470 2540 1761 2610 parochiali
1785 2540 1941 2598 titulo

348 2607 629 2680 insignita,
660 2609 750 2664 ubi
779 2614 964 2681 paucis
991 2613 1057 2667 ab
1090 2607 1397 2668 hinc'annis
1424 2607 1635 2681 reperta
1660 2622 1783 2669 sunt
1803 2614 1940 2668 anti-

350 2695 461 2749 qua
478 2682 812 2753 sarcophago
833 2698 1049 2752 gypsea,
1078 2697 1196 2753 quae
1219 2693 1515 2753 nongentos
1532 2684 1749 2739 circiter
1770 2698 1942 2740 annos

348 2750 740 2823 praeferebant,
760 2750 966 2823 quibus
991 2750 1191 2823 apertis
1219 2750 1384 2823 nigrae
1405 2762 1582 2810 vestes
1601 2793 1620 2820 ,
1657 2763 1715 2810 et
1754 2769 1942 2811 mona-

351 2820 579 2895 chorum
602 2820 806 2894 efﬁgies
828 2825 954 2881 visae
974 2820 1119 2889 sunt,
1140 2825 1235 2882 sed
1255 2820 1375 2894 quae
1400 2834 1458 2882 ut
1479 2826 1710 2894 primunt
1736 2826 1942 2895 puriori

354 2907 478 2947 aere
501 2892 711 2967 amatae
727 2895 961 2959 fuerunt,
985 2898 1038 2951 in
1060 2892 1333 2966 pulvere—tn
1364 2892 1495 2953 sunt
1511 2892 1763 2963 redactae,
1793 2896 1939 2967 quod

356 2975 508 3036 serpe
532 2964 688 3036 nobis
718 2975 941 3021 testatus
964 2977 1044 3022 est
1062 2964 1132 3022 ν.
1157 2967 1241 3023 Cl.
1275 2968 1523 3023 Nicolaus
1545 2964 1939 3036 Gobiilon,'do-

354 3043 472 3088 etor
490 3034 837 3106 Sorbonieus,
856 3038 1098 3106 ejusdem
1113 3039 1583 3105 ecclesite'pastor,
1597 3048 1651 3094 et
1664 3034 1936 3094 illustriss.

356 3105 751 3178 archiepiscopi
784 3108 951 3164 Paris.
982 3110 1211 3165 vicarius
1236 3110 1523 3178 generalis.
1558 3108 1787 3164 Basilica
1810 3123 1938 3164 san-

2042 1902 2171 1946 care
2215 1889 2613 1960 praesumimus.
2659 1890 2767 1947 Sed
2794 1891 2962 1949 virtus
2990 1892 3162 1948 sancti
3191 1891 3360 1948 voluit
3390 1890 3529 1948 hanc
3555 1899 3632 1948 te-

2048 1983 2352 2041 meritatem
2401 1982 2566 2041 etiam
2597 1997 2720 2041 cum
2746 1982 2949 2054 judicio
2993 1984 3341 2041 manifestare
3380 1983 3629 2042 terribili.

2040 2080 2175 2136 Nam
2208 2079 2262 2135 hi
2293 2088 2600 2149 perpetrato
2626 2078 2831 2136 scelere
2860 2079 2926 2134 ad
2957 2078 3409 2150 Burdegalensem
3445 2077 3632 2134 civita-

2036 2180 2152 2229 tem
2186 2172 2486 2240 venientes,
2546 2179 2668 2228 orto
2708 2153 2986 2241 seandalo,
3021 2185 3162 2229 unus
3189 2171 3416 2229 alterum
3462 2169 3630 2226 inter-

2034 2268 2203 2333 emit;
2227 2268 2411 2337 sicque
2430 2265 2696 2337 patefacto
2712 2280 2900 2337 opere,
2923 2264 3122 2322 furtum
3147 2274 3418 2336 repertum
3432 2272 3537 2333 est,
3567 2277 3628 2320 ac

2045 2412 2166 2476 post
2192 2404 2492 2477 innocentii
2518 2404 2723 2477 obitum
2753 2418 2973 2477 vacasse
3004 2406 3115 2475 diu,
3146 2406 3311 2462 immo
3339 2415 3393 2463 et
3418 2407 3626 2477 aliquot

2042 2475 2197 2532 annis
2235 2477 2301 2533 ab
2346 2475 2660 2532 Scienfredo
2700 2475 3161 2547 pseudoepiscopo
3192 2477 3355 2532 fuisse
3393 2475 3625 2547 occupa-

2043 2557 2172 2604 tam.
2197 2547 2314 2603 .lam
2337 2561 2465 2603 vero
2484 2554 2667 2602 noster
2695 2546 2984 2618 Gregorius
3013 2547 3227 2617 scripsit
3255 2546 3579 2604 Domnolum
3608 2589 3627 2618 ,

2044 2629 2331 2689 antequam
2360 2626 2503 2673 esset
2530 2618 2833 2688 episcopus,
2865 2617 3110 2674 abbatem
3142 2618 3202 2675 S.
3232 2618 3503 2675 Laurentii
3526 2617 3626 2674 Pa;

2042 2690 2184 2761 risiis
2216 2690 2405 2761 fuisse,
2426 2690 2697 2761 Chlotario
2728 2690 2837 2759 regi
2865 2689 3334 2758 acceptissimum,
3356 2690 3424 2746 ab
3448 2705 3625 2761 eoque

2044 2759 2412 2832 Aveuionensi
2452 2760 2565 2815 sedi
2594 2760 2917 2832 destinatum
2942 2801 2955 2825 ,
2987 2775 3146 2832 quam
3188 2762 3277 2815 ille
3324 2759 3588 2832 reSpuens
3609 2800 3627 2827 ,

2044 2840 2228 2900 postea
2257 2831 2721 2886 Cenomannensis
2762 2830 3047 2900 episcopus
3090 2830 3259 2885 factus
3298 2831 3388 2885 sit.
3418 2830 3504 2887 De
3544 2832 3627 2887 his

2045 2903 2178 2958 nihil
2208 2902 2426 2957 omnino
2452 2901 2588 2956 Vita:
2623 2908 2827 2965 auctor,
2872 2900 2964 2954 sed
3013 2901 3279 2956 contraria
3326 2902 3466 2970 apud
3505 2917 3627 2958 eum

2044 2988 2151 3027 non
2184 2971 2423 3026 invenias
2449 2990 2462 3026 :
2490 2970 2654 3026 immo
2669 2986 2797 3026 vero
2818 2970 2933 3039 ipse
2955 2978 3180 3026 testatur
3201 2985 3261 3027 se
3286 2970 3457 3027 Vitam
3479 2972 3625 3031 beati

2045 3042 2144 3097 viri
2176 3042 2500 3113 scripturum
2524 3039 2591 3095 ab
2620 3056 2684 3113 co
2710 3041 3046 3097 solummodo
3076 3052 3337 3111 tempore,
3370 3058 3476 3113 quo
3505 3044 3620 3098 sedi

2045 3112 2475 3169 Cenomannensi
2501 3112 2780 3182 praefuisse
2802 3113 2965 3180 cmpit
2994 3130 3005 3165 :
3033 3114 3108 3167 Ab
3138 3113 3248 3179 illo,
3275 3112 3467 3183 inquit,
3500 3122 3623 3169 tem-

355 3176 425 3255 cti
467 3177 675 3255 Martini
700 3176 714 3247 ,
756 3179 840 3255 hic
867 3194 1091 3255 quoque
1121 3176 1458 3255 memorata,
1488 3179 1625 3255 haud
1676 3180 1864 3255 procul
1903 3193 1935 3235 a
1963 3180 2011 3246 C
2042 3200 2184 3255 pore,
2209 3176 2613 3253 suspicabimur,
2636 3199 2738 3252 qua
2762 3198 2855 3237 nos
2876 3176 3101 3255 gratioso
3135 3176 3472 3239 suo'adv‘enni
3506 3186 3626 3240 illu-

358 3244 717 3304 Laurentiana
748 3244 937 3305 dissita
977 3244 1090 3318 est,
1121 3250 1281 3305 hodie
1309 3250 1407 3304 sub
1445 3244 1614 3305 Sancti
1647 3244 1859 3305 Martini
1899 3265 1929 3305 a

354 3318 574 3390 Gmnpis
602 3323 818 3376 nomine
848 3322 1112 3389 celebris,
1145 3322 1211 3377 de
1241 3337 1343 3390 qua
1377 3322 1471 3377 lib.
1501 3336 1518 3375 1
1544 3322 1611 3377 de
1652 3321 1835 3377 Mirac.
1869 3321 1929 3379 S.

356 3387 593 3459 Martini,
622 3407 743 3462 cap.
767 3391 855 3448 19.
883 3393 1052 3449 Porro
1074 3387 1317 3449 Cointius
1336 3393 1404 3447 ad
1434 3407 1633 3448 annum
1662 3392 1770 3449 655
1807 3392 1931 3448 inii—

356 3462 531 3533 ciatur
578 3464 900 3521 Domnolum
954 3480 1186 3533 unquam
1243 3464 1492 3521 abbatem
1545 3464 1605 3521 S.
1658 3464 1935 3521 Laurentii

360 3530 550 3606 fuisse,
581 3542 857 3605 totumque
887 3535 991 3591 hoc
1018 3530 1362 3606 Gregorianae
1394 3534 1633 3592 historite
1663 3546 1823 3605 caput
1850 3551 1932 3591 re-

356 3602 504 3684 jicit,
538 3602 787 3684 tanquam
828 3609 906 3684 ab
940 3602 1192 3684 imperito
1242 3607 1622 3684 interpolatore
1662 3602 1933 3684 additum;

357 3676 522 3749 idque
545 3677 616 3733 ob
643 3680 774 3732 duas
797 3676 1132 3749 potissimum
1162 3676 1399 3734 rationes
1430 3697 1441 3732 :
1478 3680 1531 3733 1⁰
1553 3680 1695 3749 quod
1718 3694 1746 3734 a
1773 3679 1931 3735 codd.

360 3748 525 3821 garb.
556 3758 611 3804 et
629 3749 785 3805 Coib.
802 3748 993 3815 absit;
1024 3751 1081 3806 2°
1111 3749 1252 3821 quod
1272 3751 1439 3806 multa
1468 3751 1522 3806 in
1548 3748 1615 3807 eo
1638 3751 1939 3807 habeantur

362 3816 507 3891 Vitze
528 3821 583 3877 S.
611 3820 881 3889 Domnoli,
905 3821 971 3876 ab
992 3816 1210 3878 auctore
1234 3821 1381 3891 gravi
1404 3831 1456 3876 ct
1482 3823 1673 3891 mquali
1701 3822 1935 3890 scriptae,

362 3890 586 3963 omnino
608 3892 1111 3949 contraria.\'erum
1136 3890 1275 3963 quod
1304 3902 1464 3960 caput
1486 3890 1626 3948 istud
1658 3894 1708 3947 in
1737 3892 1941 3963 aliquot

359 3962 579 4033 scriptis
607 3963 963 4031 desideretur,
992 3979 1101 4020 non
1130 3962 1272 4020 imus
1301 3964 1541 4030 inlicias;
1585 3964 1678 4019 sed
1725 3962 1845 4019 cum
1885 3965 1939 4019 in

360 4034 504 4099 aliis,
536 4041 592 4089 et
618 4033 834 4105 quidem
865 4038 1093 4092 vetustis
1119 4046 1177 4092 et
1207 4035 1424 4104 optimae
1454 4046 1599 4091 nota:
1624 4036 1810 4102 codd.,
1835 4036 1941 4091 sci-

361 4105 490 4161 licet
529 4105 785 4164 Beccensi
809 4148 824 4171 ,
854 4107 1061 4172 Casin..
1107 4118 1239 4173 etc.,
1284 4106 1565 4172 habeatur,
1604 4108 1843 4177 nihilque
1884 4105 1941 4162 in

362 4190 430 4248 eo
446 4185 695 4248 occurrat
715 4178 857 4248 quod
878 4194 907 4233 a
925 4176 1167 4248 Gregorii
1188 4177 1345 4248 genio
1361 4186 1451 4231 aut
1471 4179 1611 4248 stylo
1631 4176 1938 4247 abhorreat,

358 4247 537 4315 ipsum
569 4246 830 4320 Gregorio
876 4246 1171 4321 abjudicari
1196 4246 1309 4304 non
1340 4246 1538 4321 debere
1568 4250 1637 4321 ob
1683 4249 1819 4305 hanc
1856 4246 1943 4304 ra-

361 4322 563 4391 tionem
593 4319 992 4379 contendimus.
1019 4321 1172 4389 Quod
1204 4336 1334 4376 vero
1363 4320 1429 4375 ad
1459 4319 1598 4376 Vitae
1618 4320 1674 4377 S.
1697 4320 1943 4379 Domnoli

360 4393 682 4462 scriptorem
710 4394 920 4462 attinet,
948 4395 1160 4451 animus
1188 4409 1295 4448 non
1318 4402 1401 4448 est
1421 4392 1509 4447 hic
1534 4391 1599 4449 de
1622 4394 1738 4461 ejus
1761 4404 1943 4449 aucto-

354 4461 522 4516 ritate
567 4461 911 4536 disceptare,
958 4481 1026 4523 an
1083 4474 1229 4521 tanta
1274 4464 1486 4521 censeri
1538 4465 1766 4529 debeat,
1824 4481 1943 4536 quae

359 4533 607 4607 Gregorii
638 4542 869 4607 textum,
894 4533 1072 4607 qualis
1102 4552 1243 4592 nunc
1271 4543 1475 4601 exstat,
1507 4537 1677 4605 possit
1705 4533 1936 4595 elevare.

363 4603 419 4659 Id
442 4621 614 4675 unum
640 4606 890 4675 dicimus,
917 4603 1126 4665 diversa
1156 4610 1224 4665 ab
1251 4608 1334 4663 his
1356 4603 1665 4663 auctoribus
1689 4607 1755 4664 dc
1780 4610 1939 4666 Dom-

361 4674 490 4750 nulo
520 4677 786 4750 enarrari,
806 4680 907 4736 sed
930 4695 1045 4735 non
1075 4679 1367 4736 contraria.
1402 4680 1469 4735 Et
1489 4677 1704 4750 quidem
1733 4697 1851 4749 quae
1872 4684 1941 4740 de

360 4742 623 4821 Domnolo
661 4742 780 4818 jam
804 4751 1093 4821 episcopo,
1135 4757 1227 4806 aut
1266 4750 1333 4806 de
1377 4742 1714 4821 ejus'mortc
1750 4742 1943 4810 'narrat

361 4827 546 4873 noster
576 4817 897 4888 Gregorius,
928 4838 959 4877 a
992 4817 1123 4879 vero
1167 4836 1272 4877 non
1308 4817 1632 4888 abhorrent,
1676 4839 1774 4879 nec
1816 4834 1942 4881 sunt

332 4946 335 4947 ν
363 4887 498 4966 Viue
521 4891 725 4966 auctori
753 4887 1024 4966 oppesita,
1054 4903 1113 4949 ut
1138 4894 1254 4961 ipse
1271 4893 1515 4966 Cointius
1537 4890 1753 4949 fatetur.
1774 4896 1939 4966 Equi-

365 4960 658 5037 demﬁduos
689 4960 1035 5037 solummodo
1061 4960 1220 5033 supra
1251 4965 1435 5034 viginti
1462 4980 1633 5037 annos
1664 4960 1940 5037 episeopan

363 5038 451 5085 tus
474 5030 740 5106 Domnolo
770 5034 954 5106 tribuit
970 5030 1269 5106 Gregorius
1289 5030 1476 5106 [quod
1505 5030 1714 5093 Cointii'
1733 5030 1940 5096 calculo

360 5117 468 5157 non
490 5102 743 5177 quadrat;
775 5114 830 5160 at
857 5105 909 5161 id
940 5105 1073 5161 Vita:
1094 5102 1327 5173 auctori,
1355 5102 1501 5177 quod
1528 5123 1689 5163 unum
1719 5109 1938 5176 inquiri-

360 5188 523 5249 mus,_
540 5189 647 5230 non
672 5176 1007 5249 adversatur,
1038 5177 1128 5246 qui
1175 5192 1274 5232 nec
1320 5176 1530 5249 tempus
1580 5178 1726 5249 initae
1765 5180 1937 5249 sedis,

332 5260 459 5318 (nec
506 5247 753 5303 Donmoli
801 5248 979 5304 obitus
1020 5263 1217 5303 annum
1259 5248 1579 5318 designavit.
1611 5248 1727 5303 Non
1777 5247 1939 5309 etiam

361 5312 698 5391 refragantur
718 5328 897 5375 vetera
930 5322 1321 5391 instrumenta;
1355 5312 1518 5375 immo
1541 5321 1938 5391 Papebrochius

359 5387 453 5455 qui
480 5390 546 5442 ad
571 5388 712 5444 diem
752 5391 820 5445 16
847 5391 970 5447 Maii
998 5390 1331 5448 Bollandiani
1364 5387 1816 5449 eamdem'Vitam
1849 5410 1937 5450 re-

348 5458 483 5525 iert,
500 5470 563 5515 et
580 5460 896 5533 Gregorium
927 5464 1303 5532 interpolatum
1335 5462 1500 5519 fuisse
1543 5464 1842 5533 suspicatur
1870 5467 1938 5524 ob

334 5546 493 5591 .mss.
521 5533 681 5589 codd.
704 5536 952 5590 Attamen
975 5536 1291 5591 Domnolum
1318 5546 1438 5605 post
1460 5535 1530 5589 22
1545 5551 1716 5591 annos
1731 5537 1937 5602 episco-

340 5614 516 5676 patus
563 5618 930 5676 successorem
976 5607 1264 5675 impetrare
1308 5607 1547 5676 potuisse
1597 5607 1824 5676 fatetur,
1871 5625 1937 5667 eo

357 5674 906 5754 quoduullamentio
934 5674 1180 5734 Domnoli
1208 5674 1456 5754 episcopi
1469 5674 1935 5754 Genumannensis

364 5746 419 5797 in
449 5746 599 5820 actis
614 5746 837 5813 publicis
875 5746 1273 5820 occurrat‘antc
1305 5746 1591 5805 concilium
1622 5752 1821 5804 'i‘uron.
1857 5769 1927 5820 ll,

362 5829 507 5877 anno
539 5818 674 5889 567,
706 5826 758 5880 et
779 5827 983 5880 certum
1013 5820 1083 5881 sit
1118 5817 1611 5885 Cenomannensetn
1650 5817 1933 5885 ecclesiam

1966 4578 2020 4641 D

2039 3253 2219 3327 strare,
2235 3255 2588 3323 nobiscumque
2603 3270 2807 3327 manere
2823 3253 2889 3308 eai
2904 3253 3001 3307 Dei
3014 3255 3330 3327 providentia
3335 3258 3518 3327 jussus
3531 3263 3625 3313 est.

2038 3326 2176 3382 Eum
2207 3326 2383 3393 itaque
2413 3333 2532 3395 post
2560 3325 2752 3381 multas
2782 3326 3267 3398 peregrinationes,
3309 3325 3362 3382 et
3403 3327 3623 3398 quidem

2033 3398 2142 3469 jam
2172 3394 2480 3469 episcopum
2512 3394 2903 3462 consecratum,
2918 3394 3309 3469 'Ccnoniannos
3324 3394 3626 3469 advenisse

2038 3467 2244 3534 narrat,
2261 3468 2546 3537 statimque
2562 3484 2592 3522 a
2608 3469 2756 3523 clero
2770 3478 2827 3524 et
2840 3470 3037 3537 populo
3059 3468 3287 3524 electum
3311 3467 3495 3526 fuisse.
3516 3468 3627 3526 Sed

2038 3540 2175 3612 nihil
2218 3553 2435 3612 prorsus
2471 3539 2637 3595 habet
2685 3539 2752 3595 de
2793 3540 3155 3612 anterioribus
3190 3541 3626 3612 _gestis,quteex

2042 3602 2285 3682 Gregorii
2331 3618 2501 3682 textu
2526 3618 2771 3679 repetere
2812 3611 2942 3665 nihil
2990 3620 3153 3667 vetat.
3188 3602 3359 3667 Γωωο
3383 3602 3625 3669 maxima

2041 3678 2179 3738 inter
2200 3688 2444 3753 sanctum
2464 3678 2785 3736 Germanum
2802 3682 3178 3753 Parisiensem,
3198 3691 3253 3738 et
3270 3684 3443 3753 ipsum
3471 3683 3602 3739 Dom
3622 3712 3628 3721 -

2040 3754 2223 3809 nolum
2258 3752 2625 3817 familiaritas,
2660 3768 2779 3820 quae
2803 3767 3035 3821 semper,
3066 3752 3186 3823 ipso
3209 3752 3376 3808 etiam
3408 3763 3630 3809 auctore

2041 3823 2181 3879 Vita:
2224 3832 2545 3895 attestante,
2577 3824 2764 3891 viguit,
2788 3824 3057 3894 Gregorio
3106 3835 3292 3881 noetro
3337 3824 3630 3895 favet,qui

2042 3894 2362 3951 Domnolum
2391 3894 2443 3947 in
2474 3895 2585 3962 ipsa
2613 3894 2904 3951 l’arisiensi
2931 3895 3150 3949 civitate
3173 3896 3421 3951 abbatem
3458 3894 3629 3959 fuisse

2042 3966 2279 4035 scripsit,
2302 3979 2367 4020 eo
2389 3980 2519 4019 sane
2538 3976 2778 4035 tempore
2790 3981 2899 4035 quo
2924 3965 3115 4035 beatus
3130 3964 3430 4020 Germanus
3454 3965 3627 4023 eidem

2043 4034 2167 4092 urbi
2190 4038 2477 4105 cpiscopus
2504 4034 2750 4103 praterat.
2782 4034 2906 4091 Haec
2929 4034 3085 4104 paulo
3100 4035 3274 4090 fusius
3304 4037 3625 4095 necessitate

2043 4116 2270 4175 cogente
2294 4108 2657 4177 tractavimus
2694 4107 2761 4160 ad
2790 4105 3173 4162 vindicandum
3205 4105 3449 4177 Gregorii
3502 4117 3631 4163 ιω(-

2044 4188 2253 4232 tum.—
2281 4176 2340 4233 S.
2356 4177 2654 4233 Domnulus
2667 4177 2880 4234 celebre
2901 4192 3089 4234 monas
3100 4178 3290 4234 teriam
3302 4176 3356 4234 in
3372 4179 3631 4236 suburbio

2044 4246 2465 4305 Ccnomannensi
2496 4246 2801 4304 condiditin
2831 4250 3092 4305 honorem
3118 4249 3177 4307 S.
3212 4249 3501 4319 Vincentii,
3535 4251 3626 4307 ubi

2044 4320 2285 4390 sepultos
2311 4327 2411 4375 est.
2441 4318 2593 4387 Quod
2626 4320 2788 4376 etiam
2807 4336 2947 4376 nunc
2972 4331 3281 4391 perseverat
3305 4320 3405 4377 sub
3428 4318 3630 4378 Ordine

2045 4393 2213 4467 Sancti
2247 4391 2521 4467 Benedicti
2547 4404 2600 4447 et
2630 4393 2798 4467 Gong.
2828 4395 2893 4467 Si
2917 4393 3341 4467 Mauri,_abbatis
3370 4396 3631 4467 regularis

2046 4463 2327 4532 privilegio
2352 4463 2612 4534 gaudens.
2636 4463 2844 4534 Corpus
2864 4465 2921 4521 S.
2949 4463 3209 4523 antistitis
3248 4480 3279 4521 e
3308 4463 3458 4521 terra
3481 4467 3625 4523 leva-

2050 4541 2162 4589 tum
2192 4535 2290 4590 fuit
2319 4550 2458 4590 anno
2489 4535 2649 4598 “iii,
2682 4538 2749 4591 ab
2772 4536 3091 4593 Hildeberto
3115 4539 3284 4605 episc.
3310 4538 3619 4595 Cenoman-

2046 4607 2221 4675 nensi,
2255 4616 2520 4674 praesente
2552 4608 2788 4663 Fulcone
2821 4607 3034 4678 juniore
3074 4608 3483 4665 Andecavorum
3538 4625 3630 4665 co-

2047 4680 2209 4744 mite,
2257 4687 2313 4732 ut
2342 4695 2407 4734 ex
2451 4682 2637 4733 charta
2669 4680 2907 4749 ejusdem
2959 4681 3272 4735 monasterii
3322 4679 3627 4736 didicimus.

2046 4749 2217 4806 Hodie
2240 4760 2490 4823 seruatur
2522 4750 2575 4803 in
2611 4750 2764 4805 theca
2787 4759 3194 4823 argenteaauro
3228 4751 3378 4823 linita
3398 4792 3413 4815 ,
3447 4751 3628 4823 operis

2001 4852 2015 4861 ς
2045 4822 2476 4891 exquisitissimi,
2514 4835 2671 4891 quam
2713 4820 2999 4876 cardinalis
3035 4820 3457 4893 Luxctnburgiu's
3482 4820 3629 4877 ’lieri

2036 4894 2267 4946 citravit.

2116 4962 2141 5003 δ
2179 4962 2831 5035 Claudus_appellabatttr
2880 4964 3185 5035 Rainarius,
3232 4973 3286 5021 et
3330 4964 3418 5021 hic
3456 4975 3628 5019 caicus

2047 5033 2307 5102 Siagrius,
2335 5048 2401 5087 ex
2432 5030 2565 5102 Vitae
2593 5042 2831 5090 auctore.

2122 5101 2383 5178 ciitegm”
2428 5101 2807 5178 Baldechilum.
2844 5106 2893 5161 ls
2930 5116 3012 5163 est
3056 5106 3415 5178 Badegisilus,
3453 5115 3509 5161 ut
3539 5106 3626 5158 ha-

2044 5176 2146 5248 bet
2163 5176 2385 5239 Chesn.,
2421 5174 2621 5248 dequo
2651 5189 2757 5231 non
2782 5180 2949 5235 semel
2972 5179 3110 5234 infra
3139 5174 3448 5248 Gregorius.
3481 5178 3621 5233 Sub-

2045 5246 2259 5316 seripsit
2300 5259 2455 5300 conc.
2488 5245 2697 5302 Matisc.
2729 5263 2796 5315 ιι,
2829 5265 2918 5305 an.
2955 5248 3077 5303 585.
3112 5245 3301 5303 Mirum
3333 5258 3417 5304 est
3444 5259 3627 5304 autem

2044 5317 2112 5373 de
2139 5334 2200 5372 co
2227 5316 2355 5372 nihil
2386 5331 2606 5387 prorsus
2637 5319 2818 5376 haberi
2852 5323 2903 5375 in
2946 5320 3082 5375 actis
3111 5320 3485 5390 episcoporum
3517 5320 3626 5376 Ge-

2044 5405 2325 5455 nomann.,
2377 5404 2498 5457 qua:
2552 5400 2695 5446 tonio
2754 5391 2817 5445 ΙΙΙ
2860 5390 3103 5446 Analect.
3152 5390 3424 5447 Mabillon.
3484 5392 3627 5448 edita

2045 5472 2189 5535 sunt.
2234 5460 2364 5517 Vide
2386 5460 2479 5535 lib.
2502 5477 2571 5535 in
2603 5462 2883 5535 Μενέλαε.
2926 5461 3176 5535 Martini,
3209 5478 3327 5535 cap.
3380 5463 3470 5520 55.
3506 5464 3628 5533 ιιως

2049 5534 2219 5616 prima
2245 5541 2347 5601 est,
2369 5534 2422 5587 ni
2449 5532 2624 5601 fallor,
2650 5534 2852 5590 mentio
2874 5534 3092 5607 majoris
3114 5532 3301 5593 domus
3328 5537 3467 5607 apud
3494 5532 3627 5592 Gre-

2046 5619 2269 5674 genum.

2117 5673 2141 5711 ιι
2169 5676 2286 5750 _ll_oc
2316 5689 2434 5750 cap.
2468 5675 2619 5731 deeSt
2638 5677 2693 5733 in
2723 5677 2886 5739 Corb.
2920 5687 2973 5740 et
3002 5678 3195 5750 Colb.;
3245 5687 3420 5741 exstat
3446 5686 3628 5738 tamen

2045 5747 2181 5820 apud
2212 5746 2463 5821 Fredeg,
2496 5762 2615 5822 cap.
2647 5750 2734 5811 87.
