4096 6344
450 296 557 357 585
778 314 783 317 ·
1499 291 1560 349 S.
1598 282 1931 347 GBEGORII
1970 272 2277 336 EPISCOPI
2316 266 2745 332 TURONENSIS
3654 254 3763 315 εει

457 418 526 476 de
553 411 806 486 hospitali
826 424 1011 471 eorum
1034 407 1200 483 286
1219 411 1494 478 argentum
1515 404 1905 460 comminutum
1932 407 1959 436 ιι
1988 402 2044 453 et
2151 389 2326 447 siliam
2354 387 2586 459 ingredi,
2612 384 2911 441 obsistente
2930 372 3353 486 Dynamiolnon
3374 372 3624 486 valebat.
3652 372 3764 431 Sed

458 472 617 582 pallia
645 472 770 565 sunt
798 472 1232 571 extracta-:6qu
1250 472 1369 554 cum
1401 498 1513 569 regi
1534 496 1839 566 Chilperico
1859 493 1887 532 ιι
1911 509 2046 549 nun-
2127 481 2252 543 inec
2294 484 2602 555 episcopus,
2638 483 2726 552 qui
2893 485 3020 531 tunc
3046 489 3169 582 cum
3198 472 3471 578 Gundulfo
3503 478 3763 537 venerat,

461 566 652 659 iiatum
704 600 910 665 fuisset,
958 595 1118 666 jussit
1161 609 1256 648 eos
1296 566 1501 661 alligari
1554 590 1805 657 vinculis,
1853 595 1910 643 et
1949 602 2049 643 suo
2153 578 2207 633 in
2236 577 2468 632 ecclesia
2517 588 2615 629 sua
2658 570 3037 640 recipiebatur.
3072 566 3376 666 Dynamius.
3413 572 3600 619 autem
3659 577 3768 666 una

462 694 777 764 conspectui
808 658 1140 759 praesentari.
1174 686 1324 741 Tunc
1354 658 1455 754 ego
1485 692 1754 749 metuens,
1787 696 1854 735 ne
1883 680 1954 736 ob
1980 679 2049 734 il-
2152 686 2273 727 cum
2305 670 2520 725 clericis
2560 677 2745 738 portas
2774 665 2993 721 obserat
3036 662 3203 727 urbis,
3236 660 3506 764 insultans
3553 658 3773 764 pariter

465 789 570 844 lius
602 752 817 841 causam
850 782 1100 836 homines
1133 787 1492 842 morerentur,
1521 776 1610 847 qui
1641 776 1823 830 vivens
1848 774 1900 828 in
1926 787 2051 828 cor-
2154 777 2216 818 ac
2243 770 2531 831 utrumque
2571 757 2898 829 despiciens,
2931 757 3243 825 episcopum
3270 753 3481 809 εείιίοει
3512 765 3566 809 el
3598 752 3768 808 GU“-

464 892 595 949 pore
651 891 749 946 pro
796 873 1124 944 perditorum
1176 871 1285 927 vita
1331 846 1549 939 saepius
1576 869 1891 937 deprecatus
1945 872 2051 931 est,
2163 857 2398 913 dulfum.
2431 854 2673 909 Tandem
2698 853 2764 907 ad
2786 852 3113 921 colloquium
3143 848 3295 903 ducis
3324 848 3549 911 ascitus,
3580 847 3639 901 iu

467 938 750 1042 ὲρίειοιαηι
791 969 904 1037 regi
953 968 1275 1037 precationis
1330 964 1627 1026 transmisi,
1684 976 1752 1016 ne
1807 960 2003 1015 nostris
2029 968 2053 997 ο
2158 950 2363 1005 silicam
2391 948 2531 1003 beati
2568 944 2848 1016 Stephani,
2882 959 3003 1013 quae
3034 942 3152 998 urbi
3185 950 3268 997 est
3295 942 3564 1011 proxima,
3590 938 3773 995 venit.

469 1083 578 1123 non
612 1065 1015 1126 accusantibus,
1051 1065 1115 1117 ad
1146 1077 1280 1132 quos
1310 1060 1618 1131 prosecutio
1650 1057 1971 1125 pertinebat,
2004 1054 2058 1109 bi

2197 1040 2379 1094 istiarii
2420 1041 2565 1095 enim
2608 1038 2987 1093 custodiebant
3031 1034 3162 1089 :edis
3213 1035 3535 1105 ingressum,
3586 1043 3651 1088 ut
3695 1033 3780 1086 in-

473 1159 927 1213 intcrficerentur.
985 1155 1137 1221 Quod
1170 1155 1259 1207 ille
1309 1152 1537 1221 benigne
1566 1149 1894 1215 suscipiens,
1937 1146 2061 1199 vitae

468 1252 722 1308 restituit.
755 1251 981 1319 Species
1002 1264 1129 1303 vero
1153 1261 1270 1315 qua:
1300 1245 1569 1313 dissipatae
1593 1240 1822 1304 fuerant,
1856 1239 2062 1293 studio-

470 1344 686 1399 sissime
718 1358 1072 1410 componens,
1107 1340 1222 1393 loco
1252 1347 1437 1392 sancto
1465 1334 1614 1389 reddi
1649 1331 1920 1403 praecepit.

540 1436 637 1491 χι.
692 1436 845 1500 Apud
878 1431 904 1469 ἀ
932 1431 1317 1486 Massiliensem
1368 1444 1494 1483 vero
1534 1426 1720 1479 urbem
1774 1423 2064 1495 Dynamius

473 1536 653 1581 rector
676 1525 973 1579 Provinciae
996 1522 1233 1591 graviter
1255 1519 1493 1575 insidiari
1518 1518 1800 1571 'l‘lieodoro
1814 1518 2069 1585 episcopo

473 1618 657 1685 cmpit.
692 1618 759 1670 At
798 1616 888 1670 ille
915 1615 981 1669 ad
1021 1630 1197 1683 regem
1229 1627 1518 1683 proiierare
1550 1610 1868 1678 disponens,
1917 1622 2067 1663 com-

480 1707 779 1776 prehensus
810 1706 877 1758 ab
906 1720 972 1761 eo
998 1707 1048 1759 in
1081 1706 1257 1759 medio
1278 1704 1511 1759 civitatis
1540 1712 1773 1767 tenetur,
1807 1711 1858 1757 et
1888 1702 2069 1772 gravi-

2167 1144 2419 1189 troeunte
2451 1134 2715 1203 Dynamio
2735 1134 2904 1186 valva:
2934 1132 3178 1200 protinus
3209 1129 3615 1185 clauderentur.
3654 1127 3779 1194 Quo

2165 1230 2307 1285 facto
2335 1232 2571 1286 exclusa:
2600 1242 2931 1283 armatorum
2980 1227 3151 1282 turba:
3184 1238 3299 1295 post
3332 1225 3661 1297 Dynamium
3697 1224 3781 1278 in-

2164 1323 2318 1392 gredi
2364 1324 2742 1391 nequiverunt.
2785 1322 2901 1388 Quo
2939 1336 3045 1375 non
3104 1319 3455 1388 intelligente,
3509 1317 3642 1372 dum
3690 1316 3782 1370 di-

2148 1428 2321 1469 .versa
2370 1414 2511 1467 inter
2540 1428 2599 1466 se
2629 1427 2791 1480 super
2815 1412 3064 1465 altarium
3096 1409 3399 1475 conferunt,
3452 1407 3785 1463 recedentes

2168 1509 2236 1562 ab
2260 1510 2470 1570 altario,
2519 1507 2895 1561 salutatorium
2948 1504 3342 1574 ingrediuntur.
3395 1504 3781 1558 lntroeuutem

2170 1617 2292 1656 cum
2322 1601 2405 1655 his
2440 1599 2785 1671 Dyuatnium,
2820 1599 3189 1667 nudatumque
3215 1598 3323 1666 jam
3370 1612 3399 1650 a
3424 1610 3654 1651 suorum
3698 1610 3793 1651 so-

2172 1692 2300 1747 latio
2344 1690 2420 1764 [1.
2461 1688 2706 1762 auxilio],
2752 1690 3064 1745 terribiliter
3103 1690 3401 1757 increpant.
3439 1686 3783 1757 Fugatisque

485 1808 566 1853 ter
593 1798 921 1873 νὶιῄιιτίθιυε,
974 1799 1185 1853 tandem
1235 1800 1445 1851 laxatus
1493 1807 1596 1851 est.
1650 1796 1845 1851 Clerici
1894 1804 2070 1851 autem
2102 1794 2152 1855 Β
2179 1788 2517 1851 satellitibus,
2552 1786 2640 1855 qui
2670 1800 2791 1839 cum
2818 1784 2984 1839 armis
3010 1798 3075 1837 eo
3105 1783 3336 1837 abducto
3366 1778 3393 1817 δ
3422 1782 3788 1837 circumstre-

480 1892 841 1947 Massilienses
870 1893 1047 1947 dolum
1079 1907 1198 1945 cum
1232 1891 1493 1961 Dynamio
1519 1892 1897 1959 moliebantur,
1920 1900 1976 1945 ut
2006 1891 2071 1946 ab

482 1987 793 2055 cpisc0patu
823 1984 1133 2054 ejiceretur.
1166 1983 1273 2039 Sed
1301 1984 1425 2037 dum
1454 1984 1520 2037 ad
1549 1999 1726 2053 regem
1755 1983 2075 2038 Cbildeber-

488 2086 599 2133 tum
658 2079 979 2147 ambularet,
1030 2094 1150 2133 cum
1190 2076 1385 2132 Jovino
1433 2092 1503 2131 ex
1538 2080 1793 2146 praelecto
1838 2092 1869 2131 a
1897 2078 2072 2134 Gunt-

486 2172 748 2225 cliramno
778 2186 903 2241 rege
926 2171 1152 2226 detineri
1173 2170 1411 2239 jubetur.
1446 2170 1599 2237 Quod
1628 2171 1906 2225 audientes
1939 2169 2076 2224 Mas-

488 2262 738 2319 silienses
760 2264 963 2330 clerici,
999 2261 1194 2331 gaudio
1224 2277 1416 2331 magno
1442 2261 1628 2330 repleti
1675 2262 1815 2331 quod
1853 2260 1963 2329 jam
1997 2269 2077 2317 te-

486 2364 725 2419 neretur,
775 2355 885 2424 jam
934 2355 1285 2424 deputaretur
1317 2353 1524 2417 exsilio,
1570 2354 1710 2424 quod
1739 2356 1847 2424 jam
1882 2355 1934 2408 in
1977 2355 2081 2409 hoc

484 2434 583 2502 res
613 2447 953 2515 perstitisset,
989 2456 1048 2500 ut
1070 2461 1342 2514 nunquam
1376 2446 1663 2501 Massiliam
1693 2455 2079 2512 reverteretur,

490 2538 680 2593 domos
731 2541 974 2595 ecclesim
1021 2539 1450 2608 apprehendunt,
1498 2540 1793 2594 ministeria
1822 2551 1846 2578 ο
1878 2541 2085 2595 descri-

492 2630 648 2698 bunt,
686 2631 977 2698 regestoria
1027 2640 1291 2697 reserant,
1337 2632 1702 2700 promptuaria
1750 2634 2083 2703 exspoliant,

486 2726 796 2792 omnesque
820 2716 911 2777 res
935 2720 1200 2787 ecclesiae,
1234 2732 1485 2791 tanquam
1517 2722 1561 2777 si
1586 2723 1696 2792 jam
1729 2733 1972 2779 mortuus
1999 2741 2087 2781 es-

496 2822 580 2868 set
609 2813 918 2883 episcopus,
953 2815 1272 2883 pervadunt.
1323 2814 1536 2870 diversa
1570 2814 1796 2871 crimina
1822 2817 1890 2871 de
1912 2818 2090 2886 ponti-

394 2946 405 2959 .
497 2904 598 2961 ﬁce
628 2906 1026 2973 proloquentes,
1056 2922 1174 2976 quae
1197 2906 1351 2971 falsa,
1381 2906 1597 2962 Christo
1623 2909 1862 2976 auspice,
1889 2909 2089 2979 depre-

498 2996 804 3054 henduntur
830 2998 940 3072 [ΑΙ.
970 2997 1365 3071 deprehendit].
1394 2998 1769 3056 Childebertus
1790 3016 1921 3055 vero
1942 3009 2091 3071 post-

502 3103 657 3159 quam
708 3105 829 3145 cum
881 3091 1187 3160 Chilperico
1244 3091 1556 3160 pacificatus
1608 3101 1713 3157 est,
1772 3092 1976 3163 legatos
2025 3091 2092 3147 ad

2179 1880 2399 1950 pebant,
2432 1879 2677 1933 seniores
2698 1877 2893 1932 civium
2918 1876 2983 1930 ad
3015 1891 3075 1931 se
3102 1874 3213 1930 dux
3237 1891 3339 1929 una
3368 1889 3491 1929 cum
3522 1860 3797 1943 episeopo

2178 1972 2419 2041 collegit,
2452 1980 2513 2026 ut
2540 1970 2811 2028 civitatem
2853 1970 3248 2035 ingrederetur.
3300 1969 3449 2024 Tunc
3489 1968 3799 2039 Dynamius

2182 2068 2298 2122 hmo
2318 2071 2498 2121 omnia
2526 2080 2780 2133 cernens,
2807 2074 3019 2119 ven‘lam
3052 2076 3263 2135 petens,
3288 2062 3424 2117 datis
3450 2062 3575 2117 duci
3603 2060 3799 2117 multis

2181 2161 2533 2227 muneribus,
2589 2160 2801 2215 reddito
2848 2159 3009 2214 etiam
3057 2165 3395 2212 sacramento
3446 2170 3509 2212 se
3567 2154 3793 2210 ﬁdelem

2182 2258 2440 2326 episcopo
2487 2256 2745 2326 deinceps
2792 2255 3013 2326 regique
3066 2255 3326 2317 futurum,
3375 2254 3490 2306 suis
3542 2251 3797 2306 induitur

2184 2348 2539 2407 indumentis.
2573 2349 2726 2405 Tunc
2771 2347 3025 2403 reseratis
3058 2355 3166 2401 tam
3200 2354 3470 2415 portarum
3504 2359 3670 2415 quam
3702 2357 3797 2397 sa-

2186 2459 2401 2500 crarum
2453 2440 2649 2496 aedium
2679 2441 2871 2508 valvis,
2919 2440 3293 2511 ingrediuntur
3334 2438 3553 2508 utrique
3599 2437 3799 2494 civita-

2190 2546 2324 2604 tem,
2356 2535 2465 2591 dux
2502 2533 2707 2590 scilicet
2739 2544 2795 2590 et
2826 2534 3135 2603 episcopus,
3178 2547 3300 2588 cum
3340 2530 3509 2601 signis
3536 2540 3590 2586 et
3619 2530 3798 2586 laudi-

2191 2630 2316 2696 bus,
2365 2629 2703 2700 diversisque
2757 2626 3024 2682 honorutn
3075 2625 3307 2681 vexillis.
3367 2621 3563 2679 Clerici
3601 2634 3791 2680 autem

2191 2725 2283 2792 qui
2313 2724 2503 2779 sceleri
2536 2723 2661 2778 huic
2684 2721 2825 2776 misti
2854 2720 3068 2776 fuerant
3116 2734 3343 2790 quorum
3374 2725 3534 2787 caput
3561 2718 3798 2772 Anasta-

2174 2816 2305 2873 sius
2327 2818 2492 2871 abbas
2516 2826 2571 2871 et
2601 2814 2860 2870 Proculus
2904 2814 3186 2884 presbyter
3214 2813 3230 2849 ί
3258 2819 3432 2876 erant,
3458 2813 3621 2883 288
3654 2812 3799 2866 intra

2196 2910 2444 2981 Dynamii
2476 2918 2612 2964 tecta
2641 2905 2991 2977 confugiunt,
3025 2913 3269 2973 petentes
3303 2903 3372 2959 ab
3401 2918 3463 2959 eo
3500 2916 3665 2973 opem
3706 2916 3803 2959 re-

2197 3003 2352 3076 fugii,
2386 3018 2415 3058 a
2446 3019 2553 3074 quo
2583 3003 2796 3057 fuerant
2839 2998 3066 3055 incitati.
3101 2997 3257 3053 Multi
3286 3008 3461 3053 tamen
3492 3011 3682 3053 eorum
3706 3012 3803 3065 per

2200 3096 2422 3151 idoneos
2474 3094 2825 3165 ﬁdeiussores
2868 3091 3099 3156 dimissi,
3143 3090 3210 3145 ad
3258 3105 3439 3161 regem
3475 3088 3612 3160 jussi
3666 3098 3799 3144 sunt

506 3178 971 3237 Guntcliramnum
1005 3198 1186 3249 regem
1216 3184 1414 3248 mittit,
1445 3193 1501 3237 ut
1528 3183 1873 3238 medietatem
1902 3184 2093 3237 Massi-
2123 3184 2169 3249 C
2201 3189 2499 3244 ambulare.
2557 3189 2769 3243 Interea
2814 3183 3115 3242 Guudulfus
3160 3182 3445 3253 subiugata
3490 3182 3710 3238 civitate
3748 3182 3803 3239 in

509 3270 614 3339 lite,
647 3290 803 3343 quam
827 3275 875 3329 ei
908 3283 1033 3343 post
1059 3275 1261 3329 obitum
1294 3275 1459 3343 patris
1480 3275 1562 3329 sui
1593 3276 1835 3340 dederat,
1872 3276 2102 3332 reddere

510 3364 752 3419 deberet.
777 3365 929 3429 Quod
963 3366 1007 3419 si
1032 3366 1219 3428 nollet,
1252 3367 1462 3421 noverit
1489 3381 1548 3421 se
1580 3367 1746 3421 multa
1770 3368 2103 3437 perditurum

498 3466 611 3527 pro
634 3454 799 3523 partis
832 3454 987 3508 istius
1030 3455 1353 3511 retentione.
1401 3457 1508 3512 Sed
1544 3457 1634 3513 ille
1674 3472 1795 3512 cum
1822 3458 1938 3514 haec
1975 3459 2101 3515 red-

515 3545 644 3600 dere
699 3546 889 3612 nollet,
918 3547 1034 3601 vias
1078 3547 1256 3602 claudi
1288 3550 1564 3619 prazcepit,
1602 3559 1657 3604 ut
1699 3552 1834 3606 nulli
1882 3568 1978 3623 per
2020 3568 2106 3610 re-

520 3652 681 3710 gnum
712 3638 830 3707 ejus
859 3641 1169 3695 tranSeundi
1216 3642 1392 3696 aditus
1438 3643 1782 3712 panderetur.
1838 3646 1965 3701 llaec
1990 3663 2110 3703 cer-

517 3744 649 3787 nens
677 3729 1074 3798 Cliildebertus,
1107 3733 1434 3789 Gundulfum
1466 3750 1531 3790 ex
1561 3737 1857 3793 domestico
1893 3736 1912 3775 τ
1945 3741 2106 3812 287

517 3822 707 3882 ducem
737 3824 953 3891 factum,
1006 3825 1074 3881 de
1100 3841 1300 3895 genere
1328 3829 1629 3892 senatorio,
1660 3828 1948 3893 Massiliam
1980 3831 2110 3885 diri—

517 3918 616 3987 git.
656 3918 759 3988 Qui
805 3934 929 3975 cum
962 3935 1065 3975 non
1106 3919 1331 3976 auderet
1372 3920 1649 3976 ambulare
1672 3920 1783 3991 jam
1815 3938 1911 3991 per
1940 3923 2111 3979 Gunt-

519 4010 759 4066 chramni
788 4028 1034 4083 regnum,
1062 4011 1297 4068 Turonis
1322 4014 1491 4068 venit.
1525 4013 1692 4079 Quem
1723 4014 1955 4086 benigne
1984 4030 2111 4072 sus-

520 4113 757 4174 ceptum,
782 4120 1113 4175 recognosco
1152 4107 1337 4162 matris
1368 4122 1502 4162 meae
1540 4108 1862 4164 avunculum
1896 4118 1922 4156 ε
1957 4124 2109 4178 esse,

523 4208 905 4269 retentumque
949 4214 1157 4253 mecum
1198 4200 1436 4270 quinque
1478 4201 1690 4268 diebus,
1742 4201 2114 4272 impositisque

534 4292 874 4375 necessariis,
898 4291 1047 4347 abire
1070 4278 1309 4363 permisi.
1346 4292 1437 4349 Ille
1454 4308 1584 4348 vero
1610 4308 1950 4364 progressus,
1977 4295 2115 4351 Mas-

598 4460 625 4489 ι
648 4450 739 4506 Sic
766 4450 955 4519 Regni~
990 4458 1043 4505 et
1061 4449 1230 4518 Bad.;
1264 4450 1383 4519 alii,
1414 4454 1804 4508 communitum.

600 4519 628 4561 ἓν
662 4518 873 4589 llegm.,
906 4518 1187 4575 Chlotario.

2207 3281 2545 3338 Childeberti
2590 3280 2733 3351 regis
2783 3279 3067 3345 ditionem,
3122 3275 3482 3346 restitutoque
3522 3274 3579 3330 in
3626 3275 3804 3332 locum

2207 3390 2363 3430 suum
2413 3374 2676 3439 antistite,
2725 3371 2791 3427 ad
2848 3386 3030 3443 regem
3078 3367 3480 3425 Cbildebertum
3526 3383 3807 3441 regressus

2208 3475 2312 3522 est.
2364 3466 2473 3521 Sed
2524 3464 2821 3537 Dynamius
2867 3465 3154 3519 immemor
3208 3460 3329 3516 fidei
3384 3475 3544 3530 quam
3590 3460 3808 3519 Cliilde-

2211 3558 2365 3615 berto
2416 3557 2529 3626 regi
2587 3556 2940 3627 promiserat,
2991 3554 3061 3608 ad
3110 3550 3575 3608 Guntcliramnum
3625 3567 3808 3623 regem

2212 3650 2428 3707 nuntios
2453 3648 2659 3718 dirigit,
2701 3646 2886 3702 dicens
2914 3644 3056 3715 quod
3089 3654 3294 3714 partem
3327 3643 3429 3699 sibi
3457 3643 3700 3699 debitam
3728 3642 3806 3700 ci-

2211 3744 2391 3801 vitatis
2423 3757 2517 3811 per
2548 3740 2858 3811 episcopum
2901 3737 3173 3808 perderet,
3209 3751 3309 3793 nec
3355 3751 3590 3805 unquam
3621 3736 3812 3793 Massi-

2213 3838 2437 3893 liensem
2472 3834 2657 3889 urbem
2686 3847 2784 3887 suo
2815 3831 3078 3901 potiretur
3107 3828 3370 3893 dominio,
3406 3827 3512 3882 nisi
3546 3827 3632 3882 hic
3660 3828 3812 3883 evel-

2213 3930 2357 3985 latur
2386 3929 2453 3984 ab
2479 3942 2565 3982 ea.
2596 3927 2667 3980 At
2697 3925 2785 3980 ille
2814 3924 2898 3978 ira
2926 3932 3248 3988 commotus,
3296 3919 3471 3991 jubet,
3504 3930 3691 3976 contra
3732 3919 3809 3976 fas

2214 4020 2511 4091 religionis,
2561 4027 2619 4073 ut
2661 4015 2899 4087 pontifex
2944 4014 3139 4070 summi
3168 4012 3262 4068 Dei
3305 4022 3544 4069 arctatus
3586 4012 3810 4068 vinculis

2212 4115 2317 4171 sibi
2345 4113 2711 4179 exhiberetur,
2760 4108 2947 4164 dicens
2975 4124 2988 4161 :
3014 4106 3310 4162 Trudatur'
3331 4105 3525 4160 exsilio
3565 4104 3813 4160 inimicus

2215 4209 2368 4279 regni
2418 4206 2611 4272 nostri,
2658 4219 2728 4260 ne
2772 4202 2930 4259 nobis
2980 4215 3175 4257 nocere
3216 4199 3447 4271 amplius
3476 4199 3674 4257 valeat.
3706 4200 3814 4258 Sed

2215 4317 2337 4359 cum
2359 4302 2645 4373 episcopus
2673 4299 2741 4355 de
2765 4298 2851 4354 bis
2879 4307 3165 4366 suspectus
3191 4302 3355 4364 esset,
3389 4309 3490 4352 nec
3511 4294 3670 4351 facile
3692 4309 3814 4366 pos-

2218 4459 2331 4509 tum
2363 4450 2658 4507 Chlodovei
2689 4450 2778 4518 lll,
2812 4450 2907 4505 lib.
2938 4465 2992 4505 vi
3013 4450 3079 4505 de
3119 4464 3178 4505 re
3207 4447 3518 4518 Diplomat.,
3546 4466 3601 4504 n.
3637 4449 3725 4513 l9,
3754 4458 3809 4505 et

2218 4525 2546 4581 Cltildeberti
2592 4524 2680 4589 lll,
2724 4540 2780 4577 n.
2810 4520 2899 4576 ει.
2932 4522 3155 4576 Generis
3186 4531 3364 4575 autem
3412 4522 3668 4575 senatorii
3718 4535 3813 4575 no-

602 4566 1014 4664 fSichasinaet
1037 4592 1231 4664 Regm.
1248 4593 1384 4647 Editi
1404 4608 1534 4648 vero
1554 4608 1673 4649 cum
1701 4596 1849 4663 Bec.,
1868 4612 1929 4651 ne
1945 4598 2110 4656 nobis.
2137 4566 2194 4630 D
2221 4566 2386 4659 mine,
2418 4596 2484 4650 de
2506 4610 2610 4664 quo
2644 4567 2730 4648 liic
2759 4603 2813 4648 et
2845 4593 3038 4664 passim
3069 4591 3383 4661 Gregorius,
3412 4566 3806 4664 familiae-desi-

594 4660 621 4700 ἀ
650 4664 817 4737 Deest
837 4662 890 4716 in
928 4662 1091 4717 Corb.
1118 4673 1179 4737 et
1200 4662 1351 4737 Colb.
1378 4683 1392 4731 ;
1427 4681 1532 4737 non
1566 4675 1744 4721 tamen
1769 4660 1848 4722 ab'
1870 4670 2110 4737 interpo-

526 4734 955 4812 latoreadditum
984 4744 1085 4789 est.
1118 4733 1254 4791 Vide
1283 4746 1435 4791 notas
1463 4736 1514 4791 in
1540 4751 1657 4804 cap.
1684 4754 1800 4808 seq.
1830 4749 1884 4795 et
1912 4741 1964 4795 in
1987 4733 2109 4812 cap.

523 4806 593 4860 24
625 4805 781 4873 liuius
809 4805 952 4858 libri.

598 4887 621 4914 ε
646 4877 699 4931 ld
726 4883 811 4932 est
840 4891 960 4929 vasa
986 4890 1160 4939 sacra,
1194 4878 1280 4932 ubi
1313 4877 1704 4933 observandum
1736 4882 1844 4946 jam
1875 4896 2109 4938 consue-

525 4947 762 5024 tudinem
797 4958 922 5001 tunc
954 4947 1261 5011 invaluisse,
1296 4959 1348 5024 ut
1374 4950 1632 5024 defuncto
1671 4955 1949 5024 episcopo,
1999 4956 2108 5010 cle-

525 5020 621 5074 rici
652 5034 982 5087 quaecunque
1014 5027 1259 5085 poterunt
1288 5020 1600 5087 diriperent.

602 5088 934 5166 (Domestici
967 5099 1142 5155 erant,
1173 5091 1273 5166 qui
1292 5092 1624 5147 excubabant
1655 5096 1705 5148 in
1735 5095 1931 5162 palatio
1961 5097 2108 5166 prin-

524 5161 680 5233 cipis,
713 5161 1365 5233 eorumqueprtepositus
1394 5161 1762 5232 appellabatur
1786 5161 1974 5221 comes
2008 5170 2107 5224 do-

524 5231 891 5288 mesticorum.
940 5231 1053 5289 Sub
1092 5234 1309 5301 regibus
1358 5231 1554 5289 nostris
1604 5237 1841 5302 praefecti
1894 5237 2109 5294 fuerunt

531 5304 673 5357 villis
690 5306 883 5376 regiis,
917 5313 975 5376 ut
1004 5313 1148 5371 patet
1176 5319 1244 5359 ex
1276 5305 1369 5359 Lb.
1405 5319 1444 5356 ll
1481 5306 1714 5360 Marcelli
1758 5307 1981 5362 formula
2012 5312 2104 5376 52,

529 5389 647 5441 quae
670 5374 998 5434 domeSIicis.
1030 5375 1121 5443 qui
1154 5391 1310 5443 supra
1337 5375 1476 5441 regis
1509 5378 1661 5430 villas
1687 5389 1861 5445 erant,
1903 5374 2107 5436 directa

530 5454 632 5525 est,
658 5451 715 5525 ut
739 5447 1022 5525 occasione
1049 5447 1309 5525 lilii_regis
1339 5462 1409 5501 τε(
1428 5461 1535 5525 eus_
1556 5451 1660 5501 nati
1690 5464 1876 5502 servos
1906 5451 2108 5516 aliquot

527 5513 772 5589 libertate
816 5516 1093 5568 donarent.
1147 5513 1373 5589 Eosdem
1429 5519 1536 5585 regi
1588 5520 1651 5572 ad
1688 5521 1875 5586 placita
1920 5513 2111 5589 prspe-

526 5588 664 5639 ranli
684 5601 951 5660 expensas
975 5600 1189 5660 parasse.
1214 5588 1385 5641 innuit
1416 5600 1594 5642 noster
1618 5589 1807 5659 Gregm
1826 5593 1906 5644 ius
1928 5588 2029 5645 lib.
2052 5610 2107 5660 κ,

528 5670 648 5721 cap.
677 5657 767 5727 98.
805 5656 1089 5709 Domestici
1111 5658 1245 5710 inter
1271 5660 1415 5727 regni
1445 5656 2111 5727 optimatesrecensentur

528 5727 583 5782 in
605 5726 954 5804 priet-legum
980 5727 1251 5804 Burgitnd.
1269 5726 1444 5804 etleg.
1467 5731 1839 5799 liipuariuruin
1865 5750 1983 5804 cap.
2002 5736 2106 5791 9t):

527 5801 640 5871 regi
665 5799 975 5858 assidebam
1017 5813 1084 5856 ex
1117 5797 1354 5857 Marcum
1399 5797 1665 5861 formulis.
1701 5804 1912 5867 V’idesis
1931 5797 2112 5879 placi-

2216 4678 2469 4738 gnantur,
2523 4662 2641 4732 quae
2686 4677 2929 4738 tempore
2968 4662 3335 4738 Romanorum
3368 4665 3420 4738 in
3443 4672 3690 4738 senatum
3717 4662 3814 4716 ad-

2220 4733 2397 4794 missae
2439 4736 2673 4790 fuerant.
2726 4736 2875 4791 Multi
2908 4736 3053 4789 enim
3096 4733 3473 4802 provinciales,
3521 4735 3811 4789 maximae

2219 4810 2413 4875 Gallia,
2446 4808 2663 4861 civitate
2691 4806 2874 4861 donati
2917 4806 3149 4867 fuerant.
3187 4804 3393 4871 aliquot
3437 4804 3603 4858 etiam
3634 4807 3689 4859 in
3718 4820 3808 4859 se-

2220 4892 2401 4936 natum
2432 4880 2629 4933 allecti.
2684 4878 2968 4945 Ejusmodi
2999 4875 3318 4930 dicebantur
3348 4886 3631 4930 senatores
3662 4891 3813 4944 pereo

2214 4952 2375 5023 grini,
2405 4952 2589 5023 quiut
2616 4952 2901 5023 plurimum
2935 4945 3410 5023 n_efac_ie_qitidem
3440 4946 3675 5023 Romam
3711 4960 3806 5001 no-

2220 5017 2437 5079 verantf
2475 5022 2649 5076 Nolim
2679 5030 2857 5074 tamen
2885 5020 3117 5073 inficiari
3147 5017 3464 5086 Gregorium
3496 5019 3815 5089 quandoque

2215 5104 2469 5151 senatores
2501 5094 2784 5147 nonnullos
2806 5092 3101 5159 appellare,
3146 5089 3289 5159 quod
3322 5089 3401 5143 illi
3425 5105 3491 5143 ex
3522 5088 3637 5145 eum
3665 5088 3814 5144 urbis

2221 5167 2549 5238 primoribus
2580 5172 2783 5238 essent.
2820 5157 2952 5238 Vide
2982 5157 3563 5238 CangiiGlossarium.

2291 5248 2315 5284 ς
2349 5237 2592 5291 Fratrem
2647 5234 2855 5289 scilicet
2898 5234 2957 5289 S.
3000 5233 3191 5287 Nicetii
3223 5233 3392 5303 episc.
3444 5231 3720 5303 Lugdun.,
3759 5236 3819 5291 ut

2218 5309 2471 5364 observat
2494 5305 2763 5360 Cointius.

2290 5379 2315 5415 ιι
2342 5379 2431 5433 Sic
2463 5378 2647 5444 Regni.
2677 5387 2733 5429 et
2759 5379 2909 5441 Bec.,
2941 5375 3051 5443 alii,
3080 5376 3326 5431 adducto.

2295 5450 2310 5488 ί
2345 5454 2616 5518 liegm..e:
2645 5447 2899 5501 Proculus
2920 5448 3070 5501 abba.
3095 5449 3246 5513 ΒΜ..
3274 5448 3491 5503 Proculi
3514 5446 3817 5517 presbyteri.

2212 5523 2384 5578 Porro
2416 5525 2733 5574 Anastasms
2765 5520 2931 5572 abbas
2960 5528 3079 5571 erat
3119 5520 3292 5574 sancti
3334 5519 3588 5583 Victoris,
3637 5532 3822 5573 mona-

2214 5594 2363 5649 sterii
2399 5594 2560 5647 etiam
2607 5605 2747 5644 nunc
2777 5589 2915 5657 apud
2951 5588 3235 5644 Massiliam
3269 5590 3655 5655 celeberrimi,
3685 5587 3817 5645 OPJ.‘

2217 5666 2275 5721 S.
2306 5664 2596 5726 Benelicti,
2630 5662 2776 5733 quod
2805 5676 2835 5714 a
2864 5658 3072 5717 Joanne
3095 5660 3359 5719 Cassiano
3390 5662 3594 5720 saeculo
3622 5662 3816 5733 quiqu

2217 5735 2487 5792 conditum
2520 5735 2640 5791 fuit.

2215 5736 2487 5797 conditum
2520 5736 2640 5791 fuit.
