4096 6344
253 308 366 370 385

1188 305 1509 365 HISTORIA
1547 305 1996 366 FRANCORUM.
2035 306 2241 363 LIBER
2278 304 2569 365 SEXTUS.

3423 319 3534 381 386

256 432 343 482 set
370 421 439 480 ab
470 420 603 479 urbe
629 421 767 490 erui,
801 420 1019 479 advenit
1045 420 1311 480 festivitas
1337 424 1692 480 dedicationis
1720 438 1843 479 ora-
1866 429 1921 493 Α
1948 421 2302 478 lsiodorensis
2337 421 2354 460 ί
2385 438 2447 479 ac
2490 423 2832 481 Berravensis
2876 428 3024 485 urbis
3051 430 3332 488 'l'uronicaa
3368 432 3532 491 deva-

257 514 385 571 lorii
416 514 559 569 ruris
587 514 898 571 suburbani.
923 514 1163 583 Cumque
1192 517 1256 569 ad
1283 517 1399 571 haec
1434 517 1564 571 festa
1586 530 1842 587 egressus

258 606 530 661 civitatem
576 612 909 675 properaret,
938 605 1115 660 subito
1145 608 1332 661 armati
1366 620 1487 660 cum
1518 621 1715 675 magno
1740 606 1844 659 fre-

257 699 392 753 mitu
422 698 489 752 ab
514 697 741 752 occultis
782 697 993 751 insidiis
1024 707 1313 763 scatentes,
1359 712 1603 753 sanctum
1645 698 1844 752 vallant

259 788 580 854 antistitem,
626 788 1002 857 delectumque
1045 788 1113 843 ab
1142 802 1281 858 equo
1325 785 1511 857 fugant
1538 802 1726 843 omnes
1753 803 1845 843 co-

258 880 419 938 mites
443 881 581 951 ejus,
615 880 913 936 servientes
941 881 1196 951 alligant,
1243 880 1472 937 clericos
1501 881 1732 948 caedunt,
1764 882 1841 950 ip«

258 986 483 1043 sumque
536 987 699 1041 super
746 972 1104 1028 miserabilem
1158 972 1500 1043 imponeutes
1552 972 1842 1039 caballum,

259 1066 468 1123 nullum
496 1064 564 1121 de
598 1067 709 1122 suis
747 1070 898 1136 sequi
947 1067 1337 1135 permittentes,
1384 1068 1449 1121 ad
1495 1068 1639 1138 regis
1676 1066 1845 1121 dedu-

257 1172 392 1218 cunt
418 1154 804 1232 praesentiam.
836 1158 1076 1231 Cumque
1119 1176 1216 1231 per
1254 1161 1558 1230 Aquensem
1599 1160 1845 1230 praeteri-

258 1263 385 1311 rent
430 1254 654 1322 urbem,
700 1253 940 1311 Pientius
968 1263 994 1292 ι
1026 1254 1310 1324 episcopus
1359 1254 1501 1318 loci,
1550 1254 1845 1311 condolens

258 1344 435 1411 fratri,
462 1345 600 1401 datis
627 1347 842 1402 clericis
870 1346 937 1401 ad
965 1346 1237 1411 solatium,
1270 1345 1640 1415 impositisque
1660 1361 1847 1400 neces-

257 1437 443 1507 sariis,
476 1438 624 1493 abire
671 1437 934 1507 permisit.
979 1437 1114 1492 Dum
1160 1438 1277 1492 hac
1318 1448 1628 1506 agerentur,
1658 1437 1846 1492 clerici

258 1528 452 1585 iterum
478 1528 837 1585 Massilienses
863 1529 1051 1583 domos
1079 1530 1323 1584 ecclesiae
1347 1540 1613 1594 reserant,
1642 1543 1841 1585 arcana

261 1625 548 1688 rimantur,
576 1632 633 1677 et
659 1623 760 1677 alia
790 1622 1125 1688 describunt,
1150 1624 1256 1677 alia
1285 1622 1397 1678 suis
1427 1622 1679 1677 domibus
1711 1622 1846 1677 infe-

257 1724 406 1771 runt.
433 1716 727 1786 Episcopus
751 1732 880 1771 vero
908 1715 975 1771 ad
1010 1731 1188 1786 regem
1220 1716 1501 1782 deductus,
1538 1732 1631 1773 nec
1664 1717 1848 1786 culpa-

1945 514 2068 568 stati
2097 525 2241 568 sunt.
2296 513 2401 569 Sed
2430 524 2484 570 et
2520 528 2702 584 postea
2736 515 3027 576 crudeliter
3055 524 3144 591 qui
3174 524 3229 579 in
3262 527 3361 580 hac
3385 527 3532 583 obsi-

1945 603 2106 658 dione
2133 604 2321 663 adesse
2350 622 2453 659 non
2482 618 2746 679 poterant,
2777 622 2901 665 sunt
2921 612 3179 672 damnati.
3203 617 3473 676 Bladastes
3497 631 3524 670 σ

1946 708 2074 748 vero
2101 695 2212 747 dux
2255 694 2309 747 in
2363 694 2671 753 Vasconiam
2701 700 2861 768 abiit,
2892 705 3289 778 maximamque
3318 720 3527 780 partem

1946 788 2215 842 exercitus
2247 788 2331 841 sui
2353 788 2551 843 amisit.

2017 876 2153 932 Xlll.
2188 877 2369 946 Lupus
2414 875 2445 915 ιι
2487 894 2617 935 vero
2660 882 2807 939 urbis
2848 884 3129 945 Turonicat
3174 890 3334 959 civis,
3386 909 3528 963 cum,

1953 983 2124 1023 uxore
2170 970 2374 1038 perdita
2417 983 2481 1024 ac
2532 969 2754 1039 liberis,
2806 974 3114 1033 clericatum
3164 988 3467 1051 expeteret,
3500 1000 3533 1042 a

1945 1058 2111 1114 fratre
2139 1060 2427 1114 Ambrosio
2459 1061 2757 1129 prohibitus
2786 1074 2898 1131 est,
2928 1070 3124 1124 timens
3154 1087 3220 1125 ne
3261 1072 3530 1131 haeredem

1948 1149 2254 1203 institueret
2283 1150 2378 1204 Dei
2409 1151 2687 1206 ecclesiam
2712 1195 2727 1219 ,
2779 1155 2825 1209 si
2869 1159 2916 1211 ei
2940 1160 3386 1230 conjungeretur;
3414 1180 3531 1220 rur-

1945 1253 2170 1309 sumque
2200 1240 2276 1293 illi
2304 1256 2523 1295 uxorem
2548 1245 2799 1313 providit,
2820 1257 2872 1301 et
2893 1248 3035 1303 diem
3067 1251 3121 1304 in
3148 1269 3252 1322 quo
3277 1254 3344 1309 ad
3374 1270 3533 1326 spon-

1946 1329 2076 1383 salia
2099 1330 2342 1384 donanda
2372 1334 2843 1403 conjungerentur,
2870 1338 3009 1392 male
3036 1354 3226 1396 suasus
3246 1345 3408 1416 29o
3429 1347 3533 1402 fra-

1948 1429 2028 1475 ter
2082 1422 2290 1477 indicit.
2358 1424 2563 1481 Dehinc
2612 1428 2677 1483 ad
2728 1429 3065 1488 Cainonense
3114 1442 3385 1503 castrum,
3443 1441 3533 1497 ubi

1948 1511 2236 1583 liOSpitium
2284 1514 2554 1571 habebant
2577 1559 2592 1584 ,
2628 1520 2827 1589 pariter
2852 1522 3205 1581 advenerunt.
3266 1526 3374 1583 Sed
3402 1545 3535 1587 uxor

1949 1603 2219 1660 Ambrosii
2252 1621 2372 1661 cum
2400 1618 2543 1664 esset
2572 1611 2815 1666 adultera
2838 1653 2853 1679 ,
2896 1622 2949 1668 et
2976 1615 3143 1671 alium
3174 1632 3358 1673 amore
3385 1619 3539 1689 lupa-

1950 1701 2124 1764 nario,
2159 1714 2323 1754 exoso
2350 1702 2563 1770 marito,
2595 1703 2861 1774 diligeret,
2886 1707 3108 1764 insidias
3138 1711 3254 1766 viro
3283 1713 3531 1770 tetendit.

258 1807 388 1864 bilis
433 1808 703 1875 inventus,
736 1807 804 1863 ad
847 1807 1113 1863 civitatem
1144 1822 1294 1864 suam
1324 1810 1501 1865 redire
1530 1810 1844 1880 permissus,

1953 1790 2191 1863 Cumque
2238 1794 2291 1848 hi
2336 1798 2577 1867 germani
2626 1800 2829 1869 pariter
2874 1803 3235 1873 epularentur,
3282 1814 3339 1862 et
3381 1819 3537 1866 nocte

259 1912 382 1954 cum
422 1898 610 1969 grandi
649 1908 731 1955 est
774 1913 806 1952 a
840 1899 1045 1954 civibus
1082 1899 1238 1956 laude
1278 1912 1583 1970 susceptus.
1619 1902 1698 1955 Ex
1746 1901 1848 1956 hoc

258 2000 436 2047 autem
468 1994 631 2065 289
670 1993 846 2061 gravis
888 1992 1167 2050 inimicitia
1212 1995 1350 2050 inter
1381 1995 1847 2052 Guntcbramnum

259 2100 443 2156 regem
474 2097 526 2141 et
552 2085 954 2142 Clu'ldebertum
984 2098 1238 2157 nepotem
1266 2103 1421 2143 suum
1444 2089 1705 2155 exoritur,
1736 2088 1852 2144 dis-

265 2190 530 2248 ruptoque
557 2178 761 2234 findere
783 2179 886 2234 sibi
911 2179 1145 2237 invicem
1176 2180 1589 2238 insidiabantur.

334 2268 449 2327 Xll.
485 2270 648 2341 Igitur
694 2270 1029 2342 Chilpericus
1082 2289 1175 2330 rex
1234 2288 1462 2330 cernens
1509 2274 1605 2329 has
1644 2275 1850 2331 discor-

266 2359 385 2415 dias
431 2359 461 2400 lt
514 2363 651 2417 inter
678 2361 901 2420 fratrem
947 2378 1010 2420 ac
1056 2374 1306 2435 nepotem
1348 2381 1500 2421 suum
1548 2366 1846 2436 pullulare,

262 2453 597 2511 Desiderium
639 2456 829 2512 ducem
873 2466 1102 2525 evocat,
1139 2458 1399 2528 jubetque
1444 2468 1504 2514 ut
1528 2458 1726 2529 aliquid
1756 2476 1852 2516 ne-

261 2548 448 2618 quitiac
476 2548 673 2605 inferat
701 2548 875 2605 fratri.
905 2551 1113 2616 Atille,
1146 2559 1415 2605 commoto
1444 2550 1714 2616 exercitu,
1746 2552 1851 2607 Ra-

260 2640 530 2711 gnovaldo
580 2651 604 2680 ο
654 2641 791 2695 duce
849 2640 1070 2711 fugato,
1130 2641 1530 2713 Petrogoricum
1582 2644 1848 2712 pervadit,

258 2741 559 2801 exactoque
581 2744 917 2789 sacramento
939 2734 1204 2803 Aginnum
1231 2734 1421 2802 pergit.
1479 2734 1605 2790 Haec
1626 2736 1851 2791 audiens

262 2836 402 2876 uxor
426 2822 779 2892 Ragnovaldi,
811 2826 951 2893 quod
982 2826 1204 2892 scilicet,
1233 2824 1412 2895 fugato
1440 2841 1555 2880 Vtro
1583 2842 1701 2893 suo,
1734 2828 1852 2884 hare

264 2923 321 2970 et
341 2912 531 2969 civitas
552 2915 607 2970 in
637 2927 950 2985 potestatem
970 2919 1111 2988 regis
1139 2918 1424 2989 Chilperici
1452 2920 1784 2991 redigeretur
1797 2917 1846 2989 ά,

264 3004 540 3060 basilicam
580 3008 750 3062 sancti
786 3010 1036 3080 martyris
1074 3008 1313 3079 Caprasii
1345 3012 1584 3079 expetiit.
1618 3011 1723 3067 Sed
1752 3026 1850 3065 ex-

266 3108 436 3154 tracta
459 3100 653 3154 exinde
679 3141 694 3166 ,
742 3110 796 3155 et
824 3102 1064 3170 tspoliata
1096 3102 1344 3157 facultate
1369 3118 1430 3156 ac
1458 3104 1650 3157 solatio
1678 3103 1850 3156 famu-

266 3189 625 3257 lorum,datis
647 3192 1049 3261 fidejussoribus
1074 3194 1322 3247 Tolosam
1355 3193 1637 3264 dirigitur:
1669 3194 1846 3262 ibique
1876 3210 1921 3275 ρ

265 3282 460 3338 iterum
491 3285 543 3337 in
592 3286 808 3339 basilica
854 3285 1023 3339 sancti
1057 3286 1324 3340 Saturnini
1372 3287 1609 3355 ingressa
1648 3288 1851 3342 reside-

268 3374 360 3428 bat
409 3376 720 3431 Desiderius
746 3392 875 3433 vero
909 3387 1129 3433 cunctas
1160 3378 1435 3446 civitates,
1470 3395 1588 3448 quae
1618 3381 1671 3434 in
1704 3390 1851 3449 parte

262 3468 356 3526 illa
383 3458 448 3524 ad
478 3486 657 3539 regem
705 3456 1166 3527 Gu'ntchramnum
1206 3473 1569 3542 aspiciebant,
1603 3475 1853 3547 abstulit,

264 3572 319 3620 et
346 3564 636 3619 ditionibus
685 3567 827 3637 regis
853 3566 1137 3635 Cliilperici
1169 3567 1396 3637 subegit.
1446 3566 1689 3621 Berulfus
1720 3584 1850 3623 vero

265 3654 372 3710 dux
395 3695 411 3721 ,
459 3670 579 3710 cum
629 3656 891 3727 Bituriges
925 3666 947 3694 θ
978 3660 1262 3713 mussitare
1286 3701 1301 3726 ,
1348 3660 1488 3726 quod
1525 3658 1849 3714 Turonicum

268 3747 565 3801 terminum
600 3748 1026 3817 ingrederentur,
1059 3750 1296 3803 audissrt
1320 3787 1336 3816 ,
1386 3753 1677 3806 exercitum
1704 3764 1851 3804 com-

268 3846 478 3909 movet,
500 3850 553 3894 et
580 3854 639 3895 se
669 3840 720 3894 in
746 3840 889 3910 ipsos
912 3840 1044 3896 lines
1070 3841 1275 3897 statuit.
1307 3842 1551 3898 Graviter
1580 3851 1706 3898 tunc
1731 3841 1851 3913 pagi

340 4024 367 4054 ι
395 4015 485 4071 Sic
506 4015 630 4072 Bec.
660 4026 711 4072 et
732 4017 923 4087 Regm.
947 4033 1065 4072 cum
1100 4017 1229 4072 Bad.
1262 4017 1385 4086 Alii,
1421 4017 1665 4071 Piencus.
1693 4016 1851 4072 Pien-

270 4087 329 4141 tii
362 4089 530 4157 episc.
564 4091 847 4158 Aquensis,
880 4090 928 4142 id
959 4100 1042 4143 est
1073 4094 1341 4158 Aquarum
1382 4091 1712 4152 Sextiarum,
1753 4090 1853 4141 Aie:

266 4173 329 4212 en
358 4158 639 4283 Prrgregce,
665 4175 860 4216 missus
886 4161 1199 4230 subscripsit
1226 4160 1456 4215 concilio
1489 4159 1765 4214 blatis-con.
1790 4170 1849 4227 ιι,

267 4243 412 4283 anno
488 4237 517 4283 ὅ
560 4267 575 4283 .

267 4243 412 4283 anno
452 4232 575 4286 585.

339 4299 368 4339 δ
409 4302 536 4367 Quae
566 4302 773 4357 scilicet
809 4302 983 4372 capite
1024 4302 1340 4368 prmcedenti
1387 4308 1769 4366 memorantur,
1798 4310 1855 4356 ut

269 4368 470 4427 fatetur
514 4374 776 4428 Cointius.
832 4368 895 4426 Εἰ
940 4384 1114 4427 tamen
1146 4385 1304 4441 caput
1344 4376 1481 4428 istud
1524 4372 1589 4426 12
1631 4376 1852 4440 rejicere

270 4458 376 4496 non
412 4452 605 4510 potest,
634 4444 773 4514 quod
804 4444 854 4497 in
881 4445 1125 4498 omnibus
1156 4446 1313 4500 codd.
1347 4446 1628 4504 habeatur;
1658 4444 1851 4497 admit-

272 4514 556 4584 tatiitaque
578 4527 630 4570 et
656 4516 961 4583 praecedens
992 4530 1212 4569 necesse
1253 4527 1371 4580 est,
1415 4515 1538 4569 licet
1567 4516 1618 4566 in
1642 4515 1851 4569 duobus

1954 1898 2124 1953 usque
2155 1883 2221 1937 ad
2253 1885 2570 1941 ebrietatem
2599 1888 2725 1942 vino
2753 1891 3115 1960 maduissent,
3146 1894 3199 1948 in
3234 1911 3338 1950 uno
3366 1908 3535 1954 strato

1953 1976 2155 2046 pariter
2184 1977 2523 2046 quieverunt.
2576 1980 2725 2035 Tunc
2754 1983 2997 2039 machus
3031 1987 3215 2041 uxoris
3242 1988 3536 2060 Ambrosii,

1953 2076 2114 2121 nocte
2140 2067 2359 2123 veniens
2378 2109 2394 2134 ,
2420 2070 2817 2139 quiescentibus
2846 2077 3051 2132 cunctis
3080 2088 3135 2133 et
3166 2079 3289 2134 vino
3313 2080 3535 2150 depres-

1952 2158 2071 2225 sis,
2127 2159 2368 2214 accensis
2396 2160 2516 2230 igne
2547 2162 2751 2231 paleis,
2801 2174 2860 2219 ut
2906 2168 3108 2224 videret
3156 2171 3283 2240 quid
3318 2185 3537 2243 agerent

1954 2249 2062 2323 [ΑΙ.
2092 2250 2297 2323 ageret]
2322 2295 2337 2321 ,
2370 2265 2617 2309 extracto
2642 2257 2820 2328 gladio
2843 2267 2873 2325 ,'
2901 2260 3242 2317 Ambrosium
3282 2266 3336 2320 in
3365 2268 3537 2335 capite

1954 2342 2145 2410 librat,
2177 2346 2249 2399 ita
2282 2354 2341 2400 ut
2359 2345 2693 2403 descendens
2723 2366 2818 2420 per
2846 2352 3035 2407 oculos
3062 2355 3273 2424 gladius
3298 2360 3535 2415 cervical

1953 2441 2145 2510 capitis
2175 2451 2509 2513 amputaret;
2540 2446 2593 2499 in
2620 2461 2726 2515 quo
2751 2448 2859 2502 ictu
2889 2450 3297 2520 expergefactus
3318 2454 3531 2524 Lupus,

1953 2543 2009 2588 et
2054 2548 2112 2589 se
2158 2535 2210 2589 in
2258 2537 2568 2607 sanguinem
2608 2539 2839 2594 volutari
2882 2541 3179 2599 decernens
3208 2585 3223 2610 ,
3273 2549 3538 2604 exclamat

1952 2637 2084 2679 voce
2136 2640 2322 2694 magna
2349 2667 2366 2693 ,
2414 2626 2599 2684 dicens
2626 2647 2639 2683 :
2668 2631 2802 2700 lleu,
2832 2630 2963 2688 heu!
3009 2636 3305 2693 succurrite
3326 2678 3343 2707 ,
3376 2638 3539 2696 frater

1952 2730 2104 2770 meus
2134 2716 2445 2773 interfectus
2485 2729 2586 2774 cst.
2641 2720 2877 2776 Moechus
2919 2738 3067 2790 vero,
3096 2726 3184 2795 qui
3209 2726 3319 2797 jam
3354 2744 3540 2799 perpe—

1952 2815 2093 2862 trato
2119 2810 2323 2864 scelere
2368 2811 2710 2879 discedebat,
2745 2815 2857 2869 haec
2889 2816 3133 2885 audiens,
3168 2834 3441 2888 regressus
3473 2822 3539 2877 ad

1954 2898 2176 2963 lectum,
2208 2899 2413 2981 Lupum
2437 2901 2567 2956 adit.
2620 2904 2736 2970 Quo
2761 2916 3119 2977 repugnante,
3154 2910 3333 2963 multis
3363 2913 3536 2983 plagis

1954 2988 2247 3044 laceratum
2282 2995 2572 3061 oppressit,
2621 3003 2677 3049 et
2712 3000 2920 3051 mortali
2964 3000 3070 3053 ictu
3106 3003 3425 3070 sauciatum,
3453 3021 3538 3061 se-

1954 3079 2208 3133 mivivum
2235 3082 2483 3150 reliquit;
2516 3083 2608 3137 sed
2639 3084 2816 3139 nullus
2840 3086 2908 3140 dc
2936 3088 3131 3142 familia
3159 3092 3346 3147 sensit.
3385 3093 3538 3151 Mane

1955 3180 2131 3223 autem
2161 3169 2320 3237 facto,
2347 3172 2633 3240 stupebant
2663 3189 2849 3229 omnes
2876 3176 2943 3231 de
2980 3185 3125 3232 tanto
3155 3182 3382 3237 scelere.
3432 3183 3538 3238 Lu-

1953 3278 2051 3332 pus
2079 3273 2253 3318 tamen
2287 3263 2461 3318 adhuc
2490 3264 2673 3319 vivens
2706 3268 2974 3335 inventus,
2998 3270 3134 3326 sicut
3162 3284 3335 3328 actum
3366 3274 3537 3333 fuerat

1951 3355 2220 3422 referens,
2257 3358 2500 3426 spiritum
2531 3358 2818 3414 exhalavit.
2854 3361 2956 3416 Sed
2990 3378 3091 3418 nec
3118 3364 3332 3435 longum
3361 3382 3537 3424 mere-

1952 3448 2053 3502 trix
2085 3449 2299 3513 lugendi
2333 3451 2560 3519 sumpsit
2604 3452 2867 3521 spatium:
2903 3455 2997 3509 sed
3044 3459 3225 3525 paucis
3254 3458 3443 3515 diebus
3467 3462 3537 3517 im

1953 3544 2225 3613 terpOsitis
2253 3545 2537 3614 conjuncta
2570 3550 2779 3602 moecho
2808 3547 3054 3603 discessit
3084 3547 3128 3607 ί.

2023 3655 2164 3711 XIV.
2205 3657 2360 3710 Anno
2390 3657 2404 3708 i
2446 3658 2604 3728 igitur
2633 3662 2862 3730 septimo
2888 3661 3212 3718 Childeberti
3245 3664 3413 3733 regis,
3444 3667 3536 3735 qui

1952 3758 2072 3803 erat
2101 3746 2393 3817 Cliilperici
2427 3760 2480 3805 et
2511 3751 2896 3806 Cuutchramni
2928 3754 3215 3809 vicesimus
3237 3765 3290 3809 et
3314 3759 3535 3826 primus,

1952 3856 2137 3898 mense
2177 3841 2433 3897 Januario
2456 3882 2471 3908 ,
2505 3843 2692 3912 pluviae
2716 3882 2733 3912 ,
2781 3848 3179 3902 coruscationes
3208 3856 3365 3917 atque
3398 3849 3536 3903 toni-

1954 4022 2258 4076 celeliratur
2311 4020 2398 4075 die
2445 4020 2514 4074 9.0
2570 4020 2835 4075 Octobris.
2892 4019 3113 4073 Basilica
3162 4020 3221 4075 S.
3264 4021 3536 4082 Saturnini

1954 4092 2093 4159 apud
2147 4091 2435 4153 Tolosam,
2491 4107 2595 4159 quo
2647 4106 2827 4157 postea
2874 4091 3111 4161 confugit
3158 4095 3271 4161 hanc
3320 4097 3533 4161 mulier,

1954 4162 2164 4243 insigne
2215 4169 2298 4215 est
2341 4160 2497 4215 hodie
2547 4164 2921 4215 canonicorum
2984 4159 3319 4218 saEcularium
3370 4159 3535 4221 colle-

1953 4248 2342 4377 giliiflColb._et
2384 4302 2600 4377 Begm.,
2630 4300 2919 4377 Bituricos;
2962 4302 3117 4370 Bad.,
3146 4304 3437 4377 Biturigas;
3485 4316 3538 4362 et

1955 4374 2171 4455 quidem
2232 4374 2316 4427 hic
2365 4374 2710 4443 designantur
2759 4373 3003 4429 homines
3060 4373 3538 4446 regionis'ltituri-

1956 4460 2281 4581 misisses,
2319 4531 2481 4585 pagus
2509 4515 2863 4569 brodunensis.
2896 4514 3085 4585 Regm.
3121 4519 3406 4584 mendose,
3434 4519 3540 4573 Au-

270 4583 486 4654 scriptis
516 4586 876 4666 desideretur;
904 4601 1002 4640 nec
1039 4586 1229 4666 inferat
1265 4601 1331 4666 eo
1354 4588 1476 4666 ipso
1512 4584 1730 4666 aliquod
1754 4601 1843 4666 ca-
1878 4603 1935 4666 ι)
1960 4583 2461 4666 ξῦξὶοᾴοτεηεὶεάιὶι..
2495 4586 2607 4666 Sed
2643 4583 3157 4666 retinendavulgata
3190 4590 3348 4666 Lectio
3371 4583 3537 4666 ,nam

272 4664 369 4727 put
395 4670 517 4711 esse
548 4657 921 4724 interpolatum
943 4697 958 4722 ,
986 4658 1126 4727 quod
1154 4658 1207 4711 in
1232 4658 1389 4711 codd.
1420 4657 1581 4710 Corb.
1614 4666 1667 4710 et
1692 4656 1850 4710 Colb.

273 4725 467 4800 desint.
504 4728 569 4800 Et
614 4725 1150 4800 quidemiutriu‘sque
1195 4726 1381 4798 capitis
1420 4727 1691 4797 epitomen
1731 4727 1854 4782 fecit

274 4794 771 4868 Fredegarius'rap.
802 4799 892 4852 87.

350 4877 387 4942 f_
415 4869 503 4923 Sic
547 4867 743 4942 Corb.,_
780 4869 904 4925 Bec.
956 4877 1010 4925 et
1055 4871 1242 4942 ltegm.
1270 4884 1390 4923 cum
1422 4870 1634 4942 _aliqu0l.
1676 4867 1853 4923 editis.

275 4937 430 5012 Colb.
457 4955 585 5012 vero
606 4952 659 4995 et
688 4940 909 5003 Chesn.,
945 4937 1302 5012 llrgnovfaltlo,
1327 4950 1381 4995 et.
1412 4937 1780 5012 Reginovuldo.

346 5007 375 5046 ά
416 5011 506 5064 Sic
534 5012 726 5073 Corb.;
760 5012 845 5064 alii
876 5007 1112 5071 verofhae
1140 5013 1361 5066 civitates
1388 5007 1533 5066 im...
1563 5011 1855 5079 redigeren-

278 5088 387 5134 tur.
412 5081 575 5135 Corb.
629 5082 911 5136 lectionem
964 5082 1317 5149 praetulimus.
1376 5081 1508 5134 Nam
1544 5091 1667 5133 tunc
1702 5091 1857 5149 capto

278 5152 514 5218 Aginno,
548 5167 681 5207 uxor
712 5154 1037 5220 Ragnovalili
1064 5194 1078 5217 ,
1121 5168 1238 5222 quae
1274 5152 1337 5205 ad
1373 5152 1642 5204 basilicam
1666 5150 1721 5204 S.
1755 5153 1858 5204 Ca~

278 5224 445 5291 prasii
471 5263 485 5287 ,
519 5225 569 5277 in
612 5223 710 5277 hac
737 5226 871 5278 urbe
914 5223 1067 5276 sitam
1096 5263 1109 5285 ,
1157 5223 1503 5287 confugerat,
1541 5222 1593 5274 in
1624 5222 1855 5274 hostium

279 5308 471 5348 manus
501 5293 731 5350 devenit.
784 5296 841 5347 S.
882 5293 1167 5362 Caprasius
1205 5292 1399 5361 Aginni
1427 5292 1707 5362 episcopus
1736 5307 1855 5362 cum

281 5362 414 5417 Fide
442 5366 646 5433 virgine
675 5360 986 5436 martyrium
1020 5363 1232 5432 pertulit
1261 5360 1730 5436 s_ub_Maximiano._
1758 5360 1859 5436 Ca-

281 5431 778 5503 prasium'diximus
817 5431 1126 5505 episcopum
1173 5449 1235 5487 ex
1281 5433 1537 5505 hodierna
1567 5442 1618 5485 et
1644 5431 1857 5505 quidem

282 5502 570 5561 recentiori
617 5502 1013 5577 Aginnen'sium'
1043 5505 1329 5577 traditione
1351 5544 1364 5567 ,
1398 5502 1510 5577 cui_
1531 5517 1704 5570 neque
1727 5502 1860 5577 Acta

281 5590 458 5645 neque
497 5577 601 5631 alia
643 5574 983 5631 monumenta
1012 5580 1226 5646 antiqua
1259 5576 1454 5631 favent.
1480 5574 1733 5642 Superest
1765 5575 1859 5627 ho-

283 5646 477 5715 dieque
510 5647 727 5703 basilica
768 5648 1127 5715 subejusdem
1159 5649 1326 5701 sancti
1352 5647 1596 5710 nomine,
1628 5659 1747 5713 qua:
1775 5660 1862 5699 ca-

283 5721 600 5774 nonicorum
631 5718 855 5787 collegio
882 5720 1213 5782 nobilitatur,
1246 5718 1424 5785 ibique
1453 5729 1668 5787 sacrum
1684 5716 1861 5787 ipsius

280 5796 451 5859 caput
476 5785 808 5848 asservatur.
834 5788 965 5861 Ejus
985 5802 1112 5846 vero
1139 5788 1399 5846 festivitas
1427 5788 1481 5843 in
1504 5795 1616 5842 tota
1640 5785 1861 5843 dimcesi

1960 4656 2259 4712 lciodorum
2300 4672 2393 4710 seu
2443 4656 2719 4709 lsidiorum
2760 4668 2843 4711 est
2891 4660 3037 4711 vicus
3086 4659 3151 4711 ad
3192 4659 3413 4713 Crosam
3442 4658 3541 4713 llu-

1961 4729 2127 4799 vium,
2169 4728 2325 4799 vulgo
2356 4726 2651 4799 Iserreiaut
2675 4725 3018 4799 lsuredictus
3038 4767 3053 4791 ,
3085 4730 3173 4797 qui
3200 4730 3429 4799 confinis
3459 4737 3541 4784 est

1962 4797 2288 4867 Biturigibus
2314 4799 2498 4852 Cubis.
2530 4798 2876 4851 Berravensis
2905 4813 3032 4851 vero
3063 4803 3212 4853 vicus
3253 4812 3333 4853 est
3368 4798 3540 4853 Βατίδα

1964 4882 2129 4938 prope
2164 4870 2409 4923 eumdem
2459 4868 2713 4931 fluvium,
2762 4868 3129 4934 haudeptocul
3176 4872 3243 4923 ab
3277 4871 3538 4937 lciodoro,

1960 4949 2019 4992 ut
2042 4941 2295 4993 observat
2324 4939 2562 4992 Valesius
2593 4940 2643 4991 in
2672 4940 2866 4991 Notitia
2891 4938 3201 4992 Galliarum.
3233 4941 3288 4993 In
3315 4953 3541 5007 utroque

1960 5009 2081 5063 loco
2104 5010 2386 5063 ecclesiam
2420 5010 2583 5063 fuisse
2605 5008 2917 5062 aedificatam
2950 5017 3097 5063 notat
3127 5010 3416 5081 Gregorius
3442 5010 3538 5064 lib.

1960 5095 2017 5146 x,
2045 5095 2163 5146 cap.
2194 5082 2399 5131 ttltimo.

2034 5159 2058 5196 κ
2100 5149 2222 5210 Alii,
2248 5148 2573 5213 ltlandastes,
2599 5159 2688 5204 aut
2714 5149 2997 5209 Bladastis.
3028 5150 3211 5213 Corb.,
3245 5148 3542 5207 Baudustis.

1960 5220 2278 5274 'Vasconiam
2314 5220 2396 5272 hic
2416 5220 2651 5289 intellige
2678 5234 2915 5276 veterum
2944 5222 3242 5275 Vasconum
3270 5221 3449 5274 sedem
3487 5222 3540 5276 in

1962 5290 2235 5360 Pyrenazis
2261 5291 2402 5360 jugis
2427 5330 2442 5356 ,
2489 5306 2591 5358 qua
2630 5294 2844 5348 dimissa
2878 5300 3061 5363 postea
3100 5290 3539 5362 Novempopula-

1968 5363 2110 5416 niam
2134 5370 2553 5430 occupaverunt.

2040 5430 2071 5503 1}
2112 5433 2274 5488 Deest
2302 5439 2401 5488 hoc
2421 5442 2584 5503 eaput
2610 5433 2662 5486 in
2698 5434 2856 5488 Corb.
2890 5440 2942 5487 et
2963 5431 3113 5488 Colb.

2048 5500 2065 5541 ί
2109 5504 2226 5572 Ipse
2255 5500 2528 5571 mmchus,
2563 5508 2777 5575 nomine
2820 5503 3074 5559 Vedastes
3118 5505 3251 5570 Avo,
3285 5504 3423 5561 male
3452 5520 3544 5575 pe~

1969 5575 2059 5629 riit
2088 5590 2149 5627 ex
2184 5576 2321 5629 libro
2347 5592 2442 5639 vtt,
2472 5590 2588 5643 cap.
2616 5574 2667 5627 5.
2728 5582 2731 5585 ’

2043 5644 2056 5693 i
2110 5644 2220 5699 Hoc
2253 5658 2410 5714 caput
2435 5646 2701 5716 integrum
2730 5646 2893 5701 refert
2920 5644 3203 5701 Fulbertus
3241 5646 3293 5701 in
3322 5646 3548 5716 epistola

1968 5714 2056 5779 97,
2091 5731 2212 5796 quae
2253 5716 2417 5772 estad
2450 5715 2740 5773 llobertum
2779 5732 2957 5796 regem
2980 5761 2995 5789 ,
3030 5718 3117 5774 ubi
3163 5717 3323 5776 habet
3340 5714 3374 5785 ,⁷
3403 5718 3545 5791 Anne

1967 5796 2131 5855 sexto,
2159 5794 2265 5841 etc.
2850 5794 2852 5796 '
3354 5800 3357 5804 '
