4096 6344
588 350 694 410 387

1593 332 1652 389 S.
1697 324 2023 387 GREGORH
2066 320 2372 381 EPISCOPI
2415 321 2844 382 TURONENSIS

3775 326 3886 387 588

586 473 712 523 trua
742 462 930 537 gravia
965 454 1383 522 fuerunt,flores
1410 449 1461 506 in
1484 445 1761 503 arboribus
1790 443 1993 501 ostensi
2016 448 2169 507 sunt;
2202 445 2254 506 Α
2282 436 2439 537 ιω*ςῆ
2471 438 2550 495 Tu
2580 441 3132 537 ergoidilcctis‘sime,
3156 450 3433 503 revertere
3459 443 3607 516 illuc,
3637 450 3698 503 et
3727 455 3885 518 pete,

587 535 775 627 stella,
805 568 965 627 quam
996 556 1259 608 cometem
1289 546 1532 615 superius
1564 538 1831 596 nominavi
1860 580 1873 603 ,
1902 535 2169 607 apparuit,

587 650 662 711 ita
692 660 751 707 ut
794 650 848 705 in
884 646 1106 704 circuitu
1144 642 1260 713 ejus
1303 652 1492 709 magna
1525 633 1747 708 nigrcdo
1774 638 1936 689 esset.
1984 629 2052 686 Et
2082 631 2169 687 illa

588 744 837 814 tanquam
887 741 942 796 in
972 735 1234 795 foramine
1282 734 1459 804 aliquo
1508 729 1713 801 posita,
1749 729 1820 783 ita
1859 727 1997 783 inter
2019 734 2169 783 tene-

587 841 710 897 bras
741 838 899 910 291
945 831 1248 896 relucebat,
1296 826 1631 890 scintillans,
1673 836 2037 893 spargensque
2074 835 2168 879 co-

584 943 720 988 mas.
752 924 998 984 l’rodibat
1022 930 1199 979 autem
1221 934 1287 977 ex
1309 935 1371 975 ea
1386 918 1566 974 radius
1591 916 1739 972 mirae
1766 912 2165 987 magnitudinis,

587 1024 673 1098 qui
700 1032 949 1093 tanquam
969 1019 1142 1074 fumus
1165 1029 1389 1086 magnus
1412 1012 1641 1069 incendii
1672 1010 1959 1083 apparebat
1986 1025 2014 1065 a
2052 1009 2167 1067 lon-

587 1120 668 1187 ge.
722 1114 846 1171 Visa
894 1121 976 1169 est
1019 1119 1197 1168 autem
1240 1108 1305 1163 ad
1355 1116 1557 1177 partem
1620 1104 1908 1161 occidentis
1954 1104 2006 1160 in
2036 1104 2168 1161 hora

586 1208 755 1265 noctis
783 1208 975 1278 prima.
1013 1202 1070 1259 ln
1092 1202 1179 1259 die
1202 1209 1376 1257 autem
1400 1207 1582 1255 sancto
1605 1198 1821 1255 Paschze
1842 1198 1981 1270 apud
2009 1198 2169 1255 Sues-

585 1301 761 1357 sionas
783 1298 1050 1356 civitatem
1083 1293 1277 1351 coelum
1304 1292 1492 1349 ardere
1519 1292 1691 1349 visum
1721 1301 1837 1359 est,
1872 1292 1945 1348 ita
1973 1298 2031 1348 ut
2060 1292 2167 1348 duo

585 1399 906 1463 apparerent
927 1385 1175 1445 incendia
1202 1405 1213 1442 :
1248 1394 1302 1442 et
1329 1402 1493 1442 unum
1524 1392 1637 1440 erat
1662 1386 1853 1453 majus,
1874 1383 2016 1439 aliud
2039 1398 2169 1440 vero

584 1483 779 1538 ininns.
823 1480 950 1537 Post
978 1480 1204 1535 duarum
1242 1492 1370 1534 vero
1402 1476 1654 1532 horarum
1682 1475 1911 1543 spatium
1943 1476 2168 1545 conjun-

584 1584 668 1631 cta
719 1582 845 1630 sunt
891 1572 1088 1639 simul;
1140 1569 1383 1641 factaque
1424 1567 1593 1640 pharo
1635 1568 1740 1641 [AL
1769 1568 1899 1640 igni]
1952 1582 2166 1639 magna,

585 1662 933 1723 evanuerunt.
966 1664 1021 1719 In
1054 1661 1322 1719 Parisiaco
1352 1675 1482 1717 vero
1506 1660 1733 1716 termino
1764 1673 1922 1715 verus
1951 1659 2166 1731 sanguis

583 1762 648 1817 ex
680 1758 816 1815 nube
840 1746 1094 1824 deﬂuxit,
1131 1765 1186 1812 et
1214 1769 1374 1825 super
1398 1754 1719 1811 vestimenta
1749 1752 2039 1807 multorum
2071 1752 2167 1807 ho-

2281 539 2341 585 ut
2370 530 2559 601 ipsete
2581 534 2671 603 qui
2700 533 2863 605 elegit
2892 533 3083 591 debeat
3112 545 3413 595 lonsorare.
3444 537 3689 610 Cumque
3724 556 3886 611 pres-

2274 624 2469 698 byterii
2512 627 2769 684 honorem
2815 630 3127 700 acceperis,
3177 632 3243 687 ad
3282 634 3567 690 ecclesiam
3615 634 3880 690 assiduus

2273 730 2424 789 esto;
2454 730 2507 778 et
2541 737 2661 777 cum
2694 738 2814 780 cum
2844 724 2985 780 Deus
3015 726 3247 797 migrare
3280 727 3529 793 voluerit,
3557 735 3687 783 tunc
3711 728 3879 785 facile

2272 812 2635 885 episcopalem
2685 818 2908 886 gradum
2953 818 3233 876 ascendes.
3313 820 3383 875 At
3425 818 3517 875 ille
3560 833 3875 890 regressus,

2272 907 2556 962 Consilium
2588 916 2863 979 acceptum
2891 909 3186 980 adimplere
3211 909 3588 975 dissimulavit,
3622 923 3687 965 eo
3719 908 3874 979 quod

2271 998 2419 1056 Felix
2445 1002 2727 1072 cpiscopus
2776 1003 2843 1057 ab
2888 1004 3227 1059 incommodo
3265 1003 3431 1059 levius
3456 1017 3617 1073 agere
3650 1002 3876 1059 videre-

2274 1101 2381 1148 tur.
2438 1093 2544 1150 Sed
2591 1101 2871 1165 postquam
2915 1094 3079 1151 febris
3132 1094 3420 1163 discessit,
3465 1094 3610 1151 tibiae
3654 1094 3783 1165 ejus
3808 1094 3876 1150 ab

2272 1189 2499 1243 humore
2550 1191 2768 1258 pusulas
2824 1190 3140 1246 emiserunt.
3207 1189 3359 1246 Tune
3399 1190 3869 1246 cantharedarum

2270 1278 2651 1349 cataplasmam
2687 1287 2710 1317 θ
2735 1279 2956 1335 nimium
2998 1280 3224 1335 validam
3257 1295 3460 1352 ponens
3486 1323 3503 1349 ,
3548 1288 3867 1351 computre-

2277 1371 2551 1428 scentibus
2582 1372 2755 1439 tibiis,
2790 1387 2931 1427 anno
2961 1374 3297 1443 episcopatus
3325 1374 3407 1430 sui
3447 1374 3721 1431 tricesimo
3760 1380 3867 1429 ter-

2269 1461 2365 1530 tio,
2400 1470 2556 1518 aetate
2586 1464 3016 1533 septuagenaria,
3050 1467 3215 1519 vitam
3249 1463 3426 1520 finivit
3450 1462 3493 1519 τ.
3524 1463 3624 1520 Cui
3660 1466 3866 1522 Nonni-

2267 1555 2427 1612 chius
2456 1554 2813 1611 consobrinus
2842 1557 2978 1626 ejus,
3010 1571 3131 1627 rege
3156 1556 3437 1613 ordinante
3457 1598 3471 1623 ,
3503 1559 3793 1614 successit.

2341 1646 2483 1703 XVI.
2525 1646 2765 1703 Audiens
2812 1657 2838 1696 tt
2889 1658 3066 1704 autem
3102 1650 3437 1720 Pappolenus
3473 1648 3589 1720 ejus
3627 1650 3864 1722 obitum,

2270 1750 2485 1811 neptem
2509 1741 2653 1797 illius
2683 1743 2751 1800 de
2782 1758 2883 1815 qua
2915 1753 3195 1815 separatus
3220 1745 3412 1814 fuerat,
3446 1747 3670 1817 recepit.
3723 1747 3867 1803 Ante

583 1855 785 1911 minum
815 1849 1034 1917 cecidit,
1064 1822 1117 1906 ei
1144 1851 1214 1905 ita
1247 1822 1367 1904 tabe
1390 1846 1705 1912 maculavit,
1740 1854 1799 1900 ut
1829 1844 1925 1915 ipsi
1954 1846 2168 1915 propria
2194 1822 2246 1903 ι
2272 1832 2372 1887 hoc
2403 1840 2582 1887 avtem
2632 1841 2843 1903 tempus
2884 1835 3265 1907 desponsatam
3290 1851 3408 1891 eam
3436 1834 3734 1902 habuerat;
3765 1834 3865 1892 sed

583 1946 893 2004 indumenta
943 1943 1221 1999 horrentes
1254 1941 1571 1995 abnuerent.
1634 1934 1827 1991 Tribus
1857 1935 1997 1991 enim
2037 1934 2167 1992 locis

582 2041 634 2099 in
667 2038 896 2099 termino
946 2034 1175 2093 civitatis
1218 2033 1361 2089 illius
1409 2032 1512 2087 hoc
1550 2022 1852 2101 prodigium
1896 2028 2163 2099 apparuit.

582 2136 642 2193 in
689 2129 1073 2192 Silvanectensi
1122 2142 1249 2183 vero
1300 2122 1571 2181 territorio
1618 2120 1848 2178 hominis
1889 2119 2164 2189 cujusdam

584 2229 773 2283 domus
792 2265 809 2293 ,
859 2237 979 2280 cum
1011 2220 1102 2277 ille
1132 2232 1287 2273 mane
1315 2221 1597 2286 surgeret,
1630 2212 1889 2284 sanguine
1918 2225 2163 2282 respersa

581 2317 649 2374 ab
678 2317 824 2373 intus
854 2312 1145 2386 apparuit..
1174 2308 1362 2380 Magna
1395 2307 1559 2377 igitur.
1585 2320 1648 2362 eo
1672 2318 1813 2360 anno
1840 2304 1954 2361 lues
1986 2304 2039 2359 in
2070 2316 2166 2373 po-

582 2398 708 2483 pulo
735 2409 833 2464 fuit
859 2426 872 2461 :
899 2402 1231 2461 valetudines
1256 2400 1440 2466 variae,
1462 2397 1710 2469 maligna:
1736 2404 1786 2464 λ,
1806 2410 1930 2451 cum
1961 2395 2167 2466 pusulis

583 2509 637 2559 et
659 2500 853 2557 vesicis
879 2542 894 2567 ,
942 2510 1061 2566 quze
1090 2492 1314 2548 multum
1345 2488 1600 2561 populum
1639 2486 1935 2542 affecerunt
1968 2493 2161 2541 morte.

583 2591 733 2651 Multi
761 2599 939 2646 tamen
967 2585 1281 2643 adhibentes
1309 2583 1561 2648 studium,
1608 2588 1911 2636 evaserunt.
1944 2578 2162 2634 Audivi-

582 2700 702 2743 mus
731 2681 872 2741 enim
905 2694 969 2736 eo
1000 2691 1141 2733 anno
1167 2677 1221 2731 in
1260 2674 1661 2731 Narbonensem
1693 2670 1879 2727 urbem
1913 2670 2160 2740 inguina-

579 2779 722 2839 rium
745 2774 992 2832 morbum
1027 2770 1260 2844 graviter
1286 2768 1564 2836 desaevire,
1596 2768 1666 2822 ita
1696 2775 1755 2823 ut
1784 2764 1988 2822 nullum
2016 2772 2162 2824 esset

579 2871 833 2943 Spatium,
862 2880 983 2924 cum
1013 2864 1175 2921 homo
1195 2869 1470 2930 correptus
1494 2859 1679 2918 fuisset
1704 2856 1771 2915 ab
1799 2874 1882 2915 eo.

650 2960 766 3017 XV.
801 2956 952 3014 Felix
977 2956 1005 2996 δ
1032 2970 1159 3012 vero
1207 2954 1489 3024 episcopus
1533 2948 1857 3007 Namneticae
1902 2949 2158 3017 civitatis,

580 3055 647 3110 in‘
682 3052 819 3109 hanc
865 3047 1223 3106 valetudinem
1265 3058 1563 3112 corruens,
1612 3044 1846 3115 graviter
1898 3050 2160 3113 aegrotare

580 3144 764 3216 coepit.
812 3140 962 3199 Tunc
987 3139 1191 3198 vocatis
1221 3137 1287 3194 ad
1331 3151 1391 3194 se
1422 3134 1716 3207 episcopis,
1750 3134 1843 3205 qui
1876 3133 2159 3205 propinqui

2274 1922 2648 1979 dissimulante
2697 1923 2765 1980 de
2813 1925 3010 1995 nuptiis
3055 1924 3233 1982 Felice
3278 1927 3551 1997 episcopo,
3600 1924 3694 1981 hic
3734 1940 3863 1983 cum

2270 2030 2457 2086 magna
2499 2016 2722 2073 cohorte
2750 2019 2995 2087 veniens,
3028 2019 3354 2077 ab‘oratorio
3386 2021 3615 2092 puellam
3641 2021 3862 2078 abstra-

2266 2110 2363 2175 xit,
2397 2116 2451 2164 et
2477 2109 2529 2163 in
2559 2109 2832 2165 basilicam
2863 2110 3003 2167 beati
3033 2111 3211 2169 Albini
3239 2115 3497 2185 confugit.
3520 2113 3680 2172 Tunc
3707 2113 3860 2170 Felix

2266 2204 2551 2274 episcOpus
2574 2205 2652 2259 ira
2675 2213 2974 2261 commotus
2992 2244 3009 2273 ,
3036 2206 3457 2263 circumventam
3489 2207 3725 2278 puellam
3752 2206 3857 2263 do-

2264 2294 2328 2351 lis
2354 2308 2385 2350 a
2414 2296 2610 2351 marito
2639 2297 2926 2366 separavit.
2974 2296 3281 2369 Mutataque
3324 2310 3478 2356 veste
3512 2301 3657 2371 apud
3687 2299 3857 2356 Vasa-

2265 2394 2475 2443 tcnsem
2504 2388 2696 2445 urbem
2739 2386 2770 2427 ιι
2812 2388 2867 2445 in
2897 2393 3225 2447 monasterio
3266 2393 3442 2463 posuit
3470 2410 3483 2447 :
3515 2392 3608 2449 sed
3638 2393 3733 2449 illa
3764 2408 3857 2449 oc-

2263 2481 2439 2540 cultos
2491 2497 2684 2553 pueros
2734 2482 2751 2524 ί
2802 2487 3016 2543 nuntios
3073 2488 3295 2559 dirigit,
3356 2499 3418 2545 ut
3467 2489 3685 2546 scilicet
3732 2504 3852 2546 eam

2262 2583 2501 2644 ereptam
2544 2589 2574 2630 a
2624 2576 2743 2633 loco
2788 2576 2842 2632 in
2869 2591 2974 2647 quo
3002 2581 3170 2647 posita
3195 2588 3329 2647 erat,
3362 2581 3654 2650 acciperet.
3695 2578 3853 2647 Quod

2263 2663 2353 2721 ille
2377 2680 2484 2721 non
2513 2665 2774 2734 abnuens,
2806 2678 3137 2739 assumptum
3166 2669 3234 2725 de
3262 2670 3589 2727 monasterio
3621 2670 3851 2740 puellam

2262 2767 2361 2825 suo
2390 2758 2643 2830 coniugio
2672 2762 2975 2830 copulavit,
3025 2760 3403 2835 regalibusque
3447 2763 3688 2819 munitus
3718 2779 3854 2833 pra2~

2262 2850 2618 2919 ceptionibus,
2648 2854 2838 2909 timere
2863 2863 3146 2925 parentum
3174 2855 3378 2911 distulit
3402 2857 3591 2912 minas.

2337 2950 2500 3007 XVII.
2531 2952 2643 3008 Rex
2672 2968 2803 3009 vero
2833 2953 3172 3024 Chilpericus
3211 2956 3409 3013 multos
3436 2956 3750 3013 Iudaeorum
3784 2972 3851 3015 eo

2226 3055 2407 3111 ,anno
2437 3042 2693 3113 baptizari
2724 3044 3016 3115 praecepit,
3063 3062 3129 3103 ex
3173 3046 3363 3118 quibus
3408 3045 3587 3119 plures
3635 3051 3854 3121 excepit.

2263 3148 2295 3190 ο
2323 3144 2513 3192 sancto
2561 3136 2801 3193 lavacro.
2860 3135 3114 3193 Nonnulli
3169 3148 3345 3196 tamen
3393 3154 3579 3197 eorum
3627 3155 3855 3212 corpora

578 3210 770 3308 erant,
803 3237 1063 3309 supplicat
1107 3243 1168 3290 ut
1231 3245 1554 3290 consensum
1579 3271 1594 3297 ,
1646 3238 1805 3300 quem
1832 3229 1888 3284 in
1918 3210 2235 3298 Burgun-C
2264 3235 2494 3295 tantum,
2550 3243 2658 3286 non
2698 3228 2864 3285 corde
2902 3230 3068 3286 abluti
3110 3231 3157 3297 i,
3202 3232 3360 3304 293
3403 3231 3470 3289 ad
3494 3234 3665 3304 ipsam
3692 3210 3851 3305 quam

581 3335 794 3390 dionem
827 3339 1076 3402 nepotem
1105 3342 1262 3385 suum
1292 3328 1508 3391 fecerat,
1542 3323 1654 3380 suis
1683 3322 2159 3393 subscriptionibus

582 3426 919 3482 roborarent.
954 3420 1110 3490 Quod
1154 3433 1274 3475 cum
1318 3418 1511 3473 factum
1557 3416 1779 3482 fuisset,
1825 3431 1947 3471 eum
1978 3416 2044 3471 ad
2072 3430 2160 3474 me

584 3518 838 3588 dirigunt.
889 3515 1018 3571 Erat
1061 3520 1188 3568 tunc
1231 3510 1488 3581 temporis
1518 3508 1823 3579 Burgundio
1848 3549 1862 3573 ,
1895 3510 2043 3579 quasi
2072 3523 2158 3566 an-

582 3622 773 3665 norum
802 3604 988 3676 viginti
1024 3605 1279 3675 quinque.
1320 3602 1423 3671 Qui
1469 3604 1721 3669 veniens,
1754 3609 1983 3672 rogatut
2008 3616 2158 3658 acce-

583 3700 717 3757 dens
769 3710 939 3770 usque
986 3694 1307 3764 Namnetas,
1340 3693 1651 3764 episcopum
1705 3708 1825 3749 eum
1878 3693 1930 3749 in
1979 3695 2155 3751 locum

581 3788 852 3859 avunculi,
883 3788 970 3861 qui
998 3787 1173 3844 adhuc
1199 3796 1469 3856 superstes
1500 3792 1634 3852 erat,
1669 3795 1999 3843 tonsoratum
2030 3802 2156 3843 con-

579 3882 794 3943 secrare
819 3880 1097 3941 deberem.
1150 3879 1302 3949 Quod
1343 3892 1443 3949 ego
1488 3879 1683 3949 abnui,
1715 3882 1837 3951 quia
1860 3880 2155 3937 canonibus

577 3991 682 4033 non
729 3976 889 4049 292
934 3974 1221 4032 convenire
1268 3970 1491 4042 cognovi
1532 3981 1579 4025 ο.
1634 3968 1927 4026 Consilium
1974 3980 2156 4030 tamen

577 4068 816 4140 praebui,
856 4067 1077 4123 dicens:
1114 4064 1380 4123 Habemus
1424 4066 1677 4135 scriptum
1728 4063 1782 4119 in
1839 4065 2153 4135 canonibus,

578 4160 673 4227 fili,
705 4174 815 4216 non
841 4171 997 4229 posse
1023 4172 1346 4228 quemquam
1392 4158 1457 4212 ad
1487 4157 1851 4226 episcopatum
1874 4158 2152 4224 accedere,

578 4253 683 4307 nisi
736 4252 884 4320 prius
928 4249 1321 4306 ecclesiasticos
1366 4249 1559 4318 gradus
1607 4248 1921 4319 regulariter
1957 4251 2153 4306 sortia-

649 4372 677 4401 ει
717 4363 872 4430 Bad.,
900 4360 1076 4430 varice,
1097 4361 1349 4427 morbive;
1379 4363 1467 4416 alii
1497 4361 1583 4418 ed.
1607 4376 1725 4417 cum
1756 4360 2027 4427 Fulberto,
2052 4362 2154 4415 mi-

578 4435 833 4631 lmfgoc
855 4509 1019 4572 caput
1044 4501 1197 4557 deest
1220 4501 1276 4556 in
1296 4501 1457 4555 Corb.
1492 4510 1547 4557 et
1574 4500 1729 4557 Colb.

651 4585 675 4616 ε
767 4589 832 4631 oc
871 4574 1094 4629 vetitum
1128 4587 1245 4625 can.
1275 4571 1307 4625 8
1340 4586 1492 4627 conc.
1520 4572 1718 4629 Μεωηί

651 4585 675 4616 e

767 4589 832 4631 oc
871 4571 1094 4629 vetitum
1128 4587 1245 4625 can.
1275 4571 1307 4625 8
1340 4586 1492 4627 conc.
1520 4572 1718 4655 Nictcni
1743 4613 1759 4641 ,
1797 4571 1939 4641 quod
1968 4582 2150 4642 postea
2177 4604 2233 4666 Β
2335 4573 2351 4611 ί
2394 4573 2481 4630 Sic
2534 4573 2694 4629 Corb.
2745 4585 2799 4631 et
2834 4571 3179 4632 ColeEditi
3223 4571 3343 4633 cum
3386 4579 3537 4661 fies,

767 4643 1090 4699 umnlurihus
1119 4644 1490 4699 confirmatum
1517 4644 1633 4699 fuit.
2261 4645 2448 4699 Reum.
2485 4644 2598 4699 haec
2626 4659 2729 4699 vox
2772 4645 2944 4699 deest.
3009 4646 3249 4699 Utraque
3292 4648 3449 4699 lectio
3485 4650 3537 4699 bi

576 4646 696 4704 aliis
723 4643 1090 4716 compluribus
1119 4644 1490 4716 confirmatum
1517 4644 1633 4699 fuit.

648 4717 674 4756 ά
714 4719 804 4775 Sic
828 4713 1013 4773 statuit
1051 4714 1246 4771 concil.
1279 4713 1622 4781 Sardiceuse,
1649 4728 1765 4769 can.
1803 4714 1885 4780 15,
1919 4716 1971 4768 in
2004 4713 2154 4770 Grae-

575 4804 640 4847 co
665 4790 757 4857 10,
787 4788 930 4859 quod
955 4784 1150 4859 summi
1180 4785 1459 4859 pontifices
1487 4787 1741 4859 deinceps
1766 4795 1822 4859 et
1856 4784 1948 4859 alii
1978 4794 2155 4859 patres

576 4856 749 4917 variis
779 4856 836 4915 in
879 4858 1100 4930 synodis
1128 4856 1534 4913 confirmarunt.
1600 4857 1727 4913 Vide
1752 4857 1991 4912 Gratiae.
2025 4856 2148 4912 dist.

573 4932 642 4986 52
662 4940 718 4988 et
746 4930 839 4987 59.

648 5008 671 5041 °
714 5002 771 5059 ld
800 5010 921 5069 est,
950 5015 1016 5058 ex
1058 4998 1381 5056 cantharider
1406 4998 1623 5053 animali
1671 5012 1941 5055 venenoso
1973 4998 2154 5054 confe-

572 5080 715 5129 ctum
745 5117 759 5145 ,
792 5071 1238 5145 quemadmodum
1285 5085 1359 5145 ex
1390 5071 1587 5145 viperis
1628 5070 1851 5141 aliisque
1886 5070 2150 5145 similibus

574 5143 820 5202 remedia
838 5143 1078 5200 adhiberi
1101 5144 1274 5205 solent
1298 5143 1363 5196 ad
1392 5143 1702 5197 morborum
1730 5144 2084 5198 curationem.

651 5214 672 5254 ῖ
714 5216 857 5272 Obiit
894 5230 985 5271 vin
1019 5212 1095 5269 id.
1126 5212 1388 5279 Januarii;
1425 5214 1616 5269 colitur
1660 5215 1734 5268 uti
1763 5226 1977 5270 sanctus
2008 5211 2148 5280 apud

574 5284 981 5343 Namnetenses.
1006 5288 1080 5341 De
1106 5299 1171 5340 eo
1192 5299 1350 5352 supra
1382 5285 1474 5339 lib.
1508 5300 1559 5349 v,
1591 5299 1711 5355 cap.
1739 5285 1794 5339 5.

648 5364 672 5403 ε
705 5356 816 5428 lloc
846 5366 1024 5428 caput,
1044 5356 1185 5427 quod
1212 5370 1332 5410 cum
1361 5356 1681 5428 praecedenti
1703 5355 2149 5428 necessariocon-

569 5425 842 5495 jungitur,
899 5425 1075 5484 exstat
1122 5427 1338 5483 totidem
1397 5427 1575 5481 verbis
1624 5428 1676 5481 in
1704 5440 1834 5480 mss.
1887 5425 2044 5479 Gorb.
2095 5432 2150 5479 et

576 5496 931 5562 Colb.;unde
960 5498 1294 5553 inferendum
1327 5506 1608 5565 utrumque
1646 5510 1764 5551 esse
1805 5495 2047 5564 Gregorii
2074 5495 2151 5551 fe-

574 5576 709 5620 tum.
759 5571 822 5623 Et
870 5580 1045 5623 tamen
1076 5569 1314 5621 (iointius
1357 5578 1636 5636 utrumque
1666 5567 1939 5620 insititium
1972 5565 2145 5630 dixit;

577 5639 670 5692 sed
717 5653 834 5693 cum
875 5640 993 5692 cod.
1043 5639 1380 5692 Corbeiensis
1413 5641 1571 5707 paulo
1606 5648 1721 5705 post
1747 5637 1987 5707 Gregorii
2016 5644 2149 5690 aeta-

574 5720 681 5763 tem
722 5710 792 5763 sit
831 5710 1060 5777 scriptus
1087 5749 1100 5773 ,
1154 5707 1305 5762 fateri
1342 5712 1499 5777 igitur
1528 5712 1685 5764 debet
1714 5710 2149 5777 interpolatorem

577 5779 833 5847 Gregorio
862 5781 970 5833 fere
999 5779 1255 5847 requalem
1290 5778 1469 5835 fuisse.

645 5846 905 5906 ItCivitas
958 5846 1460 5917 Nov’empOpulaniic
1500 5853 1609 5905 sive
1649 5850 1921 5906 hodierna:
1954 5848 2147 5908 Vasco-

2264 3321 2413 3395 prius
2441 3321 2717 3393 perfidiam
2736 3321 3048 3391 habuerant,
3083 3324 3191 3380 Deo
3216 3326 3424 3381 mentiti
3443 3327 3678 3397 regressi
3705 3338 3850 3397 sunt,

2261 3415 2334 3470 ita
2374 3422 2431 3469 ut
2469 3422 2525 3471 et
2571 3414 2850 3471 sabbatum
2892 3414 3178 3472 observare
3201 3454 3216 3481 ,
3243 3425 3296 3473 et
3331 3417 3475 3473 diem
3518 3417 3850 3476 dominicum

2265 3511 2534 3565 honorare
2572 3509 2900 3565 viderentur.
2951 3510 3163 3567 Priscus
3203 3512 3343 3582 (sup.
3388 3529 3504 3584 cap.
3536 3512 3595 3585 5)
3625 3528 3754 3569 vero
3782 3512 3848 3569 ad

2261 3600 2688 3670 cognoscendam
2718 3601 3001 3656 veritatem
3035 3602 3179 3657 nulla
3205 3604 3414 3670 penitus
3438 3603 3611 3672 potuit
3642 3604 3848 3661 ratione

2259 3690 2491 3747 deflecti.
2523 3691 2671 3747 Tunc
2700 3691 2866 3747 iratus
2896 3706 3025 3759 rex,
3063 3692 3223 3763 jussit
3252 3706 3371 3748 eum
3406 3694 3665 3750 custodia:
3695 3710 3850 3750 mau-

2260 3784 2452 3856 cipari,
2484 3785 2690 3841 scilicet
2717 3794 2775 3839 ut
2813 3799 2971 3855 quem
3005 3786 3227 3841 credere
3254 3785 3559 3843 voluntarie
3598 3801 3709 3842 non
3754 3800 3847 3856 po-

2258 3884 2433 3945 terat,
2486 3877 2673 3931 saltcm
2720 3877 2944 3932 credere
2989 3877 3187 3934 faceret
3216 3877 3297 3933 vel
3323 3878 3574 3933 invitum.
3617 3878 3727 3934 Sed
3754 3878 3848 3936 ille

2259 3970 2396 4025 datis
2426 3970 2742 4041 quihusdam
2773 3972 3106 4041 muneribus,
3132 3973 3360 4043 spatium
3391 3972 3647 4041 postulat,
3670 3972 3847 4030 donec

2258 4062 2397 4117 filius
2419 4060 2535 4131 ejus
2553 4060 2937 4118 Massiliensem
2965 4062 3243 4119 llebraeam
3275 4065 3534 4135 accipiat;
3560 4064 3845 4135 pollicetur

2257 4154 2443 4210 dolose
2490 4169 2552 4209 se
2597 4154 2848 4223 deinceps
2893 4171 3013 4226 quae
3058 4171 3151 4212 rex
3194 4158 3428 4227 jusserat
3474 4158 3843 4228 impleturum.

2257 4244 2465 4300 Interea
2496 4246 2668 4301 oritur
2702 4246 2925 4302 intentio
2955 4248 3093 4304 inter
3132 4248 3282 4305 illum
3320 4258 3376 4305 et
3410 4249 3681 4306 Phatirem
3704 4249 3755 4317 ιι,
3776 4265 3843 4309 ex

2258 4362 2384 4436 nise,
2409 4360 2773 4436 vulgo‘Basos.
2810 4362 2982 4418 Patria
3016 4364 3113 4419 fuit
3153 4363 3373 4420 Ausonii
3411 4365 3608 4421 nobilis
3638 4375 3838 4436 poclm,

2258 4433 2345 4502 qui
2372 4442 2490 4503 post
2511 4433 2730 4507 adeptas
2760 4436 3065 4507 complures
3087 4437 3292 4506 imperii
3318 4433 3838 4507 dignitatem—factus

2259 4512 2341 4559 est
2366 4504 2553 4558 consul
2582 4518 2611 4558 a
2644 4504 2897 4559 Gratiano
2927 4507 3057 4576 imp.
3088 4504 3185 4560 suo
3215 4504 3397 4577 ipsius
3410 4507 3694 4577 discipulo.

2335 4573 2351 4611 ί
2394 4573 2481 4630 Sic
2534 4573 2694 4629 Corh.
2745 4585 2799 4631 et
2834 4576 2984 4631 Colb.
3038 4578 3179 4632 Etliti
3223 4593 3343 4633 cum
3386 4579 3537 4633 Bec..
3570 4595 3749 4633 puero.
3784 4577 3844 4633 In

3642 4595 3749 4633 0T0.

2335 4597 2351 4611 ⁵
2394 4597 2481 4630 δια
2534 4597 2694 4629 υυΐυο
2745 4597 2799 4631 ει
2834 4597 2984 4631 ιιυιυ.
3038 4597 3179 4632 [MIHI
3223 4597 3343 4633 cum
3386 4597 3537 4644 υθοη
3570 4597 3749 4648 puero.
3784 4597 3844 4633 ΙΙΙ

2306 4659 2448 4714 egin.
2485 4644 2598 4699 haec
2626 4659 2729 4700 vox
2772 4645 2944 4702 deest.
3009 4646 3249 4717 Utraque
3292 4648 3449 4704 lectio
3484 4650 3646 4704 bona.
3702 4650 3850 4705 Raro

2262 4725 2438 4791 tamen
2478 4730 2603 4786 puer
2643 4730 2740 4785 pro
2787 4718 2907 4791 viro
2946 4726 3252 4788 usurpatur,
3301 4722 3498 4791 sepius
3525 4735 3624 4790 pro
3654 4734 3841 4788 servo,

2260 4788 2418 4842 etiam
2446 4799 2713 4862 provecta:
2745 4790 2942 4862 relatis,
2976 4806 3078 4843 non
3108 4788 3427 4862 a’tatcm,iut
3457 4788 3691 4862 loquitur
3721 4792 3847 4848 Hie-

2259 4872 2536 4930 ronymus,
2559 4859 2653 4930 sed
2688 4860 3029 4913 conditionem
3049 4861 3421 4930 exprimendo.
3529 4859 3541 4862 ’
3852 4904 3859 4921 τ

2334 4925 2507 4981 ΓΜοε
2553 4925 2712 4983 fuisse
2745 4931 2957 4985 videtur
2985 4925 3189 4986 tuuc'in
3221 4931 3407 4987 Galliis
3438 4931 3651 4989 Iudaeos
3674 4932 3744 4988 ad
3772 4932 3843 4988 ﬁ-

2258 5000 2376 5072 dem
2410 4999 2660 5072 cogendi,
2690 5004 2834 5072 quod
2866 5001 3131 5072 improbat
3195 5001 3419 5071 Gregor.
3454 5004 3628 5072 Magn.
3660 5004 3755 5060 lib.
3785 5008 3839 5072 i,

2258 5071 2412 5139 epist.
2438 5068 2526 5139 45.
2554 5069 2651 5124 Adi
2677 5068 2957 5125 Cointium'
2970 5086 3031 5126 ea
3072 5071 3141 5126 de
3168 5087 3226 5128 re
3246 5068 3602 5131 disserentem
3644 5076 3711 5129 ad
3738 5068 3842 5131 an;

2256 5138 2382 5196 num
2412 5138 2535 5204 591,
2570 5155 2716 5194 num.
2749 5142 2814 5192 12
2843 5153 2898 5196 et
2922 5156 3099 5213 seqq.,
3123 5152 3175 5198 et
3202 5144 3498 5201 Lanuuium
3528 5149 3582 5203 in
3610 5146 3705 5203 lib.
3739 5148 3843 5213 hae

2257 5213 2322 5266 de
2353 5225 2411 5266 re
2431 5210 2701 5266 singulari.

2291 5227 2322 5268 e
2353 5225 2411 5266 re
2431 5225 2701 5275 Singmari.

2331 5284 2354 5318 κ
2397 5281 2485 5335 Sic
2511 5281 2672 5355 (ξονι).
2707 5281 2941 5355 et‘Colb.
2973 5297 3093 5355 cum
3122 5286 3345 5355 Chesn.;
3375 5290 3500 5344 Bec.
3529 5302 3687 5353 vero,
3736 5287 3849 5343 Pa-

2258 5353 2682 5429 ihiren;_aliquot
2716 5352 2839 5429 ed.,
2877 5354 3162 5429 Ijatkjrem.
3192 5352 3403 5429 Regm.,
3432 5360 3588 5415 Colb.
3617 5352 3759 5415 alter
3788 5365 3847 5415 et

2260 5423 2415 5490 Bad.,
2460 5421 2706 5490 Patrem,
2747 5434 2802 5479 et
2832 5425 2964 5480 infra
2994 5425 3172 5483 Pater.
3209 5421 3536 5485 Po'rro'alter
3559 5432 3685 5486 cod.
3717 5431 3848 5486 Gol-

2255 5496 2524 5570 bertinus,
2570 5496 2661 5570 qui
2706 5505 2853 5551 caret
2905 5496 3085 5570 initio,
3140 5499 3324 5570 incipit
3364 5503 3431 5555 ab
3479 5501 3563 5556 his
3621 5502 3838 5567 verbis,

2260 5564 2469 5639 Priscus
2498 5568 2801 5639 prwcmctus
2832 5568 3031 5637 orario,
3061 5580 3190 5631 etc.,
3244 5564 3402 5639 quem
3439 5572 3683 5627 codicem
3736 5564 3845 5628 sub

2253 5637 2311 5692 S.
2346 5637 2612 5703 Michaelis
2660 5639 2872 5691 nomine
2903 5640 3079 5692 laudat
3130 5637 3366 5697 Cointius
3404 5660 3415 5695 :
3463 5658 3560 5697 nos
3608 5658 3735 5697 vero
3782 5649 3845 5699 ut

2253 5710 2388 5762 duos
2432 5708 2778 5780 boscecodd.
2822 5708 3155 5765 (iolheriinos
3184 5728 3208 5763 a
3240 5716 3618 5780 sesejnvicem
3651 5715 3844 5768 distin-

2252 5791 2506 5856 gum-nus,
2532 5778 2880 5856 priorem-qui
2928 5779 3013 5833 fuit
3045 5784 3110 5856 S.»
3132 5786 3335 5856 Arnnlti
3362 5778 3661 5856 Mettensis,
3685 5784 3842 5845 Colb.

2253 5864 2330 5919 a.,
2368 5848 2508 5902 hunc
2531 5849 2826 5905 vero‘tioib.
2861 5866 2933 5904 ni.
2964 5854 3365 5922 appellabimus.
