4096 6344
335 380 443 439 589

1288 370 1612 429 HISTORIA
1649 364 2097 426 FRANCORUM.
2141 364 2340 423 LIBER
2382 366 2676 426 SEXTUS.

3503 369 3609 425 590

336 481 529 558 Iudaeo
554 508 876 554 conversum
901 534 917 565 ,
950 493 1037 567 qui
1067 494 1173 565 jam
1201 493 1343 565 regis
1382 492 1524 548 filius
1550 497 1665 549 erat
1694 505 1758 547 ex
1781 488 1924 545 lava-
1952 488 2006 549 Α
2028 493 2132 542 tum
2164 489 2325 557 (Act.~
2349 507 2400 559 v,
2426 491 2518 563 9)?
2550 490 2671 547 Non
2700 504 2752 546 es
2779 488 3064 547 hminibus
3091 490 3353 557 mentitus,
3382 490 3471 546 sed
3503 491 3612 547 Deo

337 598 453 649 ero.
487 591 736 660 Cumque
763 589 851 644 die
881 584 1091 643 sabbati
1124 585 1336 642 Priscus
1372 584 1694 656 praecinctus
1724 582 1923 650 orario,

338 686 550 741 nullum
578 683 636 738 in
682 694 869 737 manus
906 681 1081 737 ferens
1110 679 1490 735 ferramentum
1516 717 1533 747 ,
1563 676 1825 733 Mosaicas
1849 677 1927 732 le-

339 794 436 850 ges
462 777 615 848 quasi
641 775 957 845 impleturus
982 813 999 842 ,
1029 772 1317 829 secretiora
1358 776 1717 840 competeret,
1748 766 1927 822 subito

338 866 526 928 Phatir
546 866 836 922 adveniens
859 908 875 931 ,
909 866 1083 934 ipsum
1130 861 1306 934 gladio
1336 874 1457 917 cum
1487 859 1650 917 sociis
1679 858 1767 928 qui
1799 857 1927 913 ade-

343 968 468 1019 rant
491 959 773 1031 juguiavit.
814 957 1017 1026 Quibus
1044 955 1373 1023 interfectis,
1403 953 1471 1010 ad
1503 953 1777 1009 basilicam
1806 966 1927 1007 san-

338 1053 410 1109 cti
455 1049 655 1107 Juliani
688 1058 716 1087 ι
746 1063 867 1104 cum
915 1048 1097 1117 pueris
1141 1046 1287 1114 suis,
1333 1044 1425 1117 qui
1475 1044 1541 1098 ad
1572 1046 1926 1114 propinquam

338 1143 570 1214 plateam
592 1148 746 1197 erant
769 1182 782 1207 ,
808 1140 1064 1211 confugit.
1107 1138 1349 1207 Cumque
1376 1136 1572 1192 ibidem
1606 1134 1924 1203 residerent,

339 1234 568 1289 audiunt
594 1232 737 1303 quod
764 1246 858 1287 rex
876 1272 891 1297 ,
923 1231 1201 1286 dominum
1232 1229 1339 1285 vita
1366 1241 1646 1285 excessum
1674 1228 1726 1294 δ,
1758 1226 1927 1282 famu-

347 1327 431 1381 los
461 1335 711 1395 tanquam
749 1322 1128 1379 malefactores
1157 1336 1186 1376 a
1214 1320 1436 1377 basilica
1468 1327 1699 1386 tractos,
1719 1320 1925 1389 iuberet

340 1414 596 1473 interfici.
623 1415 773 1469 Tunc
803 1426 944 1468 unus
971 1423 1036 1467 ex
1068 1411 1151 1466 his
1180 1410 1459 1480 evaginato
1484 1407 1680 1479 gladio,
1706 1407 1927 1463 domino

340 1521 442 1563 suo
462 1515 485 1543 α
512 1505 622 1575 iam
656 1505 857 1575 fugato,
882 1502 1059 1558 socios
1086 1514 1212 1557 suos
1240 1500 1512 1566 interficit,
1549 1500 1663 1569 ipse
1688 1509 1930 1568 postmo-

340 1600 472 1655 dum
501 1611 623 1654 eum
669 1596 848 1668 gladio
875 1595 944 1650 de
982 1594 1205 1649 basilica
1244 1607 1531 1663 egressus;
1564 1592 1656 1647 sed
1689 1591 1928 1648 irruente

337 1707 503 1762 nuper
530 1706 591 1748 se
621 1690 853 1761 populo,
886 1688 1173 1745 crudeliter
1204 1686 1520 1743 interfectus
1549 1696 1648 1741 est.
1684 1684 1870 1741 Phatir
1898 1684 1926 1724 ά

338 1793 521 1840 autem
570 1790 789 1851 accepta
846 1779 1103 1844 licentia,
1154 1777 1219 1832 ad
1250 1791 1473 1847 regnum
1505 1775 1923 1841 Guntchramni,

2035 580 2173 650 (Act.
2202 596 2257 650 v,
2281 582 2369 653 4).
2412 582 2515 640 Ubi
2561 591 2643 640 est
2684 591 2738 639 et
2779 583 2942 651 illud,
2975 583 3117 654 quod
3158 583 3351 639 Paulus
3382 583 3609 655 mystica

2028 674 2167 731 dona
2206 689 2669 744 commemorans,
2710 676 2783 733 ait
2814 695 2827 731 :
2871 676 3001 732 Hac
3031 677 3164 731 enim
3195 685 3439 747 operatur
3476 692 3608 731 unus

2028 774 2180 837 atque
2224 767 2361 823 idem
2410 768 2666 841 Spiritus,
2722 770 2953 825 dividens
2983 769 3253 841 unicuique
3308 777 3457 839 prout
3503 769 3611 823 vult

2026 856 2093 927 (I
2123 858 2244 914 Cor.
2312 874 2407 926 xii,
2451 860 2575 930 ii).
2634 862 2735 928 Qui
2792 862 2933 918 enim
2977 866 3227 933 operatur
3270 861 3412 930 quod
3461 859 3610 927 vult,

2028 950 2162 1006 nulli
2205 950 2543 1022 cognoscitur
2589 965 2707 1008 esse
2751 953 3042 1024 subjectus.
3090 952 3395 1011 Accedente
3435 961 3612 1008 autem

2028 1042 2337 1098 Ansouaido
2357 1042 2423 1099 ad
2445 1040 2804 1115 Chilpericum
2839 1060 3016 1116 regem
3034 1086 3049 1113 ,
3074 1042 3316 1114 legatiol
3345 1044 3613 1113 Hispano-

2027 1145 2149 1189 rum
2178 1142 2262 1190 est
2306 1135 2623 1200 subsecuta;
2665 1150 2785 1206 qum
2832 1136 2899 1191 de
2936 1136 3238 1207 Chilperico
3290 1134 3356 1193 ad
3395 1134 3614 1194 Childe-

2029 1225 2237 1281 bertum
2265 1226 2557 1295 accedens,
2588 1228 2639 1282 in
2668 1226 2949 1296 iiispanias
2976 1238 3057 1284 est
3093 1242 3356 1299 regressa.

2100 1316 2241 1375 XIX.
2283 1317 2437 1388 Apud
2466 1318 2691 1374 Pontem
2717 1330 2844 1375 vero
2868 1315 3182 1375 Urbiensem
3207 1324 3231 1367 8
3262 1318 3492 1377 civitatis
3515 1317 3614 1375 Pa-

2026 1408 2239 1465 risiacae
2259 1452 2272 1476 ,
2308 1410 2639 1481 Chilpericus
2671 1425 2765 1467 rex
2796 1410 3046 1467 custodes
3084 1420 3366 1482 posuerat,
3397 1419 3457 1467 ut
3486 1412 3614 1468 insi-

2027 1500 2266 1556 diatores
2296 1502 2456 1574 295
2485 1503 2553 1559 de
2592 1510 2757 1573 regno
2796 1502 2976 1558 fratris
3019 1502 3103 1567 sui
3133 1519 3200 1561 ne
3227 1511 3489 1562 nocerent
3518 1503 3616 1560 aii-

2028 1592 2185 1661 quid,
2216 1601 2547 1650 arcerentur.
2596 1595 2712 1663 Quo
2752 1595 2780 1632 ιι
2809 1595 3085 1666 Asclepius
3116 1609 3176 1651 ex
3221 1595 3357 1653 duce
3402 1610 3611 1667 praeco-

2024 1685 2212 1755 gnito,
2258 1693 2415 1742 nocte
2462 1685 2710 1755 irruens,
2756 1686 3025 1743 interfecit
3053 1700 3273 1755 omnes,
3320 1700 3617 1760 pagumque

2030 1777 2178 1845 ponti
2207 1778 2506 1847 proximum
2554 1779 2787 1848 graviter
2828 1779 3183 1850 depopulatus
3227 1788 3331 1836 est.
3377 1779 3619 1852 Cumque

338 1875 486 1933 unde
509 1881 771 1941 venerat,
804 1881 889 1929 est
932 1883 1240 1941 regressus:
1273 1868 1369 1924 sed
1418 1883 1523 1923 non
1570 1876 1691 1939 post
1729 1868 1926 1925 multos
1954 1864 2006 1933 Β
2031 1868 2146 1924 haec
2168 1870 2278 1938 regi
2308 1868 2612 1939 Chilperico
2642 1871 2882 1925 nuntiata
2915 1870 3171 1938 fuissent,
3200 1870 3363 1927 mittit
3404 1871 3617 1929 nuntios

336 1967 456 2025 dies
477 1981 506 2021 a
537 1965 847 2036 parentibus
873 1961 1045 2019 Prisci
1068 1959 1382 2016 interfectus
1410 1968 1510 2016 est.

410 2057 598 2115 XVIII.
637 2057 801 2128 igitur
845 2055 1003 2125 legati
1044 2051 1330 2122 Chiiperici
1365 2051 1537 2122 regis,
1589 2051 1642 2106 id
1680 2060 1763 2106 est
1804 2053 1917 2108 An-

337 2153 597 2212 sotnidus
620 2160 677 2208 et
705 2147 1071 2221 Domegiselus
1096 2156 1145 2212 θ,
1175 2145 1264 2216 qui
1287 2144 1355 2199 ad
1381 2144 1811 2214 conspiciendam
1834 2145 1929 2202 do-

334 2254 453 2302 tem
479 2245 533 2300 in
562 2243 845 2314 Hispanias
867 2241 1080 2296 fuerant
1106 2237 1288 2304 missi,
1318 2237 1549 2307 regressi
1592 2244 1737 2293 sunt.
1768 2239 1931 2311 294

338 2342 437 2399 His
459 2342 651 2399 diebus
681 2338 1056 2397 Leuvicliildus
1085 2352 1183 2394 rex
1226 2339 1278 2392 in
1310 2337 1547 2393 exercitu
1585 2344 1771 2393 contra
1800 2333 1929 2389 lier-

340 2435 701 2505 menegildum
739 2434 905 2489 tilium
919 2447 1070 2487 suum
1084 2430 1374 2495 residebat,
1389 2431 1475 2487 cui
1489 2438 1545 2485 et
1554 2429 1843 2483 Emeritam
1854 2426 1931 2481 ci-

264 2547 273 2553 ο
338 2527 568 2582 vitatcm
593 2526 830 2582 abstulit.
846 2525 974 2578 Nam
993 2523 1079 2577 hic
1092 2522 1320 2592 qualiter
1334 2535 1454 2576 cum
1467 2520 1689 2576 ducibus
1706 2518 1930 2589 impera-

342 2620 481 2674 toris
501 2618 700 2673 Tiberii
730 2617 889 2672 fuerit
918 2616 1250 2684 coniunctus,
1272 2612 1382 2683 jam
1411 2610 1657 2682 superius
1676 2611 1926 2682 exposui-

336 2722 481 2767 nuis.
498 2708 636 2778 (Lib.
651 2723 705 2773 v,
728 2724 843 2777 cap.
863 2705 1098 2777 59)Nam
1112 2713 1168 2761 et
1180 2705 1362 2775 legatis
1376 2704 1488 2759 hmo
1508 2717 1667 2760 causa
1686 2703 1931 2758 innexuit

348 2816 534 2858 moras
549 2843 564 2870 ,
582 2810 642 2856 ut
656 2800 854 2856 tardius
876 2798 1302 2869 regrederentur.
1322 2797 1523 2863 Quibus
1535 2798 1683 2863 visis,
1698 2812 1797 2867 ego
1818 2797 1923 2851 sol-

348 2892 528 2949 licitus
557 2906 704 2946 eram
723 2931 739 2958 ,
771 2890 998 2961 qualiter
1027 2890 1077 2944 in
1107 2890 1238 2959 ipsis
1277 2889 1625 2957 Christianis,
1658 2890 1749 2959 qui
1778 2887 1928 2958 pauci

344 2986 401 3040 is
429 2998 495 3040 eo
518 2983 636 3039 loco
659 2990 1057 3050 remanserant,
1089 2981 1219 3038 fides
1249 2982 1443 3038 Christi
1483 2983 1731 3038 ferveret.
1780 2981 1929 3036 Tunc

338 3077 474 3135 mihi
504 3078 620 3133 hare
646 3076 984 3132 Ansoualdus
1012 3074 1290 3145 respondit
1321 3092 1335 3129 :
1368 3075 1654 3129 Christiani
1682 3074 1770 3143 qui
1790 3087 1931 3128 nunc

340 3170 483 3241 apud
513 3170 796 3239 Hispanias
840 3175 1266 3233 commorantur,
1303 3166 1623 3222 catholicam
1660 3167 1819 3223 ﬁdem
1850 3168 1930 3223 in»

2031 1961 2346 2028 comitibus,
2392 1961 2752 2031 ducibusque,
2785 1969 2839 2018 et
2879 1963 3100 2033 reliquis
3156 1963 3434 2034 agentibus
3482 1962 3528 2034 ⁸,
3561 1974 3619 2021 ut

2030 2054 2261 2111 collecto
2301 2054 2538 2111 exercitu
2569 2054 2621 2110 in
2652 2069 2873 2125 regnum
2919 2054 3158 2126 germani
3196 2056 3278 2113 sui
3326 2056 3615 2114 irruerent.

2028 2147 2135 2204 Sed
2176 2147 2472 2217 prohibitus
2504 2154 2587 2204 est
2635 2149 2859 2205 consilio
2906 2149 3168 2206 bonorum
3215 2150 3521 2220 hominum,
3553 2160 3621 2209 ne

2030 2239 2254 2315 faceret,
2280 2239 2575 2304 dicentium
2596 2239 2701 2295 sibi
2725 2256 2739 2294 :
2769 2240 2849 2295 liii
2869 2254 3123 2311 perverse
3146 2244 3390 2313 egerunt,
3414 2250 3471 2299 tu
3491 2258 3621 2300 vero

2028 2331 2301 2403 sapienter
2341 2346 2455 2401 age.
2491 2331 2639 2389 Mitte
2679 2333 2830 2388 fratri
2878 2335 3128 2403 nuntios,
3181 2342 3235 2389 et
3278 2328 3335 2390 sl'
3370 2337 3620 2405 injuriam

2028 2431 2176 2479 tuam
2203 2424 2491 2480 emendare
2509 2424 2770 2492 voluerit,
2795 2424 2927 2480 nihil
2946 2427 3070 2481 mali
3093 2438 3301 2497 quaeras
3327 2424 3342 2478 i
3381 2445 3393 2481 :
3420 2426 3465 2483 si
3492 2436 3622 2485 vero

2036 2514 2303 2583 noluerit,
2332 2514 2584 2571 tractabis
2614 2514 2871 2587 deinceps
2901 2516 3026 2587 quid
3056 2518 3315 2587 sequaris.
3347 2517 3414 2575 Et
3442 2517 3519 2576 sic
3540 2533 3622 2576 ra-

2030 2606 2180 2661 tione
2220 2616 2465 2677 aceepta,
2520 2607 2790 2677 prohibito
2819 2611 3057 2665 exercitu
3108 2610 3431 2680 legationem
3472 2611 3622 2670 fratri

2031 2699 2235 2769 dirigit.
2283 2701 2386 2756 Sed
2435 2701 2526 2757 ille
2552 2710 2745 2758 cuncta
2786 2703 3110 2772 emendans,
3157 2703 3336 2763 fratris
3381 2706 3622 2777 quasivit

2034 2788 2243 2859 integre
2266 2791 2604 2847 eharitatem.

2108 2881 2225 2937 XX.
2269 2883 2348 2937 Eo
2372 2897 2514 2936 anno
2542 2883 2845 2940 Chroilinus
2874 2884 3034 2950 obiit,
3078 2884 3161 2939 vir
3200 2884 3496 2956 magniﬁcae
3523 2884 3621 2944 bo-

2028 2975 2215 3029 nitatis
2242 2983 2296 3029 et
2324 2976 2534 3043 pietatis
2550 3015 2573 3041 ,,
2594 2977 3045 3048 eleemosynarius
3082 2977 3264 3047 valde,
3296 2994 3620 3050 pauperum-

2035 3081 2140 3137 que
2169 3065 2418 3131 refector,
2464 3067 2700 3135 proliuus
2728 3068 2924 3124 ditator
2960 3070 3343 3141 ecclesiarum,
3390 3070 3618 3129 cleribo-

2034 3173 2264 3229 rumque
2298 3160 2545 3215 nutritor.
2594 3160 2728 3215 Nam
2755 3175 2899 3232 saepe
2927 3175 2958 3217 a
2985 3177 3125 3218 novo
3164 3163 3391 3221 fundans
3434 3164 3619 3236 villas,

341 3269 492 3332 tegre
527 3267 767 3317 servant.
800 3258 905 3314 Sed
938 3272 1033 3312 rex
1067 3270 1206 3312 nove
1235 3272 1375 3313 nunc
1421 3257 1636 3326 ingenio
1664 3272 1783 3314 eam
1811 3258 1935 3314 niti-
1960 3257 2009 3324 Ε
2042 3266 2245 3323 ponens
2270 3254 2484 3322 vineas,
2534 3251 2807 3312 :edillcans
2845 3254 3065 3328 domos,
3104 3254 3340 3315 culturas
3379 3257 3623 3329 erigens,

340 3361 427 3408 tur
454 3352 770 3417 exturbare,
804 3349 928 3405 dum
953 3348 1138 3403 dolose
1158 3356 1213 3402 et
1258 3348 1325 3402 ad
1354 3348 1599 3417 sepulcra
1629 3356 1928 3421 martyrum

334 3456 395 3504 et
422 3448 476 3502 in
520 3445 763 3503 ecclesiis
793 3442 1065 3514 religionis
1094 3451 1295 3498 nostra:
1322 3455 1480 3497 orare
1508 3442 1789 3514 contingit.
1842 3444 1934 3498 Di-

336 3539 409 3595 cit
434 3538 579 3597 enim
610 3557 622 3591 :
654 3535 935 3593 Manifeste
981 3534 1207 3603 cognovi
1252 3547 1372 3589 esse
1415 3532 1691 3589 Christum
1734 3533 1934 3591 Filium

336 3632 436 3689 Dei
467 3632 730 3702 aqualem
777 3628 954 3694 Patri;
1002 3627 1104 3683 sed
1151 3626 1411 3696 Spiritum
1454 3637 1731 3695 sanctum,
1766 3629 1933 3686 Deum

336 3723 552 3793 penitus
579 3736 698 3779 esse
749 3736 853 3778 non
899 3724 1097 3789 credo,
1145 3737 1211 3779 eo
1250 3723 1391 3793 quod
1442 3724 1494 3779 in
1524 3724 1684 3779 nullis
1730 3725 1934 3796 legatur

337 3817 613 3874 codicibus
642 3818 785 3874 Deus
814 3832 957 3873 esse.
1004 3817 1147 3872 Heu!
1181 3816 1315 3873 heu!
1361 3832 1520 3885 quam
1546 3819 1781 3888 iniquam
1810 3834 1933 3875 sen-

337 3910 595 3978 tentiam,
634 3924 793 3981 quam
825 3924 1151 3966 venenosum
1198 3924 1446 3978 sensum,
1497 3926 1663 3980 quam
1716 3926 1932 3982 pravam

336 4006 606 4062 mentem!
646 4004 711 4060 Et
742 4004 835 4060 ubi
855 4013 941 4060 est
965 4003 1094 4060 illud
1121 4004 1263 4075 quod
1284 4004 1544 4059 Dominus
1569 4007 1674 4073 ait,
1706 4005 1932 4074 Spiritus

337 4097 480 4153 Deus
520 4106 591 4153 est
620 4098 805 4168 (Joan.
828 4110 912 4164 iv,
937 4095 1052 4166 24).
1084 4095 1152 4152 Ει
1180 4094 1310 4151 illud
1338 4096 1481 4153 Petri
1499 4135 1513 4162 ,
1543 4096 1684 4166 quod
1706 4096 1771 4152 ad
1794 4096 1929 4152 Ana-

335 4189 485 4246 niam
526 4190 602 4245 ait
632 4207 645 4242 :
681 4189 821 4254 Quid
856 4188 944 4243 tibi
972 4189 1138 4243 visum
1159 4197 1235 4243 est
1264 4173 1460 4242 tentare
1489 4187 1747 4255 Spiritum
1782 4205 1933 4242 sano-

409 4316 435 4343 α
455 4305 531 4361 Ea
557 4314 639 4361 est
669 4319 789 4376 quae
820 4318 961 4376 nunc
994 4303 1189 4376 dicitur
1212 4304 1442 4376 ecclesia
1473 4304 1532 4359 S.
1565 4304 1766 4376 Juliani
1797 4305 1931 4361 Pau-

343 4377 489 4449 peris
519 4390 613 4432 seu
638 4374 878 4449 Veteris,
921 4375 987 4431 de
1018 4390 1117 4445 qua
1148 4374 1282 4449 infra
1312 4375 1401 4449 lib.
1434 4388 1655 4449 rx,gcap.
1694 4374 1769 4449 ϐξ
1792 4376 1929 4446 quod

346 4442 469 4502 cum
504 4449 557 4502 in
582 4447 802 4503 dubium
832 4442 1141 4502 revocasset
1171 4445 1435 4501 Launoius
1455 4487 1471 4509 ,
1507 4442 1690 4501 dicens
1731 4442 1929 4517 Grego-

332 4519 479 4573 rium
537 4517 675 4574 forte
717 4518 953 4572 locutum
997 4517 1066 4572 de
1112 4517 1275 4571 altera
1329 4517 1384 4573 S.
1430 4517 1620 4571 Juliani
1667 4517 1924 4586 ecclesia,

334 4604 456 4659 quae
477 4589 675 4646 dicitur
701 4590 981 4645 Mimorum
1012 4604 1106 4642 seu
1137 4588 1440 4643 Fidicinum
1460 4631 1474 4657 ,
1500 4588 1581 4642 via
1615 4588 1924 4643 Martiniana

334 4661 491 4715 sitam
511 4705 525 4727 ,
558 4676 588 4715 a
622 4660 835 4715 Valesio
866 4659 1088 4715 inscitiae
1116 4660 1432 4728 redargutus
1477 4667 1589 4725 est,
1622 4659 1762 4729 quod
1794 4675 1912 4715 nes-

335 4730 499 4787 cisset
521 4732 655 4785 hanc
677 4741 997 4799 postremam
1025 4728 1305 4784 ecclesiam
1330 4745 1359 4782 a
1384 4730 1594 4784 duobus
1617 4728 1819 4785 eantori
1829 4733 1926 4787 bus

333 4815 477 4856 anno
538 4802 676 4856 1550
721 4802 881 4855 fuisse
928 4802 1333 4855 exaediﬁcatam.
1388 4800 1521 4856 Vide
1552 4800 1712 4854 Brulii
1756 4805 1925 4858 nosui

336 4861 695 4943 Antiquitates
732 4872 924 4943 Paris.,
960 4871 1095 4925 libro
1129 4884 1207 4943 in.
1285 4941 1291 4943 _
1420 4941 1429 4943 4
1736 4874 1741 4877 ⁷

408 4942 438 4981 δ
478 4940 568 4999 Sic
590 4943 750 4999 Corb.
780 4954 831 4997 et
860 4942 1010 5009 Bec.,
1035 4955 1130 5011 pro
1155 4941 1365 4995 domino
1385 4941 1485 4993 vita
1513 4956 1736 4995 emcesso.
1772 4940 1922 4998 Coib.

335 5012 505 5068 habet
531 5015 797 5068 dominum
842 5014 960 5066 vita:
990 5027 1173 5065 cwsum
1196 5053 1210 5074 ,
1246 5021 1298 5065 et
1345 5012 1507 5065 altera
1535 5026 1695 5065 manu
1717 5054 1731 5078 ,
1762 5014 1925 5067 domi-

334 5099 465 5137 num
486 5085 693 5139 illorum
719 5082 1043 5152 praecipiebat
1074 5084 1229 5146 credi,
1262 5080 1487 5149 famulos
1510 5098 1645 5148 vero,
1677 5091 1803 5147 etc.;
1836 5084 1926 5138 alii

336 5155 549 5209 domino
580 5156 691 5210 vita:
721 5168 870 5208 creso.
924 5153 1199 5215 Cointius,
1231 5155 1317 5222 qui
1372 5152 1473 5207 hoc
1518 5161 1675 5221 caput
1727 5154 1887 5208 refert
1908 5176 1929 5221 ,-

335 5227 600 5280 dominum
624 5228 946 5293 interfectum
969 5265 980 5286 ,
1010 5238 1126 5292 pro,
1161 5222 1361 5291 inquit,
1394 5223 1599 5275 domino
1632 5225 1921 5293 interfecto.

332 5296 407 5368 At
432 5311 497 5351 ex
546 5298 661 5368 ipsa
689 5296 997 5368 narratione
1037 5302 1240 5368 certum
1288 5302 1369 5347 est
1414 5293 1650 5368 Priscum
1673 5335 1688 5361 ,
1720 5294 1810 5364 qui
1842 5295 1926 5349 hic

335 5364 588 5423 dominus
615 5368 932 5439 appellatur,
955 5364 1561 5439 in_colume_m_evasis_se_.

415 5449 438 5478 ο
481 5435 669 5505 Corb.,
689 5435 826 5494 'Bec.
861 5445 917 5492 et
944 5436 1145 5504 aliquot
1175 5435 1301 5489 editi
1328 5449 1434 5487 non
1468 5435 1665 5505 habent
1694 5454 1808 5491 suo.

406 5507 435 5547 ά
475 5510 603 5576 Quae
624 5517 917 5579 sequuntur
943 5507 1006 5561 ad
1039 5508 1198 5560 finem
1228 5506 1419 5574 capitis
1448 5504 1645 5561 desunt
1669 5509 1721 5562 in
1752 5508 1908 5565 Colb.

337 5594 441 5637 ms.

415 5661 437 5688 θ
479 5652 581 5707 Alii
612 5652 901 5705 Ansoaldus
930 5659 977 5703 ct
1006 5648 1386 5702 Domichisilus.
1448 5647 1541 5702 ilic
1594 5664 1749 5717 porro
1780 5662 1917 5707 vete~

336 5738 452 5778 rem
486 5724 812 5777 Francorum
856 5723 906 5773 in
936 5720 1105 5775 Gallia
1138 5730 1191 5773 ct
1224 5720 1540 5774 Gottliorum
1576 5721 1625 5773 in
1672 5720 1921 5789 Hispania

337 5808 577 5861 rnorem,
600 5795 701 5864 qui
725 5802 805 5846 est
835 5792 1172 5857 antiquorum
1206 5791 1594 5864 Germanorum
1627 5834 1637 5851 ,
1673 5806 1791 5845 cum
1823 5794 1922 5847 Va-

340 5864 473 5921 lesio
496 5876 549 5920 et
570 5862 689 5921 aliis
712 5864 933 5920 observa
956 5905 969 5932 ,
1000 5870 1182 5916 utnon
1209 5876 1341 5916 uxor
1367 5862 1512 5931 viro,
1546 5864 1636 5919 sed
1668 5864 1744 5919 vir
1770 5864 1920 5921 uxor‘

2040 3343 2250 3399 vocatis
2281 3344 2545 3416 episcopis
2576 3362 2803 3418 quorum
2843 3359 2960 3406 erat
2999 3362 3162 3422 parva
3195 3350 3456 3422 facultas,
3498 3352 3624 3409 dato

2037 3438 2217 3508 epulo,
2258 3440 2400 3509 ipsas
2439 3441 2629 3497 domos
2666 3456 2787 3498 cum
2817 3443 3110 3501 cultoribus
3130 3453 3184 3502 et
3210 3446 3469 3517 culturis,
3501 3462 3623 3504 cum

2036 3542 2290 3603 argento,
2343 3535 2840 3603 peristromatibus,
2870 3538 3226 3609 utensilibus,
3270 3541 3528 3599 ministris
3570 3538 3624 3598 et

2038 3627 2247 3684 famulis
2276 3631 2506 3700 benigne
2534 3630 2918 3700 distribuebat,
2947 3631 3133 3690 dicens
3167 3650 3179 3687 :
3214 3630 3336 3691 Sint
3371 3633 3486 3691 haec
3525 3635 3625 3691 Ec-

2036 3722 2214 3778 clesiae
2244 3722 2397 3791 data,
2458 3733 2516 3779 ut
2560 3724 2684 3781 dum
2726 3725 2795 3780 de
2849 3725 2933 3780 his
2980 3740 3240 3797 pauperes
3287 3728 3621 3799 reficiuntur,

2036 3821 2168 3875 mihi
2210 3822 2422 3875 veniam
2451 3821 2730 3883 obtineant
2758 3820 2899 3891 apud
2927 3821 3119 3878 Deum.
3165 3822 3325 3877 Multa
3360 3832 3539 3879 autent
3570 3833 3624 3880 et

2037 3914 2138 3969 alia
2170 3915 2307 3971 bona
2346 3914 2423 3971 de‘
2440 3914 2545 3971 hoc
2567 3916 2684 3971 viro
2722 3914 3057 3984 audivimus,
3092 3930 3211 3986 quae
3256 3914 3462 3987 insequi
3504 3917 3621 3972 lon-

2045 4020 2168 4079 gum
2200 4016 2303 4064 est.
2340 4008 2575 4063 Transiit
2607 4016 2781 4062 autem
2811 4012 2967 4062 (etate
2996 4007 3402 4077 scptuagenaria
3432 4006 3481 4062 ιε.

2110 4103 2253 4157 XXI.
2296 4101 2423 4156 Haec
2455 4102 2507 4157 in
2537 4102 2639 4156 ltoc
2669 4116 2811 4158 anno
2837 4100 3028 4156 iterato
3058 4101 3208 4172 signa
3242 4112 3621 4173 apparuerunt.

2032 4194 2186 4249 Luna
2231 4192 2470 4262 eclipsim
2522 4200 2677 4263 passa
2717 4200 2828 4258 est;
2873 4190 3008 4247 infra
3036 4192 3361 4249 Turonicum
3416 4194 3623 4251 territo-

2036 4309 2214 4365 dotem
2248 4307 2454 4363 oil'erat.
2488 4307 2638 4363 Hunc
2663 4316 2867 4363 morem
2897 4307 3076 4362 laudat
3102 4306 3387 4363 Cornelius
3409 4307 3624 4366 Tacitus

2035 4382 2089 4435 in
2119 4381 2253 4435 libro
2298 4380 2365 4435 de
2406 4379 2637 4434 Moribus
2664 4378 3087 4443 Germanorum,
3118 4392 3239 4448 cap.
3293 4382 3360 4443 6,
3401 4381 3489 4436 ubi
3530 4397 3624 4438 ex-

2036 4451 2181 4532 ponit
2202 4466 2306 4520 quo
2334 4451 2383 4532 id
2416 4451 2521 4532 ritu
2547 4450 2725 4518 fieret,
2758 4463 2959 4520 quasve
2976 4464 3064 4506 res
3093 4448 3162 4505 a'b
3192 4464 3360 4506 uxore
3394 4453 3620 4510 maritus

2036 4524 2273 4590 recipere
2303 4522 2515 4576 soleret.
3602 4556 3605 4559 .

2041 4593 2128 4671 __f
2174 4594 2282 4671 liae
2317 4594 2611 4671 legatione,
2658 4601 2714 4671 ut
2741 4590 2956 4671 Coin_tio
3001 4592 3234 4671 videtur,
3290 4592 3455 4671 functi
3500 4604 3623 4671 sunt

2040 4665 2343 4719 Florentius
2370 4662 2423 4717 et
2452 4663 2813 4731 Exsuperius,
2854 4662 2923 4719 de
2957 4664 3150 4733 quibus
3206 4662 3258 4717 in
3300 4664 3392 4719 lib.
3424 4679 3482 4717 lli
3525 4666 3620 4721 Mi-

2040 4750 2150 4791 rac.
2192 4737 2249 4789 S.
2275 4734 2519 4799 Martini,
2551 4750 2667 4800 cap.
2704 4733 2756 4786 8.
2852 4760 2857 4761 ί

2110 4816 2136 4855 s
2180 4807 2232 4860 id
2258 4816 2339 4860 cst
2377 4807 2463 4874 qui
2496 4805 2672 4860 Urbiae
2696 4805 2855 4857 iluvio
2888 4804 3089 4872 positus
3117 4813 3260 4869 erat;
3296 4804 3419 4859 hinc
3450 4806 3501 4860 in
3542 4806 3623 4860 ln-

2036 4878 2153 4933 dice
2177 4878 2257 4932 sic
2284 4887 2443 4945 caput
2470 4876 2608 4930 istud
2634 4875 2973 4943 exprimitur,
2999 4875 3075 4928 De
3096 4874 3452 4930 hominibus...
3484 4881 3623 4945 apud

2038 4948 2253 5003 Urbium
2298 4948 2544 5018 ﬂuvium,
2616 4949 2706 5018 qui
2758 4946 3344 5018 nimirum‘separabat
3398 4961 3621 5014 regnum

2034 5015 2323 5089 Chilperic'i
2353 5033 2383 5072 a
2432 5030 2601 5083 regno
2636 5015 2983 5089 ,Guntramni.
3035 5016 3249 5089 llrbiam
3305 5030 3456 5089 vero
3480 5019 3625 5089 hunc

2036 5085 2409 5153 esse'amnem,
2435 5086 2704 5160 quigliodie
2721 5087 2890 5160 0rdea
2915 5102 3007 5142 seu
3029 5087 3186 5160 Orgia
3203 5125 3218 5150 ,
3243 5085 3620 5160 vulgol'Qrge,

2034 5160 2245 5226 dicitur,
2293 5166 2478 5214 censet
2510 5157 2773 5212 Valesius.
2823 5156 2920 5212 llic
2948 5158 3251 5225 complures
3301 5157 3419 5226 pagi
3472 5156 3624 5213 Pari-

2029 5230 2233 5356 giensis
2255 5230 2401 5284 vicos
2427 5227 2579 5283 alluit
2597 5269 2612 5293 ,
2643 5236 2697 5283 et
2720 5242 2885 5298 prepe
2912 5229 3253 5283 Gevisiacum
3282 5227 3544 5298 mergitur
3566 5231 3617 5286 in

2071 5316 2350 5356 eauanam.

2071 5316 2350 5371 equanam.

2100 5367 2131 5409 Η
2169 5373 2329 5427 Corb.
2363 5380 2417 5429 ει
2452 5372 2599 5439 Bec.,
2638 5371 2793 5439 Quod
2819 5369 3106 5439 Asclepius.
3140 5367 3296 5435 Bad.,
3328 5368 3509 5436 Quo...
3552 5388 3616 5429 es

2028 5444 2155 5515 duce
2183 5446 2405 5515 cognito.

2106 5514 2122 5553 ί
2166 5516 2219 5570 id
2244 5509 2326 5571 cst
2353 5513 2668 5569 ofticialihus
2700 5511 2877 5579 regiis.
2904 5509 3056 5579 Apud
3086 5510 3356 5567 Romanos
3379 5512 3625 5569 frumen-

2031 5588 2175 5642 tariis
2200 5595 2587 5643 successerant.
2621 5584 2747 5637 Vide
2769 5581 3082 5638 Gotiioi‘red.
3117 5583 3171 5637 in
3202 5584 3321 5639 cod.
3350 5586 3620 5643 'i‘heodos.

2109 5658 2120 5707 i
2171 5659 2354 5722 Corb.,
2387 5657 2513 5709 nihil
2542 5656 2672 5706 male
2701 5656 2855 5725 geris.

2100 5729 2126 5765 κ
2167 5730 2317 5783 Coib.
2353 5742 2403 5779 a.
2438 5734 2489 5779 et
2533 5726 2731 5779 Chesn.
2766 5743 2779 5779 :
2808 5726 2903 5792 aL,
2938 5727 3318 5795 octuagenaria.
3351 5725 3618 5783 Chrodini

2032 5799 2179 5858 ducis
2224 5800 2407 5856 laudes
2432 5795 2723 5852 celebravit
2755 5798 3074 5855 Fortunatus
3100 5800 3190 5856 lib.
3226 5815 3297 5866 ix,
3329 5813 3496 5855 carm.
3525 5800 3616 5856 i6.
