4096 6344
487 360 587 417 591

1482 347 1545 405 S.
1584 338 1914 403 GREGORII
1955 334 2266 397 EPISCOPI
2303 333 2746 394 TURONENSIS

3672 328 3801 387 ἵ)θῖ

493 455 634 511 rium
664 464 825 508 verus
869 448 939 507 de
976 449 1195 507 eﬂ'racto
1233 459 1371 516 pane
1408 440 1620 511 sanguis
1650 437 1892 501 efﬂuxit;
1938 434 2078 489 muri
2108 440 2162 499 Α
2184 432 2315 487 Post
2345 431 2481 487 duos
2511 446 2642 486 vero
2672 442 2885 484 menses
2931 424 3262 483 Nonnicliius
3292 437 3508 493 comes,
3555 424 3649 496 qui
3680 426 3800 485 hoc

489 546 639 601 urbis
676 544 1031 600 Suessionicm
1063 544 1410 601 corruerunt;
1443 534 1579 603 apud
1607 532 1949 598 Andegavant
1992 542 2082 579 ur-

491 635 611 692 bem
646 644 786 690 terra
829 636 1077 697 tremuit;
1126 630 1261 685 infra
1294 643 1478 683 muros
1508 639 1634 679 vero
1676 620 2084 689 Burdegaleiisis

493 729 676 799 oppidi
704 727 926 797 ingressi
958 724 1068 793 lupi
1104 738 1266 778 canes
1295 726 1715 780 devoraverunt,
1749 726 2083 785 nequaquam

499 821 747 877 homines
775 829 1105 885 metuentes;
1148 832 1244 886 per
1280 814 1647 885 ctelum'igiiis
1683 812 1985 866 discurrere
2009 809 2089 864 vi-

495 927 587 987 sus
617 923 719 966 est.
752 912 859 967 Sed
902 920 957 967 et
996 910 1306 965 Vasatensis
1351 907 1538 963 civitas
1588 902 1837 959 incendio
1865 916 2086 957 concre-

496 1015 638 1063 mata
670 1007 830 1077 296
855 1015 966 1073 est,
996 1005 1066 1059 ita
1111 1013 1169 1058 ut
1196 1001 1439 1057 ecclesia:
1478 1001 1561 1055 vel
1590 999 1778 1054 donius
1807 996 2089 1051 ecclesias-

498 1098 617 1173 ticaa
648 1106 1005 1152 vastarentur.
1048 1094 1398 1151 Ministerium
1444 1099 1622 1146 tamen
1661 1104 1821 1146 omne
1844 1095 2087 1157 ereptum

497 1191 662 1246 fuisse
694 1189 1061 1260 cognovimus.

566 1282 733 1338 XXII.
775 1282 889 1336 Rex
930 1290 956 1318 ⁸
988 1280 1148 1350 igitur
1190 1275 1524 1345 Cliilpericus
1570 1271 1808 1343 pervasis
1854 1270 2091 1326 civitati-

496 1377 598 1433 bus
626 1374 807 1429 fratris
828 1373 943 1438 sui,
972 1386 1142 1426 novos
1171 1369 1400 1425 comites
1431 1367 1675 1431 ordinat,
1702 1375 1756 1419 et
1786 1372 1977 1418 cuncta
2004 1361 2092 1431 ju-

494 1465 586 1523 liet
612 1463 715 1519 sibi
746 1465 954 1519 urbium
1003 1462 1198 1517 tributa
1232 1460 1428 1515 deferri
1461 1476 1476 1512 :
1525 1458 1665 1525 quod
1698 1457 1769 1511 ita
1816 1455 2091 1525 impletum

500 1557 670 1614 fuisse
696 1556 1071 1627 cognovimus.
1108 1555 1201 1608 llis
1241 1554 1427 1607 diebus
1469 1548 1794 1620 apprehensi
1836 1555 1961 1603 sunt
1988 1547 2093 1601 duo

500 1649 751 1704 homines
796 1662 827 1700 a
871 1646 1174 1702 Nonnichio
1202 1643 1230 1683 ι)
1271 1644 1631 1699 Leiiiovicinze
1674 1640 1821 1697 urbis
1863 1636 2091 1706 comite,

499 1740 807 1797 deferentes
834 1753 901 1794 ex
954 1739 1170 1793 nomine
1224 1734 1487 1791 Cliarterii
1541 1733 1902 1803 Petrogorica:
1949 1731 2095 1785 urbis

2186 526 2503 581 scandalum
2548 524 2936 588 seniinaverat,
2989 523 3145 593 297
3188 521 3448 588 sanguine
3493 535 3802 590 percussus

2187 619 2420 684 interiit;
2454 634 2647 689 resque
2694 620 2842 687 ejus,
2892 619 3013 687 quia
3045 620 3250 686 absque
3278 616 3463 672 liberis
3510 625 3658 686 erat,
3680 618 3799 673 sdi-

2187 709 2356 765 versis
2384 726 2411 761 a
2446 724 2571 777 rege
2600 724 2873 763 concessu:
2917 718 3065 762 sunt.

2262 802 2451 856 XXIII.
2486 802 2693 855 Dehinc
2722 799 3028 869 Chilperico
3056 798 3191 869 regi,
3227 807 3348 869 post
3401 801 3570 854 multa
3598 799 3801 858 [onera

2190 891 2447 957 ﬁliorum,
2496 892 2642 946 tiliiis
2684 891 2941 947 nascitur.
2977 892 3055 946 Ex
3111 890 3216 945 hoc
3259 890 3412 960 jubet
3454 907 3547 946 rex
3600 908 3802 950 omnes

2191 986 2465 1041 custodias
2520 984 2774 1050 relaxari,
2804 985 3012 1039 vinctos
3068 983 3296 1048 absolvi,
3342 984 3802 1053 compositiones-

2192 1094 2296 1149 que
2321 1079 2684 1148 negligentum
2725 1078 2857 1132 fisco
2907 1077 3117 1131 debitas
3149 1075 3407 1146 prmcepit
3431 1081 3656 1132 omnino
3685 1093 3801 1135 non

2191 1174 2358 1241 exigi.
2385 1173 2491 1229 Sed
2521 1170 2540 1210 ί
2565 1188 2815 1242 magnum
2855 1171 3112 1242 deinceps
3141 1170 3325 1225 dolum
3380 1169 3682 1227 hic‘intulit
3708 1171 3803 1227 in-

2192 1265 2335 1322 fans.

2269 1357 2461 1412 XXIV.
2504 1356 2650 1411 Nova
2683 1367 2709 1405 ε
2738 1358 2933 1413 iterum
2980 1364 3166 1413 contra
3197 1355 3537 1411 Theodorum
3581 1356 3801 1426 cpisco-

2197 1465 2322 1520 puin
2373 1448 2511 1504 bella
2544 1458 2893 1521 consurgunt.
2927 1452 3055 1503 Nam
3088 1449 3492 1513 Gundovaldus,
3522 1448 3616 1518 qui
3645 1462 3708 1503 se
3740 1448 3803 1503 ft-

2198 1542 2329 1595 lium
2358 1541 2764 1597 Clilotliacharii
2792 1542 2932 1611 regis
2959 1556 3079 1597 esse
3120 1542 3359 1605 dicebat,
3388 1541 3457 1596 de
3485 1541 3803 1595 Constanti-

2198 1636 2647 1705 nopoliveniens,
2682 1635 2970 1690 Massiliam
3030 1643 3112 1690 est
3159 1635 3415 1689 advectus
3468 1652 3482 1687 :
3536 1635 3606 1689 de
3643 1634 3801 1703 cujus

2200 1730 2407 1798 origine
2430 1731 2675 1798 quaedam
2726 1730 2954 1783 strictim
2987 1727 3140 1782 libuit
3174 1741 3497 1781 memorare.
3531 1727 3630 1781 Ilic
3673 1742 3800 1782 cum

499 1834 737 1904 episcopi
771 1832 1002 1899 litteras,
1031 1846 1151 1900 qua:
1183 1830 1345 1884 multa
1380 1826 1701 1897 improperia
1737 1826 2093 1895 loquebantur
2124 1823 2172 1882 B
2198 1830 2356 1875 natus
2384 1831 2531 1876 esset
2553 1822 2608 1875 in
2649 1819 2854 1886 Galliis,
2882 1812 2941 1874 et
2984 1818 3226 1889 diligenti
3278 1833 3406 1872 cura
3455 1819 3711 1886 nutritus,
3742 1828 3801 1873 ut

501 1924 555 1980 in
588 1940 766 1993 regem
818 1940 833 1976 :
884 1924 937 1976 in
985 1923 1174 1991 quibus
1214 1922 1352 1976 inter
1381 1919 1590 1988 reliqua
1635 1926 1751 1972 erat
1803 1920 2094 1986 insertum,

503 2016 656 2083 quasi
688 2024 1003 2084 quereretur
1032 2012 1286 2067 sacerdos
1325 2026 1385 2066 se
1414 2025 1444 2064 a
1495 2011 1743 2079 paradiso
1788 2008 1855 2063 ad
1900 2011 2100 2062 iiil'eros

508 2104 889 2171 descendisse;
938 2103 1146 2158 scilicet
1186 2103 1327 2171 quod
1358 2118 1387 2156 a
1420 2117 1586 2171 regno
1626 2099 2015 2156 Guntcliramni
2045 2099 2101 2153 in

509 2196 797 2273 Chilperici
850 2196 1008 2252 fuerit
1038 2197 1267 2252 ditiones
1315 2204 1696 2251 commutatus.
1748 2195 1852 2249 llas
1896 2194 2101 2249 litteras

516 2288 745 2356 cumbis
775 2289 1080 2343 hominibus
1106 2304 1216 2358 jam
1245 2286 1418 2343 dictus
1442 2303 1623 2342 comes
1653 2286 1754 2341 sub
1794 2286 1960 2340 ardua
1979 2300 2103 2340 cus-

515 2378 657 2435 todia
698 2381 812 2450 regi
842 2379 1057 2435 dilexit.
1105 2378 1220 2435 Rex
1258 2395 1385 2435 vero
1429 2380 1692 2450 patienter
1744 2387 1961 2448 proliter
1988 2376 2103 2447 epi-

511 2486 735 2543 scopum
758 2474 941 2541 mittit,
969 2474 1056 2545 qui
1089 2488 1212 2527 eum
1243 2488 1339 2528 suo
1367 2474 1673 2542 conspectui
1695 2482 2100 2541 praisentarent,

516 2564 860 2620 discussurus
889 2566 1073 2634 utique
1094 2566 1137 2618 si
1159 2580 1282 2620 vera
1314 2574 1496 2620 essent
1533 2580 1653 2634 quae
1680 2567 1730 2618 ei
1758 2566 2103 2634 opponeban-

516 2665 625 2723 tur,
655 2671 721 2711 aii
745 2671 872 2711 non.
901 2657 1235 2733 Adveniente
1262 2672 1387 2711 vero
1410 2658 1687 2726 episcopo,
1720 2671 1813 2711 rex
1857 2658 2101 2712 homines

511 2750 634 2806 illos
658 2765 777 2804 cum
801 2749 993 2804 litteris
1013 2760 1394 2820 repraesentat;
1426 2751 1719 2820 interrogat
1741 2750 2101 2817 sacerdotem,

509 2841 557 2899 si
586 2842 653 2897 ab
682 2856 747 2896 eo
773 2840 988 2897 directa:
1013 2841 1233 2896 fuerint.
1262 2842 1434 2912 Negat
1459 2842 1549 2897 ille
1578 2858 1609 2896 a
1637 2857 1696 2897 se
1740 2842 1994 2897 directas.
2022 2843 2106 2896 lti-

519 2932 864 3006 terrogantur
910 2950 1038 2990 vero
1088 2935 1332 2989 homines
1392 2949 1422 2987 a
1478 2950 1584 3002 quo
1630 2950 1723 2989 eas
1774 2935 2103 3004 acceperint.

514 3028 867 3085 Frontonium
904 3038 926 3066 ο
958 3030 1242 3083 diaconum
1294 3028 1589 3098 proferunt.
1632 3029 1996 3098 Interrogatur
2023 3043 2106 3082 sa-

513 3120 704 3176 cerdos
729 3122 795 3175 de
822 3120 1070 3175 diacono.
1117 3121 1416 3189 Itespoudit
1456 3120 1557 3174 sibi
1591 3136 1711 3174 eum
1751 3135 1870 3174 esse
1919 3119 2108 3187 pracci-

2202 1931 2387 1985 reguiii
2419 1917 2636 1970 istorum
2687 1931 2803 1969 mos
2825 1924 2909 1969 est
2939 1911 2991 1981 ιι,
3016 1914 3242 1969 crinium
3272 1912 3492 1982 ﬂagellis
3522 1927 3617 1981 per
3648 1921 3800 1981 terga

2202 2009 2486 2076 demissis,
2520 2010 2711 2064 litteris
2741 2008 3001 2073 eruditus,
3041 2007 3389 2063 Cliildeberto
3426 2006 3536 2075 regi
3575 2004 3589 2043 ί
3625 2021 3657 2059 a
3685 2022 3800 2060 ma-

2204 2111 2284 2157 tre
2309 2110 2746 2171 repraeseutatur,
2778 2103 2992 2157 dicente
3013 2115 3072 2155 ea
3109 2118 3120 2152 :
3148 2098 3303 2165 Ecce,
3333 2098 3526 2168 inquit,
3548 2108 3800 2167 nepotem

2204 2184 2376 2261 tuum,
2409 2194 2809 2249 Clilotbacliarii
2842 2195 2984 2263 regis
3015 2193 3200 2248 lilium.
3228 2193 3295 2247 Et
3324 2196 3447 2262 quia
3478 2192 3682 2246 invisus
3704 2191 3799 2246 ha-

2206 2287 2363 2343 betur
2408 2289 2565 2356 patri,
2595 2288 2809 2356 suscipe
2832 2302 2953 2342 eum
2974 2327 2989 2354 ,
3021 2288 3144 2357 quia
3166 2299 3291 2341 caro
3341 2294 3433 2339 tua
3488 2294 3591 2339 est.
3626 2284 3797 2351 Quem

2205 2380 2323 2445 ille,
2348 2395 2411 2435 co
2433 2380 2576 2451 quod
2612 2381 2662 2435 ei
2695 2381 2789 2435 filii
2820 2396 2927 2435 non
2966 2390 3181 2445 essent,
3211 2378 3501 2447 accipiens,
3530 2378 3799 2433 retinebat

2204 2486 2411 2530 secum.
2444 2473 2765 2526 Nuntiantur
2791 2472 2906 2527 haec
2936 2472 3047 2541 regi
3075 2470 3509 2537 Clilotliacbario,
3547 2471 3797 2539 misitque

2212 2566 2369 2620 fratri
2396 2566 2632 2631 nuntios,
2662 2566 2845 2621 dicens
2871 2582 2883 2617 :
2916 2563 3135 2619 Dimitte
3166 2578 3390 2633 puerum
3436 2573 3492 2617 ut
3524 2563 3706 2617 veniat
3728 2563 3795 2616 ad

2207 2672 2314 2713 me.
2345 2658 2455 2714 Nec
2478 2664 2713 2711 moratus
2733 2656 2823 2712 ille
2839 2656 3093 2725 juvenem
3106 2654 3256 2711 fratri
3279 2652 3495 2709 direxit.
3522 2654 3639 2722 Quo
3656 2655 3792 2721 viso,

2207 2752 2654 2808 Clilotliacliarius
2670 2750 2832 2820 jussit
2859 2750 3073 2805 tonderi
3098 2764 3308 2805 comam
3329 2748 3521 2818 capitis
3551 2749 3689 2817 ejus,
3717 2748 3795 2804 di-

2210 2859 2336 2900 cens
2363 2862 2377 2899 :
2409 2846 2559 2898 lluuc
2588 2858 2687 2913 ego
2717 2857 2823 2897 non
2870 2843 3142 2912 generavi.
3175 2842 3341 2912 Igitur
3373 2850 3495 2911 post
3539 2840 3793 2895 L'blottia-

2209 2938 2379 2992 cliarii
2408 2937 2548 3005 regis
2576 2937 2802 3002 obitum,
2823 2951 2852 2989 a
2874 2935 3188 2990 Cbariberto
3212 2947 3336 3004 rege
3362 2943 3637 3002 susceptus
3662 2941 3747 2987 est
3777 2950 3793 2984 :

2212 3045 2367 3099 quem
2416 3029 2714 3098 Sigibertus
2770 3028 3114 3095 arcessitum,
3146 3027 3338 3081 iterum
3388 3027 3680 3095 amputavit
3706 3042 3794 3082 co-

2212 3137 2353 3175 mani
2382 3124 2577 3191 capitis
2605 3120 2748 3189 ejus,
2780 3129 2833 3173 ct
2856 3120 2998 3174 misit
3020 3134 3141 3174 eum
3172 3120 3224 3173 in
3253 3119 3696 3188 Agrippinensem
3724 3120 3795 3173 ci-

513 3227 678 3284 puum
711 3213 1013 3277 inimicum,
1041 3227 1141 3265 nec
1167 3213 1401 3265 dubitari
1434 3212 1632 3266 debere
1664 3213 1831 3281 ipsius
1859 3226 1979 3266 esse
2012 3226 2103 3267 ne-
2135 3215 2181 3278 C
2210 3217 2427 3269 vitalem
2450 3254 2465 3280 ,
2489 3229 2609 3283 qua:
2641 3228 2783 3268 nunc
2814 3210 3037 3266 Colonia
3069 3210 3082 3260 l
3119 3211 3332 3265 dicitur.
3366 3211 3459 3265 Ille
3485 3225 3697 3280 quoque
3730 3210 3795 3266 ab

512 3306 739 3376 quitias,
772 3306 861 3374 qui
890 3316 1076 3359 contra
1107 3321 1230 3358 eum
1278 3302 1471 3373 swpius
1504 3319 1694 3359 causas
1725 3306 2108 3360 commovisset

514 3396 745 3465 iniquas.
787 3397 1085 3451 Adducitur
1109 3396 1366 3450 diaconus
1389 3396 1503 3449 sine
1524 3412 1708 3462 mora;
1744 3398 2108 3469 interrogatur

516 3502 547 3541 a
594 3502 755 3556 rege,
806 3488 1086 3541 conﬁtetur
1115 3503 1278 3556 super
1310 3490 1658 3558 episcopum,
1705 3491 1889 3545 dicens
1934 3508 1946 3543 :
1999 3493 2109 3559 Ego

518 3575 661 3631 hanc
688 3578 964 3647 epistolam
1016 3584 1274 3649 epISCOpo
1316 3580 1540 3650 jubeute
1571 3581 1764 3635 dictavi
1796 3580 1845 3636 ά.
1894 3582 2107 3637 Procla-

525 3676 709 3723 tnante
744 3684 872 3722 vero
902 3684 1188 3740 epzscopo,
1242 3679 1297 3725 et
1336 3672 1547 3726 dicente
1591 3674 1731 3741 quod
1784 3674 1978 3742 saepius
2028 3673 2112 3729 hic

521 3760 734 3829 ingenia
770 3771 792 3798 θ
821 3772 1113 3831 quaereret,
1163 3764 1393 3831 qualiter
1420 3781 1541 3819 eum
1588 3766 1655 3819 ab
1684 3770 1992 3836 episc0patu
2022 3767 2113 3821 de-

522 3852 740 3924 jiceret,
790 3867 886 3906 rex
916 3854 1284 3910 misericordia
1332 3866 1541 3925 motus,
1585 3860 1971 3911 commendans
2005 3858 2113 3912 Deo

525 3960 740 4002 causam
769 3961 951 4016 suam,
983 3950 1148 4002 cessit
1190 3950 1458 4015 utrisque,
1496 3948 1792 4016 deprecans
1819 3950 2115 4005 clementer

526 4039 839 4107 episcopum
873 4054 968 4107 pro
1008 4038 1267 4107 diacono,
1298 4049 1355 4094 et
1380 4039 1685 4109 supplicans
1717 4050 1774 4094 ut
1810 4057 1904 4109 pro
1943 4058 2000 4096 se
2030 4058 2116 4097 sa-

525 4131 718 4186 cerdos
747 4140 967 4186 oraret:
999 4140 1055 4187 et
1093 4135 1171 4187 sic
1194 4148 1314 4187 cum
1348 4132 1550 4189 lionore
1581 4135 1700 4187 urbi
1732 4133 1988 4190 remissus
2010 4143 2112 4190 est.

606 4296 631 4357 ρ
677 4288 789 4342 Hoc
820 4297 982 4357 caput
1009 4289 1160 4343 deest
1194 4288 1247 4343 in
1285 4289 1443 4343 Corb.
1477 4299 1530 4343 et
1559 4290 1714 4344 Colb.
1742 4306 1794 4345 a.

606 4356 633 4395 ι’
673 4360 826 4411 Colb.
882 4356 983 4419 in.,
1036 4358 1501 4423 Nunnichiolemo;
1556 4362 1690 4413 inira
1739 4374 1913 4417 tamen
1959 4363 2121 4422 habet

534 4424 883 4500 Nonuicltius.
915 4430 1189 4500 Carterius
1238 4440 1415 4485 autem
1446 4430 1761 4500 subscripsit
1807 4448 1963 4490 conc.
2008 4436 2120 4493 Ma-

532 4499 650 4553 tisc.
677 4514 715 4554 ιι
739 4539 754 4563 ,
796 4515 886 4553 an.
915 4498 1041 4555 585.

612 4581 635 4607 ε
677 4573 814 4625 Editi
837 4580 889 4624 et
916 4572 1063 4635 Bec.,
1095 4568 1459 4624 Frontonium.

608 4637 638 4677 ά
676 4642 845 4716 ldyst
872 4644 1075 4713 scripsi.
1111 4642 1237 4698 Vide
1260 4642 1530 4698 Mabillon.
1562 4653 1715 4701 notas
1740 4644 1796 4699 in
1826 4646 1981 4714 epist.
2015 4647 2118 4705 504

531 4720 705 4769 sancti
738 4717 1010 4768 Beriiardi.

615 4795 639 4823 ε
680 4787 753 4839 Ea
780 4800 916 4857 voce
942 4785 1097 4839 dolus
1124 4799 1219 4840 seu
1259 4785 1510 4857 quaelibet
1541 4802 1627 4842 ars
1653 4787 1717 4842 ad
1759 4789 1985 4843 alterum
2016 4792 2120 4846 cir-

541 4856 987 4913 cumveniendum
1024 4859 1333 4927 designatur
1360 4859 1498 4925 apud
1542 4861 1858 4929 Gregorium
1891 4874 1944 4915 et
1971 4872 2116 4917 vete-

542 4945 630 4985 res
657 4930 839 4997 geiitis.
875 4940 1070 4981 nostra:
1102 4939 1369 4982 auctores.
1404 4929 1534 4983 Vide
1580 4930 1806 4999 Bigiion.
1855 4948 1906 4986 ιιι
1958 4935 2046 4987 lib.
2083 4949 2120 4989 ιι

542 5001 777 5074 Merculti
819 5001 885 5053 ad
927 5015 1047 5068 cap.
1077 5000 1175 5066 56,
1206 5012 1258 5055 et
1298 5003 1620 5055 Alteserram
1666 5007 1717 5055 iii
1750 5018 1870 5072 cap.
1896 5004 1987 5074 ‘28,
2026 5005 2117 5060 lib.

539 5087 592 5127 tv
620 5071 776 5141 liujus
804 5074 1067 5126 Historiae.

600 5140 636 5222 ’ί
670 5140 974 5222 urgendum
1022 5150 1148 5222 puto
1174 5141 1426 5198 dolorem.
1481 5143 1612 5222 Vide
1640 5144 1773 5222 infra
1827 5162 1946 5216 cap.
1981 5148 2041 5202 3i
2070 5156 2125 5203 et

542 5212 645 5277 5:3;
672 5212 847 5265 dolum
894 5228 1069 5268 tamen
1123 5218 1265 5267 hunc
1306 5216 1526 5282 exponit
1561 5218 1802 5271 Vale-ius
1844 5212 1911 5272 de
1954 5230 2126 5274 morte

547 5285 843 5350 Muttiiiioti,
876 5302 1034 5355 qnain
1090 5286 1244 5353 hujus
1269 5286 1361 5339 lilii
1387 5289 1563 5341 obitus
1620 5290 1901 5342 occasione
1934 5291 2128 5345 Frede-

546 5359 734 5423 giindis
762 5359 859 5423 ipsi
891 5361 1093 5411 iii.eiisa
1112 5364 1435 5424 pI'OCUl'itth,
1460 5358 1593 5411 intra
1617 5375 1732 5427 cap.
1864 5361 2127 5415 (luiturum

547 5436 723 5499 casuri
754 5428 804 5477 iii
843 5428 1075 5481 Μοιριιιιι
1108 5430 1198 5481 liti.
1229 5444 1245 5481 ι
1276 5430 1523 5491 formula,
1567 5447 1686 5497 quae
1708 5439 1791 5482 est
1826 5429 1913 5497 59,
1944 5431 2008 5483 Ut
2034 5448 2126 5499 pro

546 5497 811 5548 nativiiatc
840 5499 993 5565 regis,
1022 5500 1163 5551 sicut
1196 5501 1311 5566 ipso
1343 5510 1461 5552 ortu
1490 5516 1670 5566 regunt
1696 5511 1999 5554 nostrorum
2032 5497 2125 5556 lilii

546 5578 703 5643 reges
727 5570 1152 5643 appellabantur,
1185 5572 1391 5639 ingenui
1418 5571 1731 5629 relaxentur.
1766 5572 1969 5641 Deejus
1998 5573 2128 5643 bap-

549 5636 708 5690 lisuio
740 5637 870 5689 intra
898 5651 1015 5702 cap.
1043 5638 1134 5692 ‘27.

623 5716 649 5755 δ
679 5708 831 5782 Quod
854 5707 1002 5777 plura
1031 5710 1099 5763 de
1125 5710 1205 5762 liis
1245 5728 1362 5780 quie
1393 5713 1681 5781 pertulerat
1718 5730 1745 5767 a
1776 5714 2035 5782 Dynamio
2072 5716 2126 5771 in

550 5792 670 5847 cap.
703 5779 760 5833 II
789 5792 950 5847 supra
995 5779 1441 5837 retulei‘it.’Uiide
1470 5786 1592 5840 licet
1614 5789 1665 5842 iu
1690 5779 1848 5840 codd.
1880 5787 2041 5840 Corb.
2075 5796 2130 5843 et

551 5850 709 5910 Colb.
740 5850 1080 5911 undecimum
1108 5867 1216 5911 non
1270 5855 1551 5924 habeatur,
1580 5872 1647 5913 ex
1686 5856 1789 5914 lioc
1846 5867 2024 5915 tamen
2059 5858 2127 5916 I2

2213 3326 2279 3364 eo
2302 3311 2419 3363 loco
2440 3309 2711 3375 delapsus,
2746 3305 2981 3360 dimissis
3032 3306 3223 3360 iterum
3255 3304 3482 3373 capillis,
3515 3305 3581 3358 ad
3610 3303 3795 3360 Narse-

2216 3412 2319 3456 tein
2351 3400 2505 3467 abiit,
2538 3402 2628 3468 qui
2658 3400 2821 3470 298
2852 3409 2975 3453 tunc
3003 3398 3166 3452 Italia:
3180 3407 3405 3468 praeerat
3429 3399 3609 3467 ibique
3633 3414 3796 3453 uxore

2213 3504 2451 3563 accepta,
2505 3493 2643 3547 ﬁlios
2704 3494 3022 3563 procreavit,
3069 3504 3123 3547 et
3166 3492 3234 3547 ad
3282 3492 3795 3564 Constantiimpolim

2215 3587 2458 3642 accessit.
2494 3585 2643 3652 Inde,
2672 3586 2954 3652 ut’feruiit,
2979 3592 3098 3654 post
3123 3584 3288 3639 multa
3315 3593 3577 3654 tempora,
3610 3601 3640 3637 a
3672 3599 3796 3656 quo-

2217 3682 2337 3737 dam
2365 3682 2617 3735 invitatus
2649 3691 2702 3735 ut
2734 3680 2943 3734 veniret
2971 3680 3023 3733 in
3043 3679 3263 3745 Gallias,
3293 3678 3583 3733 Massiliam
3613 3677 3798 3747 appul-

2217 3790 2331 3844 sus,
2365 3791 2393 3828 a
2420 3773 2702 3829 Theodoro
2732 3773 2986 3841 episcopo
3014 3782 3298 3841 susceptus
3333 3778 3435 3824 est.
3471 3771 3539 3823 Et
3561 3772 3584 3805 κ
3617 3770 3685 3823 ab
3713 3783 3797 3822 eo-

2218 3868 2340 3923 dem
2389 3868 2549 3923 etiam
2605 3866 2837 3935 acceptis
2876 3865 3144 3934 equitibus
3175 3864 3249 3936 [1.
3291 3862 3489 3935 equis],
3520 3862 3798 3917 Mummolo

2220 3966 2343 4021 duci
2370 3966 2692 4035 c0iijunctus
2723 3974 2825 4018 est.
2860 3963 2987 4016 Erat
3024 3973 3202 4015 autem
3236 3970 3361 4014 tunc
3401 3960 3719 4013 Mumiiiolus
3748 3960 3798 4016 in

2221 4060 2445 4115 civitate
2468 4057 2762 4121 Aveiiiiica,
2795 4057 2933 4110 sicut
2960 4071 3118 4125 supra
3146 4056 3257 4124 jam
3283 4054 3515 4109 diximus
3546 4051 3698 4121 (Cap.
3732 4052 3799 4121 l).

2220 4153 2655 4210 Guntclirauinus
2686 4165 2812 4207 vero
2846 4134 2965 4205 'dux
3013 4151 3410 4220 apprehensum
3466 4148 3799 4203 Theodorum

2223 4310 2417 4376 capite,
2450 4308 2590 4378 quod
2622 4308 2674 4361 iii
2698 4315 2925 4375 utroque
2947 4305 3131 4360 codice
3157 4313 3352 4378 exstat,
3386 4312 3528 4378 patet
3557 4304 3623 4378 ab
3655 4303 3787 4357 inter

2224 4376 2590 4450 potatoie'iioii
2617 4383 2777 4432 luisse
2799 4378 3058 4432 additum.
3082 4378 3246 4431 Porro
3260 4376 3655 4450 Gundovalditm
3679 4390 3786 4450 seru

2228 4446 2687 4521 perscripsimus,
2718 4464 2835 4521 qua;
2883 4450 3042 4502 lectio
3072 4458 3155 4503 est
3199 4449 3357 4503 codd.
3384 4462 3541 4514 niss.,
3576 4447 3705 4502 licet
3750 4446 3799 4500 in

2227 4522 2386 4575 editis
2413 4520 2783 4573 Gimdobaldua
2805 4520 3032 4573 dicatur.

2148 4604 2201 4665 ι)
2300 4591 2329 4665 b_
2362 4592 2492 4665 Vide
2523 4592 2655 4645 inl'ra
2679 4592 2781 4665 lib.
2812 4605 3074 4665 viii,_cap.
3110 4592 3195 4653 I0,
3220 4600 3273 4646 et
3302 4591 3521 4659 passim.

2318 4660 2333 4699 ί
2361 4664 2573 4717 Seniori
2613 4662 2851 4730 scilicet,
2881 4663 3212 4718 Uliiliteberti
3254 4671 3378 4716 tunc
3409 4660 3685 4731 regnantis
3714 4672 3800 4729 pa-

2225 4742 2368 4789 truo.

2305 4806 2317 4856 i
2350 4804 2629 4859 Coloniam
2656 4818 2683 4856 a
2710 4802 2928 4858 Francis
2958 4807 3034 4861 sic
3055 4804 3373 4875 appellatam
3390 4802 3576 4856 volunt
3594 4801 3788 4875 Borico

2230 4877 2573 4943 llincniarus,
2628 4875 2824 4944 aliique
2884 4879 3045 4931 etiam
3093 4874 3450 4930 ’vetnstiores
3500 4874 3801 4944 scriptores,

2229 4948 2373 5018 quod
2405 4948 2541 5001 forte
2563 4942 2679 5001 eam
2709 4942 3026 5015 simpliciter
3055 4947 3333 5000 tloloiiiain
3370 4946 3529 5018 primi
3578 4942 3802 5018 appella~

2228 5015 2425 5082 veiiiit,
2460 5022 2660 5072 omisso
2697 5018 3003 5087 Agrippina:
3033 5019 3317 5085 vocabulo,
3352 5015 3570 5085 proprio
3595 5015 3731 5083 ejus,
3761 5020 3805 5070 υι

2230 5092 2460 5154 videtur,
2487 5090 2736 5147 nomine;
2770 5106 2889 5142 ciiiii
2922 5089 3258 5144 solummodo
3286 5090 3436 5158 quasi
3477 5088 3806 5158 per_iiiodutn

2229 5162 2464 5229 adjuiicti
2498 5171 2649 5213 antea
2675 5161 2892 5214 Colonia
2910 5161 3198 5223 diceretur,
3231 5169 3287 5213 ut
3307 5156 3531 5213 Colonia
3564 5156 3806 5223 Trajana,

2230 5233 2450 5286 Colonia
2482 5234 2739 5300 Angusta,
2765 5235 2987 5301 aliaeque
3010 5233 3190 5294 urbes,
3225 5236 3277 5284 in
3312 5230 3696 5301 tllliIS_B0|I|3lIi
3728 5242 3807 5301 co-

2233 5303 2408 5356 lonias
2437 5299 2790 5357 deduxerant.
2827 5299 2913 5356 Ea
2937 5313 3113 5357 autem
3152 5302 3246 5355 l'uit
3279 5305 3405 5356 urbs
3450 5299 3732 5363 Ubiorum,
3762 5299 3807 5353 in

2234 5390 2335 5438 qua
2369 5384 2488 5427 nata
2518 5374 2750 5428 cstJiilia
2779 5374 3065 5443 Agrippina
3092 5373 3521 5438 Neronistiiater,
3556 5387 3676 5437 qua:
3698 5385 3808 5443 cuin

2212 5444 2457 5498 .Claudio
2490 5448 2617 5512 imp.
2652 5440 2960 5514 nupSis'set,
2991 5447 3252 5498 coloniam
3300 5440 3810 5514 ltum-.iiioruiiiiltuc

2235 5516 2425 5570 deduci
2458 5512 2759 5584 iiiijierat'ii,
2808 5518 3038 5586 indeque
3061 5518 3126 5568 ab
3172 5516 3288 5585 ejus
3347 5515 3559 5567 nomine
3603 5512 3810 5569 Colonia

2232 5588 2528 5711 lAgt'ippina
2557 5590 2698 5643 dicta
2730 5597 2845 5653 est,
2879 5597 2936 5641 ut
2964 5597 3144 5642 narrat
3166 5587 3385 5642 Tacitus
3418 5586 3513 5640 lib.
3541 5599 3612 5638 itii
3637 5586 3813 5638 Atina-

2254 5674 2382 5711 iuni.

2254 5674 2382 5711 ιιιιιι.

2235 5800 2275 5859 c
2307 5728 2432 5857 kblvtt
2466 5730 2549 5800 ab,
2577 5736 2707 5802 etc.,
2752 5746 2920 5802 usque
2962 5729 3027 5788 ad
3069 5732 3369 5803 conjuncti“
3390 5737 3499 5799 est,
3531 5728 3729 5790 desunt
3765 5725 3811 5785 il

2282 5816 2340 5859 or
2381 5839 2396 5859 .

2282 5816 2396 5861 οιυ.
