4096 6344
331 302 436 358 593

1293 307 1611 399 HISTORlA
1649 309 2092 369 FRANCORUM.
2133 310 2340 368 LIBER
2378 308 2667 370 SEXTUS.

3474 316 3581 371 ⁸694

327 418 639 487 episcopum
661 416 1037 475 incustodiam
1086 434 1187 491 pro
1217 422 1315 478 hac
1343 438 1503 479 causa
1546 424 1793 491 detrusit,
1822 440 1906 480 re—
1934 429 1985 486 Α
2010 425 2548 494 Constantinopolim.
2581 423 2679 479 Cui
2720 423 2811 479 ille
2845 440 2858 478 :
2885 422 3219 494 Mummolus,
3251 425 3441 497 inquit,
3473 431 3581 487 dux

333 520 525 579 putans
556 526 653 565 cur
682 512 949 568 hominem
978 524 1287 570 extraneum
1312 517 1689 573 intromisisset
1709 518 1763 572 in
1793 517 1911 572 Gal-

325 604 451 672 lias,
496 605 859 675 voluissetque
909 606 1237 664 Francorum
1264 624 1485 678 regnum
1540 608 1908 676 imperialibus

325 716 426 771 per
449 700 562 755 haec
591 701 821 757 subdere
884 701 1173 758 ditionibus
1204 711 1251 759 ι.
1284 704 1355 759 At
1383 704 1472 759 ille
1526 704 1825 773 epistolam,
1853 709 1909 757 ut

328 792 505 856 aiunt,
530 806 689 846 manu
719 791 981 860 majorum
1010 790 1336 849 Childeberti
1362 792 1505 864 regis
1526 794 1905 863 subscriptam,

324 883 569 954 protulit,
604 883 786 941 dicens
822 903 835 940 :
867 884 1010 941 Nihil
1049 900 1145 956 per
1180 900 1269 941 me
1294 884 1418 952 feci,
1445 885 1546 941 nisi
1576 900 1695 956 quae
1724 885 1855 940 mihi
1876 900 1908 941 a

325 975 560 1030 dominis
587 974 785 1030 nostris
816 983 868 1031 et
891 976 1192 1032 senioribus
1230 977 1489 1046 imperata
1536 984 1682 1031 sunt.
1712 974 1907 1030 Custo-

326 1068 575 1124 diebatur
613 1068 773 1138 igitur
819 1069 1069 1125 sacerdos
1095 1070 1146 1124 in
1169 1069 1385 1136 cellula,
1418 1083 1518 1125 nec
1562 1069 1909 1140 permitteba-

326 1169 416 1215 tur
445 1158 687 1215 ecclesice
720 1161 1102 1231 propinquare.
1130 1160 1370 1229 Quadam
1411 1175 1540 1216 vero
1571 1169 1750 1231 nocte,
1780 1161 1906 1215 dum

324 1254 581 1309 attentius
612 1252 793 1309 oraret
823 1252 889 1308 ad
931 1252 1234 1319 Dominum,
1265 1251 1476 1308 refulsit
1519 1251 1712 1307 cellula
1742 1250 1908 1305 nimio

324 1345 637 1415 splendore,
658 1345 733 1400 ita
762 1352 821 1399 ut
849 1358 1028 1400 comes
1054 1345 1143 1412 qui
1171 1351 1287 1399 erat
1308 1352 1491 1399 custos
1537 1342 1677 1414 ejus,
1705 1340 1929 1417 ingenti

328 1455 527 1510 pavore
566 1447 855 1500 terreretur
880 1455 895 1505 ;
924 1437 1175 1506 visusque
1204 1447 1287 1493 est
1309 1451 1469 1508 super
1498 1451 1622 1492 eum
1642 1434 1774 1492 lucis
1804 1434 1908 1489 im-

330 1546 531 1588 mensae
556 1531 743 1603 globus
768 1546 865 1601 per
908 1531 1129 1586 duarum
1176 1530 1432 1586 horarum
1484 1530 1736 1599 spatium.
1758 1526 1910 1582 Mane

323 1635 503 1679 autem
528 1624 689 1690 facto,
710 1622 963 1678 narrabat
988 1624 1104 1678 haec
1123 1637 1304 1678 comes
1330 1621 1423 1678 ille
1444 1622 1656 1677 caeteris
1679 1621 1908 1692 quicum

324 1731 392 1771 eo
418 1724 588 1771 erant.
620 1713 867 1769 Posthac
894 1722 1072 1769 autem
1122 1712 1315 1769 ductus
1342 1722 1426 1769 est
1452 1712 1521 1769 ad
1552 1710 1914 1768 Guntcbram-

2012 526 2135 573 tuus
2162 520 2279 588 ipse
2306 521 2539 590 suscepit
2578 534 2723 585 eum,
2749 528 2803 574 et
2829 520 2881 573 in
2920 520 3191 576 Avenione
3242 536 3422 577 secum
3456 527 3583 580 reti-

2011 612 2147 666 nuit.
2174 610 2324 667 Nunc
2380 622 2553 669 autem
2604 614 2853 683 permitte
2902 627 3011 683 me,
3035 624 3088 669 et
3116 613 3376 672 adducam
3403 618 3579 687 ipsum

2010 703 2127 768 tibi,
2151 710 2205 757 et
2234 709 2361 757 tunc
2407 703 2660 760 immunis
2696 719 2792 761 ero
2831 706 2897 759 ab
2955 704 3038 760 his
3080 720 3196 779 qua:
3251 706 3582 777 imputantur

2011 795 2165 850 mihi.
2193 793 2287 850 Cui
2311 809 2408 851 rex
2436 796 2513 849 ait
2541 813 2553 849 :
2584 796 2700 852 Non
2737 798 3042 867 permittam
3083 805 3136 852 te
3164 797 3337 866 abire,
3364 800 3468 855 nisi
3499 800 3585 855 di-

2011 904 2142 960 gnas
2172 887 2290 943 luas
2335 902 2525 959 poenas
2567 903 2663 958 pro
2716 889 2800 944 his
2853 905 2972 960 quae
3013 890 3348 946 commisisti.
3380 891 3452 946 At
3497 890 3589 947 ille

2010 994 2240 1036 cernens
2265 994 2325 1034 se
2337 978 2496 1034 morti
2510 979 2882 1050 propinquum,
2900 981 2974 1035 ait
3004 998 3018 1036 :
3042 980 3181 1036 Ecce
3198 980 3363 1036 illium
3385 997 3584 1049 meum,

2009 1071 2224 1142 suscipe
2250 1071 2422 1140 illum,
2454 1082 2507 1128 et
2534 1072 2607 1127 sit
2629 1072 2786 1127 obses
2818 1086 2917 1141 pro
2948 1072 3032 1127 bis
3061 1087 3181 1142 quac
3208 1074 3463 1143 promitto
3489 1074 3588 1131 do-

2006 1164 2157 1219 mino
2186 1178 2307 1219 meo
2334 1163 2478 1233 regi;
2533 1169 2589 1219 et
2633 1163 2737 1219 nisi
2785 1162 3133 1218 Mummolum
3175 1163 3435 1220 adducam
3465 1165 3586 1233 tibi,

2010 1256 2229 1326 perdam
2275 1256 2550 1325 parvulum
2603 1269 2805 1311 meum.
2848 1254 3000 1309 Tunc
3048 1270 3143 1310 rex
3194 1257 3436 1324 permisit
3465 1272 3591 1313 eum

2010 1350 2184 1416 abire,
2210 1356 2425 1406 retento
2448 1363 2629 1405 secum
2651 1348 2769 1420 ejus
2789 1347 3070 1402 infantulo.
3087 1347 3280 1414 Atille,
3305 1350 3592 1419 assumptis

2010 1455 2194 1499 secum
2223 1440 2481 1496 Arvernis
2506 1450 2665 1510 atque
2689 1438 2944 1507 Vellavis,
2961 1438 3289 1494 Avenionem
3307 1440 3459 1495 abiit.
3484 1439 3593 1495 Sed

2010 1542 2132 1589 astu
2153 1533 2445 1603 Mummoli,
2475 1533 2637 1605 300
2662 1546 2823 1588 naves
2843 1533 2897 1588 in
2928 1532 3188 1587 Rhodano
3212 1532 3434 1589 inﬁrmae
3459 1549 3595 1605 prae-

2013 1634 2215 1694 paratae
2263 1633 2410 1691 sunt,
2450 1626 2910 1694 ascendentesque
2936 1622 3283 1694 simpliciter,
3317 1632 3376 1677 ut
3404 1625 3460 1678 in
3486 1638 3594 1680 me-

2014 1714 2106 1771 dio
2128 1717 2304 1773 amnis
2330 1723 2624 1784 venerunt,
2655 1716 2891 1787 impletis
2921 1717 3148 1773 navibus
3194 1716 3592 1787 mergebantur.

323 1822 455 1862 num
516 1821 696 1877 regem
752 1820 874 1861 cum
928 1805 1223 1877 Epiphanio
1265 1805 1519 1875 episcOpo
1561 1802 1616 1873 δ,
1643 1805 1734 1874 qui
1786 1815 1913 1861 tunc
1941 1815 1991 1877 Β
2018 1805 2169 1864 Tunc
2190 1807 2245 1861 in
2274 1807 2515 1877 periculo
2545 1807 2722 1877 positi,
2752 1807 2842 1862 alii
2877 1807 3056 1863 nando
3107 1816 3412 1875 evaserunt,
3457 1824 3595 1864 non-

326 1898 713 1969 Langobardos
760 1897 988 1969 fngiens,
1047 1897 1296 1953 Massiliae
1341 1897 1673 1964 morabatur,
1706 1897 1913 1953 scilicet

325 1990 471 2060 quod
500 1998 556 2045 et
583 1996 696 2060 ipse
725 1990 973 2045 conscius
999 1988 1156 2060 hujus
1209 2002 1385 2044 causa:
1426 1988 1635 2045 luisset.
1672 1988 1910 2045 Discussi

330 2085 496 2155 igitur
525 2100 555 2139 a
587 2099 732 2156 rege,
757 2085 811 2139 in
850 2083 999 2139 nullo
1026 2083 1223 2138 inventi
1252 2092 1378 2140 sunt
1407 2085 1653 2140 crimine.
1687 2082 1804 2138 Rex
1829 2094 1914 2149 tas-

326 2189 455 2230 men
482 2174 643 2243 jussit
661 2190 755 2229 eos
781 2175 881 2229 sub
907 2173 1147 2230 custodia
1173 2174 1389 2245 degere,
1418 2174 1471 2230 in
1492 2190 1593 2245 qua
1609 2176 1912 2245 postmulta

328 2269 611 2338 supplicia,
637 2269 965 2339 Epiphanius
989 2269 1271 2340 episcopus
1285 2267 1417 2323 obiit
1451 2279 1497 2321 ο.
1531 2268 1913 2325 Cundovaldus

329 2377 456 2420 vero
478 2365 531 2419 in
581 2364 807 2420 insulam
862 2366 1026 2420 maris
1065 2362 1314 2429 secessit,
1366 2374 1691 2434 exspectans
1749 2364 1915 2435 299

328 2465 580 2513 eventum
628 2458 725 2513 rei.
781 2458 1219 2514 Guntcbramnus
1272 2471 1400 2511 vero
1448 2457 1556 2511 dux
1605 2472 1727 2512 cum
1777 2456 1916 2513 duce

332 2553 727 2611 Guntcnramni
757 2553 899 2623 regis
928 2567 1017 2609 res
1046 2550 1385 2607 Gundovaldi
1407 2550 1618 2616 divisit,
1649 2558 1704 2607 et
1731 2564 1913 2606 secum

328 2647 387 2702 in
414 2650 714 2704 Arvernum
754 2646 950 2702 detulit
980 2647 1320 2711 immensum,
1351 2651 1408 2698 ut
1458 2642 1659 2711 ferunt,
1708 2642 1915 2716 argenti

332 2742 570 2811 pondus,
600 2750 652 2796 et
684 2739 822 2807 auri,
854 2749 908 2793 et
936 2738 1259 2807 reliquarum
1292 2751 1493 2792 rerum.

407 2832 578 2887 XXV.
609 2834 762 2887 Anno
791 2839 979 2886 octavo
1008 2826 1699 2899 Childebertiregis,pridie
1719 2825 1917 2882 Kalen-

332 2926 429 2982 das
460 2924 801 2989 Februarias,
824 2937 943 2977 cum
976 2922 1063 2978 die
1106 2920 1385 2976 Dominico
1411 2920 1552 2990 apud
1594 2919 1779 2975 urbem
1809 2918 1917 2974 Tu-

332 3019 571 3076 ronicam
596 3016 662 3072 ad
688 3014 977 3071 matutinas
1022 3014 1234 3083 signum
1274 3020 1601 3067 commotum
1631 3012 1841 3077 fuisset,
1864 3016 1921 3064 et

334 3111 563 3184 populus
616 3124 839 3179 surgens
893 3106 960 3162 ad
1004 3107 1287 3162 ecclesiam
1324 3104 1639 3160 conveniret
1673 3100 1726 3169 ἀ,
1777 3102 1917 3157 coelo

2016 1899 2151 1955 nulli
2182 1914 2315 1955 vero
2342 1899 2571 1969 arreptis
2596 1900 2829 1969 ipsarum
2856 1898 3068 1953 navium
3097 1898 3290 1954 tabulis
3309 1899 3599 1970 attigerunt

2017 1988 2187 2046 littus.
2222 1989 2472 2061 Plerique
2493 2001 2692 2056 autem,
2727 2005 2953 2061 quorum
2984 1991 3161 2046 minor
3180 1989 3279 2045 fuit
3298 1992 3515 2058 astutia,
3546 1992 3600 2048 in

2015 2084 2176 2140 amne
2203 2084 2440 2140 demersi
2479 2092 2620 2140 sunt.
2656 2082 3089 2139 Guntcbramnus
3119 2098 3249 2139 vero
3275 2083 3383 2138 dux
3431 2084 3599 2140 adve-

2018 2178 2098 2232 nit
2128 2178 2489 2233 Avenionem.
2528 2175 2845 2231 Providerat
2889 2175 3035 2233 enim
3078 2174 3420 2240 Mummolus,
3449 2184 3601 2245 posts

2017 2286 2182 2343 quam
2203 2270 2338 2325 infra
2368 2285 2550 2325 muros
2581 2269 2730 2325 urbis
2775 2268 2917 2324 illius
2937 2276 3020 2323 est
3064 2269 3361 2337 ingressus,
3392 2277 3448 2322 ut
3477 2267 3601 2338 quia

2020 2368 2145 2432 pars
2173 2376 2332 2431 parva
2358 2360 2651 2427 residebat,
2672 2375 2790 2430 quae
2813 2373 2919 2415 non
2937 2359 3235 2415 vallabatur
3260 2375 3287 2413 a
3307 2359 3597 2426 Rhodano,

2016 2454 2213 2509 educta
2236 2467 2301 2507 ex
2336 2466 2401 2507 eo
2422 2460 2595 2522 parte,
2622 2450 2770 2505 locus
2799 2450 2891 2505 ille
2911 2459 3053 2504 totus
3076 2450 3175 2505 hoc
3206 2450 3402 2504 alluvio
3432 2459 3458 2497 8
3486 2465 3603 2504 mu-

2023 2548 2238 2601 niretur
2270 2544 2364 2599 :in
2393 2558 2499 2614 quo
2520 2543 2640 2598 loco
2693 2541 2869 2598 fossas
2899 2555 3105 2611 magnae
3150 2541 3602 2612 profunditudinis

2019 2634 2180 2703 fodit,
2212 2648 2648 2709 praeparatosque
2685 2635 2837 2693 dolos
2865 2652 3001 2707 aqua
3038 2636 3334 2693 decurrens
3362 2640 3597 2708 aperuit.

2021 2730 2175 2788 Tunc
2203 2732 2524 2787 adveniente
2540 2728 2963 2797 Guntcbramno,
2997 2731 3074 2784 ait
3122 2745 3189 2784 ex
3249 2744 3403 2787 muro
3432 2730 3606 2785 Mum-

2025 2830 2205 2885 molus
2239 2848 2251 2883 :
2281 2829 2340 2886 Si
2364 2828 2497 2885 ﬁdes
2523 2836 2608 2884 est
2637 2829 2867 2899 integra,
2900 2830 3078 2883 veniat
3104 2829 3192 2883 ille
3230 2829 3299 2884 ab
3326 2844 3430 2885 una
3458 2838 3606 2900 parte

2028 2925 2185 2996 ripae,
2215 2933 2271 2980 et
2290 2938 2390 2993 ego
2412 2938 2477 2978 ex
2506 2921 2629 2989 alia,
2657 2931 2711 2976 et
2731 2921 2874 2992 quod
2911 2922 3145 2976 voluerit
3168 2921 3467 2992 cloquatur.
3493 2922 3607 2990 Quo

2024 3032 2145 3072 cum
2185 3015 2589 3079 convenissent,
2640 3014 2714 3068 ait
2755 3012 3191 3069 Guntcbramnus
3240 3024 3480 3082 econtra,
3506 3015 3611 3070 hoc

2023 3108 2167 3163 enim
2182 3106 2461 3162 brachium
2487 3104 2723 3161 ﬂuminis
2745 3104 2885 3161 inter
2904 3116 3184 3176 utrumque
3206 3116 3323 3161 erat
3338 3108 3567 3177 positum
3595 3123 3609 3160 :

337 3206 544 3271 nubilo,
571 3219 689 3259 cum
713 3201 888 3272 pluvia
911 3199 1102 3271 globus
1140 3212 1364 3268 magnus
1414 3197 1549 3266 ignis
1581 3195 1685 3267 [AL
1714 3193 1922 3267 igneus]
1943 3198 2001 3267 lC
2028 3198 2084 3261 Si
2112 3197 2255 3261 licet,
2290 3197 2481 3267 inquit,
2514 3195 2739 3261 vadam;
2785 3196 2907 3266 quia
2932 3204 3057 3252 sunt
3102 3196 3277 3268 aliqua
3329 3212 3448 3268 qua:
3471 3199 3611 3253 inter

337 3300 404 3355 de
433 3298 571 3355 coelo
600 3297 860 3365 dilapsus,
886 3293 940 3348 in
967 3293 1142 3365 spatio
1184 3292 1355 3349 multo
1376 3288 1612 3348 cucurrit
1653 3288 1707 3345 in
1746 3301 1919 3359 aera;

341 3395 433 3462 qui
467 3399 668 3445 tantam
701 3388 877 3444 lucem
904 3387 1071 3453 dedit,
1102 3396 1160 3441 ut
1188 3394 1437 3455 tanquam
1488 3383 1660 3440 media
1695 3382 1784 3439 die
1807 3397 1923 3438 om-

348 3484 435 3538 nia
468 3490 846 3537 cernerentur:
871 3493 977 3549 quo
1006 3479 1196 3533 iterum
1214 3477 1269 3531 in
1296 3477 1490 3533 nubem
1514 3484 1787 3545 suscepto,
1816 3491 1921 3531 nox

341 3572 617 3629 successit.
653 3572 819 3641 Aqua:
845 3584 973 3624 vero
995 3578 1142 3624 extra
1174 3567 1387 3624 solitum
1412 3567 1767 3634 invaluerunt,
1798 3582 1922 3622 nam

345 3674 549 3720 tantam
587 3663 986 3718 inundationem
1017 3662 1260 3732 Sequana
1318 3670 1340 3698 ε
1384 3661 1732 3731 Matronaque
1782 3660 1923 3715 circa

353 3755 593 3811 Parisios
623 3755 937 3821 intulerunt,
972 3755 1028 3808 ω
1070 3754 1210 3808 inter
1253 3752 1520 3807 civitatem
1565 3761 1619 3807 et
1648 3751 1924 3807 basilicam

344 3850 515 3905 sancti
547 3848 815 3903 Laurentii
846 3844 863 3883 τ
903 3846 1173 3916 naufragia
1199 3859 1342 3915 saepe
1364 3843 1753 3914 contingerent.

420 3940 611 3996 XXVI.
645 3939 1078 3995 Cuntcbramnus
1106 3954 1317 4009 quoque
1346 3939 1451 3993 dux
1475 3942 1774 3993 Arvernum
1801 3950 1925 3993 cum

350 4035 672 4106 supradictis
703 4034 970 4089 thesauris
998 4046 1267 4099 reversus,
1300 4031 1367 4085 ad
1404 4030 1812 4087 Cbildebertum
1835 4044 1925 4085 re-

350 4144 471 4199 gem
506 4127 656 4182 abiit.
693 4124 933 4196 Cumque
973 4123 1166 4179 exinde
1195 4122 1569 4192 regrederetur
1612 4136 1731 4176 cum
1760 4135 1926 4177 uxore

350 4232 401 4278 et
426 4221 573 4289 ﬁliis,
606 4234 635 4273 a
663 4218 1069 4275 Guntcbramno
1113 4228 1241 4286 rege
1278 4213 1695 4283 comprehensus
1721 4212 1924 4267 retine-

346 4314 530 4381 batur,
553 4313 763 4368 dicente
790 4311 890 4365 sibi
919 4324 1045 4378 rege
1077 4324 1091 4362 :
1124 4307 1232 4362 Tua
1253 4306 1494 4361 invitatio
1520 4303 1926 4360 Gundovaldum

348 4407 570 4463 adduxit
597 4407 650 4461 in
682 4405 903 4473 Gallias,
933 4413 986 4459 ct
1014 4402 1082 4458 ob
1109 4402 1209 4458 hoc
1236 4410 1362 4456 ante
1416 4401 1515 4456 hos
1547 4414 1716 4456 annos
1765 4400 1926 4457 abisti

419 4540 441 4563 ⁸
474 4540 540 4596 Ει
560 4550 749 4593 tamen
777 4539 822 4593 is
852 4537 966 4606 ipse
992 4533 1400 4591 Gundobaldum
1431 4534 1811 4603 accersiverat,
1836 4534 1922 4590 in-

349 4613 426 4668 fra
451 4628 569 4679 cap.
596 4608 816 4679 26,5ed
850 4612 1008 4661 homo
1033 4616 1148 4661 erat
1168 4606 1366 4679 nullius
1396 4606 1537 4659 ﬁdei.

420 4682 450 4723 ἓν
480 4676 630 4738 Hunc
671 4678 1097 4747 Forojuliensem
1128 4676 1407 4731 ecclesiam
1458 4676 1662 4747 rexisse
1710 4676 1928 4747 conjicit

347 4754 611 4817 Cointius,
635 4750 726 4821 qui
758 4746 1059 4821 EXspectati
1087 4747 1384 4821 decessoris
1405 4746 1496 4821 sui
1518 4748 1732 4821 nomine
1753 4746 1927 4821 adhuc

348 4817 974 4895 presbytersubscripsit
1023 4817 1263 4895 Concilio
1319 4817 1765 4895 Aurelianensiv.
1801 4820 1929 4895 [ipi-

347 4888 962 4966 phaniuanradensem
996 4889 1374 4966 patriarcham,
1400 4903 1430 4942 a
1463 4888 1627 4966 Paulo
1660 4890 1803 4943 Diac.
1828 4890 1926 4966 lib.

345 4959 423 5035 iv,
453 4982 574 5031 cap.
599 4963 688 5028 54,
706 4969 1083 5035 memoratum,
1101 4959 1479 5029 interpretatur
1503 4960 1796 5015 Alteserra.
1823 4959 1931 5016 Sed

345 5032 615 5107 repugnat
637 5044 933 5107 temporum
949 5032 1109 5107 ratio.

427 5119 451 5147 ο
476 5099 614 5173 Quid
633 5099 760 5161 vero
779 5102 1064 5159 Theodoro
1085 5099 1387 5170 contigerit,
1413 5099 1587 5157 disces
1608 5116 1674 5156 ex
1687 5099 1781 5157 lib.
1812 5115 1929 5169 vni,

346 5194 468 5288 mg.
483 5177 922 5323 Egiliocaliisque
944 5241 1306 5323 compluribus
1327 5240 1568 5323 Gregorii
1590 5240 1758 5323 nostri
1776 5241 1929 5307 locis,

347 5323 437 5378 eui
466 5331 519 5377 et
545 5321 632 5374 alii
660 5312 909 5372 auctores
955 5313 1323 5378 consentiunt,
1352 5312 1606 5367 discimus
1660 5312 1787 5366 olim
1818 5327 1934 5367 om-

349 5410 474 5449 nem
500 5392 763 5462 populum
781 5388 937 5443 simul
967 5383 1281 5462 cumClerd
1313 5382 1501 5462 diebus
1531 5383 1720 5436 saltem
1753 5383 1931 5462 [ξοωὶ-

350 5453 798 5519 ηἰεὶεέιΤεειίνίδ
831 5462 881 5511 in
908 5457 1188 5512 ecclesiam
1218 5453 1286 5508 ad
1312 5454 1602 5509 matutinas
1624 5454 1929 5523 persolven-

347 5537 445 5591 das
471 5533 755 5591 comenire
786 5530 1002 5583 solitum
1032 5526 1215 5581 fuisse.

425 5605 659 5667 °Corb.,
714 5601 943 5671 Sigona,
975 5612 1079 5671 quo
1124 5597 1339 5671 nomine
1378 5597 1679 5671 sequanam
1724 5599 1777 5650 in
1816 5605 1927 5651 vet.

346 5679 563 5746 scriptis
586 5666 903 5746 quandoque
916 5666 1139 5746 caprimi
1152 5683 1213 5720 ex
1234 5668 1353 5722 aliis
1373 5666 1533 5746 etiam
1550 5668 1924 5746 locjsconstat.

429 5737 556 5803 f'l)e
583 5737 682 5800 hac
716 5737 935 5797 basilica
961 5737 1067 5807 jam
1094 5738 1322 5792 diximus
1373 5739 1435 5791 ad
1469 5754 1587 5807 cap.
1619 5739 1650 5791 9
1675 5738 1829 5806 hujus
1860 5739 1925 5790 li-

350 5823 453 5889 bri,
480 5833 640 5891 quam
673 5814 887 5886 quidam
918 5808 1245 5863 recentiores
1267 5811 1333 5865 ab
1365 5809 1616 5866 hodierna
1634 5809 1922 5880 parochiali

632 5911 905 5973 Peraea.
952 5903 1184 5966 LXXI.

2026 3307 2127 3349 nos
2153 3290 2415 3347 secretius
2466 3286 2832 3344 conferantur.
2886 3287 2988 3343 Cui
3032 3288 3124 3344 ille
3170 3306 3184 3343 :
3232 3288 3391 3358 Veni,
3422 3290 3519 3359 ait,
3543 3306 3611 3347 ne

2027 3382 2238 3440 timeas.
2264 3383 2541 3453 ingressus
2595 3394 2718 3436 cum
2772 3393 2878 3435 uno
2926 3381 3219 3437 amicorum
3255 3395 3475 3438 suorum
3554 3389 3614 3438 ut

2027 3483 2143 3531 erat
2186 3474 2371 3529 loricae
2417 3472 2659 3541 pondere
2697 3481 3031 3542 aggravatus,
3068 3473 3211 3529 illico
3264 3472 3466 3530 amicus
3496 3475 3610 3542 ille,

2026 3575 2086 3624 ut
2107 3568 2315 3623 foveam
2343 3567 2517 3621 amnis
2542 3564 2731 3635 attigit,
2754 3566 2853 3620 sub
2877 3568 3028 3636 aquis
3044 3566 3323 3623 demersus
3344 3584 3608 3639 nusquam

2028 3660 2351 3730 comparuit.
2376 3658 2812 3716 Gnntchramnus
2860 3673 2989 3714 vero
3036 3675 3158 3714 cum
3203 3661 3612 3726 demergeretur

2032 3764 2195 3820 atque
2218 3762 2523 3823 portaretur
2549 3756 2617 3810 ab
2646 3754 2787 3809 unda
2813 3754 3005 3820 veloci,
3038 3769 3171 3808 unus
3198 3753 3265 3809 de
3293 3756 3608 3823 astantibus,

2028 3856 2273 3917 porrecta
2307 3846 2487 3901 manui
2519 3846 2637 3917 ejus
2667 3848 2839 3914 hasta,
2864 3862 2985 3902 eum
3036 3846 3203 3899 littori
3258 3846 3511 3900 reddidit.
3547 3847 3614 3901 Et

2030 3950 2157 3995 tunc
2185 3939 2345 3994 illatis
2365 3940 2464 3993 sibi
2489 3938 2763 4001 conviciis,
2792 3940 2904 4007 ipse
2925 3947 2978 3992 et
3009 3937 3327 3991 Mummolus
3347 3937 3614 3994 discesse-

2029 4041 2176 4087 runt.
2200 4031 2498 4086 Obsidente
2521 4045 2733 4100 quoque
2763 4030 3166 4087 Guntcbramno
3210 4031 3381 4101 ipsam
3423 4031 3611 4088 urbem

2031 4132 2155 4177 cum
2210 4124 2449 4177 exercitu
2504 4122 2901 4178 Cuntchramni
2946 4121 2977 4160 ιι
3028 4124 3194 4194 regis,
3225 4128 3463 4180 nuntiata
3491 4134 3615 4181 sunt

2031 4217 2150 4271 haec
2174 4216 2537 4272 Childeberto.
2570 4220 2640 4271 At
2670 4215 2763 4272 ille
2802 4219 2879 4271 ira
2905 4226 3222 4284 commotus,
3246 4231 3343 4273 cur
3365 4218 3479 4275 haec
3507 4234 3615 4275 non

2026 4307 2213 4379 jussus
2235 4316 2438 4378 ageret,
2465 4308 2788 4364 Gundullum
2835 4309 3081 4379 superius
3110 4308 3260 4381 (Cap.
3292 4310 3384 4383 11)
3413 4311 3614 4368 dictum

2033 4403 2160 4459 illuc
2186 4402 2404 4458 direxit.
2430 4400 2553 4470 Qui,
2598 4411 2773 4458 amota
2800 4399 3101 4470 obsidione,
3130 4402 3479 4460 Mummolum
3507 4406 3614 4462 Ar-

2032 4536 2261 4611 ecclesia
2294 4535 2467 4611 sancti
2478 4535 2751 4611 Laurentii
2782 4535 2946 4611 gratis
2964 4534 3292 4611 distinguere
3313 4538 3612 4611 voluerunt,

2037 4620 2091 4662 ut
2124 4608 2322 4663 invicte
2344 4607 2598 4676 probatur
2630 4607 2728 4662 lib.
2772 4623 2824 4661 IV
2872 4609 2937 4662 de
2966 4624 3025 4661 re
3060 4608 3431 4676 Diplomatica,
3463 4607 3612 4669 num.

2037 4680 2163 4746 Mt),
2195 4679 2453 4732 adversus
2481 4693 2575 4732 eos
2597 4680 2686 4745 qui
2740 4678 3013 4731 basilicam
3064 4680 3236 4733 sancti
3280 4679 3553 4735 Laurentii
3586 4700 3616 4739 a

2040 4751 2300 4819 Gregorio
2330 4757 2679 4803 memoratam
2704 4747 2975 4801 exstitisse
3002 4756 3190 4815 putant
3223 4764 3389 4818 prope
3436 4752 3613 4805 mino-

2038 4836 2152 4875 rem
2182 4829 2401 4890 p0ntem
2425 4820 2562 4873 haud
2594 4819 2779 4888 procul
2806 4834 2835 4871 a
2861 4820 3123 4887 Sequana.
3158 4819 3316 4875 Certe
3347 4822 3448 4874 etsi
3474 4824 3616 4875 nulla

2040 4892 2143 4945 alia
2195 4891 2347 4944 nobis
2380 4898 2731 4960 suppeterent
2775 4898 3084 4955 argumenta
3124 4900 3325 5012 Ipraeter
3366 4891 3615 4957 placitum

2043 4961 2370 5012 Childeberti
2394 4960 2480 5012 Ill.
2502 4962 2700 5012 editum
2725 4958 2817 5012 lib.
2850 4974 2899 5012 v1
2945 4960 3012 5012 de
3038 4974 3097 5012 re
3170 4960 3435 5012 iulomat..
3467 4976 3615 5012 num.

2043 4961 2370 5015 Childeberti
2394 4958 2700 5023 Ill,'editum
2725 4958 2817 5012 lib.
2850 4974 2899 5012 v1
2945 4960 3012 5014 de
3038 4974 3097 5013 re
3124 4958 3435 5027 Diplomat.,
3467 4976 3616 5016 num.

2040 5032 2132 5096 28,
2166 5031 2309 5084 nulla
2339 5039 2646 5098 superesset
2678 5032 2776 5082 hac
2806 5030 2855 5082 in
2898 5044 2958 5084 re
2999 5028 3322 5093 difﬁcultas;
3353 5032 3617 5098 siquidem

2044 5102 2114 5154 ibi
2146 5102 2280 5154 situs
2305 5100 2647 5154 basilicarum
2690 5098 2745 5152 S.
2781 5098 3052 5154 Laurentii
3107 5108 3162 5153 et
3191 5103 3357 5153 sancti
3410 5098 3618 5158 Martini

2042 5170 2320 5226 evidenter
2347 5171 2671 5225 declaratur.
2703 5168 2839 5235 Quin
2871 5180 2925 5224 et
2965 5185 3085 5224 cum
3116 5184 3181 5223 ex
3231 5170 3420 5224 eodem
3450 5173 3618 5240 diplo-

2041 5251 2185 5297 mate
2206 5249 2420 5296 constet
2450 5242 2726 5295 basilicam
2751 5241 2919 5295 sancti
2976 5240 3239 5306 Dionysii,
3275 5242 3361 5293 ubi
3408 5257 3617 5299 sacrum

2042 5312 2158 5381 ejus
2186 5326 2382 5377 corpus
2409 5312 2740 5380 quiescebat,
2774 5321 2899 5365 tunc
2929 5310 3185 5381 temporis
3238 5312 3289 5363 in
3324 5314 3441 5366 vico
3468 5328 3617 5371 extra

2042 5380 2229 5439 urbem
2260 5384 2619 5438 Parisiensem
2669 5382 2959 5444 exstitisse,
2992 5380 3094 5433 hoc
3140 5382 3255 5448 ipso
3302 5385 3352 5437 in
3386 5388 3500 5438 loco
3528 5389 3618 5442 ubi

2003 5455 2009 5461 ’
2043 5455 2204 5509 etiam
2234 5472 2374 5511 nunc
2406 5462 2625 5524 perstat,
2667 5452 2805 5521 quod
2837 5451 2999 5524 aliqui
3030 5453 3352 5524 recentiores
3381 5457 3617 5511 inliciari-

2042 5535 2148 5593 tur,
2168 5527 2347 5595 ipsum
2372 5522 2634 5593 integrum
2652 5538 2717 5576 ex
2730 5533 2946 5593 autogra
2954 5523 3057 5591 pho
3080 5522 3402 5595 Dionysiano
3416 5530 3618 5584 referre

2038 5598 2209 5651 visum
2243 5607 2325 5650 est
2356 5600 2406 5649 in
2432 5596 2761 5663 Appendice.

2110 5679 2134 5717 s
2159 5667 2290 5722 Cod.
2315 5667 2503 5731 Corb.,
2530 5680 2593 5717 ea:
2619 5664 2712 5716 hoc
2734 5666 2894 5719 alveo.

2109 5737 2137 5774 ιι
2174 5738 2415 5793 Valesius
2438 5733 2717 5804 legendum
2747 5735 3275 5793 censetC/zildeberti.
3306 5736 3371 5791 Et
3400 5733 3613 5802 quidem

2035 5811 2267 5867 Arverni
2292 5818 2346 5865 et
2369 5806 2572 5865 Vellavi
2602 5805 3254 5880 Childeberto.parebant.

3180 5904 3256 5965 13
