4096 6344
507 284 614 340 595

1500 276 1554 328 S.
1601 271 1926 327 CREGORII
1973 268 2277 326 EPISCOI’I
2319 265 2754 324 TURONENSIS

3680 267 3785 322 ὅτις

504 398 683 454 vernis
698 393 919 451 adduxit
945 408 962 449 :
987 392 1080 448 sed
1111 398 1232 461 post
1259 401 1453 458 paucos
1495 386 1610 442 dies
1642 388 1968 440 Avenionem
1997 400 2079 439 re-
2108 387 2159 446 Α
2188 383 2379 454 puellae
2407 382 2626 438 Michael
2672 381 2890 454 angelus
2918 381 3177 451 suscepit,
3201 388 3255 437 et
3275 381 3392 452 ipse
3419 395 3538 436 eam
3570 381 3638 434 ad
3671 396 3785 437 cu:-

541 506 724 548 I'OSSIJS
752 499 855 546 est.

505 510 724 565 gressus
752 510 855 546 esu

580 581 792 640 XXVII.
823 579 1156 647 Chilpericus
1180 591 1270 630 rex
1304 574 1461 648 301
1494 573 1668 643 pridie
1693 586 1849 644 quam
1884 569 2085 626 Pascha

505 679 889 739 celebraretur,
915 672 1145 728 Parisios
1171 669 1321 723 abiit.
1357 669 1419 722 Et
1450 677 1505 720 ut
1537 664 1844 730 maledicto,
1867 661 2006 731 quod
2032 662 2084 716 in

505 771 750 840 pactione.
777 781 868 820 sua
891 771 946 820 et
973 763 1193 817 fratrum
1223 774 1441 813 suorum
1473 756 1832 826 conscriptum
1862 762 1997 818 erat,
2027 762 2087 806 ut

504 863 680 918 nullus
709 874 898 916 eorum
927 855 1160 914 Parisios
1192 854 1307 908 sine
1356 854 1574 906 alterius
1603 849 1869 903 voluntate
1911 847 2086 914 ingre-

503 957 720 1012 deretur
772 951 866 1018 (V.
892 950 981 1008 lib.
1005 964 1101 1014 vu,
1133 965 1179 1002 c.
1230 945 1310 1017 6),
1360 959 1545 999 carere
1597 951 1798 1012 posset,
1843 937 2084 1007 reliquiis

455 1073 458 1076 ·
501 1057 804 1105 sanctorum
821 1044 1110 1098 multorum
1133 1036 1577 1109 prmeedentibus,
1601 1034 1789 1088 urbem
1814 1032 2086 1099 ingressus

501 1151 626 1211 est;
649 1141 870 1210 diesque
893 1136 1115 1193 Paschze
1165 1147 1287 1187 cum
1318 1129 1485 1185 multa
1529 1125 1862 1198 joeunditate
1893 1123 2080 1187 tenuit,

501 1239 773 1306 filiumque
795 1245 949 1286 suum
1003 1225 1267 1295 baptismo
1299 1221 1534 1280 tradidit.
1577 1233 1732 1289 quem
1781 1216 2085 1284 Ragnemo—

498 1331 596 1387 dus
626 1328 793 1400 ipsius
818 1323 964 1379 urbis
995 1320 1245 1374 sacerdos
1274 1316 1338 1371 de
1367 1317 1578 1370 lavacro
1608 1320 1794 1367 sancto
1823 1307 2081 1377 suscepit,

496 1425 776 1493 ipsumque
816 1412 1208 1470 Theodericum
1241 1409 1458 1463 vocitari
1489 1405 1762 1474 praecepit.

568 1506 805 1565 XXVIII.
830 1505 1038 1559 Marcus
1065 1514 1275 1570 quoque
1299 1497 1713 1558 referendarius,
1739 1492 1892 1562 cujus
1918 1504 2082 1559 supra

495 1603 841 1661 meminimus
885 1597 1003 1670 (lib.
1045 1611 1096 1660 v,
1131 1611 1244 1664 cap.
1279 1592 1395 1659 9.9),
1447 1600 1565 1660 post
1613 1593 1962 1657 congregatos
2013 1582 2082 1637 de

492 1696 688 1765 iniquis
735 1686 1185 1757 descriptionibus
1227 1683 1506 1738 thesauros
1528 1723 1542 1747 ,
1568 1680 1744 1734 subito
1774 1678 1954 1732 lateris
1985 1677 2081 1732 do-

2193 476 2273 531 los
2302 476 2501 532 evehit.
2537 475 2792 547 Princeps
2819 491 2946 532 vero
2974 487 3177 540 noster,
3204 491 3360 546 quem
3392 491 3486 532 vos
3508 473 3783 532 diabolum

2190 569 2477 624 nominatis
2523 569 2656 624 nihil
2688 569 2740 623 in
2771 583 2833 624 ea
2881 569 3249 640 partieipatur.
3277 569 3402 624 Post
3422 567 3539 623 haec
3580 583 3784 638 eurpus

2188 661 2339 731 aquis
2394 662 2631 716 ablutum
2665 662 2734 716 ita
2781 661 2805 697 ἀ
2850 662 3084 718 candore
3139 662 3297 716 niveo
3350 661 3672 734 refulgebat,
3735 672 3784 718 ιι

2190 756 2398 810 nullum
2470 756 2691 810 linteum
2774 758 3011 826 reperire
3073 756 3343 812 abbatissa
3421 755 3686 825 potuisset
3725 757 3779 811 iu

2193 857 2464 919 promptu,
2489 847 2630 918 quod
2661 861 2886 918 corpore
2908 846 3187 903 candidius
3213 856 3526 906 cerneretur
3548 889 3564 912 ,
3592 847 3783 907 induta

2190 951 2364 998 tamen
2387 942 2566 998 linteis
2599 941 2833 1006 mundis,
2860 942 3148 1012 sepulturae.
3189 943 3436 1000 mandata
3485 952 3588 998 est.
3641 943 3779 997 Nam

2187 1042 2242 1087 et
2295 1034 2399 1087 alia
2437 1033 2613 1102 puella
2647 1032 2806 1104 hujus
2855 1034 3164 1090 monasterii
3211 1035 3380 1090 visum
3412 1034 3586 1100 vidit,
3632 1035 3780 1102 quod

2185 1123 2458 1179 sororibus
2491 1123 2692 1178 retulit.
2746 1123 2990 1189 Putabat,
3039 1125 3255 1194 inquit,
3299 1140 3357 1180 se
3405 1125 3512 1182 iter
3559 1123 3781 1193 aliquod

2186 1215 2452 1270 coniicere
2475 1255 2489 1280 ,
2523 1224 2576 1270 et
2599 1224 2716 1270 erat
2740 1217 2788 1270 ei
2822 1226 3001 1270 votum
3034 1223 3092 1270 ut
3121 1218 3188 1271 ad
3220 1217 3420 1274 fontem
3450 1217 3627 1272 vivum
3651 1232 3778 1285 gra-

2184 1305 2336 1360 diens
2365 1306 2700 1376 perveniret.
2735 1307 2973 1378 Cumque
3003 1309 3139 1362 viam
3165 1309 3418 1377 nesciret,
3451 1309 3533 1364 vir
3562 1311 3778 1379 quidam

2185 1413 2243 1454 se
2272 1398 2486 1453 obviam
2516 1400 2727 1469 obtulit,
2755 1401 2939 1455 dicens
2967 1417 2981 1454 :
3014 1403 3066 1456 Si
3096 1443 3110 1467 ,
3135 1403 3342 1471 inquit,
3369 1404 3449 1465 vis
3478 1405 3544 1460 ad
3577 1406 3776 1459 fontem

2183 1494 2364 1548 vivum
2388 1494 2648 1548 accedere
2672 1534 2688 1559 ,
2721 1509 2820 1562 ego
2843 1509 2936 1547 ero
2964 1495 3193 1563 praevius
3221 1494 3431 1552 itineris
3461 1497 3561 1552 tui.
3589 1499 3658 1551 At
3690 1498 3778 1553 illa

2183 1587 2379 1655 gratias
2407 1600 2592 1658 agens,
2621 1586 2942 1656 sequebatur
2970 1587 3382 1654 pr.ecedentem.
3428 1587 3636 1654 Quibus
3664 1604 3776 1640 am-

2182 1675 2490 1732 bulantibus
2525 1720 2538 1746 ,
2575 1686 2934 1744 pervenerunt
2971 1677 3035 1732 ad
3070 1678 3270 1733 fontem
3300 1694 3547 1750 magnum
3576 1721 3592 1746 ,
3626 1681 3778 1750 cujus

494 1788 610 1842 lore
633 1785 884 1838 detentus
909 1820 923 1842 ,
977 1787 1136 1848 caput
1180 1775 1450 1840 totondit,
1501 1782 1659 1841 atque
1711 1770 2078 1840 paenitentiam
2111 1784 2161 1845 Β
2189 1786 2341 1842 aquae
2371 1781 2626 1840 tanquam
2657 1785 2847 1824 aurum
2879 1769 3234 1838 splendebant
3263 1779 3286 1807 ο
3314 1813 3328 1836 ,
3362 1771 3543 1826 herbae
3570 1786 3702 1826 vero
3726 1773 3778 1827 in

487 1882 756 1950 accipiens
778 1886 804 1914 ι
827 1874 1072 1946 spiritum
1104 1870 1397 1934 exhalavit,
1440 1882 1633 1937 resque
1661 1867 1778 1934 ejus
1811 1865 1940 1919 ﬁsco
1967 1867 2078 1919 col-

489 1977 612 2030 lata:
657 1979 819 2034 sunt;
849 1983 970 2023 nam
1002 1962 1182 2035 magni
1205 1961 1402 2016 ibidem
1452 1957 1692 2014 thesauri
1717 1972 1782 2013 ex
1814 1971 1944 2010 auro
1993 1973 2079 2009 ar-

489 2074 774 2137 gentoque,
801 2070 855 2116 et
879 2057 1163 2113 multarum
1197 2054 1497 2123 specierum
1544 2049 1744 2120 reperti
1773 2057 1918 2113 sunt,
1945 2048 2075 2102 nihil

485 2162 677 2220 exinde
699 2173 881 2216 secum
904 2156 1046 2211 aliud
1074 2162 1311 2224 portans,
1333 2150 1430 2204 nisi
1461 2148 1654 2203 animae
1673 2146 2072 2201 detrimentum.

557 2251 753 2311 XXIX.
795 2249 980 2322 Legati
1011 2248 1077 2302 de
1106 2244 1376 2315 Ilispaniis
1407 2241 1610 2296 reversi
1659 2237 1790 2292 nihil
1833 2236 1964 2292 certi
1993 2249 2078 2290 re-

487 2350 918 2412 nuntiaverunt,
960 2358 1025 2398 eo
1056 2340 1196 2410 quod
1251 2335 1631 2393 Leuvicbildus
1681 2341 1867 2387 contra
1909 2331 2073 2384 lilium

486 2432 643 2498 suum
669 2441 939 2498 seniorem
992 2437 1046 2490 in
1086 2434 1321 2490 exercitu
1366 2430 1649 2486 resideret.
1699 2428 1755 2481 In
1805 2434 2075 2480 monaste-

482 2537 566 2589 rio
594 2532 621 2570 δ
653 2539 832 2586 autem
862 2531 1034 2584 beatre
1063 2524 1425 2593 Badegundis,
1468 2520 1643 2590 puella
1671 2517 1947 2588 quzcdam,
1979 2530 2074 2570 no-

485 2626 631 2681 mine
659 2623 889 2678 Disciola
922 2631 970 2685 ο,
1001 2634 1118 2690 quae
1145 2617 1281 2672 beati
1312 2615 1476 2672 Salvii
1506 2612 1810 2681 Albigensis
1831 2605 2074 2678 episcopi

479 2721 656 2790 neptis
679 2724 815 2782 erat,
844 2712 978 2768 obiit
1001 2713 1103 2765 hoc
1130 2709 1308 2765 modo.
1340 2705 1471 2762 Cum
1516 2714 1774 2774 aegrotare
1797 2702 2070 2770 coepisset,

479 2824 534 2870 et
561 2814 608 2868 ei
632 2810 844 2865 assidue
874 2819 1090 2861 sorores
1119 2803 1238 2857 alia:
1269 2800 1625 2862 deservirent,
1661 2797 1810 2850 venit
1831 2796 1946 2849 dies
1981 2793 2072 2848 ille

480 2922 586 2977 quo
614 2904 870 2973 migraret
902 2912 932 2952 a
961 2910 1188 2966 corpore
1215 2911 1230 2959 ;
1257 2903 1311 2948 et
1363 2892 1510 2946 circa
1554 2889 1741 2944 horam
1773 2901 1968 2940 nonam
1999 2886 2073 2939 ait

482 2997 755 3054 sororibus
783 3012 794 3046 :
827 2993 966 3047 Ecce
991 2990 1103 3060 jam
1134 2987 1387 3043 leviorem
1419 2998 1505 3038 me
1543 2981 1717 3036 sentio
1743 2997 1758 3046 ;
1787 2992 1915 3034 ecce
1939 2977 2071 3032 nihil

477 3091 653 3147 doleo.
681 3087 831 3142 Nunc
853 3095 1028 3140 autem
1060 3096 1163 3135 non
1203 3087 1285 3135 est
1315 3090 1537 3133 necesse
1584 3074 1929 3130 sollicitudini
1981 3087 2070 3126 ve-

2184 1867 2401 1919 modum
2433 1863 2765 1919 diversarum
2791 1878 3119 1933 gemmarum
3166 1874 3424 1920 vernante
3452 1860 3569 1919 lueé
3602 1855 3777 1920 radiaé

2181 1957 2329 2012 bant.
2370 1960 2434 2011 lit
2460 1935 2533 2010 aii
2566 1958 2646 2011 vir
2678 1957 2744 2010 ad
2775 1973 2891 2012 eam
2925 1973 2937 2010 :
2966 1957 3102 2012 Ecce
3131 1955 3329 2012 fontem
3361 1958 3540 2012 vivum
3565 1999 3582 2024 ,
3615 1974 3775 2027 quem

2182 2053 2352 2107 multo
2377 2053 2559 2108 labore
2590 2053 2849 2122 quaesisti.
2885 2053 3095 2107 Saliare
3127 2067 3261 2107 nunc
3293 2052 3361 2107 ab
3389 2053 3510 2122 ejus
3531 2052 3770 2122 liuentis,

2179 2153 2239 2198 ut
2269 2144 2358 2198 ﬁat
2389 2145 2478 2198 tibi
2510 2145 2624 2198 lous
2669 2160 2822 2214 aquae
2854 2143 2990 2198 viva:
3031 2145 3272 2200 salientis
3300 2147 3350 2200 in
3409 2147 3574 2204 vitam
3617 2155 3777 2202 aeter-

2181 2253 2328 2292 nam.
2356 2237 2597 2308 Cumque
2642 2237 2729 2291 illa
2764 2237 2920 2291 avide
2944 2252 3006 2292 ex
3051 2237 3132 2290 his
3169 2239 3319 2307 aquis
3350 2237 3620 2306 hauriret,
3648 2255 3776 2296 ecce

2181 2329 2246 2383 ab
2277 2329 2377 2382 alia
2406 2339 2556 2398 parte
2589 2329 2835 2383 veniebat
2857 2329 3149 2394 abbatissa,
3179 2338 3236 2385 et
3263 2330 3588 2386 denudatam
3621 2335 3774 2402 puel-

2182 2423 2285 2476 lam
2320 2422 2491 2476 i'hduit
2513 2437 2628 2474 eam
2656 2430 2806 2476 veste
2835 2421 3003 2491 regia;
3035 2437 3152 2490 qua:
3179 2430 3321 2475 tanta
3343 2422 3484 2492 luce,
3508 2438 3773 2495 auroque,

2179 2526 2233 2571 et
2254 2515 2538 2570 monilibus
2562 2514 2883 2584 refulgebat,
2913 2521 2967 2568 ut
2990 2515 3075 2568 vix
3100 2524 3279 2583 posset
3301 2515 3534 2584 intendi,
3560 2516 3773 2574 dicente

2178 2609 2280 2664 sibi
2325 2609 2591 2663 abbatissa
2627 2625 2640 2662 :
2687 2609 2926 2676 Sponsus
2953 2608 3096 2664 enim
3132 2617 3254 2663 tuus
3297 2609 3464 2666 mittit
3513 2611 3607 2667 tibi
3659 2614 3772 2668 haec

2177 2717 2420 2757 munera.
2473 2703 2599 2756 llaec
2643 2716 2760 2755 cum
2808 2701 2986 2770 puella
3029 2702 3292 2768 vidisset,
3331 2715 3651 2773 compuncta
3690 2715 3772 2762 est

2179 2795 2358 2857 corde,
2396 2806 2448 2848 et
2481 2793 2638 2864 303
2671 2803 2787 2861 post
2812 2793 2928 2848 dies
2952 2809 3147 2864 paucos
3179 2795 3384 2863 rogavit
3414 2797 3762 2865 abbatissam,

2175 2896 2237 2941 ut
2263 2887 2361 2940 sibi
2389 2887 2438 2939 in
2469 2902 2569 2957 qua
2602 2885 2965 2940 includeretur
2994 2886 3239 2941 cellulam
3265 2900 3607 2957 praepararet.
3640 2892 3711 2945 At
3742 2888 3760 2927 ί

2180 2979 2267 3033 illa
2302 2978 2551 3032 velociter
2583 2977 2813 3046 perfecta
2841 3019 2854 3042 ,
2882 2979 2956 3032 ait
2987 2996 2999 3031 :
3027 2979 3163 3032 Ecce
3185 3021 3200 3046 ,
3250 2982 3453 3050 inquit,
3485 2981 3766 3047 cellulam;

2179 3071 2306 3142 quid
2337 3087 2474 3127 nunc
2503 3071 2821 3126 desideras?
2851 3071 3032 3126 Puella
3084 3087 3210 3126 vero
3241 3071 3393 3140 petiit
3424 3115 3438 3139 ,
3481 3082 3539 3126 ut
3563 3074 3767 3129 recludi

476 3192 623 3250 strre,
656 3192 713 3236 ut
735 3178 864 3233 mihi
915 3191 1056 3231 curae
1106 3173 1302 3243 aliquid
1359 3168 1676 3239 impendatis
1700 3212 1713 3236 ,
1767 3169 1858 3222 sed
1894 3167 2068 3235 potius
2096 3164 2146 3230 ο
2176 3165 2594 3232 permitteretur.
2649 3163 2799 3230 Quod
2831 3180 2953 3216 eum
2993 3164 3038 3218 ci
3075 3165 3372 3233 praestitum
3415 3165 3620 3233 fuisset,
3643 3182 3768 3221 con.

477 3275 779 3331 disceditea
818 3287 923 3338 me,
958 3283 1065 3338 quo
1091 3266 1299 3321 facilius
1329 3263 1509 3331 sopori
1549 3262 1780 3316 relaxer.
1816 3261 1939 3313 Haec
1967 3274 2065 3311 au-

479 3370 691 3420 dientes
736 3376 948 3416 sorores
1001 3359 1137 3427 ejus,
1181 3365 1522 3411 recesserunt
1573 3366 1859 3422 parumper
1903 3367 1930 3402 a
1961 3352 2067 3404 rel-

477 3460 612 3520 lula,
646 3466 696 3508 et
727 3463 848 3523 post
887 3450 1157 3516 paululum
1185 3449 1539 3501 advenerunt.
1589 3445 1826 3513 Denique
1875 3444 2064 3498 stanti-

476 3551 577 3607 bus
608 3546 716 3602 illis
738 3559 918 3599 coram
948 3558 1044 3605 ea,
1072 3540 1456 3608 exspectabant
1488 3537 1614 3608 quid
1648 3537 1714 3591 ab
1744 3537 1832 3591 illa
1888 3537 2068 3590 elocu-

477 3641 636 3700 tionis
665 3638 927 3693 audirent.
961 3636 1077 3703 Ijsa
1121 3642 1298 3688 autem
1331 3632 1579 3700 expansis
1617 3631 1859 3693 manibus
1905 3630 2072 3686 benc-

478 3731 763 3788 dictionem
797 3745 823 3782 a
851 3726 1032 3782 nescio
1059 3740 1160 3796 quo
1206 3724 1522 3794 efﬂagitans,
1558 3725 1633 3779 ait
1656 3735 1671 3778 ξ
1698 3723 1952 3802 Benedic,
1981 3724 2063 3776 in-

481 3827 615 3894 quit,
645 3824 796 3888 mihi,
822 3830 1005 3876 sancte
1032 3835 1092 3874 ac
1125 3818 1324 3873 famnle
1368 3819 1460 3872 Dei
1489 3818 1711 3874 excelsi.
1751 3817 1887 3872 Ecce
1921 3818 2064 3872 enim

475 3920 584 3988 jam
601 3918 755 3972 tertio
773 3915 1008 3985 fatigaris
1025 3914 1181 3966 hodie
1196 3914 1298 3968 mei
1321 3928 1499 3966 causa.
1519 3911 1721 3983 Etcur,
1741 3921 1949 3974 sancte,
1971 3928 2064 3979 pro

476 4011 688 4065 infirma
744 4008 1058 4063 muliercula
1104 4005 1320 4061 crebras
1351 4005 1574 4074 injurias
1603 4001 1838 4060 sustines
1859 4006 1880 4057 ‘l
1902 4006 2064 4076 302

474 4097 930 4172 [interrogantibus
969 4113 1098 4152 vero
1126 4098 1230 4150 illis
1262 4139 1276 4164 ,
1309 4097 1371 4149 ad
1402 4112 1559 4164 quem
1610 4097 1723 4151 hzcc
1750 4096 1911 4150 verba
1943 4112 2063 4164 pro-

474 4195 660 4258 ferret,
694 4194 906 4259 penitus
938 4206 1039 4245 non
1073 4199 1159 4244 est
1188 4188 1364 4244 elltta.
1395 4189 1547 4242 Tunc
1579 4191 1716 4242 tacto
1745 4189 1954 4242 modico
1984 4190 2065 4242 in-

482 4287 734 4352 tervallo,
763 4285 940 4338 emisit
966 4299 1148 4335 vocem
1175 4296 1418 4351 magnam
1453 4295 1572 4334 cum
1597 4280 1728 4343 risu,
1757 4290 1810 4334 et
1839 4284 1912 4334 sic
1959 4291 2066 4335 tra-

476 4379 615 4436 didit
655 4377 921 4447 spiritum.
979 4375 1038 4428 EI
1073 4390 1201 4429 erce
1247 4375 1459 4441 quidam
1513 4389 1926 4442 energnnn-nus,
1974 4391 2063 4449 qui

478 4482 603 4526 tunc
627 4471 693 4525 ad
726 4471 897 4524 beatae
926 4467 1110 4523 Crucis
1136 4467 1359 4537 gloriam
1385 4468 1721 4522 mundandus
1750 4468 2058 4534 advenerat,

2167 3256 2398 3326 gregalis
2424 3256 2714 3325 virginibus
2763 3271 2882 3310 cum
2937 3272 3127 3326 magno
3155 3258 3432 3324 psallentio
3461 3303 3474 3324 ,
3516 3262 3760 3316 accensis

2168 3347 2523 3417 lampadibus,
2560 3358 2776 3403 tenente
2806 3348 2905 3403 sibi
2933 3359 3103 3418 _neata
3151 3347 3482 3420 Radegunde
3530 3367 3764 3422 manum,

2170 3441 2234 3494 ad
2268 3441 2441 3494 locum
2475 3456 2646 3506 usque
2689 3441 3015 3510 perducitur.
3048 3442 3115 3495 Et
3144 3444 3220 3496 sic
3253 3445 3368 3497 vale
3414 3444 3619 3499 faciens
3650 3461 3762 3500 om-

2169 3535 2344 3598 nibus,
2394 3545 2447 3588 et
2491 3538 2743 3589 osculans
2801 3536 3039 3605 singulas
3088 3550 3354 3606 quasque,
3403 3547 3616 3592 reclusa
3663 3548 3761 3594 est.

2169 3629 2561 3704 Obstructoque
2608 3628 2754 3683 aditu
2805 3644 2900 3699 per
2947 3643 3104 3700 quem
3162 3631 3398 3701 ingressa
3451 3632 3642 3704 fuerat,
3683 3633 3762 3692 .ibi

2170 3737 2309 3775 nunc
2337 3722 2561 3774 orationi
2593 3736 2654 3776 ac
2685 3721 2896 3776 lectioni
2928 3730 3098 3774 vacat.

2244 3825 2409 3901 XXX.
2455 3827 2568 3881 IIoc
2605 3841 2747 3880 anno
2797 3825 3043 3880 Tiberius
3091 3827 3384 3895 imperator
3435 3827 3682 3898 migravit
3728 3844 3755 3885 a

2168 3920 2385 3983 smeulo,
2421 3933 2671 3987 magnum
2697 3919 2897 3972 luctum
2929 3919 3236 3987 relinquens
3267 3919 3476 3987 populis
3517 3927 3587 3974 de
3613 3921 3756 3976 obitu

2169 4024 2284 4064 suo.
2321 4009 2448 4063 Erat
2487 4012 2633 4064 enim
2689 4025 2913 4064 summa:
2969 4010 3246 4076 bonitatis,
3303 4011 3354 4065 in
3403 4012 3758 4083 eleemosynis

2168 4112 2448 4172 promptus
2473 4142 2487 4167 ,
2516 4102 2567 4154 iu
2612 4100 2828 4171 judiciis
2851 4104 3052 4173 justus,
3084 4104 3136 4156 in
3176 4103 3471 4172 judicando
3509 4107 3758 4162 cautissi-

2168 4211 2286 4250 mus
2313 4237 2328 4262 ,
2353 4196 2554 4249 nullum
2579 4195 2904 4264 despiciens,
2951 4195 3045 4252 sed
3073 4212 3262 4251 omnes
3289 4199 3344 4252 in
3375 4199 3514 4254 bona
3564 4200 3756 4255 volun-

2168 4295 2276 4341 tate
2305 4288 2704 4356 compleetens;
2737 4303 2926 4342 omnes
2955 4289 3201 4358 diligens,
3233 4291 3346 4358 ipse
3388 4306 3604 4362 quoque
3638 4293 3758 4346 dili-

2168 4379 2390 4448 gebatur
2416 4378 2483 4433 ab
2507 4378 2776 4432 oniuibus.
2812 4379 2906 4433 llic
2935 4396 3053 4434 eum
3095 4392 3358 4450 aegrotare
3399 4383 3674 4452 cmpisset,
3704 4395 3757 4439 et

2167 4488 2226 4526 se
2245 4474 2351 4541 jam
2384 4473 2563 4527 vivere
2585 4472 2920 4540 desperaret,
2945 4476 3148 4526 vocavit
3174 4476 3428 4542 SOphiam
3453 4486 3751 4544 augustam,

478 4574 688 4635 arrepta
719 4565 962 4618 manibus
995 4563 1217 4615 cmsarie
1245 4603 1257 4624 ,
1285 4562 1482 4615 collisit
1521 4577 1581 4617 se
1611 4563 1662 4616 in
1710 4572 1929 4629 terram,
1979 4565 2060 4619 di-
2089 4563 2138 4623 D
2167 4563 2347 4616 dicens
2374 4579 2386 4616 :
2416 4561 2554 4615 Ecce
2577 4562 2688 4630 jam
2719 4561 2993 4630 impletum
3018 4565 3192 4618 sentio
3217 4573 3425 4634 tempus
3456 4567 3580 4619 vita:
3603 4580 3753 4630 meae;

473 4674 602 4714 cens
632 4675 643 4710 :
684 4656 832 4711 Heu!
861 4655 1001 4710 heu!
1047 4654 1148 4708 heu
1179 4654 1350 4719 nobis,
1385 4655 1473 4723 qui
1516 4655 1618 4711 tale
1662 4656 1912 4710 datnnum
1942 4673 2062 4725 per-

474 4754 616 4823 pessi
642 4751 857 4806 sumus!
892 4749 976 4804 vel
1017 4749 1253 4804 licuisset
1285 4747 1431 4816 prius
1461 4764 1648 4804 causas
1681 4751 1974 4818 inrpiirere,
2009 4761 2062 4807 et

473 4847 551 4901 sic
584 4846 651 4900 de
683 4851 947 4914 potestate
996 4850 1174 4897 nostra
1222 4839 1408 4894 luisset
1459 4841 1631 4895 ablata
1678 4843 1792 4896 h'ec
1841 4845 2054 4897 anima!

477 4938 870 5010 Inquirentibus
901 4949 1029 4990 vero
1060 4933 1141 4989 his
1171 4936 1260 5004 qui
1306 4934 1544 5001 aderant,
1577 4936 1717 5005 quod
1770 4947 1913 4991 esset
1959 4939 2060 4992 hoc

481 5029 695 5086 verbum
725 5027 866 5100 quod
895 5026 1209 5096 loquebatur
1236 5067 1250 5092 ,
1283 5027 1556 5093 respondit
1588 5042 1602 5081 :
1635 5026 1772 5084 Ecce
1820 5028 2056 5094 animam

546 5175 572 5202 εί
598 5165 665 5220 Ili
703 5162 1000 5218 monastica
1031 5169 1176 5217 veste
1221 5160 1402 5215 donati
1455 5163 1506 5216 in
1535 5162 1791 5217 extremis
1831 5165 2055 5232 appella-

472 5235 666 5288 bantur
691 5234 937 5288 monachi
983 5232 1046 5287 ad
1068 5233 1509 5287 succurrendum.
1545 5233 1871 5288 Pmnitentes
1926 5237 2056 5288 olim

475 5306 529 5358 in
561 5304 731 5361 Gallia
762 5314 946 5360 tonsus
993 5305 1153 5358 fuisse
1182 5313 1328 5372 patet
1347 5320 1412 5359 ex
1441 5319 1561 5358 can.
1599 5305 1663 5357 12
1705 5305 1900 5360 concil.
1925 5310 2057 5372 Aga-

451 5375 826 5499 theusisﬁetc.
870 5375 1001 5430 Vide
1050 5376 1321 5430 Sirmond.
1358 5377 1411 5428 in
1460 5375 1555 5429 lib.
1607 5391 1656 5429 tv
1702 5377 2050 5445 Apollinaris,

473 5457 629 5499 cDIst.
735 5484 751 5499 .

473 5447 629 5514 epist.
661 5447 751 5500 Si.

537 5522 561 5559 ιι
617 5517 771 5584 Apud
816 5516 1062 5572 Pictavos
1107 5529 1304 5574 saneta:
1358 5517 1518 5574 Cruci
1568 5528 1857 5586 sacratum,
1912 5520 2053 5589 quod

465 5604 605 5661 nunc
625 5590 788 5644 etiam
819 5597 1016 5656 perstat
1067 5590 1166 5644 sub
1196 5589 1400 5659 Regula
1421 5589 1476 5646 S.
1521 5589 1815 5652 Benedicti,
1851 5590 1916 5648 de
1947 5608 2054 5661 quo

465 5659 684 5715 inferius
713 5663 890 5732 plura.
1021 5717 1037 5732 _

540 5743 561 5770 ο
595 5732 782 5795 Colb.,
833 5731 1164 5803 Disrila;_uti
1207 5741 1390 5788 saneta
1443 5734 1635 5790 colitur
1686 5749 1804 5789 cum
1852 5739 2054 5803 Agnete

465 5803 728 5861 abbatissa
774 5820 834 5861 ιιι
865 5805 984 5860 ldus
1035 5800 1220 5856 Maias.
1272 5803 1503 5862 llabetur
1536 5807 1588 5859 in
1621 5806 1843 5861 Latiuiis
1893 5800 2060 5863 Pictu-

2172 4671 2310 4709 nunc
2340 4668 2459 4708 cum
2485 4655 2710 4709 consilio
2734 4664 2823 4709 tuo
2852 4656 3064 4726 eligam,
3093 4658 3184 4727 qui
3213 4657 3525 4726 reipubliczn
3555 4673 3750 4728 βιωθε-

2170 4765 2226 4804 se
2267 4749 2476 4804 debeat.
2509 4750 2735 4816 Oportet
2761 4752 2904 4804 enim
2945 4765 3221 4805 Strenuum
3247 4752 3396 4823 eligi,
3428 4754 3519 4821 qui
3551 4768 3647 4820 pro
3671 4767 3754 4808 me

2166 4842 2237 4896 sit
2260 4840 2381 4896 huic
2406 4841 2654 4907 potestati
2689 4851 2739 4896 Β.
2766 4845 2836 4896 At
2870 4843 2956 4896 illa
2997 4843 3305 4897 Mauricinm
3330 4845 3616 4916 quemdam
3647 4845 3752 4902 ele-

2166 4937 2257 5004 git,
2291 4936 2474 4989 dicens
2506 4953 2515 4986 :
2553 4933 2722 4990 Valde
2775 4947 3025 4992 strenuus
3053 4946 3108 4992 et
3158 4953 3319 5007 sagax
3366 4946 3448 4992 est
3488 4938 3569 4992 vir
3612 4938 3748 5004 iste;

2166 5045 2287 5083 nam
2316 5037 2369 5084 et
2394 5030 2588 5098 saepius
2619 5039 2804 5083 contra
2834 5032 3079 5086 inimicos
3109 5031 3417 5100 reipublicae
3446 5029 3706 5087 dimicans
3729 5068 3745 5098 ,

2163 5164 2324 5228 uicis,
2357 5179 2477 5232 qua:
2508 5162 2576 5217 ab
2605 5163 2834 5218 Ilenrico
2869 5164 3150 5219 Ludovico
3173 5162 3440 5219 Castanea
3468 5162 3636 5232 episc.
3668 5161 3750 5217 Pi-

2160 5236 2395 5304 ctaveusi
2427 5245 2551 5290 sunt
2573 5236 2818 5304 vulgataa.

2231 5303 2257 5342 ά
2285 5305 2472 5373 Corb.,
2518 5303 2704 5376 corpus
2733 5324 2762 5359 a
2800 5307 2983 5377 quibus
3007 5307 3240 5362 ablutum
3291 5315 3388 5374 est,
3419 5305 3644 5371 aiebant,
3683 5305 3752 5368 ita

2159 5377 2400 5441 candore,
2432 5389 2536 5433 etc.

2236 5461 2258 5484 ο
2286 5449 2476 5516 ldem.,
2502 5465 2702 5519 aqua...
2744 5450 3060 5518 splendebat.

2237 5519 2257 5558 τ
2293 5519 2502 5587 Βρςιιιη
2538 5518 2600 5572 At
2631 5519 2725 5572 illa
2754 5530 2808 5572 ut
2830 5532 3119 5590 rogaverat,
3152 5523 3391 5578 cellulam
3412 5518 3745 5591 praeparavit,

2161 5594 2302 5664 eique
2324 5607 2442 5664 iunio
2467 5592 2594 5650 dixit
2619 5607 2633 5642 :
2662 5591 2810 5664 Ecce,
2837 5601 2940 5647 etc.

2229 5674 2252 5710 8
2277 5665 2364 5719 Sic
2387 5663 2544 5736 Corb.
2577 5673 2633 5717 et
2657 5660 2810 5716 Colb.
2844 5679 2941 5728 m.;
2969 5674 3022 5736 at
3062 5665 3274 5736 l‘legm”
3306 5665 3415 5718 Non
3431 5665 3564 5717 enim
3587 5677 3741 5731 opor-

2160 5746 2224 5789 tet
2255 5733 2536 5808 providere,
2562 5735 2670 5808 qui_
2693 5741 2848 5786 tanta:
2871 5733 3169 5791 sublimitati
3197 5738 3413 5808 adjungi
3447 5736 3635 5805 dignus
3655 5736 3734 5786 sit.

2161 5808 2351 5874 Cameri
2379 5805 2631 5860 omittunt
2660 5804 2801 5860 hunc
2824 5819 3062 5862 versum.
