4096 6344
350 412 452 467 597

1284 411 1604 470 HISTORIA
1644 413 2084 469 FRANCORUM.
2127 414 2329 468 LIBER
2371 412 2657 471 SEXTUS.

3495 422 3597 478 598

345 527 597 584 victorias
647 527 894 582 obtinuit.
927 526 1048 582 Hice
1079 527 1222 581 enim
1253 525 1484 594 dicebat,
1519 536 1575 583 ut
1620 528 1724 583 isto
1752 537 1924 582 trans-
1953 528 2006 588 Α
2029 526 2186 582 risios
2216 531 2460 586 transire.
2517 529 2632 598 Quo
2667 539 2970 588 transeunte
2998 542 3053 588 et
3097 533 3209 605 ipse
3240 536 3469 602 transiit,
3517 549 3597 594 at-

345 631 526 687 eunte,
580 621 735 688 huius
769 621 1015 690 coujugio
1042 630 1362 676 necteretur.
1395 620 1499 677 Sed
1521 620 1764 675 Tiberius
1781 629 1928 690 post-

343 729 505 784 quam
535 728 853 769 consensum
875 713 1125 782 cognovit
1149 711 1401 783 Augustze
1424 711 1492 767 de
1523 711 1678 782 hujus
1703 711 1922 766 electio-

341 821 434 873 ne,
455 803 622 877 jussit
649 806 894 860 exornari
921 803 1082 858 tiliam
1133 818 1282 859 suam
1306 803 1640 858 ornamentis
1671 803 1924 872 imperia-

341 897 483 953 libus
515 939 531 966 ,
559 909 612 953 et
648 907 835 952 vocato
866 897 1142 962 Mauricio,
1170 897 1244 950 ait
1275 911 1290 949 :
1325 896 1462 950 Ecce
1507 909 1626 950 cum
1657 909 1923 950 consensu

341 990 561 1060 Sophim
591 999 826 1060 auguste
867 989 933 1043 ad
979 989 1259 1057 imperium
1311 988 1524 1061 eligeris
1569 1007 1580 1038 :
1617 989 1670 1042 in
1719 1002 1823 1058 quo
1865 995 1922 1040 ut

339 1084 545 1138 firmior
586 1083 677 1146 sis,
703 1083 866 1140 tiliam
919 1097 1091 1136 meam
1129 1081 1334 1135 tradam
1378 1081 1492 1136 tibi.
1527 1081 1591 1135 Et
1635 1081 1922 1136 accedente

339 1179 542 1248 puella,
565 1177 781 1232 tradidit
805 1191 922 1232 eam
948 1183 1097 1243 pater
1120 1173 1395 1242 Mauricio,
1443 1173 1624 1227 dicens
1663 1191 1675 1226 :
1705 1172 1787 1228 Sit
1829 1172 1919 1227 tibi

338 1271 619 1342 imperium
653 1285 831 1324 meum
873 1283 992 1324 cum
1023 1266 1122 1322 hac
1168 1266 1340 1336 puella
1385 1279 1719 1320 concessum.
1755 1263 1920 1321 Utere

337 1381 404 1422 eo
428 1364 537 1438 [ΑΙ.
563 1363 646 1437 ea]
700 1363 856 1432 felix,
897 1377 1207 1432 memorque
1239 1376 1452 1431 semper
1499 1369 1616 1416 esto
1647 1371 1703 1414 ut
1752 1361 1911 1429 aequi-

341 1465 450 1510 tate
471 1465 524 1512 et
543 1455 742 1525 justitia
761 1455 1066 1510 delecteris.
1099 1453 1260 1526 304
1275 1454 1345 1509 At
1365 1453 1456 1507 ille
1478 1460 1694 1521 accepta
1719 1452 1916 1520 puella,

336 1547 488 1603 duxit
517 1561 632 1601 eam
657 1546 722 1600 ad
751 1545 964 1600 domum
997 1561 1166 1608 suam,
1191 1555 1242 1599 et
1287 1552 1551 1598 transacta
1582 1542 1917 1596 solemnitate

339 1639 666 1708 nuptiarum,
692 1637 936 1693 Tiberius
962 1637 1112 1691 obiit.
1139 1635 1302 1707 lgitur
1328 1635 1598 1690 celebrato
1620 1634 1825 1704 justitio
1847 1643 1871 1672 ι
1900 1676 1914 1697 ,

334 1729 623 1786 Mauricius
652 1729 866 1783 indutus
911 1727 1211 1783 diademate
1239 1735 1294 1783 et
1333 1741 1586 1796 purpura.
1618 1726 1683 1780 ad
1712 1727 1913 1781 circum

332 1822 631 1890 processit;
663 1822 1078 1890 acclamatisque
1126 1819 1227 1874 sibi
1271 1819 1533 1886 laudibus,
1573 1819 1775 1889 largitis
1821 1834 1914 1889 po-

331 1917 458 1986 pulo
485 1914 811 1982 muneribus,
836 1915 888 1970 in
924 1914 1147 1983 itnperio
1179 1913 1548 1968 confirmatur.

403 2005 589 2062 XXXI.
626 2008 863 2078 Denique
913 2006 1245 2075 Chilpericus
1301 2020 1395 2060 rex
1445 2005 1650 2075 legatos
1698 2005 1906 2070 nepotis

334 2102 415 2156 sui
473 2100 798 2156 Childeberti
869 2099 1120 2169 suscepit,
1182 2100 1319 2152 inter
1368 2112 1502 2168 quos
1555 2097 1756 2166 primus
1794 2108 1908 2153 erat

332 2192 553 2265 Egidius
612 2194 928 2250 ilhemensis
960 2185 1296 2262 episcopus;
1347 2193 1536 2261 quibus
1582 2190 1909 2246 intromissis

329 2285 397 2338 ad
429 2300 626 2354 regem,
654 2286 772 2340 data
799 2285 1140 2353 suggestione
1165 2328 1179 2351 ,
1207 2285 1456 2339 dixerunt
1487 2301 1502 2339 :
1539 2285 1727 2339 Pacem
1749 2299 1906 2354 quam

330 2392 452 2432 eum
481 2377 697 2433 domino
725 2385 906 2433 nostro
930 2386 1119 2448 nepote
1150 2389 1238 2433 tuo
1264 2377 1432 2432 fecisti
1457 2419 1470 2442 ,
1496 2378 1626 2447 petit
1655 2393 1684 2430 a
1715 2386 1767 2433 te
1794 2392 1908 2431 om-

327 2470 557 2525 nimodis
605 2472 944 2537 conservari;
975 2487 1092 2525 cum
1123 2469 1287 2525 fratre
1313 2483 1441 2524 vero
1474 2479 1568 2524 tuo
1600 2483 1783 2538 pacem
1814 2469 1905 2522 ha-

328 2565 454 2617 bere
478 2578 583 2616 non
607 2570 801 2631 potest,
827 2562 946 2631 quia
971 2573 1174 2630 partem
1204 2561 1446 2616 Massiliae
1467 2560 1515 2616 ei
1542 2569 1658 2630 post
1680 2570 1901 2616 mortem

325 2653 541 2708 abs-tulit
569 2654 757 2721 patris,
794 2655 1110 2721 fugacesque
1139 2667 1265 2706 suos
1295 2653 1507 2718 retinet,
1541 2668 1640 2709 nec
1667 2668 1760 2709 eos
1790 2655 1904 2708 vult

325 2748 372 2800 ei
405 2747 701 2812 remittere;
756 2747 878 2801 ideo
903 2745 1274 2802 Childebertus
1302 2748 1479 2818 'nepos
1509 2759 1630 2804 tuus
1672 2749 1903 2803 cltarita-

326 2848 460 2903 tetn,
493 2852 651 2906 quam
684 2851 824 2892 nunc
852 2847 1024 2892 tecum
1049 2838 1264 2904 retinet,
1296 2838 1501 2908 integre
1530 2839 1642 2894 vult
1663 2853 1899 2894 servare.

327 2928 392 2982 Et
429 2927 517 2981 ille
551 2945 564 2979 :
610 2927 663 2980 lu
694 2927 892 2993 multis,
925 2927 1097 2994 inquit
1123 2969 1136 2993 ,
1164 2929 1332 2984 frater
1358 2943 1509 2984 meus
1534 2930 1759 2984 accessit
1789 2930 1902 2982 cul-

325 3020 533 3090 pabilis.
566 3019 694 3074 Nam
721 3021 765 3074 si
797 3019 1038 3074 ordinem
1078 3021 1300 3075 rationis
1329 3021 1467 3076 filius
1498 3036 1649 3076 meus
1677 3020 1865 3074 Childe
1885 3048 1898 3056 ~

331 3113 512 3167 bertus
539 3111 794 3180 inquirat,
836 3119 1118 3182 cognoscet
1141 3112 1404 3181 protinus,
1437 3110 1577 3181 quod
1606 3111 1767 3180 hujus
1789 3112 1900 3166 col-

327 3205 470 3258 ludio
501 3213 648 3274 pater
692 3205 809 3274 ejus
867 3213 950 3258 est
998 3204 1327 3258 interfectus.
1373 3204 1498 3258 Haec
1543 3218 1607 3256 eo
1663 3205 1896 3270 dicente,

2027 635 2130 690 que
2159 622 2223 675 ad
2273 623 2656 692 Miglidunense
2702 632 2725 662 ⁸
2766 625 2924 695 305
2955 636 3184 682 castrum
3225 628 3372 694 abiit,
3404 640 3592 684 cuncta

2026 711 2272 767 incendio
2297 713 2508 769 tradens
2537 723 2694 783 atque
2737 716 3035 771 devastans.
3083 717 3150 773 Et
3175 719 3297 774 licet
3323 722 3593 776 exercitus

2025 804 2236 872 nepotis
2256 808 2336 858 sul
2368 803 2433 858 ad
2466 821 2585 860 eum
2618 821 2722 860 non
2769 809 3022 873 venisset,
3051 817 3223 864 tamen
3255 811 3416 866 duces
3442 819 3496 866 et
3521 813 3591 868 le.

2023 894 2130 964 gati
2158 894 2273 963 ejus
2297 909 2417 949 cum
2461 896 2578 965 ipso
2605 906 2776 951 erant.
2807 897 2956 954 Tunc
3006 901 3150 954 misit
3174 901 3386 957 nuntios
3411 903 3476 956 ad
3505 919 3592 959 su-

2024 986 2290 1056 pradictos
2317 987 2516 1052 duces,
2559 986 2786 1043 dicens:
2833 988 3168 1058 lngredimini
3204 993 3595 1058 Biturtcum,’et

2023 1080 2342 1134 accedentes
2364 1092 2532 1146 usque
2556 1077 2620 1131 ad
2648 1078 2935 1142 civitatem,
2968 1091 3297 1136 sacramenta
3326 1082 3592 1139 ddelitatis

2023 1171 2220 1241 exigite
2248 1173 2314 1227 de
2347 1175 2562 1229 nomine
2617 1182 2816 1230 nostro.
2856 1177 3068 1232 Biturici
3121 1194 3249 1234 vero
3284 1193 3402 1233 cum
3435 1183 3588 1250 quin-

2021 1262 2193 1317 decim
2225 1265 2459 1320 millibus
2487 1266 2549 1319 ad
2577 1266 2966 1321 Mediolancnse
2993 1265 3018 1303 ά
3043 1277 3271 1323 castrum
3293 1271 3589 1336 conﬂuunt,

2021 1353 2200 1425 ibique
2217 1368 2402 1412 contra
2432 1358 2761 1413 Desiderium
2785 1360 2971 1413 ducem
2997 1363 3284 1432 confligunt
3309 1381 3322 1429 ;
3347 1362 3590 1434 factaque

2019 1459 2101 1506 est.
2126 1452 2196 1506 ibi
2227 1463 2432 1525 strages
2487 1471 2697 1525 magna,
2746 1457 2815 1510 ita
2867 1465 2921 1510 ut
2969 1456 3035 1510 de
3083 1465 3308 1528 utroque
3357 1460 3591 1516 exercitu

2019 1543 2245 1612 amplius
2273 1561 2430 1614 quam
2473 1555 2675 1616 septem
2709 1548 2868 1602 millia
2899 1549 3233 1604 cecidissent.
3268 1551 3437 1606 Duces
3458 1567 3589 1620 quo-

2017 1648 2122 1701 que
2151 1649 2269 1688 cum
2298 1636 2498 1707 reliqua
2525 1648 2674 1706 parte
2715 1639 2916 1708 pepuli,
2947 1638 3012 1693 ad
3041 1640 3306 1708 civitatem
3338 1655 3594 1710 pervene-

2017 1735 2178 1792 runt,
2221 1740 2406 1784 cuncta
2461 1729 2769 1800 diripientes
2821 1733 2902 1786 vel
2948 1731 3318 1800 devastantes;
3368 1734 3592 1805 talisque

2016 1817 2359 1887 depottulatio
2389 1823 2517 1877 inibi
2543 1833 2659 1878 acta
2691 1834 2790 1892 est,
2824 1828 2992 1895 qualis
3035 1844 3134 1884 nec
3177 1832 3462 1901 antiquitus
3508 1841 3590 1888 est

1943 1910 1992 1970 Β
2021 1912 2198 1967 audita
2227 1914 2389 1970 fui~se
2420 1957 2436 1982 ,
2460 1923 2518 1970 ut
2547 1932 2644 1972 nec
2693 1919 2880 1974 domus
2909 1936 3208 1977 remaneret
3233 1965 3246 1988 ,
3279 1938 3375 1979 nec
3411 1924 3583 1990 vinea,

2013 2018 2112 2058 nec
2152 2005 2370 2061 arbores
2394 2049 2409 2074 ,
2460 2007 2553 2062 sed
2585 2018 2774 2064 cuncta
2821 2012 3178 2080 succiderent,
3214 2015 3579 2083 incenderent,

2012 2094 2372 2154 debellarent.
2414 2099 2544 2153 Nam
2601 2101 2746 2156 etab
2796 2103 3042 2158 ecclesiis
3092 2104 3393 2162 auferentes
3441 2123 3588 2164 saera

2011 2190 2326 2256 ministeria,
2351 2193 2494 2261 ipsas
2516 2191 2760 2249 incendio
2780 2197 3213 2253 concremabant.
3236 2197 3588 2256 Guntebram-

2012 2295 2115 2336 nus
2135 2296 2262 2336 vero
2290 2298 2381 2338 rex
2431 2300 2550 2339 cum
2579 2287 2816 2342 exercitu
2848 2299 3031 2344 contra
3062 2291 3278 2346 fratrem
3310 2308 3462 2347 suum
3495 2297 3590 2348 ad-

2010 2375 2159 2428 venit
2182 2383 2230 2438 ο,
2273 2383 2434 2430 totam
2468 2392 2614 2447 spem
2661 2377 2714 2431 in
2771 2378 2863 2434 Dei
2912 2380 3111 2450 judicio
3168 2385 3458 2441 collocaris.
3487 2386 3588 2454 Qui

2011 2462 2101 2520 die
2131 2480 2230 2518 una
2253 2465 2360 2533 jam
2388 2481 2628 2535 vespere,
2654 2469 2820 2524 misso
2847 2472 3105 2538 exercitu,
3155 2473 3438 2528 maximam
3468 2491 3586 2545 par-
3618 2478 3624 2485 ’

2011 2564 2117 2614 tem
2139 2557 2206 2612 de
2227 2561 2463 2627 germani
2502 2561 2581 2614 sui
2623 2562 2860 2622 exercitu
2907 2561 3190 2620 interiecit.
3220 2565 3369 2620 Mane
3409 2577 3585 2624 autem

2008 2651 2453 2705 concurrentibus
2479 2651 2668 2722 legatis
2691 2693 2706 2716 ,
2741 2667 2923 2721 pacem
2956 2655 3220 2722 fecerunt,
3269 2659 3582 2726 pollicentes

2007 2741 2144 2796 alter
2166 2742 2446 2810 alterutro,
2497 2752 2554 2800 ut
2581 2745 2838 2817 quidquid
2883 2749 3188 2804 sacerdotes
3217 2749 3302 2805 vel
3341 2752 3580 2808 seniores

2007 2833 2186 2903 populi
2208 2834 2528 2902 judicarent,
2562 2851 2684 2905 pars
2710 2840 2847 2907 parti
2895 2849 3262 2908 componeret,
3323 2858 3441 2910 quae
3472 2853 3580 2898 ter-

2006 2924 2211 2977 minum
2240 2923 2370 2994 legis
2409 2935 2752 2980 excesserat:
2781 2935 2834 2980 et
2856 2927 2933 2980 sic
2963 2927 3168 2996 pacilici
3199 2929 3580 2987 discesserunt.

2007 3015 2339 3082 Cbilpcricus
2382 3030 2505 3070 vero
2535 3031 2625 3072 rex
2658 3031 2777 3071 cum
2815 3019 3104 3074 exercitum
3153 3034 3302 3074 suum
3332 3037 3360 3076 a
3393 3024 3582 3091 prtcdis

2005 3122 2191 3162 arcere
2213 3123 2316 3162 non
2347 3119 2544 3178 posset,
2570 3109 3055 3180 Rhotomagensem
3085 3110 3104 3149 ί
3131 3113 3379 3168 comitem
3400 3116 3580 3184 gladio

2007 3200 2294 3256 trucidavit
2321 3218 2334 3266 ;
2375 3211 2427 3256 et
2456 3203 2532 3254 sic
2563 3201 2795 3258 Parisios
2829 3203 3004 3264 rediit,
3034 3219 3245 3258 omnem
3277 3207 3580 3273 relinquens

327 3297 545 3367 Egidius
566 3300 847 3367 episcopus
873 3297 946 3351 ait
981 3315 996 3351 :
1034 3298 1087 3352 Si
1117 3313 1238 3354 cum
1270 3308 1464 3367 nepote
1499 3306 1588 3352 tuo
1613 3298 1900 3371 conjunge-
1931 3283 1978 3348 C
2008 3292 2264 3362 praedam,
2297 3292 2636 3362 captivosque
2679 3295 2948 3350 relaxans.
2979 3297 3046 3348 At
3075 3297 3159 3349 isti
3203 3297 3290 3364 qui
3325 3297 3580 3367 Biturigas

325 3390 422 3452 ris,
455 3398 506 3442 et
535 3391 646 3459 ipse
673 3388 1014 3460 coniungitur
1035 3389 1165 3453 tibi;
1189 3398 1459 3445 commoto
1479 3392 1744 3459 exercitu,
1772 3391 1901 3446 ultio

327 3497 444 3551 quae
467 3481 689 3536 debetur
710 3495 870 3550 super
895 3496 1015 3536 eum
1039 3482 1274 3537 velocius
1303 3482 1574 3538 inferetur.
1598 3482 1750 3550 Quod
1777 3499 1898 3539 cum

323 3576 626 3646 iuramento
686 3574 1006 3629 ﬁrmassent.
1085 3577 1406 3645 obsidesque
1465 3577 1602 3631 inter
1672 3592 1733 3632 se
1805 3577 1900 3632 de-

322 3669 550 3736 dissent,
617 3669 996 3724 discesserunt.
1074 3669 1235 3738 Igitur
1293 3670 1460 3724 ﬁdens
1510 3671 1562 3724 in
1623 3671 1898 3740 promissis

322 3775 508 3816 eorum
535 3759 888 3828 Chilpericus,
918 3768 1192 3814 commoto
1220 3761 1367 3830 regni
1397 3761 1477 3813 sui
1507 3762 1766 3829 exercitu,
1801 3762 1899 3817 Pa-

323 3853 486 3908 risios
511 3853 701 3908 venit:
748 3852 835 3906 ubi
859 3865 976 3905 cum
1021 3853 1356 3916 resedisset,.
1383 3867 1632 3922 magnum
1686 3853 1899 3922 dispen-

324 3942 474 3998 dium
515 3959 690 3998 rerum
749 3941 937 3996 incolis
974 3942 1172 3997 intulit.
1214 3941 1455 3997 Rerulfus
1485 3957 1612 4000 vero
1640 3944 1744 3998 dux
1775 3961 1894 3998 cum

321 4035 635 4102 Turonicis,
683 4035 930 4100 Pietavis,
965 4035 1389 4104 Andegavisque,
1422 4045 1575 4104 atque
1631 4035 1898 4090 Namucti-

321 4130 417 4194 cis,
452 4128 515 4182 ad
548 4129 830 4183 terminum
884 4128 1174 4183 Bituricum
1205 4129 1370 4181 venit.
1420 4128 1719 4182 Desiderius
1771 4142 1897 4182 vero

320 4231 376 4278 et
405 4221 694 4290 Bladastes,
720 4236 838 4276 cum
872 4221 1278 4275 omniexercitu
1305 4219 1598 4275 Provinciae
1625 4219 1724 4273 sibi
1749 4233 1898 4273 com—

320 4315 500 4369 missa:
530 4311 579 4390 β,
609 4313 676 4367 ab
723 4312 822 4368 alia
873 4322 1020 4384 parte
1068 4312 1356 4367 Bituricum
1389 4311 1617 4376 vallant,
1673 4311 1897 4365 multum

319 4415 587 4462 vastantes
641 4423 733 4477 per
763 4421 894 4476 quas
947 4414 1209 4462 venerunt
1254 4404 1518 4475 regiones.
1563 4403 1898 4473 Cbilpericus

317 4514 447 4557 vero
473 4501 630 4570 jussit
658 4501 970 4567 exercitum,
1015 4499 1106 4571 qui
1133 4501 1197 4554 ad
1232 4514 1352 4554 eum
1384 4484 1645 4565 accessit,
1679 4514 1772 4566 per
1802 4497 1896 4552 Pa-

2005 3381 2342 3444 obsidebant,
2395 3392 2616 3454 accepto
2667 3382 2915 3437 mandato
2973 3393 3029 3438 ut
3080 3395 3474 3441 reverterentur
3514 3391 3578 3442 ad

2005 3472 2219 3544 propria
2246 3482 2415 3528 tantas
2440 3474 2646 3542 praedas
2665 3477 2855 3542 fsecum
2904 3475 3260 3541 sustulerunt,
3311 3488 3366 3531 ut
3405 3481 3579 3533 omnis

2002 3570 2150 3635 regio
2179 3567 2289 3638 illa,
2311 3568 2451 3624 unde
2475 3567 2675 3638 egressi
2715 3577 2857 3633 sunt,
2886 3569 3038 3626 valde
3071 3582 3343 3638 putaretur
3364 3589 3579 3630 evacua-

2003 3670 2078 3728 ta,
2107 3663 2191 3716 vel
2220 3660 2295 3734 [1.
2328 3661 2406 3732 et]
2457 3662 2522 3715 de
2554 3663 2880 3730 hominibus,
2911 3664 2989 3717 vel
3021 3663 3085 3717 de
3114 3665 3241 3733 ipsis
3274 3667 3574 3734 pecoribus.

2005 3755 2281 3823 ingressus
2309 3769 2522 3824 quoque
2553 3756 2820 3809 exercitus
2849 3754 3107 3808 Desiderii
3137 3767 3294 3823 atque
3321 3757 3578 3812 Bladastis

2004 3861 2098 3914 per
2121 3843 2464 3910 Turorticunt,
2501 3846 2763 3911 incendia,
2797 3846 3004 3914 pranlas
3028 3857 3080 3899 et
3129 3846 3406 3901 homicidia
3437 3859 3577 3902 tanta

2001 3938 2262 4004 fecerunt,
2298 3940 2434 3992 sicut
2482 3939 2824 3992 soletcontra
2885 3938 3124 3989 inimicos
3168 3921 3324 4001 dtu-ri;
3358 3953 3480 3992 nam
3528 3949 3580 3994 et

2001 4030 2247 4096 captivos
2278 4028 2641 4089 abduxerunt,
2673 4029 2738 4080 de
2774 4027 2964 4095 quibus
2993 4028 3154 4096 306
3177 4028 3431 4094 spoliatus
3463 4030 3579 4099 plu-

2004 4120 2168 4173 rimus
2198 4130 2377 4185 postea
2406 4120 2740 4173 dimiserunt.
2767 4119 3092 4174 Subsecutus
3121 4131 3200 4174 est
3230 4124 3445 4176 morbus
3489 4140 3580 4193 pe-

2002 4223 2185 4262 corum
2221 4211 2356 4262 ltanc
2394 4209 2621 4274 cladem,
2658 4211 2724 4262 ita
2758 4218 2816 4262 ut
2841 4209 2922 4263 vix
2979 4212 3188 4264 unicum
3239 4226 3578 4280 remaneret;

2003 4317 2304 4370 novumque
2327 4311 2470 4356 esset
2499 4302 2542 4356 si
2571 4302 2762 4371 aliquis
2808 4312 2896 4355 aut
2936 4303 3234 4369 jtuncntnzn
3265 4314 3288 4351 ε
3333 4305 3538 4362 videret
3565 4350 3578 4371 ,

2004 4413 2095 4456 aut
2137 4412 2381 4457 cerneret
2436 4403 2701 4456 buculam.
2753 4402 2855 4458 Sed
2911 4405 3034 4458 dum
3087 4404 3200 4459 haec
3247 4417 3578 4476 agerentur,

2003 4502 2378 4558 Cbildebertus
2404 4516 2494 4556 rex
2525 4516 2642 4556 cum
2674 4502 2916 4556 exercitu
2972 4517 3070 4556 suo
3102 4517 3206 4558 uno
3235 4504 3301 4558 'in
3347 4504 3465 4559 loco
3490 4521 3578 4561 re-

391 4708 414 4735 °
447 4697 720 4754 Iustitium
743 4697 808 4753 ad
839 4699 1034 4754 luctum
1084 4696 1482 4770 designandum,
1517 4697 1772 4770 adhibent
1802 4697 1888 4752 alii
1919 4668 1973 4729 Β
1998 4699 2148 4769 cujus
2179 4699 2324 4754 urbis
2354 4699 2628 4754 ditecesim
2656 4699 2802 4753 locus
2830 4699 2915 4753 ille
2947 4702 3106 4754 etiam
3135 4702 3294 4755 hodie
3331 4705 3577 4770 pertinet.

319 4785 530 4840 quoque
554 4780 818 4835 auctores,
841 4771 980 4837 quod
1013 4770 1064 4822 in
1097 4772 1318 4836 publicis
1344 4768 1570 4822 luctibus
1597 4769 1886 4837 justitium,

324 4843 376 4895 id
416 4850 498 4896 est
551 4841 686 4909 juris
727 4842 936 4894 dicendi
976 4842 1332 4903 intermissio,
1376 4842 1524 4907 quasi
1570 4841 1702 4908 juris
1733 4841 1891 4895 statio

316 4912 662 4968 indiceretur.
694 4911 855 4965 Addit
878 4912 1070 4966 Paulus
1102 4912 1246 4966 Diae.
1279 4911 1373 4982 li_b.
1415 4925 1474 4963 ιιι
1520 4911 1654 4966 llist.
1696 4911 1890 4982 Lang.,

316 4998 434 5051 cap.
475 4985 558 5048 l7,
590 4983 898 5037 Mauricium
940 4985 1162 5051 primunt
1193 4996 1255 5034 ex
1285 4979 1593 5038 Graecorum
1622 4979 1890 5052 genere'in

317 5053 546 5121 imperio
572 5055 942 5108 confirmatum
975 5053 1156 5105 fuisse.

389 5125 415 5162 δ
442 5121 572 5178 Cod.
602 5125 754 5178 Colb.
785 5140 883 5186 ιη..
915 5123 1233 5175 commissum
1269 5138 1362 5190 pro
1389 5123 1673 5174 commisso.
1724 5121 1883 5176 Corb.

317 5210 466 5260 vero,
497 5196 750 5249 communi
772 5194 990 5248 exercitu
1017 5191 1301 5246 Prouincia:
1320 5193 1414 5246 sibi
1451 5192 1741 5248 commisso.

392 5276 416 5306 °
448 5265 538 5322 Sic
588 5265 750 5321 Corb.
779 5265 864 5317 hic
897 5270 951 5316 et
989 5276 1109 5330 cap.
1142 5262 1405 5328 sequenti.
1461 5261 1683 5330 Variam,
1723 5262 1886 5316 etiam

317 5338 407 5392 alii
432 5337 647 5392 codices
683 5336 890 5403 scripti.
951 5329 1165 5402 Aliquot
1208 5332 1350 5388 enim
1405 5332 1600 5384 habent
1632 5329 1886 5403 illecledo-

318 5424 470 5462 nenae
517 5423 637 5462 cunt
687 5402 952 5475 plerisque
980 5405 1157 5469 editis,
1189 5417 1285 5472 pro
1324 5416 1426 5470 quo
1469 5402 1703 5475 anCfllb.
1733 5417 1811 5468 a.,
1833 5413 1888 5458 el,

315 5479 528 5546 quidem
575 5471 792 5546 antiqua
847 5471 1021 5540 manu,
1075 5471 1452 5546 pt)Slllllll_eSl,
1507 5471 1885 5546 Medolonense.

315 5543 439 5604 Bec.
472 5559 526 5605 et
566 5543 781 5617 Begu—1.,
813 5543 1200 5601 Mcdedouense.
1227 5544 1331 5600 Sed
1362 5546 1424 5617 iis
1457 5543 1722 5617 omnibus
1746 5545 1886 5617 desi-

313 5633 506 5688 gnatur
557 5614 893 5675 Melodunum
945 5618 1219 5688 Senonum
1262 5615 1558 5688 oppidum,
1613 5614 1664 5666 in
1710 5615 1884 5688 insula

318 5686 579 5759 Sequana:
603 5693 853 5759 positum,
886 5691 1041 5758 vulgo
1088 5687 1262 5741 Melan
1288 5729 1302 5751 ,
1331 5686 1740 5759 quodtempore
1761 5686 1884 5739 Julii

313 5755 541 5816 CwSaris
563 5755 673 5831 jam
727 5761 939 5814 celebre
967 5755 1108 5818 erat;
1143 5760 1321 5831 ibique
1345 5755 1720 5831 tiltiltlebertus
1745 5772 1884 5831 _re_x,

313 5825 606 5888 Cblodovei
637 5831 810 5899 Magni
844 5831 1001 5894 lilius,
1025 5830 1376 5896 episcopalem
1405 5829 1611 5899 sedetn_
1636 5825 1887 5899 instituis-

315 5915 416 5974 set,
448 5905 503 5960 ni
526 5897 819 5961 obstitiSSet
847 5905 951 5960 Leo
974 5899 1294 5958 Seuottcnsis
1337 5897 1795 5968 metropolitanus,
1821 5898 1888 5952 ad

2001 4771 2265 4842 lrlabeinus
2298 4785 2357 4823 ea
2387 4771 2452 4822 de
2485 4785 2542 4824 re
2584 4769 2775 4842 Leonis
2805 4769 3117 4842 epistolam,
3145 4773 3231 4824 ubi
3261 4769 3399 4824 istud
3431 4776 3578 4842 oppi-

2000 4841 2123 4895 dum
2155 4839 2538 4894 Medeclonense
2565 4850 2619 4895 et
2648 4840 2940 4908 .lledeclone
2965 4843 3014 4893 in
3036 4853 3187 4895 sexto
3216 4858 3342 4896 casu
3365 4839 3576 4898 dicitur.

2074 4914 2097 4948 α
2130 4911 2401 4982 Ιιίιγᾳυιω.
2435 4911 2780 4982 Corb.,‘llec.
2814 4923 2866 4964 et
2913 4911 3064 4966 Colb.
3108 4930 3206 4979 l‘tl.,
3239 4916 3477 4982 quamvis
3527 4916 3578 4967 in

2004 4981 2157 5035 editis
2210 4980 2594 5034 Mecledoncnse
2641 4979 2912 5052 habeatur.
2960 4982 3054 5035 llic.
3101 4979 3578 5052 euitn'designatm'

2003 5052 2380 5112 Mediolanum.
2411 5052 2550 5119 quod
2586 5053 2743 5103 hodie
2783 5051 3097 5118 Magdunum
3131 5057 3195 5105 ad
3226 5051 3452 5105 Avera’ut
3483 5057 3577 5106 llu-

2001 5123 2148 5175 vium
2181 5124 2230 5174 in
2276 5122 2469 5174 finibus
2498 5120 2811 5192 Biturigum
2837 5162 2852 5187 ,
2888 5123 3041 5192 vulgo
3088 5122 3579 5178 ille/mn-sur—Yévre

1991 5195 2318 5260 appellatur,
2364 5200 2420 5245 ut
2458 5191 2812 5246 observarunt
2860 5193 2957 5246 viri
2988 5191 3196 5247 eruditi
3252 5192 3492 5247 Valesius
3521 5205 3576 5248 et

1990 5261 2251 5316 Cointius.
2311 5261 2428 5316 Jam
2478 5271 2762 5329 utrumque
2813 5278 3006 5316 nomen
3055 5261 3284 5315 habebat
3334 5273 3574 5332 tempore
3648 5269 3656 5272 “

1992 5333 2246 5394 Aimoiui,
2281 5343 2335 5386 ut
2368 5333 2479 5402 ipse
2511 5343 2689 5385 monet
2721 5334 2814 5386 Μ).
2846 5349 2926 5394 ιιι,
2954 5347 3073 5395 cap.
3107 5333 3192 5386 5t).

2046 5414 2069 5442 ε
2089 5404 2482 5473 Scilicetprope
2505 5403 2862 5467 Meioduuum,
2887 5402 2971 5454 ubi
2993 5402 3575 5460 GuntcbramuuantL

1995 5474 2155 5536 periei
2185 5479 2473 5530 exercitum
2505 5477 2824 5542 profligavit.
2861 5475 3026 5525 Duces
3059 5490 3182 5525 vero
3209 5489 3394 5527 eorum
3428 5476 3569 5542 apud

1990 5546 2255 5616 Bituriges
2287 5548 2646 5603 decertabant,
2691 5559 2853 5612 prope
2888 5546 3274 5611 Mediolanum,
3308 5563 3399 5599 seu
3436 5547 3573 5616 Mag-

1989 5618 2213 5684 dunuui,
2245 5620 2385 5687 quod
2415 5633 2444 5670 a
2475 5618 2734 5688 Magduno
2761 5620 2824 5668 ad
2861 5618 3122 5683 Attget‘em
3170 5628 3223 5672 et
3245 5633 3271 5670 ιι
3303 5618 3570 5688 Magduno

1989 5689 2053 5742 ad
2087 5689 2315 5756 Ligerim
2343 5687 2770 5753 distinguendum
2800 5697 2900 5739 est.

2069 5757 2086 5795 ί
2123 5759 2261 5830 Editi
2290 5760 2510 5827 aliquot,
2552 5756 2975 5828 Ilhotongeusem.

2063 5837 2090 5876 ε
2113 5829 2262 5885 Colb.
2296 5847 2371 5893 a.,
2398 5830 2688 5898 juvencum.
