4096 6344
493 373 599 430 δυο

1496 362 1555 418 S.
1596 356 1927 417 GREGORII
1968 351 2276 411 El’lSCOPl
2316 344 2752 406 TURONENSIS

3684 336 3803 389 4H)

488 488 700 547 sidebat
730 494 777 540 τι.
821 484 990 540 Nocte
1012 492 1186 538 autem
1230 479 1455 550 quadam
1485 487 1754 533 commoto
1794 476 2032 532 exercitu
2060 512 2075 537 ,
2112 479 2158 532 Α
2185 478 2374 538 tusque
2405 464 2625 533 pedibus
2656 474 2775 531 ejus
2817 450 3339 550 veniam‘flagitavit,
3368 449 3455 506 cui
3475 463 3577 550 rex
3602 466 3617 503 :
3642 448 3798 550 cau-

488 597 744 652 maguum
810 562 1052 634 inurmur
1120 584 1305 631 contra
1365 572 1610 643 Egidium
1658 571 1975 640 episcopum
2030 576 2084 622 et

489 676 655 733 duces
678 674 814 743 regis
842 674 1011 727 minor
1039 670 1262 741 populus
1305 667 1551 734 elevavit,
1580 682 1641 721 ac
1660 662 1947 721 vociferari
1976 677 2085 717 cce-

491 768 598 837 pit,
633 776 687 821 et
734 766 941 835 publice
986 761 1354 832 proclamare:
1388 760 1665 813 Tollantur
1713 774 1743 811 a
1780 756 1913 810 facie
1942 753 2085 823 regis

493 864 581 932 qui
616 875 833 929 regnum
856 859 973 927 ejus
1004 856 1331 911 venumdaut
1354 896 1366 917 ,
1393 854 1640 908 civitates
1671 850 1816 905 illius
1844 849 2087 903 domina-

494 955 624 1010 tioni
668 953 890 1007 alterius
920 950 1176 1013 subdunt,
1212 946 1464 1017 populum
1520 945 1687 1013 ipsius
1719 942 1978 1013 principis
2010 941 2087 994 al-

491 1048 663 1104 terius
690 1046 980 1102 ditionibus
1014 1044 1252 1100 tradunt.
1314 1043 1447 1094 Dum
1499 1039 1613 1094 lucc
1638 1048 1691 1094 et
1748 1038 1831 1091 bis
1888 1036 2089 1091 similia

492 1139 842 1195 vociferando
898 1135 1221 1205 proferrent,
1251 1132 1393 1187 facto
1430 1146 1608 1198 mane,
1637 1127 1975 1197 apprehenso
2004 1142 2090 1179 ar—

493 1248 709 1288 morum
764 1240 1063 1301 apparatu,
1123 1228 1189 1283 ad
1236 1225 1531 1281 tentorium
1577 1222 1717 1293 regis
1780 1230 2087 1291 pr0perant,

492 1325 701 1383 scilicet
753 1334 811 1378 ut
841 1320 1195 1393 apprehensis
1246 1320 1502 1389 episcopo
1549 1326 1603 1371 et
1651 1314 1989 1379 senioribus,
2041 1313 2091 1366 \i

492 1422 901 1489 opprimerent,
952 1413 1275 1471 verberibus
1304 1413 1610 1477 aflicerent,
1641 1409 1834 1480 gladiis
1888 1409 2093 1463 lacera-

492 1523 633 1569 rent.
668 1513 787 1580 Quo
816 1519 1113 1580 comperto,
1148 1507 1398 1562 sacerdos
1447 1505 1622 1575 fugam
1663 1502 1799 1568 iniit,
1834 1514 2089 1554 ascenso-

494 1623 599 1677 que
634 1607 814 1677 equite
860 1604 934 1678 [1.
964 1602 1125 1674 equo]
1155 1602 1221 1657 ad
1270 1601 1453 1656 urbem
1486 1599 1753 1670 propriam
1784 1596 1972 1653 tendit.
2026 1598 2095 1649 At

494 1701 724 1769 populus
749 1699 839 1753 ille
861 1713 982 1752 cum
1014 1697 1250 1750 clamore
1274 1694 1620 1764 sequebatur,
1654 1690 1948 1760 projiciens
1974 1694 2097 1758 post

496 1810 619 1851 eum
652 1793 877 1862 lapides,
910 1804 1272 1859 evomensque
1295 1787 1562 1842 convicia.
1600 1785 1721 1839 Fuit
1749 1793 1872 1837 tunc
1900 1782 1949 1835 ei
1980 1782 2097 1835 lucc

2191 570 2325 628 tum,
2359 559 2547 628 inquit,
2583 565 2635 610 te
2691 552 2854 608 redde
2904 548 3194 619 paulisper,
3223 547 3394 601 donec
3440 545 3554 598 visa
3601 544 3798 612 regina

2188 651 2473 708 conveniat
2524 645 2749 718 qualiter
2791 643 2856 697 ad
2902 641 3019 711 ejus
3068 639 3294 710 gratiam
3348 635 3664 702 revertaris,
3702 635 3796 688 cui

2190 749 2416 803 multum
2450 743 2715 799 inveniris
2746 756 2865 796 esse
2897 738 3201 807 culpabilis.
3235 738 3303 791 At
3334 736 3445 803 ille,
3478 743 3536 789 ut
3562 743 3679 788 erat
3710 733 3799 787 in~

2190 848 2378 896 cautus
2422 852 2484 892 ac
2513 836 2666 901 levis,
2701 835 2751 888 in
2796 834 2898 888 hoc
2929 831 3134 896 fidens,
3162 828 3305 900 quod
3355 829 3497 899 regis
3543 842 3795 898 praesen-

2195 932 2321 987 tiam
2340 930 2647 994 meruisset,
2663 942 2790 997 rege
2807 924 3041 980 Parisios
3058 930 3386 986 revertente,
3404 921 3490 975 die
3509 920 3798 974 Dominico

2192 1026 2245 1081 in
2273 1024 2496 1081 ecclesia
2524 1032 2708 1078 sancta
2733 1020 2933 1088 reginae
2960 1017 3183 1089 pedibus
3209 1013 3796 1087 provolvitur-,veniatu

2193 1120 2510 1190 deprecans.
2568 1119 2637 1172 At
2682 1116 2768 1170 illa
2816 1114 3071 1170 Ireudens
3101 1123 3155 1168 et
3184 1126 3472 1167 exsecraris
3508 1116 3797 1177 aSpectum

2192 1215 2331 1284 ejus,
2358 1229 2386 1267 a
2411 1227 2469 1267 se
2501 1210 2714 1280 repulit,
2739 1209 2977 1277 fusisque
3006 1207 3366 1277 lacrymis,ait
3392 1223 3404 1258 :
3430 1205 3494 1260 Et
3523 1205 3651 1273 quia
3688 1218 3801 1256 non

2193 1319 2367 1365 exstat
2400 1308 2467 1363 de
2499 1307 2641 1372 filiis,
2674 1304 2764 1375 qui
2802 1302 3039 1357 criminis
3069 1302 3173 1356 mei
3195 1315 3386 1355 causas
3413 1298 3671 1368 inquirat,
3698 1296 3804 1349 tibi

2194 1421 2310 1470 eas,
2326 1404 2452 1459 Jesu
2468 1402 2717 1465 Domine,
2735 1396 3079 1467 inquirendas
3100 1395 3398 1451 committo.
3414 1393 3803 1459 Prosuataque

2194 1499 2419 1569 pedibus
2444 1497 2605 1566 regis,
2630 1492 2827 1564 adjecit
2853 1510 2863 1545 '.
2898 1491 2987 1547 Va:
3010 1491 3166 1559 mihi,
3183 1506 3302 1561 qua:
3331 1489 3486 1543 video
3514 1487 3800 1541 inimicum

2195 1609 2398 1662 meum,
2427 1603 2479 1648 et
2512 1590 2644 1645 nihil
2674 1590 2723 1643 ei
2755 1588 3049 1658 prmi-aleo!
3087 1584 3238 1640 Tunc
3268 1584 3483 1654 repulso
3518 1598 3585 1635 eo
3617 1596 3645 1633 a
3680 1580 3804 1633 loco

2197 1699 2409 1753 sancto,
2458 1687 2742 1742 Missarum
2790 1683 3050 1739 solemnia
3110 1678 3381 1734 celebrata
3432 1684 3579 1731 sunt.
3636 1674 3807 1743 Igitur

2195 1794 2415 1853 egresso
2437 1794 2562 1850 rege
2580 1794 2700 1832 cum
2731 1777 2912 1847 regina
2936 1774 3002 1829 de
3027 1772 3257 1827 ecclesia
3278 1779 3483 1835 sancta,
3504 1768 3805 1822 Leudastes

497 1901 657 1941 causa
683 1859 1014 1955 prtesidium,
1035 1882 1176 1953 quod
1211 1880 1265 1935 hi
1289 1888 1502 1949 paratos
1523 1877 1728 1947 equites
1778 1874 1884 1947 [AL
1904 1872 2101 1945 equos'j
2130 1884 2176 1944 Β
2203 1890 2371 1945 usque
2399 1873 2463 1928 ad
2497 1873 2728 1942 plateam
2762 1878 2845 1924 est
2896 1875 3212 1937 prosecutus
3235 1905 3251 1931 ,
3286 1864 3571 1932 inopinatis
3599 1860 3728 1930 quid
3753 1859 3805 1914 ei

498 1993 606 2032 .uon
639 1978 927 2031 habebant.
964 1978 1218 2031 Attamen
1264 1974 1479 2028 lassatis
1506 1972 1777 2025 sociorum
1806 1984 1979 2038 equis,
2008 1983 2096 2022 so-

497 2070 582 2124 lus
625 2069 891 2138 pertendit
921 2068 1206 2138 episcopus
1232 2107 1247 2132 ,
1276 2074 1424 2119 tanto
1456 2064 1645 2117 timore
1677 2061 2015 2131 perterritus,
2042 2066 2100 2113 ut

499 2178 660 2218 unam
698 2162 924 2232 caligam
948 2161 1016 2216 de
1066 2160 1201 2230 pede
1236 2159 1474 2227 elapsam
1504 2155 1757 2225 colligere
1789 2168 1895 2208 non
1944 2166 2099 2207 cura-

499 2264 583 2310 ret
613 2273 625 2307 :
656 2263 710 2309 et
732 2256 810 2310 sic
838 2268 1008 2323 usque
1035 2253 1308 2308 civitatem
1340 2252 1584 2320 veniens,
1614 2263 1675 2305 se
1719 2248 1857 2304 infra
1912 2260 2099 2303 muro-

498 2362 621 2406 rum
647 2348 1033 2405 Rhemensium
1067 2357 1221 2416 septa
1249 2344 1533 2401 conclusit.
1693 2336 1703 2344 ’

570 2487 787 2545 XXXII.
820 2490 959 2543 Ante
986 2500 1184 2558 paucos
1212 2494 1391 2541 autem
1420 2496 1636 2539 menses
1667 2480 1965 2537 Leudastes
1990 2478 2019 2517 ι)
2046 2477 2100 2533 in

500 2583 836 2639 Turonicum
876 2597 999 2637 cum
1047 2590 1319 2650 praecepto
1347 2579 1488 2648 regis
1516 2576 1752 2642 advenit,
1776 2584 1836 2629 ut
1875 2588 2100 2628 uxorem

500 2674 788 2743 reciperet,
819 2672 999 2742 ibique
1026 2679 1474 2726 commoraretur.
1500 2668 1607 2724 Sed
1638 2675 1695 2723 et
1721 2666 1877 2721 nobis
1902 2664 2101 2734 episto-

501 2768 608 2824 lam
666 2765 1003 2821 sacerdotum
1055 2780 1217 2820 manu
1267 2764 1626 2833 subscriptam
1690 2760 1906 2825 detulit,
1941 2768 1999 2813 ut
2048 2758 2101 2813 in

503 2860 936 2917 communionem
969 2858 1321 2927 reciperetur.
1366 2856 1469 2911 Sed
1498 2855 1754 2926 quoniam
1788 2855 1992 2907 litteras
2018 2866 2104 2907 re-

503 2951 641 3023 ginae
661 2966 768 3005 non
792 2950 1043 3017 vidimus,
1058 2951 1211 3016 cujus
1226 2964 1389 3003 causa
1415 2948 1648 3002 maxime
1671 2962 1701 3001 a
1723 2944 2104 3002 communione

505 3054 746 3098 remotus
773 3042 970 3109 fuerat,
1000 3045 1173 3110 ipsum
1207 3042 1451 3112 recipere
1478 3039 1686 3107 distuli,
1716 3039 1902 3095 dicens
1930 3055 1941 3089 :
1969 3038 2104 3091 Cum

504 3139 702 3210 reginte
735 3138 1045 3194 mandatum
1077 3150 1388 3206 suscepero,
1422 3146 1548 3189 tunc
1577 3148 1700 3189 eum
1733 3136 1974 3202 recipere
2000 3144 2105 3183 non

505 3233 781 3286 morabor.
816 3230 1028 3285 Interea
1060 3230 1126 3283 ad
1155 3244 1271 3283 eam
1323 3228 1525 3297 dirigo;
1559 3243 1679 3297 quae
1730 3225 1860 3278 mihi
1908 3223 2110 3291 scripta

508 3326 731 3390 remisit,
762 3324 948 3379 dicens
976 3322 1333 3391 :Compressa
1361 3335 1392 3373 a
1418 3320 1599 3374 multis
1624 3318 1769 3373 aliud
1802 3317 1978 3371 facere
2000 3329 2108 3368 non
2137 3300 2183 3361 C

508 3418 681 3485 potui,
716 3415 821 3470 nisi
854 3426 911 3469 ut
962 3430 1084 3469 eum
1132 3414 1293 3483 307
1324 3412 1491 3467 'abire
1536 3410 1941 3482 permitterem:
1972 3425 2113 3465 nunc

509 3519 689 3563 autem
738 3524 904 3578 rogo,
930 3518 991 3563 lli.
1042 3521 1229 3575 pacem
1263 3516 1407 3563 tuam
1457 3520 1564 3558 non
1615 3513 1910 3569 mereatur,
1940 3518 2115 3573 neque

512 3603 753 3672 eulogias
783 3602 850 3657 de
892 3616 1056 3656 manu
1086 3610 1172 3655 tua
1204 3601 1464 3670 suscipiat
1490 3643 1505 3668 ,
1538 3600 1713 3654 donec
1740 3614 1770 3653 a
1802 3599 1954 3654 nobis
1986 3599 2114 3670 quid

512 3697 597 3765 agi
626 3695 844 3763 debeat,
877 3696 1087 3765 plenius
1137 3702 1515 3764 pertractctur.
1549 3695 1620 3749 At
1646 3709 1745 3762 ego
1778 3692 1892 3748 base
1920 3693 2116 3763 scripta

512 3789 791 3861 relegens,
825 3790 981 3844 timui
1033 3804 1101 3843 ne
1156 3788 1582 3853 interficeretur;
1629 3788 1999 3857 accersitoque
2029 3802 2118 3841 so-

514 3893 640 3935 cero
670 3881 787 3951 ejus
818 3881 934 3936 haec
965 3880 1017 3936 ei
1062 3880 1313 3945 innotui,
1345 3879 1639 3935 obsecrans
1692 3886 1749 3932 ut
1794 3894 1853 3933 se
1902 3888 2117 3932 cautum

514 3974 789 4039 redderet,
818 3975 989 4030 donec
1036 3975 1237 4043 reginae
1285 3974 1498 4027 animus
1543 3972 1823 4027 leniretur.
1874 3972 1978 4025 Sed
2027 3971 2117 4026 ille

517 4067 801 4123 consilium
851 4084 1064 4135 meum,
1096 4067 1239 4139 quod
1292 4083 1386 4137 pro
1418 4067 1513 4121 Dei
1558 4066 1755 4121 intuitu
1805 4066 2115 4135 simpliciter

516 4160 810 4227 insinuavi,
836 4162 1022 4217 dolose
1071 4162 1373 4231 suscipiens
1392 4201 1407 4226 ,
1436 4176 1556 4216 cum
1586 4162 1761 4217 adhuc
1792 4163 1947 4217 nobis
1977 4170 2120 4217 esset

519 4256 794 4321 inimicus,
826 4256 1001 4311 noluit
1045 4270 1205 4325 agere
1251 4271 1372 4324 quae
1420 4257 1705 4310 mandavi:
1734 4255 2121 4325 impletumque

522 4358 608 4407 est
656 4350 789 4405 illud
837 4351 1204 4419 proverbium,
1236 4350 1377 4419 quod
1430 4350 1714 4419 quemdam
1766 4365 1953 4405 senem
1999 4365 2122 4404 nar-

524 4450 735 4498 rantem
779 4443 958 4497 audivi
988 4462 999 4497 :
1032 4463 1051 4496 (
1088 4445 1277 4498 Amico
1322 4444 1649 4513 inimicoque
1680 4444 1877 4498 bonum
1907 4460 2123 4515 semper

527 4536 711 4605 prtebc
736 4535 1045 4605 consilium,
1078 4537 1201 4607 quia
1229 4535 1433 4591 amicus
1454 4538 1667 4606 accipit,
1698 4538 1949 4594 inimicus
1978 4555 2125 4611 sper-

470 4634 494 4701 ιξ
528 4632 628 4683 nlt.
655 4648 672 4681 ι
701 4628 897 4699 Spreto
926 4644 1054 4701 ergo
1085 4630 1187 4685 hoc
1213 4631 1462 4694 consilio,
1494 4632 1561 4685 ad
1594 4646 1773 4701 regem
1800 4632 2007 4704 dirigit,
2035 4635 2123 4703 qui

531 4731 659 4777 tunc
689 4736 809 4776 cum
842 4724 1083 4777 exercitu
1130 4722 1183 4776 in
1234 4737 1368 4794 pago
1400 4722 1771 4792 Miglidunensi
1806 4735 1826 4762 τε
1861 4726 2125 4797 degebat:

484 4820 493 4851 ῖ
529 4815 961 4885 deprecatusque
990 4824 1074 4872 est
1103 4816 1377 4886 populum,
1408 4825 1466 4871 ut
1493 4820 1603 4887 regi
1635 4832 1821 4887 preces
1854 4818 2123 4887 funderet,

525 4921 586 4967 ut
630 4912 748 4983 ejus
807 4914 1149 4983 praesentiam
1204 4923 1527 4968 mereretur.
1586 4914 1919 4983 Deprecante
1966 4914 2129 4984 igitur

526 5006 673 5061 omni
720 5006 941 5078 pepulo,
968 5020 1065 5062 rex
1096 5020 1153 5062 se
1182 5005 1471 5062 videndum
1502 5006 1553 5063 ei
1584 5008 1831 5078 praebuit.
1877 5005 2128 5063 Prostra-

601 5196 629 5225 ⁸
660 5186 812 5242 Haud
860 5187 1067 5259 procul,
1100 5188 1176 5243 uti
1232 5189 1442 5246 videtur
1466 5232 1482 5255 ,
1510 5207 1537 5244 a
1590 5192 1701 5245 suis
1736 5190 1992 5245 fratribus
2013 5230 2027 5255 ,
2061 5198 2120 5244 ut

527 5255 834 5333 Chilperico
859 5255 1011 5329 juxta
1058 5270 1269 5329 pactum
1320 5264 1591 5333 suppetias
1622 5264 1817 5329 ferret,
1853 5273 1944 5317 aut
1972 5271 2121 5317 certe

528 5338 588 5383 tit
620 5330 745 5385 belli
772 5342 1021 5387 eventum
1051 5330 1439 5402 specularetur.

599 5399 627 5438 ι’
662 5402 760 5468 Qui
792 5418 951 5468 supra
983 5404 1077 5460 lib.
1110 5420 1173 5468 v,
1206 5420 1323 5468 cap.
1351 5407 1419 5460 49
1451 5414 1503 5461 et
1531 5406 1620 5468 50,
1665 5406 1831 5459 multa
1864 5405 1964 5459 adv

600 5414 627 5438 ο
662 5414 760 5468 Qu:
792 5418 951 5473 supra
984 5414 1077 5460 ιιι).
1110 5420 1173 5469 v,
1206 5420 1323 5473 cap.
1351 5414 1419 5460 49
1451 5414 1503 5461 et
1531 5414 1620 5470 5U,
1665 5414 1831 5459 multa
1864 5414 2120 5460 adversus

531 5468 863 5547 Gregorium
897 5476 1229 5531 machinatus
1280 5477 1480 5545 fuerat,
1508 5493 1629 5530 emn
1679 5491 1936 5531 accusans
1980 5478 2120 5547 quod

531 5515 771 5610 regiiiam
803 5545 1061 5600 adulterio
1090 5548 1344 5615 pollutam
1372 5515 1491 5602 esse
1521 5548 1763 5601 dixisset.

613 5624 633 5649 ο
664 5615 812 5669 Colb.
833 5633 907 5683 a.,
931 5618 985 5670 Μ
990 5620 1361 5685 elodonnense;
1387 5621 1534 5687 Bec.,
1556 5618 1971 5689 Megledunense.
1991 5620 2123 5677 Vide

534 5697 654 5753 cap.
689 5690 915 5751 prteced.

607 5755 634 5791 εί
665 5754 756 5813 Sic
802 5760 985 5837 (iure;
1031 5758 1209 5837 C_o_lb.,
1240 5772 1540 5830 sanciretur;
1572 5762 1816 5837 plerique
1843 5767 1969 5821 editi
2001 5781 2126 5821 cum

532 5823 686 5891 Bec..
716 5832 1023 5897 studerctur,
1062 5834 1111 5884 id
1143 5823 1223 5887 est
1255 5823 1552 5889 curaretur.

608 5908 630 5936 °
664 5902 874 5971 κυεην,
906 5904 1181 5969 inmenso,
1216 5906 1388 5970 gladio
1432 5908 1541 5972 (ᾔει)
1592 5908 1763 5971 gulam
1808 5909 2123 5966 trausverbe-

2199 1967 2497 2031 accideret;
2530 1965 2833 2030 domosijue
2880 1960 3247 2032 negotiantum
3299 1957 3647 2019 circumiens,
3682 1968 3804 2021 spe-

2202 2062 2311 2117 cies
2357 2062 2601 2127 rimatur,
2630 2066 2913 2128 argentutn
2960 2063 3169 2125 pensat,
3196 2061 3358 2122 atque
3403 2052 3611 2106 diversa
3644 2064 3806 2104 orna-

2202 2162 2382 2209 menta
2415 2150 2694 2223 prospicit,
2732 2150 2920 2205 dicens
2948 2166 2962 2203 :
2988 2148 3113 2203 llaec
3156 2154 3212 2203 et
3250 2147 3363 2200 haec
3394 2146 3557 2216 308
3585 2159 3806 2212 compa-

2202 2246 2354 2312 rabo,
2380 2244 2503 2314 quia
2537 2244 2764 2298 multum
2792 2242 2922 2297 mihi
2949 2257 3136 2297 aurum
3164 2248 3549 2311 argentumque
3578 2237 3804 2293 resedit.

2202 2341 2305 2395 Ista
2357 2339 2452 2394 illo
2498 2339 2730 2405 dicente,
2775 2339 2954 2393 subito
2994 2337 3345 2393 advenientes
3385 2335 3586 2405 regina:
3628 2336 3803 2404 pueri,

2203 2436 2491 2491 voluerunt
2534 2450 2660 2490 eum
2712 2434 2918 2489 vincire
2965 2432 3191 2488 catenis.
3237 2429 3333 2486 ille
3360 2446 3493 2485 vero
3521 2431 3803 2500 evaginato

2207 2528 2406 2600 gladio,
2432 2543 2597 2582 unum
2621 2530 2903 2592 verberat;
2930 2526 3123 2596 reliqui
3156 2523 3353 2581 exinde
3384 2524 3637 2579 succensi
3664 2523 3802 2588 felle,

2206 2619 2559 2691 apprehensis
2590 2620 2787 2690 parmis
2828 2628 2881 2673 et
2926 2617 3121 2688 gladiis
3160 2631 3324 2687 super
3353 2630 3477 2671 eum
3511 2623 3803 2670 .rrueruut.

2207 2716 2285 2772 Ex
2342 2714 2535 2784 quibus
2587 2730 2724 2769 unus
2780 2713 2979 2767 librans
3040 2713 3226 2779 ictum,
3258 2710 3547 2767 maximam
3599 2718 3804 2779 partem

2208 2811 2405 2881 capitis
2449 2810 2566 2879 ejus
2592 2825 2623 2863 a
2656 2807 2863 2878 capillis
2892 2816 2947 2862 et
2976 2815 3098 2863 cute
3143 2807 3367 2864 detexit.
3420 2805 3662 2874 Cumque
3713 2816 3807 2874 per

2210 2911 2430 2973 pontem
2480 2902 2629 2958 urbis
2677 2902 2916 2972 fugeret,
2946 2904 3131 2973 elapso
3173 2903 3313 2959 inter
3360 2902 3494 2958 duos
3530 2894 3682 2965 axes,
3717 2899 3809 2969 qui

2212 3007 2432 3065 pontem
2474 2995 2702 3065 faciunt,
2740 2998 2912 3067 pede,
2942 2995 3161 3051 effracta
3201 3011 3487 3068 oppressus
3523 3003 3605 3049 est
3650 2991 3806 3059 tibia,

2214 3087 2495 3159 ligatisque
2525 3097 2649 3158 post
2697 3098 2905 3158 tergum
2935 3088 3219 3156 manibus,
3252 3087 3511 3143 custodiae
3538 3085 3809 3153 mancipa-

2216 3190 2333 3248 tur;
2363 3182 2627 3252 jussitque
2655 3197 2749 3236 rex
2777 3190 2835 3235 ut
2860 3192 3253 3237 suSIentaretur
3279 3180 3307 3218 ά
3339 3195 3369 3235 a
3399 3179 3639 3245 medicis,
3669 3190 3807 3247 quo-

2215 3273 2457 3343 adusque
2504 3274 2572 3328 ab
2622 3273 2703 3328 his
2744 3274 2939 3329 ictibus
2970 3282 3213 3343 sanatus,
3245 3274 3497 3328 diuturno
3546 3270 3809 3340 supplicio

2218 3368 2573 3421 cruciaretur.
2602 3366 2707 3422 Sed
2739 3382 2861 3423 cum
2888 3367 2952 3421 ad
2982 3366 3165 3421 villam
3193 3366 3428 3422 fiscalem
3457 3365 3650 3420 ductus
3673 3362 3808 3418 fuis-

2218 3468 2333 3524 set,
2366 3467 2422 3513 et
2469 3458 3025 3527 computresceutibus
3070 3458 3240 3529 plagis
3288 3466 3585 3512 extremam
3634 3461 3812 3525 ageret

2218 3551 2405 3620 vitam,
2432 3551 2584 3621 jussu
2616 3556 2817 3622 reginas
2864 3554 2916 3607 in
2969 3561 3166 3608 terram
3199 3552 3475 3623 projicitur
3506 3551 3806 3619 resupinus,

2220 3648 2501 3717 positoque
2528 3645 2595 3701 ad
2624 3647 2889 3701 cervicem
2922 3646 3039 3716 ejus
3088 3655 3240 3702 vecte
3284 3646 3570 3712 immenso,
3605 3644 3673 3700 ab
3708 3643 3812 3697 alio

2220 3742 2271 3798 ei
2298 3741 2475 3811 gulam
2505 3742 2792 3797 verberant
2820 3750 2870 3810 ο,
2896 3740 3082 3812 sicque
3106 3755 3320 3811 semper
3357 3740 3619 3811 perfidam
3650 3750 3814 3808 agens

2221 3838 2407 3901 vitam,
2438 3837 2580 3907 justa
2606 3837 3002 3893 mortefinivit.

2295 3970 2387 4024 XX
2400 3969 2535 4030 Xlll.
2554 3974 2709 4025 Anno
2726 3987 2867 4029 nono
2882 3970 3216 4027 Cbildeberti
3230 3971 3369 4043 regis
3382 3979 3593 4042 partem
3618 3968 3809 4025 Massi-

2220 4062 2309 4119 lia:
2339 4065 2774 4121 Guntcbramnus
2796 4081 2893 4121 rex
2919 4056 3023 4136 ipsi
3050 4067 3234 4136 nepoti
3258 4082 3353 4121 suo
3384 4065 3601 4121 refudit.
3629 4062 3814 4132 Legati

2224 4159 2480 4229 principis
2509 4158 2799 4230 Cbilperici
2841 4161 2908 4216 de
2948 4161 3223 4231 llispaniis
3252 4160 3505 4232 regressi,
3538 4160 3815 4215 nuntiave-

2224 4265 2416 4308 verunt
2448 4254 2775 4324 provinciam
2817 4254 3176 4324 Carpitaniam
3216 4252 3234 4293 ί
3271 4256 3506 4325 graviter
3533 4269 3563 4308 a
3599 4250 3818 4308 locustis

2224 4344 2390 4403 fuisse
2438 4356 2724 4418 vastatam,
2762 4348 2835 4403 ita
2868 4358 2924 4404 ut
2968 4364 3076 4405 non
3124 4348 3306 4416 arbor,
3335 4363 3441 4405 non
3485 4348 3677 4412 vinea,
3709 4360 3818 4402 non

2226 4440 2380 4508 srlva,
2410 4457 2519 4496 non
2551 4443 2754 4497 fructus
2783 4442 2997 4511 aliquis,
3015 4454 3107 4499 aut
3133 4443 3423 4514 quidquam
3445 4441 3615 4497 viride
3646 4455 3818 4495 rema-

2228 4548 2403 4605 neret,
2437 4538 2581 4609 quod
2606 4554 2756 4595 nona
2776 4540 2997 4596 locustis
3023 4550 3379 4596 everteretur.
3416 4538 3648 4595 Aiebant
3678 4536 3815 4591 enim

2230 4630 2536 4685 inimicitias
2585 4630 2723 4699 illas,
2757 4647 2877 4701 quae
2922 4632 3065 4687 inter
3108 4630 3512 4687 Leuvicltildum
3557 4640 3614 4685 ct.
3654 4629 3818 4683 filium

2233 4737 2386 4777 suum
2412 4723 2828 4793 pullulaverant,
2847 4724 3199 4780 vehementer
3220 4726 3426 4795 augeri.
3444 4724 3583 4779 Lues
3609 4736 3821 4793 quoque

2234 4819 2402 4886 magis
2434 4816 2485 4870 in
2512 4816 2620 4871 illis
2653 4818 2898 4887 partibus
2936 4822 3165 4875 steviens
3217 4822 3383 4875 multa
3425 4820 3540 4874 loca
3586 4818 3822 4874 devasta-

2232 4908 2328 4965 bat
2359 4919 2408 4977 Β,
2435 4911 2528 4965 sed
2555 4911 2786 4966 maxime
2817 4912 2958 4982 apud
2995 4913 3179 4967 urbem
3208 4911 3613 4968 Narbonensem
3643 4908 3673 4947 ιι
3698 4910 3823 4963 vali-

2231 5006 2351 5063 dius
2398 5007 2757 5081 desaeviebat,
2785 5020 2840 5067 et
2877 5011 2988 5082 jam
3034 5013 3195 5069 tertio
3240 5028 3403 5084 anno,
3436 5013 3580 5084 quod
3623 5012 3822 5069 ibidem

2229 5205 2418 5335 2min}.
2465 5197 2714 5266 perﬁdam
2758 5197 2952 5253 ducens
2996 5198 3168 5269 quoad
3208 5199 3333 5254 vixit
3378 5198 3559 5267 vitam,
3592 5214 3705 5253 eam
3752 5196 3826 5253 sic

2272 5284 2371 5320 mm
2400 5307 2413 5319 .

2272 5284 2413 5320 mvu.

2306 5335 2325 5373 ί
2366 5338 2670 5422 fiarpitania
2701 5350 2973 5422 parserat
2998 5342 3210 5422 _veteris
3239 5342 3532 5422 provincia:
3560 5341 3825 5395 Tarraco-

2231 5413 2435 5481 nensis,
2464 5413 2515 5464 in
2549 5429 2613 5467 eo
2637 5422 2805 5466 tractu
2832 5413 3081 5467 Castella:
3110 5429 3281 5481 novre,
3309 5415 3394 5468 ubi
3424 5430 3563 5469 nunc
3597 5428 3720 5479 pars
3741 5422 3825 5466 est

2230 5480 2490 5551 Algarria:
2544 5494 2597 5538 et
2644 5484 2876 5553 regionis
2927 5486 2979 5538 la
3031 5484 3271 5551 Mone/te,
3302 5500 3491 5541 versus
3522 5486 3723 5554 'l‘agum
3770 5490 3829 5537 et

2232 5554 2426 5679 cAiliaLn,
2449 5555 2600 5624 cujus
2621 5566 2780 5624 caput
2799 5567 2918 5611 erat
2938 5556 3205 5628 Toletum,
3226 5557 3356 5613 urbs
3379 5558 3462 5614 vel
3484 5572 3585 5613 suo
3609 5555 3829 5612 nomine

2265 5642 2292 5679 (3
2316 5643 2343 5679 6
2388 5643 2479 5679 I‘IS.

2264 5706 2333 5822 ej
2368 5700 2456 5752 Sic
2485 5699 2673 5769 Regm.
2704 5698 2806 5752 Alii
2833 5740 2847 5766 ,
2878 5714 2968 5769 per
2995 5698 3274 5757 locatem'm
3303 5704 3410 5773 ejus
3440 5703 3548 5758 lues
3576 5700 3828 5769 vastabat,

2235 5785 2344 5821 sea.

2287 5838 2332 5922 ,ιι
2362 5839 2537 5920 Narbo
2582 5842 2807 5922 aliaeque
2836 5843 2993 5899 urbes
3042 5846 3394 5922 septimanite
3420 5856 3543 5922 tunc
3572 5844 3829 5915 temporis

2237 5911 2501 5982 Hispaniae
2531 5914 2919 5981 tribucbantur,
2955 5920 3095 5987 quod
3118 5911 3466 5992 'Wisigottiiis
3494 5911 3767 5988 parerent.
