4096 6344
370 320 468 378 ull

1293 307 1613 368 HISTORIA
1654 306 2100 367 FRANCOBUM.
2147 306 2354 363 LIBER
2390 307 2680 368 SEXTUS.

3532 317 3640 373 402

368 428 839 505 apprehenderat}
861 434 917 485 et
931 427 1292 498 requieverat,
1309 438 1598 495 populique
1617 431 1951 481 revertentes
1978 418 2035 480 Α
2057 436 2145 477 sas
2174 424 2425 479 mulieres
2471 424 2618 480 urbis
2662 424 2943 481 Parisiacae
2990 427 3265 483 tormentis
3296 428 3547 501 applicat,
3580 448 3641 491 ac

368 539 401 581 a
429 525 572 594 fuga,
600 525 794 579 iterum
843 520 1037 575 morbo
1062 518 1363 587 consumpti
1392 524 1535 572 sunt.
1569 517 1699 571 Nam
1729 524 1784 571 et
1809 516 1959 571 Albi-

369 616 551 687 gensis
580 615 767 670 civitas
799 613 1032 667 maxime
1061 612 1128 665 ab
1158 609 1261 665 hoc
1286 607 1627 663 incommodo
1656 607 1955 661 laborabat.

369 708 469 765 His
521 705 714 761 diebus
771 710 1136 775 apparuerunt
1184 716 1215 757 a
1261 710 1413 772 parte
1457 699 1736 769 Aquilonis
1804 706 1963 754 nocte

370 796 546 853 media
574 795 712 851 radii
740 794 930 862 multi,
964 794 1173 865 fulgore
1223 793 1394 848 nimio
1419 792 1745 857 relucentes,
1774 789 1865 860 qui
1895 788 1963 845 ad

370 903 431 945 se
460 890 736 945 venientes
764 888 957 942 iterum
991 885 1401 955 separabantur,
1428 896 1705 953 usquequo
1734 895 1962 937 evanue-

370 989 519 1037 runt.
575 981 679 1037 Sed
726 989 782 1035 et
828 980 1025 1036 ctelum
1084 979 1247 1048 309
1298 978 1364 1031 ab
1394 977 1507 1045 ipsa
1559 972 1964 1048 septentrionali

370 1074 525 1145 plaga
550 1074 618 1127 ita
636 1072 983 1142 resplenduit,
1002 1043 1343 1139 utptttaretur
1373 1043 1615 1122 auroram
1647 1043 1963 1137 pt’oducere.

451 1165 692 1221 XXXIV.
740 1166 923 1237 Legati
952 1164 981 1204 ιι
1029 1166 1223 1220 iterum
1271 1163 1339 1218 ab
1380 1162 1632 1233 Hispania
1680 1168 1965 1229 venerunt,

374 1258 679 1315 deterentes
706 1272 949 1323 munera,
974 1266 1028 1313 et
1056 1256 1304 1325 placitum
1334 1253 1657 1322 accipientes
1673 1266 1793 1307 cum
1815 1250 1967 1306 Chil-

374 1355 558 1423 perico
584 1367 731 1422 rege,
764 1359 824 1406 ut
852 1351 1015 1405 tiliam
1044 1363 1217 1413 suam,
1244 1347 1537 1402 secundum
1568 1345 1966 1401 conniventiam

376 1445 719 1510 anteriorem,
747 1443 852 1499 ﬁlio
880 1453 903 1481 ο
935 1442 1080 1513 regis
1123 1438 1461 1495 Leuvichildi
1504 1436 1717 1492 tradere
1745 1436 1969 1491 deberet

375 1539 431 1593 in
478 1536 1167 1605 matrimonium:denique
1211 1534 1336 1588 dato
1380 1532 1598 1601 placito,
1627 1540 1680 1584 et
1720 1529 1969 1584 omnibus

374 1632 733 1701 pertractatis,
763 1631 967 1700 legatus
997 1630 1085 1684 ille
1114 1642 1368 1684 reversus
1397 1634 1494 1682 est.
1527 1624 1634 1681 Sed
1662 1621 1967 1692 Chilperico

376 1722 489 1793 regi
519 1738 734 1793 egresso
761 1722 828 1777 de
858 1723 1077 1777 Parisiis
1102 1762 1117 1787 ,
1146 1729 1203 1775 ut
1244 1720 1296 1773 in
1327 1732 1517 1788 pagum
1558 1715 1968 1771 Suessionicum

2064 515 2375 571 verberibus
2404 518 2545 586 cogit
2577 517 2727 572 fateri
2775 533 2893 588 qua:
2924 527 3202 574 noverant.
3235 523 3305 574 At
3340 522 3446 577 illa:
3476 525 3643 580 conti-

2066 616 2244 664 tentur
2274 624 2331 663 se
2358 609 2626 665 maleﬁcas
2672 625 2789 665 esse
2811 655 2824 679 ,
2855 618 2907 665 et
2933 612 3126 665 multos
3156 614 3475 669 occumbere
3498 616 3642 671 letho

2065 717 2125 758 se
2166 701 2355 757 iecisse
2402 710 2607 757 testata:
2655 713 2816 770 sunt,
2844 704 3099 760 addentes
3145 705 3291 771 illud,
3321 707 3459 777 quod
3500 709 3645 765 nulla

2065 796 2272 853 ratione
2300 796 2444 851 credi
2472 798 2643 866 patior
2668 816 2680 851 :
2706 798 2904 853 Filium
2924 840 2938 866 ,
2973 800 3139 866 aiunt,
3171 810 3342 868 tuum,
3373 817 3404 856 ο
3435 803 3643 871 regina,

2067 906 2165 960 pro
2206 890 2476 945 Mummoli
2510 890 2745 960 praafecti
2773 894 2877 947 vita
2906 893 3243 949 donavimus.
3286 896 3434 950 Tunc
3462 897 3647 965 regina

2068 983 2347 1038 tormentis
2371 983 2702 1053 gravioribus
2745 985 3053 1040 mulieribus
3102 987 3326 1049 affectis,
3358 988 3487 1041 alias
3520 1002 3647 1043 ene-

2067 1083 2173 1138 cat,
2198 1074 2327 1128 alias
2350 1074 2596 1129 incendio
2623 1072 2800 1138 tradit,
2824 1076 2955 1129 alias
2976 1077 3106 1131 rotis
3128 1078 3336 1131 ossibus
3357 1078 3647 1135 confractis

2069 1164 2309 1220 innectit.
2362 1163 2430 1218 Et
2476 1165 2554 1219 sic
2600 1166 2985 1233 Compendium
3030 1169 3206 1222 villam
3239 1185 3339 1224 una
3370 1186 3647 1240 cumrege
3744 1156 3749 1161 ’

2071 1258 2313 1322 secessit,
2334 1257 2514 1327 ibique
2537 1257 2790 1312 universa
2815 1260 2923 1328 regi
2951 1275 3068 1328 qua:
3097 1261 3162 1314 de
3192 1260 3442 1329 prmfecto
3468 1262 3647 1318 audie-

2070 1363 2151 1408 rat
2182 1352 2453 1406 revelavit.
2486 1351 2599 1405 Rex
2628 1366 2755 1406 vero
2795 1349 2975 1406 missis
3022 1353 3197 1421 pueris
3220 1353 3378 1421 jussit
3406 1369 3525 1408 eum
3554 1370 3646 1409 ar-

2073 1446 2282 1511 cessiri,
2314 1444 2718 1514 discussumque
2766 1444 2968 1498 catenis
3015 1454 3260 1507 onerant,
3292 1454 3346 1499 et
3375 1445 3647 1514 suppliciis

2072 1537 2324 1592 subdunt.
2353 1536 2510 1591 Trahi
2536 1546 2655 1605 post
2677 1545 2879 1604 tergum
2902 1537 3155 1591 revinctis
3184 1537 3426 1591 manibus
3454 1554 3638 1607 appen-

2075 1629 2235 1695 ditur,
2266 1636 2320 1684 ct
2344 1630 2416 1683 ibi
2442 1629 2567 1699 quid
2596 1630 2839 1684 maleﬁcii
2883 1630 3109 1695 noverit,
3142 1632 3514 1699 interrogatur.
3543 1629 3647 1685 Sed

2075 1726 2209 1779 nihil
2238 1724 2304 1780 de
2335 1724 2416 1781 his
2463 1741 2579 1794 qucc
2604 1726 2851 1797 superius
2881 1726 3312 1790 memoravimus,
3339 1724 3648 1780 confitetur.

378 1816 676 1878 accederel.
717 1830 885 1870 "OVUS
926 1816 1099 1869 Ῑυοιυε
1128 1812 1369 1867 θάνθῐιῖῐ·
1403 1810 1571 1864 Filius
1602 1808 1627 1845 ί¹
1657 1808 1802 1862 enim
1832 1807 1974 1877 eius.
2007 1799 2057 1861 Β
2086 1820 2198 1875 Hoc
2228 1830 2403 1873 tamen
2451 1817 2669 1886 protulit
2713 1818 2908 1888 sacpius
2954 1833 3012 1873 se
3043 1819 3375 1872 inunctiones
3407 1826 3459 1871 et
3487 1816 3652 1885 potio.

379 1924 537 1979 quem
583 1923 723 1962 anno
763 1906 1037 1975 superiore
1085 1918 1240 1960 sacro
1280 1902 1599 1970 baptismate
1638 1900 1909 1968 abluerat,
1939 1913 1968 1953 a

382 2001 687 2073 dysenteria
743 2009 1045 2068 correptus,
1076 1997 1319 2065 spiritum
1363 1992 1651 2049 exhalavit.
1687 1992 1798 2046 lloc
1827 1992 1971 2047 enim

380 2096 554 2166 fulgor
598 2096 710 2161 ille,
743 2110 897 2163 quem
926 2093 1171 2160 superius
1199 2107 1264 2146 ex
1297 2089 1435 2144 nube
1461 2087 1723 2157 dilapsum
1766 2100 1973 2141 memo-

381 2190 636 2257 ravimus,
669 2187 930 2257 ﬁguravit.
963 2186 1111 2240 Tunc
1140 2200 1259 2239 cum
1289 2184 1549 2237 immenso
1577 2181 1706 2235 fletu
1736 2179 1971 2251 regressi

382 2282 637 2347 Parisios,
656 2281 979 2349 sepelierunt
1005 2293 1246 2346 puerum,
1268 2276 1541 2331 mittentes
1571 2281 1691 2343 post
1713 2273 1969 2341 legatum,

384 2384 443 2429 ut
486 2382 863 2438 reverteretur,
892 2372 1098 2426 scilicet
1142 2380 1200 2425 ut
1246 2368 1496 2438 placitum
1543 2365 1682 2435 quod
1724 2373 1973 2434 posuerat

380 2469 750 2537 prolongaret,
780 2466 993 2521 dicente
1030 2479 1159 2535 rege
1195 2481 1208 2515 :
1240 2462 1383 2517 Ecce
1428 2462 1696 2530 planctum
1728 2460 1779 2514 in
1811 2459 1972 2516 domo

386 2562 645 2627 sustineo,
674 2570 727 2615 et
751 2560 980 2629 qualiter
1029 2555 1241 2625 nuptias
1290 2555 1413 2609 tiliae
1450 2552 1767 2609 celebrabo?
1797 2552 1975 2607 Voluit

388 2654 533 2708 enim
562 2663 686 2705 tunc
712 2651 869 2705 aliam
898 2649 1059 2703 ﬁliam
1095 2658 1117 2685 ο
1149 2648 1271 2702 illuc
1299 2646 1553 2715 dirigere,
1586 2660 1743 2715 quam
1775 2645 1841 2699 de
1866 2644 1974 2699 Au-

389 2744 588 2799 dovera
632 2744 896 2812 habebat,
929 2751 982 2797 et
1028 2756 1144 2796 eam
1198 2740 1250 2795 in
1301 2742 1625 2795 monasterio
1674 2739 1974 2794 Pictavensi

389 2844 662 2907 posuerat.
696 2834 801 2891 Sed
829 2835 918 2888 illa
946 2832 1178 2897 distulit,
1208 2832 1493 2887 resistente
1526 2831 1791 2899 praecipue
1822 2830 1975 2884 beata

390 2927 733 2999 Radegunde,
784 2935 837 2980 et
889 2924 1281 2981 dicentezNon
1334 2933 1417 2979 est
1459 2923 1601 2977 enim
1652 2922 1891 2991 dignum,
1918 2930 1975 2975 ut

391 3020 561 3089 puella
605 3017 821 3073 Christo
865 3017 1041 3071 dicata
1087 3016 1281 3071 iterum
1330 3016 1399 3070 ad
1441 3013 1622 3070 saeculi
1676 3013 1975 3082 voluptates

391 3120 705 3170 revertatur.

462 3166 845 3260 XXXV.Dum
873 3210 1051 3259 autem
1084 3202 1199 3257 haec
1239 3209 1544 3271 agerentur,
1576 3200 1851 3256 nuntiatur
1877 3215 1969 3257 re-

389 3297 525 3367 gina:
552 3310 778 3366 puerum
806 3296 895 3364 qui
926 3303 1167 3349 mortuus
1195 3292 1388 3360 fuerat,
1410 3291 1689 3346 maleﬁciis
1712 3302 1765 3347 et
1789 3292 1975 3348 incan-

388 3388 679 3443 tationibus
701 3386 865 3442 fuisse
888 3386 1231 3451 subductum,
1256 3384 1434 3453 ibique
1463 3383 1805 3439 Mummolutn
1838 3398 1974 3454 prat-

386 3478 583 3535 fectum
618 3478 666 3547 τ,
695 3492 853 3549 quem
891 3477 1001 3547 jam
1052 3476 1145 3531 diu
1190 3476 1371 3546 regina
1419 3476 1651 3530 invisum
1701 3474 1971 3543 habebat,

388 3573 660 3630 conscium
708 3586 847 3628 esse.
880 3571 1034 3627 Unde
1062 3570 1262 3625 factum
1294 3579 1397 3635 est,
1429 3577 1490 3623 ut
1518 3569 1767 3638 epulante
1810 3585 1876 3626 eo
1919 3569 1973 3624 in

388 3667 551 3722 domo
578 3681 693 3733 sua,
728 3664 946 3735 quidam
977 3663 1045 3718 de
1073 3663 1259 3718 aulicis
1287 3663 1427 3731 regis
1461 3677 1680 3731 puerum
1717 3662 1972 3717 dilectum

389 3760 512 3826 sibi,
542 3760 633 3829 qui
662 3775 692 3813 a
732 3756 1034 3829 dysenteria
1060 3764 1337 3827 correptus
1358 3755 1551 3821 fuerat,
1572 3756 1969 3811 lamentaretur.

389 3854 484 3909 Cui
536 3851 816 3922 prchectus
865 3851 1145 3919 respondit
1186 3866 1200 3903 :
1244 3849 1478 3903 Habetur
1525 3848 1658 3902 mihi
1712 3848 1876 3903 herba
1917 3849 1974 3903 in

390 3956 657 4015 promptu,
674 3947 739 3999 de
757 3960 860 4015 qua
879 3944 921 3997 si
955 3942 1326 4013 dysentericus
1364 3941 1525 4012 310
1545 3939 1777 4005 hauriat,
1796 3954 1974 4009 quam-

391 4038 519 4092 libet
564 4038 879 4105 desperatus
925 4036 1017 4101 sit,
1050 4049 1171 4088 mox
1216 4042 1453 4087 sanatur.
1486 4032 1751 4087 Nuntiatis
1780 4033 1859 4086 his
1886 4047 1975 4087 re-

392 4130 549 4198 ginae,
582 4130 780 4197 majore
812 4128 993 4183 furore
1019 4126 1386 4181 succenditur.
1420 4125 1630 4179 interea
1666 4123 1972 4194 apprehen-

466 4320 492 4349 ⁸
520 4311 669 4366 Coll).
701 4326 776 4377 a.,
806 4308 1121 4365 deswvierat.
1156 4306 1344 4380 Regni.
1364 4351 1377 4375 ,
1410 4308 1696 4380 advenerat.

466 4380 492 4419 δ
522 4382 679 4437 Deest
709 4382 809 4436 hoc
841 4392 998 4451 caput
1026 4383 1075 4434 in
1108 4377 1258 4446 Vat.,
1286 4380 1448 4435 Corb.
1481 4388 1535 4433 et
1562 4378 1711 4433 Colb.
1740 4392 1815 4442 a.,
1850 4377 1973 4434 licet

394 4454 625 4507 habeant
642 4468 889 4522 Sequens,
905 4452 1043 4521 quod
1060 4453 1146 4506 isti
1165 4452 1468 4506 necessario
1494 4451 1837 4522 conjunctum
1866 4459 1971 4505 est.

395 4526 559 4579 Porro
592 4520 862 4593 placitum,
893 4520 959 4577 de
988 4539 1092 4591 quo
1125 4524 1230 4585 hic,
1260 4524 1375 4576 dies
1406 4532 1520 4577 erat
1552 4523 1745 4575 indicta
1779 4520 1971 4593 adau-

2084 1930 2200 1978 nes,
2227 1930 2344 1984 qua:
2382 1914 2429 1969 ei
2460 1914 2600 1982 regis
2642 1913 2943 1983 reginaeque
2970 1911 3190 1981 gratiam
3242 1911 3561 1981 praeberent,
3588 1909 3650 1965 ah

2077 2010 2162 2065 his
2192 2008 2501 2064 mulieribus
2530 2006 2845 2076 susCepisse.
2873 2006 3157 2074 Depositus
3188 2004 3345 2073 igitur
3373 2004 3437 2058 de
3470 2016 3651 2073 paena,

2077 2111 2229 2157 vocat
2259 2101 2324 2155 ad
2371 2115 2426 2154 se
2474 2100 2711 2153 lictorem
2734 2139 2747 2162 ,
2782 2098 2965 2152 dicens
2994 2114 3007 2151 :
3037 2096 3229 2152 Nuntia
3278 2096 3494 2150 domino
3539 2111 3653 2151 meo

2079 2194 2211 2263 regi,
2246 2193 2367 2263 quia
2398 2192 2530 2247 nihil
2577 2190 2700 2245 mali
2741 2192 2913 2245 sentio
2943 2190 3117 2243 dehis
3161 2204 3275 2259 quae
3321 2189 3465 2243 illata
3512 2195 3651 2242 sunt.

2079 2288 2171 2341 llis
2219 2285 2412 2340 auditis
2453 2301 2584 2338 rex:
2614 2284 2878 2338 Vcrumne
2910 2292 2934 2327 κ
2969 2291 3071 2348 est,
3106 2282 3293 2351 inquit,
3343 2280 3484 2334 hunc
3535 2294 3653 2334 esse

2077 2378 2395 2442 maleficum,
2445 2378 2489 2430 si
2516 2376 2583 2431 de
2606 2376 2686 2430 his
2712 2376 2839 2429 nihil
2864 2384 2944 2430 est
2968 2376 3122 2429 laesus
3154 2372 3361 2441 pmnis?
3387 2372 3537 2426 Tunc
3565 2386 3653 2425 ex.

2077 2482 2261 2527 tensus
2303 2471 2369 2525 ad
2416 2470 2701 2532 trochleas,
2734 2468 2918 2522 tandiu
2962 2467 3090 2521 loris
3142 2465 3441 2535 triplicibus
3488 2476 3653 2518 caesus
3690 2459 3700 2468 ’

2076 2574 2180 2635 est,
2214 2564 2560 2636 quoadusque
2605 2564 2703 2633 ipsi
2757 2564 3082 2618 lassarentnr
3112 2570 3340 2616 tortores
3370 2578 3382 2613 :
3419 2561 3655 2629 posthaec

2076 2661 2237 2717 sudes
2268 2658 2473 2731 ungulis
2500 2674 2752 2713 manuum
2799 2659 3098 2728 pedumque
3129 2656 3384 2725 defigunt.
3419 2655 3655 2724 Cumque

2079 2757 2133 2810 in
2161 2756 2262 2811 hoc
2292 2768 2451 2809 causa
2490 2766 2756 2822 ageretur,
2790 2763 2841 2808 ut
2891 2754 2954 2807 ad
2998 2752 3346 2808 decidendam
3388 2752 3654 2805 cervicem

2077 2847 2193 2918 ejus
2223 2848 2427 2917 gladius
2451 2846 2773 2913 immineret,
2800 2862 2829 2901 a
2860 2845 3041 2916 regina
3068 2845 3230 2898 vitam
3276 2844 3524 2910 obtinuit,
3557 2842 3651 2897 sed

2079 2954 2187 2993 non
2212 2939 2309 2993 fuit
2338 2940 2512 2993 minor
2554 2948 2726 2993 morte
2750 2936 3015 2991 humilitas
3059 2936 3365 2991 subsecuta.
3394 2934 3525 2989 Nam
3556 2935 3653 2988 im-

2079 3031 2285 3100 positus
2334 3032 2598 3099 plaustro,
2632 3030 2695 3082 ad
2729 3029 3171 3097 Burtlegalensem
3221 3028 3506 3093 urbem,in
3551 3042 3652 3096 qua

2078 3130 2230 3178 ortus
2256 3121 2445 3189 fuerat,
2476 3120 2650 3176 ablata
2678 3120 2836 3192 3n
2872 3119 3014 3173 omni
3047 3118 3316 3185 facultate,
3343 3117 3653 3173 transmitti-

2078 3225 2192 3283 tur;
2220 3216 2273 3270 in
2320 3215 2403 3269 via
2446 3228 2574 3269 vero
2613 3215 2839 3269 ictuatus
2868 3209 2897 3249 ιι
2928 3213 3185 3281 sanguine
3209 3253 3224 3277 ,
3255 3211 3345 3267 vix
3396 3212 3655 3267 accedere

2075 3323 2181 3379 quo
2205 3308 2385 3378 jussus
2415 3316 2498 3361 est
2526 3307 2710 3361 valuit.
2744 3305 2848 3361 Sed
2894 3320 2999 3359 non
3031 3313 3152 3374 post
3189 3304 3412 3359 multum
3443 3313 3654 3373 tempus

2076 3400 2321 3469 spiritum
2353 3398 2641 3454 exhalavit.
2675 3398 2917 3452 Posthaec
2944 3384 3125 3468 re'gina
3151 3396 3488 3467 apprehenso
3518 3411 3652 3466 pue-

2076 3492 2178 3547 ruli
2205 3490 2477 3557 thesauro,
2509 3499 2613 3544 tam
2638 3488 2952 3545 vestimenta
2975 3504 3131 3558 quam
3162 3489 3393 3559 reliquas
3420 3490 3654 3559 species,

2076 3585 2161 3641 vel
2186 3600 2254 3641 ex
2284 3585 2477 3649 serico,
2503 3593 2595 3638 aut
2618 3598 2933 3653 quocunque
2954 3582 3156 3638 vellere
3183 3581 3428 3638 invenire
3459 3583 3652 3651 potuit,

2078 3681 2198 3750 igne
2242 3677 2605 3747 consumpsit;
2651 3677 2791 3745 quod
2841 3676 3017 3730 ferunt
3052 3684 3280 3744 quatuor
3308 3675 3544 3743 plaustra
3576 3673 3653 3728 le-

2076 3786 2480 3826 vasse:aurum
2511 3782 2639 3824 vero
2684 3777 2738 3823 et
2777 3777 3053 3838 argentum
3101 3764 3319 3821 fornace
3369 3766 3657 3821 conflatum

2077 3862 2345 3932 reposuit,
2396 3875 2460 3916 ne
2502 3858 2700 3928 aliquid
2746 3860 3005 3927 integrum
3053 3864 3389 3923 remaneret,
3421 3856 3561 3926 quod
3608 3856 3659 3912 ei

2080 3954 2345 4023 planctum
2382 3953 2472 4006 ﬁlii
2502 3954 2552 4005 in
2592 3951 2902 4006 memoriam
2932 3958 3227 4003 revocaret.

2148 4045 2390 4101 XXXVI.
2410 4044 2684 4099 A‘Jtherius
2718 4041 2735 4080 ί
2767 4057 2892 4097 veru
2917 4042 3215 4097 Luxoensis
3242 4044 3542 4112 episcopus,
3567 4057 3655 4099 cu-

2072 4139 2160 4210 jus
2203 4154 2361 4207 supra
2408 4128 2772 4204 meminimus,
2797 4136 2901 4191 hoc
2929 4135 3117 4191 ordine
3140 4150 3171 4191 a
3197 4134 3412 4191 civitate
3441 4151 3539 4191 sua
3564 4135 3648 4192 vel

2077 4303 2313 4353 rectores
2330 4304 2453 4351 tunc
2471 4295 2722 4365 temporis
2744 4295 2970 4365 praefecti
2992 4294 3207 4351 nomine
3231 4295 3395 4353 fuisse
3406 4298 3656 4365 donatos,

2078 4367 2205 4423 inde
2236 4376 2408 4422 tamen
2441 4367 2671 4435 prmlecti
2707 4366 2916 4421 titulum
2950 4367 3237 4423 Mummolo
3262 4370 3515 4425 tributum
3549 4372 3656 4429 dici

2078 4453 2183 4492 non
2210 4454 2364 4506 posse
2386 4438 2810 4507 observat,quod
2833 4437 3182 4508 Chilpericus,
3203 4440 3254 4495 in
3281 4442 3431 4510 cujus
3451 4442 3652 4497 ditione

2077 4510 2289 4564 vivebat
2339 4510 2656 4563 Mutnmolus
2682 4550 2697 4574 ,
2730 4510 2859 4581 nih_il
2908 4526 3137 4579 unquam
3178 4528 3237 4567 ea
3279 4512 3331 4565 in
3375 4513 3652 4581 provincia

394 4579 614 4675 dicndos
644 4579 865 4663 legatos.
905 4597 966 4647 lit
997 4579 1228 4675 .quidetn'
1255 4593 1791 4675 placitangencraliter
1821 4591 1967 4672 dice-
1995 4583 2046 4642 Ι)
2075 4579 3304 4675 τξιοξιξιίξβίηῑῗμιθ,
3333 4579 3422 4675 alii
3437 4583 3655 4675 ξξιίβηγξ

393 4667 585 4719 bantur
632 4662 945 4728 conventus,
996 4662 1045 4718 in
1091 4665 1279 4734 quibus
1330 4665 1538 4731 publice
1586 4662 1972 4734 negotia,sive

396 4736 566 4800 regni,
600 4736 711 4790 sive
747 4737 905 4790 etiam
952 4733 1300 4804 privatorum,
1330 4735 1773 4789 discutiebantur.
1820 4733 1974 4786 Sicut

393 4808 533 4861 enim
566 4815 717 4860 erant
757 4808 951 4875 placita
988 4806 1147 4875 regis,
1177 4807 1253 4859 sic
1286 4816 1439 4860 erant
1471 4806 1660 4875 placita
1692 4804 1969 4869 comitum,

392 4877 651 4945 iudicum,
682 4886 789 4932 etc.
822 4877 1158 4931 Parlamenta
1196 4878 1534 4945 postmodum
1563 4877 1703 4930 dicta
1735 4876 1969 4929 fuerunt.

396 4950 751 5003 Instrumenta
785 4948 1017 5015 publica,
1043 4963 1161 5016 qum
1193 4949 1354 5003 finitis
1380 4947 1431 5001 in
1457 4947 1720 5017 ejusmodi
1743 4959 1975 5017 conven-

394 5018 535 5089 tibus
577 5020 801 5089 negotiis
850 5018 1209 5073 reddebantur
1234 5059 1247 5079 ,
1277 5016 1537 5085 appellata
1556 5016 1969 5089 etiam_fuerur_tt

394 5088 582 5156 placita
626 5086 719 5159 sca
747 5090 966 5159 judicia.
1022 5089 1163 5159 Vide
1196 5089 1500 5159 Bignon._in
1534 5088 1623 5141 lib.
1656 5086 1964 5150 IMarculﬁ,

392 5160 615 5212 formula
640 5157 731 5224 37,
750 5157 813 5213 et
837 5158 1107 5214 Mabillon.
1137 5158 1201 5211 de
1227 5174 1285 5212 re
1316 5157 1683 5224 Diplomatica.

470 5241 487 5263 υ
523 5229 826 5284 Reccaredo
850 5231 1076 5289 scilicet,
1108 5227 1501 5295 Hermenegildi
1526 5228 1695 5291 fratri,
1719 5226 1805 5280 cui
1830 5226 1964 5295 ipsa,

393 5314 584 5371 nempe
612 5300 911 5371 Rigunthis,
934 5298 1246 5369 jamdudum
1278 5297 1532 5371 promissa
1562 5298 1752 5371 fuerat.

522 5366 906 5439 Theodericus,
920 5366 989 5427 de
1006 5385 1112 5441 quo
1138 5366 1295 5440 supra
1316 5383 1434 5437 cap.
1462 5366 1532 5419 25
1556 5376 1611 5422 et
1634 5367 1726 5429 27,
1749 5375 1804 5421 et
1829 5367 1965 5423 infra

391 5454 510 5507 cap.
542 5456 655 5510 seq.

469 5521 492 5548 θ
521 5512 789 5577 Basinam,
807 5529 923 5583 quas
942 5521 1123 5583 postea
1144 5512 1199 5566 in
1220 5520 1309 5566 .tto
1334 5509 1656 5583 monasterio
1670 5524 1785 5583 cum
1801 5509 1969 5583 Chro-

392 5581 568 5663 dielde
604 5579 1019 5665 _m.ultas'turbas
1049 5583 1319 5650 excitavit,
1356 5582 1422 5636 de
1450 5582 1641 5651 quibus
1686 5579 1803 5635 fuse
1830 5580 1965 5635 Gre-

516 5671 575 5707 US
602 5671 761 5709 intra.

430 5657 575 5707 orius
602 5657 761 5709 infra.

393 5668 425 5723 Β
472 5723 491 5762 ί
526 5725 749 5794 inquirit
793 5723 1053 5790 Valesius,
1098 5739 1191 5778 cur
1238 5724 1323 5777 hic
1354 5723 1674 5778 Mnmmolus
1703 5722 1969 5792 prafectus

395 5796 711 5865 appelletur.
732 5797 863 5854 Nam
884 5796 986 5853 etsi
1005 5804 1209 5852 certum
1230 5795 1610 5851 sitProvincite
1626 5794 1968 5851 Massiliensis

2072 4666 2250 4706 mores
2267 4652 2497 4721 antiquis
2513 4652 2838 4719 temporibus
2860 4652 3070 4706 incaute
3084 4653 3420 4722 applicando,
3436 4652 3655 4719 scripsit

2074 4723 2420 4777 Mummolum
2466 4722 2543 4775 sic
2577 4723 2741 4777 fuisse
2779 4723 3125 4788 appellatum,
3157 4723 3296 4789 quod
3329 4724 3655 4777 Parisiorqu

2072 4794 2221 4848 urbis
2252 4794 2534 4861 pra-fectus
2564 4803 2742 4857 esset,
2768 4793 3035 4846 concludit
3058 4793 3270 4847 tandem
3304 4792 3653 4848 lliummolum

2070 4881 2097 4917 ιι
2139 4864 2397 4929 Gregorio
2440 4868 2746 4931 praelectum
2794 4862 2996 4918 dictum
3043 4864 3226 4927 fuisse,
3279 4865 3419 4931 quod
3472 4864 3652 4931 reipsa

2071 4935 2205 4989 aulae
2237 4938 2535 5002 praefectus,
2570 4950 2664 4987 seu
2693 4934 2852 5001 regia:
2880 4934 3070 4989 domus
3100 4935 3271 5003 major
3296 4933 3555 4987 exstiterit

2146 5014 2169 5050 ε
2202 5005 2415 5073 Regm.,
2446 5007 2536 5072 ait,
2572 5005 2799 5057 Putasne
2823 5020 2993 5056 verum
3024 5014 3095 5058 est
3124 5002 3242 5072 quia
3271 5004 3349 5056 hic
3379 5002 3645 5070 maleﬁcus

2074 5082 2167 5139 est,
2200 5085 2248 5127 et
2278 5076 2385 5126 istis
2417 5092 2519 5127 non
2562 5075 2713 5127 lwsus
2748 5082 2818 5127 est
2844 5076 3035 5142 paznis;
3065 5074 3363 5128 extendatur
3386 5075 3545 5143 igitur
3585 5074 3654 5126 ad

2076 5147 2327 5198 troc/tleas
2351 5154 2396 5197 et
2414 5147 2591 5199 tandiu
2608 5148 2729 5199 loris
2754 5146 3034 5215 triplicibus
3057 5146 3305 5212 cwdatur,
3325 5144 3653 5214 quoadusque

2073 5217 2173 5285 ipsi
2204 5221 2457 5269 tassentur
2486 5226 2719 5271 tortores.

2146 5283 2175 5362 ξι
2206 5287 2361 5362 liam,
2388 5288 2718 5362 ictus.»Colb.
2746 5304 2841 5362 [ην
2874 5289 2980 5362 ictu
3006 5295 3170 5362 actus.

2152 5357 2167 5393 ί
2202 5358 2313 5413 Hoc
2332 5368 2492 5426 caput
2522 5360 2672 5415 deest
2702 5362 2753 5414 in
2782 5361 2921 5423 Vat.,
2943 5359 3093 5412 Colb.
3113 5372 3163 5413 a.
3189 5364 3243 5413 et
3266 5357 3425 5414 Corb.
3449 5357 3641 5428 Regm.

2075 5428 2236 5486 habet
2284 5430 2584 5484 /Ethericus
2616 5447 2727 5483 vero
2756 5430 3106 5483 Luxoviensis.
3155 5429 3316 5495 Editi,
3346 5428 3649 5499 Lyxoensis,

2068 5517 2166 5557 seu
2210 5501 2497 5565 Limoensis,
2526 5504 2681 5568 vulgo
2713 5500 2920 5555 Lisieux
2959 5499 3010 5553 in
3058 5500 3421 5555 Nortmannia.
3473 5501 3642 5555 Porro

2069 5574 2217 5627 locus
2241 5574 2290 5625 in
2313 5589 2418 5641 quo
2440 5587 2597 5643 supra
2620 5570 2912 5643 Gregorius
2938 5570 3167 5625 zEtherii
3197 5570 3521 5637 meminerit,
3540 5586 3648 5625 non

2070 5653 2263 5697 exstat.
2284 5643 2434 5697 Unde
2456 5642 2697 5695 Cuintius
2726 5642 2882 5696 infert
2911 5643 3010 5698 hoc
3033 5651 3193 5710 caput
3213 5659 3276 5697 ex
3304 5644 3409 5695 alio
3436 5652 3651 5695 auctore

2071 5713 2312 5783 Gregorii
2346 5712 2579 5766 historiae
2609 5725 2848 5767 assututn
2882 5715 3064 5770 fuisse.
3090 5715 3193 5769 Sed
3216 5716 3329 5779 ipse
3358 5711 3649 5781 Gregorius

2071 5787 2162 5842 lib.
2196 5800 2280 5852 ιν,
2312 5799 2431 5853 cap.
2468 5785 2549 5847 ili,
2583 5784 2725 5852 quod
2758 5786 2810 5841 in
2843 5801 2970 5841 mss.
3004 5786 3193 5850 Corb.,
3228 5785 3432 5839 Bellov.
3460 5792 3515 5835 et
3544 5797 3621 5835 ca:
