4096 6344
516 393 618 450 ιοό

1482 392 1536 444 S.
1581 391 1909 446 GRlﬁGOl'tll
1955 383 2260 444 EPISCOPI
2304 383 2736 446 TURONENSB

3674 389 3790 443 sui

513 508 769 577 expulsus
799 514 899 568 est,
929 505 1009 557 vel
1045 514 1305 572 receptus.
1355 503 1589 557 Clericus
1635 503 1848 572 quidam
1881 499 2086 557 exstitit
2112 501 2160 556 Α
2192 505 2464 568 totumque
2497 513 2692 570 corpus
2724 509 2955 557 tremore
2985 501 3352 571 quatiebatur;
3379 501 3470 556 scd
3503 511 3554 557 ct
3580 519 3788 561 manus

511 615 577 657 ex
606 599 995 654 Cenomannica
1039 598 1188 660 urbe,
1219 596 1522 650 luxuriosus
1552 597 1736 660 nimis,
1770 605 2081 665 amatorque

512 696 817 756 mulierum,
843 700 895 746 et
917 692 1052 759 gulae
1079 705 1138 743 ac
1171 687 1552 752 fornicationis,
1577 689 1827 755 omnique
1857 688 2077 741 immun-

512 788 657 842 ditiie
703 785 854 838 valde
891 783 1117 837 deditus.
1172 781 1267 834 llic
1317 781 1524 834 mulieri
1561 780 1663 852 [ΑΙ.
1697 779 1958 851 mulieris]
1988 794 2080 834 cu-

507 875 719 948 jusdam
773 874 966 943 saepius
1015 883 1188 927 scorto
1237 874 1581 938 commixtus,
1634 889 1839 926 comam
1893 875 2080 942 capitis

512 969 760 1034 totondit,
806 976 1114 1036 mutatoque
1142 965 1277 1020 virili
1326 966 1505 1020 habitu
1541 975 1590 1029 ι,
1619 980 1796 1019 secum
1840 967 1890 1018 in
1921 966 2112 1028 aliam,

507 1062 776 1115 civitatem
827 1058 1068 1123 deduxit,
1097 1068 1154 1111 ut
1183 1057 1413 1124 suspicio
1462 1057 1704 1110 adulterii
1757 1058 2078 1120 auferretur,

506 1167 626 1208 cum
668 1155 803 1207 inter
843 1152 1139 1218 incognitus
1173 1150 1489 1204 devenisset.
1539 1150 1664 1203 Erat
1703 1152 1843 1203 enim
1891 1152 2079 1204 mulier

508 1249 732 1315 ingenua
778 1261 995 1314 genere,
1019 1255 1074 1299 et
1122 1244 1186 1297 de
1237 1245 1388 1296 bonis
1416 1250 1530 1296 orta
1559 1245 1884 1312 parentibus.
1917 1243 2077 1296 Com-

505 1348 657 1406 perto
701 1346 876 1392 autem
934 1348 1049 1405 post
1098 1336 1212 1390 dies
1261 1336 1454 1388 multos
1511 1336 1785 1404 prOpittqui
1817 1335 1932 1402 ejus
1959 1351 2078 1404 qua:

507 1438 623 1482 acta
672 1428 904 1492 fuerant,
955 1427 1020 1481 ad
1066 1427 1421 1481 ulciscendam
1470 1427 1819 1481 humilitatem
1866 1426 2078 1494 generis

501 1519 583 1572 sui
630 1519 866 1572 velocius
913 1528 1216 1586 properant,
1252 1530 1630 1586 repertumque
1677 1519 1929 1572 clericum
1963 1521 2077 1572 vin-

505 1622 646 1663 ctum
692 1611 945 1665 custodite
977 1612 1309 1678 tnancipant;
1345 1611 1617 1664 mulierem
1653 1625 1774 1663 vero
1805 1611 1906 1679 igni
1944 1625 2076 1664 con-

508 1711 744 1756 sumunt.
784 1702 865 1765 Et,
896 1704 1033 1755 sient
1062 1705 1205 1770 cogit
1252 1703 1362 1755 auri
1412 1716 1560 1756 Sacra
1606 1700 1797 1765 fames,
1825 1701 2075 1754 clericum

504 1796 604 1848 sub
633 1794 803 1862 pretio
830 1795 1120 1849 venundari
1153 1803 1458 1862 procurant,
1479 1808 1538 1848 ea
1568 1793 1818 1846 videlicet
1849 1792 2073 1858 ratione,

2190 592 2389 661 absque
2442 594 2639 649 virtute
2687 606 2858 661 erant,
2895 607 2948 649 et
2976 611 3094 662 quae
3118 591 3383 662 'olitabam
3413 597 3637 659 implere
3671 613 3785 651 non

2155 709 2158 712 ι
2188 695 2426 752 poteram
2455 706 2465 738 :
2499 700 2618 739 cum
2650 701 2779 739 vero
2826 701 3013 740 manus
3060 687 3448 754 deposuissem,
3483 687 3616 754 nihil
3650 688 3782 741 mali

2188 778 2479 832 sentiebam
2503 780 2741 832 oinnino.
2777 776 3009 848 Cognovi
3040 778 3181 832 enim
3213 776 3459 844 quoniam
3492 787 3666 830 tecum
3691 787 3784 830 est

2191 867 2465 940 Dominus,
2491 886 2555 925 eo
2586 871 2725 939 quod
2755 887 2857 924 non
2889 871 3032 940 potui
3060 871 3256 940 aliquid
3282 869 3377 923 tibi
3403 884 3619 924 nocere.
3649 867 3783 923 "me

2186 977 2250 1015 eo
2281 964 2512 1032 dicente,
2545 966 2687 1019 flevit
2731 968 2998 1031 sacerdos,
3038 967 3318 1034 imponi-ns
3362 966 3634 1020 silentium
3667 965 3782 1019 cle-

2186 1059 2316 1120 rico,
2353 1075 2703 1128 reversusque
2731 1059 2947 1113 domum
2991 1074 3158 1113 omna:
3181 1060 3467 1113 disculmit.
3497 1060 3612 1126 Qua
3642 1075 3781 1114 exa-

2185 1159 2290 1212 cta,
2323 1152 2376 1204 itt
2406 1160 2572 1204 strato
2596 1166 2692 1205 suo
2720 1152 2916 1220 quievit
2943 1197 2956 1219 ,
2990 1151 3189 1206 habens
3218 1154 3354 1207 circa
3388 1152 3582 1206 lectum
3616 1169 3780 1208 suum

2186 1241 2380 1295 multos
2425 1241 2646 1294 lectulos
2691 1241 3005 1294 clericorum
3048 1251 3095 1295 ε.
3143 1239 3379 1312 Denique
3431 1241 3588 1296 difﬁsi
3623 1243 3777 1298 bide

2189 1331 2347 1403 313
2379 1333 2592 1398 clerico,
2631 1347 2720 1400 per
2743 1349 2802 1387 se
2834 1333 2982 1388 nefas
3007 1333 3263 1400 perlicere
3292 1335 3610 1404 cogitantes,
3637 1351 3776 1390 nova

2183 1432 2490 1490 argumenta
2523 1424 2907 1490 machinantur,
2941 1441 3034 1494 per
3063 1441 3203 1494 qua),
3229 1435 3319 1480 aut
3347 1441 3467 1481 eum
3493 1429 3542 1480 vi
3569 1429 3774 1482 exstin-

2182 1526 2431 1586 guercnt,
2459 1528 2550 1572 aut
2577 1527 2722 1573 certe
2751 1520 2977 1586 crimen,
3009 1533 3114 1589 quo
3153 1535 3182 1574 a
3215 1520 3515 1576 sacerdotio
3545 1520 3774 1577 divelle-

2184 1619 2361 1672 retur,
2394 1608 2753 1679 imponerent.
2813 1607 3018 1664 Interea
3074 1612 3468 1680 quieScentibus
3518 1613 3771 1680 cunctis,

2184 1704 2356 1755 inedia
2391 1703 2506 1758 fere
2556 1715 2710 1758 nocte
2757 1706 3061 1760 cubiculum
3108 1706 3403 1760 sacerdotis
3449 1708 3771 1776 irrumpunt,

2183 1794 2542 1849 exclamantes
2595 1811 2725 1850 voce
2779 1811 2994 1868 magna,
3032 1809 3190 1868 atque
3217 1799 3451 1854 dicentes
3486 1800 3683 1855 vidisse
3711 1817 3771 1857 se

504 1898 560 1942 ut
591 1898 680 1942 aut
706 1899 848 1943 esset
875 1889 963 1958 qui
997 1889 1303 1951 redimeret,
1328 1898 1420 1941 aut
1450 1898 1594 1942 certe
1618 1888 1773 1940 morti
1800 1887 2076 1941 addicere-
2104 1894 2152 1954 Β
2181 1885 2458 1940 mulierem
2491 1901 2518 1939 a
2551 1888 2799 1941 cubiculo
2830 1889 3033 1957 egredi,
3067 1891 3342 1960 ipsamque
3377 1892 3445 1945 ob
3475 1893 3576 1946 hoc
3603 1893 3769 1947 dimi-

507 1991 589 2034 tur
631 1981 913 2035 obnoxius.
956 1979 1193 2049 Cumque
1230 1981 1341 2033 hare
1363 1979 1612 2033 Etherio
1629 1979 1880 2048 episCopu
1905 1978 2077 2032 delata

504 2071 752 2140 fuissent,
784 2071 1141 2125 misericordia
1194 2081 1404 2136 metus,
1435 2071 1572 2123 datis
1613 2069 1794 2137 viginti
1826 2070 2003 2124 aureis
2028 2069 2074 2134 δ,

501 2178 621 2217 eum
665 2163 729 2215 ab
767 2164 1057 2216 imminenti
1089 2163 1286 2217 exemit
1334 2163 1570 2216 interitu.
1609 2161 1768 2229 Igitur
1799 2173 2076 2230 postquam

501 2258 621 2310 vita:
643 2257 869 2311 donatus
893 2267 996 2320 est,
1015 2257 1216 2324 profert
1241 2270 1298 2310 se
1321 2256 1613 2309 litterarum
1637 2268 1754 2309 esse
1779 2255 2076 2318 doctorem,

501 2349 814 2418 promittens
859 2349 1147 2412 sacerdoti,
1176 2347 1317 2415 quod
1366 2349 1409 2400 si
1462 2348 1510 2401 ei
1558 2362 1754 2417 pueros
1784 2347 2074 2417 delegaret,

499 2447 764 2515 perfectos
812 2460 903 2499 eos
959 2446 1010 2499 in
1064 2444 1255 2498 litteris
1310 2443 1576 2498 redderet.
1639 2442 1863 2497 Gavisus
1892 2446 2076 2497 auditu

496 2536 770 2600 sacerdos,
797 2551 986 2604 pueros
1011 2533 1240 2590 civitatis
1265 2533 1505 2603 collegit,
1539 2534 1747 2602 ipsique
1770 2535 1980 2601 delegat
2008 2535 2076 2589 ad

498 2628 820 2684 docendum.
856 2628 1092 2696 Denique
1120 2642 1240 2681 cum
1269 2625 1376 2695 jam
1407 2627 1759 2679 honoraretur
1787 2640 1816 2678 a
1845 2626 2070 2685 civibus.

497 2730 552 2777 et
581 2719 811 2789 pontifex
829 2721 875 2774 ei
893 2719 1087 2788 aliquid
1112 2727 1269 2774 terra:
1293 2719 1675 2785 vinearumque
1706 2718 1921 2787 largitus
1945 2719 2074 2773 fuis-

497 2824 604 2878 set,
622 2828 680 2867 ac
712 2828 804 2880 per
824 2813 1012 2868 domos
1027 2825 1305 2882 pzn-emum
1337 2812 1496 2882 312
1521 2824 1853 2879 eorumquos
1868 2808 2075 2864 erudie-

497 2905 610 2968 bat,
639 2905 973 2966 invitaretur,
1002 2918 1256 2958 reversus
1285 2901 1349 2957 ad
1377 2904 1658 2966 vomitum,
1678 2901 1838 2956 unius
1869 2900 2075 2970 pueruli

497 3006 753 3058 matrem,
789 2996 1067 3050 immemor
1114 2992 1401 3048 anterioris
1451 2992 1687 3062 injuriae.
1721 2992 2071 3062 concupiscit.

498 3091 647 3157 Quod
676 3106 795 3144 cum
827 3090 1013 3159 pudica
1047 3089 1163 3157 viro
1184 3089 1384 3156 mulier
1425 3087 1773 3152 declarasset,
1804 3085 2073 3155 conjuncti

496 3192 742 3252 parentes
767 3185 880 3249 ejus
901 3182 1229 3252 gravissimis
1246 3181 1498 3234 clericum
1534 3179 1813 3235 tormentis
1841 3177 2074 3232 subden-

2181 1981 2337 2046 sisse,
2369 1979 2494 2034 dum
2525 1981 2591 2034 ad
2623 1981 2928 2050 episcOpum
2982 1981 3348 2039 festinassent.
3386 1983 3448 2038 Et
3479 1999 3610 2039 sane
3648 2002 3769 2055 pars

2182 2071 2296 2126 haec
2327 2069 2352 2108 ἀ
2383 2082 2436 2125 et
2465 2073 2744 2126 consilium
2775 2073 2969 2129 diaboli
3004 2074 3140 2143 fuit,
3172 2085 3227 2129 ut
3273 2076 3324 2130 in
3358 2076 3446 2130 tali
3480 2086 3636 2132 aetate
3664 2078 3767 2132 cri-

2182 2180 2304 2218 men
2337 2167 2671 2233 imponerent
2697 2167 2982 2231 saccrdoti,
3009 2169 3096 2238 qui
3129 2178 3245 2222 erat
3288 2166 3399 2224 fere
3429 2172 3762 2240 septuaginta

2181 2269 2460 2308 annorum.
2493 2255 2599 2310 Nec
2625 2270 2775 2309 mora
2799 2299 2812 2323 ,
2845 2257 3134 2326 conjuncto
3178 2273 3358 2314 secum
3393 2262 3584 2315 iterum
3617 2271 3766 2318 ante—

2179 2346 2324 2401 dicto
2355 2347 2569 2412 clerico,
2601 2349 2846 2418 alligatur
2892 2351 3146 2407 sacerdos
3175 2354 3379 2408 catenis
3406 2354 3472 2408 ab
3501 2355 3620 2426 ejus
3653 2373 3764 2411 uta-

2180 2438 2358 2503 nibus,
2391 2439 2457 2494 de
2485 2439 2636 2509 cujus
2667 2442 2806 2495 collo
2843 2443 3038 2511 saepius
3085 2445 3298 2499 vincula
3331 2445 3678 2514 discusserat,
3709 2457 3761 2504 et

2179 2530 2362 2585 arduae
2383 2532 2645 2587 custodiae
2689 2533 3020 2602 mancipatur
3047 2533 3116 2589 ab
3139 2547 3225 2601 eo,
3255 2551 3411 2606 quem
3438 2537 3505 2592 de
3535 2539 3762 2594 ctenosis

2179 2624 2484 2678 carceribus
2516 2628 2824 2694 p'erumquc
2854 2626 3190 2682 liberaverat.
3223 2632 3289 2683 At
3317 2629 3403 2684 ille
3430 2645 3758 2702 cognoscens

2179 2717 2426 2772 inimicos
2455 2719 2553 2772 sibi
2583 2719 2930 2774 vehementer
2958 2721 3269 2786 invaluisse,
3306 2721 3516 2778 Domini
3548 2725 3760 2780 miseri-

2178 2809 2414 2863 cordiam
2451 2824 2570 2863 cum
2619 2811 2868 2882 lacrytnis
2896 2813 2947 2866 in
2978 2813 3182 2867 vincula
3214 2826 3520 2884 compactus
3551 2827 3759 2872 exorat.

2180 2900 2298 2955 Mox
2329 2901 2700 2970 opprimuntur
2730 2917 2921 2957 somno
2951 2906 3223 2973 custodes,
3253 2907 3538 2978 solutisque
3569 2909 3764 2964 divini-

2179 3000 2262 3046 tus
2293 2992 2504 3056 vinclis,
2535 2992 2602 3046 de
2631 2994 2868 3048 custodia
2900 2997 3145 3065 procedit
3175 2997 3447 3065 innoxius,
3477 2999 3763 3055 noxiorum

2177 3085 2639 3154 frequentissimus
2659 3087 2912 3142 liberator
2935 3105 2948 3142 :
2969 3088 3164 3144 deinde
3179 3089 3438 3159 dilapsus,
3457 3093 3522 3146 ad
3540 3108 3764 3162 regnum

2178 3177 2566 3233 Guntchratnni
2594 3181 2734 3249 regis
2760 3181 2992 3235 transiit.
3026 3183 3143 3248 Quo
3173 3185 3504 3251 discedente,
3540 3186 3765 3242 liberius

495 3283 576 3330 tes
600 3315 616 3340 ,
648 3277 970 3330 interimere.
1004 3275 1302 3334 voluerunt.
1358 3275 1526 3337 Quem
1578 3272 1830 3327 sacerdos
1879 3273 2070 3326 iterum
2099 3265 2148 3337 ο
2172 3267 2283 3338 jam
2312 3270 2586 3338 conjuncti
2635 3272 2889 3328 satellites
2934 3273 3000 3328 ad
3045 3289 3223 3345 regem
3251 3277 3610 3348 Chilpericum
3647 3297 3766 3352 pro-

495 3363 858 3418 misericordia
901 3376 1111 3422 motus,
1144 3363 1458 3429 castigatum
1492 3361 1671 3415 verbis
1703 3360 1911 3414 lenibus
1939 3361 2072 3415 Iibe-

495 3452 670 3516 ravit,
707 3453 1001 3522 honorique
1033 3451 1284 3505 restituit.
1317 3451 1424 3507 Sed
1458 3467 1606 3506 mens
1644 3453 1774 3506 laeva
1805 3467 2070 3519 nunquam

496 3545 561 3600 ad
594 3545 884 3599 bonitatem
919 3542 1090 3613 potuit
1133 3544 1412 3612 inclinari,
1426 3547 1527 3606 sed
1575 3546 1750 3613 potius
1780 3544 1949 3598 factus
1990 3554 2073 3600 est

496 3637 612 3706 ejus
637 3635 905 3702 inimicus,
935 3653 964 3692 a
993 3653 1098 3708 quo
1128 3639 1321 3704 saepius
1348 3637 1520 3692 fuerat
1558 3638 1624 3691 de
1665 3646 1833 3692 morte
1860 3637 2071 3692 redem-

495 3736 636 3796 ptus.
677 3725 1008 3798 Conjunctns
1050 3736 1131 3782 est
1160 3729 1300 3782 enim
1331 3727 1708 3782 archidiacono
1737 3726 1987 3793 civitatis,
2018 3737 2072 3783 et

493 3835 554 3877 se
585 3823 892 3892 episcopatu
933 3822 1148 3892 dignum
1185 3823 1480 3889 proferens,
1518 3822 1825 3891 episcopum
1855 3822 2072 3876 molitur

493 3915 758 3970 occidere.
800 3915 1102 3985 Locatoque
1141 3914 1357 3983 clerico,
1396 3915 1482 3983 qui
1522 3929 1645 3968 eum
1686 3914 1915 3983 bipenne
1954 3929 2072 3982 per-

492 4018 716 4073 cuteret,
746 4009 844 4079 ipsi
883 4009 1078 4078 ubique
1115 4009 1443 4076 discurrunt,
1475 4010 1776 4073 mussitant,
1811 4009 2072 4062 amicitias

490 4101 626 4156 clam
653 4101 872 4170 illigant,
895 4104 1170 4171 proferunt
1195 4102 1436 4171 praemia,
1453 4111 1508 4155 ut
1525 4100 1568 4155 si
1594 4102 1845 4155 sacerdos
1872 4101 2066 4165 obiret,

492 4195 606 4266 ipse
631 4196 963 4251 succederet.
993 4195 1095 4251 Sed
1128 4196 1493 4250 misericordia
1529 4195 1735 4249 Domini
1765 4196 2071 4264 anticipavit

490 4301 675 4340 eorum
706 4287 1012 4354 perﬁdiam,
1046 4284 1524 4355 crudelitatemque
1561 4286 1859 4352 iniquorum
1892 4285 2065 4339 homi-

489 4393 616 4434 num
648 4378 815 4432 velooi
847 4379 1042 4445 pietate
1072 4377 1344 4446 repressit.
1393 4378 1488 4431 Die
1525 4391 1654 4430 vero
1686 4391 1790 4444 quo
1819 4376 2069 4430 sacerdos

489 4469 764 4536 operarios
799 4468 849 4518 ln
883 4479 1008 4535 agro
1038 4476 1413 4536 aggregaverat
1443 4466 1508 4519 ad
1537 4467 1878 4529 sulcandum,
1910 4466 2068 4520 cleri-

487 4572 582 4613 cus
619 4557 917 4612 antedictus
962 4574 1084 4612 cum
1125 4559 1298 4612 securi
1344 4558 1684 4626 prosequitur
1731 4559 2064 4614 sacerdotem

2176 3372 2366 3432 perant
2411 3375 2508 3431 pro
2554 3365 2862 3434 episcopatu
2911 3369 3183 3437 petendo,
3217 3369 3380 3426 multa
3431 3373 3654 3428 crimina
3699 3376 3766 3430 de

2175 3455 2428 3523 episcopo
2476 3457 2896 3526 proloquentes,
2949 3461 3208 3517 addentes
3251 3464 3471 3520 ista:ln
3521 3465 3622 3522 hoc
3673 3483 3764 3523 co-

2177 3561 2394 3619 gnosce,
2421 3561 2513 3604 rex
2561 3549 2944 3620 gloriosissime
2966 3594 2980 3618 ,
3010 3569 3134 3608 vera
3161 3570 3279 3612 esse
3307 3557 3424 3612 htec
3473 3574 3594 3630 qua:
3635 3559 3766 3616 dici-

2177 3655 2317 3707 mus,
2347 3642 2468 3709 quia
2513 3652 2739 3698 mortetu
2791 3659 2885 3711 pro
2933 3647 3226 3704 sceleribus
3255 3649 3446 3706 timens
3489 3652 3556 3707 ad
3587 3652 3766 3710 fratris

2178 3734 2252 3786 tui
2304 3733 2514 3786 transiit
2543 3748 2788 3803 regnum.
2829 3735 2982 3803 Quod
3024 3738 3112 3794 ille
3157 3753 3262 3795 non
3295 3743 3544 3811 credens,
3572 3745 3671 3801 hos
3698 3747 3763 3801 ad

2175 3825 2442 3882 civitatem
2491 3828 2662 3883 redire
2689 3830 2856 3898 jubet.
2912 3831 3046 3887 Dum
3100 3834 3213 3889 haec
3247 3849 3556 3907 agerentur,
3588 3845 3762 3896 nttesti

2175 3923 2320 3977 cives
2349 3922 2416 3977 de
2442 3925 2668 3992 pastoris
2717 3924 2978 3992 absentia,
3019 3939 3406 3999 cognoscentes
3438 3932 3614 3986 omnia
3645 3949 3762 4003 quae

2176 4013 2240 4067 de
2267 4026 2332 4068 eo
2364 4025 2476 4068 acta
2508 4015 2722 4070 fuerant
2758 4029 2854 4086 per
2894 4016 3143 4073 invidiam
3174 4029 3228 4074 et
3258 4022 3538 4076 avaritiam
3575 4037 3764 4094 perpe-

2177 4114 2336 4170 trata,
2369 4106 2765 4174 apprehensum
2795 4123 2914 4162 cum
2962 4111 3186 4165 satellite
3219 4112 3652 4168 archidiaconum
3677 4115 3762 4168 itt-

2170 4197 2324 4266 jurim
2365 4199 2677 4266 subdentes,
2710 4202 2780 4256 ad
2812 4217 2992 4273 regem
3040 4205 3327 4274 petierunt,
3362 4217 3417 4262 ut
3463 4209 3762 4277 reciperent

2173 4292 2506 4348 sacerdotem
2539 4310 2714 4350 suum.
2752 4298 2818 4350 At
2870 4312 2966 4351 rex
2998 4296 3198 4364 legatos
3249 4299 3398 4354 fratri
3428 4315 3528 4353 suo
3560 4301 3758 4371 dirigit,

2173 4398 2420 4442 asserens
2449 4383 2578 4438 nihil
2602 4399 2659 4440 se
2681 4387 2920 4441 criminis
2947 4388 2997 4442 in
3023 4388 3281 4458 episcopo
3305 4392 3594 4460 reperisse.
3611 4389 3760 4446 Tunc

2173 4473 2604 4532 Guntchramnus
2653 4491 2745 4531 rex
2773 4520 2788 4546 ,
2821 4488 2878 4534 ut
2901 4489 3017 4534 erat
3050 4479 3310 4551 benignus
3339 4491 3394 4537 et
3423 4484 3662 4550 protinus
3691 4486 3756 4538 ad

2173 4569 2559 4633 miserandum,
2586 4567 2751 4623 multa
2794 4570 2842 4624 ei
2875 4586 3097 4626 munera
3146 4573 3390 4637 contulit,
3419 4573 3555 4628 dans
3599 4575 3757 4628 etiam

486 4648 618 4706 nihil
662 4650 731 4705 de
783 4649 864 4704 his
891 4651 1101 4717 penitus
1155 4652 1432 4706 scientem.
1481 4650 1718 4706 Tandem
1764 4652 1922 4723 igitur
1951 4653 2064 4709 hinc
2094 4661 2147 4720 D
2173 4660 2427 4728 epistolas
2472 4675 2565 4729 per
2601 4673 2786 4714 omnes
2813 4661 3097 4732 episcopos
3130 4665 3275 4731 regni
3307 4664 3410 4729 sui,
3442 4676 3496 4718 nt
3527 4667 3758 4738 peregri-

486 4743 976 4811 advertenszQuid
1025 4752 1101 4810 tu,
1136 4745 1326 4814 inquit,
1379 4759 1465 4799 me
1513 4745 1769 4798 attentius
1800 4759 1918 4799 cum
1966 4746 2063 4801 hac

484 4838 715 4906 bipenne
748 4835 1122 4908 prosequeris?
1170 4839 1238 4892 At
1277 4837 1364 4893 ille
1411 4839 1602 4892 timore
1636 4838 1967 4905 perterritus,
1996 4836 2060 4891 ad

482 4943 653 4998 genua
682 4929 776 4983 viri
820 4928 1166 4996 provolvitur,
1199 4929 1384 4986 dicens
1411 4929 1623 4984 :Fortis
1653 4940 1791 4994 esto,
1814 4930 2062 4986 sacerdos

387 5061 399 5065 -
483 5019 598 5074 Dei.
626 5020 755 5073 Nam
789 5023 928 5078 scias
959 5035 1042 5076 tne
1069 5022 1325 5076 emissum
1349 5023 1415 5077 ab
1437 5022 1813 5076 archidiacono
1835 5037 1898 5076 ac
1928 5038 2063 5092 prcc-

480 5122 717 5180 ceptore,
752 5123 808 5167 ut
839 5123 889 5168 te
918 5115 1090 5169 securi
1127 5125 1479 5183 pcrcuterem.
1534 5115 1682 5182 Quod
1717 5131 1834 5170 cum
1866 5117 2058 5184 Stepius

478 5205 661 5260 facere
693 5207 1001 5273 voluissem,
1025 5218 1080 5263 et
1107 5210 1267 5262 ictum
1291 5208 1481 5262 dextra
1506 5223 1760 5276 suspensa
1786 5209 2054 5274 librarent,

480 5296 796 5362 tegebantur
823 5300 1055 5354 tenebris
1076 5301 1215 5355 oculi
1244 5300 1366 5365 mei,
1392 5301 1445 5354 et
1464 5313 1622 5354 aures
1646 5301 2052 5366 obserabantur,

478 5469 610 5542 teris
659 5472 908 5542 omnibus
961 5473 1204 5534 habetur,
1251 5475 1374 5528 dicit
1406 5475 1601 5542 pariter
1645 5474 1711 5526 de
1759 5472 1813 5527 S.
1845 5472 2057 5527 Tctrico

477 5539 647 5608 episc.
700 5539 1050 5610 Lingonensi,
1082 5550 1346 5616 cujus“...
1383 5539 1674 5597 memoriam
1721 5544 1961 5610 Icarum;
1991 5543 2056 5598 de

477 5621 587 5678 quo
617 5622 791 5664 tamen
822 5617 954 5680 apud
981 5631 1099 5665 eum
1142 5615 1269 5668 nihil
1307 5615 1592 5668 invenitur.

474 5688 515 5731 ’τ
549 5688 577 5753 _‘
617 5681 828 5751 Regtn.,
862 5695 1150 5752 mutatoque
1180 5688 1392 5753 [initium
1423 5686 1594 5738 Itttbitu
1625 5686 1674 5739 in
1707 5686 1920 5740 virilextt.

549 5748 579 5790 ³⁸
610 5748 752 5825 [dein
784 5755 970 5821 codex,
1005 5748 1275 5825 argenteis.

554 5831 579 5861 ⁸
603 5823 758 5878 Juxta
789 5840 1046 5878 cano-tum
1070 5823 1485 5892 rprtescriptunt,
1517 5827 1601 5894 qui
1635 5825 1818 5882 volunt
1847 5828 2052 5896 episco-

2169 4772 2294 4810 ntttn
2342 4755 2517 4825 aliquo
2553 4766 2698 4826 epro
2746 4755 2841 4810 Dei
2887 4756 3076 4812 intuitu
3127 4758 3554 4813 eottsolaretttur.
3600 4757 3760 4830 315

2169 4848 2319 4903 Tunc
2372 4847 2687 4902 circumiens
2735 4847 3015 4909 civitates,
3065 4857 3206 4903 tanta
3255 4849 3300 4903 ei
3332 4863 3360 4902 a
3393 4849 3757 4905 sacerdotibus

2169 4940 2262 4994 Dei
2293 4939 2481 4993 collata
2517 4947 2658 5002 sunt,
2694 4948 2799 4992 tam
2843 4941 2893 4992 in
2940 4941 3177 4994 vestibus
3207 4953 3363 5006 quam
3415 4940 3467 4994 in
3521 4954 3672 5006 auro,
3703 4949 3754 4994 ut

2165 5033 2251 5088 vix
2282 5031 2480 5086 civitati
2527 5048 2644 5100 qua:
2677 5041 2942 5086 meruerat
2980 5042 3158 5103 posset
3199 5032 3416 5099 inferri;
3449 5034 3751 5104 impletum-

2166 5145 2269 5198 qtte
2297 5138 2378 5182 est
2417 5128 2543 5182 illud
2576 5127 2718 5196 quod
2765 5127 2838 5182 ait
2889 5129 3212 5194 Apostolus:
3241 5128 3376 5194 Quia
3429 5129 3754 5198 diligentibus

2162 5222 2329 5276 Deum
2379 5223 2550 5275 omnia
2595 5230 2903 5274 concurrunt
2949 5221 3004 5273 in
3047 5222 3230 5273 bonum
3278 5220 3454 5290 (liam.
3486 5235 3604 5285 vttt,
3634 5219 3750 5291 28).

2162 5317 2292 5372 Nam
2347 5317 2468 5370 huic
2516 5313 2876 5386 peregrinatio
2920 5313 3130 5368 divitias
3179 5315 3374 5382 attulit,
3406 5325 3458 5370 et
3505 5315 3751 5374 exsilium

2163 5485 2260 5540 pos
2307 5485 2518 5536 semper
2546 5469 2751 5540 habere
2789 5483 2968 5523 secum
3026 5476 3187 5540 testes
3221 5468 3734 5540 pt‘ivat:c_su_re_con-

2161 5535 2510 5602 versationis,
2543 5557 2663 5593 can.
2715 5539 2843 5592 Cum
2883 5542 3122 5608 pastoris,
3153 5535 3325 5607 2,7qu.
3359 5539 3410 5591 7.
3442 5535 3543 5591 Adi
3581 5537 3739 5604 Creg.

2162 5611 2226 5665 Μ.
2266 5612 2358 5666 lib.
2415 5626 2484 5675 tv,
2516 5613 2672 5678 epist.
2718 5608 2797 5663 tisi.
2841 5610 3221 5662 Concellaneos
3272 5609 3506 5676 appellat
3549 5611 3745 5677 synod-

2161 5685 2312 5735 liotn.
2346 5683 2394 5734 in
2428 5696 2582 5735 causa
2615 5680 2947 5748 Symmachi,
2975 5678 3144 5732 ϐρίθει
3172 5697 3283 5749 syn;
3305 5681 3455 5733 ellos.

2232 5751 2255 5789 ἀ
2296 5752 2493 5817 (fasin.,
2521 5750 2589 5803 Et
2620 5753 2831 5804 insanire
2858 5767 2975 5819 pars
3002 5749 3130 5803 ltwc.

2234 5833 2255 5861 ο
2290 5823 2436 5886 liec.,
2465 5822 2680 5892 aliquid.
