4096 6344
377 357 484 418 ωδ

1307 361 1628 421 HISTORIA
1660 358 2104 418 FRAiVLUIlUM.
2150 365 2352 421 LIBER
2394 367 2674 424 SEXTUS.

3533 377 3640 433 406

373 490 510 545 opes
552 475 745 530 multas
793 475 1014 532 invexit.
1067 476 1312 534 Posthac
1359 480 1666 549 regrediens
1697 495 1726 533 a
1757 479 1961 536 civibus
1987 483 2043 542 Α
2067 476 2252 537 urbem
2284 485 2575 541 Arvernam
2605 486 2867 554 residens,
2888 488 3146 559 judicium
3178 500 3467 555 emanaret,
3497 493 3640 548 scili-

373 583 498 623 cum
531 569 619 622 tali
647 568 1162 638 honore-susceptus
1188 581 1292 635 est,
1317 581 1374 626 ut
1403 587 1511 641 prae
1532 571 1724 642 gaudio
1747 571 1958 639 ﬂerent,

372 669 432 716 et
460 660 838 716 benedicerent
867 661 1036 717 Deum
1062 708 1073 732 ,
1107 680 1196 735 qui
1229 666 1440 720 tandem
1488 666 1728 722 ecclesiae
1757 675 1960 722 tantum

373 754 613 810 restituit
639 755 991 811 sacerdotem.

451 846 716 902 XXXVII.
751 847 1042 918 Lupentins
1072 859 1097 886 ⁸
1125 867 1254 906 vero
1300 851 1465 907 abbas
1510 851 1744 907 basilicae
1790 852 1960 907 sancti

372 936 578 993 Privati
609 939 860 1010 martyris
891 942 1039 995 urbis
1070 939 1426 1010 Gabalitanae,
1448 956 1478 996 a
1512 940 1852 997 Bruniehilde
1878 955 1962 996 re-

375 1031 500 1100 gina
531 1033 859 1098 arcessitus,
891 1034 1133 1087 advenit.
1161 1035 1432 1088 incusatus
1457 1034 1598 1087 enim
1619 1075 1635 1100 ,
1662 1043 1718 1088 ut
1751 1033 1922 1088 ferunt
1942 1076 1956 1099 ,

372 1124 548 1178 fuerat
577 1124 647 1177 ab
672 1123 986 1178 Innocentio
1036 1126 1354 1193 supradicta:
1386 1126 1530 1179 urbis
1559 1123 1756 1179 comite
1777 1167 1794 1193 ,
1821 1125 1960 1194 quod

373 1214 658 1285 profanum
669 1215 871 1284 aliquid
885 1216 1074 1270 elfatus
1086 1218 1152 1272 de
1165 1217 1347 1286 regina
1363 1217 1566 1273 luisset.
1582 1218 1686 1273 Sed
1703 1218 1959 1274 discussis

373 1306 577 1371 causis,
605 1321 724 1360 cum
757 1307 992 1364 nihildic
1018 1309 1242 1363 crimine
1271 1309 1568 1378 majestatis
1596 1313 1845 1364 conscius
1871 1326 1959 1368 es-

373 1410 460 1456 set
489 1402 766 1468 inventus,
797 1404 1075 1459 discedere
1102 1406 1282 1472 jussus
1323 1413 1424 1458 est.
1457 1406 1650 1459 Verum
1695 1407 1784 1459 ubi
1820 1406 1956 1460 viam

371 1507 597 1562 carpere
618 1496 799 1563 carpit,
831 1497 1023 1550 iterum
1057 1496 1125 1550 ab
1155 1496 1425 1551 antedieto
1449 1498 1646 1551 comite
1675 1509 1881 1565 captus,
1905 1508 1959 1553 et

369 1589 440 1642 ad
474 1589 823 1644 Ponticouem
846 1591 1026 1645 villam
1057 1592 1337 1658 deductus,
1365 1592 1548 1645 multis
1580 1592 1852 1660 suppliciis
1877 1601 1958 1646 est

370 1681 627 1747 aliectus;
661 1683 1024 1750 dimissusque
1070 1685 1261 1739 iterum
1292 1694 1349 1739 ut
1377 1685 1610 1749 rediret,
1645 1701 1764 1738 cum
1797 1700 1957 1752 super

369 1776 614 1829 Axonam
646 1773 863 1829 [luvium
903 1778 1192 1831 tentorium
1225 1777 1764 1840 tetendisset,iterum
1793 1778 1950 1832 irruit

2063 584 2148 629 cet
2180 585 2234 630 ut
2261 579 2561 646 parochias,
2590 593 2722 650 quas
2753 596 3018 650 nunquam
3045 581 3252 638 Rutena
3283 583 3522 639 Ecclesia
3560 593 3639 641 te-

2062 670 2248 724 nuisse
2276 672 2636 730 recolebatur.
2666 675 2927 744 reciperet
2971 693 2984 728 :
3032 677 3171 746 quod
3205 678 3274 731 ita
3307 677 3501 734 factum
3532 690 3633 736 est.

2136 761 2378 816 XXXIX.
2431 765 2699 834 Remigius
2731 775 2753 804 θ
2789 768 3076 839 Biturigum
3125 771 3406 840 episcopus
3451 773 3582 827 obiit
3623 792 3633 824 :

2064 854 2216 922 cujus
2250 863 2368 921 post
2400 859 2680 911 transitum
2709 862 2854 928 gravi
2885 861 3132 916 incendio
3163 869 3284 931 pars
3315 865 3540 918 maxima
3565 865 3637 919 ci—

2065 946 2248 998 vitatis
2276 958 2510 1000 creruata
2540 958 2640 1012 est,
2671 951 2849 1016 ibique
2877 951 2894 990 ¹
2929 955 3015 1008 illa
3044 969 3160 1024 quae
3192 955 3467 1009 hostilitati
3493 971 3637 1011 rese-

2063 1037 2272 1104 derant,
2306 1041 2596 1107 petierunt.
2625 1041 2868 1098 Posthace
2897 1045 3158 1114 Sulpicius
3186 1046 3235 1100 in
3268 1047 3382 1116 ipsa
3411 1047 3540 1101 urbe
3570 1048 3633 1100 ad

2063 1134 2442 1197 sacerdotium,
2460 1134 2858 1190 Guntcliramno
2883 1151 3004 1208 rege
3034 1137 3261 1205 favente,
3289 1139 3631 1209 prteeiigitur.

2061 1227 2191 1282 Nam
2222 1243 2340 1282 cmn
2370 1229 2516 1282 multi
2550 1244 2772 1284 munera
2800 1230 3069 1297 offerrent,
3097 1233 3208 1286 haec
3239 1246 3329 1287 rex
3363 1233 3635 1301 cpisc0pa-

2062 1331 2170 1374 tum
2194 1322 2554 1390 quaerentibus
2582 1322 2920 1390 respOndisse
2949 1322 3116 1376 fertur
3145 1340 3158 1374 :
3187 1322 3301 1376 Non
3333 1330 3416 1377 est
3444 1321 3636 1391 princi-

2060 1427 2219 1486 palus
2254 1416 2422 1469 nostri
2454 1415 2806 1479 consuetudo,
2831 1415 3184 1469 sacerdmium
3209 1403 3514 1469 venundare
3539 1413 3637 1467 sub

2065 1510 2264 1576 pretio,
2299 1509 2391 1562 sed
2437 1525 2537 1564 nec
2567 1522 2802 1564 vestrum
2836 1525 2952 1564 cum
2988 1507 3220 1578 praemiis
3261 1503 3571 1577 comparare
3620 1525 3632 1560 :

2063 1623 2128 1660 ne
2160 1617 2210 1660 et
2243 1622 2337 1662 nos
2365 1610 2534 1677 turpis
2565 1608 2695 1662 lucri
2740 1607 2954 1662 inlauiia
2985 1620 3249 1670 notemur,
3274 1616 3328 1660 et
3351 1623 3445 1660 vos
3485 1607 3634 1677 Mago

2061 1699 2261 1754 Simoni
2309 1702 2712 1769 comparemini.
2757 1701 2860 1756 Sed
2907 1700 3062 1770 juxta
3111 1701 3199 1756 Dei
3253 1699 3634 1767 prrcscientiam

2069 1791 2335 1859 Sulpicius
2366 1793 2516 1846 vobis
2545 1793 2643 1847 crit
2674 1794 2974 1862 cpiscopus.
3007 1793 3070 1848 Et
3105 1794 3180 1847 sic
3219 1792 3283 1846 ad
3332 1791 3634 1846 clericatum

369 1880 534 1934 super
560 1882 682 1922 eum
717 1869 966 1924 inimicus
994 1872 1132 1939 ejus.
1165 1871 1330 1942 Cujus
1362 1873 1410 1926 vi
1440 1873 1680 1941 oppressi
1709 1883 1954 1942 amputa-
1986 1857 2036 1919 Β
2059 1857 2353 1948 deductus,
2379 1884 2744 1952 episcopatum
2777 1884 3016 1939 ecclesize
3039 1884 3353 1952 supradicta:
3382 1882 3632 1952 suscepit.

366 1967 480 2013 tum
509 1973 668 2032 caput
698 1964 750 2017 in
785 1964 994 2018 culeum
1025 1974 1303 2020 oneratum
1353 1967 1615 2035 lapidibus
1659 1967 1866 2036 posuit,
1897 1979 1951 2023 et

365 2050 575 2108 ﬂumini
622 2053 800 2122 dedit;
849 2057 1112 2125 reliquum
1143 2071 1273 2111 vero
1314 2071 1512 2127 corpus
1552 2059 1789 2114 vinctum
1827 2073 1948 2112 cum

365 2159 501 2198 saxo
550 2146 814 2202 immersit
859 2149 1073 2217 gurgiti.
1105 2149 1232 2204 Post
1259 2149 1376 2204 dies
1405 2165 1535 2205 vero
1563 2165 1759 2220 paucos
1789 2167 1950 2220 appa-

368 2241 483 2293 ruit
512 2241 828 2309 quibusdam
863 2243 1165 2309 pastoribus
1185 2285 1201 2309 ,
1229 2252 1284 2296 et
1313 2243 1390 2297 sic
1419 2251 1724 2298 extractum
1772 2259 1802 2297 a
1848 2243 1949 2298 ﬂu-

364 2329 513 2386 mine
541 2333 830 2401 sepulturte
855 2333 1161 2388 mandatum
1195 2343 1294 2390 est.
1315 2335 1420 2390 Sed
1451 2335 1576 2389 dum
1605 2337 1950 2391 necessitates

363 2420 572 2478 funeris
602 2435 935 2493 pararentur,
963 2437 1018 2480 et
1049 2427 1385 2495 ignoraretur
1411 2428 1529 2497 quis
1556 2439 1702 2484 esset
1727 2445 1758 2484 e
1783 2444 1948 2500 popu-

362 2513 436 2580 lo,
473 2509 929 2582 praesertim‘cum
977 2527 1139 2587 caput
1180 2518 1407 2589 truncati
1452 2535 1558 2575 non
1599 2523 1944 2592 inveniretur,

363 2610 544 2663 subito
586 2610 882 2665 adveniens
912 2613 1088 2680 aquila
1120 2612 1314 2666 levavit
1340 2614 1547 2668 culeum
1588 2631 1616 2670 a
1658 2617 1821 2670 fundo
1852 2617 1948 2672 (lu-

360 2701 545 2766 minis,
571 2710 624 2755 et
655 2707 783 2769 ripa
813 2703 1092 2771 deposuit:
1122 2704 1553 2776 admirantesque
1578 2710 1667 2778 qui
1698 2710 1942 2778 aderant,

361 2792 703 2860 apprehenso
729 2794 912 2858 culeo,
941 2796 1066 2849 dum
1109 2797 1332 2852 sollicite
1360 2799 1488 2868 quid
1519 2803 1822 2857 contineret
1864 2804 1947 2858 in-

359 2885 602 2954 quirunt,
633 2896 794 2954 caput
826 2889 1050 2942 truncati
1081 2891 1371 2959 reperiunt,
1397 2903 1449 2947 et
1473 2893 1549 2946 sic
1576 2909 1696 2948 cum
1727 2896 1947 2966 reliquis

367 2973 596 3029 artubus
623 2984 705 3030 est
732 2976 1021 3046 sepultum.
1048 2979 1178 3033 Nam
1214 2983 1388 3036 ferunt
1417 2999 1556 3038 nunc
1586 2994 1639 3039 et
1670 2985 1845 3040 lumen
1875 2988 1946 3043 iui

362 3067 614 3121 divinitus
638 3083 897 3137 apparere
927 3088 940 3123 :
969 3082 1020 3124 et
1051 3073 1094 3124 si
1146 3072 1389 3128 inﬁrmus
1419 3075 1484 3128 ad
1513 3077 1653 3130 hunc
1685 3079 1944 3133 tumulum

361 3159 588 3214 lideliter
610 3161 924 3230 deprecatus
955 3163 1142 3233 fuerit,
1170 3175 1387 3235 accepta
1431 3170 1689 3238 sospitate
1719 3171 1940 3227 recedit.

2061 1977 2153 2033 Est
2185 1979 2323 2032 enim
2359 1979 2435 2032 vir
2466 1977 2617 2032 valde
2650 1979 2875 2043 nobilis,
2905 1987 2956 2032 ct
2984 1978 3047 2032 de
3080 1978 3263 2047 primis
3296 1976 3634 2032 senatoribus

2059 2071 2373 2139 Galliarum,
2399 2075 2448 2126 in
2479 2073 2665 2128 litteris
2691 2075 2822 2128 bene
2855 2073 3092 2128 eruditus
3121 2074 3422 2137 rhetoricis,
3451 2073 3500 2126 in
3527 2058 3633 2126 tne-

2057 2165 2206 2220 tricis
2224 2179 2352 2220 vero
2375 2165 2578 2219 artibus
2603 2165 2730 2220 nulli
2757 2165 3039 2221 secundus.
3061 2167 3154 2219 llic
3179 2167 3438 2235 synodum
3465 2165 3632 2232 illaut,

2055 2256 2209 2323 cujus
2254 2270 2416 2325 supra
2461 2255 2828 2321 meminimus,
2869 2272 2964 2328 pro
3007 2257 3274 2326 parocliiis
3317 2255 3631 2310 Cadurcinis

2057 2347 2173 2401 fieri
2205 2348 2554 2402 commonuit.
3129 2347 3131 2350 ⁴
3357 2353 3360 2360 ’
3522 2342 3526 2352 ’

2128 2439 2239 2493 XL.
2269 2439 2496 2510 Legatus
2521 2455 2667 2508 tero,
2685 2440 2870 2509 Oppila
2900 2440 3132 2504 nomine,
3154 2438 3220 2493 de
3249 2435 3518 2507 Hispaniis
3539 2438 3628 2490 ad-

2056 2533 2223 2596 venit,
2251 2531 2416 2585 ritulta
2453 2547 2675 2586 munera
2706 2532 2866 2603 316
2896 2531 3198 2599 Chilperico
3225 2531 3332 2599 regi
3361 2528 3628 2585 deferens.

2052 2620 2299 2676 'l‘imebat
2323 2624 2463 2676 enim
2486 2637 2581 2678 rex
2607 2622 3065 2691 Hispanorum,ne
3091 2619 3456 2675 Cliildebertus
3477 2635 3628 2674 exer-

2053 2716 2220 2768 citum
2251 2715 2315 2768 ad
2348 2715 2706 2770 ulciscendam
2736 2714 2938 2767 sororis
2965 2727 3076 2768 suae
3099 2703 3351 2782 iniuriam
3391 2723 3627 2765 commo-

2051 2815 2204 2860 veret
2235 2822 2247 2858 :
2283 2809 2402 2873 quia
2437 2806 2810 2860 Leuvichildus
2852 2805 3241 2873 apprehensum
3276 2803 3438 2856 filium
3471 2817 3625 2856 suum

2052 2899 2545 2967 Hermenegildum,
2566 2899 2650 2967 qui
2675 2912 2914 2952 sororem
2935 2907 2959 2944 κ
2978 2897 3303 2952 Childeberti
3325 2901 3627 2965 acceperat,

2050 2999 2343 3047 retruserat
2369 2991 2421 3043 in
2451 2990 2765 3054 custodiam,
2790 2989 2902 3057 ipsa
2933 2988 3151 3042 muliere
3175 3003 3294 3043 cum
3321 2983 3524 3042 Graecis
3543 2999 3628 3041 rea

2050 3083 2195 3138 licta.
2218 3084 2380 3152 Igitur
2401 3098 2517 3136 cum
2549 3082 2635 3136 die
2661 3092 2848 3136 sancto
2868 3080 3086 3136 Pascha:
3118 3080 3203 3134 hic
3232 3080 3439 3150 legatus
3459 3079 3627 3135 Turo~

2051 3177 2134 3231 nis
2180 3176 2510 3240 advenisset,
2533 3174 2788 3232 sciscitati
2823 3190 3037 3239 sumus,
3066 3182 3241 3228 utrum
3273 3184 3471 3229 nostra:
3500 3173 3626 3228 reli-

431 3251 717 3307 XXXVIII.
745 3254 1078 3312 Theodosius
1104 3256 1132 3296 ι’
1170 3258 1500 3315 Rutenorum
1528 3264 1942 3336 episeopus,qui
1969 3249 2021 3315 Ο
2050 3269 2222 3338 gionis
2270 3278 2430 3324 esset.
2469 3268 2762 3337 Respondit
2808 3269 2923 3336 ipse
2971 3282 3030 3323 se
3074 3267 3175 3323 hoc
3219 3267 3441 3323 credere
3485 3267 3624 3337 quod

360 3353 545 3399 sancto
577 3344 841 3401 Dalmatio
879 3348 1038 3420 315
1077 3345 1432 3418 successerat,
1463 3353 1603 3410 diem
1647 3356 1779 3411 obiit
1826 3377 1840 3414 :
1890 3360 1944 3414 in

359 3451 461 3507 qua
491 3438 717 3494 ecclesia
749 3438 1012 3494 iutautum
1045 3457 1140 3510 pro
1172 3443 1484 3512 episcOpatu
1525 3446 1849 3504 intentiones
1889 3460 1945 3506 et

359 3530 610 3585 scandala
637 3540 752 3585 orta
783 3534 1186 3601 convaluerunt,
1223 3548 1274 3590 ut
1317 3552 1451 3606 pene
1494 3541 1661 3596 sacris
1706 3542 1944 3598 ministe-

357 3621 560 3677 riorum
587 3623 729 3679 vasis
768 3634 822 3679 et
865 3625 1009 3680 omni
1060 3627 1310 3682 facultate
1352 3631 1562 3686 meliori
1603 3633 1894 3690 nudaretur
1927 3654 1936 3688 :

357 3725 729 3773 verumtamen
759 3719 1138 3775 Transobadus
1171 3723 1450 3795 presbyter
1478 3727 1737 3796 rejicitur,
1765 3737 1819 3782 et
1851 3728 1940 3782 ln-

358 3811 642 3864 nocentius
670 3821 692 3850 ¢
727 3812 1162 3870 Gabalitauorum
1195 3829 1375 3871 comes
1403 3819 1614 3887 cligitur
1642 3821 1705 3874 ad
1735 3823 1942 3889 episco-

363 3914 549 3973 patum
568 3944 582 3970 ,
613 3907 908 3974 opitulante
941 3909 1278 3965 Bruuichilde
1308 3915 1510 3982 regina.
1538 3913 1642 3968 Sed
1670 3928 1945 3986 assumpto

360 3995 711 4066 episcOpatu,
758 3998 1038 4054 confestim
1085 4000 1386 4056 Ursicinum
1433 4004 1746 4060 Cadurcintt:
1795 4008 1942 4065 urbis

362 4090 675 4159 episcopum
724 4090 990 4146 lacessere
1035 4094 1226 4161 coepit,
1261 4094 1478 4159 dicens,
1510 4097 1633 4165 quia
1683 4099 1944 4155 dioeccses

365 4180 590 4236 itutena:
619 4181 871 4237 Ecclesia:
897 4182 1105 4237 debitas
1131 4186 1406 4240 retineret.
1435 4186 1586 4242 Unde
1613 4189 1806 4244 factum
1838 4201 1940 4258 est,

363 4281 425 4326 ut
452 4274 705 4328 diuturna
737 4274 1038 4331 intentione
1065 4277 1357 4346 gliscente,
1389 4289 1508 4348 post
1537 4281 1738 4351 aliquot
1775 4297 1944 4340 annos

361 4363 682 4435 coniunctus
704 4367 1018 4435 metrOpolis
1040 4365 1066 4402 ἀ
1088 4381 1208 4422 cum
1237 4369 1346 4423 suis
1370 4363 1783 4439 provincialibus
1802 4375 1943 4444 apud

433 4511 460 4540 ἰ
490 4503 602 4558 Hoc
631 4514 788 4573 caput
815 4504 965 4560 deest
993 4506 1042 4560 in
1075 4505 1212 4564 Vah.
1243 4505 1403 4562 Corb.
1426 4517 1480 4560 et
1508 4508 1656 4562 Colb.
1683 4525 1734 4565 a.
1755 4509 1808 4565 S.
1843 4511 1943 4566 Lu-

364 4575 527 4644 pentii
556 4589 747 4643 corpus
779 4577 1124 4630 Catalaunuin
1155 4577 1393 4642 allatum,
1419 4581 1472 4631 in
1501 4580 1727 4634 ecclesia
1759 4583 1942 4638 eathea

361 4645 495 4720 drali
530 4655 800 4720 servatum
827 4657 1106 4720 estusque
1128 4650 1192 4720 ad
1221 4664 1416 4702 annum
1451 4649 1608 4715 1667,
1636 4666 1740 4720 quo
1770 4654 1941 4708 eccle-

362 4717 444 4771 sia
469 4716 693 4793 fulmine
713 4718 802 4793 die
824 4718 887 4772 l9
908 4718 1143 4793 Januarii
1166 4720 1266 4793 icta
1289 4716 1940 4793 conﬂagravit,sitnulque

287 4827 305 4842 κ
359 4801 527 4861 sacra:
550 4788 803 4856 reliquim,
821 4804 938 4859 qua:
964 4789 1032 4844 ibi
1061 4790 1428 4854 servabantur,
1445 4802 1773 4861 consumptae
1794 4788 1934 4850 sunt.
1960 4832 1968 4840 ς

361 4859 494 4924 Quae
523 4874 651 4913 vero
682 4861 1078 4929 superfuerunt,
1104 4875 1221 4913 ossa
1247 4863 1452 4916 scilicet
1478 4859 1751 4929 semiusta,
1781 4874 1834 4919 et
1864 4867 1939 4920 ci-

362 4944 543 4994 neres,
567 4930 722 4983 simul
749 4941 994 4999 congesta
1025 4932 1076 4985 in
1108 4931 1258 4985 theca
1285 4945 1627 4987 asservantur
1655 4946 1798 4990 retro
1831 4952 1942 4989 ma-

362 5001 452 5069 jus
481 5001 670 5054 aitare.
699 5001 912 5056 Festum
945 5003 1086 5057 beati
1122 5002 1363 5069 Lupentii
1393 5004 1590 5058 ibidem
1622 5004 1708 5058 die
1737 5022 1786 5061 xx
1818 5006 1935 5063 Kal.

363 5071 678 5126 Novembris
707 5074 915 5135 colitur,
941 5073 1238 5141 diciturque
1269 5075 1425 5141 vulgo
1449 5076 1578 5128 saint
1608 5074 1851 5131 Louvent.

436 5141 462 5179 ι)
491 5142 673 5210 Neque
701 5144 801 5197 hoc
829 5156 982 5210 caput
1007 5152 1180 5198 eXstat
1206 5144 1256 5197 in
1283 5144 1467 5204 Corb.,
1492 5146 1607 5196 V’at.
1635 5155 1686 5198 et
1712 5147 1863 5200 (.lolb.
1889 5164 1937 5202 a.

371 5213 444 5288 De
478 5213 535 5268 S.
567 5213 849 5288 Dalmatia,
879 5213 1167 5288 Theodosii
1201 5215 1461 5288 el_cctione
1490 5226 1542 5288 et
1570 5214 1936 5288 Transobado,

361 5285 481 5354 vide
509 5299 670 5350 supra
717 5286 810 5338 lib.
838 5302 886 5350 ν,
935 5300 1052 5354 cap.
1096 5285 1186 5338 47.
1228 5285 1604 5338 Transobadus
1647 5286 1840 5340 dicitur
1889 5285 1939 5342 in

362 5353 512 5409 Colb.
563 5373 633 5410 m.
670 5353 1050 5422 Trusobaldus;
1099 5355 1149 5409 in
1203 5354 1414 5424 Regim,
1457 5356 1838 5424 Tettsobaldus;
1887 5361 1939 5414 in

362 5427 504 5490 aliis,
534 5425 881 5481 Trasobadus.

433 5506 457 5568 ε
491 5497 538 5550 Is
571 5499 706 5566 ipse,
729 5499 795 5552 de
826 5513 930 5567 quo
959 5509 1076 5568 cap.
1103 5497 1334 5568 prteced.
1359 5505 1410 5552 et
1440 5497 1534 5552 lib.
1559 5512 1610 5561 x,
1636 5512 1753 5566 cap.
1780 5499 1831 5554 8.

429 5564 460 5605 ἀ
490 5568 579 5623 Sic
593 5564 756 5640 Colb.
790 5564 860 5621 m.
891 5578 945 5623 et
974 5564 1183 5640 Regm.,
1216 5583 1333 5639 quae
1371 5577 1450 5621 est
1497 5564 1714 5640 sincera
1744 5570 1929 5640 lectio.

363 5637 436 5692 ita
485 5640 628 5692 enim
679 5637 963 5707 Gregorius
991 5651 1044 5693 et
1063 5637 1157 5694 alii
1189 5637 1435 5694 auctores
1461 5639 1578 5708 ejus
1609 5641 1706 5693 tevi
1740 5639 1936 5695 habent

365 5726 458 5775 pro
487 5710 926 5775 rnelropolitamts.
959 5711 1088 5763 Vide
1119 5711 1282 5767 Cone.
1319 5712 1486 5765 Paris.
1523 5727 1610 5776 Ill,
1643 5726 1760 5764 can.
1789 5715 1854 5774 8,
1887 5722 1939 5767 et

360 5781 597 5834 Marcum
632 5779 902 5832 formulas.
930 5781 1079 5836 Unde
1111 5785 1248 5837 male
1269 5783 1404 5850 apud
1435 5783 1631 5836 Chesn.
1657 5791 1710 5836 et
1738 5783 1938 5850 aliquot

364 5851 499 5907 alios
524 5852 695 5906 editos
716 5893 730 5915 ,
764 5853 1192 5918 metrOpoiitam's;
1225 5855 1414 5909 melius
1445 5853 1720 5920 nonnulli,
1752 5863 1937 5908 metro-

2049 3360 2299 3415 cathoiici
2349 3359 2588 3414 credunt.
2637 3357 2842 3414 Exinde
2889 3361 3184 3429 procedens
3233 3357 3624 3416 nobiscum’ad

2047 3451 2365 3513 ecclesiam,
2414 3451 2687 3504 Missarum
2745 3451 3002 3506 solemnia
3051 3451 3250 3516 tenuit;
3301 3452 3394 3506 sed
3453 3466 3624 3520 neque

2047 3557 2232 3612 pacem
2262 3556 2382 3597 cum
2414 3544 2608 3596 nostris
2642 3541 2783 3609 fecit,
2838 3555 3010 3612 neque
3051 3544 3116 3598 de
3167 3544 3440 3599 sacrificiis
3475 3558 3624 3598 com-

2047 3634 2336 3690 municavit
2382 3632 2431 3686 ιι.
2485 3633 2872 3705 Cognitumque
2942 3647 3022 3690 est
3096 3637 3430 3691 mendacium
3505 3650 3624 3692 esse

2047 3725 2191 3792 quod
2246 3723 2454 3779 dixerat
2497 3739 2556 3778 se
2600 3739 2719 3780 esse
2767 3725 3110 3779 catholicum.
3159 3725 3514 3781 Nihilominus
3555 3727 3622 3783 ad

2048 3817 2346 3871 convivium
2415 3817 2667 3870 invitatus
2737 3817 2924 3871 adfuit.
2983 3815 3224 3885 Cumque
3267 3831 3366 3884 ego
3421 3817 3622 3871 sollici-

2047 3920 2130 3964 tus
2191 3909 2514 3979 requirerem
2563 3909 2688 3977 quid
2753 3911 3013 3972 crederet,
3069 3910 3345 3979 respondit
3386 3928 3398 3961 :
3449 3911 3622 3964 Credo

2046 4003 2256 4058 Patrem
2305 4010 2360 4056 et
2399 4002 2589 4056 Filium
2632 4013 2684 4056 et
2725 4002 2978 4071 Spiritum
3022 4011 3264 4056 sanctum
3311 4002 3468 4057 unius
3505 4005 3621 4057 esse

2019 4097 2275 4150 'virtutis.
2303 4097 2396 4149 (lui
2423 4110 2523 4165 ego
2550 4095 2799 4162 reSpondi
2827 4113 2838 4148 :
2869 4093 2925 4151 Si
2958 4095 3091 4161 hare,
3112 4107 3165 4150 ut
3190 4097 3620 4162 asseris,credis,

2048 4205 2166 4258 quae
2197 4187 2404 4243 obstitit
2431 4201 2590 4242 causa
2621 4197 2678 4241 ut
2706 4188 2774 4242 de
2813 4187 3122 4253 sacriﬁciis,
3148 4203 3268 4257 qua:
3298 4187 3410 4243 Deo
3445 4186 3621 4243 οιτθή-

2048 4295 2197 4344 Illis,
2222 4280 2622 4335 communicare
2650 4279 2929 4334 differres?
2960 4278 3028 4334 Et
3057 4279 3148 4335 ille
3182 4297 3194 4333 τ
3226 4281 3391 4348 Quia,
3417 4281 3618 4351 inquit,

2046 4373 2284 4429 Gloriam
2335 4386 2438 4428 non
2483 4381 2630 4427 recte
2674 4371 3035 4441 respondetis;
3071 4385 3190 4426 nam
3218 4371 3370 4442 juxta
3400 4371 3619 4427 Paulum

2048 4511 2326 4578 politanus.
2349 4507 2398 4563 Is
2426 4518 2541 4564 erat
2561 4506 2826 4578 Sulpicius
2847 4508 3096 4575 Severus,
3117 4519 3186 4562 ex
3216 4522 3332 4578 cap.
3358 4513 3620 4576 sequenti,

2047 4576 2114 4635 de
2137 4596 2241 4650 quo
2269 4580 2360 4635 lib.
2400 4596 2427 4632 κ
2453 4621 2468 4644 ,
2496 4595 2615 4648 cap.
2639 4577 2727 4634 26.
2759 4576 3029 4633 Parocllia!
3063 4577 3308 4650 vero,_de
3338 4579 3528 4646 quibus
3559 4580 3620 4634 lis

1967 4638 2022 4700 Β
2047 4638 2390 4714 movebatur,
2421 4638 2527 4705 illa:
2564 4638 2756 4715 'erant,
2786 4659 2843 4703 ut
2869 4651 3168 4718 suspicatur
3194 4638 3468 4715 Valesius,
3503 4665 3620 4716 qua:

2045 4723 2326 4777 Arisitensi
2372 4723 2702 4790 episcopatui
2751 4721 3016 4776 attributae
3064 4720 3294 4784 fuerant,
3321 4720 3390 4773 de
3431 4720 3620 4786 quibus

2252 4793 2300 4818 ξι..
2347 4808 2377 4818 ιι
2428 4805 2521 4818 ’.ειη
2570 4793 2592 4818 Γξ

2044 4809 2202 4862 supra
2229 4793 2320 4847 lib.
2347 4808 2395 4858 v,
2426 4805 2542 4858 cap.
2566 4793 2616 4844 5.

2119 4873 2142 4902 θ
2175 4863 2336 4918 Deest
2366 4864 2524 4916 etiam
2554 4862 2652 4916 hoc
2682 4870 2842 4927 caput
2867 4862 2916 4914 in
2946 4859 3134 4924 Corb.,
3161 4857 3278 4914 Vat.
3305 4868 3360 4916 et
3385 4859 3536 4914 Colb.
3566 4876 3613 4914 a.

2045 4934 2187 4990 idem
2219 4935 2439 4988 antistes
2463 4935 2562 4987 sub
2588 4932 2818 4985 Remedii
2845 4933 3062 4986 nomine
3093 4931 3405 4996 subscripsit
3425 4929 3617 4984 Conci-

2043 5006 2117 5060 lio
2148 5007 2347 5060 Matisc.
2384 5002 2602 5069 t,’anno
2635 5003 2756 5054 581.
2788 5002 2912 5069 Ejus
2951 5011 3004 5056 et
3033 5001 3360 5056 successoris
3388 5002 3470 5054 sui
3505 5000 3619 5056 Vita

2047 5075 2272 5129 habetur
2320 5075 2370 5127 in
2421 5073 2747 5126 Palriarchio
2799 5073 3140 5132 Iitturiceusi,
3170 5086 3285 5138 cap.
3320 5070 3387 5123 26
3426 5083 3480 5126 et
3524 5071 3590 5122 ‘27

2047 5154 2190 5199 toruo
2218 5145 2258 5197 Il
2293 5143 2543 5198 BibliOtlt.
2569 5157 2718 5195 novae
2750 5141 2968 5196 Lttbbei.

2121 5212 2140 5251 ί
2176 5212 2381 5282 Ibique.
2406 5221 2534 5275 etc.,
2563 5227 2727 5277 usque
2757 5213 2820 5264 ad
2850 5214 3137 5282 perierunt,
3164 5211 3356 5266 desunt
3385 5211 3436 5264 in
3464 5210 3596 5268 Colb
3619 5227 3634 5238 ‘

2047 5301 2120 5339 ιη.
2146 5287 2212 5338 At
2234 5287 2357 5338 Cas.
2386 5284 2544 5336 habet
2569 5284 2834 5336 hostilitati
2860 5284 3161 5335 restiterant.

2117 5366 2140 5430 ς
2176 5355 2462 5430 lngundem
2491 5354 2740 5430 Sigiberti
2774 5354 2955 5430 tiliam.
3113 5422 3121 5430 ο

2116 5427 2144 5465 ιι
2173 5423 2409 5481 Observa
2435 5436 2670 5478 putatum
2702 5426 2969 5476 hominem
2990 5462 3002 5483 ,
3035 5423 3125 5489 qtti
3163 5435 3284 5475 cum
3326 5423 3497 5478 sacris
3533 5425 3618 5478 in-

2047 5497 2338 5562 terfuisset,
2370 5497 2434 5550 iis
2464 5511 2569 5548 non
2603 5494 3027 5563 participaverat,
3055 5505 3153 5545 nec
3181 5507 3365 5560 pacem
3401 5494 3465 5548 ab
3495 5495 3615 5550 aliis

2048 5569 2286 5625 fidelibus
2316 5575 2610 5633 acciperat.
2638 5565 2824 5617 Missas
2850 5573 3025 5615 autent
3054 5572 3254 5630 tenere,
3276 5565 3414 5619 idem
3445 5575 3526 5619 est
3555 5581 3618 5620 ac

2045 5641 2172 5708 ipsis
2219 5642 2496 5698 interesse,
2538 5651 2600 5689 ex
2652 5633 2865 5708 ean._-i7
2919 5634 3123 5688 Concil.
3154 5636 3493 5703 Agathensis,
3528 5644 3618 5689 aut

2046 5705 2210 5773 certe,
2235 5711 2276 5762 si
2309 5709 2376 5760 de
2403 5707 2678 5760 sacerdote
2707 5705 2963 5757 habeatur
2983 5719 3182 5771 sermo,
3205 5721 3298 5759 eas
3317 5707 3615 5770 celebrare,

2046 5791 2102 5835 ut
2155 5783 2204 5834 in
2257 5779 2452 5847 liegula
2505 5775 2561 5829 S.
2593 5775 2650 5828 P.
2685 5775 3118 5847 Betiedicti,cap.
3153 5778 3246 5830 60.
3274 5777 3412 5833 Vide
3453 5775 3614 5832 Card.

2047 5849 2211 5919 Bulla,
2239 5845 2372 5905 Ιιυ.“ι
2392 5850 2518 5903 iter.
2547 5847 2955 5918 Liturgic.,cap.
2981 5845 3032 5915 2,
3059 5863 3111 5901 n.
3135 5848 3192 5902 6.
