4096 6344
520 328 623 383 ΛΟῚ
1508 325 1563 381 S.
1603 321 1927 383 GREGORII
1966 321 2272 380 EPISCOPI
2297 311 2738 381 'TL'RONENSIS
3614 326 3619 335 '
3682 316 3818 373 ωε

521 444 821 515 apostolum
844 456 944 500 nos
964 444 1187 501 dicimus
1214 460 1224 497 :
1255 442 1431 499 Gloria
1456 443 1563 498 Deo
1582 444 1724 498 Patri
1748 460 1843 514 per
1864 441 2092 511 Filium;
2125 440 2178 502 A
2201 443 2403 511 Spiritu
2435 452 2644 512 sancto,
2677 442 2778 498 sub
2805 440 3023 498 Joannis
3058 452 3219 497 manu
3265 439 3643 511 baptizaretur.
3688 440 3825 496 Hic

523 555 619 595 vos
668 548 845 595 autem
884 539 1056 594 dicitis
1101 556 1113 591 :
1160 536 1336 591 Gloria
1367 537 1511 593 Patri
1540 546 1595 593 et
1624 538 1762 593 Filio
1791 546 1847 594 et
1876 538 2097 607 Spiritui
2202 548 2293 603 est,
2319 539 2410 607 ait,
2439 536 2605 593 Filius
2636 556 2777 595 meus
2821 539 3057 604 dilectus,
3089 538 3141 591 in
3181 553 3282 607 quo
3327 536 3448 590 bene
3492 536 3825 607 σοπηρίπυὶ

524 642 742 700 sancto;
786 648 905 688 cum
954 632 1201 688 doctores
1230 630 1575 686 ecclesiarum
1603 632 1864 697 doceant,
1889 632 2099 687 Patrem
2202 626 2418 698 (Matth.
2452 644 2576 693 XVII.
2610 628 2687 699 5).
2714 629 2871 685 Certe
2915 630 2960 684 si
3006 627 3266 698 oppilatas
3315 626 3479 683 habes
3520 642 3717 693 aures,
3754 636 3825 681 ut

524 741 621 795 per
662 727 851 781 Filium
897 727 1196 780 nuntiatum
1238 723 1405 781 fuisse
1452 728 1505 780 in
1552 728 1771 792 tnundo,
1807 728 1942 782 sicut
1990 728 2103 796 ipse

2215 722 2305 775 ista
2336 736 2441 776 non
2473 722 2676 788 audias,
2703 722 2863 779 crede
2893 722 3146 794 apostolis
3171 721 3299 792 quid
3328 722 3491 795 318
3520 723 3577 776 in
3608 731 3825 777 monte

525 817 723 872 Paulus
754 819 826 873 ait
855 833 869 871 :
904 816 1034 890 Regi
1062 829 1233 872 autem
1262 819 1565 873 saeculorum
1594 819 1896 887 immortali,
1925 820 2103 874 invisi-
2205 812 2493 877 audierint,
2518 829 2637 868 cum
2669 814 3046 883 trantiguratus
3069 813 3225 869 .Iesus
3258 814 3308 868 in
3337 814 3504 883 gloria
3534 815 3825 884 loquere-

525 908 633 973 bili,
658 907 754 961 soli
778 907 887 961 Deo
915 908 1077 963 honor
1100 918 1145 964 et
1173 910 1339 979 gloria
1368 912 1422 964 in
1450 911 1640 964 alecula
1670 910 1993 980 surculorum,
2016 928 2106 979 per
2204 913 2291 960 tur
2316 920 2438 961 cum
2484 908 2664 979 Moyse
2692 918 2745 963 et
2778 909 2945 964 Helia.
2981 907 3182 977 Nempe
3225 908 3292 963 de
3338 907 3477 963 nube
3509 908 3821 977 splendida

524 995 701 1051 Iesum
731 997 989 1052 Christum
1019 998 1294 1055 Dominum
1323 1009 1553 1056 nostrum
1580 999 1631 1071 (1
1669 1000 1801 1055 Tim.
1835 1016 1874 1068 ι,
1901 1001 2011 1070 17).
2039 1002 2105 1057 Et
2206 997 2362 1053 Pater
2388 999 2465 1053 ait
2493 1016 2507 1053 :
2541 999 2643 1053 Hic
2670 1010 2741 1055 est
2770 999 2936 1055 Filius
2968 1017 3105 1055 meus
3132 999 3480 1065 chorissimus,
3502 1000 3675 1066 ipsum
3707 1017 3826 1052 au-

526 1102 627 1157 ego
651 1087 901 1157 respondi
933 1106 945 1141 :
982 1090 1195 1145 Patrem
1224 1106 1320 1159 per
1349 1090 1543 1146 Filium
1573 1091 1943 1147 annuntiatum
1972 1092 2106 1147 nulli
2207 1092 2310 1147 dite
2342 1091 2428 1163 (ιι
2456 1092 2571 1147 Pet.
2601 1109 2638 1159 ι,
2666 1093 2775 1166 l7).
2803 1095 2881 1149 Ad
2907 1094 3022 1149 haec
3051 1093 3337 1149 haereticus
3362 1094 3644 1163 respondit
3669 1111 3682 1145 :
3712 1093 3823 1148 Ni—

526 1181 793 1236 catholico
820 1196 942 1238 esse
973 1183 1299 1252 incognitum
1344 1200 1495 1253 reor;
1541 1186 1635 1242 sed
1679 1187 1758 1243 sic
1799 1186 2107 1255 praedicavit

523 1273 736 1329 Patrem
784 1279 839 1329 In
889 1278 1114 1343 saeculo,
1160 1286 1217 1333 ut
1265 1289 1318 1334 et
1363 1295 1423 1335 se
1468 1279 1752 1335 virtutibus
1795 1281 2105 1337 ostenderet

524 1363 715 1420 Deum.
743 1366 854 1421 Deo
902 1378 1078 1423 autem
1121 1370 1262 1425 Patri
1310 1371 1425 1426 haec
1470 1374 1759 1429 necessitas
1788 1374 1887 1429 fuit
1916 1374 2104 1429 Filium

524 1459 768 1514 mittendi
819 1460 883 1515 ad
934 1470 1122 1531 terras,
1157 1473 1210 1518 ut
1254 1465 1561 1521 ostenderet
1612 1466 1778 1521 Deum
1824 1484 1837 1521 :
1886 1474 1943 1521 ut
1986 1469 2107 1538 quia

524 1550 755 1605 mundus
782 1553 1114 1620 patriarcbis,
1139 1564 1191 1609 et
1222 1556 1511 1624 prophetis,
1533 1564 1690 1626 atque
1718 1558 1817 1625 ipsi
1847 1557 2001 1611 latori
2034 1559 2108 1613 Ie-

526 1642 607 1713 gis
635 1659 742 1699 non
765 1645 1087 1713 crediderat,
1107 1648 1294 1703 saltem
1319 1650 1403 1704 vel
1435 1650 1570 1705 Filio
1591 1651 1856 1708 crederet.
1877 1651 2108 1721 Ideoque

525 1747 745 1790 necesse
776 1745 889 1804 est,
923 1748 979 1791 ut
1012 1738 1108 1794 sub
1139 1740 1529 1810 significatione
1558 1757 1911 1811 personarum
1943 1745 2103 1815 317

2209 1184 2285 1239 hil
2314 1184 2371 1239 in
2400 1184 2484 1239 his
2514 1187 2837 1242 testimoniis
2870 1188 3029 1243 Pater
3055 1187 3124 1243 de
3160 1186 3325 1256 gloria
3368 1186 3611 1255 loquitur
3640 1186 3819 1253 Filii,

2208 1276 2310 1331 nisi
2337 1285 2543 1332 tantum
2574 1279 2745 1347 ipsum
2770 1279 2964 1334 Filium
2995 1288 3277 1334 monstrat.
3303 1279 3367 1333 Et
3388 1293 3488 1347 ego
3519 1294 3534 1332 :
3562 1277 3625 1333 Si
3653 1278 3820 1333 enim

2209 1368 2309 1424 ista
2342 1369 2421 1425 sic
2451 1370 2680 1439 recipis,
2711 1371 2978 1440 proteram
3012 1371 3105 1429 tibi
3134 1371 3280 1425 aliud
3310 1370 3724 1436 testimonium,
3759 1372 3820 1425 in

2208 1476 2316 1531 quo
2342 1462 2497 1518 Pater
2517 1462 2751 1518 reddidit
2773 1463 2966 1518 Filium
2998 1464 3311 1535 gloriosum.
3334 1463 3594 1519 Veniente
3617 1474 3816 1518 autem

2211 1554 2439 1611 Domino
2467 1556 2535 1610 ad
2567 1556 2887 1626 passionem,
2908 1571 3028 1611 cum
3062 1555 3151 1611 ille
3177 1556 3417 1610 diceret:
3453 1554 3615 1610 Pater
3645 1555 3819 1625 glori-

2213 1648 2312 1715 ﬁca
2340 1649 2535 1705 Filium
2565 1661 2735 1715 tuum,
2770 1659 2827 1704 ut
2859 1650 2905 1704 F
2908 1652 3027 1704 ilius
3054 1660 3171 1704 tuus
3201 1650 3496 1722 glori/iuetd
3529 1660 3576 1704 te
3614 1648 3813 1719 (Joan.

2213 1756 2344 1811 xvn,
2364 1742 2451 1810 i);
2477 1744 2603 1813 quid
2628 1744 2677 1798 ei
2704 1743 2861 1799 Pater
2883 1743 3159 1812 respondit
3186 1744 3253 1797 de
3281 1743 3454 1799 caelo?
3476 1744 3670 1798 Nonne
3692 1743 3773 1797 ait
3798 1760 3815 1797 :

526 1824 691 1894 gloria
723 1826 881 1882 detur
904 1829 1032 1883 Deo.
1060 1831 1291 1887 Dicimus
1318 1848 1444 1904 ergo
1472 1851 1484 1886 :
1514 1832 1692 1887 Gloria
1725 1835 1831 1889 Deo
1855 1834 1999 1889 Patri
2018 1837 2108 1906 qui
2136 1825 2186 1887 B
2214 1833 2281 1888 Et
2331 1836 2635 1905 gloriﬁcavi,
2667 1844 2714 1890 et
2760 1836 2943 1890 iterum
2988 1835 3282 1905 gloriﬁcabo
3332 1833 3510 1907 (Joan.
3543 1850 3645 1897 xu,
3676 1835 3817 1904 28)?

526 1915 673 1971 misit
705 1919 898 1975 Filium
924 1938 938 1987 ;
970 1923 1139 1991 gloria
1171 1923 1281 1978 Deo
1310 1925 1464 1992 Filio,
1496 1926 1583 1995 qui
1614 1928 1870 1996 sanguine
1899 1944 1998 1983 suo
2023 1944 2109 1985 re-

528 2007 696 2063 demit
727 2014 979 2068 mundum
1006 2032 1018 2081 ;
1049 2016 1215 2083 gloria
1250 2017 1359 2071 Deo
1385 2018 1607 2087 Spiritui
1640 2031 1845 2087 sancto,
1872 2023 1961 2091 qui
1991 2038 2113 2077 san-

526 2103 723 2158 etilicat
755 2106 1022 2162 hominem
1049 2109 1158 2177 jam
1188 2111 1545 2181 redemptum.
1570 2113 1700 2167 Nam
1734 2123 1788 2169 tu
1820 2117 1907 2185 qui
1938 2116 2071 2171 dicis
2091 2159 2107 2185 ,

527 2194 708 2251 Gloria
738 2197 881 2254 Patri
915 2216 1009 2270 per
1036 2202 1261 2269 Filium,
1295 2204 1486 2259 adimis
1511 2206 1734 2274 gloriam
1764 2208 1927 2275 Filio;
1960 2211 2113 2280 quasi

525 2287 642 2356 ipse
686 2305 790 2345 non
838 2292 907 2347 sit
949 2293 1212 2362 gloriosus
1259 2311 1381 2351 cum
1433 2298 1612 2368 Patre,
1645 2310 1926 2371 propterea
1970 2303 2112 2373 quod

526 2399 650 2441 eum
701 2390 1034 2445 annuntiavit
1080 2394 1133 2446 in
1176 2393 1396 2448 mundo.
1429 2394 1721 2463 Nuntiavit,
1754 2405 1811 2450 ut
1856 2398 2109 2464 diximus,

525 2477 697 2535 Filius
727 2481 935 2536 Patrem
964 2484 1016 2538 in
1068 2486 1288 2551 mundo,
1325 2487 1416 2542 sed
1443 2488 1593 2541 multi
1620 2503 1724 2543 non
1748 2490 2109 2559 crediderunt,

528 2568 742 2624 dicente
760 2569 965 2627 Joanne
997 2576 1319 2643 evangelista
1348 2595 1361 2629 :
1392 2574 1458 2630 In
1486 2593 1581 2631 sua
1604 2586 1626 2615 ο
1657 2581 1865 2649 propria
1893 2580 2047 2649 venit,
2067 2588 2116 2634 et

529 2660 611 2713 sui
642 2677 754 2714 eum
784 2678 886 2716 non
918 2676 1229 2735 receperunt.
1260 2668 1517 2737 Quotquot
1548 2679 1718 2725 autem
1758 2688 1871 2725 eunt
1913 2688 2115 2741 recepe-

529 2760 679 2820 nmt,
709 2755 847 2808 dedit
885 2756 960 2810 eis
998 2768 1299 2827 potestatem
1328 2762 1464 2828 ﬁlios
1492 2762 1585 2816 Dei
1614 2764 1728 2831 ﬁeri
1748 2807 1763 2832 ,
1790 2764 1868 2819 his
1893 2766 1977 2835 qui
2007 2781 2115 2819 cre-

530 2843 659 2898 dunt
705 2845 761 2899 in
806 2849 1008 2903 nomine
1046 2850 1159 2920 ejus
1207 2850 1384 2923 (Joan.
1416 2869 1455 2920 ι,
1488 2854 1573 2921 Η,
1611 2854 1720 2926 12).
1749 2856 1879 2911 Nam
1926 2867 1982 2911 tu
2024 2859 2113 2929 qui

531 2937 701 2995 Paulo
724 2942 965 3011 apostolo
986 2943 1233 3015 derogas,
1253 2956 1305 3003 et
1330 2962 1548 3004 sensum
1576 2950 1689 3020 ejus
1711 2966 1813 3005 non
1837 2952 2110 3023 intelligis,

533 3033 749 3103 percipe
774 3049 933 3105 quam
976 3046 1131 3092 caule
1174 3040 1425 3110 loquitur,
1450 3050 1503 3097 et
1528 3040 1679 3110 juxta
1707 3042 1816 3110 [ΑΙ.
1847 3041 2010 3114 iuste]
2058 3053 2116 3098 ut

529 3127 773 3195 recipere
801 3130 920 3198 quis
950 3138 1150 3198 potest,
1178 3132 1396 3189 adverte
1421 3134 1649 3203 qualiter
1678 3136 1928 3203 praadicat
1974 3136 2137 3193 inter

2216 1927 2352 1981 Ecce
2380 1926 2520 1981 enim
2552 1927 2712 1982 Pater
2741 1928 3005 1996 glorilicat
3032 1942 3151 1981 eum
3178 1928 3387 1996 propria
3420 1942 3570 1994 voce,
3596 1936 3655 1981 et
3677 1936 3733 1982 tu
3762 1927 3815 1985 ei

2216 2019 2439 2088 gloriam
2470 2020 2683 2075 conaris
2711 2020 2986 2075 adimere?
3011 2020 3344 2075 Voluntalem
3376 2020 3589 2090 quidem
3624 2029 3816 2076 osten«

2218 2108 2302 2163 dis
2325 2150 2339 2174 ,
2368 2110 2463 2164 sed
2493 2118 2731 2178 potestas
2762 2110 2902 2165 nulla
2932 2109 3185 2179 suppetit.
3210 2110 3339 2164 Nam
3369 2110 3458 2181 qui
3491 2110 3642 2165 Pauli
3673 2126 3812 2181 apo-

2216 2201 2339 2256 stoli
2364 2212 2646 2257 accusator
2666 2204 2872 2269 existis,
2897 2202 3019 2257 audi
3052 2203 3225 2272 ipsum
3278 2205 3389 2257 imo
3430 2201 3707 2258 Christum
3755 2206 3813 2262 in

2216 2295 2335 2363 ipso
2366 2294 2674 2365 loquentem
2710 2313 2721 2348 :
2759 2295 2934 2349 Omnis
2967 2296 3143 2367 lingua
3171 2294 3497 2362 conﬁteatur,
3527 2298 3654 2364 quia
3698 2295 3811 2349 Do-

2216 2387 2385 2441 minus
2413 2388 2564 2441 Jesus
2594 2386 2828 2442 Christus
2856 2388 2907 2441 in
2938 2388 3103 2456 gloria
3130 2396 3201 2441 est
3235 2386 3325 2441 Dei
3356 2386 3531 2439 Patris
3575 2385 3811 2455 (Philip.

2216 2498 2277 2550 ιι,
2304 2482 2415 2552 Η).
2433 2483 2586 2549 Quod
2616 2482 2663 2537 si
2693 2496 2834 2537 nunc
2863 2482 3159 2537 communis
3181 2490 3265 2535 est
3284 2495 3404 2535 cum
3430 2478 3590 2533 Patre
3608 2480 3808 2549 gloria,

2216 2581 2271 2629 et
2314 2574 2366 2627 in
2410 2575 2523 2644 ipsa
2568 2589 2671 2643 qua
2712 2587 2855 2629 nunc
2896 2573 3050 2629 Pater
3091 2581 3172 2627 est
3211 2571 3373 2642 gloria
3413 2579 3807 2635 commoratur,

2217 2665 2445 2735 qualiter
2470 2681 2590 2720 eum
2621 2674 2674 2719 tu
2704 2666 2856 2735 quasi
2886 2665 3165 2733 inglorium
3198 2664 3541 2719 exhonoras?
3573 2663 3683 2717 Aut
3707 2677 3806 2718 cur

2218 2773 2327 2813 non
2358 2757 2462 2812 erit
2492 2757 2539 2812 ei
2570 2757 2841 2813 reddenda
2872 2757 3039 2827 gloria
3072 2758 3207 2811 inter
3238 2758 3481 2811 homines
3504 2800 3519 2825 ,
3547 2756 3637 2827 qui
3689 2755 3806 2826 pari

2217 2850 2383 2919 gloria
2413 2863 2532 2903 cum
2566 2849 2723 2905 Patre
2752 2859 2938 2920 regnat
2984 2849 3036 2903 in
3080 2848 3264 2904 caelis?
3300 2849 3631 2904 Conﬁtemur
3671 2863 3806 2919 ergo

2218 2942 2487 2999 Christum
2518 2943 2709 2998 Filium
2737 2942 2833 2997 Dei
2863 2943 3029 2998 Deum
3055 2957 3261 2997 verum.
3285 2942 3512 3011 Ideoque
3535 2942 3655 3011 quia
3682 2941 3805 2996 dei-

2231 3044 2309 3091 tas
2338 3051 2463 3103 una,
2490 3051 2591 3090 una
2621 3036 2722 3091 erit
2749 3043 2803 3091 et
2829 3035 3017 3106 gloria.
3046 3035 3289 3089 Posthaec
3315 3034 3440 3088 dato
3472 3034 3708 3100 silentio,
3736 3032 3801 3087 ab

2219 3127 2568 3183 altercatione
2588 3137 2852 3183 cessatum
2880 3134 2980 3182 est.
3003 3126 3094 3181 Ille
3116 3141 3329 3196 quoque
3349 3125 3415 3179 ad
3436 3122 3800 3193 Chilpericum

532 3227 718 3286 gentes
750 3220 1067 3289 incredulas,
1088 3233 1143 3278 ut
1172 3225 1302 3279 nulli
1333 3239 1468 3279 onus
1496 3240 1658 3295 grave
1678 3226 1923 3282 videatur
1942 3227 2111 3297 impo-

2220 3233 2401 3287 regem
2434 3219 2729 3281 accedens,
2762 3216 2957 3272 oblatis
2988 3216 3298 3272 muneribus
3328 3231 3449 3285 qua:
3476 3230 3572 3270 rex
3605 3214 3801 3284 Hispa-

531 3324 683 3378 nere,
714 3312 851 3366 sicut
878 3315 1190 3383 quibusdam
1221 3316 1353 3372 dicit
1383 3335 1397 3371 :
1428 3316 1534 3371 Lac
1560 3316 1589 3356 ιι
1618 3319 1755 3373 vobis
1786 3332 1959 3389 polum
1991 3322 2111 3376 dedi

533 3418 637 3456 non
674 3420 841 3458 escam
881 3422 900 3459 :
939 3410 1164 3462 nondum
1205 3411 1340 3463 enim
1378 3412 1640 3479 poteratis,
1673 3413 1763 3467 sed
1808 3431 1900 3469 nec
1943 3415 2112 3471 adhuc

533 3495 737 3563 quidem
767 3499 969 3566 potestis
1001 3499 1051 3568 (I
1084 3498 1205 3554 Cor.
1238 3516 1328 3567 ιιι,
1357 3501 1442 3571 2).
1472 3501 1821 3573 Perfectorum
1846 3515 1920 3562 est
1946 3508 2109 3573 enim,

533 3586 732 3640 solidus
770 3586 908 3640 cibus
951 3587 1109 3658 (Heb.
1142 3603 1193 3654 ν,
1231 3589 1339 3661 Id).
1373 3591 1476 3647 Sed
1506 3601 1559 3649 et
1584 3594 1701 3649 aliis
1728 3594 1858 3650 dicit
1897 3614 1913 3653 :
1961 3597 2112 3653 Nihil

534 3678 673 3733 vobis
700 3680 1002 3748 prtedicavi,
1033 3683 1133 3736 nisi
1162 3682 1445 3750 Christum,
1474 3694 1521 3739 et
1564 3687 1696 3741 hunc
1726 3689 2029 3757 cruciﬁxum
2059 3690 2114 3761 (Ι

537 3768 657 3825 Cor.
687 3786 747 3837 Il,
774 3771 851 3843 2).
881 3772 1031 3828 Nunc
1057 3784 1233 3830 autem
1261 3776 1386 3846 quid
1422 3777 1523 3844 vis,
1549 3792 1582 3833 ο
1610 3787 1666 3835 tu
1696 3778 1965 3849 haeretice,
1990 3784 2112 3853 quia

534 3863 730 3922 Paulus
759 3865 1028 3923 Christum
1062 3877 1264 3924 tantum
1294 3870 1604 3926 cruciﬁxum
1645 3873 1953 3942 praedicavit
1974 3916 1989 3939 ,
2016 3891 2111 3931 re-

534 3961 834 4016 surrexisse
861 3970 915 4016 tu
944 3962 1188 4018 dubitas?
1214 3964 1448 4019 Adverte
1477 3966 1652 4033 potius
1681 3966 1941 4022 cautelam
1973 3967 2111 4037 ejus,

534 4061 591 4107 et
617 4054 736 4109 vide
762 4056 1033 4121 astutiam,
1058 4055 1184 4126 quid
1212 4056 1331 4111 aliis
1353 4056 1503 4121 dicit,
1526 4072 1661 4127 quos
1687 4059 2011 4115 robustiores
2035 4060 2114 4115 vi-

536 4144 696 4201 debat
721 4147 775 4202 in
803 4146 905 4203 ﬁde
939 4167 953 4204 :
981 4148 1050 4203 Et
1076 4151 1142 4215 si,
1171 4151 1361 4221 inquit,
1390 4152 1619 4207 novimus
1651 4150 1909 4207 Christum
1940 4163 1961 4191 α
1997 4170 2115 4208 cru-

535 4240 765 4307 ciﬁxum,
788 4258 922 4295 nunc
948 4254 1111 4297 autem
1150 4247 1266 4317 jant
1293 4262 1395 4299 non
1426 4249 1652 4300 norimus
1679 4244 1768 4315 (II
1795 4246 1979 4311 Conv,
2002 4245 2112 4316 IG).

538 4331 682 4399 Nega
712 4346 839 4401 ergo
868 4342 922 4388 tu
952 4344 1231 4390 accusator
1259 4337 1439 4402 Pauli,
1473 4339 1518 4392 si
1564 4345 1706 4392 tanta
1751 4347 1983 4392 mentem
2014 4338 2112 4394 de-

540 4421 735 4475 utentia
764 4423 925 4490 cepit,
947 4424 1069 4493 quia
1099 4440 1197 4480 nec
1220 4428 1505 4483 cruciﬁxus
1530 4437 1630 4483 est.
1657 4428 1782 4494 Sed,
1807 4444 2007 4496 quasso,
2030 4446 2114 4485 re-

540 4512 927 4581 Iinqueista,et
956 4518 1079 4573 audi
1104 4520 1384 4575 consilium
1415 4522 1642 4576 melius:
1672 4522 1865 4578 adhibe
1893 4525 2110 4595 collyria

537 4604 704 4658 oculis
738 4604 892 4673 lippis
911 4649 923 4673 ,
950 4614 1003 4660 et
1032 4606 1203 4661 lucem
1235 4610 1631 4677 prmdicationis
1659 4614 1965 4681 apostolicae
1994 4630 2112 4683 per-

536 4694 671 4762 cipe.
720 4694 1023 4749 Secundum
1076 4696 1317 4751 homines
1360 4700 1500 4755 cnim
1552 4701 1868 4770 loquebatur
1919 4702 2113 4759 Paulus

538 4785 814 4854 humilius,
839 4795 891 4841 ut
919 4803 1013 4844 eos
1039 4790 1103 4843 ad
1135 4790 1375 4846 celsioris
1403 4794 1523 4849 lidei
1553 4792 1762 4864 fastigia
1791 4796 2110 4864 sublevaret,

534 4880 675 4935 sicut
701 4881 826 4935 alibi
857 4882 932 4935 ait
964 4900 977 4934 :
1014 4883 1258 4939 Omnibus
1290 4888 1459 4941 omnia
1486 4889 1654 4957 factus
1682 4906 1825 4955 sum,
1856 4900 1911 4944 ut
1940 4907 2112 4948 omnes

535 4976 883 5046 lucrifacerem
934 4974 987 5045 (Ι
1014 4976 1129 5031 Cor.
1161 4992 1235 5042 ιχ,
1262 4977 1377 5049 22).
1408 4979 1651 5050 Nunquid
1683 4983 1841 5036 homo
1870 4983 2109 5041 mortalis

538 5080 644 5119 non
674 5073 756 5119 est
787 5064 1009 5119 daturus
1037 5066 1260 5134 gloriam
1293 5067 1450 5137 Filio,
1483 5086 1638 5140 quem
1672 5072 1785 5141 ipse
1817 5074 1974 5129 Pater
2003 5090 2107 5130 non

536 5155 740 5222 semel,
763 5156 856 5211 sed
884 5156 968 5213 bis
999 5165 1053 5212 et
1083 5158 1237 5213 tertio
1262 5160 1575 5229 gloriﬁcavit
1601 5178 1629 5218 c
1656 5166 1828 5220 cmlo?
1855 5169 2107 5224 Ausculta

536 5248 661 5314 quid
682 5248 749 5303 de
776 5250 925 5305 caelis
954 5250 1208 5321 loquitur,
1230 5265 1349 5306 cum
1379 5252 1519 5309 idem
1547 5254 1731 5324 Filius,
1751 5257 2109 5316 descendente

591 5392 635 5465 ξ
674 5384 765 5439 δίο
789 5384 974 5465 βρτιλο
1028 5385 1357 5465 Bec.._qub_.
1388 5388 1648 5465 a.,_09.n.
1676 5405 1743 5465 c._
1769 5400 1824 5446 et
1869 5392 2103 5461 neng

537 5453 626 5508 alii
654 5470 759 5509 non
789 5456 984 5511 habent
1009 5475 1124 5512 sua.
1170 5459 1236 5513 Et
1264 5457 1398 5514 infra
1440 5459 1600 5515 Corb.
1625 5470 1679 5516 et
1714 5462 1925 5532 Regm.,
1950 5453 2103 5533 quot;

542 5534 657 5594 quot
682 5542 815 5589 eum,
845 5536 948 5583 etc.

608 5594 636 5633 δ
661 5595 784 5681 Haec
810 5598 991 5681 verba,
1016 5601 1280 5681 usquead
1296 5602 1423 5656 nihil
1441 5603 1600 5671 vobis,
1623 5603 1815 5660 desunt
1836 5603 1891 5660 in
1910 5603 2100 5673 Corb.,

539 5681 659 5735 quae
689 5677 769 5720 est
800 5671 1075 5732 scriptoris
1101 5671 1337 5725 omis‘sio.

611 5748 633 5776 θ
675 5737 815 5792 Editi
833 5779 847 5803 ,
874 5736 1047 5791 Jesum
1067 5740 1340 5795 Christum.

606 5804 631 5846 ἀ
674 5810 885 5879 Regm.,
918 5810 1178 5881 clari/Scel.
1209 5811 1273 5867 Et
1300 5812 1457 5882 infra,
1486 5816 1879 5881 clariﬁcavi.....
1906 5817 2101 5881 clari/i-

2218 3324 2410 3364 norum
2442 3309 2681 3373 miserat,
2706 3307 2758 3362 in
2790 3307 3093 3377 llispaniam
3125 3314 3208 3361 est
3237 3320 3533 3376 regressus.

2288 3396 2423 3452 XLI.
2457 3398 2743 3467 Comperto
2758 3406 2931 3452 autem
2962 3396 3292 3467 Chilpericus
3318 3412 3412 3452 rex
3442 3397 3585 3468 quod
3616 3396 3787 3453 Gunt-

2216 3494 2506 3549 cbramnus
2550 3491 2715 3548 frater
2752 3490 2870 3560 ejus
2914 3505 3033 3545 cum
3074 3488 3418 3545 Childeberto
3466 3497 3663 3559 nepote
3703 3504 3800 3546 suo

2217 3601 2403 3657 pacem
2437 3586 2657 3654 fecerat,
2687 3594 2739 3641 et
2766 3585 3029 3650 civitates,
3060 3599 3193 3654 quas
3219 3583 3481 3640 violenter
3501 3584 3798 3651 invaserat,

2217 3680 2265 3736 ei
2298 3679 2453 3734 simul
2490 3678 2686 3733 vellent
2713 3678 2943 3743 auferre,
2972 3692 3094 3733 cum
3125 3677 3372 3733 omnibus
3398 3677 3668 3733 thesauris
3689 3677 3799 3731 suis

2217 3771 2271 3827 in
2320 3771 2765 3827 Cameracensem
2809 3771 2993 3827 urbem
3044 3771 3323 3838 discessit,
3365 3781 3418 3826 et
3454 3771 3636 3827 omnia
3681 3787 3797 3839 quae

2217 3864 2411 3920 melius
2441 3864 2636 3919 habere
2662 3872 2924 3934 potuerat,
2949 3878 3132 3919 secum
3157 3862 3297 3918 tulit.
3328 3863 3577 3933 Misitque
3601 3864 3669 3919 ad
3700 3864 3795 3918 du-

2217 3969 2308 4011 ces
2338 3965 2392 4012 et
2420 3957 2645 4012 comites
2673 3958 2947 4013 civitatum
2980 3957 3196 4011 nuntios
3217 3996 3233 4023 ,
3260 3964 3320 4010 ut
3346 3970 3529 4011 muros
3571 3970 3794 4025 compo-

2218 4061 2411 4107 nerent
2441 4051 2671 4117 urbium,
2722 4065 2913 4119 resque
2960 4064 3085 4108 anas
3114 4065 3235 4105 cum
3264 4049 3527 4104 uxoribus
3569 4059 3625 4104 et
3674 4048 3797 4104 ﬁliis

2218 4148 2355 4205 infra
2386 4164 2661 4204 murorum
2693 4149 3018 4204 munimenta
3046 4147 3448 4215 concluderent,
3481 4155 3642 4216 atque
3670 4144 3796 4213 ipsi,

2218 4242 2265 4294 si
2302 4242 2595 4295 necessitas
2626 4240 2881 4310 exigeret,
2928 4248 3287 4310 repugnarent
3314 4238 3562 4306 viriliter,
3602 4251 3671 4292 ne
3719 4236 3797 4291 eis

2220 4347 2342 4401 pars
2390 4332 2614 4386 adversa
2655 4340 2906 4398 noceret,
2951 4332 3078 4386 illud
3127 4330 3465 4385 addenszEt
3502 4329 3547 4384 si
3596 4326 3796 4398 aliquid

2218 4424 2581 4494 perdideritis,
2616 4438 2735 4478 cum
2765 4424 2834 4478 de
2865 4422 3092 4479 inimicis
3119 4424 3282 4494 319
3313 4422 3651 4486 ulciscemur,
3677 4435 3793 4474 ma-

2216 4514 2333 4584 jora
2374 4516 2730 4584 conquiretis;
2775 4516 3017 4571 nesciens
3049 4516 3405 4584 patrationem
3446 4512 3790 4568 victoriarum

2221 4610 2271 4663 in
2316 4622 2477 4662 manu
2522 4608 2617 4663 Dei
2664 4609 2974 4664 consistere.
3028 4607 3229 4664 Deinde
3276 4606 3472 4676 saepius
3497 4605 3793 4662 exercitum

2220 4710 2542 4768 commovet,
2594 4709 2647 4756 et
2695 4700 2885 4755 iterum
2935 4700 3073 4755 intra
3121 4701 3403 4756 terminum
3454 4700 3793 4769 requiescere

2213 4791 2385 4861 jubet.
2420 4790 2511 4845 His
2548 4789 2734 4846 diebus
2765 4791 2816 4845 ei
2860 4791 2998 4845 lilius
3041 4798 3198 4845 natus
3228 4799 3331 4857 est,
3364 4805 3526 4859 quem
3580 4787 3635 4844 in
3666 4788 3791 4843 villa

2217 4882 2604 4938 Victoriacensi
2632 4891 2654 4918 θ
2690 4883 2891 4937 nutrire
2942 4882 3241 4953 praecepit,
3277 4882 3461 4937 dicens
3490 4880 3611 4938 :Ne
3655 4880 3791 4937 forte

2214 4978 2340 5032 dum
2358 4977 2567 5045 publice
2579 4976 2806 5043 videtur,
2822 4975 3021 5045 aliquid
3046 4976 3170 5031 mali
3197 4974 3787 5031 incurratetmoriatur.

2290 5068 2445 5123 XLII.
2478 5066 2852 5123 Childebertus
2878 5083 3004 5123 vero
3026 5083 3119 5123 rex
3152 5068 3203 5122 in
3232 5068 3437 5123 Italiam
3467 5068 3615 5122 abiit.
3640 5067 3788 5133 Quod

2218 5176 2336 5216 cum
2384 5161 2658 5215 audissent
2699 5159 3035 5225 Langobardi
3067 5158 3113 5228 τ,
3164 5160 3412 5216 timentes
3455 5176 3523 5215 ne
3564 5159 3631 5214 ab
3677 5159 3787 5228 ejus

2216 5257 2453 5312 exercitu
2498 5253 2855 5323 caederentur,
2902 5253 3252 5311 subdiderunt
3300 5268 3361 5310 se
3404 5254 3599 5310 ditioni
3642 5253 3787 5324 ejus,

2214 5390 2407 5513 “gain
2438 5459 2639 5529 Belgio,
2670 5457 2762 5513 ubi
2805 5458 3016 5529 occisus
3044 5456 3215 5512 fuerat
3243 5456 3547 5527 Sigibertus
3579 5472 3644 5513 ex
3688 5457 3785 5511 lib.

2210 5545 2263 5584 tv
2288 5546 2403 5598 cap.
2439 5527 2733 5584 ultIFiIius
2761 5536 2935 5583 autem
2966 5527 3251 5597 Chilperici
3299 5530 3384 5584 hic
3432 5539 3782 5596 memoratus,

2212 5601 2544 5681 postmodum
2572 5601 2870 5657 Chlotarius
2911 5599 3083 5654 dictus
3121 5611 3225 5666 est,
3258 5609 3313 5655 et
3360 5602 3494 5671 patri
3523 5600 3579 5656 in
3620 5616 3785 5671 regno

2210 5680 2606 5796 suiciiélihrus
2647 5736 2973 5794 Childeberti
3006 5742 3057 5794 in
3103 5741 3311 5796 Italiam
3351 5741 3783 5811 expeditionibus

2209 5812 2404 5868 Paulus
2432 5812 2575 5867 Diae.
2608 5812 2701 5868 lib.
2734 5826 2810 5879 ιιι,
2841 5826 2959 5880 cap.
2993 5814 3055 5866 17
3092 5822 3148 5868 et
3178 5828 3329 5881 seqq.
3359 5814 3579 5869 Exstant
3618 5827 3680 5869 ea
3712 5812 3782 5869 de
