4096 6344
288 318 409 377 ιου

1197 313 1526 376 HISTORIA
1565 311 2012 374 FRANCORUM.
2055 311 2264 372 LIBER
2301 312 2598 373 SEXTUS.

3487 326 3596 389 410

274 438 472 495 multa
521 435 573 494 ei
614 436 808 494 dantes
851 448 1100 505 munera,
1147 449 1211 492 ac
1242 436 1616 506 promittentes
1655 448 1716 490 se
1757 432 1896 504 parti
1923 436 1979 499 Α
2001 431 2090 497 lis,
2119 431 2440 503 aeribusque
2465 429 2980 502 incommodis.Quo
3004 432 3279 508 defuncto,
3309 437 3454 499 ﬁlius
3475 447 3594 509 eius

277 529 419 603 ejus
464 543 586 586 esse
627 529 812 585 Iideles
858 537 1019 600 atque
1056 529 1360 601 subjectos;
1394 528 1724 599 patratisque
1769 540 1892 582 cum

279 624 382 681 his
407 624 657 681 omnibus
679 640 798 695 qua:
828 624 994 681 voluit
1021 639 1137 692 rex,
1163 624 1219 679 in
1247 624 1446 681 Gallias
1478 632 1559 680 cst
1586 637 1890 694 regressus,

285 727 472 787 atque
518 719 814 774 exercitum
880 719 1212 775 commoveri
1274 721 1576 788 praecepit,
1629 732 1790 788 quem
1837 717 1896 796 in

281 808 620 880 Hispaniam
649 810 803 881 dirigi
829 809 1031 881 jussit,
1059 811 1155 867 sed
1185 811 1390 882 quievit
1421 820 1473 865 α.
1523 811 1605 868 Ab
1657 824 1892 880 impera-

295 914 432 960 tore
483 914 665 960 autem
713 906 973 962 Mauricio
1018 914 1143 962 ante
1180 906 1280 962 hos
1315 921 1485 962 annos
1511 908 1895 978 quinquaginta

283 999 477 1054 millia
507 999 804 1055 solidorum
830 1008 1135 1069 acceperat,
1164 1010 1221 1054 ut
1246 998 1624 1070 Langobardos
1651 999 1717 1055 de
1745 1000 1894 1056 Italia

285 1092 634 1150 extruderet.
666 1092 866 1148 Audito
902 1099 1081 1148 autem
1129 1091 1440 1162 imperator,
1477 1091 1619 1161 quod
1660 1107 1780 1147 eum
1812 1092 1896 1148 liis

285 1187 351 1241 in
388 1200 523 1254 pace
568 1185 886 1254 conjunctus
931 1194 1049 1253 est,
1096 1184 1378 1252 pecuniam
1425 1185 1736 1250 repetebat:
1786 1199 1883 1240 seu

283 1279 412 1348 hic,
445 1279 584 1334 lidus
612 1293 642 1334 a
672 1279 878 1334 solatiis
900 1319 917 1347 ,
944 1293 1013 1335 ne
1061 1293 1377 1350 responsum
1408 1278 1626 1350 quidem
1659 1292 1755 1349 pro
1787 1278 1892 1335 hac

287 1388 361 1429 re
392 1373 563 1428 voluit
589 1373 837 1429 reddere.

371 1465 562 1522 XLIII.
604 1466 662 1520 In
690 1463 915 1521 Gallieia
961 1464 987 1503 ι)
1018 1481 1230 1537 quoque
1274 1480 1432 1530 novae
1464 1479 1552 1521 res
1579 1473 1715 1521 actae
1744 1473 1896 1525 sunt.

290 1574 423 1629 quae
447 1558 762 1629 desuperius
791 1569 813 1597 ο
844 1560 1306 1616 memorabuntur.
1336 1559 1501 1630 Igitur
1525 1574 1646 1617 cum
1673 1559 1897 1616 llerme~

290 1651 572 1722 uegildus,
599 1653 738 1730 sicut
757 1667 916 1722 supra
939 1653 1173 1708 diximus
1202 1649 1254 1718 ἀ,
1285 1652 1424 1722 patri
1455 1651 1697 1707 infensus
1723 1661 1893 1720 esset,

290 1753 354 1800 et
387 1746 441 1800 in
469 1745 688 1801 civitate
718 1745 948 1816 quadam
980 1744 1251 1814 Hispaniae
1280 1759 1403 1799 cum
1433 1743 1659 1814 conjuge
1689 1743 1896 1800 reside-

1998 525 2258 581 Eurichus
2286 524 2616 581 Leuvieliildi
2667 525 2808 598 regis
2852 528 3116 585 amicitias
3161 534 3399 602 expetit;
3430 536 3589 593 dato-

1996 630 2122 685 que,
2147 624 2205 670 ut
2226 623 2381 685 pater
2399 616 2620 685 fecerat,
2643 628 2997 686 sacramento,
3025 636 3243 693 regnum
3265 623 3381 680 Gall
3406 627 3591 688 eiense

1997 707 2257 778 suscepit.
2289 707 2402 762 Iloc
2433 723 2558 764 vero
2587 723 2728 767 anno
2753 722 3009 781 cognatus
3038 715 3154 785 ejus
3183 716 3386 773 Audica
3416 715 3467 786 ιι,
3497 724 3590 792 qui

1996 811 2238 853 sororem
2281 797 2427 854 illius
2480 799 2856 872 desponsatam
2901 805 3150 873 habebat,
3187 824 3305 864 cum
3351 813 3592 871 exercitu

1995 893 2163 960 venit,
2196 893 2702 967 appreliensumque
2729 898 2980 954 clericum
3020 898 3035 937 ί
3067 899 3210 969 facit,
3245 917 3308 959 ac
3329 903 3582 962 diacona-

1998 993 2083 1040 tus
2112 984 2224 1041 sive
2264 987 2584 1058 presbyterii
2634 988 2682 1044 ei
2730 991 2931 1062 imponi
2967 993 3226 1050 honorem
3253 997 3444 1068 jubet:
3476 1001 3591 1069 ipse

1996 1091 2126 1132 vero
2152 1089 2369 1145 accepta
2400 1078 2575 1134 soceri
2620 1080 2704 1135 sui
2742 1097 2909 1140 uxore
2941 1087 2991 1152 l,
3019 1086 3338 1144 Galliciense
3367 1105 3590 1162 regnum

1996 1171 2245 1228 obtinuit.
2281 1171 2659 1229 Leuvichildus
2711 1190 2840 1232 vero
2882 1177 3046 1233 ﬁliuni
3089 1195 3246 1236 suum
3296 1182 3589 1241 Hermcne-

1995 1263 2199 1334 gildum
2226 1265 2390 1334 cepit,
2425 1274 2479 1320 et
2507 1281 2690 1323 secum
2719 1283 2888 1340 usque
2916 1269 3160 1329 Toletum
3191 1275 3433 1346 adduxit,
3463 1293 3592 1334 con-

1998 1367 2260 1415 uemnans
2291 1374 2412 1417 eum
2451 1362 2675 1431 exsilio;
2704 1379 2928 1423 uxorem
2972 1376 3147 1424 tamen
3179 1371 3295 1440 ejus
3325 1388 3355 1427 a
3387 1371 3592 1433 Graecis

1996 1451 2208 1520 eripere
2239 1466 2346 1507 non
2379 1455 2575 1524 potuit.

2071 1545 2252 1603 XLIV.
2295 1548 2542 1606 Locusta:
2585 1567 2798 1624 quoque
2839 1552 2909 1610 de
2941 1554 3244 1626 Carpitania
3275 1552 3588 1633 provincia,

1997 1652 2158 1709 quam
2188 1655 2284 1709 per
2302 1641 2537 1714 quinque
2553 1654 2897 1702 vastaverant
2923 1661 3111 1716 annos,
3140 1649 3242 1706 hoc
3267 1665 3406 1706 anno
3430 1653 3588 1727 321

1997 1741 2318 1802 progressae,
2352 1750 2710 1809 aggeremque
2735 1739 3008 1809 publicum
3038 1751 3303 1813 tenentes,
3331 1743 3397 1800 ad
3429 1746 3589 1802 aliam

293 1845 407 1911 ret,
441 1836 636 1892 solatio
665 1836 835 1892 fretus
863 1836 1228 1906 imperatoris,
1259 1844 1418 1906 atque
1449 1835 1672 1890 Mironis
1707 1844 1730 1872 ο
1761 1835 1890 1890 Gal-

1999 1839 2058 1880 sc
2085 1827 2443 1897 provinciam,
2478 1845 2596 1900 qua)
2623 1831 2746 1887 huic
2771 1833 2940 1888 vicina
2968 1843 3088 1890 erat
3117 1836 3427 1905 provincizn,
3461 1853 3591 1893 con-

294 1929 541 1986 liciensis
590 1931 754 2002 regis,
808 1937 1012 2001 patrem
1061 1929 1128 1984 ad
1175 1944 1234 1986 se
1265 1943 1386 1984 cum
1416 1930 1658 1984 exercitu
1707 1927 1896 1984 venire

297 2023 579 2094 cognovit,
613 2022 1005 2093 consiliumque
1027 2003 1162 2076 iniit‘
1200 2020 1430 2091 qualiter
1456 2020 1762 2075 venientem
1806 2028 1898 2075 aut

297 2118 639 2188 repelleret,
688 2126 783 2174 aut
829 2115 1360 2174 necaret:nesciens
1409 2116 1575 2172 miser
1617 2114 1881 2186 judicium

298 2214 408 2270 sibi
437 2214 720 2271 imminere
740 2214 1008 2280 divinum,
1032 2213 1120 2283 qui
1146 2221 1332 2268 contra
1359 2213 1679 2284 genitorem,
1711 2224 1899 2280 quam-

300 2307 438 2362 libet
493 2307 830 2376 Iiaareticum,
879 2306 1006 2362 talia
1056 2305 1335 2377 cogitaret.
1389 2303 1584 2359 Ilabito
1627 2317 1757 2374 ergo
1790 2311 1899 2358 tra-

301 2411 474 2469 ctatu,
517 2403 585 2458 de
633 2402 815 2457 multis
860 2402 1098 2456 virorum
1142 2399 1378 2454 millibus
1430 2405 1701 2452 trecentos
1751 2396 1897 2450 viros

301 2494 470 2563 elegit
496 2503 762 2560 armatos,
793 2501 847 2549 et
890 2493 1026 2548 intra
1076 2500 1310 2545 castrum
1366 2487 1527 2543 Osser
1556 2484 1601 2553 ί,
1651 2487 1814 2558 320
1842 2485 1899 2542 in

303 2588 461 2656 cujus
489 2586 718 2641 ecclesia
748 2585 924 2640 fontes
952 2583 1205 2638 divinitus
1236 2580 1599 2650 complentur,
1630 2579 1892 2635 includit:

302 2688 367 2736 ut
396 2679 607 2734 scilicet
634 2677 806 2744 primo
837 2675 1044 2746 impetu
1070 2673 1137 2729 ab
1166 2673 1254 2728 liis
1283 2680 1437 2742 pater
1469 2670 1681 2727 territus
1707 2685 1770 2726 ac
1790 2670 1896 2726 las-

315 2778 491 2834 satus,
522 2767 734 2822 facilius
761 2766 828 2822 ab
851 2763 1091 2820 inferiori
1135 2778 1320 2829 manu,
1347 2777 1465 2833 quae
1495 2769 1614 2818 erat
1642 2759 1894 2832 plurima,

304 2866 636 2921 vinceretur.
670 2860 907 2931 Denique
943 2860 1026 2915 liis
1060 2858 1203 2915 dolis
1232 2857 1615 2914 Leuvicliildus
1663 2872 1755 2914 rex
1804 2870 1897 2912 co-

302 2956 487 3029 gnitis,
513 2956 838 3026 cogitatione
866 2953 1100 3009 maxima
1125 2952 1394 3023 fatigatur.
1422 2952 1511 3021 Si,
1545 2951 1742 3022 inquit,
1769 2950 1897 3007 illuc

303 3069 427 3110 cuin
468 3050 615 3108 omni
665 3049 905 3107 exercitu
946 3048 1163 3115 abiero,
1216 3046 1571 3118 conglobatus
1617 3045 1672 3100 in
1726 3059 1891 3100 unum

302 3147 574 3204 exercitus
602 3142 1037 3200 adversariorum
1060 3139 1260 3210 jaculis
1288 3138 1661 3196 crudelissime
1687 3138 1895 3194 saucia-

2006 1919 2264 1973 iulcrunt.
2315 1920 2494 1988 Quare
2543 1911 2771 1993 spatium
2816 1925 2869 1979 in
2909 1935 3123 1982 centum
3151 1925 3178 1964 κ
3208 1929 3589 2001 quinquaginta

2002 2015 2310 2070 extenditur
2343 2016 2506 2071 millia
2540 2018 2852 2089 longitudo;
2882 2020 3108 2078 latitudo
3137 2037 3266 2078 vero
3293 2023 3346 2078 in
3374 2032 3590 2084 centum

2002 2107 2237 2163 millibus
2288 2109 2623 2166 terminatur.
2669 2111 2780 2168 lloc
2829 2128 2970 2168 anno
3003 2115 3166 2170 multa
3218 2116 3459 2185 prodigia
3487 2131 3584 2186 ap-

2001 2212 2296 2271 paruerunt
2340 2203 2391 2258 in
2427 2204 2639 2271 Galliis,
2678 2207 3111 2279 vastationesque
3160 2210 3344 2266 multae
3374 2211 3590 2270 fuerunt

2001 2293 2054 2349 iu
2099 2295 2318 2366 populo.
2361 2296 2492 2352 Nam
2541 2313 2726 2354 mense
2767 2298 3025 2356 Januario
3071 2316 3211 2356 rosae
3250 2305 3380 2358 visae
3422 2312 3585 2371 sunt;

2006 2385 2150 2440 circa
2176 2385 2344 2440 solem
2372 2401 2583 2457 quoque
2611 2388 2844 2444 circulus
2867 2404 3092 2461 magnus
3113 2392 3379 2461 apparuit,
3411 2392 3588 2448 diver-

2000 2476 2077 2533 sis
2110 2477 2381 2533 coloribus
2409 2479 2620 2549 mistus,
2649 2489 2703 2535 ut
2735 2481 2870 2537 solet
2893 2482 2945 2536 in
2972 2482 3064 2537 illo
3094 2483 3328 2539 caelestis
3351 2484 3444 2540 iris
3475 2499 3588 2540 am-

2002 2569 2117 2624 bitu
2167 2570 2344 2641 pluvia
2375 2571 2685 2628 discedente
2725 2570 2745 2611 1
2776 2576 3081 2630 monstrari.
3116 2575 3312 2632 Pruina
3355 2581 3588 2647 graviter

2001 2663 2186 2718 vineas
2239 2663 2478 2731 exussit;
2532 2675 2818 2736 tempestas
2870 2668 3034 2724 etiam
3076 2669 3358 2725 subsecuta
3403 2671 3588 2728 vineas

1999 2767 2319 2831 segetesque
2355 2775 2450 2830 per
2480 2761 2710 2832 plurima
2740 2761 2856 2820 loca
2885 2764 3135 2834 vastavit,
3163 2765 3436 2823 reslduuui
3469 2782 3589 2839 quo-

1999 2867 2103 2922 que
2148 2854 2427 2923 grandinis
2473 2855 2691 2912 siccitas
2745 2857 3008 2914 immensa
3054 2861 3407 2930 consumpsit.
3464 2862 3588 2919 Exi-

1999 2958 2242 3016 guusqne
2294 2946 2496 3003 fructus
2543 2950 2597 3004 in
2641 2948 2907 3020 aliquibus
2938 2951 3109 3006 vineis
3155 2952 3324 3020 visus,
3375 2953 3427 3008 in
3460 2952 3582 3010 aliis

1998 3053 2128 3094 vero
2156 3039 2352 3105 nullus,
2386 3041 2458 3094 ita
2489 3050 2544 3095 nt
2571 3041 2694 3096 irati
2721 3052 2908 3098 contra
2939 3043 3109 3100 Deum
3137 3043 3406 3114 homines,
3438 3055 3586 3108 nate-

1997 3134 2155 3191 factis
2185 3135 2421 3192 aditibus
2446 3137 2745 3205 vinearum,
2781 3153 2974 3206 pecora
3005 3139 3089 3195 vel
3109 3139 3377 3212 jumenta,
3410 3142 3580 3196 intro-

307 3251 415 3297 tur.
463 3239 522 3296 Si
551 3253 680 3295 vero
729 3252 854 3293 cum
898 3237 1079 3306 paucis
1121 3235 1308 3291 vadam
1334 3275 1350 3301 ,
1388 3233 1626 3288 virorum
1673 3232 1892 3290 fortium
1921 3241 1970 3306 ο
2003 3228 2300 3294 mitterent,
2342 3230 2529 3285 noxias
2579 3229 2679 3286 sibi
2723 3231 3090 3288 immiscentes
3135 3233 3320 3290 miseri
3353 3247 3584 3304 preces,

305 3347 527 3389 manum
553 3344 762 3402 nequeo
787 3343 1083 3400 superare;
1112 3337 1293 3384 tamen
1317 3340 1438 3382 cum
1461 3325 1711 3382 omnibus
1731 3324 1822 3381 ibo
1845 3335 1896 3381 ε.

305 3428 376 3484 Ει
418 3426 680 3482 accedens
715 3425 784 3480 ad
814 3424 993 3482 locum
1039 3423 1187 3480 viros
1239 3422 1512 3493 prclrivit,
1550 3429 1898 3494 castrumque

310 3519 634 3585 combussit,
663 3501 806 3574 sicut
844 3517 959 3587 jam
997 3515 1245 3587 superius
1273 3524 1628 3572 memoratum
1654 3525 1756 3573 est.
1791 3516 1896 3574 Pa-

306 3623 444 3670 trata
472 3626 684 3684 quoque
709 3611 954 3678 victoria,
987 3613 1241 3683 cognovit
1267 3609 1524 3666 Mironem
1553 3624 1736 3681 regem
1766 3625 1900 3668 con-

306 3717 388 3764 tra
434 3723 495 3764 se
549 3721 669 3762 cum
722 3706 962 3762 exercitu
1048 3704 1306 3762 residere.
1361 3706 1479 3775 Quo
1527 3703 1895 3779 circumdato,

309 3810 647 3860 sacramenta
675 3800 841 3871 exigit
867 3800 969 3856 sibi
1016 3799 1070 3855 in
1101 3811 1376 3871 posterum
1421 3801 1538 3858 fore
1569 3802 1803 3859 ﬁdelem.
1826 3804 1898 3860 Et

306 3896 385 3955 sic
426 3897 570 3952 datis
615 3895 719 3952 sibi
765 3895 994 3950 invicem
1044 3895 1382 3962 muneribus,
1428 3896 1793 3966 unusquisque
1824 3896 1894 3951 ad

308 3990 523 4062 propria
546 3999 627 4044 est
652 4003 952 4061 regressus.
984 3986 1090 4043 Sed
1119 3987 1254 4042 Miro
1277 3998 1558 4058 postquam
1585 3989 1637 4042 in
1667 3988 1895 4058 patriam

311 4083 494 4147 rediit,
526 4097 632 4137 non
657 4082 857 4136 multos
889 4088 1011 4150 post
1049 4079 1165 4134 dies
1193 4093 1488 4136 conversus
1517 4080 1584 4135 ad
1613 4081 1895 4148 lectulum,

308 4177 472 4234 obiit:
495 4177 792 4232 inﬁrmatus
816 4176 962 4232 enim
989 4175 1057 4230 ab
1099 4175 1252 4246 aquis
1279 4174 1549 4245 Hispania:
1578 4173 1753 4231 fuerat
1783 4190 1898 4230 ma-

314 4374 372 4415 re
395 4357 597 4428 aliquot
627 4356 890 4427 epistolae,
918 4371 1038 4426 quae
1065 4355 1223 4412 edita:
1243 4363 1368 4412 sunt
1393 4372 1424 4411 a
1455 4356 1654 4428 Cbesn.
1684 4367 1740 4416 et
1766 4359 1899 4417 Fre-

315 4431 466 4493 bero,
489 4427 540 4484 in
568 4431 762 4501 quibus
788 4429 1076 4501 Mauricius
1105 4438 1160 4484 et
1207 4428 1324 4498 ejus
1352 4427 1588 4498 praafecti
1618 4429 1686 4485 de
1726 4430 1898 4487 Fran-

316 4504 410 4566 cis,
440 4500 598 4570 quasi
625 4501 692 4555 de
716 4500 929 4554 violatm
957 4500 1079 4554 ﬁdei
1103 4501 1210 4554 reis
1236 4511 1662 4570 conquerantur.
1691 4504 1896 4558 Autlia-

314 4575 421 4645 rius
445 4574 592 4640 Glepi
617 4573 756 4645 ﬁlius
783 4581 910 4645 tunc
930 4571 1071 4641 apud
1096 4571 1478 4645 Langobardos
1499 4573 1776 4643 regnabat,
1801 4578 1892 4645 qui

317 4643 528 4698 Flavius
561 4646 622 4718 ob
649 4643 949 4718 dignitatem
996 4644 1292 4718 appellatus
1324 4654 1436 4718 est;
1469 4644 1717 4714 istudqne
1761 4643 1896 4718 ρθῖίε-
1922 4645 1976 4706 Β

316 4732 495 4788 nomen
523 4715 972 4788 subsequentibus
996 4714 1212 4788 regibus
1236 4716 1546 4788 gentissuce
1572 4714 1890 4788 transmisit,

316 4797 368 4842 ut
395 4787 560 4842 refert
588 4786 780 4840 Paulus
807 4785 953 4840 Diac.
983 4785 1075 4840 lib.
1106 4800 1187 4851 III,
1213 4801 1332 4855 cap.
1361 4785 1447 4841 16.

347 4867 408 4983 ὁτι
453 4858 668 4929 Begm.,
708 4856 800 4912 sed
828 4857 998 4913 nescia
1026 4874 1127 4927 qua
1156 4858 1216 4911 de
1257 4874 1410 4912 causa
1438 4861 1705 4915 remansit.
1754 4859 1896 4916 Nam

315 4945 342 4983 α
380 4968 396 4983 .

318 5072 335 5125 Ι
383 4998 412 5084 ιζ
453 4998 638 5068 Corb.,
669 4998 821 5055 Colb.
851 5007 905 5055 et
931 4999 1119 5067 Freb.,
1150 4999 1346 5055 Gallia.
1373 5001 1500 5056 Bad.
1531 5004 1748 5072 melius,
1777 5003 1898 5059 Cal-

337 5087 462 5125 εεια.

337 5087 462 5127 εεια.

384 5154 408 5216 ἐ
448 5143 674 5212 Gallice,
698 5145 940 5208 dessem;
967 5142 1106 5216 unde
1131 5143 1284 5216 Crolb.
1311 5161 1363 5216 of.
1397 5144 1558 5199 habet
1582 5146 1817 5216 inferius.

382 5215 410 5254 ά
448 5216 568 5272 Lib.
600 5235 655 5284 v,
687 5231 804 5285 cap.
838 5217 928 5280 39,
963 5213 1104 5284 quod
1133 5215 1275 5270 vide.
1310 5215 1448 5270 Urbs
1473 5216 1560 5270 liie
1593 5213 1886 5277 memorata

318 5295 394 5343 est
419 5286 670 5358 Hispalis,
700 5288 787 5342 cui
815 5294 939 5341 tunc
965 5295 1193 5354 prmcrat
1222 5286 1504 5354 episcopus
1527 5289 1584 5342 S.
1621 5287 1886 5357 Leander,

318 5363 378 5414 ad
405 5357 677 5415 Tiberium
703 5360 834 5428 imp.
864 5357 1088 5429 legatus,
1120 5366 1175 5411 ut
1213 5371 1371 5426 Opem
1408 5358 1665 5415 adversus
1692 5358 1888 5416 Lcuvi—

316 5432 507 5506 gildum
535 5431 865 5506 imploraret.
1191 5499 1203 5506 _
1279 5501 1290 5506 ,

385 5512 410 5542 ο
452 5504 499 5558 Is
523 5510 642 5559 erat
665 5502 979 5567 catholicus,
1014 5507 1164 5570 patre
1190 5499 1358 5570 ipsius
1389 5499 1508 5556 cum
1540 5511 1648 5557 tota
1678 5502 1887 5560 Suevo-

318 5590 426 5630 rum
448 5583 632 5646 gente,
648 5574 734 5629 cui
758 5574 1072 5646 imperabat,
1107 5588 1202 5646 per
1223 5574 1507 5629 Martinum
1534 5575 1878 5630 Dumiensem

318 5647 377 5701 ad
425 5643 586 5701 ﬁdem
617 5643 830 5700 rectam
875 5643 1128 5700 adducto.
1175 5645 1405 5700 Joannes
1454 5647 1796 5713 Biclarensis,
1826 5657 1882 5704 et

319 5717 546 5773 Isidorus
567 5718 813 5787 vulgatus
859 5715 913 5769 in
943 5717 1210 5772 Chronico
1247 5719 1488 5775 scribunt
1527 5718 1785 5773 Mirotiem
1831 5721 1884 5778 in

318 5789 606 5920 hauvllgildi
623 5787 879 5847 auxilium
898 5789 1210 5860 accessisse,
1236 5792 1503 5864 vitamque
1523 5790 1728 5848 [iniisse
1746 5793 1888 5863 apud

357 5876 467 5920 isna
491 5876 585 5920 im.

357 5876 585 5932 aspaum.

2002 3333 2163 3396 atque
2188 3325 2427 3382 dicentes
2464 3340 2480 3382 :
2516 3323 2797 3396 Nunquam
2840 3325 2895 3381 in
2935 3326 3018 3382 bis
3045 3327 3218 3383 vineis
3249 3327 3452 3399 palmes
3485 3342 3582 3384 na-

2001 3429 2182 3476 scatur
2209 3419 2265 3475 in
2306 3420 2720 3491 sempiternum.
2761 3421 2999 3478 Arbores
3047 3437 3197 3492 vero,
3244 3439 3362 3495 quae
3400 3436 3590 3481 mense

2000 3512 2142 3569 Iulio
2187 3526 2346 3584 poma
2396 3515 2751 3584 protulerant,
2791 3529 2978 3573 mense
3027 3515 3337 3588 Septembri
3385 3518 3591 3574 fructus

1999 3605 2135 3663 alios
2170 3606 2475 3663 ediderunt.
2511 3608 2730 3664 Morbus
2768 3622 3021 3679 pecorum
3061 3610 3282 3667 iteratus
3332 3609 3590 3682 invaluit,

1999 3699 2072 3756 ita
2105 3709 2161 3755 ut
2193 3701 2280 3756 vix
2306 3699 2597 3772 quidquam
2629 3710 2961 3758 remaneret.

2072 3814 2232 3871 XLV.
2273 3815 2491 3872 Interim
2536 3815 2944 3874 advenientibus
2972 3817 3226 3875 Kalendis
3256 3816 3588 3890 Septembri-

1997 3908 2121 3979 bus,
2151 3909 2477 3966 Gottliorum
2507 3926 2701 3982 magna
2749 3911 2948 3983 legatio
2978 3913 3046 3968 ad
3093 3928 3274 3982 regem
3318 3912 3588 3983 Chilperi-

1997 4015 2120 4057 cum
2151 4002 2375 4058 accedit.
2409 4002 2528 4073 Ipse
2548 4018 2678 4059 vero
2702 4003 2814 4073 jam
2846 4018 3122 4073 regressus
3151 4004 3403 4071 Parisios,
3433 4004 3588 4061 fami-

1999 4093 2098 4149 lias
2127 4094 2320 4149 multas
2346 4093 2414 4149 de
2443 4093 2692 4149 domibus
2731 4093 3003 4150 ﬁscalibus
3032 4104 3068 4131 ιη
3093 4094 3291 4152 auferri
3321 4098 3588 4168 praecipit,

1998 4192 2053 4241 et
2080 4185 2132 4240 in
2163 4185 2416 4256 plaustris
2457 4186 2746 4255 componi;
2799 4185 2995 4243 multos
3043 4203 3256 4259 quoque
3304 4188 3491 4246 flentes
3534 4199 3588 4249 et

2074 4359 2094 4399 ί
2137 4360 2241 4417 Alii
2271 4361 2439 4428 Osset,
2471 4375 2566 4417 seu
2612 4361 2774 4428 Oser;
2803 4369 3036 4418 castrum
3087 4371 3200 4418 erat
3239 4379 3304 4420 ex
3351 4364 3581 4424 adverso

2000 4431 2254 4503 Hispalis,
2285 4435 2412 4490 olim
2445 4449 2472 4488 a
2502 4433 2760 4490 Romanis
2784 4433 2933 4488 Julia
2960 4434 3260 4490 Constantia
3289 4436 3512 4495 dictum.

2072 4515 2096 4553 8
2141 4506 2328 4572 Corb.,
2354 4506 2466 4572 ibit,
2496 4521 2592 4575 pro
2619 4507 2730 4560 ivit.

2073 4577 2101 4612 ιι
2142 4575 2308 4650 Edit.,
2340 4579 2574 4650 Auduga.
2612 4578 3023 4650 Regnitnomen
3057 4593 3166 4635 non
3193 4580 3467 4650 exprimit.

2078 4657 2093 4684 ι
2139 4649 2373 4704 Isidorus
2401 4650 2452 4702 in
2475 4649 2763 4715 Chronico,
2792 4649 3117 4705 Euboricuin
3148 4649 3470 4707 monachum
3506 4651 3584 4707 fa-

2000 4729 2144 4775 ctum
2177 4720 2229 4774 in
2253 4720 2580 4775 monasterio
2603 4721 2914 4775 damnatum
2943 4723 3010 4776 ab
3034 4723 3236 4777 Andica
3267 4724 3425 4776 luisse
3455 4722 3584 4777 scri-

2001 4793 2097 4846 bit.
2124 4792 2270 4846 ldem
2299 4795 2458 4846 refert
2483 4792 2852 4862 Lcnvigildum
2878 4792 3073 4846 Suevis
3097 4793 3291 4848 bellum
3317 4795 3579 4861 intulisse,

2002 4868 2056 4918 in
2085 4879 2190 4934 quo
2221 4864 2390 4919 victus
2420 4864 2642 4937 Audies,
2677 4864 2994 4937 presbyterii
3035 4863 3215 4937 ofﬁcio
3242 4867 3580 4937 mancipatus

2003 4944 2106 5001 est,
2131 4951 2235 5003 quo
2261 4945 2414 5004 pacto
2434 4935 2730 4989 Sucvorum
2761 4936 3042 5004 imperium
3067 4935 3118 4989 in
3151 4936 3417 5005 Hispaniis
3439 4935 3585 4989 dele-

2003 5014 2116 5059 tum
2151 5008 2262 5060 fuit.
2293 5006 2428 5062 Vide
2452 5005 2606 5060 Joan.
2639 5005 2828 5060 Biclar.
2861 5006 3202 5062 Clironicum.

2081 5079 2096 5128 l
2144 5077 2446 5146 Siseguntia
2486 5077 2740 5130 nimirum
2780 5076 3001 5132 Mironis
3057 5091 3224 5133 uxore
3258 5115 3274 5144 ,
3317 5092 3385 5133 ex
3425 5075 3582 5132 Joan.

2005 5147 2197 5201 Biclar.
2224 5149 2514 5202 Chronico.

2069 5217 2095 5256 ¹ί
2135 5218 2191 5272 In
2222 5218 2357 5274 Cod.
2388 5218 2550 5274 Corb.
2585 5219 2736 5274 deest
2770 5229 2987 5274 centum.

2076 5289 2086 5326 ¹
2134 5290 2264 5345 Cod.
2297 5291 2474 5354 Golb.,
2504 5291 2856 5346 descendente.

2065 5370 2105 5399 τε
2137 5360 2311 5434 Ilujus
2358 5361 2461 5416 loci
2495 5366 2778 5418 occasione
2809 5363 2875 5434 de
2896 5359 3152 5434 domibus
3170 5359 3446 5434 ﬁscalibus
3475 5364 3582 5434 agit

1994 5430 2238 5489 Valesius
2282 5433 2376 5489 lib.
2433 5448 2512 5490 χι.
2567 5435 2762 5488 lterum
2813 5430 3082 5500 Francic.,
3131 5433 3312 5503 aitque
3365 5430 3577 5492 veteres

1990 5505 2286 5562 Germanos
2341 5519 2448 5560 non
2498 5505 2678 5570 urbes,
2729 5503 2825 5558 scd
2875 5503 3025 5557 villas
3075 5513 3129 5559 et
3159 5507 3304 5560 vicos
3336 5507 3578 5563 habitare

1991 5577 2361 5642 con‘sucvisse,
2414 5578 2465 5630 in
2497 5577 2691 5644 quibus
2747 5589 2898 5628 suam
2950 5575 3175 5645 quisque
3204 5576 3478 5642 familiam,
3524 5584 3583 5633 et

1992 5652 2158 5720 pecus
2188 5647 2640 5720 quamplurimum
2687 5656 2917 5716 poterat,
2951 5648 3149 5720 alebat.
3193 5647 3367 5702 Nosu'i
3400 5660 3579 5704 autem

1993 5718 2169 5792 reges,
2203 5733 2353 5773 more
2395 5718 2498 5772 hoc
2547 5725 2778 5784 retento,
2808 5719 3114 5789 complures
3138 5720 3402 5791 ejusmodi
3427 5721 3581 5776 villas

1997 5795 2317 5858 habuerunt,
2351 5804 2444 5861 per
2476 5798 2643 5845 totum
2684 5805 2908 5862 regnum
2955 5807 3190 5862 sparsas,
3248 5797 3321 5848 ita
3355 5799 3412 5846 ut
3443 5807 3580 5845 nun-

1999 5878 2164 5942 quam
2188 5862 2303 5921 fere
2352 5871 2506 5940 extra
2538 5877 2662 5922 suas
2701 5862 2913 5934 domos,
2963 5864 3124 5922 etiam
3170 5865 3225 5922 in
3273 5862 3579 5931 itineribus,
