4096 6344
551 351 642 414 ιη

1540 360 1598 418 S.
1640 358 1970 417 GREGORII
2013 355 2315 418 EPISCOPI
2355 353 2786 414 TURONENSIS

3731 357 3835 414 4ιὲ

551 471 790 530 nolentes
817 473 986 540 abire,
1014 489 1068 531 ιη
1116 474 1412 531 custodiam
1458 475 1659 530 retrudi
1709 474 1888 544 jussit,
1922 483 1982 528 ut
2028 486 2122 527 eos
2150 472 2204 532 Λ
2227 485 2339 524 mas
2363 478 2414 522 et
2443 467 2649 534 oscula,
2682 483 2800 521 cum
2847 462 2915 522 de
2958 474 3106 535 porta
3138 467 3506 540 egrederetur,
3544 485 3658 523 uno
3716 487 3837 525 car-

550 563 756 620 facllius
799 580 920 621 cum
974 567 1080 621 filia
1128 568 1488 622 transmittere
1531 577 1728 637 posset.
1775 567 1903 620 [\‘am
1957 565 2133 619 ferunt

549 659 747 710 multos
773 657 870 714 sibi
910 659 978 713 ob
1009 657 1144 713 hanc
1177 660 1587 714 amaritudinem
1617 662 1779 713 vitam
1829 659 2014 727 laqueo
2042 672 2134 710 ex-

551 749 788 814 torsisse,
819 750 943 803 dum
972 750 1037 806 de
1069 753 1377 821 parentibus
1427 752 1660 822 prepriis
1691 750 1885 805 auferri
1929 759 2134 804 metue-

549 839 698 894 bant.
730 842 1086 910 Separabatur
1113 856 1286 899 autem
1318 846 1459 900 ﬁlius
1491 863 1518 898 a
1545 857 1714 914 patre,
1753 854 1923 899 mater
1944 860 1972 898 a
2003 844 2130 912 filia,

547 937 600 983 et
625 945 745 984 cum
774 933 916 999 gravi
945 935 1143 1001 gemitu
1174 952 1234 988 ac
1260 935 1725 989 trialedictinuibus
1751 934 2129 998 discedebant;

548 1033 832 1095 tantusque
863 1030 1107 1096 planctus
1150 1031 1199 1082 in
1232 1032 1360 1083 urbe
1388 1029 1547 1100 322
1601 1029 1861 1082 l’arisiaca
1896 1038 2031 1094 erat,
2080 1037 2135 1081 ut

548 1118 779 1187 planctui
807 1133 1205 1186 compararetur
1233 1122 1504 1191 :‘ligyptio.
1549 1122 1694 1175 Multi
1726 1137 1853 1175 vero
1882 1122 2134 1173 meliores

546 1219 671 1264 natu
705 1220 729 1247 δι
749 1254 763 1278 ,
794 1213 884 1282 qui
913 1214 960 1266 vi
983 1214 1440 1282 comprllehantur
1471 1215 1641 1279 abire,
1673 1221 1989 1267 testamenta
2019 1227 2137 1267 con-

546 1303 819 1373 diderunt,
865 1323 1058 1378 resque
1111 1324 1235 1363 suas
1289 1309 1526 1363 ecclesiis
1585 1308 1925 1376 deputantes,
1978 1316 2136 1376 atque

545 1409 808 1467 petentes,
846 1411 899 1454 ut
928 1417 1046 1456 cum
1082 1403 1131 1456 in
1167 1404 1446 1471 Hispanias
1484 1403 1655 1473 puella
1693 1403 1995 1464 introisset,
2025 1412 2135 1456 sta-

545 1488 637 1544 tim
668 1501 980 1547 testamenta
1010 1493 1120 1560 illa,
1166 1509 1411 1564 tanquam
1458 1496 1501 1548 si
1530 1495 1638 1564 jam
1686 1504 1868 1548 es~ent
1913 1494 2134 1562 sepulti,

547 1594 940 1638 reserarentur.
976 1586 1184 1640 lnterea
1215 1588 1371 1654 legati
1421 1588 1560 1657 regis
1604 1586 1699 1640 (Ihi
1727 1587 1932 1640 dcberti
1991 1585 2138 1640 Pari-

545 1674 655 1727 sios
708 1675 1060 1744 advenerunt,
1113 1691 1481 1734 contestantes
1529 1678 1837 1748 Chilperico
1890 1679 2024 1744 regi,
2079 1689 2135 1731 ut

546 1767 680 1820 nihil
712 1768 778 1823 de
808 1770 1130 1836 civitatibus,
1158 1787 1287 1841 quas
1311 1773 1378 1826 de
1411 1787 1573 1841 regno
1600 1774 1760 1840 ρτιιινίκ
1789 1769 1868 1823 sui
1897 1770 2130 1834 tenebat,

2236 577 2380 616 rucaa
2413 559 2633 615 effracto
2658 577 2776 621 axe.
2808 574 2995 615 omnes
3025 559 3322 614 Mala-hora
3363 562 3656 616 dixerunt:
3692 561 3838 630 quod

2235 666 2265 706 a
2293 655 2610 722 quihusdam
2658 668 2757 723 pro
2812 654 3051 722 auspiriu
3098 666 3403 722 susceptum
3434 663 3534 709 est.
3591 653 3842 725 Denique

2241 744 2355 800 hare
2386 746 2454 802 de
2485 747 2703 801 Parisiis
2751 761 3056 817 progressa,
3098 754 3288 801 octavo
3317 747 3384 801 ab
3414 747 3545 802 urbe
3577 747 3841 803 milliaria

2237 841 2462 895 tentoria
2500 840 2584 908 figi
2631 842 2901 910 praecepit.
2943 842 3234 911 Surgentes
3265 840 3406 896 enim
3438 841 3841 914 quinquaginta

2235 935 2332 990 viri
2378 936 2445 991 de
2508 946 2696 1004 nocte,
2741 936 3088 1006 apprehensis
3133 946 3347 990 centum
3395 937 3667 1006 equitibus
3721 936 3837 1008 [AL

2237 1029 2406 1098 equis]
2435 1029 2668 1097 eptimis,
2704 1030 3030 1096 totidemque
3071 1029 3235 1083 frenis
3273 1031 3469 1093 aureis,
3506 1043 3569 1083 ac
3618 1031 3840 1086 duabus

2236 1122 2440 1176 catenis
2472 1125 2698 1192 magnis,
2731 1122 2796 1175 ad
2831 1121 3235 1176 Childebertum
3269 1135 3449 1193 regem
3481 1122 3606 1194 fuga
3636 1123 3840 1193 dilapsi

2236 1211 2504 1266 abierunt.
2561 1212 2664 1268 Sed
2708 1219 2762 1266 et
2794 1228 2887 1282 per
2937 1219 3106 1266 totum
3150 1212 3252 1266 iter
3280 1229 3400 1267 cum
3433 1214 3539 1267 labi
3592 1216 3841 1284 quispa-

2239 1303 2447 1368 luisset,
2481 1303 2786 1372 effugiebat,
2817 1303 2995 1358 ferens
3041 1318 3224 1359 secum
3271 1319 3390 1374 qua:
3444 1307 3687 1375 arripere
3744 1321 3841 1377 po-

2237 1397 2444 1452 luisset.
2478 1401 2773 1466 Apparatus
2814 1414 3026 1468 quoque
3064 1414 3285 1468 magnus
3315 1413 3564 1468 expensre
3599 1399 3626 1436 ἀ
3655 1401 3728 1455 de
3757 1401 3841 1454 di-

2237 1489 2408 1542 versis
2435 1489 2736 1544 civitatihus
2783 1489 2835 1545 in
2881 1490 3073 1545 itinere
3117 1501 3471 1560 congregatus
3499 1502 3607 1558 est,
3642 1495 3693 1547 in
3730 1511 3842 1565 quo

2237 1577 2367 1632 nihil
2406 1579 2472 1633 de
2502 1579 2631 1634 fisco
2672 1596 2769 1635 suo
2819 1580 3052 1635 rex-dari
3084 1584 3354 1651 prmcepit,
3403 1583 3501 1637 nisi
3547 1585 3735 1638 omnia
3773 1587 3843 1641 «le

2236 1687 2526 1742 pauperum
2560 1672 2886 1742 conjectnris
2928 1682 2974 1728 ο.
3009 1673 3115 1728 Sed
3159 1676 3414 1744 quoniam
3448 1677 3689 1743 suspicio
3722 1689 3843 1732 erat

2236 1762 2348 1833 regi
2378 1803 2394 1826 ,
2428 1779 2493 1819 ne
2523 1764 2688 1818 frater
2711 1773 2800 1817 aut
2829 1777 2994 1832 nepos
3024 1764 3233 1833 aliquas
3283 1765 3501 1820 insidias
3535 1769 3730 1835 puella:
3785 1769 3840 1823 in

544 1859 805 1929 auferret,
851 1876 940 1919 aut
985 1865 1050 1918 de
1084 1867 1348 1919 thesauris
1379 1864 1496 1934 t-jus
1527 1865 1578 1917 in
1609 1863 1787 1930 aliqui;
1826 1864 1873 1914 ftl
1901 1880 1980 1914 am
2017 1878 2132 1915 mu-
2161 1858 2210 1920 B
2237 1856 2320 1910 via
2354 1867 2620 1924 pararent,
2657 1857 2906 1910 vallatam
2955 1857 3023 1911 ab
3076 1859 3319 1913 exercitu
3372 1873 3593 1929 pergere
3641 1859 3836 1930 jussit.

545 1965 780 2022 neraret,
825 1972 884 2010 ac
922 1972 1024 2012 non
1073 1958 1359 2025 mancipia,
1393 1971 1496 2010 non
1540 1957 1744 2024 equites
1776 1953 1884 2024 [AL
1921 1953 2132 2026 equus],

545 2049 795 2118 nonjuga
829 2049 1018 2116 boum,
1069 2065 1240 2118 neque
1275 2051 1476 2118 aliquid
1529 2047 1898 2117 hujuscemodi
1949 2048 2014 2101 de
2057 2046 2138 2100 his

545 2137 767 2192 auderet
795 2140 1079 2210 attingere.
1113 2141 1186 2195 De
1237 2141 1429 2209 quibus
1509 2139 1696 2208 legatis
1746 2155 1906 2192 unmn
1963 2138 2140 2194 ferunt

544 2231 676 2284 clam
709 2232 1108 2303 interemptum,
1153 2233 1249 2289 sed
1296 2233 1534 2288 nescitur
1562 2248 1590 2285 a
1620 2248 1742 2302 quo.
1783 2232 2030 2301 Suspicio
2061 2241 2140 2285 ta-

545 2335 668 2377 men
700 2328 1009 2380 vertebatur
1030 2326 1096 2381 ad
1128 2342 1334 2397 regem.
1368 2325 1691 2380 Promittens
1715 2341 1842 2380 vero
1871 2325 2137 2393 Chilperi-

545 2428 642 2468 cus
667 2430 759 2470 rex
793 2416 924 2472 nihil
955 2419 1022 2473 de
1054 2419 1136 2473 his
1175 2420 1507 2488 contingere,
1541 2419 1855 2472 convocatis
1896 2417 2138 2472 meliori-

543 2504 642 2561 bus
672 2508 914 2577 Francis,
949 2515 1274 2583 reliquisque
1310 2513 1574 2572 lidelibus,
1611 2511 1821 2580 nuptias
1845 2513 2139 2568 celebravit

547 2596 666 2652 filiae
697 2615 806 2653 sua:
851 2601 895 2658 ι’.
947 2602 1268 2671 'l'radizaqne
1302 2605 1488 2672 legatis
1521 2603 1863 2669 Gotthorum,
1915 2619 2139 2671 magnos

550 2690 598 2743 ei
635 2689 913 2745 thesauros
965 2692 1142 2759 dedit;
1173 2695 1264 2748 sed
1311 2703 1365 2748 et
1412 2708 1585 2748 mater
1642 2694 1756 2762 cjus
1818 2695 2137 2750 immensum

545 2787 753 2858 pondus
779 2790 890 2844 auri
918 2793 1250 2861 argentique,
1283 2791 1396 2845 sive
1426 2791 1868 2846 vestimentorum
1899 2791 2136 2862 pr«~tulit,

545 2885 618 2935 ita
661 2893 718 2936 ut
742 2883 928 2938 videns
961 2885 1075 2938 lucc
1097 2901 1213 2950 rex,
1244 2883 1375 2938 nihil
1404 2884 1503 2938 sibi
1551 2886 1872 2940 remansisse
1905 2896 2137 2954 putaret.

546 2976 715 3042 Quem
739 2992 964 3031 cernens
987 2978 1170 3049 regina
1193 2988 1541 3042 οοιιιιηοιιηη,
1581 2992 1843 3032 conversa
1873 2977 1938 3032 ad
1970 2978 2139 3033 Fran-

544 3081 658 3130 cos,
690 3067 762 3122 ita
795 3071 908 3125 ait:
943 3068 1019 3122 Ne
1070 3070 1286 3138 putetis,
1338 3083 1371 3122 ο
1416 3069 1540 3132 viri,
1595 3068 1888 3138 quidquam
1939 3069 2025 3123 hic
2074 3069 2140 3125 de

546 3161 813 3217 thesauris
861 3164 1188 3218 anteriorum
1249 3179 1431 3230 regum
1489 3161 1693 3218 haberi.
1749 3163 1938 3216 Omnia
1996 3164 2138 3219 enim

2247 1953 2408 2006 Erant
2437 1963 2612 2005 autem
2663 1963 2785 2006 eum
2819 1967 2881 2007 ea
2917 1952 3014 2007 viri
3061 1952 3325 2023 magnifici
3359 1968 3374 2008 ξ
3425 1953 3567 2008 Bobo
3594 1953 3727 2020 dux,
3786 1955 3841 2008 fio

2245 2041 2346 2095 lius
2389 2041 2759 2107 Mnmmoleni,
2811 2057 2932 2097 cum
2973 2059 3164 2111 uxore,
3199 2045 3348 2112 quasi
3399 2049 3843 2116 paranympims;

2245 2133 2631 2205 Domrgiselus,
2682 2144 2736 2188 et
2780 2135 3151 2200 Ansoualdus;
3187 2137 3362 2206 major
3410 2139 3600 2192 domus
3653 2146 3843 2194 autem

2241 2228 2451 2285 Waddo
2483 2228 2529 2297 τ,
2560 2229 2650 2301 qui
2691 2231 2816 2285 olim
2847 2231 3192 2286 Santonicum
3225 2240 3433 2285 rexerat
3471 2233 3791 2286 comitatum
3823 2250 3840 2288 :

2242 2323 2506 2391 reliquum
2536 2337 2665 2377 vero
2689 2322 2873 2392 vulgus
2903 2337 3065 2392 super
3095 2332 3324 2391 quatuor
3343 2323 3506 2377 millia
3540 2336 3678 2379 erat.
3717 2323 3838 2379 Cre-

2243 2417 2339 2470 teri
2372 2427 2547 2472 autem
2590 2415 2754 2472 duces
2779 2429 2831 2471 et
2862 2419 3137 2472 camerarii
3185 2426 3246 2486 8,
3271 2417 3360 2488 qui
3391 2433 3511 2473 cum
3554 2431 3613 2474 ea
3646 2434 3839 2489 prope-

2243 2517 2517 2575 raverant,
2565 2508 2632 2563 de
2664 2509 2878 2563 l’ictavo
2927 2511 3154 2580 regressi
3194 2518 3350 2575 sunt;
3405 2510 3489 2563 isti
3545 2525 3676 2565 vero
3733 2513 3839 2566 iter

2243 2602 2607 2670 conficientes,
2639 2603 2932 2672 pergebant
2961 2614 3019 2656 ut
3063 2611 3329 2672 poterant.
3362 2601 3465 2658 Per
3504 2619 3664 2674 quam
3691 2605 3834 2660 viam

2247 2704 2391 2749 tanta
2421 2696 2618 2763 spolia,
2651 2706 2918 2764 tantaeque
2941 2697 3135 2766 prmda:
3165 2693 3320 2750 facta:
3361 2705 3504 2760 sunt,
3547 2707 3602 2749 ut
3629 2697 3716 2751 vix
3742 2712 3836 2751 v'a-

2246 2789 2387 2844 leant
2429 2790 2698 2852 enarrari;
2733 2806 2854 2844 nam
2907 2789 3186 2860 hospitiola
3236 2805 3524 2860 pauperum
3556 2793 3836 2862 exSpolia-

2244 2883 2393 2948 bant,
2427 2883 2611 2937 vineas
2652 2882 3029 2946 devastabant,
3066 2883 3137 2936 ita
3190 2891 3245 2936 ut
3292 2883 3474 2937 incisis
3515 2883 3836 2939 caudicibus

2243 2990 2364 3030 cum
2397 2975 2513 3030 uvis
2550 2972 2580 3012 h
2622 2975 2914 3044 auferrent,
2949 2976 3187 3029 levantes
3219 2989 3431 3044 pecora,
3462 2974 3540 3029 vel
3571 2975 3836 3044 quidquid

2244 3067 2484 3124 invenire
2521 3068 2839 3138 potuissent,
2874 3067 3117 3137 nihilque
3151 3081 3246 3137 per
3297 3067 3437 3120 viam
3482 3082 3582 3135 qua
3621 3067 3835 3136 gradie-

2244 3161 2438 3216 bantur
2477 3162 2875 3232 relinquentes;
2911 3162 3298 3231 impletuinque
3343 3168 3426 3216 est
3451 3161 3596 3230 quod
3627 3160 3834 3217 dictum

544 3271 664 3324 qua:
687 3259 928 3322 cernitis,
961 3256 1030 3311 de
1061 3271 1174 3310 mea
1223 3257 1553 3325 proprietate
1596 3256 1772 3309 oblata
1826 3263 1970 3320 sunt,
2020 3257 2138 3324 quia
2168 3249 2216 3313 C
2247 3259 2328 3305 est
2352 3267 2446 3321 per
2476 3252 2593 3306 Jovl
2639 3255 2950 3322 prophetam
2988 3271 2999 3305 :
3035 3252 3316 3306 Itesiduum
3357 3253 3565 3306 locusta:
3614 3253 3834 3307 comedit

545 3350 674 3403 mihi
705 3346 1124 3416 gloriosissimhs
1170 3366 1257 3403 rex
1301 3349 1466 3402 multa
1519 3349 1740 3418 largitus
1772 3357 1875 3402 est.
1931 3349 1998 3402 Et
2040 3364 2140 3416 ego

545 3441 797 3493 nonnulla
821 3441 888 3494 de
919 3441 1134 3509 proprio
1161 3441 1478 3508 eongrcgavi
1528 3440 1708 3494 labore
1743 3449 1800 3506 ο,
1836 3449 1890 3493 et
1934 3440 2000 3494 de
2045 3440 2142 3496 do-

544 3531 718 3585 mihus
744 3531 873 3584 mihi
901 3532 1195 3594 concessis,
1234 3542 1337 3585 tam
1366 3535 1430 3585 tle
1459 3532 1720 3586 fructibus
1753 3548 1913 3600 quam
1946 3532 2014 3588 de
2047 3535 2141 3587 tri-

543 3617 704 3684 butis;
738 3622 964 3691 plurima
990 3626 1250 3692 reparavi.
1285 3623 1388 3678 Sed
1440 3635 1494 3679 et
1542 3639 1636 3678 vos
1685 3626 1996 3693 plerumque
2054 3643 2140 3682 me

540 3715 847 3770 muneribus
877 3718 1068 3771 vestris
1117 3716 1350 3781 «litastis,
1398 3715 1466 3770 de
1497 3716 1692 3785 quibus
1719 3727 1843 3771 sunt
1876 3717 1977 3771 ista
2020 3733 2140 3786 qua:

542 3821 685 3860 nunc
711 3821 893 3861 coram
928 3808 1160 3873 videtis;
1193 3824 1312 3861 nam
1349 3810 1434 3862 hic
1484 3808 1551 3862 de
1610 3809 1877 3862 thesauris
1909 3808 2140 3876 publicis

541 3899 673 3954 nihil
708 3901 954 3954 habetur.
1008 3899 1074 3954 Et
1105 3901 1184 3954 sic
1210 3901 1422 3954 animus
1452 3899 1596 3971 regis
1621 3899 1839 3955 delusus
1863 3909 1966 3955 est.
2003 3900 2136 3954 Nam

539 4002 682 4048 tanta
712 3993 810 4049 fuit
833 3996 1117 4050 multitudo
1146 4010 1350 4060 rerum,
1393 4003 1449 4048 nt
1493 4010 1686 4050 aurum
1718 4005 2136 4066 argentumque,

539 4099 592 4141 et
621 4089 823 4157 reliqua
853 4097 1193 4152 ornamenta,
1242 4089 1628 4159 quinquaginta
1687 4089 1924 4158 plaustra
1984 4089 2134 4142 leva-

507 4190 676 4234 ‘rent.
708 4181 896 4233 Franci
945 4194 1076 4234 vero
1111 4181 1284 4234 multa
1316 4181 1476 4251 323
1510 4195 1730 4235 munera
1769 4181 2084 4234 obtulerunt
2119 4196 2132 4234 :

537 4271 627 4323 alii
655 4285 864 4335 aurum,
886 4273 976 4326 alii
1003 4282 1307 4341 argentum,
1330 4273 1795 4341 nonnulliequites
1820 4271 1895 4345 [1.
1916 4269 2132 4342 equos],

538 4362 776 4430 plerique
806 4365 1148 4430 vestimenta,
1182 4374 1236 4419 et
1267 4366 1635 4434 unusquisque
1677 4374 1734 4418 ut
1766 4366 1938 4434 potuit
1966 4365 2134 4420 dona-

539 4453 704 4507 tivum
729 4453 899 4511 dedit.
923 4455 1041 4510 Jam
1070 4471 1199 4511 vero
1229 4455 1551 4512 valefaeiens
1577 4456 1778 4526 puella,
1813 4466 1931 4526 post
1959 4457 2133 4527 lacry-

537 4620 975 4685 commanerent;
1010 4629 1074 4670 ex
1105 4614 1299 4685 quibus
1329 4615 1433 4670 sibi
1473 4614 1689 4684 suisque
1733 4615 1910 4668 omnia
1952 4615 2122 4672 ferme

536 4684 1038 4753 suppeditabantur.
1071 4684 1141 4741 Ibi
1167 4688 1309 4742 enim
1338 4695 1491 4742 erant
1525 4686 1900 4756 agricultores,
1926 4687 2123 4744 vinito-

538 4770 645 4821 res,
680 4767 942 4824 pastores,
974 4761 1153 4828 coqui,
1187 4760 1437 4826 pistores,
1467 4767 1599 4823 etc.,
1631 4759 1716 4825 qui
1748 4773 1904 4812 suuin
1926 4759 2123 4829 quique

535 4841 671 4900 opus
700 4830 1042 4894 exercebant,
1094 4831 1275 4898 illique
1321 4829 1460 4884 servi
1490 4830 1696 4884 li~cales
1748 4831 1881 4900 sive
1918 4837 2122 4900 regales

535 4899 884 4964 dicebantur;
916 4915 1049 4968 quos
1069 4901 1155 4955 alii
1183 4903 1430 4954 familiam
1466 4900 1811 4968 dominicam,
1839 4899 1928 4954 alii
1962 4899 2120 4956 mini-

537 4972 783 5026 sterialcs
815 4973 989 5040 regios
1044 4973 1403 5040 appelli-bant.
1465 4972 1531 5026 lis
1581 4981 1686 5026 tam
1742 4973 1902 5040 villis,
1959 4989 2120 5042 quam

537 5043 843 5096 hominibus
895 5053 1159 5111 praerant
1201 5044 1486 5099 domestici
1541 5045 1680 5112 regis
1736 5059 2116 5113 nonnunquam

535 5117 693 5167 etiam
725 5114 956 5183 majores
987 5116 1176 5169 domus
1206 5115 1352 5181 dicti,
1376 5116 1465 5183 qui
1494 5131 1558 5169 eo
1586 5117 1909 5182 potentiores
1940 5124 2111 5182 erant,

533 5202 638 5252 quo
670 5189 905 5253 pluribus
939 5188 1076 5241 villis
1113 5188 1571 5251 pra-ticiebantur;
1607 5187 1891 5254 unicuique
1935 5196 2113 5240 autem

535 5260 673 5309 villa:
705 5274 832 5312 suus
862 5272 977 5313 erat
1011 5269 1346 5326 procurator,
1381 5267 1531 5312 actor
1577 5257 1878 5311 dominicus
1909 5257 2108 5321 dictus,

501 5355 504 5359 -
533 5329 619 5392 qui
648 5328 944 5384 domestico
972 5332 1268 5398 subjectus,
1303 5330 1402 5397 ipsi
1435 5330 1695 5383 rationein
1730 5329 1954 5382 reddere
1979 5338 2116 5382 tene-

534 5398 708 5471 batnr.
738 5400 895 5455 Tales
915 5417 1064 5456 erant
1093 5418 1276 5471 regum
1309 5412 1611 5454 nostrorum
1637 5399 1871 5461 familiai,
1906 5415 1971 5471 ex
1999 5402 2114 5466 qui-

536 5469 989 5540 busGhilpericus
1010 5474 1129 5540 jure
1162 5469 1262 5528 suo
1295 5482 1471 5540 utens,
1505 5474 1699 5527 multus
1727 5472 1887 5524 etiam
1920 5470 2115 5524 invitos

533 5537 587 5592 in
616 5537 918 5616 Hispaniam
954 5537 1103 5599 abire
1132 5548 1328 5616 coegit.

610 5613 744 5686 {Sic
771 5613 1105 5677 dicebantur,
1138 5635 1169 5686 q
1196 5611 1515 5684 .i'dignitate
1563 5615 1735 5683 aliqua
1778 5622 1871 5666 aut
1923 5611 2115 5680 opibus

536 5681 842 5754 pollebant;
873 5681 1248 5753 nutinuuqtiatn
1279 5681 1439 5743 etiam
1483 5681 1704 5756 majores
1741 5695 1884 5747 nutu,
1916 5693 2008 5737 aut
2035 5701 2116 5735 se-

536 5758 705 5810 niores
760 5756 1204 5824 appellabantur;
1259 5771 1311 5813 et
1358 5758 1662 5812 econtrariu
1717 5758 1936 5810 minores
1992 5763 2116 5809 natu

535 5831 624 5957 (δή
667 5828 797 5911 nihil
836 5845 998 5900 supra
1050 5830 1289 5900 plebeios
1339 5828 1627 5886 habebant.
1680 5828 1812 5885 Vide
1868 5827 2109 5884 Glossar.

585 5917 742 5957 2mm.

585 5917 742 5973 angit.

2150 4647 2206 4711 D

2245 3362 2395 3399 eruca
2425 3344 2472 3411 ί,
2499 3358 2544 3399 et
2571 3349 2828 3400 residuum
2854 3361 3022 3400 eruca:
3071 3346 3288 3400 comedit
3333 3346 3572 3411 bruchus,
3621 3356 3671 3400 et
3709 3347 3833 3400 resi-

2245 3439 2402 3493 duum
2434 3439 2608 3493 bruchi
2635 3441 2848 3494 comedit
2896 3441 3075 3511 rubigo
3120 3439 3259 3512 (loel
3288 3456 3332 3508 ι,
3382 3441 3461 3511 4).
3512 3441 3586 3495 Ita
3632 3450 3686 3497 et
3732 3442 3832 3497 hoc

2244 3541 2420 3588 actum
2450 3541 2536 3588 est
2573 3545 2835 3602 tempore,
2869 3532 3031 3605 324
3061 3543 3117 3587 ut
3159 3533 3428 3588 residuum
3461 3534 3664 3602 pruinae
3707 3550 3830 3605 pro-

2244 3634 2443 3683 tcrcret
2474 3634 2785 3695 tempestas,
2831 3637 2883 3682 et
2913 3625 3188 3680 residuum
3225 3627 3555 3693 tempestatis
3579 3635 3832 3684 exureret

2243 3717 2481 3785 siccitas,
2513 3725 2569 3772 et
2592 3717 2860 3772 residuum
2890 3717 3148 3772 siccitatis
3170 3717 3404 3772 auferret
3431 3717 3726 3773 hostilitas.

2315 3809 2497 3864 XLVI.
2557 3810 2649 3866 His
2692 3811 2870 3880 itaque
2922 3825 3042 3865 cum
3089 3811 3188 3865 hac
3227 3810 3406 3880 prada
3460 3811 3830 3884 pergentibus,

2241 3903 2600 3974 Chilpericus,
2634 3903 2774 3959 Nero
2819 3905 2986 3959 nostri
3030 3905 3285 3972 temporis
3337 3914 3391 3959 et
3439 3905 3705 3972 Herodes,
3758 3908 3829 3963 ad

2242 3997 2426 4051 villam
2485 3996 2790 4058 Calensem,
2854 4009 2974 4065 qua:
3039 3994 3201 4049 distat
3255 3995 3320 4050 ab
3371 3995 3503 4051 urbe
3559 3994 3830 4053 Parisiaca

2241 4087 2390 4157 quasi
2448 4096 2662 4140 centum
2714 4087 2923 4151 stadiis,
2977 4086 3184 4142 accbdit
3217 4127 3232 4153 ,
3289 4087 3469 4157 ibique
3515 4089 3829 4146 venationes

2241 4188 2480 4234 exercet.
2512 4180 2753 4245 Quadam
2796 4194 2924 4234 vero
2966 4181 3053 4234 die
3097 4195 3378 4250 regressus
3423 4181 3490 4237 de
3518 4182 3826 4251 venatione,

2237 4274 2348 4344 jam
2377 4274 2704 4329 subobscura
2735 4281 2912 4339 nocte,
2940 4272 3065 4328 dum
3096 4272 3163 4329 de
3195 4289 3332 4342 equo
3356 4273 3744 4342 susciperetur,
3777 4286 3827 4332 et

2239 4383 2398 4423 unam
2429 4382 2643 4422 manum
2676 4380 2842 4436 super
2873 4367 3143 4436 scapulam
3173 4367 3324 4435 pueri
3351 4369 3632 4434 retineret,
3663 4368 3826 4422 adve-

2239 4460 2391 4516 niens
2420 4459 2634 4530 quidam
2662 4474 2784 4514 eum
2814 4458 2994 4515 cultro
3035 4457 3266 4530 percutit
3296 4457 3398 4514 sub
3421 4458 3697 4528 ascellam,
3730 4459 3824 4519 ite~

2306 4615 2334 4656 δ
2379 4617 2509 4673 Vide
2531 4631 2650 4686 cap.
2682 4616 2714 4669 9
2741 4615 2863 4670 libri
2893 4612 3191 4685 sequentis.

2302 4699 2325 4729 ο
2371 4690 2424 4742 In
2455 4690 2617 4744 Corb.
2642 4688 2793 4743 deest
2816 4686 3009 4742 labore.

2299 4757 2326 4797 ἀ
2388 4759 2576 4831 Regni.
2623 4768 2678 4816 et
2721 4759 2968 4826 Chesn.,
3019 4766 3066 4815 et
3117 4770 3455 4830 expensa...

2231 4841 2422 4955 min-Id
2448 4911 2532 4956 est
2557 4901 3040 4957 eontributiouibus
3065 4915 3158 4957 seu
3180 4898 3442 4964 collectis,
3477 4898 3816 4969 potissimum

2225 4989 2344 5044 qua:
2371 4983 2521 5028 extra
2551 4973 2792 5044 ordinem
2824 4973 3021 5044 fiebant
3051 4990 3061 5024 :
3092 4973 3244 5044 alias
3291 4970 3815 5044 cp_njecta_dicebar_i-

2228 5040 2333 5107 tur,
2365 5058 2418 5098 ut
2449 5046 2695 5098 observat
2721 5042 3008 5112 llignonius
3035 5043 3099 5096 ad
3136 5043 3230 5096 lib.
3264 5041 3576 5112 :.l\-Iareulii,
3610 5056 3728 5112 cap.
3758 5040 3812 5096 5.

2302 5115 2318 5154 ί
2360 5117 2511 5171 Coll).
2546 5132 2615 5168 m.
2639 5111 2806 5167 etCh.
2831 5114 2925 5179 al.,
2962 5112 3181 5170 Watdu.‘
3202 5114 3411 5181 Regm.,
3443 5111 3664 5175 Warda;
3695 5111 3820 5166 Bcc.

2229 5187 2440 5242 Waldo.
2473 5187 2526 5240 In
2571 5186 2746 5239 indice
2767 5186 2999 5249 capitum
3034 5185 3185 5238 Colb.
3216 5180 3300 5246 3.,
3322 5180 3568 5236 Walado.

2295 5269 2322 5306 ε
2364 5258 2700 5312 tlauierarios
2722 5256 2941 5311 eosdem
2973 5271 3033 5310 ac
3076 5255 3432 5311 cubicularios
3479 5253 3648 5309 fuisse
3691 5267 3822 5307 cen-

2223 5340 2303 5383 st-t
2334 5329 2618 5398 Bignonius
2669 5329 2720 5382 in
2774 5327 2990 5384 formul.
3043 5326 3111 5381 2.3
3143 5327 3234 5381 lib.
3272 5325 3574 5398 ll‘itll'clliii.
3615 5324 3814 5380 Eorum

2229 5396 2416 5454 officia
2456 5401 2772 5454 lliueinarus
2803 5401 3021 5460 exitonit
3061 5398 3143 5451 his
3175 5398 3355 5453 verbis
3382 5413 3395 5452 :
3448 5397 3526 5451 De
3555 5396 3823 5451 honestate

2223 5486 2341 5526 vero
2367 5471 2563 5541 palatii,
2594 5487 2680 5524 seu
2705 5472 2991 5536 specialiter
3023 5478 3320 5521 ornamento
3351 5469 3538 5536 regali,
3582 5483 3676 5521 nec
3716 5485 3818 5541 nou

2226 5537 2531 5596 etde'donis
2576 5543 2761 5595 annuis
2813 5542 3050 5603 militum,
3109 5541 3297 5607 absque
3342 5541 3453 5592 cibo
3503 5553 3546 5593 et
3573 5547 3696 5606 potu
3745 5537 3820 5591 vel

2223 5613 2384 5682 equis,
2439 5612 2505 5664 ad
2525 5616 2749 5678 regni-am
2778 5613 3050 5677 praecipue,
3077 5619 3160 5682 ﬂeti
3197 5609 3285 5663 sub
3316 5610 3426 5682 ipsa
3473 5611 3540 5664 at!
3583 5624 3815 5682 camera-

2226 5680 2358 5736 rium
2385 5686 2687 5753 pertinebat,
2721 5691 2824 5734 etc.
2884 5682 3012 5737 Vide
3063 5680 3278 5753 Talium,
3335 5680 3609 5738 Falcetum
3658 5681 3807 5750 Orig.

2226 5755 2318 5811 lib.
2345 5770 2361 5809 ι
2384 5800 2395 5814 ,
2428 5770 2546 5822 cup.
2578 5755 2664 5815 Η,
2688 5762 2740 5806 et
2770 5753 3022 5822 Cangium
3058 5753 3110 5807 in
3138 5752 3434 5810 Glossario.

2299 5824 2326 5863 δ
2364 5826 2550 5887 Corb.,
2585 5823 2827 5879 calicibus
2855 5825 3068 5879 cunctis.

2303 5896 2320 5934 ί
2373 5895 2560 5963 Gorb.,
2592 5909 2770 5965 erugo.

3497 4765 3824 4830 congregata:
