4096 6344
525 321 632 380 H5

528 435 717 508 XXV.
754 433 1030 508 Despolii}
1077 391 1350 508 Μανὶζέίβο
1403 500 1416 508 ,
1453 499 1485 508 ,γ
1534 505 1541 508 _
1675 496 1687 508 .
1844 495 1856 506 .

526 507 746 567 XXVI.
797 499 946 572 Quod
974 499 1337 560 Gundovaldus
1369 499 1600 572 civitates
1641 499 1897 572 circumit.

1520 307 1583 366 S.
1620 301 1954 365 GREGORﬂ
1993 301 2308 363 EPISCOPI
2347 303 2780 364 TURONENSIS

3702 288 3854 353 ωδ

527 563 777 636 XXVII.
801 563 904 633 "ne
927 576 1120 649 injuria
1165 569 1422 649 Magnum
1453 569 1600 643 [Μες.
1628 563 1988 649 at._.tginutﬁ]
2019 563 2265 636 episcopi.

529 651 637 707 XX
651 649 815 706 VIII.
855 645 1005 716 Quod
1033 646 1276 716 exercitus
1307 645 1477 697 inante
1505 645 1738 694 accessit.

532 721 748 777 XXIX.
797 715 887 774 De,
922 720 1132 773 interim
1187 715 1439 782 Eberulﬁ.

530 793 724 863 XXX.
760 791 837 844 De
866 791 1043 863 legatis
1068 787 1414 863 Gundoualdj.
1479 856 1512 863 __
1668 860 1673 863 _
1746 851 1757 863 _

530 861 744 919 XXXI.
795 863 871 916 De
895 856 1122 928 reliquiis
1149 859 1310 914 sancti
1343 856 1512 927 Sergii
1543 856 1803 924 martyris.

529 934 782 990 XXXII.
829 933 903 987 De
929 927 1046 986 aliis
1077 930 1403 985 Gundovaldi
1433 927 1639 997 legatis.

533 1003 818 1061 XXXIII.
873 1005 1020 1068 Quod
1057 1001 1410 1056 Childebertus
1440 993 1507 1051 ait
1539 997 1982 1068 Guntchramnum
2008 999 2248 1062 patruum
2274 1007 2424 1046 suum
2455 993 2610 1048 venit.

532 1075 803 1132 XXXIV.
860 1067 1010 1138 Quod
1040 1072 1414 1128 Gundovaldus
1445 1070 1704 1124 Convenas
1749 1067 1896 1119 abiit.

533 1146 767 1202 XXXV.
821 1136 898 1199 De
927 1145 1136 1199 basilica
1166 1144 1328 1197 sancti
1369 1139 1619 1195 Vincentii
1649 1139 1889 1208 martyris
1918 1136 2230 1207 Agennensis
2258 1144 2471 1190 vastata.

534 1216 692 1272 XXX
709 1216 803 1272 VI.
848 1215 924 1270 De
944 1217 1282 1269 collocatione
1312 1209 1634 1266 Gundoraldi
1673 1225 1787 1262 cum
1818 1212 2061 1264 exercitu.

531 1287 844 1342 XXXVII.
893 1287 968 1340 De
1005 1287 1135 1339 bello
1160 1295 1337 1338 contra
1374 1284 1562 1336 urbem.

534 1358 874 1413 XXXVIII.
907 1357 982 1410 De
1009 1358 1217 1410 interitu
1263 1353 1604 1408 Gundovaldi.

532 1429 798 1484 XXXIX.
849 1427 924 1480 De
945 1427 1150 1481 interitu
1174 1427 1443 1497 Sagitmrii
1467 1421 1689 1495 episcopi
1717 1430 1766 1475 et
1797 1417 2090 1475 Mummoli.

532 1500 651 1554 XL.
713 1503 790 1555 De
817 1500 1066 1554 thesauris
1096 1498 1388 1552 Mummoli.

533 1569 693 1642 XLI.
723 1572 801 1626 De
843 1573 1064 1642 gigante.

533 1641 719 1695 XLII.
765 1639 859 1695 οε
893 1639 1074 1695 uirtute
1103 1641 1263 1694 sancti
1308 1639 1540 1692 Martini.

535 1711 754 1767 XLIII.
803 1713 878 1766 De
909 1713 1174 1766 Desiderio
1219 1722 1266 1765 et
1294 1712 1357 1764 de
1393 1709 1649 1763 Wadone.

536 1782 741 1837 XLIV.
788 1785 865 1837 De
903 1785 1113 1838 muliere
1141 1782 1460 1852 pythonissa.

536 1853 633 1925 L
646 1855 708 1909 γ.
759 1855 834 1909 De
858 1857 995 1925 fame
1024 1858 1148 1908 anni
1173 1853 1459 1920 prwsentis.

536 1923 633 1979 XL
651 1925 744 1980 γι.
791 1922 866 1979 De
898 1927 1107 1980 interitu
1142 1922 1521 1992 Christophori.

539 1993 633 2050 XL
650 1996 775 2052 VII.
817 1997 894 2052 De
921 1998 1049 2052 bello
1070 1996 1204 2051 civili
1235 2004 1363 2050 inter
1385 1994 1510 2049 cives
1536 1991 1838 2048 Turonicos.

1468 2299 1953 2411 LIBER
2027 2297 2322 2406 SEP
2342 2295 2891 2421 TIMUS,

609 2540 771 2611 329
813 2535 854 2594 1.
887 2536 1036 2592 Licet
1064 2543 1091 2573 α
1120 2535 1190 2589 sit
1237 2532 1491 2617 studium.
1519 2528 1799 2585 historiam
1846 2525 2130 2599 prosequi,
2160 2530 2219 2593 Α
2241 2527 2505 2598 integram
2535 2527 2864 2583 detulerunt.
2890 2525 3133 2594 Quodam
3177 2536 3355 2584 autem
3387 2537 3657 2601 tempore,
3688 2531 3847 2591 febre

545 2647 700 2704 quam
734 2630 970 2701 priorum
1014 2628 1271 2682 librorum
1303 2626 1435 2680 ordo
1479 2624 1730 2694 reliquit,
1761 2631 1937 2678 tamen
1984 2623 2133 2694 prius

545 2726 714 2796 aliqua
760 2722 828 2778 de
872 2722 1012 2778 beati
1061 2720 1226 2776 Salvii
1253 2719 1490 2790 episcopi
1527 2719 1676 2774 obitu
1707 2718 1947 2788 exposcit
1988 2717 2130 2787 loqui

545 2817 774 2884 devotio,
803 2817 893 2887 qui
925 2816 1026 2872 hoc
1054 2831 1196 2871 anno
1225 2815 1424 2869 obiisse
1457 2814 1710 2884 probatur
1737 2811 1786 2866 ι).
1820 2811 1918 2870 Hic
1955 2811 2128 2880 enim,

544 2919 598 2965 ut
636 2909 750 2979 ipse
792 2905 996 2964 referre
1022 2913 1143 2961 erat
1188 2905 1402 2971 solitus,
1446 2905 1537 2958 diu
1567 2904 1618 2958 in
1664 2904 1844 2956 habitu
1891 2900 2132 2956 sweulari

545 3007 916 3065 commoratus,
949 3011 1073 3055 cum
1107 2996 1377 3067 judicibus
1407 2996 1588 3052 saeculi
1619 2994 1916 3050 mundiales
1943 3005 2135 3048 causas

547 3105 622 3151 est
668 3103 994 3149 exsecutus:
1045 3105 1320 3162 nunquam
1371 3098 1546 3143 tamen
1597 3104 1656 3142 se
1709 3087 1762 3142 in
1811 3086 1892 3140 his
1936 3099 2135 3140 concu-

548 3185 814 3258 piscentiis
841 3184 1107 3256 obligans,
1139 3183 1332 3253 quibus
1370 3180 1770 3235 adolescentem
1803 3176 2017 3231 animus
2045 3190 2132 3232 so-

547 3281 668 3335 litus
695 3287 778 3334 est
823 3276 1108 3346 implicari.
1139 3274 1258 3330 lam
1290 3288 1415 3330 cum
1459 3273 1624 3327 divini
1657 3270 1974 3342 spiramenti
2003 3269 2137 3325 odor

549 3381 755 3428 interna
802 3371 1072 3426 viscerum
1103 3369 1406 3439 attigisset,
1439 3367 1622 3422 relicta
1661 3367 1902 3422 saeculari
1948 3365 2137 3421 militia

552 3465 929 3521 monasterium
971 3463 1259 3535 expetivit,
1313 3462 1682 3533 intellexitque
1727 3459 1806 3515 vir
1851 3460 1963 3530 jam
2013 3468 2139 3517 tunc

552 3558 812 3613 divinitati
839 3557 1070 3624 deditus,
1096 3556 1288 3613 melius
1309 3569 1430 3610 esse
1452 3555 1526 3610 uti
1559 3562 1866 3625 paupertate
1889 3568 2010 3607 cum
2041 3552 2136 3609 Dei

555 3649 760 3716 timore,
789 3663 949 3720 quam
975 3650 1158 3705 saeculi
1201 3647 1478 3719 pereuntis
1507 3647 1651 3701 lucra
1683 3644 1875 3701 sectari
1905 3661 1916 3698 :
1950 3644 2002 3699 in
2033 3659 2139 3714 quo

555 3741 878 3797 monasterio
906 3741 999 3796 diu
1029 3741 1130 3796 sub
1159 3740 1340 3810 regula
1363 3754 1393 3793 a
1423 3738 1663 3809 patribus
1695 3737 1934 3790 instituta
1961 3751 2140 3792 versa-

554 3840 634 3887 tus
663 3840 764 3888 est.
794 3832 910 3888 Jam
938 3847 1068 3890 vero
1108 3847 1230 3888 cum
1274 3832 1328 3886 in
1371 3831 1567 3886 robore
1597 3829 1787 3899 majori
1833 3839 1938 3884 tam
1984 3829 2140 3884 intel-

2239 2622 2401 2676 nimia
2432 2621 2746 2686 exhaustus,
2775 2621 3004 2676 anhelus
3041 2621 3256 2692 jacebat
3285 2622 3337 2677 in
3370 2623 3594 2689 lectulo;
3626 2633 3686 2680 et
3713 2641 3848 2685 ecca

2237 2713 2414 2769 subito
2460 2728 2654 2784 magno
2696 2713 2896 2768 lumine
2929 2713 3122 2768 cellula
3153 2714 3440 2771 clarificata
3484 2721 3848 2777 contremuit.

2238 2805 2309 2861 At
2337 2805 2428 2860 ille
2457 2805 2696 2860 extensis
2728 2805 2794 2859 ad
2840 2806 3037 2861 coelum
3088 2808 3333 2863 manibus
3376 2823 3495 2864 cum
3539 2814 3851 2880 gratiarum

2239 2898 2476 2965 actione,
2504 2899 2752 2968 spiritum
2780 2898 3072 2955 exhalavit.
3103 2899 3258 2955 Misto
3286 2915 3494 2972 quoque
3521 2903 3686 2976 331
3721 2906 3853 2962 uln~

2239 2991 2350 3046 latu
2393 2989 2642 3047 monachi
2688 3005 2810 3046 cum
2859 2991 3026 3061 ipsius
3074 2992 3330 3062 genitrice
3360 3009 3554 3062 corpus
3596 2995 3851 3057 defuncti

2241 3085 2556 3153 extrahunt,
2583 3100 2718 3156 aqua
2744 3085 2980 3154 diluunt,
3013 3087 3346 3142 vestimentis
3389 3087 3647 3152 induunt,
3677 3097 3736 3144 et
3765 3090 3849 3147 fe-

2241 3188 2389 3234 retro
2429 3188 2837 3250 superponunt,
2883 3187 3041 3248 atque
3087 3180 3139 3234 in
3187 3181 3469 3250 psallentio
3497 3181 3737 3248 fletuque
3769 3184 3849 3240 la-

2242 3271 2458 3328 bentem
2497 3273 2716 3343 exigunt
2746 3278 2982 3327 noctem.
3015 3271 3167 3326 Mane
3211 3282 3390 3328 autem
3437 3273 3606 3340 facto,
3640 3275 3847 3334 funeris

2241 3366 2420 3422 ofﬁcio
2449 3375 2770 3436 praeparato,
2795 3381 2994 3434 corpus
3025 3368 3227 3421 moveri
3256 3369 3420 3438 coepit
3448 3369 3501 3423 in
3527 3369 3754 3426 feretro.
3778 3371 3847 3426 Et

2242 3472 2369 3514 ecce
2409 3457 2566 3512 malis
2597 3457 3028 3524 rubescentibus,
3058 3459 3140 3513 vir
3177 3459 3328 3529 quasi
3370 3459 3438 3514 de
3463 3462 3616 3532 gravi
3647 3477 3844 3519 somno

2242 3551 2549 3622 suscitatus,
2582 3553 2872 3619 excutitur,
2915 3553 3226 3623 apertisque
3271 3553 3459 3624 oculis,
3492 3564 3548 3611 et
3595 3557 3846 3614 manibus

2244 3645 2487 3710 cleratis,
2512 3645 2588 3700 ait
2611 3663 2622 3697 :
2649 3643 2694 3700 0
2719 3644 2945 3701 Domine
2968 3645 3296 3713 misericors,
3325 3647 3451 3718 quid
3480 3646 3654 3704 fecisti
3688 3651 3845 3717 mihi,

2245 3747 2301 3792 ut
2348 3752 2434 3793 me
2474 3737 2531 3792 in
2580 3739 2723 3792 hunc
2771 3739 3117 3794 tenebrosum
3165 3739 3449 3796 mundanae
3500 3741 3847 3798 habitationis

2246 3829 2423 3884 locum
2465 3831 2642 3886 redire
2674 3831 3040 3900 permitteres,
3074 3847 3194 3887 cum
3227 3833 3357 3887 mihi
3401 3833 3593 3889 melior
3620 3838 3849 3891 essetin

555 3927 722 3980 lectus
763 3941 922 3996 quam
967 3925 1140 3981 aetatis
1170 3933 1390 3980 evectus
1433 3930 1608 3988 esset,
1640 3921 1888 3975 defuncto
1925 3921 2135 3986 abbate,
2169 3935 2218 3995 Β
2243 3921 2384 3977 ctelo
2415 3930 2501 3977 tua
2549 3923 2944 3987 misericordia,
2978 3939 3138 3995 quam
3189 3925 3345 3981 istius
3390 3928 3575 3981 mundi
3610 3929 3721 3983 vita
3755 3943 3848 3983 ηε-

555 4019 641 4087 qui
675 4018 798 4074 huic
838 4019 1167 4076 monasterio
1199 4022 1462 4088 praeerat,
1492 4013 1670 4070 alendi
1715 4015 1890 4084 gregis
1921 4013 2144 4083 suscipit

556 4110 819 4177 officium;
861 4121 916 4166 et
959 4111 1048 4181 qui
1096 4126 1156 4166 se
1204 4109 1379 4180 magis
1428 4108 1681 4162 fratribus
1730 4107 1998 4177 publicum
2047 4121 2146 4176 pro

558 4203 718 4272 330
762 4205 1099 4258 correctione
1149 4201 1380 4258 reddere
1421 4199 1713 4264 debuerat,
1768 4200 1826 4253 lit
1873 4207 2148 4268 assumpto

561 4295 764 4350 honore
810 4297 1090 4352 remotior.
1140 4296 1291 4352 Illico
1345 4295 1449 4352 sibi
1505 4294 1849 4350 secretiorem
1900 4293 2147 4349 cellulam

562 4387 766 4452 qtuerit.
802 4384 935 4440 Nam
978 4387 1031 4440 in
1077 4386 1279 4456 priore,
1321 4395 1378 4442 ut
1419 4385 1534 4454 ipse
1573 4383 1878 4452 asserebat,
1923 4384 2150 4453 amplius

565 4493 721 4546 quam
755 4493 946 4534 novem
973 4481 1180 4535 vicibus
1213 4480 1383 4534 nimia
1408 4493 1601 4533 exesus
1644 4478 1964 4532 abstinentia
1991 4520 2004 4545 ,
2039 4478 2150 4548 pel-

566 4572 668 4624 lem
719 4572 961 4640 corporis
1000 4573 1313 4626 demutavit.
1365 4572 1605 4640 Denique
1653 4583 1873 4639 accepto
1923 4571 2148 4638 honore,

566 4677 684 4717 cum
718 4663 773 4718 in
812 4663 911 4720 hac
958 4667 1265 4721 contentius
1298 4665 1623 4735 parcitnonia
1675 4665 1900 4719 orationi
1945 4676 1997 4720 et
2044 4668 2153 4721 lec-

567 4758 696 4811 tioni
745 4769 990 4826 vacaret,
1033 4761 1161 4816 illud
1212 4761 1527 4831 plerumque
1575 4759 1912 4824 revolvebnt,
1963 4759 2153 4813 melius

568 4850 667 4904 tibi
711 4850 858 4916 lieri,
890 4852 935 4907 si
978 4861 1124 4909 eSSet
1164 4853 1306 4909 inter
1345 4854 1635 4908 monachos
1679 4852 1940 4917 occultus,
1989 4866 2150 4920 quam

570 4958 766 4999 nomen
799 4947 1066 5015 acceperit
1093 4945 1301 5001 abbatis
1324 4947 1377 5001 in
1411 4945 1652 5016 populos.
1687 4943 1824 5010 Quid
1858 4943 2041 5012 plura?
2071 4942 2159 4997 ln-

569 5037 800 5091 clutlitur
831 5039 1132 5094 valedicens
1161 5039 1430 5104 fratribus,
1462 5037 1672 5107 sibique
1695 5037 1826 5106 ipsis
1856 5034 2159 5092 valedicen-

572 5129 730 5185 tibus.
767 5129 822 5184 ln
864 5146 967 5200 qua
1004 5131 1301 5186 inclusione
1343 5132 1395 5185 in
1428 5131 1574 5185 omni
1603 5129 1958 5196 abstinentia,
1991 5131 2158 5201 magis

574 5239 732 5291 quam
765 5222 912 5292 prius
940 5232 1160 5295 egerat,
1195 5233 1598 5280 commoratur:
1631 5222 1853 5278 studens
1885 5236 1980 5290 pro
2025 5221 2156 5276 cha-

2247 4014 2540 4086 quissima?
2591 4016 2942 4086 Stupentibus
2991 4027 3168 4073 autem
3216 4019 3347 4086 suis,
3395 4029 3450 4074 et
3499 4019 3847 4091 interrogan-

2248 4111 2410 4179 tibus,
2443 4113 2568 4182 quid
2602 4114 2761 4168 fuerit
2792 4114 2899 4170 tale
2928 4115 3231 4187 prodigium
3251 4158 3266 4183 ,
3299 4115 3428 4170 nihil
3460 4116 3848 4188 interroganti-

2247 4204 2349 4261 bus
2376 4205 2467 4262 ille
2510 4207 2808 4277 respondit.
2845 4207 3082 4276 Surgens
3112 4217 3292 4263 autem
3334 4208 3403 4262 de
3445 4209 3668 4275 feretro,
3716 4210 3847 4264 nihil

2249 4297 2377 4352 mali
2407 4300 2646 4354 sentiens
2673 4292 2741 4353 de
2769 4298 3112 4354 incommodo
3139 4314 3242 4370 quo
3269 4299 3635 4365 laboraverat,
3668 4300 3848 4353 triduo

2250 4388 2454 4460 absque
2482 4389 2588 4446 cibi
2631 4404 2694 4445 ac
2724 4389 2902 4458 poculi
2934 4391 3168 4458 perstitit
3213 4391 3493 4444 alimento.
3524 4390 3620 4444 Die
3667 4374 3848 4446 autem

2255 4481 2432 4548 tertio,
2463 4480 2775 4536 convocatis
2802 4479 3080 4536 monachis
3106 4489 3162 4536 et
3190 4490 3381 4546 matre,
3409 4480 3480 4534 ait
3515 4497 3528 4532 :
3564 4480 3783 4544 Audite,
3815 4495 3850 4535 ο

2253 4574 2622 4641 dilectissimi,
2656 4582 2710 4628 et
2741 4574 3039 4646 intelligite,
3077 4574 3200 4644 quia
3242 4573 3375 4627 nihil
3421 4581 3507 4628 est
3542 4573 3684 4644 quod
3725 4588 3850 4630 cer-

2254 4669 2378 4724 nitis
2407 4668 2463 4722 iu
2508 4667 2610 4721 hoc
2651 4667 2884 4733 mundo;
2916 4667 3010 4722 sed
3042 4677 3199 4732 sunt,
3231 4666 3388 4735 juxta
3428 4665 3480 4720 id
3513 4668 3655 4735 quod
3697 4667 3851 4722 Salo-

2256 4775 2376 4814 mon
2426 4760 2686 4829 propheta
2731 4758 2956 4823 cecinit,
2999 4758 3187 4812 Omnia
3229 4758 3423 4812 vam'tas
3455 4757 3655 4830 (Eccle.
3686 4774 3733 4826 ι,
3767 4760 3847 4828 2).

2258 4851 2403 4907 Felix
2434 4859 2516 4905 est
2562 4851 2736 4914 enim,
2770 4850 2858 4918 qui
2900 4862 2962 4904 ea
3009 4863 3170 4919 agere
3201 4858 3377 4919 potest
3425 4849 3478 4904 in
3527 4849 3748 4916 saeculo,
3793 4856 3850 4903 ut

2257 4946 2480 5017 gloriam
2515 4945 2607 5000 Dei
2646 4958 2868 5000 cernere
2894 4952 3164 4999 mereatur
3189 4943 3244 4998 in
3273 4944 3433 4999 ctelo.
3466 4942 3533 4997 Et
3560 4957 3683 4997 cum
3729 4942 3846 4998 haec

2259 5038 2494 5106 diceret,
2528 5036 2780 5092 dubitare
2809 5038 2973 5108 coepit
3015 5047 3195 5093 utrum
3242 5037 3552 5107 loqueretur
3592 5037 3844 5107 amplius,

2259 5147 2326 5186 an
2348 5132 2550 5187 sileret.
2568 5131 2687 5197 Quo
2707 5130 3252 5200 tacentehimplicitus
3269 5129 3495 5184 fratrum
3521 5129 3768 5199 precibus
3790 5136 3849 5182 ut

2261 5225 2387 5295 quid
2413 5225 2636 5280 vidisset
2660 5233 2999 5295 exponeret,
3029 5224 3103 5279 ait
3129 5242 3142 5278 :
3173 5225 3307 5279 Cum
3333 5239 3421 5280 me
3450 5233 3573 5280 ante
3599 5223 3695 5279 hos
3722 5238 3854 5293 qua-

579 5318 754 5371 ritatis
783 5318 1065 5390 obsequio,
1101 5327 1158 5374 ut
1183 5335 1304 5374 cum
1335 5318 1560 5390 quisque
1588 5316 1818 5372 venisset
1847 5325 2158 5380 extraneos,
2187 5320 2234 5381 C
2267 5327 2386 5373 tuor
2410 5318 2527 5373 dies
2563 5318 3012 5374 contremiscente
3041 5317 3231 5373 cellula
3273 5317 3576 5374 exanimem
3621 5318 3849 5383 vidistis,

579 5416 632 5461 et
655 5408 952 5465 orationem
984 5413 1275 5478 tribueret,
1308 5420 1362 5468 et
1390 5412 1630 5482 eulogias
1655 5411 1822 5481 gratia
1850 5407 2160 5476 plenissima

580 5500 946 5558 ministraret:
977 5520 1094 5573 quae
1123 5507 1304 5560 multis
1332 5505 1560 5561 infirmis
1589 5507 1903 5574 plerumque
1935 5499 2160 5555 salutem

654 5649 682 5679 ι
712 5641 875 5696 Deest
905 5643 1009 5700 hoc
1031 5654 1191 5713 caput
1218 5645 1270 5699 in
1301 5645 1453 5702 Colb.
1477 5662 1507 5701 a
1535 5653 1589 5701 et
1616 5644 1734 5701 Vat.

655 5713 683 5752 δ
713 5715 1033 5788 (ἑοιηιιςώόὶθ
1075 5720 1140 5788 to
1179 5717 1528 5785 Septembris.
1563 5715 2028 5788 Gregoriusiinfra
2060 5715 2156 5770 lib.

584 5800 711 5855 vut,
741 5801 862 5856 Cap.
885 5784 982 5854 22,
1020 5786 1181 5840 habet
1207 5803 1222 5839 :
1259 5784 1379 5843 Post
1427 5789 1616 5841 obitum
1645 5784 1806 5840 sancti
1838 5787 2033 5849 Salvii,
2067 5788 2162 5840 hoc

590 5876 728 5918 anno
756 5859 984 5931 (scilicet
1021 5856 1183 5927 585),
1228 5856 1560 5915 Desiderato;
1589 5857 1935 5923 Atbigensibus
1965 5859 2161 5924 episco-

2266 5413 2632 5482 apprehcnsus
2653 5427 2683 5466 a
2702 5411 2910 5466 duobus
2923 5409 3122 5480 angelis
3143 5410 3195 5466 in
3218 5411 3478 5465 caelorum
3492 5410 3708 5465 excelsa
3725 5411 3853 5466 sub-

2269 5505 2407 5560 latus
2436 5521 2577 5574 sum,
2624 5507 2695 5561 ita
2730 5514 2784 5561 ut
2803 5521 2908 5562 non
2931 5506 3105 5562 solum
3131 5506 3232 5561 hoc
3255 5504 3555 5576 squalidum
3573 5507 3848 5572 saeculum,

2272 5664 2368 5716 pus
2404 5646 2554 5700 datus
2594 5655 2687 5701 est.
2720 5647 2852 5700 llinc
2891 5645 3092 5716 aliquot
3137 5646 3326 5701 saltem
3376 5644 3654 5701 mensibus
3704 5645 3860 5700 sedes

2271 5734 2494 5772 vacasse
2515 5717 2735 5773 dicenda
2749 5725 2859 5790 cst.
2884 5717 3028 5774 Inter
3047 5727 3330 5790 utrumque
3351 5718 3592 5776 nonnulli
3611 5717 3857 5775 scribunt

2275 5790 2622 5848 Theofridum
2669 5788 2894 5846 sedisse.
