4096 6344
228 382 344 437 117

1146 380 1464 440 HISTORIA
1507 379 1950 443 FRANCORUM.
1993 380 2198 438 LIBER
2225 380 2565 439 SEPTIMUS

3412 387 3518 443 M8

230 521 432 560 verum
466 506 623 559 etiam
667 506 835 560 solem
884 520 947 560 ac
994 504 1171 561 lunam
1193 546 1207 572 ,
1250 507 1418 561 nubes
1446 515 1501 561 et
1537 505 1709 561 sidera
1738 500 1837 557 sub
1865 498 1914 558 A
1941 498 2075 551 riam
2106 498 2349 555 scribens
2379 506 2452 551 ait
2479 494 2529 561 δ,
2562 494 2649 550 ubi
2692 494 2758 550 de
2786 496 2985 553 Virlule
3012 505 3170 569 atque
3213 502 3380 573 gloria
3423 509 3511 567 bo-

231 604 475 673 pedibus
524 603 719 658 habere
761 613 999 671 putarem
1035 620 1049 657 :
1090 603 1287 659 deinde
1331 618 1424 671 per
1468 612 1675 672 portam
1720 600 1836 653 luce

238 697 354 751 ista
385 696 667 751 clariorem
700 696 1033 749 introductus
1061 710 1176 750 sum
1205 696 1256 749 in
1289 694 1415 748 illud
1440 690 1831 759 habitaculum,

232 802 295 843 111
349 804 455 858 quo
502 804 660 843 omne
691 797 1046 857 pavimentum
1086 797 1197 842 erat
1229 786 1378 856 quasi
1410 800 1599 840 aurum
1646 797 1835 851 argen-

235 891 469 950 tumque
497 879 747 944 renitens,
786 880 873 934 lux
900 878 1202 945 ineﬂ‘abilis,
1234 875 1528 946 amplitudo
1559 877 1835 929 inenarra-

235 972 401 1037 bilis;
432 986 588 1041 quam
617 972 688 1026 ita
718 971 1000 1026 multitude
1026 971 1310 1042 promiscui
1339 985 1499 1025 sexus
1525 969 1834 1033 obtexerat,

237 1073 302 1120 ut
346 1065 617 1134 longitude
655 1079 719 1119 ac
766 1062 995 1118 latitudo
1040 1071 1266 1117 catervae
1307 1076 1525 1131 prorsus
1566 1057 1833 1128 pervideri

237 1172 355 1211 non
402 1157 587 1227 possit.
621 1155 860 1224 Cumque
905 1154 1059 1209 nobis
1090 1154 1173 1208 via
1216 1154 1353 1209 inter
1391 1151 1830 1219 comprimentes,

235 1252 311 1305 ab
342 1250 424 1305 his
454 1249 542 1321 qui
575 1248 950 1317 praecedebant
978 1248 1205 1318 angelis,
1252 1254 1551 1316 pararetur,
1586 1240 1835 1314 perveni-

236 1358 364 1396 mus
394 1342 459 1396 ad
493 1341 664 1395 locum
690 1381 705 1407 ,
737 1355 893 1409 quem
919 1343 1030 1410 jam
1064 1339 1132 1394 de
1181 1338 1473 1408 longinque
1503 1334 1835 1403 contempla-

236 1435 434 1489 bamur
460 1452 472 1488 :
506 1434 559 1488 in
589 1449 693 1503 quo
722 1433 1149 1503 snperpendebat
1176 1433 1344 1486 nubes
1370 1431 1517 1486 omni
1550 1430 1669 1485 luce
1701 1428 1834 1484 luci-

236 1527 383 1594 dior,
403 1524 454 1579 in
474 1540 578 1595 quo
602 1540 705 1578 non
725 1524 831 1591 sol,
860 1539 963 1578 non
990 1524 1133 1589 luna,
1156 1538 1261 1578 non
1285 1530 1491 1577 astrum
1514 1522 1664 1577 cerni
1689 1528 1832 1589 pete-

236 1631 347 1683 rat,
371 1620 462 1673 sed
488 1634 645 1689 super
672 1618 753 1673 his
776 1618 1022 1672 omnibus
1046 1617 1273 1672 naturali
1300 1617 1419 1671 luce
1448 1614 1778 1685 Splendidius
1805 1623 1829 1651 α

236 1712 555 1779 eti‘ulgebat,
586 1719 639 1764 et
662 1725 763 1765 vox
789 1710 1114 1779 procedebat
1133 1710 1201 1764 de
1225 1709 1368 1763 nube
1393 1716 1645 1778 tanquam
1669 1708 1832 1783 332

237 1820 345 1857 rex
379 1820 633 1872 aquarum
684 1803 992 1860 multarum.
1039 1802 1115 1857 Ibi
1165 1802 1323 1857 etiam
1365 1816 1454 1857 me
1496 1808 1829 1869 peccatorem

1939 604 2131 646 norum
2160 605 2367 646 memor
2395 599 2515 646 est:
2554 608 2573 642 t
2610 589 2742 657 Quae
2770 590 2872 647 sibi
2910 593 3136 663 quisque
3176 596 3348 655 facilia
3379 600 3521 661 factu

1939 691 2119 754 putat,
2153 698 2309 754 aeque
2353 685 2531 740 animo
2576 684 2770 755 accipit
2802 703 2817 740 :
2851 702 3012 757 supra
3049 703 3143 756 ea,
3185 694 3344 750 veluti
3392 698 3515 755 ficta

1939 793 2035 846 pro
2064 776 2214 831 falsis
2244 777 2410 833 ducit.
2440 796 2459 831 ι
2496 778 2625 833 Nam
2671 788 2837 835 testor
2865 779 3032 837 Deum
3060 781 3516 858 omnipotentem,

1937 871 2059 941 quia
2102 871 2171 927 ab
2192 872 2382 940 tipsius
2423 886 2517 926 ore
2562 873 2721 942 333
2751 874 2930 929 omnia
2977 891 3095 946 quae
3122 880 3313 948 retuli,
3342 881 3520 939 audita

1936 961 2179 1031 cognovi.
2214 962 2343 1016 Post
2388 962 2611 1016 multum
2637 978 2766 1019 vero
2799 974 3005 1035 tempus
3054 966 3169 1037 ipse
3216 970 3300 1025 vir
3330 972 3520 1030 beatus

1936 1052 2127 1107 cellula
2160 1068 2257 1108 sua
2287 1062 2581 1119 extractus,
2613 1053 2677 1108 ad
2720 1057 3084 1127 episcopatum
3123 1060 3348 1131 electus,
3380 1064 3521 1119 iuvi-

1936 1152 2021 1201 tus
2048 1154 2134 1201 est
2160 1146 2478 1201 ordinatus:
2510 1147 2562 1201 in
2603 1163 2733 1215 quo,
2766 1157 2828 1203 ut
2875 1151 3085 1218 opinor,
3116 1154 3385 1211 decimum
3428 1172 3522 1212 au-

1935 1251 2064 1291 num
2091 1252 2210 1293 cum
2240 1247 2455 1309 ageret,
2488 1239 2850 1296 invalescente
2879 1241 3019 1310 apud
3052 1243 3397 1316 Albigensem
3425 1264 3520 1304 ur-

1934 1328 2059 1384 bem
2088 1328 2390 1399 inguiuarie
2420 1333 2632 1398 morbo,
2661 1340 2717 1388 et
2751 1333 2982 1389 maxima
3006 1333 3117 1403 jam
3146 1347 3299 1407 parte
3329 1339 3399 1395 de
3428 1355 3521 1411 pe-

1934 1422 2059 1492 :pule
2085 1422 2180 1477 illo
2206 1422 2476 1489 defuncta,
2517 1438 2637 1479 cum
2662 1423 2773 1494 jam
2816 1426 2970 1495 pauci
3000 1426 3068 1482 de
3108 1429 3310 1486 civibus
3349 1447 3520 1487 rema-

1934 1525 2155 1581 nerent,
2185 1517 2268 1571 vir
2296 1516 2504 1581 beatus,
2535 1525 2785 1587 tanquam
2816 1518 2987 1574 bonus
3019 1530 3220 1589 pastor,
3252 1539 3520 1595 nunquam

1933 1609 2001 1665 ab
2029 1609 2120 1663 ille
2146 1608 2265 1665 loco
2296 1610 2552 1666 recedere
2593 1611 2790 1678 voluit,
2837 1612 2931 1667 sed
2962 1628 3178 1684 semper
3206 1616 3520 1673 hortabatur

1934 1713 2028 1755 eos
2057 1701 2147 1770 qui
2174 1701 2347 1757 relicti
2390 1711 2572 1770 erant,
2604 1704 2833 1760 orationi
2872 1706 3206 1775 incumbere,
3236 1723 3300 1764 ac
3326 1710 3520 1780 vigiliis

1937 1793 2198 1850 instanter
2228 1794 2494 1860 insistere,
2526 1804 2581 1851 et
2612 1796 2750 1852 bona
2792 1813 3007 1869 semper
3036 1809 3142 1856 tam
3184 1801 3239 1857 iu
3267 1804 3520 1873 operibus

243 1897 522 1950 hmuilitcr
551 1895 853 1949 salutabant
888 1895 986 1949 viri
1021 1894 1076 1949 in
1107 1904 1258 1949 veste
1288 1894 1607 1949 sacerdotali
1632 1906 1695 1948 ac
1722 1908 1817 1948 stc~
1864 1888 1910 1951 Β
1932 1897 2088 1953 quam
2120 1884 2174 1938 in
2202 1884 2525 1954 cogitatione
2554 1900 2793 1953 versare,
2822 1888 3008 1945 dicens
3033 1908 3046 1944 =
3080 1890 3205 1947 Haec
3231 1893 3395 1962 agite.
3428 1903 3516 1964 ut.

239 1990 444 2053 culari,
495 2003 628 2057 quos
676 1987 804 2041 mihi
850 1987 940 2057 qui
988 1985 1393 2054 praecedebant,
1444 1990 1830 2041 enarraverunt

240 2095 365 2134 esse
390 2088 655 2149 martyres
680 2093 741 2132 ac
768 2078 1126 2145 confessores,
1152 2091 1286 2147 quos
1314 2076 1401 2129 hic
1431 2090 1641 2131 summo
1670 2088 1831 2130 exco-

241 2173 407 2227 limus
438 2172 715 2226 famulatu.
745 2171 901 2224 Stans
934 2170 1094 2239 igitur
1138 2170 1192 2224 in
1239 2169 1358 2222 loco
1396 2168 1448 2222 in
1497 2181 1604 2237 quo
1644 2166 1828 2236 jussus

241 2278 358 2320 sum
378 2306 393 2332 ,
422 2264 632 2334 operuit
657 2276 742 2317 me
770 2261 901 2316 odor
924 2262 1102 2316 nimiae
1128 2259 1426 2325 suavitatis,
1452 2259 1524 2314 ita
1555 2267 1614 2314 ut
1638 2259 1705 2313 ab
1728 2258 1829 2313 hac

241 2358 510 2413 suavitate
558 2355 812 2422 refectus,
863 2354 1065 2410 nullum
1105 2354 1279 2409 adhuc
1316 2353 1494 2427 cibum
1541 2361 1830 2422 potumque

242 2451 571 2506 desiderem.
621 2450 687 2504 Et
725 2448 901 2504 audivi
947 2462 1128 2503 vocem
1172 2447 1437 2502 dicentem
1466 2462 1478 2498 :
1510 2445 1830 2500 Revertatur

244 2545 337 2599 hic
384 2546 437 2599 in
469 2545 721 2599 saeculum
746 2588 759 2612 ,
792 2542 1043 2613 quoniam
1087 2539 1422 2595 necessarius
1460 2549 1540 2595 est
1588 2537 1830 2594 ecclesiis

243 2636 470 2691 nostris.
510 2636 623 2690 Vox
654 2635 798 2691 enim
837 2633 1173 2700 audiebatur,
1219 2647 1340 2686 nam
1389 2632 1478 2697 qui
1526 2631 1828 2701 loqueretur

243 2729 463 2798 penitus
493 2728 642 2783 cerni
676 2741 780 2780 non
827 2733 1057 2796 poterat.
1094 2725 1159 2779 Et
1198 2739 1297 2794 ego
1345 2733 1639 2792 prostratus
1668 2738 1829 2794 super

245 2826 655 2896 pavimentum,
699 2838 816 2879 cum
862 2822 987 2877 fletu
1029 2821 1266 2875 dicebam
1302 2837 1314 2874 :
1351 2821 1496 2874 Heu!
1545 2820 1681 2874 heu!
1727 2820 1831 2875 Do-

245 2920 425 2976 mine!
454 2934 550 2974 cur
576 2917 704 2972 mihi
734 2918 850 2972 hmc
878 2915 1184 2982 ostendisti,
1214 2914 1261 2970 si
1289 2915 1355 2969 ab
1384 2912 1466 2968 his
1494 2912 1828 2968 frustrandus

247 3011 428 3066 eram!
465 3009 603 3064 Ecce
634 3008 792 3063 hodie
823 3006 972 3077 ejicis
1003 3022 1089 3061 me
1121 3022 1147 3059 a
1180 3005 1314 3060 facie
1348 3016 1432 3059 tua
1456 3046 1471 3072 ,
1503 3014 1560 3059 ut
1589 3012 1831 3059 revertar

248 3102 315 3157 ad
342 3102 596 3158 saeculum
629 3101 835 3171 fragile,
867 3109 920 3155 et
952 3100 1055 3155 huc
1085 3099 1224 3152 ultra
1254 3098 1433 3151 redire
1462 3112 1569 3152 non
1600 3096 1826 3152 valeam.

249 3194 345 3262 Ne,
376 3209 579 3264 quaeso,
624 3192 870 3256 Domine,
904 3190 1113 3245 auferas
1158 3188 1576 3243 misericordiam
1626 3196 1767 3241 tuam
1799 3201 1830 3239 a

1932 1974 1977 2030 si
2007 1990 2101 2031 vos
2133 1976 2274 2031 Deus
2300 1977 2367 2032 de
2396 1976 2498 2032 hoc
2535 1979 2736 2034 munde
2766 1980 2997 2051 migrare
3028 1983 3291 2051 voluerit,
3322 2001 3429 2041 non
3460 1986 3516 2042 in

1927 2065 2217 2135 judicium,
2250 2067 2346 2122 sed
2386 2068 2441 2123 in
2468 2070 2706 2139 requiem
2750 2072 2973 2127 introire
3004 2074 3237 2142 possitis.
3267 2073 3400 2137 Cum
3426 2092 3517 2133 au-

1932 2168 2039 2214 tem
2059 2197 2076 2226 ,
2105 2170 2164 2215 ut
2194 2159 2380 2229 credo,
2424 2160 2534 2228 jam
2576 2162 2855 2218 revelante
2895 2165 3143 2233 Domino,
3172 2176 3383 2238 tempus
3408 2184 3518 2225 suae

1932 2252 2226 2307 vocationis
2255 2261 2603 2322 agnosceret,
2634 2253 2752 2323 ipse
2783 2255 2885 2309 sibi
2925 2247 3258 2328 sarcofagum
3297 2274 3518 2331 compo—

1931 2343 2072 2409 suit,
2105 2359 2300 2414 corpus
2331 2344 2529 2412 abluit,
2561 2353 2766 2401 vestem
2800 2345 3004 2415 induit,
3035 2358 3090 2403 et
3131 2350 3210 2405 sic
3253 2352 3516 2407 intentum

1931 2451 2146 2508 semper
2170 2438 2308 2494 ctele
2333 2437 2549 2494 beatum
2588 2439 2836 2509 spiritum
2864 2441 3155 2497 exhalavit.
3189 2441 3311 2499 Fuit
3337 2453 3516 2500 autem

1938 2545 2144 2602 magna:
2191 2532 2511 2599 sanctitatis,
2558 2534 2899 2605 minimasque
2950 2537 3277 2607 cupiditatis,
3325 2554 3513 2595 aurum

1934 2639 2204 2695 nunquam
2235 2626 2436 2681 habere
2463 2626 2670 2682 volens.
2699 2626 2833 2681 Nam
2862 2629 2909 2683 si
2940 2638 3158 2686 coactus
3190 2631 3517 2700 accepisset,

1931 2720 2173 2790 protinus
2222 2719 2546 2789 pauperibus
2575 2720 2855 2790 erogabat.
2900 2721 3068 2792 Cujus
3110 2734 3348 2795 tempore
3392 2738 3513 2779 cum

1933 2811 2252 2867 Mummelus
2312 2812 2566 2881 patricius
2618 2813 2818 2868 multos
2870 2815 3115 2883 captivos
3163 2815 3232 2871 ab
3277 2830 3339 2871 ea
3388 2818 3519 2871 urbe

1933 2903 2210 2971 duxisset,
2242 2914 2559 2972 prosecutus
2587 2904 2677 2959 ille
2703 2921 2889 2961 omnes
2918 2906 3158 2967 redemit.
3200 2907 3520 2977 fantamque

1934 3000 1983 3053 ei
2017 3000 2277 3053 Dominus
2306 3002 2533 3070 gratiam
2563 3015 2682 3056 cum
2715 2998 2914 3073 populo
2942 3002 3037 3059 ille
3076 3006 3291 3071 tribuit,
3324 3014 3383 3060 ut
3419 3005 3521 3076 ipsi

1934 3093 2093 3146 etiam
2122 3092 2210 3162 qui
2249 3096 2487 3162 captivos
2517 3094 2821 3159 duxerant,
2856 3102 2911 3150 et
2939 3096 3008 3152 de
3036 3096 3209 3167 pretio
3248 3100 3297 3153 ei
3328 3113 3521 3154 cence-

1934 3184 2160 3254 derent,
2202 3196 2258 3243 et
2306 3187 2358 3242 in
2401 3188 2607 3257 relique
2652 3200 3001 3245 munerarent
3028 3200 3051 3230 ο
3082 3207 3097 3245 :
3124 3200 3177 3246 et
3220 3193 3299 3247 sic
3338 3194 3522 3262 patriae

251 3302 358 3355 ne,
392 3287 484 3343 sed
517 3287 776 3355 deprecor
806 3293 863 3338 ut
910 3283 1185 3353 permittas
1231 3296 1317 3336 me
1348 3280 1435 3334 hic
1474 3278 1735 3345 habitare,
1768 3292 1835 3334 ne
1860 3278 1908 3343 C
1938 3290 2049 3332 suae
2078 3278 2318 3347 captives
2346 3279 2579 3335 libertati
2609 3281 2848 3351 pristinae
2880 3283 3220 3340 restauravit.
3254 3285 3522 3356 Multaque

253 3379 382 3435 illuc
417 3377 670 3434 decidens
709 3390 947 3447 peream.
997 3373 1064 3429 Et
1107 3372 1182 3428 ait
1223 3387 1323 3426 vox
1365 3387 1482 3442 qua}
1522 3371 1834 3440 loquebatur

250 3469 380 3525 mihi
408 3486 419 3520 :
452 3468 598 3523 Vade
628 3468 679 3521 in
712 3480 861 3537 pace.
893 3464 1005 3534 Ege
1034 3463 1174 3517 enim
1207 3477 1325 3517 sum
1357 3471 1535 3517 custos
1571 3471 1710 3528 tuus,
1739 3462 1836 3517 de-

252 3576 352 3617 nec
385 3560 637 3617 reducam
666 3568 717 3613 te
756 3559 807 3612 in
850 3558 990 3611 hunc
1028 3556 1223 3610 locum.
1255 3554 1405 3609 Tunc
1436 3554 1654 3609 relictus
1682 3568 1710 3607 a
1738 3568 1833 3609 ce-

253 3652 472 3710 mitibus
501 3652 652 3717 meis,
677 3648 1007 3704 descendens
1036 3662 1157 3701 cum
1185 3645 1333 3711 ﬂetu,
1366 3660 1459 3714 per
1497 3654 1703 3714 portam
1733 3658 1834 3713 qua

253 3746 526 3815 ingressus
563 3742 797 3807 fueram,
842 3741 945 3795 huc
988 3755 1103 3794 sum
1149 3753 1443 3808 regressus.
1491 3737 1617 3792 Ilaec
1655 3751 1721 3791 eo
1761 3738 1837 3791 Ie-

253 3846 470 3908 quente,
500 3834 835 3905 stupentibus
873 3831 1083 3887 cunctis
1125 3830 1215 3901 qui
1261 3831 1518 3897 aderant,
1548 3830 1710 3898 coepit
1738 3829 1837 3884 ite-

252 3945 374 3986 rum
403 3938 620 3985 sanctus
650 3927 744 3983 Dei
774 3942 893 3981 cum
935 3925 1185 3994 lacrymis
1213 3924 1429 3979 dicere:
1470 3923 1555 3977 Va:
1587 3922 1715 3976 mihi
1747 3923 1839 3992 qui

255 4025 361 4081 tale
390 4023 701 4096 mysterium
731 4034 889 4077 ausus
919 4034 1035 4076 sum
1069 4018 1331 4074 revelare.
1367 4017 1504 4072 Ecce
1534 4017 1675 4071 enim
1704 4016 1840 4070 oder

255 4117 546 4184 suavitatis,
577 4129 735 4186 quem
766 4115 833 4169 de
860 4114 979 4169 loco
1007 4118 1194 4166 sancte
1222 4110 1537 4177 hauseram,
1566 4116 1619 4163 et
1650 4108 1701 4161 in
1731 4120 1839 4177 quo

257 4225 352 4281 per
377 4208 479 4264 hoc
518 4207 748 4263 triduum
794 4206 913 4261 sine
953 4205 1064 4259 ulle
1094 4203 1215 4258 cibo
1242 4212 1479 4272 potuque
1509 4208 1837 4255 sustentatus

259 4318 377 4359 sum
399 4344 414 4370 ,
446 4302 671 4358 recessit
695 4316 725 4354 a
753 4315 863 4356 me.
909 4299 1016 4355 Sed
1045 4306 1100 4354 et
1129 4298 1306 4367 lingua
1335 4311 1452 4351 mea
1482 4293 1731 4365 gravibus
1756 4300 1840 4349 est

264 4406 448 4468 operta
496 4396 829 4463 vulneribus,
878 4402 932 4450 et
978 4393 1047 4449 ita
1103 4390 1416 4456 tumefacta,
1467 4398 1524 4444 ut
1574 4402 1732 4444 omne
1777 4402 1839 4444 es

262 4506 437 4547 meum
466 4489 706 4545 videatur
736 4489 981 4559 implere.
1027 4487 1090 4542 Et
1118 4487 1231 4542 scio
1257 4484 1380 4554 quia
1415 4497 1520 4537 non
1551 4483 1647 4536 fuit
1676 4481 1839 4537 bene-

263 4583 511 4654 placitum
538 4582 763 4636 Domino
794 4582 903 4635 Dee
929 4594 1074 4646 meo,
1109 4589 1168 4633 ut
1199 4580 1313 4633 haec
1341 4591 1533 4632 arcana
1566 4575 1840 4644 vulgaren-

1936 3370 2004 3426 de
2034 3370 2136 3426 hec
2163 3373 2278 3427 viro
2303 3372 2442 3427 bona
2467 3372 2646 3428 audivi
2673 3391 2685 3425 :
2718 3374 2813 3429 sed
2838 3374 2968 3429 dum
3011 3375 3077 3430 ad
3116 3376 3353 3433 historia:
3378 3391 3521 3448 ccep-

1936 3471 2047 3520 tum
2068 3465 2263 3521 reverti
2290 3466 2471 3536 cupio,
2499 3466 2730 3537 plurima
2761 3471 3135 3538 praetermitto.

2009 3624 2072 3678 lI.
2108 3623 2369 3679 Defuncto
2395 3625 2552 3696 igitur
2579 3624 2905 3695 Chilperico,
2939 3628 3258 3699 inventaque
3304 3625 3331 3665 ἀ
3361 3644 3520 3700 quam

1939 3717 2029 3772 diu
2059 3720 2564 3788 qumsieratmorte,
2621 3720 3035 3777 Aurelianenses
3082 3738 3203 3777 cum
3257 3722 3526 3778 Blesensi-

1940 3808 2041 3864 bus
2071 3819 2095 3848 θ
2132 3811 2302 3879 juncti
2350 3827 2511 3881 super
2542 3812 2820 3867 Dunenses
2848 3813 3076 3880 irruunt,
3126 3828 3327 3885 eosque
3357 3814 3523 3884 inopi-

1947 3913 2139 3957 nantes
2171 3912 2487 3973 preterunt;
2518 3904 2708 3960 domos
2744 3921 3114 3975 annonasque,
3143 3907 3227 3960 vel
3268 3922 3385 3975 quae
3417 3921 3523 3960 mo-

1950 4012 2077 4051 vere
2108 3995 2264 4051 facile
2292 3994 2313 4033 ¹
2343 4012 2450 4052 non
2474 4006 2742 4066 poterant,
2776 3997 3022 4052 incendio
3051 3996 3302 4062 tradunt;
3336 4013 3525 4067 pecora

1946 4089 2220 4158 diripiunt,
2254 4089 2417 4161 33E.
2445 4101 2606 4157 atque
2633 4106 2722 4145 res
2742 4106 2873 4160 quas
2904 4091 3083 4145 levare
3112 4098 3377 4159 poterant,
3406 4105 3526 4145 διιε-

1947 4181 2203 4235 tulerunt.
2246 4180 2453 4246 Quibus
2491 4180 2886 4236 discedentibus
2927 4180 3198 4252 conjuncti
3250 4182 3527 4237 Dunenses

1944 4287 2064 4328 cum
2113 4271 2336 4342 reliquis
2365 4271 2704 4340 Carnetenis,
2758 4275 2824 4329 de
2850 4274 3074 4344 vestigio
3112 4275 3527 4345 subsequuntur,

1942 4366 2104 4421 simili
2158 4374 2307 4421 sorte
2335 4381 2429 4421 eos
2458 4366 2752 4423 allicientes
2784 4384 2884 4435 qua
2925 4370 3025 4439 ipsi
3073 4368 3245 4425 affecti
3297 4371 3528 4441 fuerant,

1944 4459 2079 4514 nihil
2112 4459 2164 4513 in
2192 4459 2458 4527 domibus,
2502 4461 2585 4515 vel
2625 4472 2773 4515 extra
2802 4462 3011 4529 domes,
3059 4465 3142 4519 vel
3183 4463 3247 4520 de
3276 4464 3527 4521 domibus

1940 4554 2324 4624 relinquentes.
2358 4554 2597 4625 Cumque
2627 4555 2802 4610 adhuc
2833 4556 2973 4611 inter
3004 4573 3062 4612 se
3082 4557 3258 4628 jurgia
3282 4573 3523 4613 commo-

262 4649 365 4731 ξω..
397 4675 502 4731 Sed
531 4684 587 4729 ω
620 4674 789 4741 nosti,
825 4674 1068 4739 nomine,
1095 4673 1214 4742 qui“
1248 4672 1301 4726 in
1344 4672 1684 4741 Simpﬁcnalc
1724 4684 1843 4724 cor-
1867 4671 1923 4733 D
1946 4660 2131 4707 ventes
2150 4652 2493 4717 desaevirent,
2516 4659 2571 4705 et
2601 4649 3020 4706 Aurelianenses
3050 4663 3234 4707 contra
3265 4652 3363 4707 hes
3383 4668 3530 4709 arma

262 4767 339 4822 dis
371 4770 484 4821 hac
515 4766 649 4831 feci,
682 4782 787 4822 non
820 4766 872 4819 in
899 4765 1154 4835 jactantia
1189 4764 1402 4819 mentis.
1435 4762 1539 4818 Sed
1570 4776 1751 4830 quaeso
1781 4770 1839 4815 ut

262 4859 555 4931 indulgeas,
585 4868 639 4915 et
670 4875 774 4915 non
807 4874 892 4915 me
918 4858 1283 4927 derelinquas,
1312 4856 1465 4926 juxta
1498 4854 1840 4925 pollicitatio-

262 4968 378 5009 nem
411 4962 580 5008 tuam.
621 4952 687 5008 Et
716 4953 832 5007 haec
870 4950 1058 5006 dicens
1108 4949 1285 5015 siluit,
1317 4958 1370 5003 et
1416 4946 1621 5013 accepit
1658 4947 1838 5001 cibum

263 5055 568 5119 potumque.
601 5048 713 5118 Ege
755 5062 881 5103 vero
914 5049 1029 5102 haec
1060 5046 1324 5112 scribens,
1356 5060 1544 5099 vereor
1574 5058 1641 5098 ne
1678 5042 1839 5097 alicui

263 5139 454 5213 legenti
480 5143 551 5196 sit
575 5140 909 5208 incredibile,
934 5139 1084 5209 juxta
1109 5138 1163 5194 id
1189 5137 1332 5209 quod
1361 5136 1649 5191 Sallustius
1676 5133 1839 5190 histon

333 5288 359 5316 ι
388 5279 512 5348 Maj.
542 5295 640 5343 m.,
669 5276 825 5333 Colb.
851 5293 924 5331 m.
947 5285 1001 5348 et
1024 5275 1241 5348 Regm.,_
1270 5272 1588 5341 sptendidus.

327 5348 357 5388 1)
386 5346 545 5405 Initio
574 5351 689 5406 libri
714 5350 781 5404 de
808 5349 947 5404 bello
972 5346 1302 5401 Catilinario.

334 5432 356 5459 ο
383 5422 509 5491 Maj.
538 5438 633 5489 m.,
659 5432 704 5476 el
731 5421 923 5475 honore
948 5418 1201 5488 condigne
1241 5421 1585 5491 munerarent.

267 5564 307 5618 Β
328 5491 357 5531 δ
383 5486 507 5548 Haec
552 5486 715 5549 verba
760 5494 1083 5562 inventaque,
1106 5486 1272 5554 ‘e‘tc.,
1306 5498 1467 5540 morte
1490 5526 1504 5552 ,
1554 5486 1745 5541 desunt
1784 5486 1839 5542 in

310 5579 448 5618 eam.

310 5579 448 5633 egm.

336 5632 357 5673 ε
390 5637 515 5690 Ilaec
545 5645 627 5690 est
653 5636 823 5705 prima
850 5632 1343 5705 Blesensiumapud
1370 5641 1577 5705 veteres
1597 5636 1842 5705 auctores

267 5710 482 5773 mentio,
516 5718 572 5762 ut
595 5701 777 5760 monet
809 5706 1049 5758 Valesius
1082 5707 1132 5758 in
1167 5703 1387 5757 Notitia.
1423 5703 1586 5757 Erant
1620 5701 1759 5755 sicut
1787 5709 1842 5756 et

270 5779 539 5834 Dunenses
567 5779 677 5833 .sub
717 5778 1015 5829 Carnotcua
1061 5777 1275 5829 (Πωρθεὶ
1305 5815 1320 5838 ,
1352 5789 1380 5825 a
1412 5790 1510 5842 qua
1566 5774 1840 5827 Dunenses

268 5850 364 5903 sub
390 5850 661 5920 Sigiherto
706 5862 830 5917 rege
860 5861 980 5901 sese
1021 5846 1564 5920 subtraheregfrustra
1599 5852 1840 5920 tentave-

268 5928 404 5978 runt.
452 5915 591 5979 Nam
634 5915 941 5989 Promotus,
987 5917 1080 5989 qui
1125 5917 1388 5975 Dunensis
1435 5916 1720 5988 episcopus
1750 5915 1837 5991 ab

1947 4754 2313 4812 concuterent,
2377 4743 2832 4799 intercedentibus
2877 4745 3185 4811 comitibus,
3234 4759 3336 4813 pax
3367 4760 3530 4813 usque

1946 4839 2000 4895 in
2031 4838 2361 4893 audientiam
2405 4837 2529 4891 data
2572 4845 2674 4901 est,
2720 4836 2928 4892 scilicet
2958 4846 3014 4891 ut
3054 4840 3106 4890 in
3146 4837 3231 4890 die
3260 4850 3365 4906 quo
3389 4836 3531 4905 judi-

1946 4932 2087 4987 cium
2120 4940 2237 4986 erat
2266 4930 2523 4997 futurum,
2576 4944 2700 4999 pars
2734 4944 2852 5000 quae
2879 4937 3064 4986 contra
3096 4938 3304 5001 partem
3336 4929 3531 4997 injuste

1946 5029 2257 5091 exarserat,
2296 5021 2507 5091 justitia
2559 5020 2827 5076 mediante
2879 5028 3253 5090 componeret,
3298 5027 3354 5075 et
3394 5019 3472 5075 sic
3500 5031 3531 5077 a

1947 5115 2089 5172 bello
2118 5124 2385 5173 cessatum
2414 5124 2517 5172 est.

1949 5273 2165 5345 Egidie
2193 5271 2522 5345 Rhemerum
2563 5271 2817 5343 episcopo
2860 5270 3133 5345 institutus
3171 5269 3363 5345 fuerat,
3388 5271 3527 5345 loco

1949 5341 2049 5401 suo
2076 5345 2294 5408 excidit,
2328 5352 2384 5397 ut
2412 5343 2546 5397 infra
2576 5341 2784 5398 dicetur
2820 5357 2939 5407 cap.
2972 5341 3067 5405 i7;
3113 5343 3208 5395 sed
3256 5342 3529 5398 feliciores

1948 5417 2099 5472 fuere
2126 5419 2226 5471 hoc
2248 5416 2443 5471 saeculo
2468 5415 2771 5476 Blesenses,
2801 5412 3013 5482 quibus,
3037 5421 3229 5481 agente
3259 5414 3528 5472 Ludovico

1950 5489 2163 5557 Magne,
2199 5488 2560 5558 episcopalem
2591 5485 2901 5558 cathedram
2949 5484 3216 5558 concessit
3264 5485 3527 5541 lnnocen--

1951 5555 2057 5615 tius
2088 5559 2201 5629 XII,
2233 5555 2474 5625 pontifex
2515 5558 2697 5621 Rom.,
2722 5555 3027 5629 _Ca_rnetena
3059 5557 3279 5611 dioecesi
3311 5559 3361 5611 in
3391 5558 3527 5612 duas

1946 5632 2156 5697 divisa;
2190 5626 2430 5698 indeque
2475 5629 2677 5693 primus
2721 5626 2879 5694 hujus
2919 5626 3069 5698 sedis
3110 5629 3388 5697 episcopus
3427 5629 3528 5683 hoc

1946 5718 2089 5757 anno
2122 5702 2256 5756 1697
2291 5696 2394 5768 quo
2425 5698 2731 5768 scribimus,
2781 5698 2867 5751 die
2910 5696 2977 5768 15
3021 5696 3374 5766 Septembris,
3410 5699 3533 5754 illu-

1945 5773 2123 5829 striss.
2154 5772 2401 5826 dominus
2431 5767 2599 5823 David
2628 5767 2882 5825 Nicelaus
2903 5767 2971 5824 de
3002 5768 3212 5827 Bertier
3238 5782 3527 5828 consecra-

1943 5855 2028 5903 ‘US
2055 5853 2155 5899 est.

2018 5914 2038 5956 ί
2071 5915 2192 5975 Bec.
2222 5920 2279 5975 et
2296 5912 2446 5973 Colb.
2480 5910 2602 5985 duo,
2636 5928 2832 5973 movere
2851 5911 3021 5970 habile
3049 5926 3173 5970 non.
