  <div class='ocr_page' id='page_1' title='image "/cluster/home/n/w/nwhite01/storage/ocr_20150623/71/hvd.32044020096954/215.png"; bbox 0 0 4096 6344; ppageno 0'>
   <div class='ocr_carea' id='block_1_1' title="bbox 591 369 688 428">
    <p class='ocr_par' dir='ltr' id='par_1_1' title="bbox 591 369 688 428">
     <span class='ocr_line' id='line_1_1' title="bbox 591 369 688 428; baseline 0.01 -3"><span class='ocrx_word' id='word_1_1' title='bbox 591 369 688 428; x_wconf 70' lang='lat'><strong>“9</strong></span> 
     </span>
    </p>
   </div>
   <div class='ocr_carea' id='block_1_2' title="bbox 1576 359 2820 427">
    <p class='ocr_par' dir='ltr' id='par_1_2' title="bbox 1576 359 2820 427">
     <span class='ocr_line' id='line_1_2' title="bbox 1576 359 2820 427; baseline 0 -7"><span class='ocrx_word' id='word_1_2' title='bbox 1576 361 1633 420; x_wconf 85' lang='lat' dir='ltr'><strong>S.</strong></span> <span class='ocrx_word' id='word_1_3' title='bbox 1673 360 2008 427; x_wconf 66' lang='lat' dir='ltr'><strong>GR-EGORII</strong></span> <span class='ocrx_word' id='word_1_4' title='bbox 2047 359 2349 418; x_wconf 78' lang='lat' dir='ltr'><strong>EPISCOPI</strong></span> <span class='ocrx_word' id='word_1_5' title='bbox 2391 359 2820 420; x_wconf 64' lang='lat' dir='ltr'><strong>TURONENSIS</strong></span> 
     </span>
    </p>
   </div>
   <div class='ocr_carea' id='block_1_3' title="bbox 3762 371 3869 426">
    <p class='ocr_par' dir='ltr' id='par_1_3' title="bbox 3762 371 3869 426">
     <span class='ocr_line' id='line_1_3' title="bbox 3762 371 3869 426; baseline -0.019 0"><span class='ocrx_word' id='word_1_6' title='bbox 3762 371 3869 426; x_wconf 58' lang='grc' dir='ltr'><strong>ὀξεῖ)</strong></span> 
     </span>
    </p>
   </div>
   <div class='ocr_carea' id='block_1_4' title="bbox 658 477 3859 557">
    <p class='ocr_par' dir='ltr' id='par_1_4' title="bbox 658 477 3859 557">
     <span class='ocr_line' id='line_1_4' title="bbox 658 477 3859 557; baseline -0.001 -12"><span class='ocrx_word' id='word_1_7' title='bbox 658 490 739 545; x_wconf 87' lang='lat' dir='ltr'><strong>Ill.</strong></span> <span class='ocrx_word' id='word_1_8' title='bbox 774 489 1029 544; x_wconf 87' lang='lat' dir='ltr'><strong>Vedastes</strong></span> <span class='ocrx_word' id='word_1_9' title='bbox 1059 496 1084 525; x_wconf 79' lang='grc' dir='ltr'>ι</span> <span class='ocrx_word' id='word_1_10' title='bbox 1113 491 1465 557; x_wconf 77' lang='lat' dir='ltr'><strong>cognomento</strong></span> <span class='ocrx_word' id='word_1_11' title='bbox 1494 485 1628 550; x_wconf 79' lang='lat' dir='ltr'><strong>Avo,</strong></span> <span class='ocrx_word' id='word_1_12' title='bbox 1660 483 1751 554; x_wconf 87' lang='lat' dir='ltr'><strong>qui</strong></span> <span class='ocrx_word' id='word_1_13' title='bbox 1783 489 1908 536; x_wconf 83' lang='lat' dir='ltr'><strong>ante</strong></span> <span class='ocrx_word' id='word_1_14' title='bbox 1935 479 2034 536; x_wconf 86' lang='lat' dir='ltr'><strong>hos</strong></span> <span class='ocrx_word' id='word_1_15' title='bbox 2061 493 2162 533; x_wconf 83' lang='lat' dir='ltr'><strong>an-</strong></span> <span class='ocrx_word' id='word_1_16' title='bbox 2193 485 2247 544; x_wconf 77' lang='grc' dir='ltr'><strong>Α</strong></span> <span class='ocrx_word' id='word_1_17' title='bbox 2271 477 2716 549; x_wconf 68' lang='lat' dir='ltr'><strong>subscriptiones,</strong></span> <span class='ocrx_word' id='word_1_18' title='bbox 2745 481 2940 552; x_wconf 82' lang='lat' dir='ltr'><strong>quibus</strong></span> <span class='ocrx_word' id='word_1_19' title='bbox 2970 480 3108 537; x_wconf 87' lang='lat' dir='ltr'><strong>hanc</strong></span> <span class='ocrx_word' id='word_1_20' title='bbox 3135 482 3532 540; x_wconf 84' lang='lat' dir='ltr'><strong>conniventiam</strong></span> <span class='ocrx_word' id='word_1_21' title='bbox 3558 485 3859 542; x_wconf 82' lang='lat' dir='ltr'><strong>confirma-</strong></span> 
     </span>
    </p>
   </div>
   <div class='ocr_carea' id='block_1_5' title="bbox 586 573 2167 650">
    <p class='ocr_par' dir='ltr' id='par_1_5' title="bbox 586 573 2167 650">
     <span class='ocr_line' id='line_1_5' title="bbox 586 573 2167 650; baseline -0.008 -12"><span class='ocrx_word' id='word_1_22' title='bbox 586 597 686 638; x_wconf 84' lang='lat' dir='ltr'><strong>nos</strong></span> <span class='ocrx_word' id='word_1_23' title='bbox 734 581 936 650; x_wconf 83' lang='lat' dir='ltr'><strong>Lupum</strong></span> <span class='ocrx_word' id='word_1_24' title='bbox 987 579 1433 646; x_wconf 80' lang='lat' dir='ltr'><strong>Ambrosiumque</strong></span> <span class='ocrx_word' id='word_1_25' title='bbox 1473 591 1570 645; x_wconf 86' lang='lat' dir='ltr'><strong>pro</strong></span> <span class='ocrx_word' id='word_1_26' title='bbox 1596 590 1782 629; x_wconf 88' lang='lat' dir='ltr'><strong>amore</strong></span> <span class='ocrx_word' id='word_1_27' title='bbox 1811 573 1992 628; x_wconf 70' lang='lat' dir='ltr'><strong>uxoris</strong></span> <span class='ocrx_word' id='word_1_28' title='bbox 2037 573 2167 626; x_wconf 81' lang='lat' dir='ltr'><strong>Arn—</strong></span> 
     </span>
    </p>
   </div>
   <div class='ocr_carea' id='block_1_6' title="bbox 587 667 2163 740">
    <p class='ocr_par' dir='ltr' id='par_1_6' title="bbox 587 667 2163 740">
     <span class='ocr_line' id='line_1_6' title="bbox 587 667 2163 740; baseline -0.006 -10"><span class='ocrx_word' id='word_1_29' title='bbox 587 675 749 730; x_wconf 82' lang='lat' dir='ltr'><strong>brosii</strong></span> <span class='ocrx_word' id='word_1_30' title='bbox 796 674 1157 738; x_wconf 70' lang='lat' dir='ltr'><strong>interfecerat,</strong></span> <span class='ocrx_word' id='word_1_31' title='bbox 1195 678 1251 727; x_wconf 91' lang='lat' dir='ltr'><strong>et</strong></span> <span class='ocrx_word' id='word_1_32' title='bbox 1303 672 1472 740; x_wconf 86' lang='lat' dir='ltr'><strong>ipsam</strong></span> <span class='ocrx_word' id='word_1_33' title='bbox 1516 669 1640 734; x_wconf 81' lang='lat' dir='ltr'><strong>sibi,</strong></span> <span class='ocrx_word' id='word_1_34' title='bbox 1684 684 1804 740; x_wconf 67' lang='lat' dir='ltr'><strong>qua:</strong></span> <span class='ocrx_word' id='word_1_35' title='bbox 1844 667 2163 722; x_wconf 83' lang='lat' dir='ltr'><strong>consobrina</strong></span> 
     </span>
    </p>
   </div>
   <div class='ocr_carea' id='block_1_7' title="bbox 585 760 2160 831">
    <p class='ocr_par' dir='ltr' id='par_1_7' title="bbox 585 760 2160 831">
     <span class='ocr_line' id='line_1_7' title="bbox 585 760 2160 831; baseline -0.004 -9"><span class='ocrx_word' id='word_1_36' title='bbox 585 783 678 822; x_wconf 88' lang='lat' dir='ltr'><strong>sua</strong></span> <span class='ocrx_word' id='word_1_37' title='bbox 710 780 833 822; x_wconf 81' lang='lat' dir='ltr'><strong>esse</strong></span> <span class='ocrx_word' id='word_1_38' title='bbox 857 765 1156 830; x_wconf 84' lang='lat' dir='ltr'><strong>dicebatur,</strong></span> <span class='ocrx_word' id='word_1_39' title='bbox 1191 766 1242 818; x_wconf 94' lang='lat' dir='ltr'><strong>in</strong></span> <span class='ocrx_word' id='word_1_40' title='bbox 1275 763 1674 818; x_wconf 71' lang='lat' dir='ltr'><strong>matrimonium</strong></span> <span class='ocrx_word' id='word_1_41' title='bbox 1705 770 2004 831; x_wconf 84' lang='lat' dir='ltr'><strong>acceperat,</strong></span> <span class='ocrx_word' id='word_1_42' title='bbox 2034 760 2160 815; x_wconf 90' lang='lat' dir='ltr'><strong>dum</strong></span> 
     </span>
    </p>
   </div>
   <div class='ocr_carea' id='block_1_8' title="bbox 584 856 2156 926">
    <p class='ocr_par' dir='ltr' id='par_1_8' title="bbox 584 856 2156 926">
     <span class='ocr_line' id='line_1_8' title="bbox 584 856 2156 926; baseline -0.003 -12"><span class='ocrx_word' id='word_1_43' title='bbox 584 860 749 914; x_wconf 77' lang='lat' dir='ltr'><strong>multa</strong></span> <span class='ocrx_word' id='word_1_44' title='bbox 779 860 984 914; x_wconf 89' lang='lat' dir='ltr'><strong>scelera</strong></span> <span class='ocrx_word' id='word_1_45' title='bbox 1011 856 1146 912; x_wconf 84' lang='lat' dir='ltr'><strong>infra</strong></span> <span class='ocrx_word' id='word_1_46' title='bbox 1177 857 1451 912; x_wconf 87' lang='lat' dir='ltr'><strong>Pictavum</strong></span> <span class='ocrx_word' id='word_1_47' title='bbox 1481 857 1766 912; x_wconf 89' lang='lat' dir='ltr'><strong>terminum</strong></span> <span class='ocrx_word' id='word_1_48' title='bbox 1802 865 2156 926; x_wconf 74' lang='lat' dir='ltr'><strong>perpetraret,</strong></span> 
     </span>
    </p>
   </div>
   <div class='ocr_carea' id='block_1_9' title="bbox 491 933 2159 1025">
    <p class='ocr_par' dir='ltr' id='par_1_9' title="bbox 491 933 2159 1025">
     <span class='ocr_line' id='line_1_9' title="bbox 491 933 2159 1025; baseline -0.002 -16"><span class='ocrx_word' id='word_1_49' title='bbox 491 933 512 956; x_wconf 61' lang='grc'><strong><em>³</em></strong></span> <span class='ocrx_word' id='word_1_50' title='bbox 583 956 811 1025; x_wconf 82' lang='lat' dir='ltr'><strong>quodam</strong></span> <span class='ocrx_word' id='word_1_51' title='bbox 870 954 987 1008; x_wconf 89' lang='lat' dir='ltr'><strong>loco</strong></span> <span class='ocrx_word' id='word_1_52' title='bbox 1025 967 1144 1007; x_wconf 89' lang='lat' dir='ltr'><strong>cum</strong></span> <span class='ocrx_word' id='word_1_53' title='bbox 1188 951 1488 1007; x_wconf 86' lang='lat' dir='ltr'><strong>Childerieo</strong></span> <span class='ocrx_word' id='word_1_54' title='bbox 1540 949 1751 1006; x_wconf 79' lang='lat' dir='ltr'><strong>Saxone</strong></span> <span class='ocrx_word' id='word_1_55' title='bbox 1803 951 2159 1020; x_wconf 77' lang='lat' dir='ltr'><strong>coniunctus,</strong></span> 
     </span>
    </p>
   </div>
   <div class='ocr_carea' id='block_1_10' title="bbox 580 1045 2161 1115">
    <p class='ocr_par' dir='ltr' id='par_1_10' title="bbox 580 1045 2161 1115">
     <span class='ocr_line' id='line_1_10' title="bbox 580 1045 2161 1115; baseline -0.001 -13"><span class='ocrx_word' id='word_1_56' title='bbox 580 1047 706 1102; x_wconf 88' lang='lat' dir='ltr'><strong>dum</strong></span> <span class='ocrx_word' id='word_1_57' title='bbox 755 1062 813 1102; x_wconf 90' lang='lat' dir='ltr'><strong>se</strong></span> <span class='ocrx_word' id='word_1_58' title='bbox 839 1048 1065 1101; x_wconf 77' lang='lat' dir='ltr'><strong>invicem</strong></span> <span class='ocrx_word' id='word_1_59' title='bbox 1097 1045 1354 1100; x_wconf 75' lang='lat' dir='ltr'><strong>conviciis</strong></span> <span class='ocrx_word' id='word_1_60' title='bbox 1398 1045 1730 1109; x_wconf 78' lang='lat' dir='ltr'><strong>laccssrrent,</strong></span> <span class='ocrx_word' id='word_1_61' title='bbox 1773 1061 1909 1100; x_wconf 85' lang='lat' dir='ltr'><strong>unus</strong></span> <span class='ocrx_word' id='word_1_62' title='bbox 1936 1063 2000 1100; x_wconf 83' lang='lat' dir='ltr'><strong>ex</strong></span> <span class='ocrx_word' id='word_1_63' title='bbox 2029 1060 2161 1115; x_wconf 90' lang='lat' dir='ltr'><strong>pue-</strong></span> 
     </span>
    </p>
   </div>
   <div class='ocr_carea' id='block_1_11' title="bbox 579 1136 2160 1204">
    <p class='ocr_par' dir='ltr' id='par_1_11' title="bbox 579 1136 2160 1204">
     <span class='ocr_line' id='line_1_11' title="bbox 579 1136 2160 1204; baseline -0.003 -8"><span class='ocrx_word' id='word_1_64' title='bbox 579 1141 659 1196; x_wconf 90' lang='lat' dir='ltr'><strong>ris</strong></span> <span class='ocrx_word' id='word_1_65' title='bbox 686 1139 975 1195; x_wconf 83' lang='lat' dir='ltr'><strong>Cbilderici</strong></span> <span class='ocrx_word' id='word_1_66' title='bbox 1009 1137 1037 1177; x_wconf 72' lang='lat' dir='ltr'><strong>b</strong></span> <span class='ocrx_word' id='word_1_67' title='bbox 1068 1141 1310 1193; x_wconf 82' lang='lat' dir='ltr'><strong>Avonem</strong></span> <span class='ocrx_word' id='word_1_68' title='bbox 1340 1137 1488 1192; x_wconf 87' lang='lat' dir='ltr'><strong>hasta</strong></span> <span class='ocrx_word' id='word_1_69' title='bbox 1517 1136 1804 1191; x_wconf 78' lang='lat' dir='ltr'><strong>transﬁxit.</strong></span> <span class='ocrx_word' id='word_1_70' title='bbox 1827 1136 1928 1204; x_wconf 79' lang='lat' dir='ltr'><strong>Qui</strong></span> <span class='ocrx_word' id='word_1_71' title='bbox 1957 1136 2026 1190; x_wconf 88' lang='lat' dir='ltr'><strong>ad</strong></span> <span class='ocrx_word' id='word_1_72' title='bbox 2055 1145 2160 1192; x_wconf 84' lang='lat' dir='ltr'><strong>ter-</strong></span> 
     </span>
    </p>
   </div>
   <div class='ocr_carea' id='block_1_12' title="bbox 578 1228 2158 1300">
    <p class='ocr_par' dir='ltr' id='par_1_12' title="bbox 578 1228 2158 1300">
     <span class='ocr_line' id='line_1_12' title="bbox 578 1228 2158 1300; baseline -0.003 -13"><span class='ocrx_word' id='word_1_73' title='bbox 578 1248 692 1288; x_wconf 82' lang='lat' dir='ltr'><strong>ram</strong></span> <span class='ocrx_word' id='word_1_74' title='bbox 737 1248 922 1299; x_wconf 82' lang='lat' dir='ltr'><strong>ruens,</strong></span> <span class='ocrx_word' id='word_1_75' title='bbox 976 1233 1242 1300; x_wconf 80' lang='lat' dir='ltr'><strong>plerisque</strong></span> <span class='ocrx_word' id='word_1_76' title='bbox 1283 1230 1458 1284; x_wconf 90' lang='lat' dir='ltr'><strong>adhuc</strong></span> <span class='ocrx_word' id='word_1_77' title='bbox 1502 1228 1694 1284; x_wconf 81' lang='lat' dir='ltr'><strong>ictibus</strong></span> <span class='ocrx_word' id='word_1_78' title='bbox 1735 1232 2025 1293; x_wconf 81' lang='lat' dir='ltr'><strong>sauciatus,</strong></span> <span class='ocrx_word' id='word_1_79' title='bbox 2058 1228 2158 1283; x_wconf 83' lang='lat' dir='ltr'><strong>ini-</strong></span> 
     </span>
    </p>
   </div>
   <div class='ocr_carea' id='block_1_13' title="bbox 575 1322 2156 1395">
    <p class='ocr_par' dir='ltr' id='par_1_13' title="bbox 575 1322 2156 1395">
     <span class='ocr_line' id='line_1_13' title="bbox 575 1322 2156 1395; baseline -0.001 -17"><span class='ocrx_word' id='word_1_80' title='bbox 575 1340 735 1395; x_wconf 89' lang='lat' dir='ltr'><strong>quam</strong></span> <span class='ocrx_word' id='word_1_81' title='bbox 779 1326 1010 1379; x_wconf 85' lang='lat' dir='ltr'><strong>animam</strong></span> <span class='ocrx_word' id='word_1_82' title='bbox 1063 1323 1322 1393; x_wconf 86' lang='lat' dir='ltr'><strong>sanguine</strong></span> <span class='ocrx_word' id='word_1_83' title='bbox 1368 1323 1637 1378; x_wconf 86' lang='lat' dir='ltr'><strong>defluente</strong></span> <span class='ocrx_word' id='word_1_84' title='bbox 1677 1324 1904 1388; x_wconf 88' lang='lat' dir='ltr'><strong>refudit;</strong></span> <span class='ocrx_word' id='word_1_85' title='bbox 1957 1322 2156 1392; x_wconf 87' lang='lat' dir='ltr'><strong>fuitque</strong></span> 
     </span>
    </p>
   </div>
   <div class='ocr_carea' id='block_1_14' title="bbox 579 1416 2152 1487">
    <p class='ocr_par' dir='ltr' id='par_1_14' title="bbox 579 1416 2152 1487">
     <span class='ocr_line' id='line_1_14' title="bbox 579 1416 2152 1487; baseline -0.002 -15"><span class='ocrx_word' id='word_1_86' title='bbox 579 1418 740 1472; x_wconf 88' lang='lat' dir='ltr'><strong>ultrix</strong></span> <span class='ocrx_word' id='word_1_87' title='bbox 780 1419 958 1472; x_wconf 87' lang='lat' dir='ltr'><strong>divina</strong></span> <span class='ocrx_word' id='word_1_88' title='bbox 1010 1418 1261 1485; x_wconf 88' lang='lat' dir='ltr'><strong>majestas</strong></span> <span class='ocrx_word' id='word_1_89' title='bbox 1302 1416 1574 1487; x_wconf 78' lang='lat' dir='ltr'><strong>sanguinis</strong></span> <span class='ocrx_word' id='word_1_90' title='bbox 1626 1416 1946 1478; x_wconf 83' lang='lat' dir='ltr'><strong>innocentis,</strong></span> <span class='ocrx_word' id='word_1_91' title='bbox 1995 1430 2152 1486; x_wconf 76' lang='lat' dir='ltr'><strong>quem</strong></span> 
     </span>
    </p>
   </div>
   <div class='ocr_carea' id='block_1_15' title="bbox 579 1505 2156 1578">
    <p class='ocr_par' dir='ltr' id='par_1_15' title="bbox 579 1505 2156 1578">
     <span class='ocr_line' id='line_1_15' title="bbox 579 1505 2156 1578; baseline 0.001 -19"><span class='ocrx_word' id='word_1_92' title='bbox 579 1511 790 1578; x_wconf 81' lang='lat' dir='ltr'><strong>propria</strong></span> <span class='ocrx_word' id='word_1_93' title='bbox 821 1508 1076 1562; x_wconf 73' lang='lat' dir='ltr'><strong>effuderat</strong></span> <span class='ocrx_word' id='word_1_94' title='bbox 1109 1521 1290 1562; x_wconf 85' lang='lat' dir='ltr'><strong>manu.</strong></span> <span class='ocrx_word' id='word_1_95' title='bbox 1349 1507 1506 1561; x_wconf 85' lang='lat' dir='ltr'><strong>Multa</strong></span> <span class='ocrx_word' id='word_1_96' title='bbox 1542 1507 1678 1561; x_wconf 88' lang='lat' dir='ltr'><strong>enim</strong></span> <span class='ocrx_word' id='word_1_97' title='bbox 1722 1505 1882 1570; x_wconf 84' lang='lat' dir='ltr'><strong>furta,</strong></span> <span class='ocrx_word' id='word_1_98' title='bbox 1933 1505 2156 1560; x_wconf 88' lang='lat' dir='ltr'><strong>homici-</strong></span> 
     </span>
    </p>
   </div>
   <div class='ocr_carea' id='block_1_16' title="bbox 576 1599 2153 1669">
    <p class='ocr_par' dir='ltr' id='par_1_16' title="bbox 576 1599 2153 1669">
     <span class='ocr_line' id='line_1_16' title="bbox 576 1599 2153 1669; baseline -0.003 -15"><span class='ocrx_word' id='word_1_99' title='bbox 576 1601 682 1664; x_wconf 89' lang='lat' dir='ltr'><strong>dia,</strong></span> <span class='ocrx_word' id='word_1_100' title='bbox 714 1599 1084 1669; x_wconf 84' lang='lat' dir='ltr'><strong>adulterinque</strong></span> <span class='ocrx_word' id='word_1_101' title='bbox 1107 1600 1436 1653; x_wconf 84' lang='lat' dir='ltr'><strong>miserrimus</strong></span> <span class='ocrx_word' id='word_1_102' title='bbox 1467 1612 1608 1668; x_wconf 78' lang='lat' dir='ltr'><strong>sacpe</strong></span> <span class='ocrx_word' id='word_1_103' title='bbox 1634 1601 2000 1664; x_wconf 84' lang='lat' dir='ltr'><strong>commiserat,</strong></span> <span class='ocrx_word' id='word_1_104' title='bbox 2033 1611 2153 1667; x_wconf 64' lang='lat' dir='ltr'><strong>qua:</strong></span> 
     </span>
    </p>
   </div>
   <div class='ocr_carea' id='block_1_17' title="bbox 576 1689 2153 1762">
    <p class='ocr_par' dir='ltr' id='par_1_17' title="bbox 576 1689 2153 1762">
     <span class='ocr_line' id='line_1_17' title="bbox 576 1689 2153 1762; baseline -0.002 -15"><span class='ocrx_word' id='word_1_105' title='bbox 576 1693 742 1748; x_wconf 87' lang='lat' dir='ltr'><strong>silere</strong></span> <span class='ocrx_word' id='word_1_106' title='bbox 771 1692 960 1746; x_wconf 89' lang='lat' dir='ltr'><strong>melius</strong></span> <span class='ocrx_word' id='word_1_107' title='bbox 989 1701 1134 1761; x_wconf 90' lang='lat' dir='ltr'><strong>puto.</strong></span> <span class='ocrx_word' id='word_1_108' title='bbox 1177 1690 1487 1762; x_wconf 88' lang='lat' dir='ltr'><strong>Composuit</strong></span> <span class='ocrx_word' id='word_1_109' title='bbox 1528 1701 1707 1746; x_wconf 89' lang='lat' dir='ltr'><strong>tamen</strong></span> <span class='ocrx_word' id='word_1_110' title='bbox 1740 1689 1864 1745; x_wconf 85' lang='lat' dir='ltr'><strong>filiis</strong></span> <span class='ocrx_word' id='word_1_111' title='bbox 1891 1689 2035 1745; x_wconf 81' lang='lat' dir='ltr'><strong>Saxo</strong></span> <span class='ocrx_word' id='word_1_112' title='bbox 2064 1689 2153 1744; x_wconf 87' lang='lat' dir='ltr'><strong>ille</strong></span> 
     </span>
    </p>
   </div>
   <div class='ocr_carea' id='block_1_18' title="bbox 573 1784 954 1851">
    <p class='ocr_par' dir='ltr' id='par_1_18' title="bbox 573 1784 954 1851">
     <span class='ocr_line' id='line_1_18' title="bbox 573 1784 954 1851; baseline -0.003 -11"><span class='ocrx_word' id='word_1_113' title='bbox 573 1795 798 1840; x_wconf 81' lang='lat' dir='ltr'><strong>mortem</strong></span> <span class='ocrx_word' id='word_1_114' title='bbox 817 1784 954 1851; x_wconf 85' lang='lat' dir='ltr'><strong>ejus.</strong></span> 
     </span>
    </p>
   </div>
   <div class='ocr_carea' id='block_1_19' title="bbox 2266 572 3862 646">
    <p class='ocr_par' dir='ltr' id='par_1_19' title="bbox 2266 572 3862 646">
     <span class='ocr_line' id='line_1_19' title="bbox 2266 572 3862 646; baseline 0.005 -20"><span class='ocrx_word' id='word_1_115' title='bbox 2266 572 2365 627; x_wconf 87' lang='lat' dir='ltr'><strong>stis</strong></span> <span class='ocrx_word' id='word_1_116' title='bbox 2403 581 2427 610; x_wconf 80' lang='grc'><strong><em>⁸</em></strong></span> <span class='ocrx_word' id='word_1_117' title='bbox 2471 588 2487 627; x_wconf 91' lang='lat'><strong>:</strong></span> <span class='ocrx_word' id='word_1_118' title='bbox 2528 583 2582 628; x_wconf 92' lang='lat' dir='ltr'><strong>et</strong></span> <span class='ocrx_word' id='word_1_119' title='bbox 2619 589 2720 640; x_wconf 84' lang='lat' dir='ltr'><strong>qua</strong></span> <span class='ocrx_word' id='word_1_120' title='bbox 2771 590 2912 629; x_wconf 90' lang='lat' dir='ltr'><strong>nunc</strong></span> <span class='ocrx_word' id='word_1_121' title='bbox 2960 574 3133 630; x_wconf 90' lang='lat' dir='ltr'><strong>fronte</strong></span> <span class='ocrx_word' id='word_1_122' title='bbox 3171 577 3442 644; x_wconf 78' lang='lat' dir='ltr'><strong>quzrritis,</strong></span> <span class='ocrx_word' id='word_1_123' title='bbox 3492 587 3551 632; x_wconf 93' lang='lat' dir='ltr'><strong>ut</strong></span> <span class='ocrx_word' id='word_1_124' title='bbox 3604 589 3862 646; x_wconf 75' lang='lat' dir='ltr'><strong>nepotem</strong></span> 
     </span>
    </p>
   </div>
   <div class='ocr_carea' id='block_1_20' title="bbox 2267 665 3858 740">
    <p class='ocr_par' dir='ltr' id='par_1_20' title="bbox 2267 665 3858 740">
     <span class='ocr_line' id='line_1_20' title="bbox 2267 665 3858 740; baseline 0.004 -21"><span class='ocrx_word' id='word_1_125' title='bbox 2267 678 2446 720; x_wconf 88' lang='lat' dir='ltr'><strong>meum</strong></span> <span class='ocrx_word' id='word_1_126' title='bbox 2482 665 2886 722; x_wconf 86' lang='lat' dir='ltr'><strong>Childebertum</strong></span> <span class='ocrx_word' id='word_1_127' title='bbox 2914 669 3188 738; x_wconf 78' lang='lat' dir='ltr'><strong>suscipere</strong></span> <span class='ocrx_word' id='word_1_128' title='bbox 3233 670 3479 736; x_wconf 82' lang='lat' dir='ltr'><strong>debeam,</strong></span> <span class='ocrx_word' id='word_1_129' title='bbox 3529 687 3692 740; x_wconf 86' lang='lat' dir='ltr'><strong>quem</strong></span> <span class='ocrx_word' id='word_1_130' title='bbox 3729 675 3858 726; x_wconf 78' lang='lat' dir='ltr'><strong>mihi</strong></span> 
     </span>
    </p>
   </div>
   <div class='ocr_carea' id='block_1_21' title="bbox 2262 761 3859 827">
    <p class='ocr_par' dir='ltr' id='par_1_21' title="bbox 2262 761 3859 827">
     <span class='ocr_line' id='line_1_21' title="bbox 2262 761 3859 827; baseline 0.006 -16"><span class='ocrx_word' id='word_1_131' title='bbox 2262 767 2437 812; x_wconf 86' lang='lat' dir='ltr'><strong>vestra</strong></span> <span class='ocrx_word' id='word_1_132' title='bbox 2471 761 2822 827; x_wconf 74' lang='lat' dir='ltr'><strong>perversitate</strong></span> <span class='ocrx_word' id='word_1_133' title='bbox 2867 762 3114 818; x_wconf 81' lang='lat' dir='ltr'><strong>voluistis</strong></span> <span class='ocrx_word' id='word_1_134' title='bbox 3161 762 3340 819; x_wconf 65' lang='lat' dir='ltr'><strong>facere</strong></span> <span class='ocrx_word' id='word_1_135' title='bbox 3389 766 3708 821; x_wconf 77' lang='lat' dir='ltr'><strong>inimicum?</strong></span> <span class='ocrx_word' id='word_1_136' title='bbox 3756 767 3859 821; x_wconf 83' lang='lat' dir='ltr'><strong>Cui</strong></span> 
     </span>
    </p>
   </div>
   <div class='ocr_carea' id='block_1_22' title="bbox 2264 848 3855 928">
    <p class='ocr_par' dir='ltr' id='par_1_22' title="bbox 2264 848 3855 928">
     <span class='ocr_line' id='line_1_22' title="bbox 2264 848 3855 928; baseline 0.007 -26"><span class='ocrx_word' id='word_1_137' title='bbox 2264 848 2424 919; x_wconf 89' lang='lat' dir='ltr'><strong>legati</strong></span> <span class='ocrx_word' id='word_1_138' title='bbox 2455 851 2708 908; x_wconf 82' lang='lat' dir='ltr'><strong>dixerunt</strong></span> <span class='ocrx_word' id='word_1_139' title='bbox 2742 866 2758 904; x_wconf 88' lang='lat'><strong>:</strong></span> <span class='ocrx_word' id='word_1_140' title='bbox 2787 853 2841 910; x_wconf 85' lang='lat' dir='ltr'><strong>Si</strong></span> <span class='ocrx_word' id='word_1_141' title='bbox 2874 862 3076 909; x_wconf 73' lang='lat' dir='ltr'><strong>tantum</strong></span> <span class='ocrx_word' id='word_1_142' title='bbox 3107 864 3341 910; x_wconf 82' lang='lat' dir='ltr'><strong>mentem</strong></span> <span class='ocrx_word' id='word_1_143' title='bbox 3373 855 3647 912; x_wconf 86' lang='lat' dir='ltr'><strong>iracundia</strong></span> <span class='ocrx_word' id='word_1_144' title='bbox 3677 861 3855 928; x_wconf 78' lang='lat' dir='ltr'><strong>cepit,</strong></span> 
     </span>
    </p>
   </div>
   <div class='ocr_carea' id='block_1_23' title="bbox 2262 943 3857 1020">
    <p class='ocr_par' dir='ltr' id='par_1_23' title="bbox 2262 943 3857 1020">
     <span class='ocr_line' id='line_1_23' title="bbox 2262 943 3857 1020; baseline 0.006 -24"><span class='ocrx_word' id='word_1_145' title='bbox 2262 950 2318 998; x_wconf 88' lang='lat' dir='ltr'><strong>ut</strong></span> <span class='ocrx_word' id='word_1_146' title='bbox 2340 943 2472 997; x_wconf 86' lang='lat' dir='ltr'><strong>nihil</strong></span> <span class='ocrx_word' id='word_1_147' title='bbox 2500 946 2681 1014; x_wconf 87' lang='lat' dir='ltr'><strong>nepoti</strong></span> <span class='ocrx_word' id='word_1_148' title='bbox 2708 955 2800 1001; x_wconf 91' lang='lat' dir='ltr'><strong>tuo</strong></span> <span class='ocrx_word' id='word_1_149' title='bbox 2821 947 2888 1001; x_wconf 89' lang='lat' dir='ltr'><strong>de</strong></span> <span class='ocrx_word' id='word_1_150' title='bbox 2917 947 3002 1001; x_wconf 84' lang='lat' dir='ltr'><strong>bis</strong></span> <span class='ocrx_word' id='word_1_151' title='bbox 3021 963 3140 1015; x_wconf 83' lang='lat' dir='ltr'><strong>quae</strong></span> <span class='ocrx_word' id='word_1_152' title='bbox 3174 947 3446 1017; x_wconf 83' lang='lat' dir='ltr'><strong>pollicitus</strong></span> <span class='ocrx_word' id='word_1_153' title='bbox 3467 963 3526 1005; x_wconf 85' lang='lat' dir='ltr'><strong>es</strong></span> <span class='ocrx_word' id='word_1_154' title='bbox 3548 950 3857 1020; x_wconf 84' lang='lat' dir='ltr'><strong>indulgeas,</strong></span> 
     </span>
    </p>
   </div>
   <div class='ocr_carea' id='block_1_24' title="bbox 2263 1035 3859 1109">
    <p class='ocr_par' dir='ltr' id='par_1_24' title="bbox 2263 1035 3859 1109">
     <span class='ocr_line' id='line_1_24' title="bbox 2263 1035 3859 1109; baseline 0.006 -20"><span class='ocrx_word' id='word_1_155' title='bbox 2263 1037 2348 1092; x_wconf 89' lang='lat' dir='ltr'><strong>vel</strong></span> <span class='ocrx_word' id='word_1_156' title='bbox 2379 1035 2493 1103; x_wconf 87' lang='lat' dir='ltr'><strong>illa,</strong></span> <span class='ocrx_word' id='word_1_157' title='bbox 2526 1054 2646 1106; x_wconf 70' lang='lat' dir='ltr'><strong>quze</strong></span> <span class='ocrx_word' id='word_1_158' title='bbox 2676 1039 2747 1095; x_wconf 90' lang='lat' dir='ltr'><strong>de</strong></span> <span class='ocrx_word' id='word_1_159' title='bbox 2775 1055 2940 1107; x_wconf 87' lang='lat' dir='ltr'><strong>regno</strong></span> <span class='ocrx_word' id='word_1_160' title='bbox 2968 1040 3271 1096; x_wconf 81' lang='lat' dir='ltr'><strong>Chariberti</strong></span> <span class='ocrx_word' id='word_1_161' title='bbox 3301 1041 3564 1098; x_wconf 88' lang='lat' dir='ltr'><strong>debentur</strong></span> <span class='ocrx_word' id='word_1_162' title='bbox 3587 1081 3605 1109; x_wconf 91' lang='lat'><strong>,</strong></span> <span class='ocrx_word' id='word_1_163' title='bbox 3636 1045 3859 1099; x_wconf 85' lang='lat' dir='ltr'><strong>auferre</strong></span> 
     </span>
    </p>
   </div>
   <div class='ocr_carea' id='block_1_25' title="bbox 2258 1128 3856 1204">
    <p class='ocr_par' dir='ltr' id='par_1_25' title="bbox 2258 1128 3856 1204">
     <span class='ocr_line' id='line_1_25' title="bbox 2258 1128 3856 1204; baseline 0.004 -21"><span class='ocrx_word' id='word_1_164' title='bbox 2258 1128 2480 1185; x_wconf 81' lang='lat' dir='ltr'><strong>desiste.</strong></span> <span class='ocrx_word' id='word_1_165' title='bbox 2527 1131 2732 1197; x_wconf 84' lang='lat' dir='ltr'><strong>Quibus</strong></span> <span class='ocrx_word' id='word_1_166' title='bbox 2774 1132 2862 1186; x_wconf 88' lang='lat' dir='ltr'><strong>ille</strong></span> <span class='ocrx_word' id='word_1_167' title='bbox 2910 1133 3022 1186; x_wconf 87' lang='lat' dir='ltr'><strong>ait:</strong></span> <span class='ocrx_word' id='word_1_168' title='bbox 3055 1132 3195 1188; x_wconf 85' lang='lat' dir='ltr'><strong>Ecce</strong></span> <span class='ocrx_word' id='word_1_169' title='bbox 3224 1134 3498 1202; x_wconf 86' lang='lat' dir='ltr'><strong>pactiones</strong></span> <span class='ocrx_word' id='word_1_170' title='bbox 3543 1150 3664 1204; x_wconf 63' lang='lat' dir='ltr'><strong>quae</strong></span> <span class='ocrx_word' id='word_1_171' title='bbox 3713 1135 3856 1190; x_wconf 88' lang='lat' dir='ltr'><strong>inter</strong></span> 
     </span>
    </p>
   </div>
   <div class='ocr_carea' id='block_1_26' title="bbox 2261 1221 3858 1294">
    <p class='ocr_par' dir='ltr' id='par_1_26' title="bbox 2261 1221 3858 1294">
     <span class='ocr_line' id='line_1_26' title="bbox 2261 1221 3858 1294; baseline 0.007 -20"><span class='ocrx_word' id='word_1_172' title='bbox 2261 1234 2363 1275; x_wconf 85' lang='lat' dir='ltr'><strong>nos</strong></span> <span class='ocrx_word' id='word_1_173' title='bbox 2414 1221 2568 1277; x_wconf 74' lang='lat' dir='ltr'><strong>factae</strong></span> <span class='ocrx_word' id='word_1_174' title='bbox 2599 1233 2744 1288; x_wconf 89' lang='lat' dir='ltr'><strong>sunt,</strong></span> <span class='ocrx_word' id='word_1_175' title='bbox 2796 1232 2854 1278; x_wconf 88' lang='lat' dir='ltr'><strong>ut</strong></span> <span class='ocrx_word' id='word_1_176' title='bbox 2893 1224 3131 1294; x_wconf 89' lang='lat' dir='ltr'><strong>quisquis</strong></span> <span class='ocrx_word' id='word_1_177' title='bbox 3183 1225 3301 1282; x_wconf 85' lang='lat' dir='ltr'><strong>sine</strong></span> <span class='ocrx_word' id='word_1_178' title='bbox 3345 1226 3532 1282; x_wconf 83' lang='lat' dir='ltr'><strong>fratris</strong></span> <span class='ocrx_word' id='word_1_179' title='bbox 3572 1228 3858 1285; x_wconf 78' lang='lat' dir='ltr'><strong>voluntate</strong></span> 
     </span>
    </p>
   </div>
   <div class='ocr_carea' id='block_1_27' title="bbox 2258 1311 3853 1389">
    <p class='ocr_par' dir='ltr' id='par_1_27' title="bbox 2258 1311 3853 1389">
     <span class='ocr_line' id='line_1_27' title="bbox 2258 1311 3853 1389; baseline 0.005 -23"><span class='ocrx_word' id='word_1_180' title='bbox 2258 1311 2492 1368; x_wconf 84' lang='lat' dir='ltr'><strong>Parisios</strong></span> <span class='ocrx_word' id='word_1_181' title='bbox 2556 1315 2743 1371; x_wconf 81' lang='lat' dir='ltr'><strong>urbem</strong></span> <span class='ocrx_word' id='word_1_182' title='bbox 2807 1316 3222 1386; x_wconf 73' lang='lat' dir='ltr'><strong>ingrederetur,</strong></span> <span class='ocrx_word' id='word_1_183' title='bbox 3295 1319 3567 1376; x_wconf 84' lang='lat' dir='ltr'><strong>amitteret</strong></span> <span class='ocrx_word' id='word_1_184' title='bbox 3641 1329 3853 1389; x_wconf 85' lang='lat' dir='ltr'><strong>partem</strong></span> 
     </span>
    </p>
   </div>
   <div class='ocr_carea' id='block_1_28' title="bbox 2257 1405 3855 1478">
    <p class='ocr_par' dir='ltr' id='par_1_28' title="bbox 2257 1405 3855 1478">
     <span class='ocr_line' id='line_1_28' title="bbox 2257 1405 3855 1478; baseline 0.004 -19"><span class='ocrx_word' id='word_1_185' title='bbox 2257 1418 2436 1469; x_wconf 84' lang='lat' dir='ltr'><strong>suam,</strong></span> <span class='ocrx_word' id='word_1_186' title='bbox 2466 1418 2719 1476; x_wconf 81' lang='lat' dir='ltr'><strong>essetque</strong></span> <span class='ocrx_word' id='word_1_187' title='bbox 2753 1407 3025 1464; x_wconf 87' lang='lat' dir='ltr'><strong>Polioctus</strong></span> <span class='ocrx_word' id='word_1_188' title='bbox 3053 1418 3257 1478; x_wconf 85' lang='lat' dir='ltr'><strong>martyr</strong></span> <span class='ocrx_word' id='word_1_189' title='bbox 3287 1405 3306 1447; x_wconf 70' lang='grc' dir='ltr'><strong>ί</strong></span> <span class='ocrx_word' id='word_1_190' title='bbox 3344 1450 3360 1476; x_wconf 84' lang='grc'><em>,</em></span> <span class='ocrx_word' id='word_1_191' title='bbox 3383 1424 3503 1464; x_wconf 90' lang='lat' dir='ltr'><strong>eum</strong></span> <span class='ocrx_word' id='word_1_192' title='bbox 3536 1410 3749 1466; x_wconf 84' lang='lat' dir='ltr'><strong>Hilario</strong></span> <span class='ocrx_word' id='word_1_193' title='bbox 3773 1421 3855 1466; x_wconf 72' lang='lat' dir='ltr'><strong>ato</strong></span> 
     </span>
    </p>
   </div>
   <div class='ocr_carea' id='block_1_29' title="bbox 2259 1497 3848 1572">
    <p class='ocr_par' dir='ltr' id='par_1_29' title="bbox 2259 1497 3848 1572">
     <span class='ocr_line' id='line_1_29' title="bbox 2259 1497 3848 1572; baseline 0.004 -20"><span class='ocrx_word' id='word_1_194' title='bbox 2259 1512 2364 1567; x_wconf 89' lang='lat' dir='ltr'><strong>que</strong></span> <span class='ocrx_word' id='word_1_195' title='bbox 2393 1497 2625 1555; x_wconf 77' lang='lat' dir='ltr'><strong>Martino</strong></span> <span class='ocrx_word' id='word_1_196' title='bbox 2654 1500 3078 1570; x_wconf 88' lang='lat' dir='ltr'><strong>confessoribus,</strong></span> <span class='ocrx_word' id='word_1_197' title='bbox 3099 1501 3268 1572; x_wconf 84' lang='lat' dir='ltr'><strong>judex</strong></span> <span class='ocrx_word' id='word_1_198' title='bbox 3299 1518 3362 1558; x_wconf 88' lang='lat' dir='ltr'><strong>ac</strong></span> <span class='ocrx_word' id='word_1_199' title='bbox 3388 1505 3684 1559; x_wconf 90' lang='lat' dir='ltr'><strong>retributor</strong></span> <span class='ocrx_word' id='word_1_200' title='bbox 3704 1506 3848 1572; x_wconf 82' lang='lat' dir='ltr'><strong>ejus.</strong></span> 
     </span>
    </p>
   </div>
   <div class='ocr_carea' id='block_1_30' title="bbox 2255 1591 3858 1668">
    <p class='ocr_par' dir='ltr' id='par_1_30' title="bbox 2255 1591 3858 1668">
     <span class='ocr_line' id='line_1_30' title="bbox 2255 1591 3858 1668; baseline 0.004 -22"><span class='ocrx_word' id='word_1_201' title='bbox 2255 1591 2501 1647; x_wconf 58' lang='lat' dir='ltr'><strong>Posthac</strong></span> <span class='ocrx_word' id='word_1_202' title='bbox 2531 1593 2806 1662; x_wconf 86' lang='lat' dir='ltr'><strong>ingressus</strong></span> <span class='ocrx_word' id='word_1_203' title='bbox 2835 1603 2918 1649; x_wconf 89' lang='lat' dir='ltr'><strong>est</strong></span> <span class='ocrx_word' id='word_1_204' title='bbox 2948 1593 3003 1648; x_wconf 89' lang='lat' dir='ltr'><strong>iu</strong></span> <span class='ocrx_word' id='word_1_205' title='bbox 3035 1611 3155 1650; x_wconf 86' lang='lat' dir='ltr'><strong>eam</strong></span> <span class='ocrx_word' id='word_1_206' title='bbox 3184 1610 3469 1664; x_wconf 88' lang='lat' dir='ltr'><strong>germanus</strong></span> <span class='ocrx_word' id='word_1_207' title='bbox 3495 1597 3664 1668; x_wconf 72' lang='lat'><strong>336</strong></span> <span class='ocrx_word' id='word_1_208' title='bbox 3697 1613 3858 1652; x_wconf 85' lang='lat' dir='ltr'><strong>meus</strong></span> 
     </span>
    </p>
   </div>
   <div class='ocr_carea' id='block_1_31' title="bbox 2255 1680 3851 1757">
    <p class='ocr_par' dir='ltr' id='par_1_31' title="bbox 2255 1680 3851 1757">
     <span class='ocr_line' id='line_1_31' title="bbox 2255 1680 3851 1757; baseline 0.004 -20"><span class='ocrx_word' id='word_1_209' title='bbox 2255 1680 2581 1756; x_wconf 80' lang='lat' dir='ltr'><strong>Sigibertus,</strong></span> <span class='ocrx_word' id='word_1_210' title='bbox 2634 1687 2722 1754; x_wconf 88' lang='lat' dir='ltr'><strong>qui</strong></span> <span class='ocrx_word' id='word_1_211' title='bbox 2745 1684 2948 1754; x_wconf 89' lang='lat' dir='ltr'><strong>judicio</strong></span> <span class='ocrx_word' id='word_1_212' title='bbox 2975 1685 3068 1740; x_wconf 87' lang='lat' dir='ltr'><strong>Dei</strong></span> <span class='ocrx_word' id='word_1_213' title='bbox 3100 1686 3380 1756; x_wconf 83' lang='lat' dir='ltr'><strong>iuteriens,</strong></span> <span class='ocrx_word' id='word_1_214' title='bbox 3431 1689 3608 1743; x_wconf 83' lang='lat' dir='ltr'><strong>amisit</strong></span> <span class='ocrx_word' id='word_1_215' title='bbox 3640 1700 3851 1757; x_wconf 80' lang='lat' dir='ltr'><strong>partem</strong></span> 
     </span>
    </p>
   </div>
   <div class='ocr_carea' id='block_1_32' title="bbox 2256 1777 3852 1850">
    <p class='ocr_par' dir='ltr' id='par_1_32' title="bbox 2256 1777 3852 1850">
     <span class='ocr_line' id='line_1_32' title="bbox 2256 1777 3852 1850; baseline 0.002 -18"><span class='ocrx_word' id='word_1_216' title='bbox 2256 1792 2439 1833; x_wconf 81' lang='lat' dir='ltr'><strong>suam.</strong></span> <span class='ocrx_word' id='word_1_217' title='bbox 2479 1777 2738 1833; x_wconf 85' lang='lat' dir='ltr'><strong>Similiter</strong></span> <span class='ocrx_word' id='word_1_218' title='bbox 2760 1787 2814 1832; x_wconf 77' lang='lat' dir='ltr'><strong>et</strong></span> <span class='ocrx_word' id='word_1_219' title='bbox 2839 1778 3175 1848; x_wconf 85' lang='lat' dir='ltr'><strong>Chilpericus</strong></span> <span class='ocrx_word' id='word_1_220' title='bbox 3203 1780 3388 1849; x_wconf 89' lang='lat' dir='ltr'><strong>gessit.</strong></span> <span class='ocrx_word' id='word_1_221' title='bbox 3435 1781 3535 1834; x_wconf 83' lang='lat' dir='ltr'><strong>Per</strong></span> <span class='ocrx_word' id='word_1_222' title='bbox 3576 1783 3675 1834; x_wconf 84' lang='lat' dir='ltr'><strong>has</strong></span> <span class='ocrx_word' id='word_1_223' title='bbox 3720 1796 3852 1850; x_wconf 86' lang='lat' dir='ltr'><strong>ergo</strong></span> 
     </span>
    </p>
   </div>
   <div class='ocr_carea' id='block_1_33' title="bbox 641 1861 3845 1947">
    <p class='ocr_par' dir='ltr' id='par_1_33' title="bbox 641 1861 3845 1947">
     <span class='ocr_line' id='line_1_33' title="bbox 641 1861 3845 1947; baseline -0.001 -17"><span class='ocrx_word' id='word_1_224' title='bbox 641 1876 733 1931; x_wconf 92' lang='lat' dir='ltr'><strong>IV.</strong></span> <span class='ocrx_word' id='word_1_225' title='bbox 777 1877 978 1931; x_wconf 85' lang='lat' dir='ltr'><strong>Interea</strong></span> <span class='ocrx_word' id='word_1_226' title='bbox 1009 1874 1374 1947; x_wconf 80' lang='lat' dir='ltr'><strong>Fredegundis</strong></span> <span class='ocrx_word' id='word_1_227' title='bbox 1401 1876 1583 1945; x_wconf 78' lang='lat' dir='ltr'><strong>regina</strong></span> <span class='ocrx_word' id='word_1_228' title='bbox 1610 1875 1721 1946; x_wconf 90' lang='lat' dir='ltr'><strong>jam</strong></span> <span class='ocrx_word' id='word_1_229' title='bbox 1750 1874 1962 1930; x_wconf 84' lang='lat' dir='ltr'><strong>viduata</strong></span> <span class='ocrx_word' id='word_1_230' title='bbox 1994 1873 2146 1930; x_wconf 70' lang='lat' dir='ltr'><strong>Pari-</strong></span> <span class='ocrx_word' id='word_1_231' title='bbox 2179 1861 2232 1924; x_wconf 84' lang='grc' dir='ltr'><strong>Β</strong></span> <span class='ocrx_word' id='word_1_232' title='bbox 2255 1871 2709 1940; x_wconf 87' lang='lat' dir='ltr'><strong>transgressiones</strong></span> <span class='ocrx_word' id='word_1_233' title='bbox 2730 1872 3025 1926; x_wconf 86' lang='lat' dir='ltr'><strong>amiserunt</strong></span> <span class='ocrx_word' id='word_1_234' title='bbox 3056 1885 3234 1941; x_wconf 78' lang='lat' dir='ltr'><strong>Partes</strong></span> <span class='ocrx_word' id='word_1_235' title='bbox 3259 1887 3422 1928; x_wconf 84' lang='lat' dir='ltr'><strong>suas:</strong></span> <span class='ocrx_word' id='word_1_236' title='bbox 3456 1873 3688 1940; x_wconf 86' lang='lat' dir='ltr'><strong>ideoque</strong></span> <span class='ocrx_word' id='word_1_237' title='bbox 3714 1873 3845 1944; x_wconf 85' lang='lat' dir='ltr'><strong>quia</strong></span> 
     </span>
    </p>
   </div>
   <div class='ocr_carea' id='block_1_34' title="bbox 574 1967 2147 2039">
    <p class='ocr_par' dir='ltr' id='par_1_34' title="bbox 574 1967 2147 2039">
     <span class='ocr_line' id='line_1_34' title="bbox 574 1967 2147 2039; baseline -0.001 -15"><span class='ocrx_word' id='word_1_238' title='bbox 574 1985 684 2024; x_wconf 76' lang='lat' dir='ltr'><strong>sros</strong></span> <span class='ocrx_word' id='word_1_239' title='bbox 713 1969 950 2037; x_wconf 84' lang='lat' dir='ltr'><strong>advenit,</strong></span> <span class='ocrx_word' id='word_1_240' title='bbox 981 1979 1036 2025; x_wconf 91' lang='lat' dir='ltr'><strong>et</strong></span> <span class='ocrx_word' id='word_1_241' title='bbox 1065 1984 1187 2024; x_wconf 88' lang='lat' dir='ltr'><strong>cum</strong></span> <span class='ocrx_word' id='word_1_242' title='bbox 1221 1969 1509 2037; x_wconf 74' lang='lat' dir='ltr'><strong>thesauris,</strong></span> <span class='ocrx_word' id='word_1_243' title='bbox 1542 1983 1676 2039; x_wconf 90' lang='lat' dir='ltr'><strong>quos</strong></span> <span class='ocrx_word' id='word_1_244' title='bbox 1704 1967 1841 2023; x_wconf 88' lang='lat' dir='ltr'><strong>infra</strong></span> <span class='ocrx_word' id='word_1_245' title='bbox 1873 1982 2147 2023; x_wconf 89' lang='lat' dir='ltr'><strong>murorum</strong></span> 
     </span>
    </p>
   </div>
   <div class='ocr_carea' id='block_1_35' title="bbox 571 2059 2148 2130">
    <p class='ocr_par' dir='ltr' id='par_1_35' title="bbox 571 2059 2148 2130">
     <span class='ocr_line' id='line_1_35' title="bbox 571 2059 2148 2130; baseline -0.003 -12"><span class='ocrx_word' id='word_1_246' title='bbox 571 2074 722 2130; x_wconf 88' lang='lat' dir='ltr'><strong>septa</strong></span> <span class='ocrx_word' id='word_1_247' title='bbox 748 2063 1107 2128; x_wconf 86' lang='lat' dir='ltr'><strong>concluserat,</strong></span> <span class='ocrx_word' id='word_1_248' title='bbox 1142 2061 1206 2115; x_wconf 89' lang='lat' dir='ltr'><strong>ad</strong></span> <span class='ocrx_word' id='word_1_249' title='bbox 1235 2062 1516 2117; x_wconf 87' lang='lat' dir='ltr'><strong>ecclesiam</strong></span> <span class='ocrx_word' id='word_1_250' title='bbox 1565 2059 1804 2130; x_wconf 75' lang='lat' dir='ltr'><strong>confugit</strong></span> <span class='ocrx_word' id='word_1_251' title='bbox 1835 2069 1860 2098; x_wconf 79' lang='grc'><strong><em>⁸</em></strong></span> <span class='ocrx_word' id='word_1_252' title='bbox 1886 2100 1902 2126; x_wconf 86' lang='grc'><em>,</em></span> <span class='ocrx_word' id='word_1_253' title='bbox 1931 2068 2092 2130; x_wconf 86' lang='lat' dir='ltr'><strong>atque</strong></span> <span class='ocrx_word' id='word_1_254' title='bbox 2119 2076 2148 2113; x_wconf 89' lang='lat' dir='ltr'><strong>a</strong></span> 
     </span>
    </p>
   </div>
   <div class='ocr_carea' id='block_1_36' title="bbox 574 2154 2147 2226">
    <p class='ocr_par' dir='ltr' id='par_1_36' title="bbox 574 2154 2147 2226">
     <span class='ocr_line' id='line_1_36' title="bbox 574 2154 2147 2226; baseline -0.001 -16"><span class='ocrx_word' id='word_1_255' title='bbox 574 2155 922 2226; x_wconf 79' lang='lat' dir='ltr'><strong>Raguemodo</strong></span> <span class='ocrx_word' id='word_1_256' title='bbox 969 2155 1179 2210; x_wconf 90' lang='lat' dir='ltr'><strong>fovetur</strong></span> <span class='ocrx_word' id='word_1_257' title='bbox 1227 2157 1481 2225; x_wconf 89' lang='lat' dir='ltr'><strong>episcopo</strong></span> <span class='ocrx_word' id='word_1_258' title='bbox 1514 2173 1526 2208; x_wconf 89' lang='lat'><strong>:</strong></span> <span class='ocrx_word' id='word_1_259' title='bbox 1561 2154 1800 2225; x_wconf 81' lang='lat' dir='ltr'><strong>reliquos</strong></span> <span class='ocrx_word' id='word_1_260' title='bbox 1841 2169 1975 2210; x_wconf 87' lang='lat' dir='ltr'><strong>vero</strong></span> <span class='ocrx_word' id='word_1_261' title='bbox 2031 2156 2147 2209; x_wconf 87' lang='lat' dir='ltr'><strong>the-</strong></span> 
     </span>
    </p>
   </div>
   <div class='ocr_carea' id='block_1_37' title="bbox 572 2245 2150 2317">
    <p class='ocr_par' dir='ltr' id='par_1_37' title="bbox 572 2245 2150 2317">
     <span class='ocr_line' id='line_1_37' title="bbox 572 2245 2150 2317; baseline -0.003 -13"><span class='ocrx_word' id='word_1_262' title='bbox 572 2263 780 2312; x_wconf 87' lang='lat' dir='ltr'><strong>sauros,</strong></span> <span class='ocrx_word' id='word_1_263' title='bbox 813 2246 903 2317; x_wconf 87' lang='lat' dir='ltr'><strong>qui</strong></span> <span class='ocrx_word' id='word_1_264' title='bbox 925 2247 1066 2316; x_wconf 86' lang='lat' dir='ltr'><strong>apud</strong></span> <span class='ocrx_word' id='word_1_265' title='bbox 1101 2247 1282 2301; x_wconf 87' lang='lat' dir='ltr'><strong>villam</strong></span> <span class='ocrx_word' id='word_1_266' title='bbox 1308 2246 1488 2301; x_wconf 90' lang='lat' dir='ltr'><strong>Calam</strong></span> <span class='ocrx_word' id='word_1_267' title='bbox 1521 2256 1912 2312; x_wconf 81' lang='lat' dir='ltr'><strong>remanserant,</strong></span> <span class='ocrx_word' id='word_1_268' title='bbox 1947 2245 2000 2299; x_wconf 87' lang='lat' dir='ltr'><strong>in</strong></span> <span class='ocrx_word' id='word_1_269' title='bbox 2031 2245 2150 2316; x_wconf 83' lang='lat' dir='ltr'><strong>qui-</strong></span> 
     </span>
    </p>
   </div>
   <div class='ocr_carea' id='block_1_38' title="bbox 569 2341 2148 2411">
    <p class='ocr_par' dir='ltr' id='par_1_38' title="bbox 569 2341 2148 2411">
     <span class='ocr_line' id='line_1_38' title="bbox 569 2341 2148 2411; baseline 0.001 -15"><span class='ocrx_word' id='word_1_270' title='bbox 569 2341 668 2396; x_wconf 86' lang='lat' dir='ltr'><strong>bus</strong></span> <span class='ocrx_word' id='word_1_271' title='bbox 699 2350 815 2397; x_wconf 90' lang='lat' dir='ltr'><strong>erat</strong></span> <span class='ocrx_word' id='word_1_272' title='bbox 843 2341 1146 2396; x_wconf 85' lang='lat' dir='ltr'><strong>missoriuni</strong></span> <span class='ocrx_word' id='word_1_273' title='bbox 1177 2341 1308 2395; x_wconf 87' lang='lat' dir='ltr'><strong>illud</strong></span> <span class='ocrx_word' id='word_1_274' title='bbox 1337 2355 1578 2407; x_wconf 87' lang='lat' dir='ltr'><strong>aureum,</strong></span> <span class='ocrx_word' id='word_1_275' title='bbox 1627 2342 1766 2411; x_wconf 92' lang='lat' dir='ltr'><strong>quod</strong></span> <span class='ocrx_word' id='word_1_276' title='bbox 1799 2356 1970 2411; x_wconf 89' lang='lat' dir='ltr'><strong>nuper</strong></span> <span class='ocrx_word' id='word_1_277' title='bbox 2005 2343 2148 2398; x_wconf 87' lang='lat' dir='ltr'><strong>fece-</strong></span> 
     </span>
    </p>
   </div>
   <div class='ocr_carea' id='block_1_39' title="bbox 566 2423 2144 2509">
    <p class='ocr_par' dir='ltr' id='par_1_39' title="bbox 566 2423 2144 2509">
     <span class='ocr_line' id='line_1_39' title="bbox 566 2423 2144 2509; baseline -0.002 -16"><span class='ocrx_word' id='word_1_278' title='bbox 566 2447 648 2493; x_wconf 86' lang='lat' dir='ltr'><strong>rat</strong></span> <span class='ocrx_word' id='word_1_279' title='bbox 679 2436 811 2509; x_wconf 80' lang='lat' dir='ltr'><strong>(lib.</strong></span> <span class='ocrx_word' id='word_1_280' title='bbox 835 2452 912 2502; x_wconf 84' lang='lat' dir='ltr'><strong>vt,</strong></span> <span class='ocrx_word' id='word_1_281' title='bbox 941 2453 1058 2504; x_wconf 86' lang='lat' dir='ltr'><strong>cap.</strong></span> <span class='ocrx_word' id='word_1_282' title='bbox 1085 2434 1124 2489; x_wconf 71' lang='grc'><strong>9.</strong></span> <span class='ocrx_word' id='word_1_283' title='bbox 1151 2435 1194 2503; x_wconf 85' lang='grc'><strong>),</strong></span> <span class='ocrx_word' id='word_1_284' title='bbox 1241 2423 1560 2490; x_wconf 70' lang='lat' dir='ltr'><strong>thesaurarii</strong></span> <span class='ocrx_word' id='word_1_285' title='bbox 1611 2436 1958 2503; x_wconf 85' lang='lat' dir='ltr'><strong>levaverunt,</strong></span> <span class='ocrx_word' id='word_1_286' title='bbox 2001 2446 2048 2490; x_wconf 89' lang='lat' dir='ltr'><strong>et</strong></span> <span class='ocrx_word' id='word_1_287' title='bbox 2081 2438 2144 2490; x_wconf 86' lang='lat' dir='ltr'><strong>ad</strong></span> 
     </span>
    </p>
   </div>
   <div class='ocr_carea' id='block_1_40' title="bbox 569 2527 2145 2599">
    <p class='ocr_par' dir='ltr' id='par_1_40' title="bbox 569 2527 2145 2599">
     <span class='ocr_line' id='line_1_40' title="bbox 569 2527 2145 2599; baseline -0.002 -13"><span class='ocrx_word' id='word_1_288' title='bbox 569 2530 965 2586; x_wconf 79' lang='lat' dir='ltr'><strong>Cbildebertum</strong></span> <span class='ocrx_word' id='word_1_289' title='bbox 1019 2545 1217 2599; x_wconf 88' lang='lat' dir='ltr'><strong>regem,</strong></span> <span class='ocrx_word' id='word_1_290' title='bbox 1273 2530 1360 2599; x_wconf 87' lang='lat' dir='ltr'><strong>qui</strong></span> <span class='ocrx_word' id='word_1_291' title='bbox 1400 2537 1527 2583; x_wconf 91' lang='lat' dir='ltr'><strong>tunc</strong></span> <span class='ocrx_word' id='word_1_292' title='bbox 1568 2529 1708 2597; x_wconf 88' lang='lat' dir='ltr'><strong>apud</strong></span> <span class='ocrx_word' id='word_1_293' title='bbox 1764 2529 2088 2583; x_wconf 77' lang='lat' dir='ltr'><strong>Meldensem</strong></span> <span class='ocrx_word' id='word_1_294' title='bbox 2117 2527 2145 2565; x_wconf 76' lang='grc' dir='ltr'>ά</span> 
     </span>
    </p>
   </div>
   <div class='ocr_carea' id='block_1_41' title="bbox 567 2621 2100 2693">
    <p class='ocr_par' dir='ltr' id='par_1_41' title="bbox 567 2621 2100 2693">
     <span class='ocr_line' id='line_1_41' title="bbox 567 2621 2100 2693; baseline -0.003 -15"><span class='ocrx_word' id='word_1_295' title='bbox 567 2623 999 2678; x_wconf 83' lang='lat' dir='ltr'><strong>commorabatur</strong></span> <span class='ocrx_word' id='word_1_296' title='bbox 1023 2622 1184 2693; x_wconf 82' lang='lat'><strong>335</strong></span> <span class='ocrx_word' id='word_1_297' title='bbox 1216 2622 1422 2685; x_wconf 89' lang='lat' dir='ltr'><strong>urbem,</strong></span> <span class='ocrx_word' id='word_1_298' title='bbox 1457 2621 1720 2676; x_wconf 80' lang='lat' dir='ltr'><strong>velociter</strong></span> <span class='ocrx_word' id='word_1_299' title='bbox 1753 2622 2100 2675; x_wconf 87' lang='lat' dir='ltr'><strong>transierunt.</strong></span> 
     </span>
    </p>
   </div>
   <div class='ocr_carea' id='block_1_42' title="bbox 639 2711 2143 2782">
    <p class='ocr_par' dir='ltr' id='par_1_42' title="bbox 639 2711 2143 2782">
     <span class='ocr_line' id='line_1_42' title="bbox 639 2711 2143 2782; baseline 0 -16"><span class='ocrx_word' id='word_1_300' title='bbox 639 2713 706 2770; x_wconf 85' lang='lat' dir='ltr'><strong>V.</strong></span> <span class='ocrx_word' id='word_1_301' title='bbox 739 2713 1105 2782; x_wconf 86' lang='lat' dir='ltr'><strong>Fredegundis</strong></span> <span class='ocrx_word' id='word_1_302' title='bbox 1137 2713 1297 2782; x_wconf 80' lang='lat' dir='ltr'><strong>igitur</strong></span> <span class='ocrx_word' id='word_1_303' title='bbox 1323 2712 1507 2781; x_wconf 87' lang='lat' dir='ltr'><strong>regina</strong></span> <span class='ocrx_word' id='word_1_304' title='bbox 1540 2719 1763 2780; x_wconf 88' lang='lat' dir='ltr'><strong>accepto</strong></span> <span class='ocrx_word' id='word_1_305' title='bbox 1791 2711 2035 2776; x_wconf 81' lang='lat' dir='ltr'><strong>censilio,</strong></span> <span class='ocrx_word' id='word_1_306' title='bbox 2069 2714 2143 2766; x_wconf 81' lang='lat' dir='ltr'><strong>le-</strong></span> 
     </span>
    </p>
   </div>
   <div class='ocr_carea' id='block_1_43' title="bbox 564 2803 2146 2876">
    <p class='ocr_par' dir='ltr' id='par_1_43' title="bbox 564 2803 2146 2876">
     <span class='ocr_line' id='line_1_43' title="bbox 564 2803 2146 2876; baseline 0.001 -18"><span class='ocrx_word' id='word_1_307' title='bbox 564 2813 721 2876; x_wconf 90' lang='lat' dir='ltr'><strong>gatos</strong></span> <span class='ocrx_word' id='word_1_308' title='bbox 743 2804 806 2858; x_wconf 84' lang='lat' dir='ltr'><strong>ad</strong></span> <span class='ocrx_word' id='word_1_309' title='bbox 836 2803 1301 2860; x_wconf 89' lang='lat' dir='ltr'><strong>Guntchramnum</strong></span> <span class='ocrx_word' id='word_1_310' title='bbox 1329 2818 1506 2874; x_wconf 81' lang='lat' dir='ltr'><strong>regem</strong></span> <span class='ocrx_word' id='word_1_311' title='bbox 1550 2805 1730 2870; x_wconf 88' lang='lat' dir='ltr'><strong>mittit,</strong></span> <span class='ocrx_word' id='word_1_312' title='bbox 1780 2805 1967 2859; x_wconf 66' lang='lat' dir='ltr'><strong>dicens</strong></span> <span class='ocrx_word' id='word_1_313' title='bbox 2002 2803 2146 2860; x_wconf 88' lang='lat' dir='ltr'><strong>:Ve-</strong></span> 
     </span>
    </p>
   </div>
   <div class='ocr_carea' id='block_1_44' title="bbox 565 2894 2141 2965">
    <p class='ocr_par' dir='ltr' id='par_1_44' title="bbox 565 2894 2141 2965">
     <span class='ocr_line' id='line_1_44' title="bbox 565 2894 2141 2965; baseline -0.003 -13"><span class='ocrx_word' id='word_1_314' title='bbox 565 2897 676 2952; x_wconf 88' lang='lat' dir='ltr'><strong>niat</strong></span> <span class='ocrx_word' id='word_1_315' title='bbox 703 2897 951 2954; x_wconf 85' lang='lat' dir='ltr'><strong>dominus</strong></span> <span class='ocrx_word' id='word_1_316' title='bbox 981 2911 1154 2962; x_wconf 88' lang='lat' dir='ltr'><strong>meus,</strong></span> <span class='ocrx_word' id='word_1_317' title='bbox 1203 2907 1257 2952; x_wconf 91' lang='lat' dir='ltr'><strong>et</strong></span> <span class='ocrx_word' id='word_1_318' title='bbox 1285 2897 1538 2965; x_wconf 79' lang='lat' dir='ltr'><strong>suscipiat</strong></span> <span class='ocrx_word' id='word_1_319' title='bbox 1569 2910 1786 2963; x_wconf 82' lang='lat' dir='ltr'><strong>regnum</strong></span> <span class='ocrx_word' id='word_1_320' title='bbox 1831 2894 2010 2951; x_wconf 86' lang='lat' dir='ltr'><strong>fratris</strong></span> <span class='ocrx_word' id='word_1_321' title='bbox 2037 2897 2141 2950; x_wconf 87' lang='lat' dir='ltr'><strong>sui.</strong></span> 
     </span>
    </p>
   </div>
   <div class='ocr_carea' id='block_1_45' title="bbox 567 2988 2146 3062">
    <p class='ocr_par' dir='ltr' id='par_1_45' title="bbox 567 2988 2146 3062">
     <span class='ocr_line' id='line_1_45' title="bbox 567 2988 2146 3062; baseline -0.003 -16"><span class='ocrx_word' id='word_1_322' title='bbox 567 2991 682 3062; x_wconf 86' lang='lat' dir='ltr'><strong>Est,</strong></span> <span class='ocrx_word' id='word_1_323' title='bbox 716 2991 906 3061; x_wconf 88' lang='lat' dir='ltr'><strong>inquit,</strong></span> <span class='ocrx_word' id='word_1_324' title='bbox 951 2991 1076 3044; x_wconf 90' lang='lat' dir='ltr'><strong>mihi</strong></span> <span class='ocrx_word' id='word_1_325' title='bbox 1127 2990 1301 3044; x_wconf 87' lang='lat' dir='ltr'><strong>iulans</strong></span> <span class='ocrx_word' id='word_1_326' title='bbox 1332 2991 1600 3059; x_wconf 87' lang='lat' dir='ltr'><strong>parvulus,</strong></span> <span class='ocrx_word' id='word_1_327' title='bbox 1632 3004 1790 3059; x_wconf 88' lang='lat' dir='ltr'><strong>quem</strong></span> <span class='ocrx_word' id='word_1_328' title='bbox 1838 2989 1888 3042; x_wconf 88' lang='lat' dir='ltr'><strong>in</strong></span> <span class='ocrx_word' id='word_1_329' title='bbox 1921 2988 2034 3059; x_wconf 72' lang='lat' dir='ltr'><strong>t-jus</strong></span> <span class='ocrx_word' id='word_1_330' title='bbox 2065 2989 2146 3042; x_wconf 90' lang='lat' dir='ltr'><strong>ul-</strong></span> 
     </span>
    </p>
   </div>
   <div class='ocr_carea' id='block_1_46' title="bbox 567 3079 2143 3154">
    <p class='ocr_par' dir='ltr' id='par_1_46' title="bbox 567 3079 2143 3154">
     <span class='ocr_line' id='line_1_46' title="bbox 567 3079 2143 3154; baseline -0.003 -14"><span class='ocrx_word' id='word_1_331' title='bbox 567 3087 650 3141; x_wconf 86' lang='lat' dir='ltr'><strong>nis</strong></span> <span class='ocrx_word' id='word_1_332' title='bbox 674 3098 872 3154; x_wconf 88' lang='lat' dir='ltr'><strong>ponere</strong></span> <span class='ocrx_word' id='word_1_333' title='bbox 897 3083 1233 3147; x_wconf 84' lang='lat' dir='ltr'><strong>desiderans,</strong></span> <span class='ocrx_word' id='word_1_334' title='bbox 1257 3096 1342 3136; x_wconf 92' lang='lat' dir='ltr'><strong>me</strong></span> <span class='ocrx_word' id='word_1_335' title='bbox 1370 3090 1548 3136; x_wconf 88' lang='lat' dir='ltr'><strong>autem</strong></span> <span class='ocrx_word' id='word_1_336' title='bbox 1576 3082 1746 3150; x_wconf 87' lang='lat' dir='ltr'><strong>ipsam</strong></span> <span class='ocrx_word' id='word_1_337' title='bbox 1778 3081 1894 3150; x_wconf 84' lang='lat' dir='ltr'><strong>ejus</strong></span> <span class='ocrx_word' id='word_1_338' title='bbox 1923 3079 2143 3136; x_wconf 73' lang='lat' dir='ltr'><strong>ltunailio</strong></span> 
     </span>
    </p>
   </div>
   <div class='ocr_carea' id='block_1_47' title="bbox 563 3171 2141 3243">
    <p class='ocr_par' dir='ltr' id='par_1_47' title="bbox 563 3171 2141 3243">
     <span class='ocr_line' id='line_1_47' title="bbox 563 3171 2141 3243; baseline -0.004 -11"><span class='ocrx_word' id='word_1_339' title='bbox 563 3177 773 3232; x_wconf 90' lang='lat' dir='ltr'><strong>ditioni.</strong></span> <span class='ocrx_word' id='word_1_340' title='bbox 804 3175 1092 3243; x_wconf 88' lang='lat' dir='ltr'><strong>Comperto</strong></span> <span class='ocrx_word' id='word_1_341' title='bbox 1121 3184 1297 3227; x_wconf 88' lang='lat' dir='ltr'><strong>autem</strong></span> <span class='ocrx_word' id='word_1_342' title='bbox 1333 3173 1768 3228; x_wconf 88' lang='lat' dir='ltr'><strong>Guntchramnus</strong></span> <span class='ocrx_word' id='word_1_343' title='bbox 1814 3188 1911 3226; x_wconf 83' lang='lat' dir='ltr'><strong>rex</strong></span> <span class='ocrx_word' id='word_1_344' title='bbox 1941 3173 2006 3226; x_wconf 90' lang='lat' dir='ltr'><strong>de</strong></span> <span class='ocrx_word' id='word_1_345' title='bbox 2032 3171 2141 3226; x_wconf 85' lang='lat' dir='ltr'><strong>fra-</strong></span> 
     </span>
    </p>
   </div>
   <div class='ocr_carea' id='block_1_48' title="bbox 2255 1963 3844 2034">
    <p class='ocr_par' dir='ltr' id='par_1_48' title="bbox 2255 1963 3844 2034">
     <span class='ocr_line' id='line_1_48' title="bbox 2255 1963 3844 2034; baseline 0.001 -16"><span class='ocrx_word' id='word_1_346' title='bbox 2255 1964 2334 2018; x_wconf 90' lang='lat' dir='ltr'><strong>illi</strong></span> <span class='ocrx_word' id='word_1_347' title='bbox 2358 1963 2512 2034; x_wconf 81' lang='lat' dir='ltr'><strong>juxta</strong></span> <span class='ocrx_word' id='word_1_348' title='bbox 2563 1963 2656 2019; x_wconf 88' lang='lat' dir='ltr'><strong>Dei</strong></span> <span class='ocrx_word' id='word_1_349' title='bbox 2683 1963 2943 2033; x_wconf 90' lang='lat' dir='ltr'><strong>judicium</strong></span> <span class='ocrx_word' id='word_1_350' title='bbox 2988 1973 3046 2020; x_wconf 91' lang='lat' dir='ltr'><strong>et</strong></span> <span class='ocrx_word' id='word_1_351' title='bbox 3083 1963 3489 2020; x_wconf 90' lang='lat' dir='ltr'><strong>maledictiones</strong></span> <span class='ocrx_word' id='word_1_352' title='bbox 3533 1964 3844 2034; x_wconf 82' lang='lat' dir='ltr'><strong>pactiouutn</strong></span> 
     </span>
    </p>
   </div>
   <div class='ocr_carea' id='block_1_49' title="bbox 2253 2059 3850 2132">
    <p class='ocr_par' dir='ltr' id='par_1_49' title="bbox 2253 2059 3850 2132">
     <span class='ocr_line' id='line_1_49' title="bbox 2253 2059 3850 2132; baseline 0.001 -17"><span class='ocrx_word' id='word_1_353' title='bbox 2253 2061 2594 2129; x_wconf 81' lang='lat' dir='ltr'><strong>defecerunt,</strong></span> <span class='ocrx_word' id='word_1_354' title='bbox 2641 2076 2804 2117; x_wconf 82' lang='lat' dir='ltr'><strong>omne</strong></span> <span class='ocrx_word' id='word_1_355' title='bbox 2829 2076 3053 2132; x_wconf 84' lang='lat' dir='ltr'><strong>regnum</strong></span> <span class='ocrx_word' id='word_1_356' title='bbox 3081 2059 3384 2116; x_wconf 80' lang='lat' dir='ltr'><strong>Chariberti</strong></span> <span class='ocrx_word' id='word_1_357' title='bbox 3424 2077 3544 2115; x_wconf 89' lang='lat' dir='ltr'><strong>cum</strong></span> <span class='ocrx_word' id='word_1_358' title='bbox 3578 2061 3850 2117; x_wconf 82' lang='lat' dir='ltr'><strong>thesauris</strong></span> 
     </span>
    </p>
   </div>
   <div class='ocr_carea' id='block_1_50' title="bbox 2253 2152 3845 2224">
    <p class='ocr_par' dir='ltr' id='par_1_50' title="bbox 2253 2152 3845 2224">
     <span class='ocr_line' id='line_1_50' title="bbox 2253 2152 3845 2224; baseline -0.001 -15"><span class='ocrx_word' id='word_1_359' title='bbox 2253 2153 2390 2224; x_wconf 85' lang='lat' dir='ltr'><strong>ejus,</strong></span> <span class='ocrx_word' id='word_1_360' title='bbox 2444 2155 2576 2209; x_wconf 87' lang='lat' dir='ltr'><strong>meis</strong></span> <span class='ocrx_word' id='word_1_361' title='bbox 2620 2154 2933 2220; x_wconf 88' lang='lat' dir='ltr'><strong>ditionibus,</strong></span> <span class='ocrx_word' id='word_1_362' title='bbox 2987 2154 3102 2224; x_wconf 84' lang='lat' dir='ltr'><strong>lege</strong></span> <span class='ocrx_word' id='word_1_363' title='bbox 3142 2152 3461 2223; x_wconf 82' lang='lat' dir='ltr'><strong>opitulante,</strong></span> <span class='ocrx_word' id='word_1_364' title='bbox 3508 2153 3845 2222; x_wconf 84' lang='lat' dir='ltr'><strong>subjiciam:</strong></span> 
     </span>
    </p>
   </div>
   <div class='ocr_carea' id='block_1_51' title="bbox 2251 2245 3843 2315">
    <p class='ocr_par' dir='ltr' id='par_1_51' title="bbox 2251 2245 3843 2315">
     <span class='ocr_line' id='line_1_51' title="bbox 2251 2245 3843 2315; baseline 0.001 -15"><span class='ocrx_word' id='word_1_365' title='bbox 2251 2262 2355 2300; x_wconf 87' lang='lat' dir='ltr'><strong>nec</strong></span> <span class='ocrx_word' id='word_1_366' title='bbox 2389 2246 2583 2300; x_wconf 81' lang='lat' dir='ltr'><strong>exinde</strong></span> <span class='ocrx_word' id='word_1_367' title='bbox 2604 2245 2763 2299; x_wconf 87' lang='lat' dir='ltr'><strong>alicui</strong></span> <span class='ocrx_word' id='word_1_368' title='bbox 2786 2246 3076 2315; x_wconf 86' lang='lat' dir='ltr'><strong>quidquam</strong></span> <span class='ocrx_word' id='word_1_369' title='bbox 3107 2246 3206 2299; x_wconf 87' lang='lat' dir='ltr'><strong>nisi</strong></span> <span class='ocrx_word' id='word_1_370' title='bbox 3235 2254 3531 2315; x_wconf 74' lang='lat' dir='ltr'><strong>spontaneo</strong></span> <span class='ocrx_word' id='word_1_371' title='bbox 3563 2246 3843 2301; x_wconf 85' lang='lat' dir='ltr'><strong>voluntate</strong></span> 
     </span>
    </p>
   </div>
   <div class='ocr_carea' id='block_1_52' title="bbox 2251 2335 3845 2408">
    <p class='ocr_par' dir='ltr' id='par_1_52' title="bbox 2251 2335 3845 2408">
     <span class='ocr_line' id='line_1_52' title="bbox 2251 2335 3845 2408; baseline 0.004 -18"><span class='ocrx_word' id='word_1_372' title='bbox 2251 2335 2580 2406; x_wconf 88' lang='lat' dir='ltr'><strong>indulgeam.</strong></span> <span class='ocrx_word' id='word_1_373' title='bbox 2631 2335 2888 2392; x_wconf 78' lang='lat' dir='ltr'><strong>Absistite</strong></span> <span class='ocrx_word' id='word_1_374' title='bbox 2917 2337 3079 2406; x_wconf 88' lang='lat' dir='ltr'><strong>igitur</strong></span> <span class='ocrx_word' id='word_1_375' title='bbox 3106 2352 3204 2392; x_wconf 84' lang='lat' dir='ltr'><strong>vos</strong></span> <span class='ocrx_word' id='word_1_376' title='bbox 3233 2352 3449 2408; x_wconf 78' lang='lat' dir='ltr'><strong>semper</strong></span> <span class='ocrx_word' id='word_1_377' title='bbox 3473 2338 3768 2396; x_wconf 78' lang='lat' dir='ltr'><strong>mendaces</strong></span> <span class='ocrx_word' id='word_1_378' title='bbox 3786 2353 3845 2396; x_wconf 76' lang='lat' dir='ltr'><strong>ac</strong></span> 
     </span>
    </p>
   </div>
   <div class='ocr_carea' id='block_1_53' title="bbox 2250 2427 3299 2499">
    <p class='ocr_par' dir='ltr' id='par_1_53' title="bbox 2250 2427 3299 2499">
     <span class='ocr_line' id='line_1_53' title="bbox 2250 2427 3299 2499; baseline -0.002 -15"><span class='ocrx_word' id='word_1_379' title='bbox 2250 2429 2462 2498; x_wconf 87' lang='lat' dir='ltr'><strong>perfidi,</strong></span> <span class='ocrx_word' id='word_1_380' title='bbox 2491 2439 2548 2483; x_wconf 92' lang='lat' dir='ltr'><strong>et</strong></span> <span class='ocrx_word' id='word_1_381' title='bbox 2577 2429 2692 2482; x_wconf 81' lang='lat' dir='ltr'><strong>haec</strong></span> <span class='ocrx_word' id='word_1_382' title='bbox 2720 2431 2829 2499; x_wconf 90' lang='lat' dir='ltr'><strong>regi</strong></span> <span class='ocrx_word' id='word_1_383' title='bbox 2862 2439 3041 2484; x_wconf 85' lang='lat' dir='ltr'><strong>vestro</strong></span> <span class='ocrx_word' id='word_1_384' title='bbox 3081 2427 3299 2484; x_wconf 88' lang='lat' dir='ltr'><strong>referte.</strong></span> 
     </span>
    </p>
   </div>
   <div class='ocr_carea' id='block_1_54' title="bbox 2324 2520 3842 2591">
    <p class='ocr_par' dir='ltr' id='par_1_54' title="bbox 2324 2520 3842 2591">
     <span class='ocr_line' id='line_1_54' title="bbox 2324 2520 3842 2591; baseline 0.002 -16"><span class='ocrx_word' id='word_1_385' title='bbox 2324 2522 2438 2575; x_wconf 92' lang='lat' dir='ltr'><strong>Vll.</strong></span> <span class='ocrx_word' id='word_1_386' title='bbox 2471 2522 2678 2588; x_wconf 87' lang='lat' dir='ltr'><strong>Quibus</strong></span> <span class='ocrx_word' id='word_1_387' title='bbox 2709 2521 3144 2591; x_wconf 77' lang='lat' dir='ltr'><strong>discedentibus,</strong></span> <span class='ocrx_word' id='word_1_388' title='bbox 3190 2523 3351 2589; x_wconf 78' lang='lat' dir='ltr'><strong>legati</strong></span> <span class='ocrx_word' id='word_1_389' title='bbox 3392 2530 3588 2577; x_wconf 78' lang='lat' dir='ltr'><strong>iterum</strong></span> <span class='ocrx_word' id='word_1_390' title='bbox 3621 2520 3842 2578; x_wconf 81' lang='lat' dir='ltr'><strong>Cbilde-</strong></span> 
     </span>
    </p>
   </div>
   <div class='ocr_carea' id='block_1_55' title="bbox 2249 2594 3839 2684">
    <p class='ocr_par' dir='ltr' id='par_1_55' title="bbox 2249 2594 3839 2684">
     <span class='ocr_line' id='line_1_55' title="bbox 2249 2594 3839 2684; baseline 0 -12"><span class='ocrx_word' id='word_1_391' title='bbox 2249 2617 2387 2672; x_wconf 89' lang='lat' dir='ltr'><strong>berti</strong></span> <span class='ocrx_word' id='word_1_392' title='bbox 2428 2616 2493 2670; x_wconf 88' lang='lat' dir='ltr'><strong>ad</strong></span> <span class='ocrx_word' id='word_1_393' title='bbox 2537 2617 2865 2670; x_wconf 86' lang='lat' dir='ltr'><strong>antedictum</strong></span> <span class='ocrx_word' id='word_1_394' title='bbox 2916 2632 3093 2684; x_wconf 84' lang='lat' dir='ltr'><strong>regem</strong></span> <span class='ocrx_word' id='word_1_395' title='bbox 3137 2615 3375 2682; x_wconf 81' lang='lat' dir='ltr'><strong>veniunt,</strong></span> <span class='ocrx_word' id='word_1_396' title='bbox 3430 2594 3839 2683; x_wconf 67' lang='lat' dir='ltr'><strong>Fredegundetu</strong></span> 
     </span>
    </p>
   </div>
   <div class='ocr_carea' id='block_1_56' title="bbox 2259 2707 3838 2778">
    <p class='ocr_par' dir='ltr' id='par_1_56' title="bbox 2259 2707 3838 2778">
     <span class='ocr_line' id='line_1_56' title="bbox 2259 2707 3838 2778; baseline 0.002 -19"><span class='ocrx_word' id='word_1_397' title='bbox 2259 2707 2498 2776; x_wconf 82' lang='lat' dir='ltr'><strong>reginam</strong></span> <span class='ocrx_word' id='word_1_398' title='bbox 2532 2709 2888 2778; x_wconf 87' lang='lat' dir='ltr'><strong>requirentes,</strong></span> <span class='ocrx_word' id='word_1_399' title='bbox 2937 2715 3096 2777; x_wconf 90' lang='lat' dir='ltr'><strong>atque</strong></span> <span class='ocrx_word' id='word_1_400' title='bbox 3123 2709 3364 2764; x_wconf 88' lang='lat' dir='ltr'><strong>dicentes</strong></span> <span class='ocrx_word' id='word_1_401' title='bbox 3393 2725 3406 2762; x_wconf 89' lang='lat'><strong>:</strong></span> <span class='ocrx_word' id='word_1_402' title='bbox 3440 2707 3630 2765; x_wconf 81' lang='lat' dir='ltr'><strong>Redde</strong></span> <span class='ocrx_word' id='word_1_403' title='bbox 3674 2708 3838 2763; x_wconf 82' lang='lat' dir='ltr'><strong>homi-</strong></span> 
     </span>
    </p>
   </div>
   <div class='ocr_carea' id='block_1_57' title="bbox 2248 2799 3837 2871">
    <p class='ocr_par' dir='ltr' id='par_1_57' title="bbox 2248 2799 3837 2871">
     <span class='ocr_line' id='line_1_57' title="bbox 2248 2799 3837 2871; baseline 0.003 -17"><span class='ocrx_word' id='word_1_404' title='bbox 2248 2799 2446 2866; x_wconf 89' lang='lat' dir='ltr'><strong>cidam,</strong></span> <span class='ocrx_word' id='word_1_405' title='bbox 2478 2817 2597 2870; x_wconf 80' lang='lat' dir='ltr'><strong>qua-</strong></span> <span class='ocrx_word' id='word_1_406' title='bbox 2628 2802 2846 2855; x_wconf 83' lang='lat' dir='ltr'><strong>amitam</strong></span> <span class='ocrx_word' id='word_1_407' title='bbox 2895 2816 3070 2856; x_wconf 85' lang='lat' dir='ltr'><strong>meam</strong></span> <span class='ocrx_word' id='word_1_408' title='bbox 3100 2802 3426 2870; x_wconf 85' lang='lat' dir='ltr'><strong>suggillavit,</strong></span> <span class='ocrx_word' id='word_1_409' title='bbox 3471 2816 3590 2871; x_wconf 65' lang='lat' dir='ltr'><strong>qua</strong></span> <span class='ocrx_word' id='word_1_410' title='bbox 3631 2812 3837 2870; x_wconf 82' lang='lat' dir='ltr'><strong>patrem</strong></span> 
     </span>
    </p>
   </div>
   <div class='ocr_carea' id='block_1_58' title="bbox 2251 2893 3837 2964">
    <p class='ocr_par' dir='ltr' id='par_1_58' title="bbox 2251 2893 3837 2964">
     <span class='ocr_line' id='line_1_58' title="bbox 2251 2893 3837 2964; baseline 0.001 -17"><span class='ocrx_word' id='word_1_411' title='bbox 2251 2893 2544 2963; x_wconf 83' lang='lat' dir='ltr'><strong>interfecit,</strong></span> <span class='ocrx_word' id='word_1_412' title='bbox 2578 2905 2631 2949; x_wconf 91' lang='lat' dir='ltr'><strong>et</strong></span> <span class='ocrx_word' id='word_1_413' title='bbox 2661 2904 2905 2962; x_wconf 87' lang='lat' dir='ltr'><strong>patruum</strong></span> <span class='ocrx_word' id='word_1_414' title='bbox 2935 2913 2946 2948; x_wconf 92' lang='lat'>:</span> <span class='ocrx_word' id='word_1_415' title='bbox 2982 2909 3101 2964; x_wconf 67' lang='lat' dir='ltr'><strong>quae</strong></span> <span class='ocrx_word' id='word_1_416' title='bbox 3145 2897 3288 2963; x_wconf 87' lang='lat' dir='ltr'><strong>ipsos</strong></span> <span class='ocrx_word' id='word_1_417' title='bbox 3325 2909 3538 2964; x_wconf 81' lang='lat' dir='ltr'><strong>quoque</strong></span> <span class='ocrx_word' id='word_1_418' title='bbox 3558 2895 3837 2950; x_wconf 85' lang='lat' dir='ltr'><strong>consobri-</strong></span> 
     </span>
    </p>
   </div>
   <div class='ocr_carea' id='block_1_59' title="bbox 2249 2987 3839 3057">
    <p class='ocr_par' dir='ltr' id='par_1_59' title="bbox 2249 2987 3839 3057">
     <span class='ocr_line' id='line_1_59' title="bbox 2249 2987 3839 3057; baseline 0 -17"><span class='ocrx_word' id='word_1_419' title='bbox 2249 3003 2348 3041; x_wconf 85' lang='lat' dir='ltr'><strong>nos</strong></span> <span class='ocrx_word' id='word_1_420' title='bbox 2378 3003 2527 3040; x_wconf 84' lang='lat' dir='ltr'><strong>meus</strong></span> <span class='ocrx_word' id='word_1_421' title='bbox 2553 2987 2732 3057; x_wconf 89' lang='lat' dir='ltr'><strong>gladio</strong></span> <span class='ocrx_word' id='word_1_422' title='bbox 2767 2989 3044 3043; x_wconf 87' lang='lat' dir='ltr'><strong>interemit</strong></span> <span class='ocrx_word' id='word_1_423' title='bbox 3071 2997 3120 3042; x_wconf 73' lang='grc' dir='ltr'><strong>ι.</strong></span> <span class='ocrx_word' id='word_1_424' title='bbox 3154 2989 3224 3042; x_wconf 80' lang='lat' dir='ltr'><strong>At</strong></span> <span class='ocrx_word' id='word_1_425' title='bbox 3255 2987 3349 3041; x_wconf 89' lang='lat' dir='ltr'><strong>ille</strong></span> <span class='ocrx_word' id='word_1_426' title='bbox 3383 3004 3396 3041; x_wconf 92' lang='lat'><strong>:</strong></span> <span class='ocrx_word' id='word_1_427' title='bbox 3430 2989 3484 3044; x_wconf 84' lang='lat' dir='ltr'><strong>lu</strong></span> <span class='ocrx_word' id='word_1_428' title='bbox 3512 2988 3735 3056; x_wconf 74' lang='lat' dir='ltr'><strong>placito,</strong></span> <span class='ocrx_word' id='word_1_429' title='bbox 3761 2990 3839 3041; x_wconf 87' lang='lat' dir='ltr'><strong>in-</strong></span> 
     </span>
    </p>
   </div>
   <div class='ocr_carea' id='block_1_60' title="bbox 2247 3078 3839 3150">
    <p class='ocr_par' dir='ltr' id='par_1_60' title="bbox 2247 3078 3839 3150">
     <span class='ocr_line' id='line_1_60' title="bbox 2247 3078 3839 3150; baseline 0.001 -18"><span class='ocrx_word' id='word_1_430' title='bbox 2247 3082 2386 3150; x_wconf 85' lang='lat' dir='ltr'><strong>quit.</strong></span> <span class='ocrx_word' id='word_1_431' title='bbox 2419 3080 2562 3149; x_wconf 90' lang='lat' dir='ltr'><strong>quod</strong></span> <span class='ocrx_word' id='word_1_432' title='bbox 2594 3081 2869 3144; x_wconf 81' lang='lat' dir='ltr'><strong>habemus,</strong></span> <span class='ocrx_word' id='word_1_433' title='bbox 2916 3090 3106 3135; x_wconf 90' lang='lat' dir='ltr'><strong>cuncta</strong></span> <span class='ocrx_word' id='word_1_434' title='bbox 3135 3078 3496 3143; x_wconf 85' lang='lat' dir='ltr'><strong>decernimus,</strong></span> <span class='ocrx_word' id='word_1_435' title='bbox 3542 3088 3839 3134; x_wconf 83' lang='lat' dir='ltr'><strong>tractantes</strong></span> 
     </span>
    </p>
   </div>
   <div class='ocr_carea' id='block_1_61' title="bbox 2247 3168 3836 3240">
    <p class='ocr_par' dir='ltr' id='par_1_61' title="bbox 2247 3168 3836 3240">
     <span class='ocr_line' id='line_1_61' title="bbox 2247 3168 3836 3240; baseline 0 -16"><span class='ocrx_word' id='word_1_436' title='bbox 2247 3169 2371 3240; x_wconf 90' lang='lat' dir='ltr'><strong>quid</strong></span> <span class='ocrx_word' id='word_1_437' title='bbox 2415 3180 2658 3238; x_wconf 83' lang='lat' dir='ltr'><strong>Oporteat</strong></span> <span class='ocrx_word' id='word_1_438' title='bbox 2707 3170 2843 3225; x_wconf 85' lang='lat' dir='ltr'><strong>fieri.</strong></span> <span class='ocrx_word' id='word_1_439' title='bbox 2903 3168 3035 3224; x_wconf 83' lang='lat' dir='ltr'><strong>Nam</strong></span> <span class='ocrx_word' id='word_1_440' title='bbox 3079 3169 3482 3239; x_wconf 79' lang='lat' dir='ltr'><strong>Frcdegundem</strong></span> <span class='ocrx_word' id='word_1_441' title='bbox 3536 3171 3836 3236; x_wconf 74' lang='lat' dir='ltr'><strong>patrocinio</strong></span> 
     </span>
    </p>
   </div>
   <div class='ocr_carea' id='block_1_62' title="bbox 562 3252 3834 3334">
    <p class='ocr_par' dir='ltr' id='par_1_62' title="bbox 562 3252 3834 3334">
     <span class='ocr_line' id='line_1_62' title="bbox 562 3252 3834 3334; baseline -0.003 -8"><span class='ocrx_word' id='word_1_442' title='bbox 562 3273 658 3326; x_wconf 89' lang='lat' dir='ltr'><strong>tris</strong></span> <span class='ocrx_word' id='word_1_443' title='bbox 697 3283 946 3334; x_wconf 77' lang='lat' dir='ltr'><strong>excessu,</strong></span> <span class='ocrx_word' id='word_1_444' title='bbox 1000 3266 1339 3320; x_wconf 87' lang='lat' dir='ltr'><strong>amarissime</strong></span> <span class='ocrx_word' id='word_1_445' title='bbox 1389 3265 1554 3320; x_wconf 75' lang='lat' dir='ltr'><strong>ﬂevit.</strong></span> <span class='ocrx_word' id='word_1_446' title='bbox 1603 3265 1876 3319; x_wconf 81' lang='lat' dir='ltr'><strong>Moderato</strong></span> <span class='ocrx_word' id='word_1_447' title='bbox 1927 3279 2138 3333; x_wconf 88' lang='lat' dir='ltr'><strong>quoque</strong></span> <span class='ocrx_word' id='word_1_448' title='bbox 2167 3252 2216 3316; x_wconf 90' lang='lat' dir='ltr'><strong>C</strong></span> <span class='ocrx_word' id='word_1_449' title='bbox 2245 3280 2346 3318; x_wconf 89' lang='lat' dir='ltr'><strong>suo</strong></span> <span class='ocrx_word' id='word_1_450' title='bbox 2389 3267 2624 3328; x_wconf 73' lang='lat' dir='ltr'><strong>fovebat,</strong></span> <span class='ocrx_word' id='word_1_451' title='bbox 2671 3263 2950 3334; x_wconf 78' lang='lat' dir='ltr'><strong>ipsamque</strong></span> <span class='ocrx_word' id='word_1_452' title='bbox 2994 3263 3189 3332; x_wconf 65' lang='lat' dir='ltr'><strong>saepius</strong></span> <span class='ocrx_word' id='word_1_453' title='bbox 3235 3263 3301 3318; x_wconf 87' lang='lat' dir='ltr'><strong>ad</strong></span> <span class='ocrx_word' id='word_1_454' title='bbox 3349 3263 3659 3318; x_wconf 85' lang='lat' dir='ltr'><strong>cenvivium</strong></span> <span class='ocrx_word' id='word_1_455' title='bbox 3708 3279 3834 3319; x_wconf 73' lang='lat' dir='ltr'><strong>evo-</strong></span> 
     </span>
    </p>
   </div>
   <div class='ocr_carea' id='block_1_63' title="bbox 558 3356 2139 3431">
    <p class='ocr_par' dir='ltr' id='par_1_63' title="bbox 558 3356 2139 3431">
     <span class='ocr_line' id='line_1_63' title="bbox 558 3356 2139 3431; baseline -0.003 -17"><span class='ocrx_word' id='word_1_456' title='bbox 558 3362 797 3431; x_wconf 85' lang='lat' dir='ltr'><strong>planctu,</strong></span> <span class='ocrx_word' id='word_1_457' title='bbox 822 3367 1090 3414; x_wconf 88' lang='lat' dir='ltr'><strong>commoto</strong></span> <span class='ocrx_word' id='word_1_458' title='bbox 1117 3358 1360 3412; x_wconf 77' lang='lat' dir='ltr'><strong>exercitu</strong></span> <span class='ocrx_word' id='word_1_459' title='bbox 1408 3357 1642 3411; x_wconf 81' lang='lat' dir='ltr'><strong>Parisios</strong></span> <span class='ocrx_word' id='word_1_460' title='bbox 1671 3357 1867 3425; x_wconf 86' lang='lat' dir='ltr'><strong>dirigit.</strong></span> <span class='ocrx_word' id='word_1_461' title='bbox 1899 3356 2139 3426; x_wconf 87' lang='lat' dir='ltr'><strong>Cumque</strong></span> 
     </span>
    </p>
   </div>
   <div class='ocr_carea' id='block_1_64' title="bbox 560 3447 2134 3518">
    <p class='ocr_par' dir='ltr' id='par_1_64' title="bbox 560 3447 2134 3518">
     <span class='ocr_line' id='line_1_64' title="bbox 560 3447 2134 3518; baseline -0.001 -13"><span class='ocrx_word' id='word_1_462' title='bbox 560 3451 654 3505; x_wconf 89' lang='lat' dir='ltr'><strong>ille</strong></span> <span class='ocrx_word' id='word_1_463' title='bbox 683 3450 819 3504; x_wconf 74' lang='lat' dir='ltr'><strong>infra</strong></span> <span class='ocrx_word' id='word_1_464' title='bbox 856 3464 1040 3504; x_wconf 89' lang='lat' dir='ltr'><strong>muros</strong></span> <span class='ocrx_word' id='word_1_465' title='bbox 1069 3459 1354 3518; x_wconf 89' lang='lat' dir='ltr'><strong>susceptus</strong></span> <span class='ocrx_word' id='word_1_466' title='bbox 1400 3447 1610 3514; x_wconf 85' lang='lat' dir='ltr'><strong>fuisset,</strong></span> <span class='ocrx_word' id='word_1_467' title='bbox 1645 3448 2018 3503; x_wconf 79' lang='lat' dir='ltr'><strong>Childebertus</strong></span> <span class='ocrx_word' id='word_1_468' title='bbox 2043 3463 2134 3505; x_wconf 82' lang='lat' dir='ltr'><strong>rex</strong></span> 
     </span>
    </p>
   </div>
   <div class='ocr_carea' id='block_1_65' title="bbox 561 3540 1542 3609">
    <p class='ocr_par' dir='ltr' id='par_1_65' title="bbox 561 3540 1542 3609">
     <span class='ocr_line' id='line_1_65' title="bbox 561 3540 1542 3609; baseline 0 -14"><span class='ocrx_word' id='word_1_469' title='bbox 561 3556 729 3609; x_wconf 89' lang='lat' dir='ltr'><strong>nepos</strong></span> <span class='ocrx_word' id='word_1_470' title='bbox 756 3541 872 3608; x_wconf 85' lang='lat' dir='ltr'><strong>ejus</strong></span> <span class='ocrx_word' id='word_1_471' title='bbox 900 3540 968 3593; x_wconf 88' lang='lat' dir='ltr'><strong>ab</strong></span> <span class='ocrx_word' id='word_1_472' title='bbox 994 3541 1096 3594; x_wconf 89' lang='lat' dir='ltr'><strong>alia</strong></span> <span class='ocrx_word' id='word_1_473' title='bbox 1129 3540 1341 3594; x_wconf 84' lang='lat' dir='ltr'><strong>advenit</strong></span> <span class='ocrx_word' id='word_1_474' title='bbox 1372 3550 1542 3609; x_wconf 92' lang='lat' dir='ltr'><strong>parte.</strong></span> 
     </span>
    </p>
   </div>
   <div class='ocr_carea' id='block_1_66' title="bbox 633 3633 2136 3706">
    <p class='ocr_par' dir='ltr' id='par_1_66' title="bbox 633 3633 2136 3706">
     <span class='ocr_line' id='line_1_66' title="bbox 633 3633 2136 3706; baseline -0.003 -14"><span class='ocrx_word' id='word_1_475' title='bbox 633 3635 720 3692; x_wconf 76' lang='lat' dir='ltr'><strong>Vl.</strong></span> <span class='ocrx_word' id='word_1_476' title='bbox 751 3634 857 3690; x_wconf 91' lang='lat' dir='ltr'><strong>Sed</strong></span> <span class='ocrx_word' id='word_1_477' title='bbox 887 3650 1007 3689; x_wconf 90' lang='lat' dir='ltr'><strong>cum</strong></span> <span class='ocrx_word' id='word_1_478' title='bbox 1030 3649 1152 3690; x_wconf 90' lang='lat' dir='ltr'><strong>eum</strong></span> <span class='ocrx_word' id='word_1_479' title='bbox 1185 3635 1439 3690; x_wconf 82' lang='lat' dir='ltr'><strong>Parisiaci</strong></span> <span class='ocrx_word' id='word_1_480' title='bbox 1471 3634 1707 3704; x_wconf 89' lang='lat' dir='ltr'><strong>recipere</strong></span> <span class='ocrx_word' id='word_1_481' title='bbox 1739 3635 1960 3703; x_wconf 89' lang='lat' dir='ltr'><strong>nollent,</strong></span> <span class='ocrx_word' id='word_1_482' title='bbox 1996 3633 2136 3706; x_wconf 76' lang='lat' dir='ltr'><strong>lega-</strong></span> 
     </span>
    </p>
   </div>
   <div class='ocr_carea' id='block_1_67' title="bbox 562 3724 2131 3797">
    <p class='ocr_par' dir='ltr' id='par_1_67' title="bbox 562 3724 2131 3797">
     <span class='ocr_line' id='line_1_67' title="bbox 562 3724 2131 3797; baseline -0.003 -15"><span class='ocrx_word' id='word_1_483' title='bbox 562 3738 642 3783; x_wconf 91' lang='lat' dir='ltr'><strong>tos</strong></span> <span class='ocrx_word' id='word_1_484' title='bbox 674 3727 750 3782; x_wconf 80' lang='lat' dir='ltr'><strong>ad</strong></span> <span class='ocrx_word' id='word_1_485' title='bbox 771 3725 1233 3783; x_wconf 88' lang='lat' dir='ltr'><strong>Cuutchramnum</strong></span> <span class='ocrx_word' id='word_1_486' title='bbox 1278 3741 1457 3797; x_wconf 88' lang='lat' dir='ltr'><strong>regem</strong></span> <span class='ocrx_word' id='word_1_487' title='bbox 1490 3726 1689 3796; x_wconf 77' lang='lat' dir='ltr'><strong>dirigit,</strong></span> <span class='ocrx_word' id='word_1_488' title='bbox 1735 3726 1953 3782; x_wconf 78' lang='lat' dir='ltr'><strong>dicens:</strong></span> <span class='ocrx_word' id='word_1_489' title='bbox 1987 3724 2131 3793; x_wconf 88' lang='lat' dir='ltr'><strong>Scio,</strong></span> 
     </span>
    </p>
   </div>
   <div class='ocr_carea' id='block_1_68' title="bbox 558 3817 2134 3892">
    <p class='ocr_par' dir='ltr' id='par_1_68' title="bbox 558 3817 2134 3892">
     <span class='ocr_line' id='line_1_68' title="bbox 558 3817 2134 3892; baseline -0.003 -16"><span class='ocrx_word' id='word_1_490' title='bbox 558 3821 796 3892; x_wconf 86' lang='lat' dir='ltr'><strong>piissime</strong></span> <span class='ocrx_word' id='word_1_491' title='bbox 837 3829 1009 3890; x_wconf 89' lang='lat' dir='ltr'><strong>pater,</strong></span> <span class='ocrx_word' id='word_1_492' title='bbox 1041 3836 1146 3874; x_wconf 91' lang='lat' dir='ltr'><strong>non</strong></span> <span class='ocrx_word' id='word_1_493' title='bbox 1202 3821 1368 3875; x_wconf 81' lang='lat' dir='ltr'><strong>latere</strong></span> <span class='ocrx_word' id='word_1_494' title='bbox 1411 3820 1660 3890; x_wconf 84' lang='lat' dir='ltr'><strong>pietatem</strong></span> <span class='ocrx_word' id='word_1_495' title='bbox 1695 3830 1857 3882; x_wconf 89' lang='lat' dir='ltr'><strong>tuam,</strong></span> <span class='ocrx_word' id='word_1_496' title='bbox 1906 3817 2134 3888; x_wconf 85' lang='lat' dir='ltr'><strong>qualiter</strong></span> 
     </span>
    </p>
   </div>
   <div class='ocr_carea' id='block_1_69' title="bbox 558 3903 2136 3985">
    <p class='ocr_par' dir='ltr' id='par_1_69' title="bbox 558 3903 2136 3985">
     <span class='ocr_line' id='line_1_69' title="bbox 558 3903 2136 3985; baseline -0.004 -16"><span class='ocrx_word' id='word_1_497' title='bbox 558 3925 838 3985; x_wconf 82' lang='lat' dir='ltr'><strong>utrumque</strong></span> <span class='ocrx_word' id='word_1_498' title='bbox 889 3927 1055 3984; x_wconf 84' lang='lat' dir='ltr'><strong>usque</strong></span> <span class='ocrx_word' id='word_1_499' title='bbox 1099 3903 1343 3983; x_wconf 62' lang='lat' dir='ltr'><strong>praesens</strong></span> <span class='ocrx_word' id='word_1_500' title='bbox 1387 3923 1591 3980; x_wconf 80' lang='lat' dir='ltr'><strong>tempus</strong></span> <span class='ocrx_word' id='word_1_501' title='bbox 1637 3926 1758 3978; x_wconf 80' lang='lat' dir='ltr'><strong>pars</strong></span> <span class='ocrx_word' id='word_1_502' title='bbox 1804 3909 2136 3980; x_wconf 84' lang='lat' dir='ltr'><strong>oppresserit</strong></span> 
     </span>
    </p>
   </div>
   <div class='ocr_carea' id='block_1_70' title="bbox 556 4003 2131 4072">
    <p class='ocr_par' dir='ltr' id='par_1_70' title="bbox 556 4003 2131 4072">
     <span class='ocr_line' id='line_1_70' title="bbox 556 4003 2131 4072; baseline -0.004 -11"><span class='ocrx_word' id='word_1_503' title='bbox 556 4010 792 4072; x_wconf 57' lang='lat' dir='ltr'><strong>mimica,</strong></span> <span class='ocrx_word' id='word_1_504' title='bbox 825 4016 884 4071; x_wconf 65' lang='lat' dir='ltr'><strong>ut</strong></span> <span class='ocrx_word' id='word_1_505' title='bbox 922 4007 1096 4060; x_wconf 91' lang='lat' dir='ltr'><strong>nullus</strong></span> <span class='ocrx_word' id='word_1_506' title='bbox 1129 4005 1195 4060; x_wconf 87' lang='lat' dir='ltr'><strong>de</strong></span> <span class='ocrx_word' id='word_1_507' title='bbox 1222 4007 1381 4060; x_wconf 87' lang='lat' dir='ltr'><strong>rebus</strong></span> <span class='ocrx_word' id='word_1_508' title='bbox 1408 4004 1511 4058; x_wconf 86' lang='lat' dir='ltr'><strong>sibi</strong></span> <span class='ocrx_word' id='word_1_509' title='bbox 1555 4004 1751 4058; x_wconf 86' lang='lat' dir='ltr'><strong>debitis</strong></span> <span class='ocrx_word' id='word_1_510' title='bbox 1780 4003 1947 4072; x_wconf 86' lang='lat' dir='ltr'><strong>possit</strong></span> <span class='ocrx_word' id='word_1_511' title='bbox 1986 4003 2131 4055; x_wconf 86' lang='lat' dir='ltr'><strong>inve-</strong></span> 
     </span>
    </p>
   </div>
   <div class='ocr_carea' id='block_1_71' title="bbox 556 4096 2131 4167">
    <p class='ocr_par' dir='ltr' id='par_1_71' title="bbox 556 4096 2131 4167">
     <span class='ocr_line' id='line_1_71' title="bbox 556 4096 2131 4167; baseline -0.003 -15"><span class='ocrx_word' id='word_1_512' title='bbox 556 4101 672 4152; x_wconf 71' lang='lat' dir='ltr'><strong>ntae</strong></span> <span class='ocrx_word' id='word_1_513' title='bbox 720 4098 1006 4167; x_wconf 77' lang='lat' dir='ltr'><strong>justitiam.</strong></span> <span class='ocrx_word' id='word_1_514' title='bbox 1063 4097 1263 4152; x_wconf 89' lang='lat' dir='ltr'><strong>Idcirco</strong></span> <span class='ocrx_word' id='word_1_515' title='bbox 1298 4096 1521 4165; x_wconf 78' lang='lat' dir='ltr'><strong>supplex</strong></span> <span class='ocrx_word' id='word_1_516' title='bbox 1570 4112 1711 4149; x_wconf 89' lang='lat' dir='ltr'><strong>nunc</strong></span> <span class='ocrx_word' id='word_1_517' title='bbox 1754 4096 2031 4163; x_wconf 75' lang='lat' dir='ltr'><strong>deprecor,</strong></span> <span class='ocrx_word' id='word_1_518' title='bbox 2075 4103 2131 4148; x_wconf 87' lang='lat' dir='ltr'><strong>ut</strong></span> 
     </span>
    </p>
   </div>
   <div class='ocr_carea' id='block_1_72' title="bbox 556 4187 2132 4257">
    <p class='ocr_par' dir='ltr' id='par_1_72' title="bbox 556 4187 2132 4257">
     <span class='ocr_line' id='line_1_72' title="bbox 556 4187 2132 4257; baseline 0 -17"><span class='ocrx_word' id='word_1_519' title='bbox 556 4188 766 4255; x_wconf 86' lang='lat' dir='ltr'><strong>placita,</strong></span> <span class='ocrx_word' id='word_1_520' title='bbox 795 4204 910 4257; x_wconf 71' lang='lat' dir='ltr'><strong>qua:</strong></span> <span class='ocrx_word' id='word_1_521' title='bbox 940 4189 1080 4241; x_wconf 89' lang='lat' dir='ltr'><strong>inter</strong></span> <span class='ocrx_word' id='word_1_522' title='bbox 1119 4203 1214 4240; x_wconf 89' lang='lat' dir='ltr'><strong>nos</strong></span> <span class='ocrx_word' id='word_1_523' title='bbox 1259 4196 1380 4256; x_wconf 86' lang='lat' dir='ltr'><strong>post</strong></span> <span class='ocrx_word' id='word_1_524' title='bbox 1420 4187 1584 4255; x_wconf 88' lang='lat' dir='ltr'><strong>patris</strong></span> <span class='ocrx_word' id='word_1_525' title='bbox 1619 4188 1720 4240; x_wconf 90' lang='lat' dir='ltr'><strong>mei</strong></span> <span class='ocrx_word' id='word_1_526' title='bbox 1761 4187 1962 4240; x_wconf 76' lang='lat' dir='ltr'><strong>obitum</strong></span> <span class='ocrx_word' id='word_1_527' title='bbox 2005 4196 2132 4241; x_wconf 88' lang='lat' dir='ltr'><strong>sunt</strong></span> 
     </span>
    </p>
   </div>
   <div class='ocr_carea' id='block_1_73' title="bbox 557 4275 2127 4345">
    <p class='ocr_par' dir='ltr' id='par_1_73' title="bbox 557 4275 2127 4345">
     <span class='ocr_line' id='line_1_73' title="bbox 557 4275 2127 4345; baseline 0.002 -17"><span class='ocrx_word' id='word_1_528' title='bbox 557 4277 770 4342; x_wconf 87' lang='lat' dir='ltr'><strong>innexa,</strong></span> <span class='ocrx_word' id='word_1_529' title='bbox 802 4277 1191 4330; x_wconf 84' lang='lat' dir='ltr'><strong>custodiantur.</strong></span> <span class='ocrx_word' id='word_1_530' title='bbox 1224 4275 1374 4329; x_wconf 89' lang='lat' dir='ltr'><strong>Tunc</strong></span> <span class='ocrx_word' id='word_1_531' title='bbox 1401 4275 1833 4330; x_wconf 88' lang='lat' dir='ltr'><strong>Cuutchramnus</strong></span> <span class='ocrx_word' id='word_1_532' title='bbox 1862 4292 1954 4330; x_wconf 85' lang='lat' dir='ltr'><strong>rex</strong></span> <span class='ocrx_word' id='word_1_533' title='bbox 1979 4277 2127 4345; x_wconf 84' lang='lat' dir='ltr'><strong>lega-</strong></span> 
     </span>
    </p>
   </div>
   <div class='ocr_carea' id='block_1_74' title="bbox 553 4365 2124 4435">
    <p class='ocr_par' dir='ltr' id='par_1_74' title="bbox 553 4365 2124 4435">
     <span class='ocr_line' id='line_1_74' title="bbox 553 4365 2124 4435; baseline 0.003 -17"><span class='ocrx_word' id='word_1_534' title='bbox 553 4365 619 4418; x_wconf 89' lang='lat' dir='ltr'><strong>tis</strong></span> <span class='ocrx_word' id='word_1_535' title='bbox 647 4366 788 4418; x_wconf 89' lang='lat' dir='ltr'><strong>illius</strong></span> <span class='ocrx_word' id='word_1_536' title='bbox 827 4367 900 4418; x_wconf 89' lang='lat' dir='ltr'><strong>ait</strong></span> <span class='ocrx_word' id='word_1_537' title='bbox 932 4366 1011 4422; x_wconf 87' lang='lat'><strong>:0</strong></span> <span class='ocrx_word' id='word_1_538' title='bbox 1053 4366 1234 4419; x_wconf 80' lang='lat' dir='ltr'><strong>miseri</strong></span> <span class='ocrx_word' id='word_1_539' title='bbox 1273 4374 1326 4420; x_wconf 90' lang='lat' dir='ltr'><strong>et</strong></span> <span class='ocrx_word' id='word_1_540' title='bbox 1369 4381 1582 4435; x_wconf 78' lang='lat' dir='ltr'><strong>semper</strong></span> <span class='ocrx_word' id='word_1_541' title='bbox 1613 4367 1834 4433; x_wconf 80' lang='lat' dir='ltr'><strong>perfidi,</strong></span> <span class='ocrx_word' id='word_1_542' title='bbox 1891 4369 2023 4422; x_wconf 85' lang='lat' dir='ltr'><strong>nihil</strong></span> <span class='ocrx_word' id='word_1_543' title='bbox 2074 4370 2124 4422; x_wconf 90' lang='lat' dir='ltr'><strong>in</strong></span> 
     </span>
    </p>
   </div>
   <div class='ocr_carea' id='block_1_75' title="bbox 554 4455 2127 4526">
    <p class='ocr_par' dir='ltr' id='par_1_75' title="bbox 554 4455 2127 4526">
     <span class='ocr_line' id='line_1_75' title="bbox 554 4455 2127 4526; baseline 0.002 -17"><span class='ocrx_word' id='word_1_544' title='bbox 554 4455 704 4509; x_wconf 80' lang='lat' dir='ltr'><strong>vobis</strong></span> <span class='ocrx_word' id='word_1_545' title='bbox 732 4469 916 4508; x_wconf 87' lang='lat' dir='ltr'><strong>verum</strong></span> <span class='ocrx_word' id='word_1_546' title='bbox 962 4457 1250 4520; x_wconf 70' lang='lat' dir='ltr'><strong>habentes,</strong></span> <span class='ocrx_word' id='word_1_547' title='bbox 1293 4471 1467 4523; x_wconf 88' lang='lat' dir='ltr'><strong>neque</strong></span> <span class='ocrx_word' id='word_1_548' title='bbox 1511 4457 1564 4508; x_wconf 92' lang='lat' dir='ltr'><strong>in</strong></span> <span class='ocrx_word' id='word_1_549' title='bbox 1600 4457 1871 4523; x_wconf 84' lang='lat' dir='ltr'><strong>promissis</strong></span> <span class='ocrx_word' id='word_1_550' title='bbox 1921 4474 2127 4526; x_wconf 86' lang='lat' dir='ltr'><strong>perma-</strong></span> 
     </span>
    </p>
   </div>
   <div class='ocr_carea' id='block_1_76' title="bbox 559 4546 2120 4616">
    <p class='ocr_par' dir='ltr' id='par_1_76' title="bbox 559 4546 2120 4616">
     <span class='ocr_line' id='line_1_76' title="bbox 559 4546 2120 4616; baseline 0.001 -16"><span class='ocrx_word' id='word_1_551' title='bbox 559 4555 767 4610; x_wconf 87' lang='lat' dir='ltr'><strong>nentes,</strong></span> <span class='ocrx_word' id='word_1_552' title='bbox 793 4560 920 4600; x_wconf 89' lang='lat' dir='ltr'><strong>ecce</strong></span> <span class='ocrx_word' id='word_1_553' title='bbox 939 4548 1186 4600; x_wconf 79' lang='lat' dir='ltr'><strong>omnibus</strong></span> <span class='ocrx_word' id='word_1_554' title='bbox 1211 4561 1327 4616; x_wconf 77' lang='lat' dir='ltr'><strong>quae</strong></span> <span class='ocrx_word' id='word_1_555' title='bbox 1354 4546 1480 4600; x_wconf 88' lang='lat' dir='ltr'><strong>mihi</strong></span> <span class='ocrx_word' id='word_1_556' title='bbox 1509 4547 1726 4615; x_wconf 88' lang='lat' dir='ltr'><strong>polliciti</strong></span> <span class='ocrx_word' id='word_1_557' title='bbox 1749 4549 1876 4601; x_wconf 85' lang='lat' dir='ltr'><strong>estis</strong></span> <span class='ocrx_word' id='word_1_558' title='bbox 1903 4551 2120 4613; x_wconf 69' lang='lat' dir='ltr'><strong>relictis,</strong></span> 
     </span>
    </p>
   </div>
   <div class='ocr_carea' id='block_1_77' title="bbox 2243 3354 3834 3427">
    <p class='ocr_par' dir='ltr' id='par_1_77' title="bbox 2243 3354 3834 3427">
     <span class='ocr_line' id='line_1_77' title="bbox 2243 3354 3834 3427; baseline 0 -13"><span class='ocrx_word' id='word_1_559' title='bbox 2243 3372 2394 3423; x_wconf 88' lang='lat' dir='ltr'><strong>caus,</strong></span> <span class='ocrx_word' id='word_1_560' title='bbox 2429 3360 2746 3427; x_wconf 88' lang='lat' dir='ltr'><strong>promittens</strong></span> <span class='ocrx_word' id='word_1_561' title='bbox 2781 3355 2805 3392; x_wconf 70' lang='grc'><strong><em>⁵³</em></strong></span> <span class='ocrx_word' id='word_1_562' title='bbox 2831 3373 2887 3411; x_wconf 86' lang='lat' dir='ltr'><strong>se</strong></span> <span class='ocrx_word' id='word_1_563' title='bbox 2919 3357 2969 3413; x_wconf 90' lang='lat' dir='ltr'><strong>ei</strong></span> <span class='ocrx_word' id='word_1_564' title='bbox 3000 3357 3113 3410; x_wconf 82' lang='lat' dir='ltr'><strong>fieri</strong></span> <span class='ocrx_word' id='word_1_565' title='bbox 3147 3356 3437 3412; x_wconf 78' lang='lat' dir='ltr'><strong>maximum</strong></span> <span class='ocrx_word' id='word_1_566' title='bbox 3470 3354 3834 3414; x_wconf 70' lang='lat' dir='ltr'><strong>defensorem.</strong></span> 
     </span>
    </p>
   </div>
   <div class='ocr_carea' id='block_1_78' title="bbox 2242 3447 3834 3517">
    <p class='ocr_par' dir='ltr' id='par_1_78' title="bbox 2242 3447 3834 3517">
     <span class='ocr_line' id='line_1_78' title="bbox 2242 3447 3834 3517; baseline 0.002 -16"><span class='ocrx_word' id='word_1_567' title='bbox 2242 3449 2482 3516; x_wconf 84' lang='lat' dir='ltr'><strong>Quadam</strong></span> <span class='ocrx_word' id='word_1_568' title='bbox 2512 3462 2640 3502; x_wconf 86' lang='lat' dir='ltr'><strong>vero</strong></span> <span class='ocrx_word' id='word_1_569' title='bbox 2667 3448 2754 3502; x_wconf 88' lang='lat' dir='ltr'><strong>die</strong></span> <span class='ocrx_word' id='word_1_570' title='bbox 2783 3448 2909 3500; x_wconf 92' lang='lat' dir='ltr'><strong>dum</strong></span> <span class='ocrx_word' id='word_1_571' title='bbox 2954 3447 3151 3515; x_wconf 88' lang='lat' dir='ltr'><strong>pariter</strong></span> <span class='ocrx_word' id='word_1_572' title='bbox 3182 3447 3245 3500; x_wconf 87' lang='lat' dir='ltr'><strong>ad</strong></span> <span class='ocrx_word' id='word_1_573' title='bbox 3279 3461 3518 3501; x_wconf 82' lang='lat' dir='ltr'><strong>mensam</strong></span> <span class='ocrx_word' id='word_1_574' title='bbox 3551 3448 3834 3517; x_wconf 85' lang='lat' dir='ltr'><strong>epularen-</strong></span> 
     </span>
    </p>
   </div>
   <div class='ocr_carea' id='block_1_79' title="bbox 2245 3541 3832 3613">
    <p class='ocr_par' dir='ltr' id='par_1_79' title="bbox 2245 3541 3832 3613">
     <span class='ocr_line' id='line_1_79' title="bbox 2245 3541 3832 3613; baseline -0.002 -15"><span class='ocrx_word' id='word_1_575' title='bbox 2245 3554 2352 3609; x_wconf 89' lang='lat' dir='ltr'><strong>tur,</strong></span> <span class='ocrx_word' id='word_1_576' title='bbox 2384 3545 2564 3613; x_wconf 87' lang='lat' dir='ltr'><strong>regina</strong></span> <span class='ocrx_word' id='word_1_577' title='bbox 2594 3558 2946 3611; x_wconf 82' lang='lat' dir='ltr'><strong>consurgens,</strong></span> <span class='ocrx_word' id='word_1_578' title='bbox 2983 3553 3037 3597; x_wconf 91' lang='lat' dir='ltr'><strong>et</strong></span> <span class='ocrx_word' id='word_1_579' title='bbox 3066 3541 3389 3607; x_wconf 87' lang='lat' dir='ltr'><strong>valedicens,</strong></span> <span class='ocrx_word' id='word_1_580' title='bbox 3415 3558 3444 3597; x_wconf 88' lang='lat' dir='ltr'><strong>a</strong></span> <span class='ocrx_word' id='word_1_581' title='bbox 3475 3556 3600 3611; x_wconf 85' lang='lat' dir='ltr'><strong>rege</strong></span> <span class='ocrx_word' id='word_1_582' title='bbox 3630 3543 3832 3596; x_wconf 78' lang='lat' dir='ltr'><strong>detine-</strong></span> 
     </span>
    </p>
   </div>
   <div class='ocr_carea' id='block_1_80' title="bbox 2240 3634 3832 3704">
    <p class='ocr_par' dir='ltr' id='par_1_80' title="bbox 2240 3634 3832 3704">
     <span class='ocr_line' id='line_1_80' title="bbox 2240 3634 3832 3704; baseline -0.001 -13"><span class='ocrx_word' id='word_1_583' title='bbox 2240 3636 2417 3701; x_wconf 87' lang='lat' dir='ltr'><strong>batur,</strong></span> <span class='ocrx_word' id='word_1_584' title='bbox 2448 3635 2660 3690; x_wconf 87' lang='lat' dir='ltr'><strong>dicente</strong></span> <span class='ocrx_word' id='word_1_585' title='bbox 2708 3635 2850 3690; x_wconf 89' lang='lat' dir='ltr'><strong>sibi:</strong></span> <span class='ocrx_word' id='word_1_586' title='bbox 2886 3635 3075 3690; x_wconf 83' lang='lat' dir='ltr'><strong>Adhuc</strong></span> <span class='ocrx_word' id='word_1_587' title='bbox 3116 3635 3316 3704; x_wconf 86' lang='lat' dir='ltr'><strong>aliquid</strong></span> <span class='ocrx_word' id='word_1_588' title='bbox 3368 3635 3472 3689; x_wconf 91' lang='lat' dir='ltr'><strong>cibi</strong></span> <span class='ocrx_word' id='word_1_589' title='bbox 3517 3648 3692 3688; x_wconf 86' lang='lat' dir='ltr'><strong>sume.</strong></span> <span class='ocrx_word' id='word_1_590' title='bbox 3741 3634 3832 3689; x_wconf 85' lang='lat' dir='ltr'><strong>Cui</strong></span> 
     </span>
    </p>
   </div>
   <div class='ocr_carea' id='block_1_81' title="bbox 2241 3726 3830 3797">
    <p class='ocr_par' dir='ltr' id='par_1_81' title="bbox 2241 3726 3830 3797">
     <span class='ocr_line' id='line_1_81' title="bbox 2241 3726 3830 3797; baseline 0.001 -17"><span class='ocrx_word' id='word_1_591' title='bbox 2241 3726 2331 3782; x_wconf 78' lang='lat' dir='ltr'><strong>illa</strong></span> <span class='ocrx_word' id='word_1_592' title='bbox 2365 3745 2377 3784; x_wconf 90' lang='lat'><strong>:</strong></span> <span class='ocrx_word' id='word_1_593' title='bbox 2413 3727 2649 3796; x_wconf 85' lang='lat' dir='ltr'><strong>Indulge,</strong></span> <span class='ocrx_word' id='word_1_594' title='bbox 2701 3727 2891 3797; x_wconf 89' lang='lat' dir='ltr'><strong>inquit,</strong></span> <span class='ocrx_word' id='word_1_595' title='bbox 2940 3728 3221 3795; x_wconf 88' lang='lat' dir='ltr'><strong>deprecor,</strong></span> <span class='ocrx_word' id='word_1_596' title='bbox 3283 3727 3501 3782; x_wconf 87' lang='lat' dir='ltr'><strong>domine</strong></span> <span class='ocrx_word' id='word_1_597' title='bbox 3557 3727 3653 3792; x_wconf 85' lang='lat' dir='ltr'><strong>mi,</strong></span> <span class='ocrx_word' id='word_1_598' title='bbox 3709 3728 3830 3796; x_wconf 79' lang='lat' dir='ltr'><strong>quia</strong></span> 
     </span>
    </p>
   </div>
   <div class='ocr_carea' id='block_1_82' title="bbox 2235 3817 3828 3888">
    <p class='ocr_par' dir='ltr' id='par_1_82' title="bbox 2235 3817 3828 3888">
     <span class='ocr_line' id='line_1_82' title="bbox 2235 3817 3828 3888; baseline 0.001 -17"><span class='ocrx_word' id='word_1_599' title='bbox 2235 3817 2385 3884; x_wconf 80' lang='lat' dir='ltr'><strong>juxta</strong></span> <span class='ocrx_word' id='word_1_600' title='bbox 2413 3819 2858 3874; x_wconf 80' lang='lat' dir='ltr'><strong>consuetudinem</strong></span> <span class='ocrx_word' id='word_1_601' title='bbox 2890 3818 3175 3873; x_wconf 89' lang='lat' dir='ltr'><strong>mulierum</strong></span> <span class='ocrx_word' id='word_1_602' title='bbox 3203 3820 3425 3888; x_wconf 87' lang='lat' dir='ltr'><strong>contigit</strong></span> <span class='ocrx_word' id='word_1_603' title='bbox 3457 3819 3610 3886; x_wconf 89' lang='lat' dir='ltr'><strong>mibi,</strong></span> <span class='ocrx_word' id='word_1_604' title='bbox 3645 3829 3704 3873; x_wconf 89' lang='lat' dir='ltr'><strong>ut</strong></span> <span class='ocrx_word' id='word_1_605' title='bbox 3736 3836 3828 3887; x_wconf 85' lang='lat' dir='ltr'><strong>pro</strong></span> 
     </span>
    </p>
   </div>
   <div class='ocr_carea' id='block_1_83' title="bbox 2238 3911 3827 3980">
    <p class='ocr_par' dir='ltr' id='par_1_83' title="bbox 2238 3911 3827 3980">
     <span class='ocr_line' id='line_1_83' title="bbox 2238 3911 3827 3980; baseline -0.001 -15"><span class='ocrx_word' id='word_1_606' title='bbox 2238 3922 2502 3980; x_wconf 84' lang='lat' dir='ltr'><strong>conceptu</strong></span> <span class='ocrx_word' id='word_1_607' title='bbox 2537 3925 2882 3977; x_wconf 83' lang='lat' dir='ltr'><strong>consurgam.</strong></span> <span class='ocrx_word' id='word_1_608' title='bbox 2942 3911 3066 3964; x_wconf 70' lang='lat' dir='ltr'><strong>Haec</strong></span> <span class='ocrx_word' id='word_1_609' title='bbox 3111 3911 3199 3966; x_wconf 91' lang='lat' dir='ltr'><strong>ille</strong></span> <span class='ocrx_word' id='word_1_610' title='bbox 3228 3911 3474 3976; x_wconf 84' lang='lat' dir='ltr'><strong>audiens,</strong></span> <span class='ocrx_word' id='word_1_611' title='bbox 3530 3912 3827 3980; x_wconf 80' lang='lat' dir='ltr'><strong>obstupuit,</strong></span> 
     </span>
    </p>
   </div>
   <div class='ocr_carea' id='block_1_84' title="bbox 2237 4002 3828 4072">
    <p class='ocr_par' dir='ltr' id='par_1_84' title="bbox 2237 4002 3828 4072">
     <span class='ocr_line' id='line_1_84' title="bbox 2237 4002 3828 4072; baseline 0.003 -18"><span class='ocrx_word' id='word_1_612' title='bbox 2237 4003 2415 4054; x_wconf 85' lang='lat' dir='ltr'><strong>sciens</strong></span> <span class='ocrx_word' id='word_1_613' title='bbox 2448 4013 2695 4069; x_wconf 81' lang='lat' dir='ltr'><strong>qttartum</strong></span> <span class='ocrx_word' id='word_1_614' title='bbox 2728 4016 2848 4056; x_wconf 85' lang='lat' dir='ltr'><strong>esse</strong></span> <span class='ocrx_word' id='word_1_615' title='bbox 2893 4017 3130 4056; x_wconf 76' lang='lat' dir='ltr'><strong>mensem</strong></span> <span class='ocrx_word' id='word_1_616' title='bbox 3158 4043 3174 4066; x_wconf 94' lang='lat'><strong>,</strong></span> <span class='ocrx_word' id='word_1_617' title='bbox 3223 4017 3288 4056; x_wconf 84' lang='lat' dir='ltr'><strong>ex</strong></span> <span class='ocrx_word' id='word_1_618' title='bbox 3319 4017 3424 4072; x_wconf 90' lang='lat' dir='ltr'><strong>quo</strong></span> <span class='ocrx_word' id='word_1_619' title='bbox 3455 4002 3620 4057; x_wconf 89' lang='lat' dir='ltr'><strong>alium</strong></span> <span class='ocrx_word' id='word_1_620' title='bbox 3650 4002 3828 4058; x_wconf 78' lang='lat' dir='ltr'><strong>edide~</strong></span> 
     </span>
    </p>
   </div>
   <div class='ocr_carea' id='block_1_85' title="bbox 2237 4092 3823 4165">
    <p class='ocr_par' dir='ltr' id='par_1_85' title="bbox 2237 4092 3823 4165">
     <span class='ocr_line' id='line_1_85' title="bbox 2237 4092 3823 4165; baseline 0.001 -19"><span class='ocrx_word' id='word_1_621' title='bbox 2237 4103 2318 4146; x_wconf 89' lang='lat' dir='ltr'><strong>rat</strong></span> <span class='ocrx_word' id='word_1_622' title='bbox 2348 4093 2510 4145; x_wconf 88' lang='lat' dir='ltr'><strong>tiliunt</strong></span> <span class='ocrx_word' id='word_1_623' title='bbox 2543 4107 2558 4145; x_wconf 86' lang='lat'><strong>:</strong></span> <span class='ocrx_word' id='word_1_624' title='bbox 2591 4102 2767 4146; x_wconf 90' lang='lat' dir='ltr'><strong>tamen</strong></span> <span class='ocrx_word' id='word_1_625' title='bbox 2799 4092 3043 4161; x_wconf 89' lang='lat' dir='ltr'><strong>permisit</strong></span> <span class='ocrx_word' id='word_1_626' title='bbox 3074 4108 3191 4147; x_wconf 90' lang='lat' dir='ltr'><strong>eam</strong></span> <span class='ocrx_word' id='word_1_627' title='bbox 3224 4106 3572 4165; x_wconf 85' lang='lat' dir='ltr'><strong>consurgere.</strong></span> <span class='ocrx_word' id='word_1_628' title='bbox 3608 4093 3823 4148; x_wconf 71' lang='lat' dir='ltr'><strong>Prior-es</strong></span> 
     </span>
    </p>
   </div>
   <div class='ocr_carea' id='block_1_86' title="bbox 2235 4183 3824 4254">
    <p class='ocr_par' dir='ltr' id='par_1_86' title="bbox 2235 4183 3824 4254">
     <span class='ocr_line' id='line_1_86' title="bbox 2235 4183 3824 4254; baseline 0.003 -19"><span class='ocrx_word' id='word_1_629' title='bbox 2235 4199 2443 4254; x_wconf 89' lang='lat' dir='ltr'><strong>quoque</strong></span> <span class='ocrx_word' id='word_1_630' title='bbox 2472 4183 2540 4238; x_wconf 88' lang='lat' dir='ltr'><strong>de</strong></span> <span class='ocrx_word' id='word_1_631' title='bbox 2567 4200 2733 4253; x_wconf 87' lang='lat' dir='ltr'><strong>regno</strong></span> <span class='ocrx_word' id='word_1_632' title='bbox 2781 4183 3094 4253; x_wconf 89' lang='lat' dir='ltr'><strong>Chilperici,</strong></span> <span class='ocrx_word' id='word_1_633' title='bbox 3154 4194 3209 4238; x_wconf 90' lang='lat' dir='ltr'><strong>ut</strong></span> <span class='ocrx_word' id='word_1_634' title='bbox 3238 4196 3355 4240; x_wconf 87' lang='lat' dir='ltr'><strong>erat</strong></span> <span class='ocrx_word' id='word_1_635' title='bbox 3397 4185 3743 4240; x_wconf 79' lang='lat' dir='ltr'><strong>Ansouaidus</strong></span> <span class='ocrx_word' id='word_1_636' title='bbox 3775 4196 3824 4240; x_wconf 87' lang='lat' dir='ltr'><strong>et</strong></span> 
     </span>
    </p>
   </div>
   <div class='ocr_carea' id='block_1_87' title="bbox 2235 4274 3818 4344">
    <p class='ocr_par' dir='ltr' id='par_1_87' title="bbox 2235 4274 3818 4344">
     <span class='ocr_line' id='line_1_87' title="bbox 2235 4274 3818 4344; baseline 0.003 -18"><span class='ocrx_word' id='word_1_637' title='bbox 2235 4275 2444 4343; x_wconf 87' lang='lat' dir='ltr'><strong>reliqui,</strong></span> <span class='ocrx_word' id='word_1_638' title='bbox 2479 4274 2546 4328; x_wconf 86' lang='lat' dir='ltr'><strong>ad</strong></span> <span class='ocrx_word' id='word_1_639' title='bbox 2574 4275 2738 4328; x_wconf 85' lang='lat' dir='ltr'><strong>tilium</strong></span> <span class='ocrx_word' id='word_1_640' title='bbox 2763 4276 2880 4343; x_wconf 88' lang='lat' dir='ltr'><strong>ejus</strong></span> <span class='ocrx_word' id='word_1_641' title='bbox 2911 4278 2999 4344; x_wconf 89' lang='lat' dir='ltr'><strong>qui</strong></span> <span class='ocrx_word' id='word_1_642' title='bbox 3031 4286 3146 4330; x_wconf 87' lang='lat' dir='ltr'><strong>erat</strong></span> <span class='ocrx_word' id='word_1_643' title='bbox 3169 4316 3184 4341; x_wconf 95' lang='lat'><strong>,</strong></span> <span class='ocrx_word' id='word_1_644' title='bbox 3217 4288 3273 4330; x_wconf 91' lang='lat' dir='ltr'><strong>ut</strong></span> <span class='ocrx_word' id='word_1_645' title='bbox 3295 4277 3538 4344; x_wconf 75' lang='lat' dir='ltr'><strong>superius</strong></span> <span class='ocrx_word' id='word_1_646' title='bbox 3567 4276 3818 4342; x_wconf 76' lang='lat' dir='ltr'><strong>diximus,</strong></span> 
     </span>
    </p>
   </div>
   <div class='ocr_carea' id='block_1_88' title="bbox 2234 4355 3821 4437">
    <p class='ocr_par' dir='ltr' id='par_1_88' title="bbox 2234 4355 3821 4437">
     <span class='ocr_line' id='line_1_88' title="bbox 2234 4355 3821 4437; baseline 0.003 -20"><span class='ocrx_word' id='word_1_647' title='bbox 2234 4375 2462 4434; x_wconf 84' lang='lat' dir='ltr'><strong>quatuor</strong></span> <span class='ocrx_word' id='word_1_648' title='bbox 2504 4355 2796 4430; x_wconf 85' lang='lat' dir='ltr'><strong>mensium,</strong></span> <span class='ocrx_word' id='word_1_649' title='bbox 2847 4381 2906 4421; x_wconf 86' lang='lat' dir='ltr'><strong>se</strong></span> <span class='ocrx_word' id='word_1_650' title='bbox 2952 4366 3304 4437; x_wconf 86' lang='lat' dir='ltr'><strong>collegerunt,</strong></span> <span class='ocrx_word' id='word_1_651' title='bbox 3354 4383 3515 4437; x_wconf 85' lang='lat' dir='ltr'><strong>quem</strong></span> <span class='ocrx_word' id='word_1_652' title='bbox 3563 4367 3821 4422; x_wconf 85' lang='lat' dir='ltr'><strong>Chlotha-</strong></span> 
     </span>
    </p>
   </div>
   <div class='ocr_carea' id='block_1_89' title="bbox 2233 4457 3820 4528">
    <p class='ocr_par' dir='ltr' id='par_1_89' title="bbox 2233 4457 3820 4528">
     <span class='ocr_line' id='line_1_89' title="bbox 2233 4457 3820 4528; baseline 0.001 -16"><span class='ocrx_word' id='word_1_653' title='bbox 2233 4458 2368 4512; x_wconf 90' lang='lat' dir='ltr'><strong>rium</strong></span> <span class='ocrx_word' id='word_1_654' title='bbox 2400 4457 2415 4493; x_wconf 73' lang='grc' dir='ltr'><strong>ί</strong></span> <span class='ocrx_word' id='word_1_655' title='bbox 2452 4459 2842 4520; x_wconf 85' lang='lat' dir='ltr'><strong>vocitaverunt,</strong></span> <span class='ocrx_word' id='word_1_656' title='bbox 2876 4461 3150 4528; x_wconf 79' lang='lat' dir='ltr'><strong>exigentes</strong></span> <span class='ocrx_word' id='word_1_657' title='bbox 3187 4470 3526 4514; x_wconf 76' lang='lat' dir='ltr'><strong>saeranienta</strong></span> <span class='ocrx_word' id='word_1_658' title='bbox 3554 4474 3650 4528; x_wconf 90' lang='lat' dir='ltr'><strong>per</strong></span> <span class='ocrx_word' id='word_1_659' title='bbox 3691 4459 3820 4520; x_wconf 83' lang='lat' dir='ltr'><strong>civi-</strong></span> 
     </span>
    </p>
   </div>
   <div class='ocr_carea' id='block_1_90' title="bbox 2235 4551 3806 4620">
    <p class='ocr_par' dir='ltr' id='par_1_90' title="bbox 2235 4551 3806 4620">
     <span class='ocr_line' id='line_1_90' title="bbox 2235 4551 3806 4620; baseline 0.003 -17"><span class='ocrx_word' id='word_1_660' title='bbox 2235 4562 2385 4614; x_wconf 71' lang='lat' dir='ltr'><strong>lates,</strong></span> <span class='ocrx_word' id='word_1_661' title='bbox 2420 4568 2536 4614; x_wconf 66' lang='lat' dir='ltr'><strong>quin</strong></span> <span class='ocrx_word' id='word_1_662' title='bbox 2567 4552 2631 4604; x_wconf 87' lang='lat' dir='ltr'><strong>ad</strong></span> <span class='ocrx_word' id='word_1_663' title='bbox 2653 4552 3012 4619; x_wconf 85' lang='lat' dir='ltr'><strong>Chilpericum</strong></span> <span class='ocrx_word' id='word_1_664' title='bbox 3048 4551 3195 4620; x_wconf 85' lang='lat' dir='ltr'><strong>prius</strong></span> <span class='ocrx_word' id='word_1_665' title='bbox 3229 4561 3585 4620; x_wconf 86' lang='lat' dir='ltr'><strong>aspexerant,</strong></span> <span class='ocrx_word' id='word_1_666' title='bbox 3617 4560 3675 4606; x_wconf 90' lang='lat' dir='ltr'><strong>ut</strong></span> <span class='ocrx_word' id='word_1_667' title='bbox 3703 4553 3806 4607; x_wconf 80' lang='lat' dir='ltr'><strong>sci-</strong></span> 
     </span>
    </p>
   </div>
   <div class='ocr_carea' id='block_1_91' title="bbox 554 4638 3811 4715">
    <p class='ocr_par' dir='ltr' id='par_1_91' title="bbox 554 4638 3811 4715">
     <span class='ocr_line' id='line_1_91' title="bbox 554 4638 3811 4715; baseline 0.002 -23"><span class='ocrx_word' id='word_1_668' title='bbox 554 4655 675 4692; x_wconf 87' lang='lat' dir='ltr'><strong>cum</strong></span> <span class='ocrx_word' id='word_1_669' title='bbox 713 4638 1019 4706; x_wconf 84' lang='lat' dir='ltr'><strong>Chilperico</strong></span> <span class='ocrx_word' id='word_1_670' title='bbox 1071 4652 1195 4709; x_wconf 84' lang='lat' dir='ltr'><strong>rege</strong></span> <span class='ocrx_word' id='word_1_671' title='bbox 1239 4653 1426 4692; x_wconf 73' lang='lat' dir='ltr'><strong>novam</strong></span> <span class='ocrx_word' id='word_1_672' title='bbox 1475 4640 1771 4707; x_wconf 77' lang='lat' dir='ltr'><strong>pactionem</strong></span> <span class='ocrx_word' id='word_1_673' title='bbox 1815 4640 2122 4708; x_wconf 73' lang='lat' dir='ltr'><strong>Stl‘lpSlSiiS,</strong></span> <span class='ocrx_word' id='word_1_674' title='bbox 2159 4639 2205 4698; x_wconf 90' lang='lat' dir='ltr'><strong>D</strong></span> <span class='ocrx_word' id='word_1_675' title='bbox 2238 4647 2354 4697; x_wconf 86' lang='lat' dir='ltr'><strong>licet</strong></span> <span class='ocrx_word' id='word_1_676' title='bbox 2393 4645 2573 4696; x_wconf 65' lang='lat' dir='ltr'><strong>fideles</strong></span> <span class='ocrx_word' id='word_1_677' title='bbox 2607 4659 2725 4698; x_wconf 89' lang='lat' dir='ltr'><strong>esse</strong></span> <span class='ocrx_word' id='word_1_678' title='bbox 2753 4645 2982 4699; x_wconf 84' lang='lat' dir='ltr'><strong>debeant</strong></span> <span class='ocrx_word' id='word_1_679' title='bbox 3009 4645 3412 4698; x_wconf 83' lang='lat' dir='ltr'><strong>Cuntchramuu</strong></span> <span class='ocrx_word' id='word_1_680' title='bbox 3449 4645 3584 4715; x_wconf 79' lang='lat' dir='ltr'><strong>regi,</strong></span> <span class='ocrx_word' id='word_1_681' title='bbox 3625 4659 3689 4702; x_wconf 80' lang='lat' dir='ltr'><strong>ac</strong></span> <span class='ocrx_word' id='word_1_682' title='bbox 3721 4658 3811 4700; x_wconf 88' lang='lat' dir='ltr'><strong>ne-</strong></span> 
     </span>
    </p>
   </div>
   <div class='ocr_carea' id='block_1_92' title="bbox 555 4730 2127 4799">
    <p class='ocr_par' dir='ltr' id='par_1_92' title="bbox 555 4730 2127 4799">
     <span class='ocr_line' id='line_1_92' title="bbox 555 4730 2127 4799; baseline 0.001 -15"><span class='ocrx_word' id='word_1_683' title='bbox 555 4742 611 4784; x_wconf 91' lang='lat' dir='ltr'><strong>ut</strong></span> <span class='ocrx_word' id='word_1_684' title='bbox 642 4746 726 4784; x_wconf 91' lang='lat' dir='ltr'><strong>me</strong></span> <span class='ocrx_word' id='word_1_685' title='bbox 755 4745 784 4784; x_wconf 89' lang='lat' dir='ltr'><strong>a</strong></span> <span class='ocrx_word' id='word_1_686' title='bbox 816 4745 981 4799; x_wconf 73' lang='lat' dir='ltr'><strong>regno</strong></span> <span class='ocrx_word' id='word_1_687' title='bbox 1006 4730 1247 4798; x_wconf 83' lang='lat' dir='ltr'><strong>depulso,</strong></span> <span class='ocrx_word' id='word_1_688' title='bbox 1279 4731 1521 4785; x_wconf 84' lang='lat' dir='ltr'><strong>civitates</strong></span> <span class='ocrx_word' id='word_1_689' title='bbox 1555 4743 1701 4784; x_wconf 84' lang='lat' dir='ltr'><strong>meas</strong></span> <span class='ocrx_word' id='word_1_690' title='bbox 1731 4731 1870 4784; x_wconf 87' lang='lat' dir='ltr'><strong>inter</strong></span> <span class='ocrx_word' id='word_1_691' title='bbox 1907 4744 1965 4784; x_wconf 86' lang='lat' dir='ltr'><strong>se</strong></span> <span class='ocrx_word' id='word_1_692' title='bbox 1991 4730 2127 4785; x_wconf 91' lang='lat' dir='ltr'><strong>divi-</strong></span> 
     </span>
    </p>
   </div>
   <div class='ocr_carea' id='block_1_93' title="bbox 552 4823 2126 4891">
    <p class='ocr_par' dir='ltr' id='par_1_93' title="bbox 552 4823 2126 4891">
     <span class='ocr_line' id='line_1_93' title="bbox 552 4823 2126 4891; baseline -0.001 -13"><span class='ocrx_word' id='word_1_693' title='bbox 552 4823 763 4879; x_wconf 89' lang='lat' dir='ltr'><strong>derent.</strong></span> <span class='ocrx_word' id='word_1_694' title='bbox 800 4823 942 4877; x_wconf 88' lang='lat' dir='ltr'><strong>Ecce</strong></span> <span class='ocrx_word' id='word_1_695' title='bbox 992 4823 1266 4891; x_wconf 80' lang='lat' dir='ltr'><strong>pactiones</strong></span> <span class='ocrx_word' id='word_1_696' title='bbox 1315 4823 1487 4890; x_wconf 87' lang='lat' dir='ltr'><strong>ipsas,</strong></span> <span class='ocrx_word' id='word_1_697' title='bbox 1540 4836 1665 4875; x_wconf 90' lang='lat' dir='ltr'><strong>ecce</strong></span> <span class='ocrx_word' id='word_1_698' title='bbox 1715 4837 1901 4875; x_wconf 84' lang='lat' dir='ltr'><strong>manus</strong></span> <span class='ocrx_word' id='word_1_699' title='bbox 1932 4834 2126 4876; x_wconf 66' lang='lat' dir='ltr'><strong>vestrae</strong></span> 
     </span>
    </p>
   </div>
   <div class='ocr_carea' id='block_1_94' title="bbox 623 4953 2147 5026">
    <p class='ocr_par' dir='ltr' id='par_1_94' title="bbox 623 4953 2147 5026">
     <span class='ocr_line' id='line_1_94' title="bbox 623 4953 2147 5026; baseline -0.003 -12"><span class='ocrx_word' id='word_1_700' title='bbox 623 4967 649 4995; x_wconf 73' lang='grc'><em>³</em></span> <span class='ocrx_word' id='word_1_701' title='bbox 673 4957 788 5014; x_wconf 84' lang='lat' dir='ltr'><strong>Hoc</strong></span> <span class='ocrx_word' id='word_1_702' title='bbox 834 4967 992 5026; x_wconf 90' lang='lat' dir='ltr'><strong>caput</strong></span> <span class='ocrx_word' id='word_1_703' title='bbox 1021 4959 1171 5013; x_wconf 90' lang='lat' dir='ltr'><strong>deest</strong></span> <span class='ocrx_word' id='word_1_704' title='bbox 1201 4959 1254 5012; x_wconf 92' lang='lat' dir='ltr'><strong>in</strong></span> <span class='ocrx_word' id='word_1_705' title='bbox 1295 4957 1448 5013; x_wconf 90' lang='lat' dir='ltr'><strong>Colb.</strong></span> <span class='ocrx_word' id='word_1_706' title='bbox 1481 4973 1533 5011; x_wconf 90' lang='lat' dir='ltr'><strong>a.</strong></span> <span class='ocrx_word' id='word_1_707' title='bbox 1583 4968 1637 5012; x_wconf 89' lang='lat' dir='ltr'><strong>et</strong></span> <span class='ocrx_word' id='word_1_708' title='bbox 1666 4957 1782 5012; x_wconf 79' lang='lat' dir='ltr'><strong>Vat.</strong></span> <span class='ocrx_word' id='word_1_709' title='bbox 1811 4975 1824 5021; x_wconf 85' lang='lat'>;</span> <span class='ocrx_word' id='word_1_710' title='bbox 1855 4958 1926 5010; x_wconf 92' lang='lat' dir='ltr'><strong>al.</strong></span> <span class='ocrx_word' id='word_1_711' title='bbox 1953 4998 1967 5023; x_wconf 94' lang='lat'><strong>,</strong></span> <span class='ocrx_word' id='word_1_712' title='bbox 2024 4953 2147 5011; x_wconf 49' lang='lat' dir='ltr'><strong>Ve?</strong></span> 
     </span>
    </p>
   </div>
   <div class='ocr_carea' id='block_1_95' title="bbox 546 5029 2120 5098">
    <p class='ocr_par' dir='ltr' id='par_1_95' title="bbox 546 5029 2120 5098">
     <span class='ocr_line' id='line_1_95' title="bbox 546 5029 2120 5098; baseline 0 -16"><span class='ocrx_word' id='word_1_713' title='bbox 546 5029 724 5082; x_wconf 83' lang='lat' dir='ltr'><strong>dastus</strong></span> <span class='ocrx_word' id='word_1_714' title='bbox 748 5071 764 5096; x_wconf 95' lang='lat'><strong>,</strong></span> <span class='ocrx_word' id='word_1_715' title='bbox 790 5031 939 5094; x_wconf 85' lang='lat' dir='ltr'><strong>Bec.,</strong></span> <span class='ocrx_word' id='word_1_716' title='bbox 971 5029 1124 5083; x_wconf 86' lang='lat' dir='ltr'><strong>Colb.</strong></span> <span class='ocrx_word' id='word_1_717' title='bbox 1155 5045 1228 5083; x_wconf 87' lang='lat' dir='ltr'><strong>tu.</strong></span> <span class='ocrx_word' id='word_1_718' title='bbox 1271 5037 1325 5084; x_wconf 83' lang='lat' dir='ltr'><strong>et</strong></span> <span class='ocrx_word' id='word_1_719' title='bbox 1353 5029 1539 5094; x_wconf 82' lang='lat' dir='ltr'><strong>chm.</strong></span> <span class='ocrx_word' id='word_1_720' title='bbox 1558 5069 1572 5091; x_wconf 93' lang='lat'><strong>,</strong></span> <span class='ocrx_word' id='word_1_721' title='bbox 1607 5038 1938 5098; x_wconf 79' lang='lat' dir='ltr'><strong>cognomento</strong></span> <span class='ocrx_word' id='word_1_722' title='bbox 1977 5045 2120 5082; x_wconf 80' lang='lat' dir='ltr'><strong>avus.</strong></span> 
     </span>
    </p>
   </div>
   <div class='ocr_carea' id='block_1_96' title="bbox 548 5099 1581 5168">
    <p class='ocr_par' dir='ltr' id='par_1_96' title="bbox 548 5099 1581 5168">
     <span class='ocr_line' id='line_1_96' title="bbox 548 5099 1581 5168; baseline 0 -14"><span class='ocrx_word' id='word_1_723' title='bbox 548 5102 748 5156; x_wconf 82' lang='lat' dir='ltr'><strong>Confer</strong></span> <span class='ocrx_word' id='word_1_724' title='bbox 771 5109 931 5166; x_wconf 88' lang='lat' dir='ltr'><strong>caput</strong></span> <span class='ocrx_word' id='word_1_725' title='bbox 961 5100 1024 5152; x_wconf 78' lang='lat' dir='ltr'><strong>l5</strong></span> <span class='ocrx_word' id='word_1_726' title='bbox 1057 5099 1173 5152; x_wconf 88' lang='lat' dir='ltr'><strong>libri</strong></span> <span class='ocrx_word' id='word_1_727' title='bbox 1208 5100 1581 5168; x_wconf 64' lang='lat' dir='ltr'><strong>praecedentis.</strong></span> 
     </span>
    </p>
   </div>
   <div class='ocr_carea' id='block_1_97' title="bbox 621 5168 1283 5234">
    <p class='ocr_par' dir='ltr' id='par_1_97' title="bbox 621 5168 1283 5234">
     <span class='ocr_line' id='line_1_97' title="bbox 621 5168 1283 5234; baseline -0.002 -10"><span class='ocrx_word' id='word_1_728' title='bbox 621 5170 644 5208; x_wconf 73' lang='grc' dir='ltr'>δ</span> <span class='ocrx_word' id='word_1_729' title='bbox 677 5168 830 5225; x_wconf 87' lang='lat' dir='ltr'><strong>Colb.</strong></span> <span class='ocrx_word' id='word_1_730' title='bbox 857 5186 956 5234; x_wconf 88' lang='lat' dir='ltr'><strong>m.,</strong></span> <span class='ocrx_word' id='word_1_731' title='bbox 988 5169 1283 5234; x_wconf 78' lang='lat' dir='ltr'><strong>Chilperici.</strong></span> 
     </span>
    </p>
   </div>
   <div class='ocr_carea' id='block_1_98' title="bbox 619 5239 2126 5307">
    <p class='ocr_par' dir='ltr' id='par_1_98' title="bbox 619 5239 2126 5307">
     <span class='ocr_line' id='line_1_98' title="bbox 619 5239 2126 5307; baseline 0.003 -14"><span class='ocrx_word' id='word_1_732' title='bbox 619 5252 641 5279; x_wconf 76' lang='grc' dir='ltr'><strong>ο</strong></span> <span class='ocrx_word' id='word_1_733' title='bbox 666 5242 754 5304; x_wconf 74' lang='lat' dir='ltr'><strong>Ex</strong></span> <span class='ocrx_word' id='word_1_734' title='bbox 785 5241 892 5296; x_wconf 88' lang='lat' dir='ltr'><strong>hoc</strong></span> <span class='ocrx_word' id='word_1_735' title='bbox 933 5242 1050 5296; x_wconf 90' lang='lat' dir='ltr'><strong>loco</strong></span> <span class='ocrx_word' id='word_1_736' title='bbox 1080 5239 1343 5307; x_wconf 73' lang='lat' dir='ltr'><strong>Valesius,</strong></span> <span class='ocrx_word' id='word_1_737' title='bbox 1391 5242 1442 5294; x_wconf 90' lang='lat' dir='ltr'><strong>in</strong></span> <span class='ocrx_word' id='word_1_738' title='bbox 1493 5240 1586 5295; x_wconf 90' lang='lat' dir='ltr'><strong>lib.</strong></span> <span class='ocrx_word' id='word_1_739' title='bbox 1618 5239 1686 5294; x_wconf 90' lang='lat' dir='ltr'><strong>de</strong></span> <span class='ocrx_word' id='word_1_740' title='bbox 1715 5240 1949 5296; x_wconf 88' lang='lat' dir='ltr'><strong>basilicis</strong></span> <span class='ocrx_word' id='word_1_741' title='bbox 1979 5243 2126 5297; x_wconf 77' lang='lat' dir='ltr'><strong>Pari-</strong></span> 
     </span>
    </p>
   </div>
   <div class='ocr_carea' id='block_1_99' title="bbox 544 5311 2123 5380">
    <p class='ocr_par' dir='ltr' id='par_1_99' title="bbox 544 5311 2123 5380">
     <span class='ocr_line' id='line_1_99' title="bbox 544 5311 2123 5380; baseline 0.002 -16"><span class='ocrx_word' id='word_1_742' title='bbox 544 5311 703 5365; x_wconf 84' lang='lat' dir='ltr'><strong>siacis</strong></span> <span class='ocrx_word' id='word_1_743' title='bbox 728 5326 847 5380; x_wconf 85' lang='lat' dir='ltr'><strong>cap.</strong></span> <span class='ocrx_word' id='word_1_744' title='bbox 880 5315 929 5377; x_wconf 82' lang='lat' dir='ltr'><strong>t,</strong></span> <span class='ocrx_word' id='word_1_745' title='bbox 975 5316 1165 5380; x_wconf 89' lang='lat' dir='ltr'><strong>probat</strong></span> <span class='ocrx_word' id='word_1_746' title='bbox 1200 5312 1322 5366; x_wconf 85' lang='lat' dir='ltr'><strong>adv.</strong></span> <span class='ocrx_word' id='word_1_747' title='bbox 1350 5311 1645 5366; x_wconf 86' lang='lat' dir='ltr'><strong>Lanuuium</strong></span> <span class='ocrx_word' id='word_1_748' title='bbox 1667 5352 1680 5375; x_wconf 92' lang='lat'><strong>,</strong></span> <span class='ocrx_word' id='word_1_749' title='bbox 1722 5312 1980 5379; x_wconf 87' lang='lat' dir='ltr'><strong>majorem</strong></span> <span class='ocrx_word' id='word_1_750' title='bbox 2029 5329 2123 5368; x_wconf 85' lang='lat' dir='ltr'><strong>seu</strong></span> 
     </span>
    </p>
   </div>
   <div class='ocr_carea' id='block_1_100' title="bbox 543 5380 2121 5437">
    <p class='ocr_par' dir='ltr' id='par_1_100' title="bbox 543 5380 2121 5437">
     <span class='ocr_line' id='line_1_100' title="bbox 543 5380 2121 5437; baseline 0.002 -3"><span class='ocrx_word' id='word_1_751' title='bbox 543 5380 905 5435; x_wconf 84' lang='lat' dir='ltr'><strong>cathedralcm</strong></span> <span class='ocrx_word' id='word_1_752' title='bbox 949 5383 1272 5436; x_wconf 84' lang='lat' dir='ltr'><strong>Parisiorum</strong></span> <span class='ocrx_word' id='word_1_753' title='bbox 1305 5383 1590 5436; x_wconf 88' lang='lat' dir='ltr'><strong>ecclesiam</strong></span> <span class='ocrx_word' id='word_1_754' title='bbox 1641 5383 1776 5434; x_wconf 88' lang='lat' dir='ltr'><strong>intra</strong></span> <span class='ocrx_word' id='word_1_755' title='bbox 1809 5388 1990 5435; x_wconf 85' lang='lat' dir='ltr'><strong>urbem</strong></span> <span class='ocrx_word' id='word_1_756' title='bbox 2023 5385 2121 5437; x_wconf 85' lang='lat' dir='ltr'><strong>sub</strong></span> 
     </span>
    </p>
   </div>
   <div class='ocr_carea' id='block_1_101' title="bbox 545 5450 2119 5522">
    <p class='ocr_par' dir='ltr' id='par_1_101' title="bbox 545 5450 2119 5522">
     <span class='ocr_line' id='line_1_101' title="bbox 545 5450 2119 5522; baseline 0.003 -19"><span class='ocrx_word' id='word_1_757' title='bbox 545 5453 713 5516; x_wconf 88' lang='lat' dir='ltr'><strong>prima</strong></span> <span class='ocrx_word' id='word_1_758' title='bbox 747 5467 930 5520; x_wconf 87' lang='lat' dir='ltr'><strong>regum</strong></span> <span class='ocrx_word' id='word_1_759' title='bbox 962 5466 1266 5508; x_wconf 89' lang='lat' dir='ltr'><strong>nostrorum</strong></span> <span class='ocrx_word' id='word_1_760' title='bbox 1298 5455 1465 5521; x_wconf 88' lang='lat' dir='ltr'><strong>stirpe</strong></span> <span class='ocrx_word' id='word_1_761' title='bbox 1487 5450 1774 5505; x_wconf 86' lang='lat' dir='ltr'><strong>exstitisse.</strong></span> <span class='ocrx_word' id='word_1_762' title='bbox 1818 5453 2119 5522; x_wconf 74' lang='lat' dir='ltr'><strong>thuidcm</strong></span> 
     </span>
    </p>
   </div>
   <div class='ocr_carea' id='block_1_102' title="bbox 543 5522 2120 5594">
    <p class='ocr_par' dir='ltr' id='par_1_102' title="bbox 543 5522 2120 5594">
     <span class='ocr_line' id='line_1_102' title="bbox 543 5522 2120 5594; baseline 0.004 -22"><span class='ocrx_word' id='word_1_763' title='bbox 543 5533 752 5594; x_wconf 86' lang='lat' dir='ltr'><strong>certum</strong></span> <span class='ocrx_word' id='word_1_764' title='bbox 779 5532 864 5594; x_wconf 85' lang='lat' dir='ltr'><strong>est</strong></span> <span class='ocrx_word' id='word_1_765' title='bbox 903 5525 1129 5579; x_wconf 73' lang='lat' dir='ltr'><strong>ecclesia:</strong></span> <span class='ocrx_word' id='word_1_766' title='bbox 1168 5525 1385 5578; x_wconf 89' lang='lat' dir='ltr'><strong>nomine</strong></span> <span class='ocrx_word' id='word_1_767' title='bbox 1413 5525 1607 5594; x_wconf 82' lang='lat' dir='ltr'><strong>passim</strong></span> <span class='ocrx_word' id='word_1_768' title='bbox 1635 5522 1774 5590; x_wconf 85' lang='lat' dir='ltr'><strong>apud</strong></span> <span class='ocrx_word' id='word_1_769' title='bbox 1803 5523 2120 5594; x_wconf 81' lang='lat' dir='ltr'><strong>Gregorium</strong></span> 
     </span>
    </p>
   </div>
   <div class='ocr_carea' id='block_1_103' title="bbox 541 5591 1529 5664">
    <p class='ocr_par' dir='ltr' id='par_1_103' title="bbox 541 5591 1529 5664">
     <span class='ocr_line' id='line_1_103' title="bbox 541 5591 1529 5664; baseline 0.001 -18"><span class='ocrx_word' id='word_1_770' title='bbox 541 5591 903 5664; x_wconf 74' lang='lat' dir='ltr'><strong>cathedralem</strong></span> <span class='ocrx_word' id='word_1_771' title='bbox 934 5595 1210 5649; x_wconf 83' lang='lat' dir='ltr'><strong>ecclesiam</strong></span> <span class='ocrx_word' id='word_1_772' title='bbox 1241 5591 1529 5664; x_wconf 83' lang='lat' dir='ltr'><strong>designari.</strong></span> 
     </span>
    </p>
   </div>
   <div class='ocr_carea' id='block_1_104' title="bbox 610 5660 1300 5734">
    <p class='ocr_par' dir='ltr' id='par_1_104' title="bbox 610 5660 1300 5734">
     <span class='ocr_line' id='line_1_104' title="bbox 610 5660 1300 5734; baseline 0.004 -18"><span class='ocrx_word' id='word_1_773' title='bbox 610 5660 636 5699; x_wconf 73' lang='grc' dir='ltr'>ά</span> <span class='ocrx_word' id='word_1_774' title='bbox 671 5663 820 5727; x_wconf 73' lang='lat' dir='ltr'><strong>liec.,</strong></span> <span class='ocrx_word' id='word_1_775' title='bbox 842 5667 983 5734; x_wconf 79' lang='lat' dir='ltr'><strong>apud</strong></span> <span class='ocrx_word' id='word_1_776' title='bbox 1006 5664 1300 5720; x_wconf 76' lang='lat' dir='ltr'><strong>Maldesim.</strong></span> 
     </span>
    </p>
   </div>
   <div class='ocr_carea' id='block_1_105' title="bbox 610 5732 2122 5804">
    <p class='ocr_par' dir='ltr' id='par_1_105' title="bbox 610 5732 2122 5804">
     <span class='ocr_line' id='line_1_105' title="bbox 610 5732 2122 5804; baseline 0.001 -16"><span class='ocrx_word' id='word_1_777' title='bbox 610 5732 1014 5802; x_wconf 63' lang='lat' dir='ltr'><strong>‘Confercap.</strong></span> <span class='ocrx_word' id='word_1_778' title='bbox 1049 5739 1082 5789; x_wconf 78' lang='lat'><strong>5</strong></span> <span class='ocrx_word' id='word_1_779' title='bbox 1127 5736 1218 5788; x_wconf 90' lang='lat' dir='ltr'><strong>lib.</strong></span> <span class='ocrx_word' id='word_1_780' title='bbox 1249 5751 1322 5798; x_wconf 78' lang='lat' dir='ltr'><strong>vr,</strong></span> <span class='ocrx_word' id='word_1_781' title='bbox 1369 5736 1456 5789; x_wconf 85' lang='lat' dir='ltr'><strong>ubi</strong></span> <span class='ocrx_word' id='word_1_782' title='bbox 1500 5735 1568 5790; x_wconf 88' lang='lat' dir='ltr'><strong>de</strong></span> <span class='ocrx_word' id='word_1_783' title='bbox 1613 5732 1961 5790; x_wconf 86' lang='lat' dir='ltr'><strong>Gumtramno</strong></span> <span class='ocrx_word' id='word_1_784' title='bbox 2005 5736 2122 5804; x_wconf 85' lang='lat' dir='ltr'><strong>pel-</strong></span> 
     </span>
    </p>
   </div>
   <div class='ocr_carea' id='block_1_106' title="bbox 543 5803 2111 5872">
    <p class='ocr_par' dir='ltr' id='par_1_106' title="bbox 543 5803 2111 5872">
     <span class='ocr_line' id='line_1_106' title="bbox 543 5803 2111 5872; baseline 0.004 -18"><span class='ocrx_word' id='word_1_785' title='bbox 543 5803 698 5858; x_wconf 87' lang='lat' dir='ltr'><strong>lendo</strong></span> <span class='ocrx_word' id='word_1_786' title='bbox 727 5816 902 5858; x_wconf 86' lang='lat' dir='ltr'><strong>actum</strong></span> <span class='ocrx_word' id='word_1_787' title='bbox 952 5805 1144 5868; x_wconf 86' lang='lat' dir='ltr'><strong>fuerat,</strong></span> <span class='ocrx_word' id='word_1_788' title='bbox 1177 5807 1265 5872; x_wconf 89' lang='lat' dir='ltr'><strong>qui</strong></span> <span class='ocrx_word' id='word_1_789' title='bbox 1296 5807 1680 5859; x_wconf 68' lang='lat' dir='ltr'><strong>contentiones</strong></span> <span class='ocrx_word' id='word_1_790' title='bbox 1723 5808 1838 5859; x_wconf 88' lang='lat' dir='ltr'><strong>illas</strong></span> <span class='ocrx_word' id='word_1_791' title='bbox 1861 5821 1931 5860; x_wconf 84' lang='lat' dir='ltr'><strong>ex</strong></span> <span class='ocrx_word' id='word_1_792' title='bbox 1963 5803 2111 5862; x_wconf 82' lang='lat' dir='ltr'><strong>Citii-</strong></span> 
     </span>
    </p>
   </div>
   <div class='ocr_carea' id='block_1_107' title="bbox 542 5876 1869 5941">
    <p class='ocr_par' dir='ltr' id='par_1_107' title="bbox 542 5876 1869 5941">
     <span class='ocr_line' id='line_1_107' title="bbox 542 5876 1869 5941; baseline 0.002 -13"><span class='ocrx_word' id='word_1_793' title='bbox 542 5877 703 5939; x_wconf 86' lang='lat' dir='ltr'><strong>perici</strong></span> <span class='ocrx_word' id='word_1_794' title='bbox 733 5876 948 5931; x_wconf 85' lang='lat' dir='ltr'><strong>scriniis</strong></span> <span class='ocrx_word' id='word_1_795' title='bbox 979 5885 1107 5931; x_wconf 87' lang='lat' dir='ltr'><strong>tunc</strong></span> <span class='ocrx_word' id='word_1_796' title='bbox 1128 5878 1180 5929; x_wconf 87' lang='lat' dir='ltr'><strong>in</strong></span> <span class='ocrx_word' id='word_1_797' title='bbox 1207 5889 1301 5931; x_wconf 81' lang='lat' dir='ltr'><strong>sua</strong></span> <span class='ocrx_word' id='word_1_798' title='bbox 1329 5883 1591 5941; x_wconf 82' lang='lat' dir='ltr'><strong>potestate</strong></span> <span class='ocrx_word' id='word_1_799' title='bbox 1621 5877 1869 5932; x_wconf 85' lang='lat' dir='ltr'><strong>habebat.</strong></span> 
     </span>
    </p>
   </div>
   <div class='ocr_carea' id='block_1_108' title="bbox 2236 4733 3815 4805">
    <p class='ocr_par' dir='ltr' id='par_1_108' title="bbox 2236 4733 3815 4805">
     <span class='ocr_line' id='line_1_108' title="bbox 2236 4733 3815 4805; baseline 0.001 -19"><span class='ocrx_word' id='word_1_800' title='bbox 2236 4734 2342 4802; x_wconf 88' lang='lat' dir='ltr'><strong>p0ti</strong></span> <span class='ocrx_word' id='word_1_801' title='bbox 2372 4749 2470 4788; x_wconf 88' lang='lat' dir='ltr'><strong>suo</strong></span> <span class='ocrx_word' id='word_1_802' title='bbox 2500 4733 2836 4790; x_wconf 74' lang='lat' dir='ltr'><strong>Chlothario.</strong></span> <span class='ocrx_word' id='word_1_803' title='bbox 2868 4736 3305 4792; x_wconf 84' lang='lat' dir='ltr'><strong>Guntcliratnnus</strong></span> <span class='ocrx_word' id='word_1_804' title='bbox 3338 4753 3462 4792; x_wconf 86' lang='lat' dir='ltr'><strong>vero</strong></span> <span class='ocrx_word' id='word_1_805' title='bbox 3489 4753 3583 4792; x_wconf 73' lang='lat' dir='ltr'><strong>rex</strong></span> <span class='ocrx_word' id='word_1_806' title='bbox 3609 4736 3815 4805; x_wconf 79' lang='lat' dir='ltr'><strong>omnia,</strong></span> 
     </span>
    </p>
   </div>
   <div class='ocr_carea' id='block_1_109' title="bbox 2231 4827 3815 4897">
    <p class='ocr_par' dir='ltr' id='par_1_109' title="bbox 2231 4827 3815 4897">
     <span class='ocr_line' id='line_1_109' title="bbox 2231 4827 3815 4897; baseline 0.002 -18"><span class='ocrx_word' id='word_1_807' title='bbox 2231 4843 2346 4895; x_wconf 72' lang='lat' dir='ltr'><strong>qua:</strong></span> <span class='ocrx_word' id='word_1_808' title='bbox 2381 4827 2564 4882; x_wconf 63' lang='lat' dir='ltr'><strong>titlelcs</strong></span> <span class='ocrx_word' id='word_1_809' title='bbox 2590 4828 2728 4896; x_wconf 79' lang='lat' dir='ltr'><strong>regis</strong></span> <span class='ocrx_word' id='word_1_810' title='bbox 2753 4828 3034 4897; x_wconf 77' lang='lat' dir='ltr'><strong>Chilperici</strong></span> <span class='ocrx_word' id='word_1_811' title='bbox 3067 4843 3173 4883; x_wconf 90' lang='lat' dir='ltr'><strong>non</strong></span> <span class='ocrx_word' id='word_1_812' title='bbox 3207 4838 3349 4884; x_wconf 89' lang='lat' dir='ltr'><strong>recte</strong></span> <span class='ocrx_word' id='word_1_813' title='bbox 3378 4829 3608 4885; x_wconf 85' lang='lat' dir='ltr'><strong>diversis</strong></span> <span class='ocrx_word' id='word_1_814' title='bbox 3633 4829 3815 4884; x_wconf 85' lang='lat' dir='ltr'><strong>abstu-</strong></span> 
     </span>
    </p>
   </div>
   <div class='ocr_carea' id='block_1_110' title="bbox 2303 4956 3814 5032">
    <p class='ocr_par' dir='ltr' id='par_1_110' title="bbox 2303 4956 3814 5032">
     <span class='ocr_line' id='line_1_110' title="bbox 2303 4956 3814 5032; baseline 0.003 -21"><span class='ocrx_word' id='word_1_815' title='bbox 2303 4956 2457 5032; x_wconf 32' lang='lat' dir='ltr'><strong>T‘llic</strong></span> <span class='ocrx_word' id='word_1_816' title='bbox 2485 4965 2830 5032; x_wconf 72' lang='lat' dir='ltr'><strong>przecazteris</strong></span> <span class='ocrx_word' id='word_1_817' title='bbox 2869 4963 3071 5014; x_wconf 88' lang='lat' dir='ltr'><strong>electus</strong></span> <span class='ocrx_word' id='word_1_818' title='bbox 3101 4961 3293 5026; x_wconf 88' lang='lat' dir='ltr'><strong>fuerat,</strong></span> <span class='ocrx_word' id='word_1_819' title='bbox 3324 4964 3467 5031; x_wconf 90' lang='lat' dir='ltr'><strong>quod</strong></span> <span class='ocrx_word' id='word_1_820' title='bbox 3501 4961 3554 5032; x_wconf 90' lang='lat' dir='ltr'><strong>in</strong></span> <span class='ocrx_word' id='word_1_821' title='bbox 3586 4962 3814 5032; x_wconf 85' lang='lat' dir='ltr'><strong>pcrjnris</strong></span> 
     </span>
    </p>
   </div>
   <div class='ocr_carea' id='block_1_111' title="bbox 2231 5027 3812 5103">
    <p class='ocr_par' dir='ltr' id='par_1_111' title="bbox 2231 5027 3812 5103">
     <span class='ocr_line' id='line_1_111' title="bbox 2231 5027 3812 5103; baseline 0.004 -23"><span class='ocrx_word' id='word_1_822' title='bbox 2231 5027 2522 5103; x_wconf 77' lang='lat' dir='ltr'><strong>puniendis</strong></span> <span class='ocrx_word' id='word_1_823' title='bbox 2541 5031 2769 5103; x_wconf 86' lang='lat' dir='ltr'><strong>celebris</strong></span> <span class='ocrx_word' id='word_1_824' title='bbox 2796 5041 2958 5095; x_wconf 88' lang='lat' dir='ltr'><strong>esset,</strong></span> <span class='ocrx_word' id='word_1_825' title='bbox 3007 5041 3064 5084; x_wconf 89' lang='lat' dir='ltr'><strong>ut</strong></span> <span class='ocrx_word' id='word_1_826' title='bbox 3107 5027 3480 5103; x_wconf 55' lang='lat' dir='ltr'><strong>testatur&#39;ipse</strong></span> <span class='ocrx_word' id='word_1_827' title='bbox 3525 5027 3812 5103; x_wconf 74' lang='lat' dir='ltr'><strong>Gregorius</strong></span> 
     </span>
    </p>
   </div>
   <div class='ocr_carea' id='block_1_112' title="bbox 2228 5100 3178 5170">
    <p class='ocr_par' dir='ltr' id='par_1_112' title="bbox 2228 5100 3178 5170">
     <span class='ocr_line' id='line_1_112' title="bbox 2228 5100 3178 5170; baseline 0.008 -19"><span class='ocrx_word' id='word_1_828' title='bbox 2228 5100 2321 5153; x_wconf 82' lang='lat' dir='ltr'><strong>lib.</strong></span> <span class='ocrx_word' id='word_1_829' title='bbox 2350 5115 2366 5156; x_wconf 92' lang='lat' dir='ltr'><strong>I</strong></span> <span class='ocrx_word' id='word_1_830' title='bbox 2392 5102 2457 5154; x_wconf 88' lang='lat' dir='ltr'><strong>de</strong></span> <span class='ocrx_word' id='word_1_831' title='bbox 2488 5101 2666 5155; x_wconf 77' lang='lat' dir='ltr'><strong>Gloria</strong></span> <span class='ocrx_word' id='word_1_832' title='bbox 2699 5102 2878 5166; x_wconf 77' lang='lat' dir='ltr'><strong>Mart.,</strong></span> <span class='ocrx_word' id='word_1_833' title='bbox 2903 5117 3021 5170; x_wconf 84' lang='lat' dir='ltr'><strong>cap.</strong></span> <span class='ocrx_word' id='word_1_834' title='bbox 3061 5104 3178 5159; x_wconf 73' lang='grc'><strong>105.</strong></span> 
     </span>
    </p>
   </div>
   <div class='ocr_carea' id='block_1_113' title="bbox 2300 5169 3806 5242">
    <p class='ocr_par' dir='ltr' id='par_1_113' title="bbox 2300 5169 3806 5242">
     <span class='ocr_line' id='line_1_113' title="bbox 2300 5169 3806 5242; baseline 0.004 -19"><span class='ocrx_word' id='word_1_835' title='bbox 2300 5181 2325 5217; x_wconf 82' lang='lat' dir='ltr'><strong>t5</strong></span> <span class='ocrx_word' id='word_1_836' title='bbox 2358 5169 2724 5235; x_wconf 79' lang='lat' dir='ltr'><strong>Fredegundis</strong></span> <span class='ocrx_word' id='word_1_837' title='bbox 2765 5169 3115 5225; x_wconf 85' lang='lat' dir='ltr'><strong>accusabatur</strong></span> <span class='ocrx_word' id='word_1_838' title='bbox 3157 5175 3298 5242; x_wconf 89' lang='lat' dir='ltr'><strong>quod</strong></span> <span class='ocrx_word' id='word_1_839' title='bbox 3344 5173 3764 5229; x_wconf 83' lang='lat' dir='ltr'><strong>Gailesvintham</strong></span> <span class='ocrx_word' id='word_1_840' title='bbox 3791 5216 3806 5236; x_wconf 88' lang='lat'><strong>,</strong></span> 
     </span>
    </p>
   </div>
   <div class='ocr_carea' id='block_1_114' title="bbox 2228 5239 3809 5316">
    <p class='ocr_par' dir='ltr' id='par_1_114' title="bbox 2228 5239 3809 5316">
     <span class='ocr_line' id='line_1_114' title="bbox 2228 5239 3809 5316; baseline 0.005 -24"><span class='ocrx_word' id='word_1_841' title='bbox 2228 5239 2558 5316; x_wconf 79' lang='lat' dir='ltr'><strong>Childeberti</strong></span> <span class='ocrx_word' id='word_1_842' title='bbox 2587 5252 2928 5316; x_wconf 85' lang='lat' dir='ltr'><strong>materteram</strong></span> <span class='ocrx_word' id='word_1_843' title='bbox 2960 5239 3278 5316; x_wconf 82' lang='lat' dir='ltr'><strong>strangulari</strong></span> <span class='ocrx_word' id='word_1_844' title='bbox 3310 5244 3542 5310; x_wconf 84' lang='lat' dir='ltr'><strong>fecisset,</strong></span> <span class='ocrx_word' id='word_1_845' title='bbox 3573 5263 3636 5301; x_wconf 87' lang='lat' dir='ltr'><strong>ac</strong></span> <span class='ocrx_word' id='word_1_846' title='bbox 3666 5248 3809 5316; x_wconf 79' lang='lat' dir='ltr'><strong>Sigi—</strong></span> 
     </span>
    </p>
   </div>
   <div class='ocr_carea' id='block_1_115' title="bbox 2227 5309 3805 5385">
    <p class='ocr_par' dir='ltr' id='par_1_115' title="bbox 2227 5309 3805 5385">
     <span class='ocr_line' id='line_1_115' title="bbox 2227 5309 3805 5385; baseline 0.006 -25"><span class='ocrx_word' id='word_1_847' title='bbox 2227 5309 2433 5385; x_wconf 71' lang='lat' dir='ltr'><strong>bcrtum</strong></span> <span class='ocrx_word' id='word_1_848' title='bbox 2485 5311 2722 5379; x_wconf 75' lang='lat' dir='ltr'><strong>ejusdem</strong></span> <span class='ocrx_word' id='word_1_849' title='bbox 2759 5325 2982 5380; x_wconf 76' lang='lat' dir='ltr'><strong>patrem,</strong></span> <span class='ocrx_word' id='word_1_850' title='bbox 3030 5309 3391 5383; x_wconf 77' lang='lat' dir='ltr'><strong>(lliilpcricum</strong></span> <span class='ocrx_word' id='word_1_851' title='bbox 3437 5309 3805 5385; x_wconf 36' lang='lat' dir='ltr'><strong>patronmfet</strong></span> 
     </span>
    </p>
   </div>
   <div class='ocr_carea' id='block_1_116' title="bbox 2227 5381 3809 5456">
    <p class='ocr_par' dir='ltr' id='par_1_116' title="bbox 2227 5381 3809 5456">
     <span class='ocr_line' id='line_1_116' title="bbox 2227 5381 3809 5456; baseline 0.006 -24"><span class='ocrx_word' id='word_1_852' title='bbox 2227 5381 2592 5456; x_wconf 85' lang='lat' dir='ltr'><strong>Cblodoveuni</strong></span> <span class='ocrx_word' id='word_1_853' title='bbox 2623 5400 2684 5438; x_wconf 88' lang='lat' dir='ltr'><strong>ac</strong></span> <span class='ocrx_word' id='word_1_854' title='bbox 2719 5385 3022 5439; x_wconf 71' lang='lat' dir='ltr'><strong>Meroveum</strong></span> <span class='ocrx_word' id='word_1_855' title='bbox 3046 5381 3237 5441; x_wconf 78' lang='lat' dir='ltr'><strong>fratres</strong></span> <span class='ocrx_word' id='word_1_856' title='bbox 3269 5388 3385 5456; x_wconf 86' lang='lat' dir='ltr'><strong>ejus</strong></span> <span class='ocrx_word' id='word_1_857' title='bbox 3411 5381 3699 5456; x_wconf 60' lang='lat' dir='ltr'><strong>patrueles,</strong></span> <span class='ocrx_word' id='word_1_858' title='bbox 3727 5389 3809 5442; x_wconf 92' lang='lat' dir='ltr'><strong>in-</strong></span> 
     </span>
    </p>
   </div>
   <div class='ocr_carea' id='block_1_117' title="bbox 2228 5454 2794 5521">
    <p class='ocr_par' dir='ltr' id='par_1_117' title="bbox 2228 5454 2794 5521">
     <span class='ocr_line' id='line_1_117' title="bbox 2228 5454 2794 5521; baseline 0.005 -17"><span class='ocrx_word' id='word_1_859' title='bbox 2228 5454 2402 5521; x_wconf 85' lang='lat' dir='ltr'><strong>terimi</strong></span> <span class='ocrx_word' id='word_1_860' title='bbox 2437 5464 2794 5521; x_wconf 86' lang='lat' dir='ltr'><strong>procurasset.</strong></span> 
     </span>
    </p>
   </div>
   <div class='ocr_carea' id='block_1_118' title="bbox 2297 5520 3809 5602">
    <p class='ocr_par' dir='ltr' id='par_1_118' title="bbox 2297 5520 3809 5602">
     <span class='ocr_line' id='line_1_118' title="bbox 2297 5520 3809 5602; baseline 0.007 -28"><span class='ocrx_word' id='word_1_861' title='bbox 2297 5520 2545 5602; x_wconf 31' lang='grc' dir='ltr'><strong>περίρρεε...</strong></span> <span class='ocrx_word' id='word_1_862' title='bbox 2571 5535 2624 5577; x_wconf 89' lang='lat' dir='ltr'><strong>et</strong></span> <span class='ocrx_word' id='word_1_863' title='bbox 2653 5525 2806 5602; x_wconf 83' lang='lat' dir='ltr'><strong>Colb.</strong></span> <span class='ocrx_word' id='word_1_864' title='bbox 2832 5539 2885 5580; x_wconf 89' lang='lat' dir='ltr'><strong>a.</strong></span> <span class='ocrx_word' id='word_1_865' title='bbox 2908 5523 3005 5578; x_wconf 89' lang='lat' dir='ltr'><strong>alia</strong></span> <span class='ocrx_word' id='word_1_866' title='bbox 3025 5541 3204 5595; x_wconf 90' lang='lat' dir='ltr'><strong>manu,</strong></span> <span class='ocrx_word' id='word_1_867' title='bbox 3230 5529 3578 5597; x_wconf 78' lang='lat' dir='ltr'><strong>promittebat.</strong></span> <span class='ocrx_word' id='word_1_868' title='bbox 3596 5529 3809 5602; x_wconf 53' lang='lat' dir='ltr'><strong>Regum</strong></span> 
     </span>
    </p>
   </div>
   <div class='ocr_carea' id='block_1_119' title="bbox 2227 5593 3062 5662">
    <p class='ocr_par' dir='ltr' id='par_1_119' title="bbox 2227 5593 3062 5662">
     <span class='ocr_line' id='line_1_119' title="bbox 2227 5593 3062 5662; baseline 0.005 -16"><span class='ocrx_word' id='word_1_869' title='bbox 2227 5607 2280 5646; x_wconf 82' lang='lat' dir='ltr'><strong>se</strong></span> <span class='ocrx_word' id='word_1_870' title='bbox 2305 5593 2417 5659; x_wconf 80' lang='lat' dir='ltr'><strong>ﬁeri</strong></span> <span class='ocrx_word' id='word_1_871' title='bbox 2449 5593 2591 5646; x_wconf 80' lang='lat' dir='ltr'><strong>illius</strong></span> <span class='ocrx_word' id='word_1_872' title='bbox 2620 5599 2922 5662; x_wconf 70' lang='lat' dir='ltr'><strong>maximum,</strong></span> <span class='ocrx_word' id='word_1_873' title='bbox 2956 5607 3062 5651; x_wconf 87' lang='lat' dir='ltr'><strong>etc.</strong></span> 
     </span>
    </p>
   </div>
   <div class='ocr_carea' id='block_1_120' title="bbox 2304 5664 3781 5740">
    <p class='ocr_par' dir='ltr' id='par_1_120' title="bbox 2304 5664 3781 5740">
     <span class='ocr_line' id='line_1_120' title="bbox 2304 5664 3781 5740; baseline 0.007 -22"><span class='ocrx_word' id='word_1_874' title='bbox 2304 5664 2320 5702; x_wconf 74' lang='grc' dir='ltr'>ι</span> <span class='ocrx_word' id='word_1_875' title='bbox 2353 5665 2500 5740; x_wconf 77' lang='lat' dir='ltr'><strong>Idem</strong></span> <span class='ocrx_word' id='word_1_876' title='bbox 2529 5680 2592 5720; x_wconf 87' lang='lat' dir='ltr'><strong>ac</strong></span> <span class='ocrx_word' id='word_1_877' title='bbox 2623 5677 2842 5734; x_wconf 89' lang='lat' dir='ltr'><strong>patruus</strong></span> <span class='ocrx_word' id='word_1_878' title='bbox 2873 5683 3067 5740; x_wconf 83' lang='lat' dir='ltr'><strong>nomen</strong></span> <span class='ocrx_word' id='word_1_879' title='bbox 3100 5669 3350 5740; x_wconf 87' lang='lat' dir='ltr'><strong>habebat;</strong></span> <span class='ocrx_word' id='word_1_880' title='bbox 3382 5672 3615 5740; x_wconf 90' lang='lat' dir='ltr'><strong>priorem</strong></span> <span class='ocrx_word' id='word_1_881' title='bbox 3647 5671 3781 5729; x_wconf 91' lang='lat' dir='ltr'><strong>Chlo</strong></span> 
     </span>
    </p>
   </div>
   <div class='ocr_carea' id='block_1_121' title="bbox 2226 5733 3803 5810">
    <p class='ocr_par' dir='ltr' id='par_1_121' title="bbox 2226 5733 3803 5810">
     <span class='ocr_line' id='line_1_121' title="bbox 2226 5733 3803 5810; baseline 0.006 -24"><span class='ocrx_word' id='word_1_882' title='bbox 2226 5733 2558 5810; x_wconf 75' lang='lat' dir='ltr'><strong>thaeharium</strong></span> <span class='ocrx_word' id='word_1_883' title='bbox 2581 5733 2645 5810; x_wconf 69' lang='lat' dir='ltr'><strong>ex</strong></span> <span class='ocrx_word' id='word_1_884' title='bbox 2666 5739 3041 5810; x_wconf 78' lang='lat' dir='ltr'><strong>vetustissimis</strong></span> <span class='ocrx_word' id='word_1_885' title='bbox 3062 5739 3218 5795; x_wconf 86' lang='lat' dir='ltr'><strong>codd.</strong></span> <span class='ocrx_word' id='word_1_886' title='bbox 3250 5733 3566 5810; x_wconf 79' lang='lat' dir='ltr'><strong>scripsimus</strong></span> <span class='ocrx_word' id='word_1_887' title='bbox 3599 5760 3611 5796; x_wconf 87' lang='lat'><strong>:</strong></span> <span class='ocrx_word' id='word_1_888' title='bbox 3646 5743 3803 5796; x_wconf 85' lang='lat' dir='ltr'><strong>istum</strong></span> 
     </span>
    </p>
   </div>
   <div class='ocr_carea' id='block_1_122' title="bbox 2224 5805 3804 5877">
    <p class='ocr_par' dir='ltr' id='par_1_122' title="bbox 2224 5805 3804 5877">
     <span class='ocr_line' id='line_1_122' title="bbox 2224 5805 3804 5877; baseline 0.009 -22"><span class='ocrx_word' id='word_1_889' title='bbox 2224 5820 2349 5860; x_wconf 83' lang='lat' dir='ltr'><strong>vero</strong></span> <span class='ocrx_word' id='word_1_890' title='bbox 2391 5805 2740 5877; x_wconf 74' lang='lat' dir='ltr'><strong>(I/tlotarium,</strong></span> <span class='ocrx_word' id='word_1_891' title='bbox 2800 5822 2894 5862; x_wconf 81' lang='lat' dir='ltr'><strong>seu</strong></span> <span class='ocrx_word' id='word_1_892' title='bbox 2938 5806 3289 5877; x_wconf 76' lang='lat' dir='ltr'><strong>Chtoturium,</strong></span> <span class='ocrx_word' id='word_1_893' title='bbox 3339 5805 3428 5865; x_wconf 52' lang='lat' dir='ltr'><strong>a&#39;ut</strong></span> <span class='ocrx_word' id='word_1_894' title='bbox 3471 5812 3804 5870; x_wconf 72' lang='lat' dir='ltr'><strong>Hier/iuriam</strong></span> 
     </span>
    </p>
   </div>
   <div class='ocr_carea' id='block_1_123' title="bbox 2222 5876 3605 5952">
    <p class='ocr_par' dir='ltr' id='par_1_123' title="bbox 2222 5876 3605 5952">
     <span class='ocr_line' id='line_1_123' title="bbox 2222 5876 3605 5952; baseline 0.007 -22"><span class='ocrx_word' id='word_1_895' title='bbox 2222 5876 2406 5945; x_wconf 83' lang='lat' dir='ltr'><strong>scripti</strong></span> <span class='ocrx_word' id='word_1_896' title='bbox 2436 5879 2606 5933; x_wconf 76' lang='lat' dir='ltr'><strong>nostri</strong></span> <span class='ocrx_word' id='word_1_897' title='bbox 2638 5878 2796 5946; x_wconf 76' lang='lat' dir='ltr'><strong>vulgo</strong></span> <span class='ocrx_word' id='word_1_898' title='bbox 2826 5880 3118 5950; x_wconf 78' lang='lat' dir='ltr'><strong>appellant,</strong></span> <span class='ocrx_word' id='word_1_899' title='bbox 3148 5876 3283 5952; x_wconf 82' lang='lat' dir='ltr'><strong>quos</strong></span> <span class='ocrx_word' id='word_1_900' title='bbox 3313 5884 3605 5952; x_wconf 86' lang='lat' dir='ltr'><strong>sequimur.</strong></span> 
     </span>
    </p>
   </div>
  </div>
