4096 6344
574 369 672 425 £25

1559 366 1617 423 S.
1657 364 1989 422 GREGORII
2026 363 2336 423 EPISCOPI
2373 362 2803 423 TURONENSIS

3730 360 3869 413 ιιΞί

571 495 655 544 tus
684 487 754 543 de
781 498 948 555 regno
967 482 1261 541 Cha‘riberti
1286 481 1463 537 fratris
1485 483 1567 537 sui
1590 492 1891 552 acceperat,
1914 483 2143 549 direxit;
2173 486 2228 545 Α
2252 483 2354 537 nisi
2385 490 2584 535 tantum
2609 482 2754 551 jussa
2779 475 3037 547 principis
3068 474 3384 543 adimplere.
3414 472 3546 527 Nam
3580 473 3626 528 si
3663 488 3869 528 nome-

572 591 627 635 ut
659 581 935 650 exigentes
982 586 1335 642 sacramenta,
1365 575 1478 630 suis
1512 589 1604 629 eas
1632 574 1930 629 ditionibus
1959 574 2146 643 subju-

572 681 776 743 garent.
800 668 1053 726 Turonici
1075 684 1202 723 vero
1224 677 1380 737 atque
1408 667 1613 721 Pictavi
1637 665 1701 720 ad
1715 664 2146 736 Childcbertum,

495 835 499 839 ἡ
574 765 823 835 Sigiberti
873 764 1065 829 ﬁlium,
1119 764 1347 816 transire
1393 760 1706 815 voluerunt:
1757 760 1852 815 sed
1896 759 2150 815 commoti

574 858 788 913 Biturici
822 860 1021 912 'contra
1069 870 1164 911 eos
1212 856 1399 911 venire
1442 856 1764 926 disponunt,
1821 866 1980 924 atque
2016 854 2151 909 intra

572 954 853 1009 terminum
902 950 1227 1005 Turonicum
1292 950 1535 1005 incendia
1595 949 1771 1005 facere
1843 957 2146 1018 coeperunt.

572 1044 723 1099 Tunc
750 1042 1160 1113 Marojalensem
1189 1050 1215 1079 ι
1247 1042 1527 1096 ecclesiam
1557 1040 1768 1095 termini
1798 1040 2069 1105 Turonici,
2098 1040 2150 1094 in

571 1150 671 1207 qua
723 1135 893 1191 sancti
945 1133 1159 1189 Martini
1202 1132 1445 1202 reliquiae
1496 1131 1847 1199 habebantur,
1901 1130 2152 1187 inccndio

569 1232 1020 1282 concremarunt:
1048 1222 1143 1277 sed
1174 1222 1340 1277 virtus
1369 1222 1508 1276 beati
1536 1220 1705 1276 adfuit
1725 1264 1738 1285 ,
1766 1228 1825 1275 ut
1850 1220 1902 1275 in
1936 1230 2039 1275 tam
2062 1236 2155 1273 va-

569 1316 678 1371 lido
709 1314 959 1371 incendio
1004 1314 1240 1385 pallulze,
1272 1329 1390 1383 quae
1437 1328 1597 1384 super
1643 1312 1894 1367 altarium
1945 1313 2155 1366 fuerant

572 1407 777 1477 positze,
812 1421 919 1461 non
970 1414 1411 1459 consumerentur
1438 1405 1505 1459 ab
1548 1405 1690 1474 igne.
1736 1404 1802 1458 Et
1832 1418 1939 1457 non
1984 1401 2153 1457 solum

570 1499 720 1570 ipsze,
774 1499 869 1554 sed
899 1497 1061 1552 etiam
1103 1496 1341 1551 herbulae
1369 1497 1495 1552 olim
1548 1496 1807 1561 collectae,
1862 1494 2156 1564 altarioque

570 1592 785 1656 locatae,
818 1603 1151 1659 nequaquam
1176 1600 1378 1643 exuStae
1412 1598 1538 1643 sunt
1559 1587 1611 1641 δ.
1645 1587 1775 1655 Quae
1807 1587 2049 1642 incendia
2072 1586 2154 1640 vi-

569 1682 759 1737 dentes
783 1681 1057 1752 Turonici,
1083 1682 1400 1752 legationem
1434 1684 1671 1743 mittunt,
1698 1681 1942 1736 dicentes
1965 1680 2155 1735 melius

570 1777 672 1833 sibi
701 1791 820 1832 esse
848 1777 915 1832 ad
947 1786 1155 1846 tempus
1186 1775 1592 1831 Guntchramno
1622 1775 1733 1844 regi
1788 1773 1965 1839 subdi,
1995 1788 2154 1842 quam

573 1880 767 1926 cuncta
796 1870 1046 1926 incendio
1072 1882 1162 1925 aut
1192 1870 1335 1926 ferro
1364 1870 1584 1925 vastari.

640 1983 776 2039 Xlll.
822 1984 1111 2039 Confestim
1162 1991 1341 2039 autem
1395 1992 1516 2053 post
1567 1991 1795 2038 mortem
1846 1980 2151 2051 Chilperici,

574 2073 859 2133 Gararicus
889 2076 997 2130 dux
1026 2075 1340 2131 Lemovices
1382 2083 1704 2141 accesserat,
1738 2084 1793 2130 et
1820 2082 2153 2128 sacramenta

573 2182 638 2222 ex
686 2166 902 2223 nomine
936 2167 1265 2224 Childeberti
1313 2178 1653 2239 susceperat;
1686 2168 1883 2223 exinde
1932 2168 2155 2222 Pictavis

572 2260 815 2325 veniens,
843 2260 910 2314 ab
932 2261 1064 2330 ipsis
1103 2270 1350 2330 receptus
1380 2272 1480 2327 est,
1510 2271 1564 2316 et
1590 2261 1662 2315 ibi
1692 2262 2023 2317 morabatur.
2048 2260 2160 2315 Au-

570 2351 723 2406 diens
748 2363 921 2407 autem
950 2369 1068 2423 qua:
1110 2354 1361 2409 Turonici
1394 2355 1757 2424 patiebantur,
1812 2356 1971 2410 mittit
2013 2355 2159 2423 lega-

572 2440 794 2508 tionem,
834 2443 1107 2498 obtestans
1148 2459 1216 2499 ne
1261 2461 1358 2499 nos
1404 2444 1472 2498 ad
1520 2456 1723 2514 partem
1768 2445 2157 2501 Guntchramni

572 2530 719 2604 regis
750 2538 962 2591 tradere
1017 2538 1370 2603 deberemus,
1422 2538 1469 2592 si
1526 2539 1681 2593 nobis
1733 2539 1987 2594 vellemus
2038 2553 2160 2594 esse

572 2628 873 2681 consultum
922 2644 934 2679 :
968 2628 1062 2682 sed
1093 2630 1493 2683 meminerimus
1543 2629 1717 2698 potius
1750 2630 2020 2699 Sigiberti,
2069 2630 2161 2699 qui

572 2718 842 2786 quondam
889 2722 1101 2788 genitor
1146 2721 1473 2775 Cbildeberti
1521 2720 1683 2792 340
1736 2721 1853 2776 fuit.
1894 2720 2003 2777 Nos
2033 2736 2160 2777 vero

571 2806 689 2864 haec
714 2825 923 2865 rursum
949 2811 1205 2882 episcopo
1236 2823 1290 2869 et
1317 2813 1520 2869 civibus
1548 2814 1795 2869 mandata
1820 2815 2159 2883 remisimus,

571 2902 713 2972 quod
758 2903 862 2958 nisi
904 2919 963 2959 se
991 2904 1059 2959 ad
1111 2914 1327 2976 tempus
1368 2904 1774 2963 Guntchramno
1802 2908 1916 2978 regi
1966 2908 2162 2965 subde-

571 3003 711 3064 rent,
746 2996 939 3051 similia
974 2998 1310 3067 paterenturl,
1342 3010 1647 3056 asserentes
1696 3000 1836 3055 hunc
1867 3015 1991 3057 esse
2021 3016 2163 3056 nunc

572 3099 780 3158 patrem
815 3106 979 3161 super
1008 3092 1141 3146 duos
1175 3092 1330 3156 ﬁlios,
1387 3093 1643 3162 Sigiberti
1690 3092 1896 3148 scilicet
1935 3102 1989 3149 et
2018 3092 2163 3148 Chil-

574 3182 759 3249 periei,
792 3183 883 3252 qui
914 3184 962 3238 ei
995 3183 1203 3238 fuerant
1248 3184 1486 3253 adoptati
1531 3202 1542 3237 :
1576 3195 1629 3241 et
1659 3186 1737 3239 sic
1784 3194 1967 3241 tenere
2012 3187 2160 3255 regni

2250 575 2389 640 ritis,
2440 583 2631 629 cuncta
2678 582 2735 627 ut
2784 570 3046 639 cmpimus
3088 568 3453 623 devastamus.
3493 564 3740 637 Cumque
3799 568 3867 620 in

2252 666 2353 721 hoc
2379 680 2467 721 res
2487 673 2755 735 ageretur,
2782 672 2835 717 ut
2863 662 3112 717 universa
3136 660 3407 726 incendio,
3431 659 3657 729 praeda,
3684 669 3871 728 atque

2252 758 2545 827 captivitati
2590 756 2946 820 traderentur,
2989 754 3172 823 ejectis
3202 754 3268 808 de
3289 751 3503 807 civitate
3532 751 3870 807 hominibus

2252 847 2605 915 Childeberti,
2630 859 2965 904 sacramenta
2992 846 3399 902 Guntchramno
3424 846 3535 916 regi
3552 846 3867 912 dederunt,

2252 958 2359 999 non
2389 944 2550 1013 longo
2577 951 2817 1011 tempore
2844 955 2908 995 ea
2937 939 3326 995 custodientes.

2324 1056 2461 1111 XIV.
2497 1056 2659 1125 Igitur
2685 1054 3003 1109 adveniente
3033 1052 3247 1122 placito,
3268 1051 3463 1107 directi
3493 1061 3621 1107 sunt
3643 1068 3676 1107 a
3698 1052 3873 1109 Chii-

2254 1147 2476 1203 deberto
2499 1162 2626 1217 rege
2640 1146 2858 1216 Egidius
2879 1146 3182 1215 episcopus,
3214 1144 3654 1201 Guntchramnus
3680 1146 3867 1215 Boso,

2254 1241 2579 1311 Sigivaldus,
2611 1248 2667 1296 et
2694 1241 2785 1296 alii
2831 1240 2985 1296 multi
3012 1240 3079 1296 ad
3130 1239 3597 1296 Guntchramnum
3644 1256 3867 1311 regem,

2255 1332 2619 1402 ingressisque
2645 1331 2711 1386 ad
2744 1347 2889 1399 eum,
2923 1332 3000 1386 ait
3038 1331 3321 1401 episcopus
3355 1348 3369 1384 :
3400 1329 3618 1386 Gratias
3645 1331 3870 1399 agimus

2260 1423 2369 1477 Deo
2400 1423 2779 1491 omnipotenti,
2812 1437 2845 1477 o
2868 1421 3107 1492 piissime
3147 1436 3262 1488 rex,
3298 1420 3439 1491 quod
3466 1428 3520 1476 te
3560 1432 3688 1491 post
3718 1422 3865 1476 mul-

2259 1525 2341 1571 tos
2372 1517 2583 1572 labores
2628 1516 2940 1587 regionibus
2981 1517 3087 1571 tuis
3129 1530 3399 1585 regnoque
3444 1514 3710 1570 restituit.
3760 1513 3866 1568 Cui

2258 1624 2351 1665 rex
2386 1610 2457 1663 ait
2490 1626 2501 1661 :
2538 1609 2614 1663 Illi
2638 1609 2779 1664 enim
2814 1608 2985 1679 dignae
3023 1618 3145 1663 sunt
3177 1608 3364 1678 gratiae
3400 1606 3731 1672 referendae,
3764 1607 3865 1676 qui

2260 1712 2340 1759 est
2368 1702 2481 1756 Rex
2510 1718 2717 1773 regum,
2741 1710 2796 1755 et
2820 1700 3077 1755 Dominus
3106 1699 3470 1765 dominorum,
3496 1699 3590 1769 qui
3622 1700 3742 1752 haec
3762 1712 3863 1753 sua

2264 1795 2605 1850 miseratione
2634 1796 2844 1863 operari
2871 1793 3117 1863 dignatus
3136 1800 3239 1847 est.
3264 1791 3395 1845 Nam
3418 1805 3521 1844 non
3553 1791 3675 1852 tibi,
3704 1790 3863 1857 cujus

2184 1869 2233 1931 Β
2260 1890 2487 1945 consilio
2510 1888 2668 1961 3A1
2693 1887 2878 1943 doloso
2904 1901 2967 1943 ac
2996 1884 3243 1957 perjuriis
3274 1884 3518 1955 regiones
3543 1898 3681 1939 mea:
3713 1898 3863 1938 anno

2257 1984 2536 2053 superiore
2562 1983 2793 2037 incensae
2814 1990 2972 2047 sunt,
3004 1980 3094 2049 qui
3118 1991 3390 2045 nunquam
3407 1975 3565 2030 ﬁdem
3591 1975 3863 2044 integram

2259 2092 2378 2131 cum
2407 2076 2519 2130 ullo
2574 2074 2793 2129 homine
2849 2071 3101 2136 habuisti,
3154 2072 3306 2141 cujus
3354 2068 3617 2125 dolositas
3649 2068 3860 2139 ubique

2258 2168 2608 2237 dispergitur,
2640 2167 2730 2235 qui
2754 2181 2860 2221 non
2890 2166 3257 2230 sacerdotem,
3290 2161 3384 2217 sed
3408 2162 3686 2216 inimicum
3712 2164 3865 2230 regni

2257 2260 2429 2315 nOSIri
2455 2269 2505 2314 te
2532 2274 2650 2314 esse
2679 2258 2942 2313 declaras.
2976 2257 3056 2312 Ad
3089 2256 3203 2311 haec
3236 2256 3395 2311 verba
3426 2255 3717 2324 episcopus
3750 2256 3861 2308 ira-

2258 2350 2455 2406 cundia
2485 2360 2781 2405 commotus
2810 2349 2976 2403 siluit.
3002 2348 3144 2404 Unus
3178 2357 3354 2403 autem
3380 2362 3445 2402 ex
3469 2347 3662 2415 legatis
3682 2347 3820 2401 dixit
3848 2364 3863 2400 :

2260 2442 2537 2514 Supplicat
2566 2457 2731 2512 nepos
2762 2451 2883 2495 tuus
2909 2439 3307 2504 Childebertus,
3339 2447 3400 2492 ut
3442 2439 3692 2493 civitates
3731 2452 3864 2507 quas

2263 2547 2417 2607 pater
2446 2536 2561 2604 ejus
2592 2533 2780 2599 tenuit,
2814 2531 2961 2586 reddi
2990 2531 3200 2601 jubeas.
3234 2529 3315 2585 Ad
3351 2528 3466 2584 haec
3497 2527 3587 2583 ille
3633 2543 3866 2597 respon-

2263 2629 2341 2685 dit
2382 2627 2544 2683 :Jam
2589 2626 2703 2681 dixi
2746 2624 2898 2681 vobis
2939 2625 3107 2694 prius,
3158 2623 3283 2693 quia
3334 2622 3608 2693 pactiones
3661 2634 3867 2678 nostra:

2263 2720 2397 2777 mihi
2433 2719 2547 2775 haec
2576 2717 2891 2784 conferunt;
2919 2717 3143 2787 ideoque
3167 2732 3255 2771 eas
3279 2716 3507 2772 reddere
3534 2717 3682 2773 nolo.
3710 2716 3867 2773 Alius

2264 2827 2482 2884 quoque
2513 2812 2806 2880 legatorum
2835 2811 2945 2864 ait:
2980 2810 3148 2879 Rogat
3189 2824 3356 2880 nepos
3384 2819 3527 2878 tuus,
3569 2820 3629 2865 ut
3652 2810 3865 2865 Frede-

2264 2907 2499 2976 gundem
2545 2906 2864 2973 maleﬁcam,
2891 2922 2986 2977 per
3013 2921 3169 2976 quam
3205 2907 3357 2961 multi
3392 2920 3542 2976 reges
3581 2903 3871 2960 interfeCti

2264 3009 2413 3066 sunt,
2463 2998 2611 3053 reddi
2652 2999 2862 3069 jubeas,
2892 2999 2958 3052 ad
2987 2998 3345 3053 ulciscendam
3394 3007 3615 3052 mortem
3645 2998 3861 3067 patris,

2266 3092 2444 3161 patrui
2477 3101 2529 3145 et
2556 3090 3001 3145 consobrinorum
3026 3105 3266 3145 suorum.
3309 3088 3397 3143 Ait
3423 3087 3553 3145 ille:
3586 3088 3752 3142 'Iradi
3788 3089 3863 3153 ei,

2269 3185 2463 3254 inquit,
2498 3184 2548 3237 in
2579 3192 2896 3253 potestatem
2928 3199 3033 3237 non
3063 3183 3281 3252 poterit,
3313 3181 3434 3253 quia
3477 3182 3644 3236 ﬁlium
3678 3197 3863 3251 regem

573 3273 950 3344 principatum,
983 3284 1039 3329 ut
1068 3275 1336 3344 quondam
1368 3276 1811 3330 Chlothacliarius
1836 3292 1930 3332 rex
1960 3276 2163 3333 fecerat
2195 3263 2239 3328 C
2272 3278 2454 3335 habet.
2485 3276 2593 3334 Sed
2617 3286 2671 3333 et
2694 3292 2755 3333 ea
2787 3291 2904 3347 quae
2927 3285 3110 3331 contra
3138 3274 3280 3329 illam
3307 3273 3569 3340 asseritis,
3596 3288 3726 3332 vera
3744 3287 3866 3329 esse

574 3376 723 3435 pater
752 3368 891 3435 ejus.
940 3367 1034 3421 llis
1080 3383 1295 3437 quoque
1327 3383 1434 3423 non
1467 3369 1955 3438 acquiescentibns,
1990 3369 2162 3425 Gara-

575 3460 717 3514 ricus
758 3461 825 3515 de
853 3461 1069 3515 civitate
1111 3462 1405 3531 egreditur,
1456 3465 1605 3533 quasi
1651 3464 1944 3517 exercitum
1996 3463 2167 3517 addu-

576 3559 779 3617 cturus,
812 3552 862 3605 in
884 3553 1016 3608 urbe
1044 3570 1172 3618 vero
1205 3556 1505 3609 Eberonem
1535 3555 1915 3611 cubicularium
1942 3556 2161 3610 Cliilde-

582 3645 720 3701 berli
750 3648 889 3717 regis
914 3648 1242 3716 relinquens.
1312 3649 1585 3703 Sicharius
1636 3665 1763 3703 vero
1809 3664 1926 3703 cum
1978 3649 2161 3704 Willa-

581 3739 765 3794 chario
799 3750 821 3778 ο
856 3740 1225 3795 Aurelianensi
1256 3743 1473 3809 comite,
1514 3743 1605 3811 qui
1632 3757 1771 3795 nunc
1803 3742 2031 3796 Turonis
2071 3759 2163 3798 ac-

585 3842 802 3902 ceperat
827 3828 878 3897 d,
909 3834 1200 3887 exercitum
1232 3844 1417 3889 contra
1466 3834 1709 3888 Pictavos
1754 3834 2077 3900 commovit,
2109 3844 2166 3888 ut

576 3926 783 3981 scilicet
808 3926 874 3980 ab
903 3940 1006 3979 una
1040 3936 1187 3994 parte
1218 3926 1493 3995 Turonici,
1525 3927 1592 3981 ab
1619 3927 1717 3980 alia
1755 3926 1974 3980 Biturici
2017 3940 2166 3997 com-

576 4017 705 4072 moti
742 4028 934 4073 cuncta
973 4027 1262 4072 vastarent.
1295 4016 1395 4084 Qui
1438 4031 1559 4072 cum
1604 4018 1670 4072 ad
1712 4018 1997 4073 terminum
2043 4032 2165 4087 pro-

578 4111 947 4180 pinquassent,
979 4126 1042 4165 ac
1070 4110 1257 4165 domos
1282 4126 1527 4166 cremare
1552 4112 1865 4179 coepissent,
1899 4111 2164 4166 miserunt

577 4203 645 4257 ad
678 4213 771 4258 eos
812 4204 1010 4258 Pictavi
1040 4203 1261 4272 legatos,
1301 4203 1542 4258 dicentes
1586 4222 1600 4257 :
1631 4204 1866 4259 Petimus
1898 4215 1955 4258 ut
2000 4218 2166 4274 usque

578 4295 633 4349 in
662 4294 879 4363 placito,
923 4294 1066 4362 quod
1117 4293 1253 4347 inter
1292 4309 1355 4349 se
1384 4294 1820 4350 Guntchramnus
1849 4306 1904 4351 et
1946 4296 2165 4353 Chlide-

578 4387 764 4442 bertus
791 4399 945 4456 reges
971 4384 1193 4451 habent,
1223 4384 1553 4440 sustineatis.
1586 4386 1737 4452 Quod
1767 4388 1812 4440 si
1837 4390 2086 4446 convenit
2109 4396 2165 4443 ut

581 4492 745 4549 pagos
777 4478 873 4532 hos
900 4477 1069 4532 bonus
1112 4486 1133 4515 ο
1164 4492 1258 4532 rex
1305 4476 1735 4533 Guntchramnus
1763 4480 2009 4549 accipiat,
2057 4496 2163 4536 non

580 4571 916 4634 resistimus;
946 4569 1027 4623 sin
1051 4568 1219 4635 aliud,
1244 4568 1520 4624 dominum
1544 4579 1787 4626 nostrum
1818 4575 2163 4641 recognosci-

2269 3390 2373 3429 non
2400 3374 2581 3429 credo.
2613 3375 2739 3430 Post
2769 3375 2867 3429 hos
2903 3373 3337 3429 Guntchramnus
3385 3370 3520 3424 lloso
3553 3369 3709 3438 quasi
3758 3368 3863 3421 ali-

2267 3465 2395 3535 quid
2426 3476 2794 3535 suggesturus,
2824 3466 2891 3520 ad
2924 3481 3102 3536 regem
3134 3464 3357 3519 accedit.
3405 3462 3469 3517 Et
3506 3464 3631 3532 quia
3664 3476 3864 3515 sonue-

2268 3566 2354 3612 rat
2385 3557 2792 3613 Gundovaldnm
2836 3557 3122 3611 manifeste
3154 3569 3333 3624 regem
3365 3550 3639 3621 levatum,’
3672 3552 3867 3608 antici-

2270 3664 2402 3719 pans
2433 3666 2527 3707 rex
2568 3652 2728 3706 verba
2758 3650 2894 3720 ejus,
2929 3650 3003 3703 ait
3040 3667 3052 3701 :
3089 3651 3131 3703 0
3158 3648 3371 3703 inimice
3419 3645 3650 3717 regionis
3682 3646 3864 3715 regni-

2268 3760 2373 3814 que
2418 3744 2610 3811 nostri,
2644 3744 2731 3813 qui
2760 3753 3043 3814 propterea
3075 3752 3202 3796 ante
3232 3741 3331 3796 hos
3374 3754 3547 3794 annos
3588 3741 3863 3794 Orientem

2267 3853 2550 3909 aggressus
2581 3853 2662 3902 es,
2707 3846 2764 3891 ut
2800 3839 3148 3891 Ballomcrem
3177 3844 3201 3883 Β
3252 3834 3538 3904 quemdam
3571 3833 3676 3904 (sic
3720 3833 3862 3887 enim

2270 3930 2498 3986 vocabat
2528 3944 2621 3983 rex
2668 3927 3121 3997 Gundovaldum},
3154 3942 3316 3997 super
3356 3940 3582 3996 regnum
3617 3935 3863 3980 nosuum

2268 4022 2584 4088 adduceres,
2633 4036 2849 4091 semper
2879 4020 3101 4091 perﬁde,
3128 4028 3181 4075 et
3237 4034 3504 4089 nunquam
3545 4019 3862 4073 custodiens

2268 4129 2386 4184 qua:
2415 4114 2700 4183 promittis.
2733 4114 2830 4168 Cui
2861 4113 2951 4168 ille
2978 4129 2992 4167 :
3023 4112 3125 4178 Tu,
3155 4111 3345 4181 inquit,
3379 4110 3634 4165 dominus
3686 4119 3742 4163 et
3766 4125 3863 4164 rex

2268 4208 2429 4279 regali
2465 4208 2517 4261 in
2548 4207 2682 4262 solio
2711 4206 2935 4272 resides,
2970 4213 3024 4261 et
3070 4204 3249 4259 nullus
3281 4203 3375 4259 tibi
3421 4202 3487 4256 ad
3520 4219 3583 4257 ea
3615 4217 3736 4272 qua:
3782 4203 3863 4255 lo—

2267 4302 2449 4372 queris
2480 4315 2644 4356 ausus
2672 4312 2755 4356 est
2806 4299 3156 4369 respondere.
3190 4298 3458 4352 insontem
3502 4296 3647 4349 enim
3679 4310 3766 4349 me
3795 4294 3865 4349 de

2269 4396 2370 4450 hac
2410 4410 2566 4450 causa
2602 4393 2875 4462 proﬁteor.
2924 4389 2993 4444 At
3038 4389 3083 4443 si
3115 4388 3306 4456 aliquis
3349 4396 3431 4442 est
3470 4384 3666 4440 similis
3707 4384 3857 4445 mibi,

2271 4486 2361 4554 qni
2398 4486 2499 4537 hoc
2529 4485 2731 4537 crimen
2760 4482 3018 4552 impingat
3042 4480 3273 4549 occulte,
3302 4478 3481 4533 veniat
3508 4491 3651 4531 nunc
3685 4478 3860 4546 palam

2269 4582 2324 4627 ct
2348 4574 2614 4643 loquatur.
2648 4574 2751 4642 Tu,
2786 4589 2817 4626 ο
2862 4587 2954 4627 rex
2996 4572 3262 4641 piissime,
3295 4584 3499 4640 ponens
3531 4570 3714 4625 hocin
3768 4570 3861 4624 Dei

579 4676 720 4728 mus,
752 4661 838 4716 cni
858 4660 1062 4717 servire
1088 4660 1299 4729 plenius
1327 4662 1634 4717 debeamus.
1664 4663 1745 4717 Ad
1777 4664 1891 4719 haec
1936 4662 2011 4718 illi
2045 4677 2158 4719 res-
2190 4652 2243 4712 D
2265 4665 2467 4736 judicio
2490 4664 2541 4732 ιι,
2588 4675 2644 4720 ut
2670 4666 2760 4719 ille
2788 4664 3058 4719 discernat
3107 4679 3228 4718 cum
3257 4676 3354 4718 nos
3390 4662 3442 4716 in
3486 4662 3641 4717 unius
3679 4663 3861 4730 campi

580 4753 884 4824 ponderum
912 4768 926 4811 :
958 4752 1103 4808 Nihil
1151 4752 1219 4807 ad
1252 4768 1349 4810 nos
1381 4751 1401 4792 ί
1446 4754 1513 4810 de
1558 4758 1656 4810 hac
1685 4770 1845 4812 causa
1894 4756 2160 4825 pertinet,

649 4943 678 4973 α
703 4932 1016 5001 Marojalum
1044 4931 1191 4988 vicus
1217 4942 1301 4988 est
1324 4933 1451 5001 ripa:
1478 4934 1598 4987 Cari
1628 4933 1878 5003 adjacens
1905 4934 1957 4987 in
1989 4933 2160 4990 Turo-

579 5022 729 5071 num,
781 5005 1075 5074 Biturigum
1106 5013 1161 5058 et
1189 5005 1519 5059 Blesensium
1551 5002 1807 5068 conﬁnio,
1855 5002 2167 5062 hodie‘ua-

579 5075 993 5131 rcuit-sur-Cher
1025 5076 1184 5145 vulgo
1211 5076 1407 5131 dictus.
1452 5074 1690 5129 Ecclesia
1738 5077 1899 5146 hujus
1928 5077 2029 5132 vici
2074 5082 2168 5135 ho-

579 5148 769 5214 dieque
795 5156 981 5203 sancto
1015 5147 1239 5202 Martino
1262 5162 1409 5201 sacra
1423 5156 1523 5209 est,
1565 5161 1627 5200 ac
1670 5158 1862 5216 praeter
1902 5152 2170 5216 parochiae

580 5220 791 5291 titulum
812 5220 1053 5291 prioratu
1075 5218 1357 5272 decoratur
1380 5218 1591 5273 Ordinis
1611 5219 1934 5291 Benedictini
1953 5236 1984 5275 a
2000 5220 2170 5278 Villa-

576 5290 784 5360 lupensi
811 5292 1023 5347 abbatia
1055 5291 1341 5359 pendente,
1374 5299 1430 5341 ut
1464 5290 1961 5345 munetMarollius.

654 5362 680 5400 δ
721 5362 995 5430 Ejusmodi
1028 5360 1280 5414 herbulas
1328 5360 1587 5413 altaribus
1616 5371 1703 5413 aut
1735 5374 2043 5416 Sanctorum
2083 5371 2162 5419 tu-

577 5432 739 5505 mulis
759 5432 1066 5505 aliquandiu
1086 5430 1362 5505 impositas
1385 5431 1710 5502 colligebant
1739 5442 1919 5499 postea
1944 5434 2158 5505 ﬁdeles,

577 5501 646 5556 ad
677 5504 941 5557 medelam
967 5503 1300 5558 morborum.

653 5583 678 5645 ξ
704 5574 836 5645 Cod.
867 5574 1053 5645 Regm.
1090 5572 1451 5637 Willicltario;
1481 5573 1634 5630 Colb.
1667 5588 1719 5628 a.
1755 5574 2017 5635 Willario.

649 5640 678 5682 δ
705 5644 855 5699 Colb.
890 5640 1136 5699 afaltera
1164 5660 1345 5711 manu,
1375 5645 1595 5699 Turonis
1628 5646 1899 5705 residebat.

654 5724 678 5753 ε
712 5715 933 5792 Varian_t
980 5716 1094 5792 (ere
1136 5718 1578 5792 omnescodices.
1620 5718 1782 5792 Colb.
1816 5734 1891 5789 a.,
1943 5721 2159 5792 chm.,

578 5786 774 5859 Chesn.
807 5798 860 5841 et
890 5786 1051 5842 Freh.
1083 5786 1305 5859 habent,
1343 5798 1396 5840 ut
1426 5805 1580 5857 pagos
1607 5790 1697 5841 hos
1728 5807 1834 5844 rex.
1874 5786 2158 5859 'Colb.'m.,

579 5856 707 5919 Bec.
737 5868 793 5919 et
820 5859 994 5929 lllyr.,
1025 5867 1079 5912 ut
1104 5858 1244 5929 pacis
1289 5858 1450 5913 bonus
1484 5856 1595 5915 rex.
1627 5859 1744 5918 Col.
1785 5871 1844 5919 et
1883 5864 2066 5936 Bign.,
2106 5856 2165 5922 ut

2271 4758 2491 4831 p‘anitie
2520 4757 2715 4815 viderit
2745 4756 3024 4815 dimicare.
3055 4757 3137 4811 Ad
3167 4756 3284 4811 haec
3330 4754 3538 4810 cunctis
3577 4753 3861 4810 silentibus

2270 4958 2410 5012 pacis
2436 4940 2719 5011 symbolum
2747 4955 2869 5012 rex.
2893 4939 3064 5012 Bad.,_
3081 4945 3137 4991 ut
3157 4935 3500 5012 paci/idene:
3525 4946 3638 5012 rego.

2346 5012 2365 5051 ί
2392 5003 2498 5067 Alii
2524 5014 2739 5076 habent,
2775 5011 2926 5065 Nihil
2953 5003 3124 5071 vobis;
3152 5003 3304 5071 Bec.,
3336 5003 3480 5058 Nihil
3501 5003 3668 5056 nobis.

2343 5094 2368 5131 ε
2398 5084 2451 5137 lii
2478 5094 2559 5140 est
2582 5084 2771 5137 falsum
2798 5082 3096 5141 dominum,
3122 5093 3213 5133 seu
3253 5076 3791 5145 pseudo-principem.

2348 5153 2373 5191 ¹³
2409 5158 2554 5221 Bec.,
2589 5155 2759 5219 Tunc,
2794 5169 2821 5207 ο
2850 5168 3039 5217 rex,...
3082 5150 3361 5221 judicium.
3396 5145 3641 5221 C_olb._a,
3686 5146 3853 5221 altera

2274 5241 2459 5293 manu,
2490 5214 2625 5297 Ego,
2657 5243 2687 5279 ο
2713 5214 2893 5290 νέων..
2923 5214 3107 5297 pondo}
3139 5220 3253 5284 hoc,
3287 5229 3392 5297 etc.
3422 5218 3486 5297 _Et
3507 5214 3643 5297 infra
3666 5216 3858 5295 eadem

2273 5288 2455 5363 manu,
2486 5288 2581 5367 pr'o
2609 5288 2830 5360 animos,
2858 5288 3159 5367 appositum
3194 5298 3277 5343 est
3306 5288 3484 5367 ﬁdeles
3510 5288 3668 5367 {titius
3689 5288 3857 5367 regni.

2270 5367 2370 5422 Diu
2404 5358 2760 5437 perseveravit
2784 5358 3019 5436 pessima
3046 5362 3139 5437 illa
3156 5359 3489 5416 consuetudo
3520 5358 3859 5437 litesdubias

2271 5428 2451 5493 duello
2473 5428 2926 5504 dirimendifqua:
2948 5435 3181 5489 etiamin
3204 5428 3583 5504 controversiis
3606 5430 3749 5483 circa
3774 5444 3859 5504 res

2270 5510 2619 5566 ecclesiarum
2643 5500 2955 5575 frequenter
2980 5508 3152 5559 locum
3184 5503 3430 5575 habebat.
3451 5500 3585 5554 Vide
3607 5500 3857 5575 Ansergisi

2271 5581 2649 5637 Collectioncm
2682 5574 2772 5631 lib.
2803 5594 2873 5642 iv,
2903 5592 3025 5645 cnp.
3059 5577 3148 5629 ‘25.
3179 5574 3473 5645 Numquam
3503 5581 3682 5626 tamen
3714 5574 3858 5645 ejus-

2270 5653 2413 5707 modi
2468 5665 2668 5721 pugnas
2708 5643 3338 5721 approbavitEccl’esia,
3366 5644 3489 5699 licet
3535 5643 3857 5696 auctoritate

2270 5714 2483 5792 publica
2512 5714 2703 5789 saepius
2734 5714 2886 5774 facta:
2918 5719 3135 5792 fuerint.
3182 5714 3447 5769 Caeterum
3490 5727 3661 5792 omne,
3685 5724 3855 5791 genus

2269 5781 2430 5848 duelli
2464 5781 2718 5847 Ludovici
2761 5790 2931 5858 Magni
2962 5789 3149 5841 edictis
3178 5798 3545 5856 compressum
3612 5791 3673 5840 et
3699 5781 3846 5853 pcni~

2270 5871 2357 5923 tus
2386 5863 2603 5925 nuncin
2634 5861 2817 5920 Galliis
2839 5862 3153 5931 abrogatum
3179 5866 3275 5916 eat.
3322 5859 3333 5865 ’
