4096 6344
348 390 507 446 tes
570 446 583 455 κ
1237 371 1555 446 HISTORIA
1599 367 2043 444 manentium.
2092 366 2693 446 Lmens‘EP’riuus.
3515 393 3623 450 tes

348 502 558 559 addidit
597 519 691 558 rex
722 519 744 556 νζ
776 503 1038 559 Omnibus
1065 515 1241 558 autem
1273 506 1386 558 haec
1426 519 1585 559 causa
1616 505 1823 557 animos
1849 498 1935 555 π-
1961 502 2010 558 Α
2040 513 2284 556 senserat
2312 505 2485 559 malis.
2528 505 2643 573 Ipse
2680 504 2823 558 enim
2850 504 3009 558 "cun'r
3037 504 3327 561 Μιιηιηιοιο
3366 508 3622 576 prmfecto

345 595 580 650 cendere
609 594 791 662 debet,
816 605 873 649 ut
892 596 1180 665 repellatur
1204 612 1232 649 a
1266 595 1458 651 finibus
1487 598 1687 650 nostris
1710 596 1934 657 advena,
2038 595 2232 647 inultos
2258 595 2325 647 de
2350 596 2590 658 Francis,
2623 596 2712 664 qui
2742 604 2984 664 tempore
3010 596 3334 652 Cliildeberti
3368 601 3510 669 regis
3531 617 3633 656 seo-

341 686 498 755 cujus
547 697 696 756 pater
727 688 1029 742 molendina
1082 689 1423 757 gubernavit;
1477 698 1551 752 et,
1614 699 1669 740 ut
1694 704 1818 742 vere
1857 686 1938 740 di-
2039 686 2205 739 nioris
2235 688 2442 756 ingenui
2478 688 2721 750 fuerant,
2758 689 2965 756 publico
3016 688 3217 744 tributo
3255 691 3485 762 subegit.
3517 694 3616 762 Qui

341 792 481 842 cam,
515 787 665 845 pater
686 781 802 848 ejus
835 780 1130 848 pectinibus
1174 780 1391 846 insedit,
1426 780 1681 848 lanasque
1718 794 1935 846 eompo—
2037 774 2155 845 post
2185 780 2411 830 mortem
2461 780 2607 848 regis
2638 780 2704 834 ab
2746 780 2877 849 ipsis
2923 781 3273 847 spoliatus‘ac
3310 784 3618 839 denudatos

341 870 471 924 suit.
505 871 568 924 Et
609 887 909 940 quanquam
957 873 1124 940 possit
1158 872 1293 935 fieri,
1327 881 1383 924 ut
1416 871 1575 942 342
1607 887 1742 925 unus
1775 868 1947 923 bomo‘
2035 877 2136 931 est,
2168 877 2224 919 ut
2251 867 2393 921 nihil
2419 870 2466 920 ei
2502 879 2695 937 praeter
2724 872 2865 938 quod
2898 887 3062 938 super
3090 888 3152 926 se
3180 873 3395 927 auferre
3419 877 3615 943 potuit,

357 961 631 1029 utriusque
672 962 881 1016 artificii
924 963 1235 1031 magisterio
1280 963 1618 1022 subderetur,
1662 962 1726 1012 ad
1760 961 1934 1013 incre-
2034 968 2354 1012 remaneret.
2390 958 2583 1013 Domus
2613 961 2756 1013 enim
2787 964 2904 1030 ejus
2942 964 3188 1017 incendio
3217 966 3614 1030 subdiderunt;

345 1055 618 1120 patientem
664 1062 839 1107 tamen
889 1055 1027 1123 regis
1069 1054 1281 1120 quidam
1326 1070 1390 1106 ex
1433 1052 1559 1120 ipsis
1608 1051 1884 1118 respondit
1914 1040 1943 1103 ἐν

348 1145 491 1214 Ergo
520 1147 680 1210 duos,
713 1154 769 1198 ut
794 1146 1013 1204 asseris.
1050 1155 1227 1211 patres
1257 1146 1341 1197 liic
1374 1146 1533 1196 homo
1556 1143 1757 1203 babuit,
1786 1144 1931 1196 lana-

356 1236 489 1289 rium
519 1236 675 1289 simul
708 1234 1283 1302 molendinariumque.
1315 1234 1466 1287 Absit
1493 1250 1522 1287 a
1553 1243 1627 1298 te,
1665 1250 1697 1286 υ
1727 1238 1930 1303 τεκλυῑ

340 1336 451 1380 tam
502 1326 702 1380 inculte
749 1326 1001 1395 loquaris.
1034 1325 1148 1378 Non
1184 1325 1325 1378 enim
1357 1325 1596 1378 auditum
1635 1333 1718 1380 est
1764 1312 1969 1378 unum”

341 1420 639 1482 hominem,
676 1431 868 1485 prmter
912 1419 1209 1485 Spiritalem
1259 1431 1497 1478 causam,
1550 1418 1683 1470 duos
1729 1417 1941 1470 habere

340 1524 499 1577 posse
533 1510 729 1575 pariter
759 1506 1032 1579 genitores
1067 1518 1119 1560 ⁸.
1152 1508 1356 1561 Dehinc
1392 1522 1513 1561 cum
1549 1506 1704 1560 inulti
1746 1506 1924 1559 solve-

337 1590 523 1653 rentur
566 1598 619 1651 in
654 1600 785 1663 risu,
833 1598 1109 1666 respondit
1158 1598 1295 1650 alius
1332 1598 1659 1664 legatorum,
1697 1596 1921 1649 dicens:

336 1688 696 1743 Valedicimus
728 1688 843 1753 tibi,
874 1704 907 1742 ο
938 1704 1063 1753 rex;
1098 1704 1218 1740 nam
1266 1687 1389 1755 quia
1434 1687 1665 1741 reddere
1711 1682 1937 1741 noluisti

336 1782 581 1836 civitates
627 1781 837 1849 nepotis
869 1780 965 1845 tui,
1020 1778 1220 1834 scimus
1251 1780 1451 1832 salvam
1500 1793 1621 1833 esse
1670 1778 1920 1842 securim,

2031 1048 2379 1103 abstulissent
2403 1049 2584 1118 utique
2604 1061 2659 1104 et
2686 1051 2855 1118 ipsam
2881 1053 3067 1116 vitam,
3097 1054 3149 1107 ni
3174 1068 3294 1108 cum
3320 1057 3496 1125 regina
3526 1073 3616 1112 ec-

2031 1140 2246 1195 clesiam
2274 1143 2581 1209 expetisset.

2104 1230 2242 1285 XVI.
2276 1231 2653 1288 Praetextatum
2686 1249 2815 1289 vero
2844 1235 3150 1305 cpiscOpum
3182 1252 3324 1306 (egre
3363 1239 3610 1308 suscipit,

2030 1337 2186 1391 quem
2215 1322 2356 1377 cives
2386 1323 2842 1393 Rotbomagenses
2881 1333 3003 1393 post
3045 1341 3325 1382 excessum
3370 1330 3512 1398 regis
3543 1334 3627 1384 de.

2031 1414 2227 1469 exsilio
2254 1426 2588 1484 expetentes,
2620 1430 2736 1469 cum
2779 1416 2965 1486 grandi
3008 1418 3189 1471 Izetitia
3215 1429 3269 1472 et
3296 1420 3451 1475 laude
3472 1422 3609 1475 ciri-

2032 1507 2126 1562 tati
2164 1524 2275 1562 sua:
2330 1511 2697 1565 restituerunt.
2731 1510 2858 1564 Post
2911 1510 3139 1565 reditum
3182 1526 3310 1566 vero
3340 1528 3494 1567 suum
3537 1514 3621 1567 ad,

2030 1599 2215 1652 urbem
2249 1598 2571 1654 Pari‘siacain
2598 1601 2832 1665 advenit,
2867 1617 2930 1654 ac
2972 1617 3033 1655 se
3064 1602 3467 1657 Gunteltraumo
3494 1603 3607 1674 regi

2030 1692 2434 1767 repraesentavit
2458 1732 2473 1756 ,
2522 1705 2755 1747 exorans
2794 1700 2855 1746 ut
2887 1708 3103 1748 causam
3140 1710 3291 1749 suam
3322 1696 3617 1765 diligenter

2008 1781 2354 1851 exquireret.
2388 1778 2855 1839 A‘sser‘ebat'enim
2884 1785 3063 1854 regina
3093 1800 3216 1839 eum
3263 1794 3367 1840 neu
3408 1788 3607 1841 deinde

336 1886 457 1940 qua:
510 1870 729 1925 fratrum
787 1880 996 1924 tuorum
1054 1869 1315 1938 capitibus
1347 1877 1429 1921 est
1477 1870 1670 1933 defixa;
1695 1866 1922 1922 celerius
1955 1882 1997 1940 Β
2026 1864 2187 1940 recipi
2212 1888 2226 1938 ,
2250 1872 2340 1942 qui
2365 1868 2555 1929 fuisset
2584 1875 2958 1943 perjodicium
2987 1878 3338 1946 quadraginta
3368 1878 3605 1949 quinque

338 1972 487 2015 tuum
544 1962 761 2016 librabit
805 1963 977 2016 defixa
1008 1960 1320 2015 cerebrum.
1384 1959 1454 2013 Et
1494 1959 1573 2013 sic
1611 1972 1733 2015 cum
1772 1960 1937 2012 sean--

340 2046 465 2107 dalo
508 2054 887 2109 discesserunt.
921 2055 1071 2108 Tunc
1108 2070 1196 2107 res
1248 2052 1332 2106 bis
1373 2052 1551 2106 verbis
1600 2056 1965 2111 succensus,"

335 2140 493 2215 jussit
539 2142 701 2214 super
741 2149 913 2214 capita
963 2147 1202 2199 euntium
1255 2144 1441 2213 projici
1488 2137 1749 2212 equorum
1787 2151 1925 2195 ster-

335 2234 481 2299 cora,
511 2236 830 2305 putrefactas
877 2237 1133 2299 bastulas,
1180 2238 1378 2305 paleas,
1413 2250 1476 2289 ac
1506 2235 1706 2289 frenum
1736 2244 1933 2301 putre-'

335 2327 459 2381 dine
512 2327 862 2392 dissolutum,
896 2329 1178 2396 ipsumque
1234 2327 1478 2380 fmtidom
1535 2324 1682 2378 urbis
1732 2323 1961 2377 intum.‘

334 2417 540 2483 Quibus
564 2418 630 2471 de
659 2419 818 2472 rebus
848 2419 1093 2472 maculati
1116 2419 1367 2486 graviter,
1400 2431 1504 2469 non
1526 2415 1643 2469 sine
1665 2409 1929 2468 imuteusa'

334 2510 529 2580 injuria
559 2520 716 2579 atque
742 2504 1061 2563 contumelia
1093 2508 1357 2562 abierunt.
1832 2514 1859 2537 ν’

410 2601 526 2655 XV.
552 2601 840 2655 Residente
866 2615 993 2654 vero
1021 2598 1372 2667 Fredegunde
1403 2596 1584 2666 regina
1615 2596 1668 2651 in
1692 2590 1920 2653 ecclesia

335 2693 620 2763 parisiaca,
650 2693 954 2747 Leonardus
983 2708 1045 2745 ex
1076 2690 1393 2753 domestico,
1426 2689 1515 2759 qui
1541 2699 1665 2743 tunc
1693 2689 1762 2742 ab
1790 2691 1927 2744 urbe'

334 2786 531 2839 Tolosa
563 2784 853 2840 advenerat
896 2785 1165 2851 ingressus
1210 2784 1274 2836 ad
1307 2798 1423 2835 eam
1452 2823 1467 2847 ,
1499 2798 1688 2836 causas
1731 2791 1922 2837 contu-

334 2876 865 2944 meliaz'injuriasque
897 2876 1017 2928 filia:
1044 2875 1161 2943 ejus
1203 2890 1424 2929 narrare
1455 2875 1651 2944 cmpit,
1681 2874 1865 2929 dicens
1900 2892 1913 2927 :

335 2967 468 3035 Quia
494 2967 645 3035 juxta
686 2967 966 3035 imperium
1011 2978 1155 3019 tuum
1195 2969 1400 3021 accessi
1432 2981 1552 3020 cum
1594 2966 1777 3034 regina
1823 2966 1919 3018 Ri-

335 3058 557 3129 gunthe,
585 3076 647 3113 ac
675 3058 782 3111 vidi
815 3059 1168 3113 humilitatem
1196 3060 1314 3126 ejus
1336 3098 1348 3119 ,
1383 3069 1435 3111 et
1462 3059 1691 3127 qualiter
1713 3054 1916 3125 eitspo-

335 3150 458 3205 liata
488 3158 570 3203 est
596 3165 624 3202 a
653 3150 915 3203 thesauris
943 3162 993 3202 et
1017 3148 1264 3202 omnibus
1291 3147 1450 3202 rebus
1474 3164 1489 3212 ;
1521 3161 1620 3212 ego
1666 3162 1795 3200 vero
1820 3162 1916 3215 per

2029 1964 2403 2033 episcoporum
2420 1982 2457 2019 'a
2479 1967 2797 2021 sacerdotali
2826 1969 3007 2023 officio
3033 1982 3344 2041 segregatus
3369 1982 3416 2025 ο.
3444 1972 3606 2027 Ουιιιο

2028 2070 2131 2124 que
2152 2062 2247 2110 rex
2278 2060 2375 2125 prb
2397 2054 2503 2113 bac
2525 2060 2682 2113 causa
2714 2060 2975 2131 synodum
3004 2064 3240 2118 excitare
3283 2067 3461 2130 vellet,
3503 2066 3605 2120 Ra-

2025 2144 2323 2216 gnemodus
2365 2150 2539 2218 hujus
2567 2152 2712 2206 urbis
2739 2148 3025 2222 episcopus
3050 2196 3064 2220 ,
3092 2149 3210 2220 'pro
3241 2157 3486 2212 omnibus
3516 2173 3621 2212 re-

2027 2246 2282 2305 sponsum
2323 2240 2588 2306 reddidit,
2638 2243 2867 2298 dicens:
2903 2246 3108 2299 Scitote
3136 2246 3185 2299 ei
3241 2250 3604 2313 paenitentiam
3650 2282 3653 2285 ν

2026 2328 2279 2383 indicum
2310 2345 2339 2383 a
2369 2314 2760 2397 sacerdotibus,
2793 2349 2897 2388 non
2931 2344 3105 2388 tamen
3134 2352 3256 2390 eum
3282 2353 3517 2405 «prorsus
3537 2342 3603 2394 ab
3648 2378 3649 2381 η

2023 2422 2333 2489 episeopatu‘
2364 2420 2649 2477 remotum.
2683 2424 2748 2478 Et
2776 2426 2854 2479 sic
2875 2442 2904 2479 a
2934 2441 3058 2497 rege
3091 2441 3402 2497 susceptus,
3441 2445 3602 2502 atque

2023 2512 2281 2565 convivio
2301 2513 2418 2579 ejus
2452 2514 2674 2579 ascitus,
2699 2516 2764 2569 ad
2797 2517 2981 2572 urbem
3012 2533 3160 2572 suam
3199 2536 3479 2589 regressus
3499 2536 3602 2578 est.

2093 2600 2556 2659 XVII.Pr0motds
2584 2602 2613 2641 ἀ
2633 2620 2759 2660 vero
2786 2610 2874 2677 qui
2903 2609 2955 2661 in
2988 2609 3219 2664 Duuensi
3247 2614 3602 2677 castro,0rdi-

2022 2706 2183 2749 nante
2212 2695 2476 2764 Sigiberto
2508 2712 2651 2766 rege,
2683 2699 2966 2769 episcopus
3000 2701 3171 2754 fuerat
3222 2703 3516 2767 institutus,
3548 2716 3601 2759 et

2024 2782 2143 2854 pust
2171 2782 2396 2841 inertem
2428 2790 2569 2857 regis
2598 2800 2810 2844 amotus
2857 2791 3051 2860 fuerat,
3082 2808 3148 2846 eo
3190 2797 3330 2860 quod
3361 2804 3598 2849 castrqu

2020 2877 2154 2933 illud
2185 2888 2330 2933 esset
2355 2880 2604 2934 ditecesis
2630 2881 2946 2936 Carnutente
2966 2921 2980 2946 ,
3011 2892 3197 2936 contra
3227 2900 3385 2953 quem
3416 2885 3488 2937 ita
3514 2885 3601 2953 ju-

2018 2970 2215 3023 dicium
2248 2970 2411 3023 latum
2444 2968 2615 3023 fuerat
2647 2980 2695 3036 ι’,
2726 2980 2780 3024 ut
2820 2972 3137 3041 presbyterii
3181 2982 3386 3027 tantum
3418 2972 3599 3028 officio

2018 3057 2347 3127 fungeretur,
2388 3059 2616 3115 accessit
2661 3061 2726 3114 ad
2755 3077 2966 3130 regem,
3020 3064 3319 3131 deprecans
3349 3065 3512 3137 344
3540 3076 3599 3121 ut

2017 3150 2407 3205 ordinationem
2448 3152 2788 3222 episcopatus
2819 3155 2871 3208 in
2919 3155 3188 3208 antedicto
3234 3163 3414 3210 castro
3463 3161 3600 3212 reci-

334 3243 509 3311 fugam
537 3242 799 3308 dilapsos,
826 3241 943 3295 veni
971 3241 1213 3294 nuntiare
1238 3239 1471 3293 dominae
1500 3256 1631 3293 meae
1666 3256 1785 3308 qua:
1819 3253 1911 3308 κθ-
1938 3237 1986 3301 C
2019 3255 2188 3312 pcret.
2217 3241 2323 3299 Sed
2354 3244 2649 3300 obsistente
2690 3245 2923 3314 Pappulu
2948 3249 3264 3302 Caruotenm
3296 3248 3444 3302 urbis
3472 3251 3594 3317 epi-

333 3344 414 3389 sta
445 3344 591 3387 sunt.
632 3333 756 3387 llaec
788 3333 874 3385 illa
906 3332 1160 3396 audiens,
1200 3334 1377 3386 lurore
1410 3342 1709 3399 commota,
1754 3332 1915 3400 jussit

339 3441 460 3480 cum
492 3425 545 3478 in
579 3424 692 3493 ipsa
723 3424 948 3478 ecclesia
976 3424 1212 3488 Spoliari,
1240 3423 1597 3492 nudatumque
1627 3424 1914 3478 vestimen-

337 3518 408 3573 tis
436 3532 499 3571 ac
528 3517 732 3581 balteo,
765 3517 902 3583 quod
932 3530 1022 3568 ex
1072 3529 1293 3568 munere
1322 3514 1605 3589 Cbilperici
1636 3515 1779 3581 regis
1813 3512 1913 3567 ba-

332 3607 517 3673 bebat,
548 3608 829 3662 discedere
858 3622 885 3659 a
908 3622 999 3659 sua
1025 3603 1178 3675 jubet
1208 3606 1511 3674 praesentia.
1536 3598 1744 3675 Coquos
1787 3620 1915 3675 quo-

331 3717 437 3769 que
464 3701 575 3755 sive
600 3700 849 3770 pistores,
885 3701 962 3753 vel
993 3714 1341 3768 quoscunque
1367 3698 1434 3753 de
1466 3700 1566 3754 hoc
1596 3700 1787 3752 itinere
1817 3713 1914 3752 re-

329 3796 544 3864 gressus
570 3807 689 3847 esse
730 3791 1014 3860 cognovit,
1052 3805 1220 3845 ciesos
1240 3836 1254 3857 ,
1295 3790 1691 3858 spoliatosque,
1722 3784 1789 3843 ac
1817 3789 1912 3844 de-

330 3885 629 3939 mauicatos
656 3883 887 3951 reliquit.
926 3882 1229 3937 Nectariuin
1268 3890 1444 3935 autem
1469 3922 1486 3946 ,
1519 3881 1835 3949 Baudegisili
1881 3880 1910 3920 1³

328 3971 571 4046 episcopi
610 3975 824 4030 fratrem
856 3975 1099 4029 nefandis
1151 3973 1577 4029 accusationibus
1622 3988 1742 4027 cum
1786 3987 1913 4041 rege

329 4069 462 4141 [Pro
484 4070 623 4138 apud
649 4068 849 4139 regem]
882 4069 1103 4123 tentavit
1129 4067 1356 4121 obruere
1375 4108 1391 4132 ,
1424 4081 1673 4121 asserens
1700 4081 1822 4121 eum
1844 4065 1911 4120 de

328 4161 584 4215 thesauro
629 4160 771 4228 regis
819 4161 1013 4213 mortui
1065 4158 1230 4212 multa
1284 4166 1544 4223 portasse.
1586 4154 1690 4210 Sed
1736 4165 1790 4209 et
1841 4154 1911 4209 de

328 4249 712 4321 promptuariis
747 4260 850 4303 tam
882 4257 1090 4317 tergora
1113 4262 1270 4316 quam
1300 4246 1421 4299 vina
1452 4242 1610 4298 multa
1633 4256 1754 4300 eum
1787 4243 1911 4299 abs-

294 4343 299 4405 ί
328 4343 513 4397 tulisse
544 4342 703 4413 353
732 4342 964 4404 dicebat,
1010 4350 1195 4405 petens
1225 4347 1284 4391 tit
1319 4338 1528 4390 vinctus
1552 4336 1910 4391 carceralibus

300 4460 304 4500 ί
331 4435 572 4489 tenebris
602 4434 1064 4489 truderetur.'5ed
1098 4432 1353 4502 patientia
1400 4431 1571 4499 regis,
1622 4429 1907 4499 fratrisque

328 4518 586 4580 auxilium
621 4526 735 4580 fieri
769 4540 874 4579 non
904 4524 1165 4592 permisit.
1207 4523 1365 4577 Multa
1400 4522 1612 4591 quidem
1656 4522 1731 4575 ibi
1772 4536 1905 4574 vana

2016 3352 2199 3405 scopo,
2229 3353 2291 3391 ac
2317 3337 2530 3393 dicente
2557 3340 2679 3407 quia
2710 3339 2959 3393 diceeesis
2984 3356 3117 3394 mea:
3147 3352 3251 3409 est,
3276 3342 3599 3396 ostendente

2019 3431 2318 3499 praesertim
2359 3432 2559 3501 judicio
2604 3433 2978 3502 episcoporum
3004 3477 3019 3500 ,
3063 3435 3197 3489 nibit
3245 3434 3387 3489 aliud
3427 3438 3598 3504 potuit
3646 3452 3647 3455 η

2015 3518 2260 3577 obtinere
2292 3538 2412 3577 cum
2442 3538 2587 3593 rege,
2619 3525 2716 3578 nisi
2747 3539 2807 3578 ea
2834 3540 2953 3593 qure
2976 3526 3074 3579 sub
3103 3525 3271 3594 ipsius
3299 3527 3462 3581 castri
3487 3536 3596 3581 ter-

2016 3613 2160 3668 mino
2191 3616 2399 3683 propria
2448 3614 2710 3683 habebat,
2752 3616 3038 3684 reciperet,
3073 3617 3125 3671 in
3152 3633 3404 3687 quocum
3434 3622 3592 3690 geni-

2014 3707 2146 3761 trice
2170 3706 2345 3760 adhuc
2372 3710 2656 3776 superstite
2686 3718 2982 3761 moraretur
3015 3707 3056 3761 τ.

2066 3799 2271 3854 'XVlll.
2301 3799 2679 3853 Commorante
2723 3815 2849 3853 vero
2891 3815 3015 3868 rege
3045 3800 3181 3867 apud
3228 3801 3412 3854 urbem
3444 3802 3613 3857 Pari-~

2013 3890 2211 3944 siacam
2237 3929 2253 3954 ,
2287 3893 2433 3943 venit
2460 3880 2674 3958 quidam
2718 3886 2938 3956 pauper,
2989 3890 3215 3942 dicens:
3249 3891 3418 3954 Audi,
3466 3902 3593 3959 rex,

2014 3981 2173 4035 verba
2203 3981 2312 4034 oris
2362 3981 2487 4034 mei.
2516 3979 2738 4034 Noveris
2763 3979 2906 4033 enim
2935 3978 3052 4047 quia
3100 3979 3405 4047 Faraulfus,
3442 3984 3594 4037 cubi-

2013 4075 2246 4129 cularius
2276 4073 2540 4141 quondam
2572 4072 2752 4124 fratris
2783 4072 2881 4136 tui,
2927 4072 3119 4139 quatrit
3167 4073 3589 4131 te‘interlicere.

2014 4164 2204 4219 Audivi
2231 4160 2389 4217 enim3
2426 4164 2711 4217 consilium
2754 4162 2876 4231 ejus
2897 4201 2911 4224 ,
2942 4172 3205 4217 ut.eunte
3255 4174 3307 4219 te
3336 4170 3593 4223 matutina

2013 4256 2255 4310 oratione
2282 4256 2346 4308 ad
2379 4254 2683 4319 ecclesiam,
2732 4265 2823 4307 aut
2846 4254 3020 4308 cultro
3049 4263 3343 4323 appeteret,
3384 4258 3595 4312 aut-lia-

2014 4358 2095 4402 sta
2146 4346 2537 4401 transfoderet;
2588 4345 2998 4414 Obstupefactus
3046 4354 3224 4402 autem
3277 4364 3406 4413 rex,
3448 4350 3594 4406 misit

2014 4438 2192 4493 Vocari
2223 4454 2365 4490 eum.
2399 4437 2515 4502 Quo
2547 4444 2794 4503 negante,
2820 4435 2893 4488 de
2923 4434 3006 4488 his
3037 4451 3128 4489 rex
3153 4446 3397 4492 metuens
3426 4440 3593 4494 armis

2014 4546 2073 4585 se
2107 4529 2267 4583 valde
2298 4527 2540 4583 munivit.
2590 4529 2698 4580 Nec
2728 4526 2941 4595 penitus
2982 4526 3048 4580 ad
3076 4560 3077 4563 η
3106 4527 3219 4581 loca
3261 4537 3468 4597 sancta,
3508 4531 3593 4587 vel

296 4596 611 4682 'evercens,
646 4632 753 4671 non
784 4617 1055 4671 metuebat
1086 4616 1273 4680 Deum,
1305 4615 1357 4668 in
1387 4614 1538 4684 cujus
1564 4614 1791 4669 ecclesia
1820 4630 1910 4682 pe-
1937 4625 1988 4683 D
2015 4622 2139 4688 alio,
2172 4619 2273 4675 nisi
2301 4620 2531 4673 vallatus
2550 4618 2766 4672 armatis
2807 4626 2967 4683 atque
2998 4617 3310 4672 custodibus
3334 4596 3592 4686 procede-
3636 4650 3641 4655 α

325 4710 474 4763 lebat
505 4707 784 4761 auxilium.
832 4706 1073 4761 Habebat
1118 4714 1243 4759 tunc
1286 4704 1540 4772 temporis
1581 4719 1759 4758 secum
1792 4706 1903 4759 Au-

301 4783 521 4857 udonetn
550 4799 811 4871 judicem,
844 4799 934 4868 qui
962 4799 1011 4853 ei
1051 4796 1459 4866 tempore'regis
1485 4795 1537 4849 in
1566 4796 1745 4850 multis
1774 4810 1906 4849 con-

396 5005 423 5033 ι
457 4994 629 5050 Unum
658 4994 864 5050 scilicet
889 4992 1208 5057 naturalem,
1237 4998 1292 5045 et
1320 4989 1899 5063 alterumsiiiritualem

325 5066 380 5120 in
421 5064 706 5133 baptismo.
997 5130 1023 5133 _
1402 5132 1408 5133 γ
1510 5124 1523 5133 Δ
1630 5066 1643 5073 ”

395 5134 423 5172 δ
458 5124 508 5190 Is
534 5132 632 5189 fuit
659 5133 941 5202 episcopus
985 5130 1464 5202 Cenomannensis,
1493 5124 1558 5182 de
1587 5143 1691 5202 quo
1738 5144 1898 5202 supra

325 5204 423 5260 lib.
452 5222 523 5271 vr,
548 5221 663 5273 cap.
696 5198 750 5257 9.
778 5198 1009 5257 Nectarii
1038 5202 1138 5254 viri
1168 5202 1426 5270 magnitici
1455 5200 1655 5254 mentio
1677 5198 1901 5253 habetur

323 5274 378 5328 itt
412 5275 673 5328 Miraculis
699 5275 757 5330 S.
790 5274 984 5327 Aridii.

399 5355 420 5381 ε
455 5345 586 5399 Vide
612 5360 768 5410 supra
799 5344 891 5397 lib.
917 5358 968 5406 v,
998 5355 1114 5409 cap.
1147 5342 1231 5403 l9,
1256 5339 1344 5394 ubi
1376 5339 1451 5410 de,
1471 5337 1711 5391 Concilio
1751 5337 1898 5393 Pari-

323 5413 491 5469 sieusi
539 5416 637 5469 bac
664 5409 727 5466 de
755 5429 911 5468 causa
942 5422 1280 5479 congregato.
1314 5409 1383 5462 lbi
1436 5409 1786 5462 Praetextatus
1812 5424 1899 5463 sa-

323 5482 566 5539 cerdotio
604 5485 817 5553 quidem
868 5492 1164 5536 summotus
1214 5496 1319 5534 non
1364 5479 1568 5539 fuerat,
1608 5480 1913 5553 resistente

326 5553 586 5621 Gregorio
616 5548 799 5608 nostro
820 5553 1114 5606 'l'uronensi
1147 5571 1159 5605 :
1190 5559 1245 5604 at
1270 5566 1397 5621 cum
1423 5550 1795 5602 nonnullarum
1822 5548 1899 5599 fa-

324 5628 504 5691 ctione
543 5625 800 5678 Melanius
843 5625 893 5675 in
944 5623 1059 5691 ejus
1107 5623 1279 5675 locum
1334 5620 1517 5673 fuisset
1559 5620 1897 5691 subrogatus,

326 5711 449 5748 eum
472 5688 782 5749 sacerdotio
812 5688 1072 5759 privatum
1113 5694 1245 5745 dixit
1278 5690 1662 5759 Fredegpndis.
1692 5691 1754 5741 Et
1780 5688 1899 5755 qui-

324 5765 446 5819 dem
490 5763 783 5817 cauonibus
809 5763 1024 5833 vetitum
1058 5777 1267 5827 semper
1308 5762 1407 5815 fuit
1436 5761 1572 5833 duos
1615 5759 1901 5831 episcopos

326 5837 483 5889 simul
516 5836 689 5890 eidem
729 5832 970 5886 ecclesia:
998 5846 1244 5899 praeesse.

650 5958 922 6016 Ρηιιοι.
971 5951 1199 6011 LXXI.

2013 4713 2125 4768 bat.
2162 4710 2441 4767 Faraull‘us
2468 4722 2645 4765 autem
2670 4725 2776 4763 non
2804 4716 2925 4776 post
2955 4710 3178 4763 multum
3214 4719 3425 4780 tempus
3446 4726 3590 4766 mor-

2012 4814 2131 4859 tuus
2169 4813 2271 4859 85L

2079 4983 2106 5021 ἀ
2141 4984 2251 5038 Hoc
2299 4991 2459 5053 caput
2493 4982 2645 5037 deest
2691 4979 2761 5053 in‘
2788 4979 2982 5053 ‘Regm.
3033 4977 3276 5053 [inpense
3327 4986 3590 5053 castrum,

2006 5056 2164 5120 vulgo
2208 5045 2545 5106 Chatenudun
2570 5092 2583 5110 .
2641 5048 2895 5120 oppidum
2925 5058 3006 5102 est
3051 5049 3117 5120 ad
3158 5045 3355 5120 flumen
3388 5046 3590 5120 Litteri-

2006 5115 2147 5186 cuiu,
2175 5123 2221 5175 le
2253 5121 2395 5185 Leir,
2428 5122 2517 5174 ubi
2547 5129 2674 5173 ante
2703 5119 3009 5170 Promotum
3049 5115 3354 5183 aliquandiu
3382 5118 3590 5186 sedisse
3616 5157 3631 5185 η

2006 5194 2202 5246 dicitur
2222 5192 2517 5247 Aventinus
2546 5191 2603 5245 S.
2640 5188 2907 5244 Solemnis
2933 5189 3116 5247 frater,
3145 5194 3365 5253 uterque
3384 5185 3588 5240 Carnoo

2008 5263 2237 5316 tensium
2270 5264 2570 5329 episcopus.
2604 5260 2737 5314 Vide
2773 5257 3014 5311 Bolland.
3038 5258 3101 5308 ad
3125 5254 3267 5308 diem
3294 5254 3326 5306 4
3360 5255 3587 5312 Febr-ua.

2006 5348 2092 5387 ΙῚΙ.
2633 5363 2636 5365 λ

2078 5412 2101 5440 ε
2134 5403 2189 5456 1η
2218 5401 2456 5457 Concilio
2480 5400 2651 5454 Paris.
2677 5412 2817 5451 anno
2847 5395 3178 5468 575liabito,
3216 5395 3373 5468 cujus
3398 5396 3588 5451 littera!

1946 5472 1949 5475 “
2002 5489 2066 5528 ea
2096 5480 2163 5529 de
2194 5490 2254 5528 re
2291 5473 2357 5527 ad
2398 5472 2730 5540 ‘Sigibertuin
2785 5466 3001 5535 regem,
3036 5479 3160 5540 ptum
3202 5468 3268 5520 ad
3312 5466 3582 5540 {Egidiuzn

2005 5546 2362 5599 libentetisem
2405 5538 2908 5607 mctropolitanum,
2956 5538 3047 5604 qui
3102 5552 3290 5592 manus
3331 5538 3587 5594 Promoto

2004 5618 2352 5681 imposuerat,
2385 5613 2669 5666 habentur.

2083 5680 2100 5723 ἶ
2136 5683 2466 5750 Subsertpsit
2494 5691 2671 5733 tamen
2697 5692 2839 5732 anno
2873 5680 3141 5746 sequenti,
3164 5694 3286 5732 cum
3319 5680 3597 5749 episcopis
3627 5711 3631 5725 :

2007 5756 2095 5824 qui
2118 5755 2298 5829 sedem
2325 5768 2431 5827 non
2468 5751 2756 5813 habebant,
2780 5751 2959 5806 Conc..
2982 5752 3203 5805 Matisc-
3219 5766 3273 5803 η.

3159 5926 3225 5986 ιδ
