4096 6344
520 368 614 423 ιεῖἴ

1474 362 1530 418 S.
1574 361 1905 418 CliECOlill
1948 358 2250 415 El‘lStZOl’l
2291 361 2727 417 TURUNENSIS

3684 368 3804 425 ιυι

589 483 728 539 XIX.
774 484 908 537 Cum
942 490 1118 536 autem
1148 480 1353 533 clamor
1397 476 1542 529 fieret
1575 492 1796 545 magnus
1840 475 2095 528 adversus
2124 476 2173 532 Α
2204 474 2377 540 prieda
2413 474 2837 536 revertebantur,
2880 473 3214 529 adducentes
3251 473 3517 544 jumeuta,
3572 492 3805 549 pecora,

519 593 630 639 οιιιῖ,
659 573 752 642 qui
786 584 1028 642 potentes
1054 586 1178 623 cum
1209 584 1333 637 rege
1374 568 1586 621 fuerant
1616 566 1945 635 Chilperico,
1988 566 2094 619 sci-

524 674 646 721 licet
676 666 817 735 quod
844 664 1191 717 abstulissent
1219 660 1299 715 vel
1331 660 1512 724 villas,
1543 659 1628 713 vel
1654 674 1741 712 res
1775 657 2008 726 reliquas
2030 657 2096 710 de

518 762 676 813 rebus
708 758 922 819 alienis,
953 754 1132 809 omnia
1176 768 1295 823 qua:
1326 752 1525 823 injuste
1552 751 1725 804 ablata
1755 750 1962 803 fuerant
2001 764 2096 801 rex

517 851 668 905 reddi
717 848 1005 917 prmcepit,
1037 850 1177 901 sicut
1224 846 1334 915 jam
1392 844 1639 912 superius
1675 843 1962 898 indicatum
2014 850 2098 893 est

515 944 662 1013 (Cap.
696 942 777 1010 7).
826 938 1231 1007 Fredegundem
1279 949 1490 1005 quoque
1532 933 1769 1003 reginam
1824 931 1891 985 ad
1919 930 2096 985 villain

520 1034 955 1089 ltliotoialeiisein
987 1040 1037 1095 κ,
1067 1046 1186 1098 qua:
1217 1029 1267 1082 in
1295 1025 1707 1095 Rotliomagensi
1748 1024 1974 1079 termino
1996 1023 2096 1076 sita

528 1136 640 1189 est,
694 1123 845 1177 abire
890 1121 1144 1190 pra‘cepit
1171 1160 1184 1181 ,
1218 1119 1490 1186 secutique
1532 1127 1655 1171 sunt
1698 1131 1815 1170 eam
1857 1130 2044 1169 omnes
2071 1113 2097 1151 δ

523 1215 776 1268 meliores
808 1221 933 1265 natu
977 1212 1125 1280 regni
1166 1209 1452 1278 Cbilperici
1504 1209 1673 1279 regis;
1708 1208 1882 1277 ibique
1938 1208 2099 1261 relin-

516 1311 741 1374 quentes
769 1319 888 1357 eam
917 1318 1035 1358 eum
1063 1302 1289 1356 Melanio
1313 1303 1565 1369 episcopo
1599 1311 1649 1366 ε,
1682 1301 1772 1369 qui
1794 1301 1860 1354 de
1885 1300 2094 1354 Rotlio-

518 1413 674 1467 mago
705 1398 985 1450 submotus
1010 1393 1205 1457 fuerat,
1248 1394 1314 1446 ad
1350 1394 1514 1445 filium
1542 1391 1659 1460 ejus
1708 1406 1769 1445 se
1810 1391 2097 1445 transtule—

518 1486 1043 1556 rnnt,promittentes
1058 1484 1199 1553 quod
1217 1483 1284 1537 ab
1296 1484 1373 1537 eis
1386 1481 1773 1537 studiosissime
1789 1480 2098 1535 nutriretur.

588 1576 706 1631 XX.
741 1576 1030 1644 Postquam
1056 1582 1231 1629 autem
1252 1572 1615 1639 Fredegundis
1630 1573 1807 1640 regina
1829 1570 1893 1624 ad
1915 1584 2102 1637 supra—

520 1668 721 1722 dictam
750 1666 929 1720 villam
958 1665 1119 1731 abiit,
1143 1678 1261 1718 cum
1284 1673 1428 1719 esset
1456 1662 1610 1717 valde
1638 1672 1847 1726 moesta,
1882 1661 2023 1728 quod
2050 1660 2101 1714 ei

518 1767 758 1828 potestas
799 1773 863 1813 ex
900 1766 1051 1822 parte
1087 1754 1276 1811 fuisset
1316 1756 1492 1809 ablata
1514 1795 1529 1819 ,
1582 1755 1858 1808 meliorem
1886 1750 1913 1790 τι
1941 1751 2099 1823 345

2201 564 2284 618 vel
2324 563 2679 632 quodcunque
2730 564 2965 633 diripere
3020 566 3343 634 potuissent.
3387 566 3470 622 Illi
3515 584 3645 622 vt‘ro
3700 575 3804 641 qui

2202 655 2342 708 beati
2373 656 2584 709 Martini
2609 655 2848 724 jiimenta
2882 655 3238 721 abduxerant,
3265 670 3530 713 commota
3556 660 3799 717 alterca-

2201 747 2365 811 tione,
2413 760 2473 799 se
2524 746 2750 799 invicem
2805 746 3005 801 lanceis
3037 748 3437 803 transfixeruiit.
3487 750 3601 806 Duo
3630 753 3805 825 353

2199 840 2285 906 qui
2319 840 2488 889 mulas
2530 838 2874 905 diripiebant,
2936 838 2988 892 in
3043 838 3264 893 domum
3308 840 3466 894 vicini
3512 844 3801 911 cujusdam

2202 928 2544 991 accedentes,
2581 937 2759 997 potum
2793 943 2983 997 rogare
3010 941 3311 998 coeperunt.
3344 930 3589 1001 Cumque
3620 936 3710 989 ille
3733 950 3804 991 se

2202 1018 2399 1074 trahere
2424 1030 2660 1089 negaret,
2685 1021 2908 1074 elevatis
2931 1019 3132 1076 lanceis
3151 1030 3207 1075 ut
3224 1038 3345 1076 eum
3371 1025 3801 1091 transfodereiii,

2201 1110 2288 1164 bic
2310 1123 2552 1165 extraCio
2574 1111 2751 1181 gladio
2780 1119 3065 1180 utrumque
3098 1113 3345 1181 perfodit,
3375 1117 3803 1188 cecideruntqoe

2200 1202 2380 1265 ambo,
2404 1211 2459 1255 et
2483 1204 2681 1257 mortui
2704 1212 2830 1256 sunt
2866 1220 2877 1254 :
2905 1204 3147 1272 juiuenta
3171 1214 3349 1260 tamen
3379 1210 3547 1262 sancti
3578 1209 3800 1264 Martini

2200 1292 2410 1346 reddita
2432 1306 2579 1347 sunt.
2622 1294 2895 1363 Tantaque
2917 1295 2986 1350 ibi
3022 1305 3145 1350 tunc
3168 1297 3306 1369 tpala
3352 1314 3446 1365 per
3488 1300 3587 1355 lios
3624 1304 3806 1355 Aure-

2200 1384 2467 1438 liancnses
2495 1394 2642 1453 gesta
2672 1396 2818 1452 sunt,
2854 1397 2911 1441 ut
2944 1398 3214 1457 nequeant
3240 1390 3519 1459 explicari.

2271 1478 2435 1533 XXII.
2481 1479 2611 1534 Dum
2641 1492 2819 1537 autem
2852 1481 2968 1537 base
2991 1495 3310 1554 agerentur,
3342 1499 3429 1538 res
3459 1486 3628 1553 ipsius
3652 1486 3801 1540 Ehe-

2202 1570 2329 1624 rulfi
2359 1571 2587 1627 diversis
2609 1573 2999 1640 conceduntur,
3032 1592 3245 1642 aurum,
3271 1587 3685 1648 argentumque,
3711 1578 3799 1633 νιοΙ

2202 1662 2335 1717 alias
2364 1664 2611 1719 meliores
2641 1666 2872 1733 species,
2902 1672 3034 1737 quas
3060 1682 3243 1722 secum
3280 1669 3563 1734 retinebat,
3597 1671 3649 1724 in
3675 1688 3799 1726 ine-

2202 1753 2293 1807 dio
2315 1757 2573 1824 exposita:
2601 1766 2727 1810 sunt
2753 1754 2797 1811 τ.
2842 1757 2995 1824 Quod
3036 1774 3165 1814 vero
3211 1763 3645 1816 commendatum
3701 1765 3800 1815 lia-

514 1866 575 1907 ιο
604 1850 917 1906 existimans
950 1849 1341 1904 Brunicbildem
1362 1889 1379 1914 ,
1412 1848 1554 1902 misit
1584 1850 1793 1902 occulte
1837 1846 2094 1899 clericum
2128 1839 2175 1899 B
2202 1846 2332 1910 buit,
2369 1847 2691 1913 publicatum
2714 1856 2799 1901 est
2832 1864 2846 1900 :
2879 1863 3068 1917 greges
3089 1850 3250 1903 etiam
3281 1866 3564 1919 equorum,
3600 1868 3800 1921 parco-

512 1946 617 1999 sibi
648 1943 990 2007 familiarem,
1023 1944 1113 2011 qtti
1142 1957 1261 1996 eam
1301 1942 1715 1995 circumventam
1746 1939 1887 1994 dolis
1909 1938 2095 1992 interi-

514 2052 661 2091 mere
691 2046 907 2105 posset,
950 2034 1201 2088 videlicet
1251 2042 1309 2087 ut
1335 2047 1455 2087 cum
1487 2047 1546 2087 se
1574 2032 1845 2087 subtiliter
1883 2031 1934 2084 iii
1978 2030 2095 2099 ejus

514 2126 766 2182 subderet
790 2126 1133 2188 famulatum,
1160 2124 1227 2177 ab
1255 2137 1317 2177 ca
1346 2122 1491 2176 credi
1526 2130 1725 2190 posset,
1755 2130 1809 2174 et
1844 2123 1923 2175 sic
1953 2122 2092 2175 clam

514 2221 912 2288 percelleretur.
956 2215 1191 2271 \eiiiens
1220 2216 1381 2283 igitur
1409 2213 1660 2277 clericus,
1694 2228 1816 2266 cum
1863 2213 2095 2266 diversis

515 2310 745 2380 ingeniis
768 2323 827 2364 se
848 2308 1023 2363 eidem
1050 2306 1465 2370 commendavit,
1487 2306 1671 2358 dicens
1696 2318 1711 2358 :
1734 2307 1775 2356 A
1806 2300 1945 2357 facie
1968 2300 2097 2356 Fre-

512 2405 775 2475 degundis
804 2404 1006 2473 regina
1058 2400 1241 2470 fugio,
1275 2401 1572 2467 deposcens
1614 2396 1869 2450 auxilium
1925 2406 2093 2449 tuuin.

510 2495 683 2563 Coepit
708 2508 767 2547 se
787 2494 951 2546 etiam
982 2492 1232 2545 omnibus
1270 2489 1494 2543 reddere
1526 2488 1780 2542 humilem
1800 2526 1816 2550 ,
1849 2486 2095 2552 charum,

512 2584 875 2646 obedientem,
900 2596 962 2636 ac
983 2582 1181 2651 reginas
1212 2581 1495 2647 privatum.
1521 2579 1625 2634 Sed
1654 2593 1759 2632 non
1784 2580 1941 2649 longo
1963 2588 2098 2633 tein-

517 2690 646 2741 poie
673 2671 1016 2739 interposito,
1049 2671 1570 2725 intellexerunteum
1598 2669 1785 2724 dolose
1816 2669 2097 2723 transmis-

512 2783 667 2831 δυιι.;
715 2766 1030 2829 vinctusque
1082 2779 1147 2818 ac
1196 2778 1402 2827 ctesus,
1440 2777 1561 2817 eum
1594 2776 1707 2818 rem
1759 2760 2099 2829 patefecisset

514 2863 795 2923 occultam,
829 2873 1005 2914 remre
1052 2858 1345 2928 permissus
1401 2865 1486 2911 est
1522 2855 1589 2911 ad
1639 2864 1965 2924 patronam:
2007 2868 2097 2909 re-

514 2964 812 3017 seraiisque
852 2966 970 3019 qua:
998 2958 1115 3004 aeta
1154 2949 1385 3013 fuerant,
1432 2946 1625 3001 effatus
1654 2948 1794 3017 quod
1820 2945 1971 3016 jussa
2002 2962 2096 3015 pa-

512 3054 657 3095 trare
705 3055 810 3095 non
858 3042 1415 3111 potuisset,inanuuin
1448 3054 1509 3094 ac
1530 3039 1723 3110 pedum
1764 3039 2099 3095 abscissione

509 3133 816 3186 iiiulctatur.

2200 1937 2830 2009 ruin,jumentorumque
2853 1939 3199 2008 diripiuntur.
3233 1940 3434 1995 Domus
3466 1958 3597 1997 vero
3626 1945 3799 1996 infra-

2201 2044 2475 2092 muranea,
2510 2046 2669 2097 quam
2697 2032 2765 2085 de
2787 2031 3152 2087 dominatione
3181 2032 3423 2087 ecclesia:
3462 2036 3797 2101 abstulerat,

2200 2120 2398 2176 referta
2419 2124 2669 2187 annonis,
2703 2122 2827 2176 vitio
2856 2132 3015 2188 atque
3044 2114 3364 2192 tergoribus,
3384 2124 3650 2194 rebusque
3669 2127 3798 2180 aliis

2200 2212 2408 2279 multis,
2435 2212 2664 2280 atlplene
2689 2213 2913 2282 spoliata
2944 2224 3060 2277 est;
3094 2230 3190 2269 nec
3226 2214 3294 2268 ibi
3328 2215 3473 2268 aliud
3505 2231 3664 2283 quam
3701 2232 3797 2284 pa-

2201 2303 2368 2357 rietes
2396 2304 2547 2357 vacui
2583 2314 2978 2357 iemanserunt.
3014 2304 3090 2357 Ex
3141 2304 3243 2359 hoc
3274 2320 3371 2357 nos
3402 2308 3636 2359 maxime
3674 2322 3796 2359 sus-

2200 2403 2385 2463 pectos
2415 2394 2663 2456 habebat,
2696 2394 2785 2464 qui
2820 2397 2870 2448 iii
2896 2395 3075 2450 causis
3110 2396 3227 2465 ejus
3267 2398 3495 2451 fideliter
3519 2402 3787 2452 curreba-

2200 2497 2341 2548 mus,
2397 2486 2715 2550 promittens
2766 2486 3098 2554 plerumque,
3141 2488 3283 2556 quod
3330 2489 3375 2541 si
3435 2505 3669 2559 unquam
3724 2492 3792 2544 ad

2202 2578 2340 2643 regis
2360 2576 2587 2642 gratiam
2619 2576 2943 2644 perveniret,
2975 2581 3027 2631 in
3069 2580 3221 2631 nobis
3252 2578 3367 2633 haec
3398 2596 3518 2646 quae
3546 2583 3792 2647 perfere-

2202 2671 2291 2726 bat
2314 2672 2678 2725 ulcisceretur.
2704 2670 2843 2725 Deus
2861 2674 3003 2725 enim
3029 2672 3197 2737 novit,
3226 2676 3308 2725 cui
3335 2688 3532 2727 arcana
3557 2678 3793 2742 pectoris

2205 2762 2668 2832 revelantur,quia
2696 2764 2762 2816 de
2790 2778 2921 2831 puro
2936 2765 3120 2827 corde,
3145 2763 3197 2817 in
3223 2777 3481 2833 quantum
3500 2768 3793 2832 pomi-tius,

2202 2855 2451 2909 solatium
2481 2855 2930 2921 iiiinistravinius;
2962 2862 3017 2909 et
3059 2870 3363 2925 quanquam
3410 2859 3604 2910 multas
3635 2860 3795 2913 nobis

2204 2947 2427 3003 insidias
2459 2948 2600 3015 prius
2626 2948 2694 3002 de
2740 2948 2898 3002 rebus
2944 2952 3112 3001 sancti
3166 2949 3376 3004 Martini
3425 2951 3637 3006 fecisset
3693 2970 3793 3002 μιν

2201 3040 2376 3095 stabat
2406 3048 2582 3094 tamen
2605 3053 2764 3093 causa
2810 3050 2864 3093 ut
2886 3040 3103 3094 easdem
3131 3041 3483 3097 obliviscerer
3504 3083 3520 3108 ,
3552 3059 3616 3095 eo
3645 3043 3792 3111 quod

2204 3130 2367 3184 filiuni
2385 3130 2503 3199 ejus
2524 3135 2592 3186 de
2624 3145 2778 3184 sacro
2803 3131 3013 3186 lavacro
3034 3135 3418 3198 suscepissem.
3444 3134 3574 3200 Sed,
3599 3136 3788 3199 credo,

591 3226 731 3279 XXI.
776 3226 869 3279 liis
891 3227 958 3279 ita
996 3224 1180 3294 gestis,
1205 3239 1324 3279 cum
1353 3240 1445 3278 rex
1472 3224 1903 3280 Guotchramnus
1925 3222 2101 3279 Cabil-
2129 3216 2174 3281 C
2206 3220 2402 3277 infelici
2457 3222 2533 3276 illi
2589 3238 2650 3277 ea
2701 3237 2786 3278 res
2833 3226 3122 3277 maximum
3176 3222 3278 3279 fuit
3320 3226 3789 3293 impedimentum,

516 3319 700 3371 Inuum
730 3331 1003 3385 regressus
1034 3325 1259 3369 mortem
1291 3312 1470 3369 fratris
1492 3328 1777 3369 conaretur
1804 3316 2098 3381 inquirere,

490 3418 561 3460 et
587 3408 769 3475 regina
794 3407 993 3461 crimen
1011 3420 1173 3473 super
1203 3405 1510 3459 Eberulfum
1538 3414 1560 3442 ο
1592 3404 1974 3460 cubicularium
1999 3405 2100 3458 im-

512 3501 781 3566 iosuisset
802 3501 1037 3567 (rogatus
1058 3497 1200 3551 enim
1235 3497 1404 3551 fuerat
1432 3500 1499 3552 ab
1528 3512 1611 3561 ea,
1643 3505 1700 3550 ut
1728 3507 1847 3565 post
1869 3505 2097 3550 mortem

517 3596 661 3663 regis
688 3607 807 3646 cum
836 3592 947 3658 ipsa
976 3592 1237 3645 resideret
1267 3606 1279 3643 :
1319 3588 1414 3643 sed
1453 3589 1696 3643 obtinere
1734 3604 1837 3643 non
1871 3588 2098 3658 potuit);

514 3688 614 3741 hac
652 3700 781 3755 ergo
826 3684 1097 3739 inimicitia
1148 3684 1474 3753 pullulante,
1526 3683 1757 3737 asseruit
1810 3684 1990 3751 regina
2031 3686 2100 3735 ab

507 3777 699 3832 eodem
731 3776 1025 3845 principem
1048 3774 1209 3829 fuisse
1236 3773 1594 3835 interfectum,
1624 3776 1902 3842 ipsumque
1931 3774 2096 3827 multa

504 3871 577 3925 de
610 3868 875 3924 thesauris
902 3868 1204 3933 abstulisse,
1250 3876 1307 3919 et
1335 3865 1413 3920 sic
1446 3865 1496 3918 in
1526 3864 1849 3919 Turonicum
1882 3864 2097 3919 absces-

512 3966 650 4020 sisse
680 3964 786 4037 [AL
814 3960 1120 4033 transisse];
1168 3961 1392 4030 ideoque
1420 3961 1463 4013 si
1520 3976 1613 4015 rex
1660 3970 1886 4015 mortem
1915 3958 2097 4016 fratris

510 4058 842 4110 desideraret
873 4052 1095 4118 ulcisci”,
1149 4052 1358 4107 noverit
1389 4052 1545 4123 hujus
1595 4066 1771 4107 cause
1813 4051 1953 4107 hunc
1980 4069 2101 4107 esse

490 4148 850 4217 signiferum.
898 4147 1047 4201 Tunc
1084 4161 1177 4200 rex
1213 4146 1412 4214 jiiravit
1440 4146 1690 4201 omnibus
1726 4148 2096 4214 optimatibus,

506 4242 646 4309 quod
680 4257 786 4294 non
816 4240 972 4293 modo
1002 4240 1197 4306 ipsum,
1224 4254 1410 4292 verum
1442 4240 1606 4293 etiam
1639 4240 1949 4309 progeniem
1976 4242 2097 4305 eius

496 4331 563 4384 “in
595 4346 787 4384 nonam
817 4329 1212 4400 generationem
1235 4329 1461 4395 deleret,
1489 4342 1546 4383 ut
1577 4345 1671 4399 per
1693 4333 1881 4383 horum
1908 4347 2096 4386 necem

510 4424 844 4478 censuetudo
872 4422 1171 4477 auferretur
1193 4423 1391 4489 iniqua,
1417 4437 1483 4477 ne
1500 4436 1651 4492 reges
1672 4424 1899 4486 amplius
1929 4424 2094 4477 inter-

500 4516 817 4573 ﬁcerentur.
842 4516 992 4582 Quod
1016 4530 1137 4568 cum
1165 4515 1445 4568 Eberulfus
1468 4516 1820 4583 comperisset
1843 4558 1856 4577 .
1903 4516 2090 4570 basili-

505 4624 623 4661 eam
655 4608 824 4661 sancti
857 4606 1091 4669 Martini,
1115 4606 1269 4675 cujus
1291 4618 1379 4658 res
1407 4620 1550 4674 stepe
1579 4616 1907 4675 pervaserat,
1927 4623 2089 4676 expe—
2116 4586 2165 4648 υ
2196 4604 2335 4660 beati
2365 4606 2594 4673 sepulcri
2642 4622 2655 4658 :

507 4699 646 4755 tivit.
670 4696 820 4752 Tune
840 4697 961 4751 data
990 4700 1275 4751 occasione
1302 4704 1360 4750 ut
1402 4697 1764 4753 custodiretur
1788 4736 1803 4762 ,
1847 4700 2090 4755 Aurelia-

507 4803 703 4843 neuses
758 4799 918 4851 atque
974 4788 1258 4842 Blesenses
1304 4787 1540 4842 vicissim
1592 4789 1658 4842 ad
1716 4788 1809 4843 bas
1838 4792 2090 4845 excubias

506 4880 812 4945 veniebant,
846 4879 1184 4949 iinpletisque
1204 4879 1506 4948 quindecim
1530 4880 1737 4948 diebus,
1770 4898 1889 4937 cum
1924 4884 2089 4939 multa

575 5047 600 5073 ι
624 5035 783 5090 Vicus
813 5034 952 5087 haud
984 5034 1163 5101 procul
1192 5049 1221 5086 a
1266 5032 1653 5089 confluentibus
1675 5036 1890 5093 Auturze
1914 5050 1963 5092 et
1987 5042 2079 5096 Sec

502 5122 713 5175 quaom,
749 5112 904 5173 volgo
938 5104 1084 5157 Riteil
1112 5118 1206 5157 seu
1237 5103 1425 5157 fiueuil
1452 5107 1668 5160 dicitur.
1717 5109 1843 5176 Ejus
1884 5126 2078 5166 nomen

504 5193 608 5229 non
638 5177 942 5244 exprimunt
969 5176 1122 5227 tlolb.
1156 5192 1229 5229 in.
1259 5184 1313 5228 et
1346 5177 1533 5245 liegm.
1558 5177 1687 5233 Bec.
1707 5194 1856 5245 vero,
1891 5181 2080 5234 [temo—

501 5248 763 5323 jiifeitsim.

574 5317 597 5353 ιτ
631 5320 836 5385 llegin.,
876 5324 1061 5369 sortita:
1084 5325 1297 5370 sunt....

474 5399 646 5453 -ιιαιιι,
679 5400 783 5443 etc.

577 5469 599 5495 ι
636 5464 680 5511 Is
713 5460 1030 5512 Praetextato
1060 5458 1113 5511 in
1151 5458 1400 5513 exsilium
1429 5458 1650 5514 detruso
1699 5458 1872 5514 fuerat
1899 5460 2077 5514 subro-

518 5539 675 5582 tatus.

518 5546 675 5582 '9HIS.

501 5546 530 5596 ὅ
571 5596 595 5634 ἀ
637 5598 729 5653 Sic
755 5597 907 5651 Coll).
937 5597 1041 5651 duo
1062 5612 1183 5650 cum
1214 5597 1337 5649 Bcc.
1373 5596 1425 5649 Id
1447 5606 1552 5661 est,
1600 5597 1912 5651 existimans
1940 5601 2074 5655 Bru-

501 5669 714 5722 iiieliildi
739 5668 1010 5721 meliorem
1040 5682 1199 5736 quam
1222 5666 1322 5718 sibi
1351 5676 1550 5719 sortem
1573 5669 1846 5735 obtigisse,
1877 5683 1933 5723 ut
1955 5674 2073 5724 ani-

492 5740 784 5793 inadvertit
835 5738 1093 5798 Vale~ius,
1139 5736 1380 5802 quamvis
1428 5736 1652 5793 inllolb.
1684 5754 1757 5793 in.
1791 5741 2074 5796 lectionem

502 5815 664 5865 alieni
717 5823 903 5863 manus
934 5807 1216 5874 vitiaverit,
1258 5808 1568 5874 reponendo
1597 5816 1655 5863 ut
1681 5808 1734 5862 iii
1756 5810 1934 5877 editis,
1969 5830 2073 5865 me-

1348 5330 1521 5371 omnes
1568 5318 1807 5372 mulieres
1849 5322 2081 5375 meliores

2205 3314 2345 3381 quod
2382 3313 2580 3367 nullam
2619 3316 2975 3368 reverentiam
3005 3324 3195 3369 sancto
3224 3317 3514 3384 praestabat
3539 3320 3788 3372 antistiti.

2206 3405 2337 3459 Nam
2360 3420 2502 3475 saepe
2530 3407 2704 3461 caedes
2732 3407 2870 3461 infra
2901 3410 3074 3477 ipsum
3099 3410 3316 3476 atrium,
3346 3412 3489 3480 quod
3521 3412 3587 3465 ad
3630 3413 3791 3481 pedes

2205 3496 2349 3550 beati
2380 3507 2578 3565 exstat,
2610 3500 2817 3569 exegit,
2852 3516 3111 3556 exercens
3146 3505 3364 3559 assidue
3394 3505 3685 3560 ebrietates
3726 3522 3791 3560 ac

2206 3589 2487 3643 vanitates.
2522 3589 2899 3660 Presbyterum
2922 3608 3135 3662 quoque
3184 3610 3371 3659 unum,
3425 3610 3522 3664 pro
3549 3611 3617 3651 eo
3647 3599 3788 3666 quod

2203 3682 2254 3736 ei
2290 3683 2470 3737 vinum
2512 3683 2644 3738 dare
2670 3683 2930 3748 differret,
2960 3700 3081 3741 eum
3108 3686 3219 3756 jam
3248 3690 3558 3757 irapiilaius
3584 3706 3787 3759 aspice-

2205 3782 2308 3837 ret,
2351 3775 2548 3827 elisuni
2593 3790 2756 3845 super
2788 3791 3064 3830 scamnum
3096 3779 3281 3847 pugnis
3307 3794 3369 3833 ae
3416 3780 3647 3836 diversis
3674 3782 3788 3835 icti-

2203 3863 2306 3919 bus
2336 3865 2659 3932 verberavit,
2703 3877 2759 3921 ut
2782 3883 2917 3936 pene
2946 3870 3180 3922 animam
3217 3870 3445 3925 reddere
3480 3872 3785 3935 videreur;

2201 3970 2256 4014 et
2284 3960 2499 4015 fecisset
2530 3962 2775 4025 forsitan,
2827 3962 2872 4016 si
2921 3964 2968 4017 ei
2997 3963 3326 4017 medicorum
3349 3974 3585 4019 venteste
3611 3974 3637 4011 8
3681 3981 3785 4018 non

2201 4050 2602 4106 subvenissent.
2640 4050 2877 4105 llabebat
2904 4053 3045 4106 enim
3074 4068 3169 4120 pro
3203 4052 3392 4107 timore
3427 4054 3567 4123 regis
3596 4056 3646 4108 in
3673 4059 3786 4123 ipso

2198 4142 2511 4197 salutatorio
2538 4139 2565 4177 ιι
2603 4143 2774 4197 beata:
2803 4142 2962 4214 357
2992 4145 3230 4200 basilica:
3257 4148 3615 4202 mansionem.
3646 4148 3778 4201 Cum

2198 4244 2377 4287 autem
2405 4233 2704 4305 presbyter,
2756 4236 2844 4303 qui
2895 4237 3073 4290 claves
3102 4238 3226 4290 ostii
3258 4238 3559 4302 retinebat,
3590 4238 3785 4293 clausis

2198 4324 2413 4392 reliquis
2438 4328 2767 4388 recessisset,
2821 4339 2915 4392 per
2944 4326 3073 4380 illud
3101 4329 3397 4381 salotatorii
3440 4330 3640 4383 ostium
3694 4328 3780 4381 iu-

2198 4423 2469 4468 troeuntes
2497 4416 2714 4483 puellis,
2759 4430 2880 4470 cum
2913 4417 3133 4487 reliquis
3160 4419 3339 4487 pueris
3365 4418 3483 4487 ejus
3513 4418 3777 4487 suspicie-

2197 4507 2326 4561 bant
2375 4508 2614 4574 picturas
2668 4508 2952 4575 parietum,
3002 4509 3439 4580 rimabanturque
3468 4520 3780 4565 ornamenta

2712 4606 2851 4676 quod
2900 4608 3051 4663 valde
3104 4610 3465 4665 facinorosum
3521 4611 3781 4680 l‘cl-giOSil

2197 4708 2332 4752 erat.
2361 4698 2513 4765 Quod
2541 4712 2661 4752 cum
2689 4699 2970 4769 presbyter
3006 4703 3365 4769 cognovisset,
3391 4702 3588 4757 defixis
3614 4703 3780 4757 clavis

2197 4805 2360 4859 super
2389 4790 2605 4857 ostium,
2635 4790 2956 4847 intrinsecus
2980 4808 3130 4850 seras
3150 4797 3367 4865 aptavit.
3396 4796 3519 4851 llaec
3542 4798 3632 4849 ille
3658 4811 3779 4849 cum

2202 4893 2319 4950 post
2348 4896 2556 4936 ctenam
2611 4884 2736 4937 vino
2792 4884 3034 4940 madidus
3079 4889 3416 4953 advertisset,
3474 4901 3529 4944 et
3580 4905 3677 4944 nos
3728 4890 3777 4942 iu

2188 5038 2365 5091 liorem
2392 5050 2444 5087 se
2472 5034 2762 5089 existimaris
2784 5035 3141 5096 Brunicliilde.

2268 5116 2293 5144 0
2336 5106 2483 5168 Mss.,
2514 5116 2740 5177 excepto
2772 5109 2919 5173 Bec.,
2956 5113 3006 5165 in
3047 5114 3279 5176 capitum
3327 5114 3502 5171 indice
3551 5116 3771 5177 habent.

2192 5177 2461 5253 Bantius.
2511 5176 2841 5253 Cubicularii
2882 5196 3004 5235 cuni
3062 5184 3183 5236 aliis
3228 5187 3406 5250 palatii
3463 5189 3772 5253 proceribus

2194 5247 2304 5315 regi
2331 5250 2381 5299 in
2416 5247 2620 5316 placitis
2647 5248 2979 5316 assidebant,
3012 5260 3068 5305 ut
3093 5247 3320 5316 patetei
3355 5247 3493 5312 lib.'i
3535 5259 3769 5313 Marculli

2192 5319 2413 5391 lorinula
2446 5315 2666 5391 23.jAlii
2697 5315 3027 5375 domesticus
3053 5315 3342 5391 appellant.

2266 5386 2285 5423 τ
2327 5386 2598 5464 Sientlolb.
2623 5404 2674 5440 a.
2706 5394 2873 5464 altera
2899 5386 3299 5464 iiianu._'Ca'teri
3347 5397 3564 5464 habent,
3611 5415 3769 5463 (xpo-

2183 5462 2307 5541 siiit.
2355 5457 2515 5525 Infra,
2562 5462 2994 5529 commendatum,
3046 5462 3098 5517 id
3124 5475 3227 5527 est,
3256 5469 3396 5535 apud
3443 5457 3578 5522 alios
3606 5457 3768 5538 depo-

2184 5542 2366 5584 Stltittt.

2257 5610 2281 5647 s
2322 5599 2474 5657 Coll).
2502 5600 2627 5660 duo.
2661 5601 2864 5654 solatia.

2255 5669 2279 5706 ⁸³
2321 5670 2471 5743 (λιιι).
2498 5688 2595 5731 ιιι..
2623 5674 2895 5743 salutaria,
2927 5683 2981 5727 et
3009 5672 3164 5737 infra,
3188 5678 3446 5739 salutarii,
3477 5689 3532 5733 et
3558 5679 3761 5743 Casin.,

2185 5742 2509 5815 sacraria...
2556 5744 2817 5815 sacrarii.‘
2845 5742 2948 5797 Sed
2994 5744 3267 5815 retinenda
3300 5764 3398 5803 vox
3440 5742 3757 5815 saliitatorii,

2184 5820 2250 5863 ile
2279 5827 2380 5878 qua
2416 5813 2534 5865 vide
2562 5825 2723 5878 supra
2753 5812 2820 5866 ad
2849 5828 2967 5883 cap.
2999 5815 3061 5869 2|
3092 5814 3233 5870 libri.
3264 5833 3323 5873 ii.
