4096 6344
382 399 485 456 ιέθ

1277 391 1597 449 HISTORIA
1638 386 2081 443 ιτιιιιλιλυιιυὺι.
2126 384 2322 437 LIBER
2363 382 2717 439 SEPTIMUS.

3533 384 3637 439 450

380 514 603 570 basilica
631 513 684 567 in
715 513 868 569 initio
916 513 1088 569 noctis
1111 512 1369 567 orationis
1398 511 1565 580 gratia
1588 507 1954 577 psalleremns,
1987 507 2038 561 Α
2068 501 2309 554 timorem
2340 500 2548 554 habuit.
2582 501 2711 555 Nam
2759 501 2884 556 dum
2917 509 3063 555 esset
3110 500 3163 555 in
3195 499 3463 566 libertate,
3518 500 3640 570 equi

381 606 701 660 furibundus
738 605 1057 675 ingreditur,
1108 620 1299 673 meque
1333 603 1590 657 conviciis
1634 615 1698 653 ac
1743 596 1965 651 maledi-

379 696 652 752 ctionibus
679 713 870 765 urgere
895 698 1079 764 cmpit,
1107 697 1232 750 illud
1261 695 1585 762 interjurgia
1606 691 1960 759 exprobrans,

378 789 525 855 quod
552 805 653 857 ego
680 805 801 843 eum
822 789 981 844 velim
1007 806 1034 840 a
1076 786 1247 843 sancti
1276 787 1528 840 antiStitis
1564 784 1787 836 fimbriis
1812 796 1965 848 sepa-

380 896 521 934 rare.
571 880 675 935 Sed
717 894 816 949 ego
847 891 1067 945 stupens
1094 894 1214 948 quae
1242 881 1410 931 virum
1462 878 1695 944 cepisset
1735 872 1961 937 insania,

379 971 592 1025 blandis
626 986 749 1026 eum
799 970 1135 1024 sermonibus
1163 971 1397 1022 mulcere
1425 975 1650 1021 conatus
1683 979 1822 1017 sum.
1855 963 1961 1017 Sed

378 1079 504 1116 eum
527 1063 645 1131 ejus
673 1060 836 1116 furias
866 1063 1043 1115 verbis
1074 1061 1281 1115 leuibus
1316 1074 1570 1127 superare
1592 1072 1697 1109 non
1729 1070 1960 1124 possem,

380 1155 544 1209 silere
573 1154 805 1208 decrevi.
860 1153 950 1207 Ille
984 1168 1110 1206 vero
1149 1166 1234 1204 me
1284 1159 1501 1203 tactum
1544 1147 1849 1211 intendens,
1893 1144 1960 1197 ad

382 1246 753 1313 presbyterum
787 1253 812 1280 ιι
847 1241 1198 1304 convertitur,
1229 1240 1531 1305 evomitque
1558 1238 1608 1291 in
1639 1252 1763 1291 eum
1795 1236 1961 1288 multa

380 1333 651 1399 convicia;
706 1350 830 1388 nam
880 1343 935 1387 et
975 1333 1125 1386 illum
1156 1331 1334 1384 verbis
1386 1328 1721 1398 procacibus,
1776 1335 1832 1381 et
1879 1340 1964 1379 me

381 1427 615 1481 diversis
635 1426 943 1494 opprobriis
970 1424 1332 1493 impugnabat.
1365 1424 1471 1475 Nos
1502 1436 1629 1476 ιιι-το
1652 1435 1772 1474 cum
1803 1416 1965 1472 vidis-

380 1530 565 1569 semus
591 1531 736 1582 eum,
769 1526 826 1569 ut
872 1516 939 1569 ita
969 1516 1163 1579 diram,
1194 1515 1275 1581 agi
1306 1529 1337 1565 a
1387 1515 1659 1573 daemone,
1700 1509 1898 1577 egressi
1929 1522 1962 1560 a

383 1605 600 1659 basilica
629 1617 811 1660 saneta
842 1606 1151 1661 scandalum
1177 1622 1204 1657 γ
1227 1606 1488 1673 giliasque
1512 1603 1805 1665 tinivimus,
1833 1600 1961 1655 illud

381 1699 615 1751 maxime
637 1698 907 1767 indignum
939 1697 1193 1760 ferentes,
1226 1697 1365 1765 quod
1396 1696 1495 1747 hoc
1525 1694 1551 1731 δ
1576 1693 1812 1761 jurgium
1837 1692 1961 1746 abs-

390 1804 496 1855 que
539 1790 836 1842 reverentia
875 1791 1070 1852 sancti,
1117 1797 1241 1841 ante
1281 1788 1455 1854 ipsum
1489 1784 1791 1853 sepulcrum
1820 1784 1931 1837 anti

2064 595 2180 659 ejus
2226 606 2289 645 ac
2317 608 2508 660 pecora
2552 609 2646 660 per
2672 603 2882 662 segetes
2922 608 3210 663 pauperum
3241 594 3530 663 vineasque
3557 594 3639 647 die

2064 682 2433 745 mittebantur.
2483 685 2632 748 Quod
2680 688 2723 740 si
2776 687 3178 755 expellebantur
3203 687 3385 742 abhis
3409 703 3638 757 quorum

2063 778 2375 837 evertebant
2422 779 2670 841 labores,
2729 780 2908 835 statim
2952 796 2983 833 a
3031 781 3143 843 suis
3190 781 3638 849 percellebantur.

2063 870 2194 925 Nam
2232 872 2285 926 in
2314 872 2413 926 hac
2438 873 2679 941 angustia
2702 890 2802 943 qua
2825 884 2962 941 erat,
2990 891 3132 945 saepe
3160 877 3637 940 commemorabat,

2064 964 2205 1030 quod
2234 979 2320 1018 res
2341 965 2479 1019 beati
2503 965 2757 1021 antistitis
2787 967 3094 1022 abstulisst't
3134 968 3349 1037 injuste.
3401 970 3641 1038 Denique

2063 1069 2205 1108 anno
2233 1055 2510 1122 superiore
2530 1065 2858 1111 commotum
2880 1056 2906 1093 τι
2929 1058 3212 1125 quemdam
3243 1060 3408 1114 levem
3437 1076 3468 1115 e
3504 1062 3642 1115 civi-

2064 1143 2162 1196 bus
2191 1143 2437 1198 ecclesia:
2459 1158 2669 1200 actores
2693 1145 2818 1201 fecit
2857 1147 3220 1215 interpellare.
3254 1150 3404 1204 Tunc
3428 1163 3643 1220 postpo-

2064 1234 2163 1289 sita
2188 1235 2414 1304 justitia,
2445 1252 2552 1301 res,
2586 1254 2719 1304 quas
2757 1239 2884 1292 olim
2912 1240 3138 1295 ecclesia
3170 1242 3495 1310 possidebat,
3544 1246 3642 1298 sub

2064 1328 2243 1395 specie
2265 1328 2553 1395 emptionis
2582 1330 2866 1395 abstraxit,
2925 1332 3046 1387 data
3101 1334 3200 1402 ipsi
3255 1334 3455 1392 homini
3494 1352 3642 1406 parte

2064 1432 2223 1473 aurea
2272 1417 2429 1473 baltei
2481 1421 2585 1478 sui.
2617 1421 2721 1474 Sed
2753 1421 2859 1494 [ΑΙ.
2895 1420 3027 1493 lucc]
3074 1432 3129 1479 et
3159 1424 3281 1479 talia
3330 1427 3493 1480 multa
3525 1444 3642 1496 per-

2066 1522 2222 1563 verse
2243 1513 2349 1577 egit
2371 1526 2540 1579 usque
2561 1512 2627 1565 ad
2651 1512 2809 1568 tinem
2835 1514 2963 1569 vitae
2989 1529 3118 1580 sua',
3144 1530 3302 1584 quem
3331 1526 3355 1553 ο
3388 1519 3438 1570 in
3467 1528 3641 1586 poste-

2063 1614 2182 1653 rum
2207 1602 2637 1668 explanahimus.

2136 1691 2326 1746 XXIII.
2366 1692 2622 1748 Praesenti
2653 1693 2673 1732 ί
2715 1710 2929 1765 quoque
2970 1711 3113 1751 anno
3151 1697 3517 1753 Armentarius
3546 1698 3642 1752 .lu-

2062 1779 2213 1836 (Iasus
2233 1797 2354 1836 cum
2384 1798 2490 1837 uno
2515 1794 2677 1838 sectae
2703 1799 2812 1840 sua:
2835 1787 3063 1843 satellite
3084 1798 3137 1841 et
3159 1788 3367 1842 duobus
3388 1788 3642 1844 Christia-

381 1880 517 1933 SIIII:
539 1881 890 1933 excitaverat.
915 1878 1010 1933 llis
1033 1879 1220 1933 diebus
1237 1878 1343 1934 vidi
1370 1877 1667 1941 somnium,
1692 1876 1831 1944 quod
1857 1875 1958 1941 ipsi
1992 1866 2035 1923 Β
2067 1872 2168 1934 liis,
2217 1873 2285 1926 ad
2308 1873 2601 1941 exigendas
2634 1878 2931 1943 cautiones,
2958 1893 3093 1948 quas
3122 1880 3172 1935 ei
3205 1892 3421 1949 propter
3448 1880 3643 1938 tributa

380 1952 435 2021 in
467 1979 652 2023 sancta
676 1971 888 2023 basilica
933 1971 1109 2033 retuli,
1140 1970 1326 2024 dicens
1354 1986 1366 2021 :
1402 1969 1657 2023 I'utabam
1698 1984 1783 2022 me
1812 1968 1961 2037 quasi

383 2061 436 2112 in
460 2061 565 2115 hac
594 2062 809 2116 basilica
852 2073 1191 2118 sacrosancta
1222 2062 1501 2115 Missaruin
1531 2061 1788 2114 solemnia
1818 2060 1963 2112 cele-

383 2150 559 2204 brare.
582 2150 820 2221 Cumque
839 2151 950 2222 jam
974 2153 1216 2206 altarium
1239 2168 1359 2205 cum
1383 2151 1737 2206 oblationibus
1762 2152 1921 2223 pallip
1938 2160 1959 2190 ε

383 2245 559 2298 serico
582 2256 887 2313 coopertum
910 2256 1095 2323 _esset,
1154 2246 1333 2299 subito
1379 2243 1763 2311 ingredientem
1793 2242 1964 2297 Gunt-

381 2340 695 2391 chtamnum
724 2353 903 2404 regem
932 2341 1225 2407 Conspicio,
1258 2338 1350 2407 qui
1381 2354 1509 2392 voce
1546 2354 1737 2405 magna
1765 2338 1963 2391 clama-

382 2429 507 2482 bat:
540 2429 818 2483 Exlrahite
849 2430 1121 2483 inimicum
1152 2429 1516 2499 generationis
1540 2440 1736 2483 nostra:
1760 2470 1776 2494 ,
1812 2432 1961 2484 evel-

383 2518 476 2573 lite
499 2517 822 2573 homicidam
864 2535 895 2572 a
942 2534 1096 2573 sacro
1127 2519 1219 2573 Dei
1248 2521 1456 2573 altario.
1481 2523 1549 2574 At
1575 2536 1674 2589 ego
1694 2537 1815 2575 cum
1849 2522 1962 2576 haec

382 2612 645 2671 audirem,
673 2611 738 2662 ad
768 2620 820 2663 te
858 2625 1150 2667 conversus
1172 2611 1279 2664 dixi
1317 2629 1330 2665 :
1365 2612 1719 2680 Apprehende
1748 2613 1960 2680 pallium

383 2698 584 2762 altaris,
641 2701 843 2764 infelix,
895 2715 1003 2769 quo
1030 2717 1176 2756 sacra
1207 2718 1427 2755 munera
1476 2713 1852 2772 conteguntur,
1893 2721 1961 2759 ne

381 2791 506 2844 hinc
533 2791 819 2858 abjiciaris.
850 2793 1088 2861 Cumque
1115 2797 1566 2863 appreltenderes,
1588 2797 1806 2850 laxabas
1834 2813 1958 2851 eum

380 2897 560 2944 manu,
588 2892 641 2935 et
667 2898 770 2935 non
794 2883 1340 2947 viriliterdetinebas.
1378 2888 1485 2956 Ego
1531 2901 1662 2940 vero
1701 2888 1960 2955 expansis

382 2974 652 3037 manibus,
684 2983 871 3026 contra
903 2985 1085 3041 pectus
1113 2978 1254 3042 regis
1278 2991 1452 3029 meum
1477 2986 1658 3043 pectus
1687 2978 1955 3044 aptabam,

384 3065 564 3129 dicens
588 3082 603 3116 :
627 3064 747 3119 Noli
770 3066 966 3136 ejicere
987 3065 1125 3119 hunc
1142 3067 1412 3120 hominem
1433 3068 1500 3121 de
1516 3066 1731 3121 basilica
1750 3078 1955 3135 sancta,

385 3174 450 3210 ne
493 3158 617 3211 vitae
663 3159 953 3227 periculum
1010 3158 1247 3225 patiaris,
1302 3174 1367 3211 ne
1418 3170 1470 3213 te
1493 3171 1710 3213 sanctus
1734 3161 1958 3213 antistes

386 3246 547 3318 348
592 3224 685 3302 sua
737 3252 933 3303 virtute
955 3224 1245 3303 confodiat.
1296 3250 1497 3303 Nolite
1524 3250 1741 3319 proprio
1778 3250 1957 3318 jaculo
1985 3224 2034 3288 δ

382 3340 693 3392 interimere
725 3355 738 3390 :
772 3338 895 3406 qnia
922 3340 1021 3393 hoc
1049 3339 1095 3393 si
1125 3336 1334 3401 feceris,
1386 3341 1631 3406 prteseuti
1662 3344 1767 3394 vita
1800 3348 1960 3394 aeter-

385 3446 557 3499 naque
581 3432 806 3486 carebis.
839 3431 944 3487 Sed
976 3448 1094 3486 cum
1126 3449 1215 3485 rex
1244 3431 1376 3485 mihi
1406 3432 1701 3497 resisteret,
1737 3440 1788 3486 tu
1814 3434 1961 3486 laxa-

381 3523 478 3579 bas
506 3525 741 3593 pallium,
799 3536 857 3578 et
896 3534 1015 3592 post
1060 3540 1147 3579 me
1196 3525 1468 3579 veniebas.
1515 3524 1628 3595 Ego
1657 3540 1780 3578 vero
1807 3527 1961 3581 valde

380 3617 476 3671 tibi
503 3619 761 3672 molestus
786 3632 952 3671 eram.
993 3618 1232 3687 Curaque
1259 3628 1556 3673 reverteres
1580 3618 1646 3672 ad
1686 3618 1957 3684 altarium,

380 3708 817 3777 appreliendehas
840 3710 1076 3777 pallium,
1095 3712 1189 3764 Sed
1208 3726 1413 3765 rursum
1438 3712 1797 3781 relinquebas.
1823 3713 1959 3768 Dum

390 3798 487 3852 hoc
512 3808 570 3851 tu
600 3800 775 3867 tepide
803 3804 1082 3863 retineres,
1122 3809 1179 3854 et
1212 3816 1314 3869 ego
1342 3801 1564 3856 viriliter
1600 3803 1711 3871 regi
1740 3805 1959 3858 resiste-

389 3906 519 3954 rem,
546 3891 788 3960 evigilavi
820 3908 1012 3958 pavore
1038 3895 1381 3959 eonterritus,
1409 3894 1626 3964 ignarus
1652 3895 1778 3963 quid
1817 3910 1960 3949 som-

388 3980 830 4035 niumindicaret.
887 3980 1049 4050 Igitur
1092 3997 1210 4035 cum
1258 3985 1305 4036 ei
1333 3984 1434 4037 ista
1477 3999 1803 4049 narrassent,
1837 3985 1953 4040 ait:

389 4073 581 4131 Verum
611 4082 693 4126 est
722 4073 986 4127 somnium
1014 4074 1154 4143 quod
1179 4074 1381 4141 vidisti,
1412 4076 1553 4143 quod
1583 4076 1734 4129 valde
1762 4077 1961 4144 cogita-

382 4165 519 4219 tioni
546 4180 678 4219 mea:
705 4166 1015 4219 concordat.
1044 4166 1142 4220 Cui
1173 4182 1272 4237 ego
1305 4183 1319 4219 :
1359 4166 1562 4234 Ecquid
1599 4167 1823 4235 providit
1864 4183 1958 4223 co-

390 4255 570 4324 gitatio
601 4255 735 4309 tua?
764 4256 831 4309 Et
856 4256 947 4310 ille
976 4273 992 4310 :
1031 4257 1410 4320 Deliberatum,
1440 4257 1630 4325 inquit,
1660 4257 1816 4313 habui
1842 4299 1859 4323 ,
1901 4269 1960 4313 ut

390 4347 429 4400 si
463 4360 548 4398 me
577 4361 670 4399 rex
698 4345 766 4398 ab
793 4346 893 4399 hoc
921 4347 1038 4400 loco
1061 4345 1279 4415 juberet
1306 4347 1536 4410 extrahi,
1567 4349 1634 4401 ab
1664 4363 1767 4401 una
1796 4365 1957 4404 manu

380 4436 551 4500 pallas
571 4436 754 4488 altaris
778 4446 1038 4501 tenerem,
1066 4438 1133 4491 ab
1158 4438 1261 4489 alia
1286 4453 1432 4500 vero,
1456 4440 1739 4507 evaginato
1758 4439 1955 4508 gladio,

372 4538 436 4580 te
470 4529 617 4594 prius
648 4529 773 4582 inter
787 4529 945 4592 tecto,
995 4538 1431 4601 quantoscunque
1457 4532 1710 4600 deinceps
1734 4531 1958 4588 clericos

374 4617 742 4685 reperissem,
801 4617 852 4670 in
906 4626 1130 4671 mortem
1179 4629 1594 4689 prosternerem.
1668 4620 1779 4675 Nec
1826 4623 1955 4676 mihi

371 4709 619 4769 posthac
645 4708 968 4773 eratinjuria
997 4708 1140 4762 letho
1163 4711 1530 4772 succumbere,
1583 4712 1627 4765 si
1688 4711 1757 4766 de
1798 4711 1955 4780 hujus

392 4805 553 4852 sancti
577 4799 789 4853 clericis
812 4801 1108 4867 acciperem
1151 4802 1426 4857 ultionem.
1458 4804 1581 4858 Ilaec
1608 4820 1708 4873 ego
1734 4806 1956 4861 audiens

369 4899 442 4941 et
466 4899 709 4957 stupetis,
757 4890 1062 4943 admirabar
1090 4892 1229 4959 quod
1274 4901 1408 4959 erat,
1458 4895 1577 4961 quia
1610 4910 1703 4961 per
1732 4910 1794 4949 os
1837 4897 1955 4964 ejus

377 4982 631 5035 diabolus
660 4982 999 5053 loquebatur;
1031 4998 1301 5051 nunquam
1329 4985 1472 5039 enim
1503 4985 1555 5037 in
1588 4988 1752 5040 Deum
1790 4987 1953 5042 ullum

459 5128 487 5195 ιι
525 5119 673 5195 nec"
722 5116 1114 5195 presbyterium,
1157 5134 1259 5186 qua
1289 5134 1420 5195 voce
1441 5135 1627 5176 omnes
1660 5122 1955 5195 presbyteri

371 5191 475 5308 'qni
522 5190 746 5242 aderant
790 5190 1229 5259 designarentur;
1270 5191 1362 5243 sed
1412 5202 1590 5245 nostra
1640 5190 1799 5247 lectio
1821 5190 1952 5252 ine-

406 5261 485 5308 ior
515 5269 615 5308 est.

406 5261 485 5312 ior
515 5269 615 5311 est.

457 5330 484 5367 ι)
526 5328 613 5401 Sic
648 5327 797 5401 Dad.;
827 5329 977 5384 Colb.
1002 5343 1098 5401 m.,
1120 5328 1255 5395 quod
1282 5330 1345 5382 ab
1371 5328 1502 5393 hoc;
1543 5328 1668 5392 Ch.,
1717 5332 1786 5385 ad
1817 5333 1949 5401 hoc;

369 5412 400 5451 c
416 5400 561 5470 mtte
588 5414 706 5451 cum
734 5400 874 5461 [ιε-(3.,
899 5416 997 5470 quo
1014 5400 1082 5470 ad
1102 5415 1216 5453 nos.

461 5479 483 5506 ο
521 5466 680 5523 Facta
713 5466 980 5521 oblatione
1010 5468 1061 5522 in
1116 5470 1273 5523 Missa
1306 5470 1581 5538 presbyter
1623 5484 1685 5522 ex
1732 5473 1945 5535 oblatis.

375 5548 637 5602 quantum
681 5542 808 5592 satis
832 5548 948 5591 erat
978 5540 1042 5592 ad
1089 5541 1401 5593 sacrilirinm
1436 5540 1773 5608 fideliumque
1796 5560 1945 5596 coin-

378 5611 715 5671 ltlltnitmem,
766 5611 1087 5679 assumebat,
1146 5610 1648 5679 quodcontegebat
1690 5613 1823 5679 palla
1854 5630 1947 5667 seu

376 5679 549 5741 pallio
576 5679 780 5753 altaris.
838 5676 969 5731 Vide
1000 5678 1092 5734 lib.
1124 5693 1140 5731 ι
1166 5676 1235 5733 de
1264 5678 1467 5751 Liturg.
1494 5676 1714 5747 ‘Gallici,
1748 5698 1865 5753 cap.
1893 5684 1946 5749 5,

377 5762 536 5801 tium.
570 5750 651 5801 I0.

458 5818 484 5853 ’λ
524 5818 859 5875 Commotqu
918 5818 1015 5874 viri
1068 5832 1260 5873 nomen
1289 5820 1558 5888 proprium
1606 5819 1771 5879 fuisse
1800 5835 1947 5889 putat

2067 1961 2275 2029 publica
2308 1961 2603 2033 lnjuriosus
2639 1981 2704 2019 ex
2735 1966 2956 2034 vicario,
2984 1984 3047 2024 ex
3077 1973 3273 2026 comite
3302 1988 3432 2028 vero
3461 1975 3642 2030 Euno-

2066 2054 2205 2107 mins
2230 2053 2613 2122 deposuerant,
2650 2057 2878 2113 Turonis
2905 2061 3121 2117 advenit
3144 2080 3159 2117 :
3181 2065 3643 2137 interpellatisque
3738 2084 3741 2087 ·

2066 2145 2213 2209 viris,
2252 2136 2666 2213 prontissiotiem
2694 2150 2895 2221 accepit
2920 2151 2989 2205 de
3008 2151 3170 2222 349
3188 2154 3458 2209 reddendo
3483 2136 3643 2226 pecn-

2066 2234 2172 2289 ηἰω
2214 2235 2423 2291 [ωιιοιθ
2460 2252 2582 2292 cum
2640 2241 2837 2307 usuris,
2887 2240 3188 2298 dicentibus
3236 2245 3338 2299 sibi
3386 2257 3641 2314 praeterea

2066 2326 2197 2396 ipsis
2222 2346 2235 2381 :
2265 2328 2324 2383 Si
2348 2330 2413 2383 ad
2445 2331 2663 2385 domum
2699 2343 2933 2388 nostram
2963 2337 3194 2399 veneris,
3216 2345 3272 2391 et
3295 2354 3412 2407 quae
3439 2338 3640 2394 deben-

2066 2428 2151 2474 tur
2178 2421 2532 2485 exsolvituus,
2560 2433 2615 2476 ct
2641 2424 2766 2487 aliis
2789 2436 2839 2479 te
2857 2426 3191 2494 muneribus,
3248 2431 3384 2482 sicut
3426 2428 3641 2501 dignum

2064 2523 2167 2578 est,
2197 2514 2542 2568 honoramus.
2571 2515 2649 2569 Eo
2676 2530 2887 2584 quoque
2914 2525 3092 2581 eunte,
3123 2518 3193 2571 ab
3222 2519 3486 2590 Injurioso
3525 2537 3640 2578 sus-

2062 2604 2291 2672 cipitur,
2340 2618 2393 2659 et
2447 2607 2692 2661 convivio
2744 2608 3066 2673 collocatur;
3098 2613 3418 2684 expletoque
3463 2616 3643 2683 epulo,

2065 2698 2529 2767 appropinquante
2571 2710 2754 2765 nocte,
2808 2703 3064 2757 commoti
3096 2705 3163 2756 ab
3192 2706 3381 2760 eodem
3430 2706 3550 2762 loco
3576 2711 3642 2762 ad

2063 2793 2225 2844 alium
2260 2801 2560 2851 transeunt.
2580 2792 2749 2856 'I‘unc,
2784 2805 2836 2846 ut
2863 2794 3061 2859 ferunt,
3089 2796 3258 2850 Judaei
3284 2812 3405 2851 cum
3434 2798 3641 2857 duobus

2062 2881 2382 2936 Christianis
2409 2882 2477 2936 ab
2506 2881 2750 2950 lnjuriosi
2778 2882 3083 2938 hominibus
3122 2885 3411 2954 interfecti,
3460 2889 3513 2944 in
3544 2905 3641 2959 pu-

2065 2982 2231 3035 teum,
2263 2973 2350 3040 qui
2382 2972 2710 3040 propinquus
2739 2984 2854 3028 erat
2882 2976 3064 3029 domui
3088 2976 3228 3045 ejus,
3254 2978 3475 3049 projemi
3496 2992 3642 3037 sunt.

2063 3062 2272 3116 Auditis
2301 3063 2381 3117 his
2412 3073 2661 3131 parentes
2685 3082 2867 3121 eorum
2893 3083 3013 3135 qua:
3038 3078 3183 3136 gesta
3216 3070 3445 3137 fuerant,
3470 3073 3642 3129 Turo-

2066 3155 2149 3209 nis
2177 3155 2532 3222 advenerunt,
2565 3159 2799 3224 datoque
2820 3160 3137 3227 quibusdam
3171 3163 3475 3219 hominibus
3504 3166 3641 3222 indi-

2066 3249 2150 3300 cio
2180 3257 2396 3314 puteum
2421 3248 2718 3316 reperiunt,
2763 3251 3014 3321 virosque
3054 3254 3361 3320 extrahunt,
3413 3256 3641 3313 malum

2065 3348 2296 3408 negante
2322 3337 2603 3406 Injurioso,
2657 3341 2798 3408 quod
2828 3341 2883 3395 in
2926 3343 3024 3399 hac
3045 3357 3204 3398 causa
3234 3361 3341 3401 non
3365 3344 3542 3403 fuerat
3564 3350 3641 3403 in-

2064 3431 2332 3498 quinatus.
2369 3431 2613 3485 Posthac
2643 3432 2695 3484 in
2734 3432 2990 3501 judicium
3020 3435 3194 3501 venit;
3221 3437 3316 3491 sed
3338 3452 3458 3493 cum
3489 3439 3643 3495 forti~

2066 3529 2147 3573 ter
2178 3528 2241 3585 ε,
2276 3530 2331 3574 ιιι
2359 3520 2612 3585 diximus,
2644 3524 2952 3592 denegaret,
3001 3535 3056 3581 et
3107 3526 3162 3580 bi
3219 3542 3325 3582 non
3386 3530 3643 3586 haberent

2062 3611 2294 3680 qualiter
2321 3627 2444 3667 eum
2474 3616 2791 3670 convincere
2814 3626 3049 3683 possent,
3075 3616 3369 3685 judicatum
3394 3628 3478 3674 est
3508 3631 3562 3674 ut
3581 3636 3642 3676 se

2064 3703 2332 3759 insontem
2380 3706 2630 3761 redderet
2675 3717 3034 3763 sacramento.
3102 3709 3207 3764 Sed
3262 3726 3362 3764 nec
3413 3711 3514 3767 hoc
3562 3714 3641 3768 bis

2063 3795 2549 3865 acquiescentibus,
2602 3797 2851 3864 placitum
2896 3798 2949 3851 in
2981 3798 3121 3867 regis
3151 3796 3481 3855 Childeberti
3515 3818 3641 3870 pra:-

2063 3887 2233 3940 sentia
2264 3895 2574 3955 posuerunt.
2608 3886 2981 3940 Verumtamen
3010 3903 3180 3956 neque
3201 3889 3441 3957 pecunia,
3469 3906 3641 3961 neqtte

2063 3979 2340 4031 cautiones
2359 3976 2532 4031 Judaei
2561 3976 2800 4031 defuncti
2830 3984 3059 4046 repertte
3081 3986 3226 4032 sunt.
3259 3978 3642 4048 Loquebantur

2065 4077 2190 4121 tunc
2218 4067 2370 4120 multi
2403 4065 2675 4119 hominum
2730 4067 3035 4121 Medardum
3082 4069 3352 4123 tribunum
3385 4069 3407 4107 δ
3438 4074 3492 4127 in
3539 4074 3641 4129 hoc

2062 4159 2269 4213 scelere
2297 4157 2514 4211 inistqu
2541 4157 2731 4229 fuisse,
2763 4173 2828 4214 eo
2856 4160 2999 4228 quod
3047 4170 3101 4215 et
3132 4161 3246 4230 ipse
3274 4178 3303 4216 a
3327 4163 3515 4219 Iudaeo
3544 4179 3640 4235 pe-

2062 4250 2274 4305 cuniam
2307 4260 2621 4305 mutuasset.
2673 4251 2967 4325 Injuriosus
3006 4261 3180 4308 tamen
3215 4255 3282 4310 ad
3306 4255 3559 4324 placitum
3587 4260 3640 4315 in

2062 4357 2351 4411 conspectu
2381 4344 2525 4411 regis
2544 4342 2868 4399 Childeberti
2894 4345 3129 4410 advenit,
3183 4358 3239 4403 et
3280 4364 3377 4421 per
3405 4352 3638 4409 triduum

2062 4453 2230 4507 usque
2252 4438 2317 4491 ad
2361 4452 2607 4495 occasum
2662 4439 2791 4493 solis
2826 4438 2840 4475 ί
2876 4440 3214 4506 οὺεεινιινὶι.,
3246 4442 3351 4499 Sed
3406 4460 3527 4501 cum
3584 4447 3641 4504 bi

2064 4544 2166 4581 non
2194 4525 2486 4593 venissent,
2540 4543 2715 4597 neque
2740 4529 2807 4583 de
2834 4544 2991 4585 causa
3022 4530 3123 4587 hac
3150 4532 3219 4589 ab
3245 4534 3353 4590 ullo
3380 4536 3639 4606 interpel-

1988 4593 2035 4652 ί)
2063 4618 2201 4673 latus
2230 4618 2435 4686 fuisset,
2469 4620 2533 4672 ad
2556 4593 2771 4689 propria
2799 4621 2978 4678 rediit.

2132 4711 2323 4781 XXIV.
2356 4712 2521 4773 Anno
2566 4714 2721 4783 igitur
2758 4714 2964 4770 decimo
3001 4716 3325 4773 Childeberti
3363 4722 3503 4790 regis
3541 4736 3636 4775 rex

2061 4805 2494 4861 Guntchramnus
2529 4807 2810 4861 commotis
2847 4809 3091 4878 gentibus
3116 4812 3263 4880 regni
3284 4815 3364 4865 sui
3388 4827 3635 4881 magnum

2058 4896 2235 4964 junxit
2269 4897 2587 4952 exercitum.
2624 4897 2727 4951 Sed
2768 4912 2888 4965 pars
2927 4901 3096 4967 major
3124 4918 3244 4956 cum
3284 4903 3632 4957 Aurelianen-

2060 4986 2210 5041 sibus
2260 4997 2418 5053 atque
2467 4984 2710 5040 Bituricis
2752 4987 3021 5044 Pictavum
3068 4993 3249 5059 petiit;
3297 5003 3637 5049 excesserant

2061 5121 2354 5175 Alteserra.

2136 5200 2161 5261 ς
2204 5189 2340 5244 Editi
2370 5199 2426 5244 ut
2456 5189 2760 5257 plurimum,
2783 5206 2903 5261 qua:
2923 5192 2996 5244 in.
3025 5190 3158 5245 Vide
3178 5206 3296 5261 cap.
3329 5192 3418 5247 29.

2138 5258 2157 5297 ¹
2201 5261 2363 5314 Βεοδι
2390 5264 2491 5314 hoc
2509 5271 2666 5324 caput
2697 5263 2746 5313 in
2770 5259 2922 5314 Colb.
2952 5276 3002 5313 a.
3031 5272 3083 5315 et
3115 5261 3231 5315 Vat.

2129 5340 2155 5377 ε
2195 5331 2329 5385 Vide
2357 5330 2661 5384 Marculfum
2691 5331 2807 5383 libri
2837 5345 2873 5395 ι,
2898 5330 3120 5382 formula
3149 5332 3237 5385 58.

2127 5399 2153 5438 ιι
2195 5402 2249 5456 Id
2271 5412 2350 5455 est
2374 5401 2693 5455 tributorum
2717 5411 3042 5465 exactorem,
3061 5410 3114 5455 ut
3142 5402 3520 5472 interpretatur
3543 5408 3630 5464 Al-

2056 5482 2278 5528 Ieserra.

2133 5541 2146 5579 ί
2193 5543 2434 5615 Moserat
2460 5551 2515 5615 ut
2536 5539 2647 5615 sole
2668 5538 2942 5615 occidente
2957 5538 3143 5615 placita
3169 5541 3465 5615 finirentur,
3489 5550 3630 5615 quod

2054 5613 2212 5685 etiam
2243 5611 2359 5685 aliis
2390 5611 2687 5685 nationibus
2713 5611 3404 5685 solemnefu‘isse‘observat
3439 5611 3630 5685 big"...

2057 5684 2173 5736 nius
2195 5682 2247 5753 in
2276 5680 2368 5733 lib.
2395 5678 2877 5753 thlarcullitfortn.
2905 5680 2994 5753 δῖ.
3016 5680 3088 5734 Dc
3111 5681 3322 5749 placito,
3346 5684 3415 5739 les
3439 5678 3626 5753 ρίᾶἱώ,

2056 5769 2123 5805 ou
2151 5752 2372 5873 assiiclsi)
2393 5750 2514 5803 vide
2540 5747 2718 5818 Cangii
2747 5746 3177 5817 Glossarium,“
3203 5746 3362 5821 supra
3404 5746 3517 5811 not.
3563 5746 3627 5813 ad

2057 5838 2175 5873 can.
2207 5836 2238 5871 δ
2322 5837 2333 5873 ι
2376 5859 2391 5873 .
2428 5836 2499 5873 vt.

2057 5838 2175 5884 cap.
2207 5821 2273 5873 54
2302 5821 2391 5873 lib.
2428 5836 2499 5873 vr.
