4096 6344
387 270 494 329 453

1265 270 1582 328 HISTORIA
1623 269 2062 328 FRANCORUM.
2106 271 2307 328 LIBER
2344 272 2703 332 SEPTIMUS.

3542 274 3643 331 ιδι

386 382 605 444 vanitati
630 391 786 455 atque
813 383 1048 439 avaritias
1069 382 1300 451 deditus,
1327 385 1583 440 velociter
1611 386 1843 440 Parisios
1864 386 1957 439 ad-
1984 392 2033 447 Α
2060 389 2288 464 dicente,
2312 392 2527 458 gavisus
2555 388 2861 459 Eberullus,
2903 392 3180 461 respondit
3218 392 3415 448 habere
3450 407 3528 458 se,
3551 393 3645 463 di-

386 478 638 532 volavit:
678 492 811 532 uxor
847 477 990 531 enim
1020 478 1069 531 ei
1102 492 1162 531 ex
1211 477 1468 532 Meldensi
1516 478 1784 533 territorio
1830 486 1966 532 erat.

385 567 611 623 Volvere
651 567 831 622 animo
866 567 1031 636 etnpit
1069 575 1244 620 utrum
1276 567 1676 636 Fredegundem
1730 569 1964 637 reginam

381 660 611 729 videret,
635 660 818 714 dicens
843 678 855 711 :
884 660 940 714 Si
965 674 1082 713 eam
1113 659 1318 724 videro,
1350 660 1543 713 elicere
1587 660 1655 713 ab
1680 674 1743 713 ea
1772 658 1967 727 aliquid

380 750 625 805 muneris
641 764 876 819 possum.
899 749 1024 803 Scio
1040 747 1183 804 enim
1205 764 1320 802 eam
1340 765 1461 803 esse
1477 748 1700 813 homini,
1724 730 1789 802 ad
1810 765 1966 818 quem

380 842 621 896 directus
643 857 783 908 sum,
814 843 1104 896 inimicam.
1137 842 1289 895 Tunc
1323 842 1587 896 accedens
1626 841 1694 895 ad
1735 858 1874 911 eam,
1902 842 1969 896 de

381 929 637 999 przesenti
667 946 886 985 munera
917 946 1105 1000 magna
1141 931 1382 1000 capiens,
1415 931 1797 999 promissioues
1826 930 1966 985 mul-

382 1028 470 1073 tas
495 1021 700 1086 elicuit,
727 1029 781 1074 ut
811 1032 901 1074 aut
930 1029 1225 1075 extractum
1251 1035 1278 1073 a
1302 1020 1519 1074 basilica
1550 1021 1862 1075 Eberulfum
1884 1037 1969 1075 oc-

379 1111 610 1179 cideret,
639 1122 728 1166 aut
752 1114 1173 1168 circumventum
1206 1112 1341 1167 dolis
1368 1114 1574 1168 catenis
1600 1114 1845 1180 vinciret,
1879 1124 1971 1167 aut

381 1210 535 1254 certe
566 1203 618 1255 in
659 1201 773 1270 ipso
808 1216 929 1257 eum
961 1202 1098 1255 atrio
1127 1201 1435 1256 trucidaret.
1468 1201 1763 1271 Regressus
1791 1213 1967 1256 autem

351 1329 355 1333 ι
380 1292 454 1345 ad
486 1292 731 1347 Dunense
760 1302 1018 1361 castrum,
1044 1296 1293 1347 comitem
1332 1306 1656 1360 commonet,
1684 1304 1741 1349 ut
1770 1295 1816 1349 el
1865 1305 1971 1349 tre-

381 1393 574 1438 centos
602 1385 768 1449 viros,
799 1385 948 1453 quasi
990 1384 1056 1437 ad
1092 1385 1470 1441 custodiendas
1516 1387 1793 1442 Turonica:
1823 1389 1970 1442 urbis

384 1484 589 1543 portas,
617 1474 966 1545 adiungeret:
996 1476 1202 1532 scilicet
1230 1487 1286 1530 ut
1323 1492 1443 1531 cum
1478 1477 1729 1543 venisset,
1763 1493 1856 1545 per
1880 1493 1971 1532 co-

382 1579 507 1619 rum
542 1565 787 1620 solatium
821 1568 1130 1623 Eberulfum
1172 1579 1355 1639 posset
1381 1571 1702 1639 opprimere.
1730 1571 1970 1639 Cumque

381 1670 567 1710 cernes
594 1658 693 1712 loci
725 1660 867 1713 viros
889 1662 1022 1715 istos
1051 1670 1432 1727 commoveret,
1465 1662 1720 1717 Claudius
1742 1663 1970 1718 TurOnis

384 1752 631 1805 accessit.
659 1752 725 1805 Et
752 1768 871 1807 cum
896 1754 997 1808 iter
1017 1764 1219 1823 ageret,
1247 1765 1300 1809 ut
1321 1757 1649 1810 consuetudo
1675 1764 1759 1810 est
1782 1757 1972 1810 barba-

384 1854 588 1905 rerum,
620 1844 852 1911 auspicia
894 1843 1170 1899 intendere
1196 1847 1377 1913 ρωρίι,
1420 1860 1482 1900 ac
1513 1845 1693 1900 dicere
1722 1846 1819 1900 sibi
1848 1863 1967 1901 esse

383 1933 672 1998 contraria,
692 1934 957 2003 simulque
978 1936 1304 2004 interrogare
1328 1936 1545 2001 multos,
1568 1940 1609 1991 si
1637 1939 1802 1992 virtus
1825 1939 1964 1994 beati

387 2022 597 2077 Martini
640 2024 707 2078 de
748 2026 996 2093 pra'senti
1038 2027 1466 2081 monile-staretur
1509 2028 1558 2079 in
1595 2028 1845 2096 perﬁdis?
1875 2038 1967 2083 aut

380 2124 549 2174 certe,
579 2120 622 2168 si
652 2116 842 2185 aliquis
879 2116 1123 2183 iniuriam
1153 2118 1204 2171 in
1233 2133 1354 2172 eum
1377 2119 1716 2186 sperantibus
1759 2120 1965 2175 intulis-

379 2215 483 2274 set,
512 2209 555 2260 si
596 2210 832 2276 protinus
861 2210 988 2264 ultio
1024 2212 1380 2280 sequeretur?
1413 2213 1574 2282 igitur
1618 2214 1925 2282 postpositis
1945 2255 1960 2279 ,

381 2307 438 2348 ut
470 2298 727 2364 diximus,
764 2301 894 2355 viris
924 2302 1014 2370 qui
1062 2304 1223 2375 353
1256 2304 1320 2357 ad
1356 2305 1604 2358 solatium
1637 2306 1752 2373 ejus
1782 2306 1964 2362 venire

380 2382 692 2445 debuerant.
729 2390 843 2455 ipse
879 2392 942 2441 ad
975 2392 1247 2445 basilicam
1296 2406 1531 2448 sanctam
1563 2396 1813 2450 accessit.
1843 2396 1965 2451 Sta-

378 2477 585 2545 timque
615 2478 810 2535 infelici
842 2482 1093 2536 Eberullo
1122 2485 1460 2552 coniunctus,
1481 2498 1810 2541 sacramenta
1834 2489 1963 2544 dare

380 2570 567 2636 cmpit,
600 2585 662 2623 ac
687 2571 866 2638 iurare
895 2588 988 2641 per
1009 2576 1184 2627 omnia
1213 2588 1571 2643 sacrosancta,
1606 2580 1689 2633 vel
1717 2581 1962 2634 virtutem

381 2659 664 2722 praesentis
711 2662 984 2727 antistitis,
1015 2662 1214 2716 nullum
1254 2665 1305 2716 in
1339 2668 1512 2719 causis
1539 2666 1655 2736 eius
1697 2669 1806 2723 fore
1836 2669 1987 2723 ﬁde--

381 2747 592 2812 liorem,
619 2749 705 2817 qui
728 2751 799 2804 ita
825 2766 943 2805 cum
972 2769 1095 2819 rege
1123 2768 1311 2807 causas
1333 2756 1445 2822 eius
1468 2760 1896 2825 possitexserere
1913 2769 1958 2815 ⁸.

383 2836 497 2891 Iloc
526 2842 665 2893 enim
694 2843 830 2910 apud
873 2858 931 2896 se
961 2845 1239 2900 consilium
1282 2846 1543 2901 habuerat
1584 2851 1913 2904 miserrimus
1946 2868 1961 2903 :

383 2928 493 2982 Nisi
538 2947 658 2984 eum
703 2933 991 3003 peierando
1026 2937 1311 3006 decepere,
1352 2954 1455 2993 non
1505 2940 1734 2998 vincam.
1765 2942 1959 2996 Verum

381 3019 468 3073 ubi
497 3021 625 3075 vidit
655 3024 957 3094 Ebcrulfus,
991 3030 1128 3097 quod
1159 3031 1204 3083 ei
1240 3031 1359 3084 talia
1390 3043 1876 3086 cum-sacramento
1908 3035 1960 3088 in

2067 494 2226 533 cens:
2260 481 2323 534 Et
2346 486 2523 535 omnia
2541 496 2659 551 quae
2679 481 2911 536 volueris
2926 485 2992 536 ad
3014 490 3268 537 metatum
3292 497 3468 538 meum
3490 497 3646 552 repe-

2069 570 2175 623 ries
2224 586 2238 622 :
2286 579 2488 625 tantum
2520 581 2581 626 ut
2613 573 2859 642 dignetur
2900 572 3148 628 dominus
3191 588 3343 628 meus
3376 572 3642 643 tugurium

2068 659 2270 728 ingredi
2300 660 2592 717 mansionis
2619 678 2771 717 mea}.
2806 663 3048 731 Misitque
3096 678 3311 732 pueros,
3334 679 3494 718 unum
3528 673 3647 729 post

2068 752 2258 816 alium,
2290 751 2357 806 ad
2386 754 2702 822 requirenda
2743 756 3038 824 potentiora
3079 756 3221 821 vina,
3252 753 3535 810 Laticiuab
3567 754 3646 810 vi-

2066 844 2281 906 delicet.
2308 854 2465 914 atque
2496 846 2758 903 Gazitiua.
2787 846 3027 917 Cumque
3062 845 3213 901 illum
3248 863 3294 899 a-
3310 849 3486 915 pueris
3523 847 3647 902 reli-

2068 947 2209 989 crum
2263 936 2434 992 solum
2471 935 2721 991 Claudius
2770 938 3163 1007 conspexisset,
3215 939 3417 992 elevata
3458 948 3646 993 contra

2069 1023 2339 1079 basilicam
2405 1040 2604 1093 manu,
2677 1026 2751 1080 ait
2797 1042 2812 1082 :
2864 1027 3088 1081 Martiae
3152 1026 3499 1093 beatissime,
3563 1026 3646 1081 fac

2072 1132 2156 1171 me
2185 1132 2410 1171 uxorem
2433 1114 2594 1187 354
2618 1131 2736 1170 eum
2767 1118 3070 1186 parentibus
3093 1117 3199 1172 cito
3230 1118 3429 1171 videre.
3464 1115 3644 1171 Infelix

2069 1213 2211 1265 enim
2230 1213 2281 1266 in
2306 1212 2613 1267 discrimine
2634 1214 2856 1281 positus,
2880 1224 2935 1268 et
2954 1213 3409 1268 huncinterﬁcere
3432 1212 3485 1267 in
3508 1214 3645 1268 atrio

2070 1302 2356 1371 cogitabat.
2379 1312 2433 1356 et
2450 1304 2699 1358 virtutem
2723 1304 2890 1357 sancti
2914 1304 3166 1356 antistitis
3188 1304 3475 1358 metuebat.
3496 1304 3646 1358 Tunc

2072 1409 2209 1447 unus
2239 1409 2269 1448 e
2291 1394 2470 1462 pueris
2499 1393 2702 1447 Claudii
2742 1393 2830 1463 qui
2871 1403 2985 1448 erat
3026 1394 3316 1461 robustior,
3349 1394 3646 1463 apprehen-

2071 1496 2187 1536 sum
2214 1481 2520 1537 Eberulfum
2552 1500 2579 1536 a
2606 1493 2755 1554 tergo
2779 1482 3126 1537 vilidioribus
3150 1484 3358 1538 lacertis
3377 1484 3643 1553 astringit,

2072 1575 2537 1644 rrsupinatumqne
2562 1586 2743 1644 pectus
2766 1575 2883 1642 eius
2913 1574 2978 1628 ad
3001 1574 3347 1643 iugulandum
3378 1585 3548 1643 parat.
3576 1576 3646 1627 At

2072 1666 2353 1734 Claudius,
2386 1675 2625 1721 extracto
2652 1682 2679 1720 a
2713 1667 2889 1721 balteo
2935 1667 3130 1736 gladio,
3183 1666 3251 1720 ad
3279 1682 3398 1718 eum
3443 1666 3642 1734 dirigit.

2000 1755 2048 1815 Β
2075 1755 2178 1810 Sed
2202 1766 2253 1810 et
2275 1757 2363 1810 ille
2386 1758 2645 1826 prolatum
2669 1773 2697 1811 a
2721 1758 2931 1827 cingulo
2953 1757 3149 1811 ferrum
3177 1773 3234 1812 se
3260 1757 3644 1826 ad'percutien—

2071 1848 2196 1901 dum
2227 1848 2350 1902 dum
2386 1857 2657 1903 teneretur
2695 1848 2929 1918 adaptat.
2972 1850 3210 1917 Cumque
3254 1848 3510 1902 Claudius
3538 1851 3644 1903 ele-

2066 1950 2187 1992 vata
2220 1937 2439 1993 dextera
2483 1938 2710 1992 cultrum
2742 1939 2855 2005 ejus
2900 1940 3099 2006 peetori
3134 1938 3420 2007 iniecisset,
3458 1946 3507 1991 et
3555 1936 3643 1990 ille

2066 2044 2173 2083 non
2202 2029 2434 2097 segniter
2477 2028 2575 2081 sub
2614 2029 2805 2082 ascella
2854 2028 2995 2082 illius
3028 2028 3304 2097 pugionem
3347 2028 3640 2089 deﬁxisset,

2066 2130 2401 2189 retractoque
2429 2121 2493 2173 ad
2518 2135 2597 2187 se,
2626 2121 2816 2175 librato
2842 2122 2943 2175 ictu
2976 2121 3218 2189 pollicem
3241 2120 3444 2174 Claudii
3477 2121 3643 2173 inter-

2063 2210 2213 2265 cidit.
2260 2211 2335 2263 Ex
2375 2210 2475 2264 hoc
2514 2212 2899 2264 convenientes
2930 2211 3076 2277 pueri
3104 2210 3220 2279 eius
3251 2224 3369 2263 cum
3408 2208 3639 2278 gladiis.

2068 2302 2374 2357 Ebernlt’um
2397 2303 2621 2357 diversis
2638 2303 2829 2357 ictibus
2849 2302 3109 2356 sauciant.
3132 2303 3365 2368 Quorum
3392 2300 3458 2355 de
3481 2316 3639 2355 manu

2064 2394 2320 2461 dilapsus,
2351 2392 2475 2446 dum
2510 2393 2688 2461 fugere
2722 2394 2827 2459 jam
2856 2391 3114 2446 exanimis
3159 2391 3432 2455 niteretur,
3464 2399 3642 2444 extra-

2063 2496 2149 2539 cto
2176 2486 2349 2555 gladio
2370 2493 2525 2551 caput
2549 2483 2664 2552 eius
2693 2483 3005 2551 gravissime
3033 2481 3331 2542 verberant,
3357 2481 3638 2548 effusoque

2064 2580 2287 2632 cerebro
2317 2576 2529 2636 cecidit.
2562 2586 2615 2630 et
2643 2586 2881 2629 mortuus
2911 2584 3023 2640 est;
3054 2588 3149 2627 nec
3172 2574 3463 2642 promeruit
3487 2574 3553 2626 ab
3576 2587 3640 2628 eo

2064 2668 2281 2728 salvari,
2310 2681 2465 2734 quem
2497 2664 2726 2719 ﬁdeliter
2751 2663 3016 2731 nunquam
3042 2662 3299 2715 intellexit
3329 2676 3640 2728 eXposcere.

2064 2758 2227 2826 Igitur
2254 2754 2507 2810 Claudius
2547 2756 2736 2808 timore
2768 2754 3110 2823 perterritus,
3150 2754 3392 2805 cellulam
3433 2752 3640 2805 abbatis

2062 2847 2301 2916 expetiit,
2331 2847 2398 2900 ab
2424 2861 2488 2900 eo
2514 2845 2672 2899 tutari
2699 2860 2757 2899 se
2782 2846 3024 2912 cupiens,
3047 2846 3096 2896 in
3128 2844 3276 2912 cuius
3310 2854 3589 2911 patronum
3613 2853 3637 2882 ι

2065 2938 2417 2992 reverentiam
2442 2937 2637 2989 habere
2660 2952 2766 2988 non
2789 2937 2979 3003 sapuit.
3006 2936 3098 2989 Illo
3123 2950 3331 3003 quoque
3355 2935 3639 3000 residente,

2065 3029 2179 3080 ait:
2215 3028 2585 3094 Perpetratum
2615 3034 2700 3079 est
2740 3028 2916 3079 scelus
2945 3026 3300 3091 immensum,
3344 3036 3397 3079 et
3440 3027 3538 3080 nisi
3586 3036 3639 3081 tu

378 3116 493 3178 ipsa
526 3113 741 3168 basilica
770 3131 832 3169 ac
862 3132 957 3185 per
980 3120 1240 3188 porticus,
1272 3131 1327 3174 et
1348 3121 1553 3191 singula
1581 3122 1696 3176 loca
1726 3124 1845 3177 atrii
1870 3141 1961 3178 ve—
1988 3116 2032 3176 C
2063 3117 2395 3179 subveneris,
2438 3116 2747 3184 Periblmlls-
2790 3116 2913 3169 Ηωο
2954 3132 3017 3169 ευ
3063 3116 3340 3186 loquente.
3376 3118 3639 3193 Ῑῐτυθτυηι

381 3203 613 3255 neranda
637 3206 1000 3275 promitteret,
1025 3209 1251 3263 credidit
1272 3211 1432 3265 miser
1460 3212 1656 3267 homini
1679 3213 1957 3283 peieranti.

383 3292 479 3346 Die
517 3306 692 3349 autem
740 3297 911 3352 altero
949 3314 1070 3353 cum
1110 3316 1206 3353 nos
1238 3302 1290 3354 in
1320 3302 1439 3356 villa
1479 3306 1629 3372 quasi
1674 3306 1832 3360 millia
1869 3308 1961 3360 tri-

383 3386 524 3453 ginta
556 3387 623 3439 ab
644 3388 775 3442 urbe
800 3405 1277 3459 commoraremur,
1301 3395 1365 3448 ad
1396 3396 1697 3450 convivium
1729 3397 1958 3455 basilica:

384 3485 580 3529 Sancta:
604 3492 723 3531 cum
747 3482 933 3533 eodem
956 3490 1008 3534 et
1034 3482 1254 3553 reliquis
1277 3485 1482 3539 civibus
1502 3494 1585 3541 est
1604 3489 1830 3555 ascitus;
1862 3491 1959 3545 ibi-

384 3579 485 3631 que
515 3580 635 3620 eum
666 3567 918 3624 Claudius
956 3570 1134 3640 gladio
1177 3572 1339 3629 ferire
1380 3578 1544 3630 voluit
1595 3578 1638 3631 si
1671 3580 1819 3647 pueri
1842 3580 1959 3647 eius

384 3657 589 3722 lcugius
619 3659 938 3713 astitisscnt.
973 3660 1350 3718 Verumtamen
1377 3682 1642 3735 nunquam
1671 3668 1785 3722 haec
1818 3670 1957 3724 Iibe-

384 3744 576 3807 rulfus,
598 3755 655 3799 ut
675 3757 791 3801 erat
816 3764 1004 3815 vanus,
1023 3753 1272 3806 advertit.
1305 3754 1589 3824 Postquam
1621 3769 1799 3813 autem
1827 3774 1959 3815 con-

385 3839 577 3893 vivinm
607 3850 690 3895 est
719 3841 941 3908 ﬁnitum,
970 3845 1081 3913 ipse
1109 3845 1262 3899 simul
1285 3862 1348 3901 ac
1376 3850 1627 3903 Claudius
1659 3867 1752 3919 per
1767 3854 1956 3907 atrium

384 3931 571 3985 domus
612 3934 842 3988 basilicae
882 3936 1219 3992 deambulare
1248 3950 1544 4008 coeperunt,
1588 3943 1686 3996 sibi
1732 3944 1957 3999 invicem

383 4025 541 4079 ﬁdem
568 4041 628 4079 ac
652 4028 960 4083 ebaritatem
979 4035 1323 4086 sacramentis
1341 4036 1812 4090 intercurrentibus
1837 4052 1959 4103 pro-

384 4114 671 4172 mittentes.
706 4118 796 4174 llis
817 4118 889 4172 ita
916 4121 1275 4189 loquentibus,
1302 4123 1376 4176 ait
1396 4124 1651 4179 Claudius
1675 4125 1953 4180 Ebernlfo:

384 4204 624 4262 Delectat
646 4211 879 4264 animum
908 4212 974 4264 ad
1000 4222 1251 4266 metatum
1283 4223 1429 4268 tuum
1452 4215 1665 4270 haurire
1695 4226 1897 4283 potum,
1916 4218 1959 4271 si

382 4297 504 4350 vina
532 4299 890 4355 odoramentis
927 4311 1105 4357 essent
1131 4305 1383 4371 immista,
1416 4313 1670 4360 autcerte
1700 4307 1961 4376 potentio-

382 4387 457 4440 ris
487 4388 592 4441 vini
624 4390 931 4446 Iibatiouem
961 4396 1247 4449 strenuitas
1278 4406 1365 4449 tua
1395 4398 1708 4466 requireret.
1750 4398 1875 4452 Ilaec
1892 4414 1957 4452 eo

463 4529 491 4591 ᾗ
516 4520 699 4589 chm.
732 4533 784 4577 et
808 4526 1005 4582 Cbesn.
1037 4527 1132 4591 al..
1158 4545 1405 4585 exercere.

410 4660 441 4674 η
465 4588 491 4628 δ
511 4588 830 4674 ιεεθηάυῃὶ
843 4595 980 4674 forte
1010 4588 1217 4674 (farina,
1245 4601 1292 4674 i_t_l
1319 4610 1401 4674 est
1434 4602 1678 4669 Falerna,
1720 4613 1775 4657 nt
1801 4619 1957 4674 supra

384 4660 480 4713 lib.
512 4676 590 4721 tu.
617 4679 737 4723 cap.
768 4664 856 4730 I9,
898 4665 974 4719 sic
1002 4669 1139 4721 dicta
1170 4660 1212 4722 at
1246 4670 1472 4725 Falerno
1503 4660 1683 4729 monte
1724 4675 1773 4728 iu
1805 4660 1962 4730 Calm-

386 4733 544 4810 pania
574 4730 775 4810 Fclice:
811 4734 1050 4810 Laticina
1096 4749 1270 4793 tamen
1318 4742 1586 4798 Alteserra
1639 4754 1785 4810 putat
1824 4746 1964 4799 dicta

383 4799 1009 4882 fuissejinaalbanuod
1034 4823 1183 4882 aqua:
1211 4811 1444 4882 colorem
1472 4799 1914 4879 reprm'sentarent
1943 4833 1960 4882 ;

386 4871 1036 4955 hincnlr'irg-iliusﬁineid.
1056 4871 1155 4955 ‘l‘ib.
1192 4895 1215 4955 i_
1235 4879 1495 4934 Laticeum
1527 4871 1737 4953 Lyaeum
1764 4871 1961 4955 regali-1

335 5010 338 5017 ~
386 4940 727 5017 lius‘ferculis
748 4944 1015 5017 adiungit.
1049 4948 1287 5003 Gazitina
1313 4960 1488 5005 autem
1512 4940 1631 5007 vina
1676 4965 1799 5007 tunc
1824 4940 1963 5008 ient-

385 5012 534 5077 puris
558 5013 789 5093 celebria
816 5025 998 5093 erant,
1026 5029 1082 5093 t_t_t
1101 5035 1168 5093 ex
1196 5021 1297 5093 hoc
1320 5024 1541 5093 aliisque
1560 5024 1797 5093 Gregorii
1832 5025 1960 5077 locis

391 5091 551 5159 patet.
585 5082 780 5159 Eadem
816 5085 996 5159 laudat.
1023 5088 1272 5142 Sidonius
1314 5082 1481 5143 carni.
1520 5092 1603 5153 l7,
1653 5082 1958 5147 Cassiodor.

388 5150 478 5219 lib.
527 5168 621 5213 xit,
676 5153 838 5218 epist.
894 5154 982 5219 12,
1014 5168 1065 5211 et
1111 5160 1219 5211 alii.
1264 5160 1353 5215 Sic
1405 5161 1542 5214 dicta
1595 5150 1757 5216 fuisse
1806 5164 1961 5216 docet

386 5218 622 5293 Isidorus
676 5222 769 5275 lib.
828 5218 993 5288 mit,
1050 5230 1187 5293 quod
1240 5245 1268 5280 e
1320 5230 1455 5282 Gaza
1506 5232 1785 5285 Palestina:
1829 5236 1961 5287 urbe

388 5290 798 5367 atlvclierentur.
820 5295 961 5367 ,Vide
987 5290 1079 5350 lib.
1102 5297 1170 5350 de
1201 5298 1377 5350 Gloria
1410 5299 1588 5364 Conf.,
1609 5318 1727 5367 cap.
1760 5302 1849 5355 63.

367 5363 372 5397 ¹
463 5370 484 5397 ο
528 5362 678 5416 Culb.
710 5380 760 5416 a.
784 5366 1088 5438 alt._manu,
1127 5369 1178 5417 in
1221 5371 1369 5438 cujus
1395 5362 1749 5423 I’utris'atrio.
1781 5372 1961 5426 Abbas

384 5435 866 5506 verolnonasterio
888 5435 946 5489 S.
982 5437 1190 5490 Martini
1229 5435 1350 5491 tunc
1374 5449 1599 5505 pne-crat
1621 5442 1957 5506 Eudacbins,

382 5499 865 5579 seunﬁustocbius,
897 5521 953 5558 nt
983 5508 1242 5579 observat
1280 5499 1543 5571 Coiirtirts,
1576 5512 1641 5562 de
1670 5528 1775 5579 quo
1824 5499 1957 5564 infra

358 5570 436 5657 lin
472 5570 617 5657 .\'i_t.is
650 5572 1158 5657 I’atrttrn,.cap,_2_tt.
1195 5577 1332 5657 Male
1365 5580 1505 5633 hunc
1534 5570 1709 5657 locum
1740 5583 1806 5636 de
1850 5584 1960 5657 Ma?

386 5640 485 5721 ξρνί
525 5642 1134 5721 'Monasteriuintelligit
1182 5650 1450 5721 Alteserra
1479 5692 1493 5711 ,
1539 5654 1681 5718 quod
1721 5668 1749 5704 a
1788 5654 1955 5706 sancti

366 5711 619 5779 Martini,
671 5712 828 5766 hodie
876 5711 1073 5784 insigni
1108 5719 1424 5788 collegium,
1480 5711 1804 5777 monasterio
1854 5738 1956 5777 non

2063 3207 2212 3275 pueri
2243 3206 2476 3261 Eberulli
2501 3221 2620 3259 cum
2654 3206 2844 3272 gladiis
2884 3220 2946 3259 ac
2972 3206 3201 3260 lanceis:
3231 3206 3641 3276 obseratumque

2060 3302 2386 3369 reperientes
2422 3298 2648 3361 ostium,
2694 3295 2930 3350 effracris
2959 3297 3164 3350 cellula:
3213 3298 3425 3361 vitreis,
3460 3297 3641 3353 hastas

2060 3407 2155 3460 per
2186 3390 2399 3460 parietis
2423 3390 2687 3444 fenestras
2716 3389 2982 3455 injiciunt,
3012 3389 3525 3457 Claudiumqttejant
3550 3405 3637 3444 se-

2062 3485 2313 3537 mivivum
2360 3484 2466 3536 ictu
2506 3485 2833 3549 transﬁgunt.
2878 3482 3142 3537 Satellites
3167 3486 3342 3537 autem
3380 3484 3494 3553 eius
3523 3496 3641 3553 post

2059 3576 2191 3629 ostia
2204 3586 2251 3628 et
2267 3575 2526 3629 sublectis
2539 3573 3005 3627 :tbdnntur.Abbas
3018 3575 3380 3642 apprehensus
3393 3589 3422 3628 α
3435 3575 3640 3628 duobus

2059 3669 2287 3733 clericis,
2321 3669 2460 3721 inter
2487 3668 2781 3736 gladiorum
2812 3667 2950 3720 acies
2977 3667 3060 3719 vix
3092 3670 3241 3719 vivus
3271 3666 3521 3733 eripitur;
3558 3682 3642 3720 re-

2060 3761 2357 3829 seratisque
2386 3760 2537 3813 ostiis
2579 3761 2730 3812 turba
2761 3760 3107 3826 gladiatorum
3149 3758 3465 3826 ingreditur.
3496 3757 3641 3811 Non-

2062 3853 2190 3908 nulli
2239 3853 2400 3906 etiam
2453 3848 2981 3904 inatriculariorumd
3014 3861 3065 3901 et
3110 3851 3434 3918 reliquorum
3482 3850 3642 3924 3,55

2062 3960 2376 4014 pauperum,
2410 3960 2503 4012 pro
2528 3945 2732 3998 scelere
2759 3942 3047 3995 commisso
3080 3950 3275 3996 tectum
3316 3943 3523 3997 cellula:
3553 3959 3641 3995 co-

2064 4047 2256 4091 nantur
2279 4044 2543 4090 evertere.
2574 4036 2677 4087 Sed
2703 4047 2753 4088 et
2788 4034 3134 4102 energutneni
3166 4048 3229 4088 ac
3260 4035 3457 4089 diversi
3489 4035 3641 4107 egeni

2061 4144 2179 4183 cum
2210 4128 2374 4195 petris
2402 4135 2455 4179 et
2485 4127 2711 4179 fustibus
2750 4125 2813 4177 ad
2847 4125 3204 4178 ulciscendam
3246 4126 3480 4180 basilica}
3519 4126 3642 4181 vio-

2063 4218 2278 4271 lentiam
2329 4215 2768 4284 proﬁciscuntur,
2812 4215 3026 4284 indigne
3059 4216 3317 4279 ferentes,
3360 4232 3456 4271 cur
3487 4218 3611 4271 talia

2061 4323 2183 4378 quae
2234 4321 2502 4374 nunquam
2549 4306 2683 4358 facta
2726 4304 2957 4371 fuerant,
2996 4318 3175 4361 essent
3227 4307 3421 4362 ibidem
3454 4324 3641 4377 perpe-

2064 4410 2221 4454 trata.
2250 4399 2383 4466 Quid
2416 4400 2596 4468 plura?
2623 4398 2986 4455 Extrahuntur
3010 4400 3221 4471 fugaces
3253 4418 3318 4455 ex
3347 4402 3562 4469 abditis,
3588 4412 3645 4459 et

1992 4539 2039 4598 Ι)
2067 4534 2344 4604 distinguit

2137 4608 2161 4642 ά
2196 4607 2549 4679 Matricularii
2600 4607 2927 4662 dicebantur
2962 4625 3222 4679 pauperes
3263 4611 3352 4679 qni
3401 4612 3643 4667 ecclesia!

2065 4675 2409 4731 facultatibus
2437 4678 2737 4737 alebantur,
2770 4680 2909 4744 «μιυιι
2941 4675 2991 4733 in
3044 4675 3294 4748 catalogo
3318 4696 3419 4734 seu
3456 4685 3644 4735 matri-

2066 4749 2185 4799 cula
2228 4763 2412 4800 eorum
2446 4748 2657 4801 nomina
2707 4748 2975 4815 descripta
3021 4760 3220 4814 essent,
3257 4761 3311 4801 nt
3349 4752 3531 4805 videre
3560 4763 3645 4807 est

2068 4818 2205 4883 apud
2248 4816 2611 4871 Frodoardum
2648 4818 2740 4869 lib.
2800 4835 2834 4871 tt
2874 4821 3005 4872 Ilist.
3052 4820 3393 4883 Bliemensis,
3424 4836 3543 4883 cap.
3590 4822 3646 4883 5.

2070 4888 2512 4958 Iltiicmar.,ete.
2563 4890 2638 4942 Eo
2666 4888 2826 4941 etiam
2879 4893 3095 4944 nomine
3150 4891 3332 4943 donati
3384 4900 3510 4942 sunt
3553 4893 3645 4958 qui

2067 4957 2329 5024 eiusmodi
2361 4973 2672 5027 pauperum.
2706 4967 2759 5010 et
2780 4959 2975 5013 domus
3008 4962 3185 5024 inqua
3216 4959 3640 5023 liospitabantur,

2066 5042 2186 5092 qua:
2212 5029 2483 5080 malriculu
2524 5030 2687 5081 etiam
2736 5028 3030 5090 dicebatur,
3059 5046 3239 5082 curam
3271 5030 3556 5093 habebant,
3588 5040 3645 5085 ut

2068 5104 2287 5160 patetex
2322 5096 2542 5148 formula
2568 5098 2588 5149 1
2610 5100 2624 5149 l
2646 5113 2708 5148 ex
2740 5098 3113 5163 legetliornana
3143 5100 3279 5160 apud
3307 5098 3644 5164 ilignonintn,

2067 5166 2218 5230 cujus
2261 5165 2419 5218 etiam
2477 5165 2538 5219 V.
2570 5167 2652 5219 Cl.
2714 5177 2856 5219 nota:
2906 5169 2957 5221 in
3005 5170 3143 5221 hunc
3200 5169 3370 5220 locum
3405 5169 3645 5235 legendae

2069 5245 2215 5287 sunt.
2247 5236 2325 5288 Ex
2362 5236 2463 5288 hoc
2514 5236 2830 5289 translatum
2858 5250 2942 5291 est
2968 5240 3127 5290 etiam
3160 5238 3296 5289 istud
3353 5254 3545 5293 nomen
3577 5241 3643 5292 ad

2069 5319 2183 5368 eos,
2216 5307 2301 5377 qui
2345 5304 2629 5372 cuiuslibet
2678 5308 2921 5361 ecclesia:
2972 5323 3153 5361 curaui
3211 5308 3496 5369 habebant,
3556 5308 3645 5377 qui

2068 5376 2316 5428 custodes
2355 5391 2449 5427 seu
2480 5376 2824 5429 niatricnlarii
2854 5377 3202 5431 ecclesiarum
3241 5378 3367 5431 dicti
3400 5376 3643 5445 fuerunt;

2068 5445 2207 5509 quod
2239 5462 2431 5517 Itomen
2476 5451 2711 5517 retinent
2754 5450 2913 5517 etiam
2966 5463 3127 5509 nunc,
3169 5451 3258 5517 qui
3289 5449 3641 5504 ecclesiarum

2068 5516 2446 5589 parocliialintn
2473 5516 2610 5569 bona
2631 5516 3025 5589 administrant,
3045 5518 3282 5589 vnlgoles
3304 5521 3647 5587 nntrguitliers

2065 5585 2215 5639 tlicti.
2246 5586 2413 5638 Immo
2441 5589 2602 5639 etiam
2648 5586 2905 5639 Alcninns
2936 5604 2992 5641 se
3036 5585 3169 5642 beati
3216 5585 3429 5644 Martini
3459 5593 3642 5642 matri-

2034 5657 2346 5729 -c_ularium,
2379 5656 2429 5707 id
2453 5656 2856 5721 estalumnutn,
2886 5660 3079 5729 passim
3111 5658 3259 5715 dicit.
3294 5658 3427 5715 \"itle
3453 5662 3637 5727 Cangii

2038 5752 2045 5759 ο
2070 5724 2443 5786 Glossarium.
