4096 6344
336 310 436 365 457
468 350 471 351 ν

1251 314 1565 371 HISTORIA
1610 314 2047 370 FRANCURII“.
2092 314 2288 368 LIBER
2330 315 2685 372 SEPTIMUS.

3498 325 3618 378 438³

410 425 621 482 XXXII.
667 423 908 479 Posthzec
952 426 1094 480 misit
1136 424 1327 482 iterum
1356 428 1737 483 Gundovaldus
1774 427 1909 481 duos
1939 431 1985 488 Α
2017 427 2113 479 hac
2144 443 2300 480 causa
2355 430 2671 495 putabantur
2706 446 2827 486 esse
2872 433 3179 502 participes.
3212 430 3460 490 Postha‘e
3505 453 3604 493 rex

332 520 574 587 legatos,
607 516 903 582 Zotauutu,
950 532 1155 572 necnon
1202 528 1256 573 et
1284 518 1591 586 Zabulfum,
1635 521 1699 573 ad
1739 536 1916 587 regem

331 628 455 664 cum
484 611 648 678 virgis
677 612 1003 667 consecratis
1036 621 1085 675 ι,
1114 612 1259 680 juxta
1293 613 1449 667 ritum
1484 612 1828 677 Francorum,
1864 622 1920 667 ut

330 702 556 767 scilicet,
587 717 692 755 non
714 704 1152 770 contingerentur
1180 703 1247 756 ab
1280 703 1405 761 ullo.
1434 704 1525 757 sed
1567 706 1804 772 exposita
1845 703 1919 757 le-

330 802 551 871 gatione
581 815 700 855 cum
727 815 988 867 responso
1026 807 1444 855 reverterentur.
1477 799 1583 854 Sed
1616 799 1668 851 hi
1696 798 1913 861 incauti,

335 891 645 960 priusquam
683 890 822 959 regis
852 891 1189 959 prtesentiam
1233 899 1552 956 cernerent,
1597 891 1777 945 multis
1800 906 1917 960 quae

330 982 587 1049 petebant
613 981 1052 1050 explanaverunt.
1084 968 1363 1050 Extemplo
1383 996 1561 1034 sermo
1589 981 1826 1036 cucurrit
1851 983 1915 1035 ad

333 1088 554 1144 regem;
583 1074 762 1141 itaque
791 1074 954 1128 v.neti
983 1074 1188 1128 catenis
1214 1075 1265 1128 in
1292 1072 1431 1142 regis
1460 1072 1797 1141 praesentiam
1823 1072 1917 1127 de-

328 1161 619 1217 ducuntur.
644 1162 687 1215 Τ
691 1178 793 1216 unc
818 1163 890 1217 illi
917 1164 1041 1232 quid
1067 1170 1390 1232 quaererent,
1422 1162 1487 1215 ad
1519 1176 1676 1231 quem
1702 1160 1912 1226 directi,

328 1254 469 1309 vela
497 1268 603 1323 quo
630 1252 823 1307 fuerint
856 1255 1000 1308 missi
1026 1269 1220 1323 negare
1246 1270 1349 1307 non
1372 1252 1507 1315 ausi.
1539 1254 1690 1306 aiunt
1725 1269 1738 1306 :
1770 1251 1917 1306 Gun-

329 1345 613 1410 dovaldus,
639 1344 729 1412 qui
749 1360 917 1413 nuper
939 1345 1005 1398 ab
1025 1344 1240 1400 Oriente
1260 1344 1504 1412 veniens,
1525 1344 1650 1399 dicit
1669 1360 1728 1398 se
1750 1345 1913 1399 filium

328 1454 452 1493 esse
482 1437 646 1508 patris
673 1439 835 1493 vestri
880 1439 1022 1506 regis
1071 1437 1481 1502 Chothacharii,
1535 1437 1677 1491 misit
1714 1453 1811 1491 nos
1858 1447 1916 1492 ut

328 1530 495 1600 358
518 1529 749 1582 debitam
782 1530 1080 1596 portionem
1109 1530 1256 1597 regni
1300 1530 1381 1583 sui
1417 1528 1637 1597 recipiat
1668 1546 1682 1582 :
1713 1529 1792 1582 sin
1822 1545 1915 1582 au-

328 1632 438 1675 tem
459 1636 488 1674 a
516 1621 664 1675 vobis
691 1635 796 1673 non
821 1619 1080 1686 redditur,
1106 1621 1359 1675 noveritis
1385 1636 1506 1674 eum
1534 1622 1586 1674 in
1611 1619 1707 1673 has
1732 1630 1911 1689 partes

323 1728 449 1766 eum
479 1713 721 1768 exercitu
749 1727 870 1767 esse
900 1714 1204 1767 venturum.
1252 1712 1451 1766 Omnes
1481 1713 1623 1766 enim
1655 1711 1757 1765 viri
1800 1712 1909 1763 for-

2022 517 2453 574 Gunteliramnns
2477 522 2598 575 data
2630 523 2680 575 in
2712 537 2870 577 manu
2899 525 3040 595 regis
3065 524 3390 581 Cltildeberti
3423 527 3598 590 hasta,

2019 608 2092 660 ait
2117 624 2128 660 :
2157 610 2265 663 lloc
2293 604 2377 664 es't
2405 613 2656 667 iudicium
2682 614 2818 682 quod
2853 615 2945 669 tibi
2986 633 3146 672 omne
3171 633 3395 688 regnum
3420 633 3596 676 meum

2020 699 2211 753 tradidi
2252 700 2303 755 ἀ.
2364 704 2440 756 Ex
2487 704 2586 757 hoc
2625 720 2765 760 nunc
2805 709 2971 771 vade,
3017 719 3069 763 et
3120 723 3309 763 omnes
3357 710 3613 766 civitates

2020 807 2185 856 meas,
2217 803 2464 862 tanquam
2495 804 2609 848 tuas
2639 798 2900 868 proprias,
2943 801 3043 854 sub
3073 800 3147 853 tui
3186 800 3323 870 juris
3350 801 3613 856 domina-

2020 886 2217 939 tionem
2249 887 2473 956 suhjiu-e.
2506 889 2645 943 Nihil
2677 892 2841 957 enim,
2878 892 3192 947 facientibus
3220 893 3382 963 359
3412 909 3599 962 pecca-

2019 975 2106 1041 tis,
2135 976 2205 1031 tle
2244 979 2409 1045 stirpe
2440 994 2555 1033 mea
2607 983 2880 1047 remansit,
2931 982 3032 1037 nisi
3082 991 3135 1036 tu
3168 991 3372 1037 tantum
3407 993 3467 1050 ⁸,
3505 987 3599 1053 qui

2018 1068 2121 1120 mei
2149 1067 2297 1121 fratri
2333 1083 2419 1123 ses
2459 1070 2616 1123 lilios.
2657 1072 2699 1126 Τ
2706 1089 2736 1125 ιι
2779 1074 2921 1126 enim
2953 1073 3126 1129 haeres
3166 1075 3217 1128 in
3249 1076 3395 1129 omni
3436 1092 3602 1145 regno

2018 1173 2138 1212 meo
2166 1160 2423 1225 succede,
2474 1164 2684 1216 caeteris
2711 1164 3081 1220 exhaeredibus
3122 1167 3293 1221 factis.
3334 1167 3484 1225 Tune
3514 1185 3600 1223 re-

2017 1254 2156 1308 lictis
2185 1256 2452 1320 omnibns,
2479 1268 2754 1328 assumpto
2779 1273 3019 1313 seorsum
3052 1275 3216 1328 puero
3279 1262 3414 1316 clam
3449 1264 3597 1317 locu-

2015 1354 2100 1401 tus
2137 1359 2253 1415 cst,
2298 1351 2441 1417 prius
2469 1352 2745 1407 obtestans
2796 1354 3231 1422 diligentissnme,
3285 1372 3351 1410 ne
3390 1366 3597 1410 secreta

2013 1439 2300 1493 collocutio
2344 1440 2434 1494 ulli
2466 1441 2737 1495 hominum
2772 1443 3112 1511 panderetur.
3147 1444 3295 1497 Tunc
3341 1444 3598 1498 indicavit

2014 1529 2063 1583 ei
2112 1545 2245 1597 quos
2286 1531 2336 1583 in
2383 1532 2609 1584 consilio
2652 1531 2910 1599 haberet,
2946 1541 3037 1584 ant
3063 1545 3341 1599 sperneret
3373 1549 3399 1585 a
3429 1536 3597 1587 collu-

2013 1620 2167 1688 quio;
2200 1620 2392 1688 quibus
2414 1636 2471 1674 se
2500 1623 2765 1687 crederet,
2798 1637 2932 1692 quos
2961 1623 3182 1687 vitaret,
3210 1638 3343 1692 quos
3367 1626 3596 1677 honora-

2013 1722 2095 1765 ret
2123 1714 2433 1767 muneribus
2453 1755 2470 1780 ,
2520 1731 2652 1784 quos
2681 1715 2747 1770 ab
2776 1717 2979 1771 honore
3024 1716 3338 1784 depelleret.
3390 1718 3603 1771 Interea.

325 1805 519 1859 tissimi
553 1804 784 1872 regionis
809 1803 974 1868 illius,
1005 1819 1125 1869 quae
1155 1804 1291 1857 ultra
1330 1803 1687 1856 Doronon'am
1717 1803 1815 1856 sita
1841 1800 1909 1855 ad
1938 1788 1982 1847 Β
2013 1801 2357 1868 interdicens,
2389 1814 2448 1857 ut
2482 1805 2721 1873 Egidiuiu
2755 1807 3063 1876 episcopum
3097 1807 3473 1871 Rhemensem,
3506 1811 3594 1878 qui

324 1895 528 1950 Gallias
571 1895 823 1961 pertinet,
854 1894 903 1948 ei
932 1894 1201 1961 conjuncti
1232 1904 1389 1958 sunt;
1420 1902 1474 1948 et
1504 1894 1572 1947 ita
1621 1891 1740 1946 iniit
1771 1909 1784 1945 :
1815 1892 1908 1946 Ju-

323 1983 523 2038 dicabit
545 1992 669 2037 tunc
695 1984 850 2047 Deus,
879 1997 1000 2035 cum
1028 1984 1079 2035 in
1107 1983 1261 2035 unius
1282 1982 1453 2048 campi
1479 1982 1698 2049 planitie
1716 1981 1909 2047 junxe-

328 2074 517 2138 rintus,
550 2084 724 2125 utrum
750 2072 850 2126 sim
881 2072 1278 2125 Chl0thacharii
1307 2070 1464 2133 filius,
1503 2087 1569 2124 an
1600 2087 1727 2127 non.
1757 2072 1907 2125 Tunc

323 2180 420 2219 rex
454 2165 634 2219 furore
662 2179 950 2220 succensus
977 2163 1137 2234 jussit
1179 2178 1275 2219 eos
1301 2165 1364 2217 ad
1399 2164 1663 2220 trochleas
1692 2166 1906 2221 extendi

323 2266 380 2309 et
405 2256 697 2311 fortissime
723 2256 893 2323 caidi,
940 2256 1066 2309 utsi
1109 2271 1233 2310 vera
1278 2265 1460 2309 essent
1482 2270 1599 2322 quae
1639 2256 1902 2320 dicerent,

323 2347 623 2402 evidentius
651 2346 1042 2414 approbarent;
1068 2354 1122 2401 et
1145 2347 1187 2401 si
1218 2346 1415 2414 aliquid
1442 2346 1545 2399 doli
1572 2347 1746 2401 adhuc
1769 2348 1904 2400 intra

328 2450 605 2507 pectorum
631 2455 821 2492 arcana
856 2441 1166 2497 retinerent.
1196 2440 1276 2490 vis
1309 2447 1695 2492 tormentorum
1728 2449 1905 2492 extor-

320 2542 512 2602 queret
534 2532 733 2588 invitis.
766 2532 968 2585 Deinde
998 2532 1419 2586 increscentibus
1447 2532 1735 2600 suppliciis.
1759 2534 1907 2586 aiunt

323 2636 537 2691 neptem
568 2624 705 2677 illius
727 2664 743 2689 ,
791 2623 841 2676 id
872 2630 952 2677 cst
984 2624 1123 2691 regis
1160 2621 1443 2689 Chilperici
1492 2624 1652 2677 tiliam
1682 2622 1743 2688 1³,
1783 2640 1902 2678 eunt

323 2713 593 2781 Magnull‘o
621 2714 1008 2768 Tolo~anorum
1055 2712 1305 2781 episcopo
1349 2713 1539 2767 exsilio
1570 2715 1901 2780 deputatam.

322 2807 605 2858 thesauros
649 2819 835 2856 omnes
875 2804 941 2856 ab
990 2805 1105 2870 ipso
1152 2803 1501 2857 Gundovaldo
1547 2805 1787 2858 sublatos
1838 2817 1899 2869 e;

320 2892 494 2960 ipsum
541 2909 750 2961 quoque
794 2907 970 2960 regem
1027 2891 1096 2946 ab
1140 2892 1392 2946 omnibus
1444 2892 1735 2960 majoribus
1776 2906 1901 2950 natu

320 2984 644 3040 Childeberti
701 2982 839 3051 regis
894 2985 1187 3051 expetitum
1238 2998 1359 3036 esse
1399 2998 1412 3034 :
1454 2983 1547 3036 sed
1607 2986 1899 3049 prtesertim

322 3092 440 3131 cum
468 3075 901 3130 Guntchramnus
935 3076 1071 3127 Boso
1098 3084 1221 3127 ante
1253 3074 1351 3126 hos
1382 3090 1551 3127 annos
1594 3074 1902 3130 Constanti—

322 3169 553 3232 n0p0lini
584 3168 833 3227 abiisset,
881 3166 1161 3234 ipsumque
1187 3166 1238 3217 in
1270 3164 1468 3218 Gallias
1496 3168 1791 3221 invitasset.

396 3256 631 3312 XXXIII.
672 3256 874 3322 Quibus
902 3256 1092 3320 caesis,
1133 3265 1187 3310 et
1216 3257 1268 3309 in
1314 3269 1589 3309 carcerem
1639 3258 1892 3319 retrusis,

322 3364 417 3403 rex
448 3348 695 3404 arcessiri
739 3356 985 3411 nepotem
1015 3361 1167 3398 suum
1197 3343 1592 3400 Childebertum
1616 3346 1799 3414 jubet.
1846 3357 1904 3400 ut

322 3440 525 3494 scilicet
570 3437 839 3506 conjuncti
888 3436 1086 3503 pariter
1133 3435 1375 3488 homines
1424 3438 1553 3489 istos
1593 3436 1778 3490 audire
1808 3437 1902 3490 de-

324 3529 530 3583 berent.
562 3526 801 3593 Denique
828 3542 945 3578 cum
991 3525 1146 3578 simul
1194 3525 1465 3593 coojuncti
1499 3528 1642 3580 viros
1674 3526 1903 3581 interro-

321 3628 527 3686 garent,
562 3618 890 3669 lteraverunt
925 3630 985 3667 ea
1017 3616 1228 3684 regibus
1256 3616 1411 3668 simul
1443 3618 1761 3684 astantibus,
1786 3634 1901 3684 qua:

323 3722 468 3778 prius
494 3708 639 3760 solus
688 3722 780 3760 rex
823 3706 1252 3760 Guntchramnus
1299 3706 1499 3758 audivit
1570 3710 1899 3761 ASserebant

322 3800 480 3854 etiam
511 3808 815 3851 constanter
846 3799 981 3851 hanc
1007 3812 1243 3862 causam,
1277 3801 1413 3851 sicut
1437 3798 1544 3866 jam
1574 3814 1734 3863 supra
1763 3800 1901 3854 dixi-

323 3906 471 3956 mus,
515 3891 761 3944 omnibns
787 3890 1088 3943 senioribus
1120 3889 1172 3941 in
1216 3903 1378 3954 regno
1406 3887 1731 3942 Childeberti
1764 3892 1901 3961 regis

321 4000 444 4040 esse
473 3984 757 4052 cognitam.
795 3983 856 4034 Et
894 3983 963 4035 ob
989 3982 1089 4034 hoc
1111 3980 1348 4034 nonnulli
1378 3980 1444 4034 de
1474 3982 1738 4049 prioribus
1762 3982 1901 4047 regis

319 4076 650 4134 Childcherti
683 4079 732 4127 in
781 4075 881 4128 hoc
910 4073 1158 4143 placitum
1189 4072 1335 4126 abire
1365 4074 1686 4136 timuerunt,
1729 4074 1816 4143 qui
1848 4071 1900 4125 in

394 4220 420 4247 ⁸
460 4211 628 4264 Grarci
677 4209 831 4270 legati
864 4207 1152 4260 caduceum
1203 4203 1515 4257 deferebant
1550 4218 1616 4257 ex
1658 4204 1721 4256 L.
1764 4204 1902 4259 Son-

321 4292 458 4334 ctum
488 4280 551 4347 /]'.
581 4280 643 4331 de
671 4296 839 4331 rerum
871 4278 1139 4332 dit-ieiune.
1166 4276 1303 4347 illinc
1345 4274 1898 4347 Mercuritts‘deorum

325 4344 540 4404 nuntius
580 4363 736 4401 manu
778 4348 1017 4416 gestabat
1079 4346 1411 4416 caduceum,
1452 4360 1606 4409 quem
1652 4344 1899 4416 Virgilius

323 4423 409 4473 lib.
446 4436 496 4473 tv
528 4416 741 4473 Eueid.
774 4414 973 4486 virgam
1009 4417 1262 4482 appellat.
1291 4414 1553 4486 Castorum
1600 4415 1746 4469 solus
1774 4416 1894 4470 cod.

321 4491 473 4544 Colb.
506 4506 555 4542 a.
596 4484 888 4554 legatorum
919 4488 1132 4539 nomina
1166 4484 1437 4552 exprimit.

395 4562 419 4598 δ
460 4560 790 4630 Rigunthem
812 4556 1539 4630 Reccaredo‘desponsatam.

394 4641 419 4669 ο
463 4625 635 4691 Ειῖἰιί,
679 4628 902 4679 sublatos
930 4625 1228 4678 reddidisse.

295 4697 309 4773 l
391 4700 419 4737 ά
462 4701 676 4753 Hastam
705 4701 907 4773 regium
932 4696 1145 4773 _ins_ig_n_e
1183 4695 1319 4773 apud
1362 4694 1597 4773 Francos
1620 4694 1894 4773 exstitisse

322 4780 464 4839 patet
490 4786 549 4839 ex
576 4769 773 4820 annulo
793 4766 1075 4819 Childerici
1100 4766 1115 4818 Ι
1140 4767 1306 4839 regis,
1319 4766 1407 4839 qui
1434 4768 1483 4839 in
1511 4764 1625 4830 ejus
1646 4764 1894 4829 sepulcro

319 4835 439 4892 cum
471 4838 589 4891 aliis
616 4839 841 4891 cimeliis
868 4840 1115 4889 inventus
1156 4846 1258 4887 est.
1296 4835 1368 4887 lbi
1397 4836 1538 4887 enim
1564 4849 1655 4885 rex
1689 4848 1891 4902 reprte-

320 4918 592 4976 sentatur,
637 4908 910 4974 promissis
942 4908 991 4958 in
1032 4907 1284 4959 humeros
1325 4904 1797 4976 c;t_pi|lis,_ltastatu
1839 4903 1890 4957 in

319 4981 516 5044 sceptri
580 4973 793 5031 inodum
853 4991 1009 5029 manu
1070 4985 1305 5044 gestans.
1374 4974 1502 5026 Vide
1567 4973 1889 5025 Chillletium

321 5043 440 5115 pug.
473 5051 570 5112 9‘5,
623 5050 673 5101 in
705 5049 840 5100 libro
883 5062 945 5099 ea
971 5047 1038 5099 de
1066 5043 1123 5100 re
1148 5046 1293 5098 edito
1322 5046 1419 5096 sub
1444 5043 1719 5096 Anastasis
1748 5044 1893 5095 Chil-

320 5120 481 5171 tlerici
523 5120 759 5171 nomine.

462 5191 586 5242 Erat
626 5201 802 5240 tamen
842 5186 1055 5249 insuper
1102 5183 1404 5237 Chlotarius
1446 5182 1693 5250 parvulus
1738 5179 1889 5233 Chil-

322 5259 483 5325 perici
531 5260 688 5321 lilius,
716 5259 801 5324 qui
831 5257 968 5322 apud
1011 5254 1375 5325 Victoriarum
1399 5253 1727 5325 nutriebatur
1754 5268 1764 5301 :
1795 5251 1890 5303 sed

318 5322 441 5379 cum
471 5329 704 5387 nondum
731 5322 759 5379 ἐι
784 5326 1115 5381 Guntratuno
1142 5324 1286 5375 visus
1311 5323 1513 5383 fuisset,
1545 5332 1599 5373 ttt
1628 5322 1740 5389 ipse
1766 5335 1896 5371 cou-

320 5402 562 5464 queritur
592 5400 684 5453 lib.
717 5413 829 5463 νιιι,
858 5412 978 5464 cap.
1004 5396 1059 5459 9,
1086 5396 1172 5447 vix
1204 5396 1372 5459 ipsum
1408 5392 1633 5445 habebat
1665 5404 1759 5459 pro
1783 5389 1894 5443 lilio

321 5482 482 5523 ῒυαιο.
544 5498 547 5501 λ

383 5482 552 5592 8"8.8m
578 5536 733 5591 Colb.
755 5554 806 5591 a.
837 5537 930 5589 alt.
960 5549 1151 5599 mmo;
1176 5532 1289 5600 alii,
1314 5543 1400 5585 aut
1432 5530 1649 5584 haberet.
1678 5528 1888 5601 Regm.,

321 5608 671 5661 consiliarium
707 5608 928 5659 haberet.

396 5687 420 5724 κ
462 5678 830 5731 Cltiltlebrrtus
873 5690 1068 5729 sonum
1096 5677 1262 5729 artatis
1296 5673 1359 5727 Η
1398 5685 1661 5740 egressus.
1692 5680 1743 5725 et
1772 5686 1884 5722 tua-

320 5744 428 5809 iur,
472 5750 546 5804 uti
576 5763 715 5803 nunc
760 5750 1054 5811 loq-tuuur,
1099 5746 1430 5806 declaratis,
1475 5757 1690 5812 regnum
1730 5757 1887 5795 suout

2009 1894 2057 1945 ei
2102 1908 2315 1960 semper
2345 1894 2588 1949 inimicus
2618 1898 2931 1961 exstiterat,
2983 1898 3128 1950 nnl'o
3169 1899 3327 1950 modo
3358 1907 3450 1952 aut
3476 1914 3595 1951 cre-

2008 1981 2178 2047 deret,
2209 1994 2299 2037 ant
2326 2000 2505 2039 secum
2534 1986 2753 2041 haberet
2789 1985 2830 2051 τ,
2865 1990 2987 2057 quia
3017 1996 3071 2041 et
3109 1988 3208 2057 ipsi
3236 1999 3289 2042 et
3329 1991 3462 2057 patri
3493 2006 3600 2045 suo

2008 2076 2201 2142 saepius
2238 2076 2551 2145 pejerasset.
2586 2078 2788 2132 Deinde
2816 2096 2934 2132 tum
2964 2080 3029 2132 ad
3061 2082 3363 2135 convivium
3394 2096 3592 2137 conve-

2010 2166 2250 2230 nissent,
2305 2166 2686 2222 cohortabatur
2739 2168 3168 2223 Gunlcltramnus
3225 2187 3322 2225 rex
3375 2188 3588 2226 omnem

2007 2256 2336 2322 exercitum,
2377 2257 2599 2311 dicens:
2636 2258 2852 2320 Videte,
2886 2275 2919 2312 ο
2950 2260 3071 2325 viri,
3113 2263 3233 2326 quia
3266 2262 3403 2315 Illius
3443 2280 3591 2316 meus

2007 2345 2378 2401 Childebertus
2401 2347 2512 2416 jam
2543 2347 2624 2400 vir
2652 2364 2872 2417 magnus
2900 2349 3124 2404 ell'ectus
3153 2361 3255 2404 est.
3293 2353 3496 2413 Videte,
3533 2362 3590 2407 et

2006 2446 2224 2498 cavete,
2270 2451 2337 2489 ne
2380 2451 2499 2490 eum
2541 2453 2636 2505 pro
2666 2440 2887 2506 parvulo
2918 2440 3157 2493 habeatis
3182 2450 3232 2495 8.
3285 2441 3589 2512 Relinquite

2008 2538 2147 2576 nunc
2180 2526 2554 2591 perversitates
2573 2569 2584 2587 ,
2617 2537 2775 2596 atque
2806 2530 3247 2597 praesumptiones
3274 2548 3406 2599 quas
3435 2547 3586 2586 exer-

2005 2614 2138 2667 cetis
2165 2632 2177 2668 :
2207 2615 2326 2682 quia
2359 2630 2449 2670 rex
2477 2625 2590 2681 est,
2631 2619 2716 2671 cui
2752 2633 2845 2672 vos
2873 2635 3012 2674 nunc
3050 2620 3323 2675 deservire
3362 2622 3589 2678 debetis.

2010 2705 2134 2759 lltcc
2170 2714 2226 2758 et
2267 2706 2349 2758 his
2385 2707 2579 2761 similia
2623 2708 2859 2775 locutus,
2912 2725 3005 2778 per
3053 2712 3282 2765 triduum
3310 2714 3594 2780 epulantes

2005 2804 2164 2860 atque
2188 2794 2562 2862 jocundantes.
2596 2798 2883 2868 multisque
2914 2801 3223 2854 muneribus
3259 2803 3589 2872 locupletan—

2007 2893 2121 2947 tes,
2174 2902 2293 2939 cum
2347 2900 2476 2954 pare
2514 2888 2897 2943 discesserunt.
2949 2891 3097 2945 'l‘unc
3134 2894 3181 2941 ei
3224 2892 3453 2946 reddidit
3493 2909 3585 2948 rex

2004 2975 2437 3029 Guutehramnus
2466 2980 2664 3042 omnia,
2699 2994 2816 3047 quae
2846 2990 2994 3047 pater
3023 2980 3137 3046 ejus
3166 2982 3462 3049 Sigibertus
3492 2986 3587 3037 ha-

2009 3068 2216 3133 huerat,
2241 3069 2521 3122 obtestans
2553 3084 2619 3124 ne
2650 3071 2715 3122 ad
2749 3080 2971 3125 matrem
3018 3076 3326 3137 accederet,
3359 3091 3424 3128 ne
3450 3075 3586 3129 furto

1929 3150 1971 3207 (ἶ
2004 3158 2198 3228 aliquis
2245 3161 2464 3215 daretur
2510 3163 2728 3227 aditus,
2780 3165 3007 3229 qualiter
3056 3167 3123 3220 ad
3176 3168 3580 3223 Gundovaldum

2002 3251 2279 3310 scriberet,
2309 3260 2402 3303 aut
2429 3252 2497 3303 ab
2523 3267 2588 3305 eo
2613 3254 2810 3320 scripta
2838 3254 3137 3323 susciperet

2074 3341 2315 3397 XXXIV.
2368 3342 2531 3413 Igitur
2585 3342 2967 3397 Gundovaldus
3005 3361 3126 3400 cum
3186 3346 3289 3403 aut!
3313 3359 3423 3402 sset
3482 3348 3593 3403 sibi

1999 3433 2292 3487 exercitum
2343 3434 2724 3501 propinquare,
2754 3436 2993 3489 relictus
3021 3454 3050 3491 a
3085 3437 3355 3492 Desiderio
3418 3439 3587 3503 duce,

2002 3520 2305 3574 Garunnam
2362 3539 2482 3575 tum
2525 3524 2812 3591 Sagittario
2859 3527 3151 3594 episcopo,
3202 3527 3493 3583 Mummolo
3529 3540 3595 3584 et.

2003 3611 2251 3666 Bladaste
2278 3613 2379 3666 duc
2404 3614 2530 3676 bus,
2573 3626 2731 3683 atque
2763 3614 3044 3673 Waddoue
3072 3621 3334 3685 transivit,
3377 3619 3585 3675 Conve-

2004 3718 2099 3757 nas
2141 3700 2166 3740 h
2200 3714 2459 3772 petentes.
2510 3705 2605 3758 Est
2648 3705 2788 3759 enim
2838 3711 2967 3760 urhs
3012 3709 3062 3761 in
3091 3710 3361 3763 cacumine
3389 3711 3585 3765 montis

2001 3799 2128 3860 sita,
2174 3798 2407 3863 nullique
2436 3799 2599 3849 monti
2627 3800 2897 3863 contigua.
2935 3799 3078 3853 Fons
3108 3812 3331 3863 magnus
3400 3802 3466 3854 ad
3499 3817 3581 3855 ra-

2001 3887 2172 3941 dicem
2197 3888 2390 3940 montis
2411 3903 2716 3955 erumpens,
2740 3890 3099 3944 circumdatus
3122 3904 3263 3945 tttt'rc
3285 3892 3574 3957 tutissima;

2002 3978 2066 4030 ad
2099 3992 2253 4047 quem
2275 3978 2434 4047 360
2463 3993 2556 4045 per
2593 3980 2892 4031 cuniculum
2920 3981 3306 4033 descendentes
3329 3996 3395 4033 ex
3425 3981 3599 4048 urbe,

2004 4067 2232 4121 latenter
2268 4068 2454 4120 latices
2504 4068 2776 4121 hauriunt.
2834 4069 2981 4123 lianc
3009 4068 3151 4122 enim
3196 4070 3469 4138 ingressus
3497 4087 3581 4124 ur-

2004 4204 2117 4267 ipse
2174 4201 2544 4254 administrare
2590 4204 2778 4265 οωρίι.
2836 4204 2922 4258 Sic
2961 4214 3014 4257 et
3065 4216 3245 4271 postea
3300 4205 3579 4261 Balthildis

2002 4272 2407 4345 Crltlotarioﬂlilio
2434 4288 2544 4345 suo
2574 4272 2915 4345 pubertatem
2941 4278 3182 4345 ingresso
3221 4276 3369 4345 regni
3398 4292 3604 4333 curant.

2001 4342 2225 4395 dimisit.
2268 4340 2477 4393 Vitlesis
2509 4342 2680 4395 Vales.
2728 4344 2820 4400 τι),
2858 4360 2932 4396 xu
2978 4360 3081 4397 rer.
3128 4340 3365 4399 Franc'ic.

2075 4411 2099 4450 ει
2141 4412 2453 4481 Lugdunum
2495 4414 2866 4465 Cunveuurum
2915 4416 3051 4481 apud
3099 4425 3307 4468 veteres
3345 4416 3576 4480 dicitur,

2005 4492 2112 4537 tum
2137 4498 2165 4535 a
2198 4480 2323 4546 situ,
2354 4480 2560 4533 Donum
2591 4483 2789 4549 quippe
2818 4480 2959 4550 apud
2988 4494 3192 4537 Veteres
3220 4484 3399 4538 Gallos
3428 4502 3581 4540 titulis

2006 4561 2123 4617 est,
2159 4562 2266 4604 tum
2307 4552 2375 4604 ah
2406 4555 2687 4606 occasione
2725 4570 2827 4620 qua
2852 4555 3122 4608 conditum
3150 4552 3275 4611 fuit.
3309 4555 3447 4621 quod
3479 4559 3580 4609 sci-

2008 4625 2131 4678 licet
2155 4621 2305 4675 multi
2351 4625 2402 4673 in
2425 4639 2544 4673 eum
2588 4624 2763 4677 locum
2799 4628 3163 4677 convenerint.
3194 4623 3322 4676 Rem
3351 4626 3582 4689 explicat

2006 4694 2360 4762 Hieronymus
2392 4691 2647 4745 adversus
2674 4693 3015 4762 Vigilantium
3048 4692 3098 4745 in
3123 4708 3182 4743 ca
3208 4697 3338 4745 urbe
3360 4704 3536 4745 natum
3565 4711 3579 4745 :

2002 4765 2314 4830 Respondet,
2347 4766 2531 4829 inquit,
2562 4779 2735 4831 generi
2775 4781 2864 4815 suo
2885 4804 2899 4825 ,
2941 4774 2993 4815 ut
3030 4764 3113 4828 qui
3143 4764 3209 4831 d_e
3239 4764 3491 4814 latronum
3535 4771 3594 4816 et

1996 4833 2346 4887 (murenarum
2375 4842 2521 4900 natus
2547 4829 2617 4882 an
2637 4835 2846 4889 asinina.
2876 4850 3001 4899 quos
3031 4834 3121 4885 Cn.
3155 4829 3429 4900 Pompeius
3459 4832 3581 4883 edo-

1996 4907 2118 4956 mita
2165 4902 2419 4968 Hispania
2445 4898 2498 4953 in
2528 4900 2767 4970 Pgremm
2788 4898 2931 4972 jugis
2970 4902 3225 4971 deposuit,
3265 4898 3310 4952 et
3339 4902 3392 4953 in
3425 4917 3593 4972 unum

1999 4975 2245 5044 oppidani
2294 4975 2650 5042 congregavit,
2708 4970 2931 5044 under:
2978 4970 3325 5044 COnvenaram
3368 4970 3515 5044 urbs.
3542 4973 3577 5023 Ii

1997 5041 2151 5096 erant
2177 5041 2499 5103 Wascones,
2535 5044 2622 5106 qui
2658 5053 2784 5093 tunc
2815 5042 3189 5109 Pyrenmorum
3217 5042 3339 5107 juga
3382 5041 3581 5092 incole-

2002 5113 2148 5164 haut.
2194 5113 2333 5178 Lege
2365 5111 2625 5164 \“a|e~'ium
2667 5111 2724 5163 in
2759 5111 2953 5163 Notitia
2985 5109 3293 5163 Galliarum.
3317 5110 3594 5163 CtPlel'lltll-

2003 5182 2114 5233 lta-c
2144 5183 2268 5232 urbs
2293 5196 2435 5232 anno
2463 5179 2568 5235 685
2605 5197 2632 5232 a
2666 5181 3002 5233 Cuntrantuo
3032 5179 3224 5237 diruta.
3256 5191 3313 5231 ut
3359 5180 3576 5232 interius

2001 5261 2181 5303 narrat
2220 5250 2542 5319 Gregorius,
2593 5252 2680 5302 ditt
2729 5250 2929 5314 ﬁat-uit,
2974 5252 3100 5301 sede
3146 5249 3431 5319 episcopali
3471 5252 3579 5301 alio

1999 5324 2288 5385 translata;
2333 5317 2426 5373 sed
2457 5340 2484 5370 ει
2520 5320 2852 5381 liertrauuo,
2898 5321 2983 5385 qui
3032 5335 3173 5370 anno
3224 5317 3356 5372 Ηὲο
3397 5319 3574 5371 vivere

1998 5393 2186 5453 desiit,
2221 5401 2484 5456 utcunque
2531 5404 2810 5457 reparata,
2851 5390 2951 5442 coli
2984 5404 3046 5441 ac
3090 5386 3371 5442 inhabitari
3396 5388 3577 5448 C(Ppit.

2003 5463 2153 5517 Unde
2182 5476 2374 5515 nomen
2401 5460 2721 5514 restitutoris
2744 5460 3038 5523 accipiens.
3069 5472 3206 5511 nunc
3228 5459 3382 5525 vulgo
3406 5462 3577 5512 sancti

2000 5532 2271 5587 Bertrandi
2300 5532 2661 5589 Convettettsis
2690 5535 2843 5585 urbs.
2878 5527 3305 5581 Saint-Benrand
3332 5531 3394 5581 de
3423 5526 3574 5578 Com—

1996 5604 2214 5667 miugu,
2266 5601 2489 5663 dicitur,
2538 5603 2637 5654 sub
2685 5601 2967 5675 metropoli
3008 5599 3283 5653 Anscicnsi
3336 5601 3385 5650 in
3448 5598 3575 5649 Wa-

1991 5687 2193 5728 δεοιιιει.
