4096 6344
536 365 639 423 439

1533 357 1593 411 s.
1633 354 1962 412 GREGORII
2004 320 2306 410 meum
2345 351 2769 407 runonexsrs

3699 336 3812 407 uo

533 495 655 546 hem
692 492 745 545 in
777 490 925 544 initio
951 487 1379 557 Quadragesimm
1409 488 1615 542 locutus
1644 496 1725 539 est
1752 487 1993 550 civibus,
2024 485 2099 536 di-

2213 488 2336 527 csse
2375 472 2749 525 aCliristianis
2798 470 2927 523 tanti
2979 468 3227 540 martyris
3269 469 3541 524 basilicam
3592 471 3814 525 violan-

532 599 661 639 cens
694 607 708 636 ~.
748 584 1010 637 Noverits
1046 599 1132 637 me
1174 597 1294 637 cum
1343 583 1633 644 omnibus,
1683 585 1772 648 qui
1834 583 1884 633 in
1938 594 2105 649 regno

504 676 859 732 .Cliildeberti
902 676 1193 740 habentur,
1243 676 1470 727 electum
1521 689 1647 728 esse.
1688 688 1898 745 regem,
1945 682 2104 739 atque

506 769 713 822 .lialieri
744 782 949 821 meeum
979 782 1080 819 non
1112 766 1377 819 modicum
1403 764 1677 819 solatium.
1717 765 1823 819 Sed
1853 767 2101 831 quoniam

504 863 695 913 .trater
736 874 882 911 meus
912 857 1342 911 Guntcbramnus
1373 872 1463 912 rex
1504 857 1820 909 immensum
1848 856 2103 909 adversus

529 967 615 1004 tne
663 960 846 1004 movet
888 951 1214 1016 exercitum,
1266 957 1477 1015 oportet
1516 962 1610 1001 vos
1654 948 1904 1001 alimenta
1945 957 2104 1015 atque

529 1052 776 1099 cunctam
820 1032 1203 1109 supellectilem
1252 1042 1385 1094 intra
1434 1056 1706 1093 rnnrorum
1758 1040 2101 1093 munitionem

529 1136 881 1197 concludere,
930 1148 986 1187 ut
1032 1136 1237 1189 scilicet
1265 1134 1388 1187 ilum
1420 1134 1573 1187 uoltis
1602 1132 1692 1185 illa
1724 1134 1890 1197 pietas
1926 1131 2101 1184 divina

527 1239 686 1299 auget
728 1229 974 1283 solatium
998 1269 1013 1289 ,
1070 1244 1171 1278 non
1203 1227 1431 1293 pereatis
1464 1226 1659 1289 inopia.
1703 1226 1824 1279 "Jac
1854 1226 1957 1277 illis
1986 1238 2099 1275 cre-

527 1320 808 1380 dentibus,
854 1332 1186 1384 quaecunque
1225 1316 1420 1369 habere
1453 1322 1734 1381 potuerunt
1782 1315 2103 1365 collocantes

528 1412 582 1464 in
611 1412 741 1464 urbe
769 1408 1141 1477 prmparabzmt
1166 1420 1224 1461 se
1253 1406 1317 1458 ad
1350 1404 1724 1460 resistendum.
1761 1404 1833 1456 Eo
1864 1414 2102 1469 tempore

504 1504 959 1557 Guntclnammts
1001 1513 1093 1553 rex
1140 1499 1283 1549 misit
1313 1496 1516 1549 litteras
1557 1494 1622 1546 ad
1655 1493 2057 1547 Gundovaldum
2082 1529 2099 1555 ,

526 1610 590 1649 ex
625 1593 839 1646 nomine
873 1588 1224 1643 Brunicliildis
1273 1586 1467 1652 regina:
1495 1586 1546 1637 in
1586 1583 1777 1652 quibus
1822 1593 1939 1638 erat
1972 1583 2104 1635 scri-

530 1694 677 1752 ptum
698 1723 711 1744 ,
745 1691 802 1734 nt
848 1681 1034 1736 relicto
1059 1677 1294 1732 exercitu
1336 1685 1391 1729 et
1415 1676 1465 1727 in
1499 1676 1609 1728 loca
1639 1690 1731 1726 sua
1759 1674 1905 1727 abire
1929 1672 2099 1741 jusso,

533 1779 648 1844 ipse
692 1774 947 1829 remotior
984 1770 1118 1838 apud
1168 1768 1610 1837 Burdegalensem
1656 1765 1839 1818 urbem
1883 1764 2098 1817 hiberna

2208 570 2352 633 dam,
2384 565 2537 633 cujus
2577 569 2713 617 ostia
2740 579 2950 618 summo
2990 565 3169 617 studio
3198 563 3443 617 obserata
3472 573 3648 618 erant.
3692 563 3815 619 Nec

2208 656 2357 717 mora
2397 670 2831 731 appropinquans
2854 672 3122 720 exercitus
3164 682 3285 721 cum
3333 684 3575 723 reserare
3609 670 3813 740 ternpli

2202 759 2385 821 valvas
2432 772 2536 810 non
2568 757 2789 820 valeret,
2823 760 2995 826 ignem
3041 760 3321 823 accendit;
3353 764 3813 833 consumptisquo

2206 849 2390 916 ostiis,
2434 864 2645 902 omnem
2688 852 3039 905 substantiam
3085 864 3437 922 cunctamque
3482 857 3814 922 supellecti—

2209 940 2332 997 lem,
2363 955 2520 1006 quam
2556 941 2607 993 in
2638 956 2700 993 ea
2747 942 2988 997 invenire
3017 955 3319 1011 potuerunt,
3351 962 3470 1012 eunt
3499 947 3670 1000 sacris
3696 948 3811 1001 nti—

2207 1029 2438 1081 nisteriis
2485 1032 2839 1085 abstulerunt.
2900 1034 3006 1089 Sed
3057 1040 3253 1089 multos
3310 1037 3380 1090 ibi
3434 1040 3562 1090 ultio
3614 1041 3812 1093 divina

2205 1123 2500 1175 conterruit
2533 1122 2578 1174 ι’.
2612 1123 2742 1175 Nam
2775 1126 3037 1193 plerisque
3069 1142 3256 1181 manus
3285 1129 3537 1183 divinitus
3562 1133 3812 1185 ureban-

2205 1220 2319 1275 tur,
2356 1213 2665 1268 emittentes
2713 1218 2909 1269 fumum
2945 1234 3225 1285 magnum,
3256 1220 3391 1272 sicut
3428 1237 3495 1274 ex
3540 1223 3812 1277 incendio

2204 1318 2423 1381 surgere
2449 1306 2605 1358 solet.
2655 1307 2903 1361 Nonnulli
2935 1310 3133 1377 arrepti
3166 1327 3192 1359 a
3222 1312 3482 1374 «temone,
3518 1329 3611 1380 per
3632 1330 3811 1367 ener-

2203 1396 2342 1463 giam
2374 1397 2765 1453 debacchantes
2806 1414 3096 1471 martyrem
3128 1402 3516 1456 declamabant.
3564 1402 3808 1457 Plurimi

2204 1504 2332 1543 vero
2356 1491 2548 1541 semoti
2579 1506 2607 1541 a
2633 1494 2789 1543 sociis
2822 1501 2844 1528 ε
2881 1494 3105 1561 propriis
3137 1510 3193 1546 se
3219 1495 3411 1561 jaculis
3450 1496 3808 1551 sauciabant.

2207 1580 2487 1648 Reliquum
2532 1597 2657 1635 vero
2688 1583 2874 1651 vulgus
2916 1583 3093 1638 inante
3132 1603 3236 1638 non
3268 1586 3380 1639 sine
3409 1588 3593 1653 grandi
3642 1598 3811 1642 metu

2206 1685 2546 1739 progressum
2575 1683 2676 1726 est.
2709 1674 2844 1739 Quid
2881 1674 3068 1738 plura?
3108 1676 3429 1731 Convenitur
3469 1677 3535 1729 ad
3574 1675 3812 1731 Conve-

2211 1778 2304 1815 nas
2333 1764 2434 1833 (sic
2471 1765 2611 1817 enim
2644 1766 2871 1818 diximus
2905 1782 3094 1819 nomen
3141 1768 3304 1835 urbis)
3337 1769 3613 1837 omnisque
3664 1770 3811 1837 pb;-

529 1870 835 1921 ileduceret.
864 1864 1159 1930 Scripserat
1182 1858 1321 1913 enim
1356 1864 1470 1911 haec
1491 1856 1694 1921 dolose,
1722 1864 1781 1909 ut
1809 1856 1876 1910 de
1898 1870 1961 1907 eo
1989 1854 2097 1921 plc-
2137 1866 2176 1924 Β
2203 1857 2354 1927 Ianga
2380 1858 2430 1912 in
2462 1860 2763 1912 suburbana
2789 1860 2932 1912 urbis
2954 1861 3231 1925 campanis
3263 1871 3638 1914 eastrametata
3681 1873 3800 1927 est,

530 1962 651 2016 nius
686 1958 811 2027 quid
850 1963 1059 2023 ageret,
1110 1960 1289 2021 posset
1317 1962 1628 2019 agnoscere.
1678 1948 1836 2014 lgitnr
1869 1959 2103 1998 commo-

531 2059 681 2104 rattle
709 2065 774 2102 eo
814 2046 953 2116 apud
979 2044 1166 2099 urbem
1210 2039 1517 2102 Convenas,
1551 2040 1755 2092 locutus
1784 2046 1864 2091 est
1894 2036 2103 2100 incolis,

527 2143 750 2193 dicens:
781 2137 917 2192 Ecce
959 2135 1071 2203 jam
1121 2130 1391 2186 exercitus
1421 2128 1843 2198 appmpinquat,
1894 2125 2103 2195 egredi-

529 2231 656 2284 mini
706 2230 769 2284 ad
802 2226 1181 2283 resistendum.
1212 2224 1415 2288 Quibus
1460 2218 1889 2287 egredientibus,
1933 2219 1983 2271 lii
2015 2232 2105 2272 oc-

528 2332 784 2390 cupantes
821 2329 998 2389 portas
1027 2327 1184 2385 atque
1222 2314 1561 2375 claudentes,
1595 2313 1811 2367 excluso
1837 2307 1968 2365 foris
2008 2323 2103 2377 po-
2163 2375 2167 2379 ν

529 2416 684 2483 pulo,
733 2428 852 2465 eum
902 2411 1152 2476 episcopo
1210 2408 1308 2461 loci
1348 2417 1411 2467 α,
1461 2414 1647 2459 cuncta
1707 2418 1825 2470 qua:
1874 2403 1924 2453 in
1975 2401 2105 2467 urbe

530 2505 765 2558 intertire
822 2508 1141 2568 potuerant,
1201 2497 1311 2548 suis
1375 2494 1667 2547 ditionibus
1734 2491 2100 2544 subdiderunt.

508 2599 799 2660 _'l‘antaque
840 2592 909 2643 ibi
959 2588 1240 2643 mu'titndo
1282 2602 1506 2639 annona:
1550 2594 1707 2649 atque
1749 2584 1852 2636 viui
1894 2594 2101 2649 reperta

510 2698 632 2749 .est,
662 2697 716 2737 ut
742 2684 785 2736 si
814 2682 1043 2735 viriliter
1068 2680 1340 2732 stetissent
1359 2719 1372 2735 ,
1408 2690 1501 2743 per
1526 2674 1813 2729 multorum
1846 2688 2100 2726 annorum

508 2779 696 2844 spatia
738 2776 911 2830 \ictus
940 2771 1201 2825 alimentis
1243 2786 1346 2822 non
1379 2778 1617 2835 egerent.
1682 2828 1685 2831 ν

602 2868 813 2925 XXXV.
855 2868 1143 2922 Audierant
1170 2864 1310 2916 enim
1354 2878 1419 2916 eo
1448 2869 1686 2925 tetttpore
1733 2858 1895 2911 duces
1939 2857 2104 2917 Gunt-

464 3012 465 3015 η
528 2965 765 3015 ultramn-
795 2958 960 3027 regis,
1004 2953 1407 3009 Gundovalilutn
1443 2953 1576 3004 ultra
1609 2947 1909 3002 Garunnam
1942 2948 1991 2999 iu
2020 2948 2106 2999 lit-

530 3065 645 3107 tore
672 3050 904 3104 residere
933 3062 1053 3101 cum
1102 3046 1302 3111 ingenti
1347 3042 1581 3095 hostium
1614 3038 1980 3101 multitudine;
2022 3037 2103 3104 ip-

528 3159 720 3214 sosque
768 3142 1087 3202 thesauros,
1138 3151 1271 3204 quos
1312 3134 1591 3203 Riguutbis
1642 3130 1867 3190 tulerat,
1918 3142 2099 3182 secum

2190 1947 2385 2015 ibique
2431 1949 2666 2002 extensis
2723 1951 2963 2003 tentoriis
3012 1950 3293 2003 reddebat.
3360 1952 3682 2006 Vastabzitnr
3742 1956 3803 2008 in

2205 2039 2430 2091 circuitu
2483 2049 2586 2091 tota
2628 2039 2773 2102 regio
2810 2058 2821 2091 :
2866 2042 3103 2093 nonnulli
3153 2057 3329 2094 autem
3377 2041 3447 2095 ab
3494 2044 3751 2097 exercitu
3781 2086 3801 2107 ,

2206 2146 2340 2197 quos
2385 2131 2571 2183 fortior
2599 2134 2835 2185 avaritia:
2866 2136 3083 2186 aculeus
3133 2134 3471 2197 tereltrabat,
3519 2136 3739 2204 longius
3764 2154 3798 2191 ι

2204 2221 2315 2274 suis
2353 2230 2666 2285 evagantes,
2702 2224 3091 2288 perimebantnr
3119 2227 3186 2275 ali
3214 2223 3419 2279 incolis.

2276 2313 2437 2382 362
2470 2313 2706 2366 XXXVI.
2744 2316 3111 2369 Ascemleliant
3141 2316 3282 2367 enim
3308 2312 3331 2351 ἀ
3370 2316 3522 2369 multi
3552 2332 3649 2385 per
3674 2320 3797 2371 col-

2210 2403 2346 2466 lem,
2388 2415 2444 2457 et
2487 2420 2605 2457 cum
2640 2402 2990 2459 Gttndmaldn
3014 2408 3209 2469 sa-pius
3237 2409 3610 2472 loquebantur,
3647 2411 3796 2463 inlc-

2210 2507 2391 2548 rentes
2422 2494 2471 2548 ei
2502 2499 2742 2548 convicia
2766 2536 2781 2558 ,
2814 2511 2875 2549 ac
2905 2498 3178 2551 dicentes:
3210 2497 3357 2550 Tune
3385 2514 3443 2550 es
3476 2500 3646 2565 pictor
3676 2500 3794 2563 ille,

2206 2587 2294 2653 qni
2326 2598 2568 2650 tempore
2605 2586 3006 2641 Clilotharbarii
3041 2589 3180 2656 regis
3212 2604 3305 2656 per
3335 2594 3570 2642 oratoria
3604 2594 3793 2658 parie-

2174 2694 2179 2698 δ
2209 2690 2289 2730 tes
2319 2688 2481 2745 atque
2503 2694 2746 2734 cameras
2773 2681 3102 2734 cliaraxabas
3130 2682 3188 2731 εἳ
3221 2681 3370 2734 Tune
3393 2696 3450 2733 es
3481 2682 3589 2741 ille,
3620 2696 3791 2747 quem

2212 2770 2565 2825 llallotnerem
2599 2773 2817 2825 nomine
2844 2774 3037 2839 sa'pius
3076 2773 3368 2825 Galliarum
3411 2772 3596 2825 incolae
3637 2772 3791 2824 voci-

2208 2863 2420 2914 tabant?
2444 2863 2590 2914 'l'une
2620 2879 2678 2916 es
2706 2863 2824 2924 ille,
2850 2863 2939 2929 qui
2973 2864 3280 2930 plerumque
3311 2877 3339 2914 a
3372 2864 3579 2932 regibus
3607 2862 3789 2915 Fran~

2206 2966 2388 3004 corum
2419 2963 2632 3019 111-11111111
2657 2951 2751 3005 ltus
2781 2952 3219 3019 prmsumptiones
3247 2967 3378 3018 quas
3410 2953 3624 3019 prolers,
3654 2962 3790 3005 ton-

2208 3054 2418 3097 snratus
2457 3059 2509 3097 et
2558 3044 2744 3099 exsilio
2794 3047 2947 3097 datus
2992 3044 3084 3097 es?
3120 3044 3209 3096 111-1
3250 3045 3368 3109 quis
3408 3055 3492 3107 te,
3529 3043 3789 3098 inlelicis-

2208 3136 2341 3189 sime
2375 3136 2678 3199 hominum,
2715 3137 2764 3188 in
2807 3137 2918 3188 lia'c
2962 3138 3074 3189 loca
3116 3136 3367 3200 adduxit,
3407 3135 3623 3190 edicilo.
3653 3138 3785 3203 Quis

528 3196 937 3292 retiliere.'l‘unc
970 3196 1167 3297 impetu
1190 3226 1329 3279 facto
1349 3241 1466 3278 cum
1501 3218 1907 3291 equitibus[Ed.
1934 3215 2102 3286 equis]
2134 3196 2175 3255 (ἶ
2212 3225 2303 3277 tibi
2337 3233 2535 3277 tantam
2569 3224 2841 3277 audaciam
2874 3226 3147 3290 prmstitit,
3173 3236 3227 3276 ut
3252 3225 3585 3278 doininorum
3616 3241 3679 3279 ac
3705 3242 3785 3280 τες

527 3331 829 3381 Garunnam
878 3324 1036 3393 361
1089 3318 1320 3373 natando
1368 3315 1663 3377 transiere,
1722 3312 1989 3366 nonnullis
2036 3312 2103 3364 de

527 3421 761 3472 exercitu
793 3414 843 3468 in
876 3427 1033 3465 amne
1063 3409 1342 3462 demersis.
1376 3406 1583 3473 Reliqui
1616 3406 1667 3457 in
1699 3404 1846 3457 littus
1875 3402 2099 3471 egressi,

530 3512 857 3573 requirentes
885 3501 1284 3557 Gundovaldnm
1304 3539 1318 3563 ,
1340 3497 1678 3577 {invenerunt
1717 3496 1954 3549 camelos
1980 3510 2098 3546 cum

527 3598 722 3665 ingenti
752 3593 986 3664 pondere
1012 3592 1125 3644 auri
1157 3600 1312 3656 atque
1333 3591 1567 3658 argenti,
1599 3589 1711 3641 sive
1742 3588 1945 3653 equites
1975 3584 2100 3653 [Pro

506 3686 724 3758 equos]
755 3700 887 3754 quos
943 3684 1111 3736 fessos
1160 3697 1251 3747 per
1295 3684 1405 3730 vias
1461 3678 1767 3746 reliquerat.
1808 3676 2099 3728 Audientes

509 3779 775 3844 deinceps
816 3790 907 3828 eos
952 3771 1088 3827 infra
1119 3786 1299 3825 muros
1342 3771 1485 3823 urbis
1514 3769 1835 3822 Conveniat!
1861 3782 2101 3820 commo-

514 3870 651 3933 rari,
700 3868 897 3922 relictis
928 3866 1179 3933 plaustris
1209 3878 1269 3915 ac
1300 3863 1527 3915 diversis
1560 3861 1947 3928 impedimentis
1978 3876 2097 3913 cum

510 3965 717 4030 .populo
767 3963 1004 4020 minare,
1041 3957 1283 4012 robustio
1313 3972 1370 4009 es
1404 3956 1494 4007 viri
1547 3958 1715 4019 ipsum
1740 3996 1755 4020 ,
1798 3956 1930 4007 sicut
1987 3955 2095 4022 jam

525 4055 825 4107 Garunnam
877 4051 1236 4112 transierant,
1273 4048 1493 4115 insequi
1560 4046 1846 4099 destinant.
1897 4044 2098 4110 Quibus

524 4143 948 4212 properantibus,
982 4150 1241 4193 venerunt
1272 4139 1336 4191 ad
1373 4137 1641 4190 Itastlicztnt
1666 4135 1832 4189 sancti
1870 4134 2099 4189 Vincen-

524 4238 603 4299 tii,
632 4251 748 4301 qua:
777 4245 859 4285 est
886 4232 1037 4301 juxta
1090 4231 1375 4283 terminum
1409 4229 1741 4297 Agennensis
1787 4225 1965 4288 urbis,
2008 4225 2095 4277 ubi

524 4329 636 4392 ipse
662 4334 862 4392 martyr
911 4337 1003 4389 pro
1030 4320 1225 4377 Christi
1256 4322 1467 4375 nomine
1495 4334 1716 4387 agonem
1742 4319 1936 4372 dicitur
1962 4333 2096 4371 con-

524 4430 852 4479 summasse;
915 4415 1336 4479 inveneruntque
1387 4426 1504 4465 eam
1572 4409 1818 4491 refugium
1868 4409 2097 4464 diversis

525 4506 787 4560 thesauris
843 4504 1154 4558 incolarum.
1215 4503 1343 4556 Erat
1390 4503 1530 4555 enim
1582 4516 1702 4568 spes
1747 4500 1933 4553 incolis
1991 4514 2093 4553 non

2203 3330 2325 3381 gum
2372 3325 2678 3367 nostrorum
2723 3320 2851 3369 lines
2890 3316 3119 3369 auderes
3162 3315 3460 3383 attingere?
3494 3316 3653 3369 Certe
3679 3318 3722 3371 si
3748 3332 3781 3369 a

2203 3418 2469 3471 quoquam
2510 3419 2568 3455 es
2607 3413 2860 3457 evocatus
2886 3444 2903 3469 ,
2944 3406 3089 3457 clara
3133 3420 3263 3460 voce
3304 3415 3525 3459 testare.
3569 3407 3648 3463 En
3690 3408 3781 3461 tibi

2190 3507 2329 3549 .aute
2360 3494 2547 3547 oculos
2578 3505 2801 3549 mortem
2834 3498 3170 3564 expositam;
3199 3514 3264 3551 en
3298 3501 3465 3566 ipsam
3493 3516 3652 3566 quam
3692 3500 3781 3556 diu

2202 3587 2438 3648 quaesisti
2466 3586 2609 3639 exitii
2644 3585 2884 3650 foveam,
2923 3590 2974 3640 in
3015 3604 3172 3657 quam
3207 3605 3449 3658 praeceps
3481 3593 3777 3657 dejiciaris.

2204 3675 2297 3728 Dic
2325 3676 2588 3729 satellites
2616 3678 2811 3729 viritim
2836 3718 2851 3743 ,
2880 3680 2958 3732 vel
2991 3694 3017 3731 a
3046 3681 3238 3747 quibus
3269 3680 3509 3735 inviteris
3537 3684 3779 3736 enuntia.

2203 3770 2270 3819 At
2298 3766 2384 3820 ille
2413 3782 2531 3820 cum
2564 3769 2679 3821 11ωο
2707 3770 2949 3835 audiret,
2984 3770 3200 3838 propius
3226 3786 3386 3839 super
3430 3785 3635 3840 portam
3680 3789 3780 3827 as-

2206 3868 2321 3909 laus
2350 3858 2560 3911 dicebat
2591 3877 2602 3911 :
2637 3861 2787 3924 Quod
2824 3877 2909 3915 tlte
2948 3861 3396 3915 (lltlothacltarius
3437 3874 3587 3930 pater
3630 3879 3777 3916 mens

2202 3964 2421 4002 exusum
2458 3950 2741 4016 habuerit,
2785 3953 3008 4007 li.il.etnr
3053 3956 3382 4027 incognitum
3424 3958 3551 4007 1111111
3581 3974 3595 4017 ;
3631 3960 3770 4023 quod

2210 4050 2384 4093 autem
2433 4045 2499 4095 ab
2539 4059 2639 4107 eo,
2674 4046 2753 4098 vel
2792 4048 3044 4114 deinceps
3068 4063 3095 4097 a
3129 4047 3376 4099 fratribus
3406 4047 3504 4100 sim
3537 4057 3776 4100 tunsora-

2202 4143 2318 4193 tus,
2363 4134 2703 4187 manifestum
2753 4145 2835 4189 est
2881 4138 3148 4191 omnibus.
3204 4140 3265 4190 111
3315 4139 3429 4192 111υο
3478 4155 3563 4191 tne
3613 4154 3772 4192 causa

2201 4222 2409 4274 Narseti
2447 4223 2701 4289 prtefecto
2731 4225 2889 4278 italia:
2918 4226 3095 4292 junxit
3118 4268 3132 4287 ,
3169 4227 3346 4295 ibique
3379 4245 3601 4281 uxorem
3632 4230 3773 4281 acci-

2204 4314 2356 4381 piens
2380 4354 2395 4376 ,
2421 4316 2552 4365 duos
2586 4315 2722 4367 lilius
2749 4319 3013 4382 generavi.
3042 4318 3155 4385 Qua
3189 4329 3396 4372 mortua
3419 4360 3435 4383 ,
3475 4330 3765 4383 assumptis

2202 4423 2409 4459 mecum
2446 4407 2648 4474 liberis,
2679 4408 3191 4475 Constantinopolim
3222 4412 3349 4464 abii.
3376 4411 3457 4464 Ab
3482 4411 3771 4477 imperato-

2200 4501 2349 4554 ribus
2369 4516 2450 4555 vei
2466 4516 2499 4554 ο
2521 4511 2796 4571 susceptus
2820 4501 3217 4572 benignissime,
3244 4517 3412 4572 usque
3431 4503 3495 4556 ad
3518 4503 3620 4556 hoc
3641 4512 3769 4555 teru-

597 4690 624 4715 ⁸
664 4679 711 4732 Is
739 4690 850 4732 erat
881 4676 1123 4739 Ruﬁnus,
1166 4679 1256 4745 qui
1288 4676 1387 4729 hoc
1409 4676 1523 4743 ipso
1550 4690 1689 4729 anno
1717 4675 1957 4730 Concilio
1988 4675 2092 4730 Ma-
2118 4683 2171 4743 ι)
2190 4676 2437 4736 transiit,
2464 4675 2621 4739 idque
2650 4675 2854 4731 itineris
2879 4676 3015 4730 ratio
3043 4686 3371 4745 postulabat,
3400 4688 3561 4746 atque
3586 4695 3647 4733 ea
3676 4696 3767 4735 oc-

523 4752 713 4805 tiscon.
746 4765 780 4801 11
817 4749 1148 4813 subscripsit.
2020 4774 2047 4788 -

593 4819 621 4858 δ
652 4820 797 4873 Hane
822 4817 1093 4871 basilicam
1130 4820 1179 4871 in
1213 4816 1353 4869 valle
1379 4816 1628 4883 Capraria
1676 4829 1840 4883 prope
1882 4814 2089 4882 Lugdu-

522 4905 647 4944 num
674 4889 1042 4942 Convenarnm
1074 4888 1227 4940 sitam
1256 4886 1419 4940 fuisse
1444 4886 1717 4939 contendit
1740 4886 1939 4949 Joseph
1963 4886 2095 4940 Sca-

523 4962 655 5025 liger
682 4960 770 5013 lib.
802 4974 849 5011 vt
872 4959 939 5011 de
972 4958 1355 5011 Emendatione
1381 4966 1542 5023 temp.
1572 4956 1721 5011 Unde
1748 4955 2091 5025 allueinatum

519 5024 683 5084 fuisse
726 5038 875 5096 putat
916 5026 1251 5095 Gregorium,
1276 5028 1364 5093 qui
1410 5027 1576 5093 ipsam
1620 5040 1782 5092 prope
1823 5024 2087 5093 Agiunnm

519 5101 733 5155 stetisse
763 5100 1064 5166 scripserit,
1094 5098 1426 5151 confundens
1457 5097 1659 5159 locum,
1692 5096 1742 5148 in
1773 5110 1889 5166 quo
1909 5096 2093 5149 beatus

519 5180 721 5237 martyr
743 5184 925 5237 passm
948 5180 1050 5226 eet,
1078 5182 1197 5220 cum
1230 5168 1443 5221 basilica
1478 5167 1644 5232 ipsius
1673 5165 1945 5237 memoria:
1966 5180 2095 5217 con-

518 5236 752 5293 secrata.
793 5242 859 5293 At
899 5239 1098 5291 fallitur
1136 5239 1361 5303 ipsemet
1402 5237 1658 5305 Scaliger.
1706 5236 1851 5287 llanc
1894 5237 2092 5301 quippe

520 5310 821 5382 basilicam,
852 5324 1007 5375 quant
1040 5308 1351 5382 (inntramtti
1385 5308 1577 5382 milites
1604 5305 1891 5382 violarum,
1927 5318 2091 5382 prope

516 5380 780 5446 Aginnum
812 5373 945 5439 erat,
978 5388 1032 5429 et
1061 5378 1273 5445 quidem
1303 5381 1353 5429 in
1390 5378 1505 5429 loco
1536 5375 1872 5440 Pompeiaco,
1908 5373 1992 5446 ubi
2025 5373 2084 5427 S.

498 5447 828 5501 Vincentius
853 5462 1036 5514 passus
1062 5456 1161 5501 est.
1193 5448 1299 5499 Nec
1321 5456 1575 5511 repugnat
1599 5447 1673 5494 rei
1698 5451 1864 5514 ges_t.'e
1894 5445 2081 5514 series.

517 5512 870 5569 Gundobaldo
894 5520 1088 5584 quippe
1115 5516 1411 5579 Burdigala:
1441 5516 1734 5577 existente,
1767 5512 2080 5584 Guntramni

518 5588 787 5639 exercitus
819 5601 883 5639 ex
918 5583 1130 5638 I’ictavo
1160 5586 1224 5638 ad
1258 5584 1577 5637 Doriloniam
1610 5584 1804 5635 [lumen
1833 5583 2077 5634 accessit.

517 5654 630 5720 Quo
658 5657 844 5709 nuntio
874 5656 1084 5707 territus
1110 5655 1521 5717 Gnndobaldus,
1552 5654 1689 5721 apud
1718 5651 1998 5705 Couvenas
2022 5667 2084 5706 se

518 5729 753 5791 recepit,
786 5740 893 5790 quo
921 5739 1040 5775 cum
1071 5734 1341 5791 pergeret,
1375 5722 1692 5778 Guntramni
1730 5722 1996 5775 exercitus
2026 5732 2081 5773 ut

516 5798 720 5848 hostem
776 5795 1177 5859 insequeretur,
1235 5808 1327 5859 per
1384 5795 1736 5861 Agiunenkem
1794 5792 2077 5845 terminum

2195 4746 2413 4816 casioue
2442 4747 2636 4799 milites
2677 4746 2958 4800 ecclesiam
3000 4749 3060 4801 S.
3108 4748 3368 4801 Vincentii
3411 4750 3763 4816 diripuerunt.

2196 4815 2330 4867 Tum
2367 4827 2755 4884 prosequentes
2784 4825 3018 4884 emptum
3049 4818 3149 4871 iter
3174 4818 3240 4870 ad
3273 4820 3468 4869 nt0ntis
3489 4815 3627 4880 ,cm
3672 4822 3766 4872 im-

2198 4886 2428 4949 positum
2461 4896 2575 4938 erat
2605 4886 2917 4954 Lugdunum
2957 4890 3324 4940 Conveuarum
3350 4928 3363 4948 ,
3398 4887 3610 4941 radices
3640 4906 3767 4953 per-

2196 4970 2424 5021 venere,
2471 4966 2526 5007 111
2575 4966 2757 5010 narrat
2803 4956 3110 5023 Gregorius.
3150 4956 3279 5010 Vide
3328 4956 3417 5012 lib.
3469 4956 3539 5009 de
3589 4958 3767 5011 Gloria

2199 5024 2351 5075 Mart.
2400 5040 2518 5091 cap.
2572 5026 2691 5078 105.
2746 5028 2818 5078 De
2863 5028 2961 5079 hac
2998 5027 3249 5091 basilica,
3292 5040 3344 5079 et
3385 5031 3553 5079 altera
3597 5030 3768 5082 eidem

2197 5105 2382 5144 sancto
2413 5094 2756 5163 dicata,quas
2787 5106 3127 5149 exstruxerat
3154 5106 3245 5148 aut
3274 5096 3559 5148 adornarat
3593 5099 3765 5150 Leon-

2197 5163 2494 5234 tius__episc.
2531 5164 2861 5234 Burdigala},
2893 5164 3213 5218 Fortunatus
3239 5165 3332 5217 lib.
3366 5181 3418 5228 t,
3454 5182 3622 5219 carm.
3659 5172 3689 5221 δ
3718 5180 3770 5221 et

2195 5234 2248 5285 9.
2282 5232 2493 5285 Festum
2528 5235 2681 5302 hujus
2700 5232 2879 5288 “sancti
2909 5237 3098 5289 colitur
3121 5237 3208 5288 die
3234 5236 3266 5289 9
3296 5234 3461 5289 Junii.

2271 5312 2291 5370 ς
2332 5303 2418 5355 Sic
2441 5304 2591 5358 Colb.
2618 5323 2666 5358 a.
2690 5306 2781 5356 alt.
2805 5321 2980 5358 manu.
3000 5305 3189 5359 Cmteri
3208 5348 3222 5370 ,
3244 5308 3419 5356 scutati
3444 5323 3475 5357 a
3494 5307 3767 5361 seditione.

2266 5369 2291 5408 δ
2312 5372 2419 5426 .Sic
2449 5375 2596 5426 Colb.
2647 5390 2699 5427 a.
2735 5377 2919 5437 Regni.
2942 5414 2955 5437 ,
2993 5375 3096 5439 Sed
3127 5386 3172 5428 et
3205 5376 3412 5437 plurimi
3442 5392 3619 5435 eorum
3647 5394 3770 5442 age-

2194 5443 2311 5493 bant
2344 5444 2532 5495 occulte
2555 5488 2567 5507 ,
2596 5454 2641 5496 et
2674 5444 3005 5512 loquebantur
3034 5462 3144 5496 cum
3173 5445 3540 5498 Gundobuldo.
3572 5448 3765 5505 Caneri

2193 5528 2313 5564 cum
2349 5514 2885 5574 llec.,Abscoudebunt
2916 5516 3049 5567 enim
3068 5531 3129 5567 se
3159 5516 3305 5576 multi
3327 5556 3339 5575 ,
3372 5523 3479 5569 etc.

2266 5592 2287 5617 ε
2330 5584 2457 5634 Hinc
2482 5587 2845 5637 cliaraxaturae
2872 5584 3023 5637 dictze
3052 5597 3175 5636 sunt
3198 5587 3608 5638 deletionesseu
3636 5599 3765 5638 can-

2191 5651 2504 5704 Cellationes
2534 5657 2842 5718 scriptum,
2867 5667 2918 5707 et
2940 5657 3161 5707 macula:
3189 5657 3256 5709 ab
3285 5663 3607 5709 atramento.
3635 5654 3763 5708 Vide

2192 5729 2561 5842 t:.-sll“"l‘3."tum
2609 5723 2667 5779 S.
2719 5725 2975 5793 Remigii,
3024 5736 3078 5778 et
3119 5726 3355 5781 Marcull'.
3404 5725 3497 5783 lib.
3550 5743 3622 5791 11,
3655 5726 3763 5780 1111·-

2192 5807 2329 5842 muti
2407 5808 2447 5842 1.

2191 5807 2329 5843 muta
2368 5807 2385 5841 1
2407 5808 2447 5844 Ι.
