4096 6344
305 354 407 411 Nl

1189 325 1504 405 HISTORIA
1546 343 1988 403 FRANCORUM.
2024 344 2224 399 LIBER
2263 344 2626 403 SEPTIMUS.

3443 307 3550 400 im

217 487 221 490 έ
303 467 406 536 pus
437 465 562 518 vixi.
599 462 740 517 'Ante
778 454 876 517 hos
905 463 1048 516 enim
1089 478 1258 517 annos
1287 478 1406 517 cum
1437 461 1875 518 Guntcbramnus
1904 471 1953 529 Α
1981 441 2152 526 posito
2181 461 2296 528 igne
2325 462 2376 513 in
2404 460 2644 515 ecclesiae
2687 459 2868 520 domo.
2890 459 3328 515 concurrentibus
3359 460 3426 514 ad
3468 461 3550 515 iu-

257 557 446 611 ‘Boso
488 551 1000 621 Constantinopolim
1054 552 1306 618 abiisset,
1363 565 1412 606 et
1466 568 1567 622 ego
1613 551 1876 606 sollicitus

299 661 492 704 causas
507 644 723 700 fratrum
742 659 979 698 meorum
995 643 1278 711 diligenter
1291 642 1535 706 rimarer,
1551 640 1773 711 cognovi
1788 654 1878 707 ge-

301 745 631 799 nerationem
661 749 894 793 nostram
923 737 1072 791 valde
1097 745 1420 790 attenuatam
1439 777 1451 796 ,
1477 749 1574 787 nec
1599 747 1878 800 superesse

303 833 372 886 de
394 833 556 898 stirpe
579 841 778 893 nostra,
795 826 1307 881 nisiChildebertum
1327 836 1379 876 et
1403 821 1876 885 Guntcbramnum,

261 920 522 974 'fratrem
573 919 807 982 scilicet,
860 927 913 970 et
951 915 1130 970 fratris
1174 913 1278 968 tnei
1339 911 1526 966 lilium.
1573 907 1686 962 Filii
1734 907 1876 962 enim

263 1009 591 1076 'Cltilperici
635 1007 778 1076 regis
815 1021 933 1060 cum
978 1006 1092 1074 ipso
1135 1001 1482 1064 interierant,
1527 1014 1631 1052 uno
1673 1007 1875 1050 tantum

261 1109 268 1112 ’
304 1101 526 1170 parvolo
551 1100 806 1154 derelicto
832 1107 880 1152 ⁸,
904 1098 1336 1153 Guntcbramnus
1359 1093 1518 1164 363
1547 1091 1708 1145 frater
1730 1105 1879 1144 meus

225 1197 228 1199 “
300 1196 449 1247 filios
479 1208 580 1245 non
613 1192 842 1245 habebat
868 1207 882 1254 ;
914 1189 1291 1244 Cltildebertus
1322 1200 1487 1251 nepos
1529 1192 1731 1248 noster,
1780 1181 1880 1234 mi-

298 1285 450 1338 nime
479 1282 627 1336 fortis
656 1289 792 1335 erat.
826 1279 974 1334 Tunc
1001 1276 1437 1333 Guntchramuus
1468 1273 1606 1326 Boso
1637 1273 1722 1324 his
1749 1271 1876 1327 mihi

229 1382 234 1402 έ
297 1376 588 1444 diligenter
631 1371 919 1437 expositis,
973 1369 1210 1422 invitavit
1253 1380 1372 1428 me,
1425 1363 1650 1416 dicens:
1698 1360 1867 1424 Veni,

298 1467 426 1535 quia
460 1466 525 1518 ab
550 1463 795 1517 omnibus
834 1460 980 1529 regni
1022 1459 1163 1528 regis
1191 1454 1514 1511 Cltildeberti
1541 1452 1870 1522 principibus

301 1557 576 1623 invitaris,
610 1571 706 1610 nec
733 1554 1014 1622 quisquam
1045 1561 1230 1605 contra
1264 1561 1315 1603 te
1345 1549 1537 1603 mutire
1568 1560 1731 1600 ausus
1760 1552 1865 1600 est.

301 1652 519 1706 Scimus
559 1652 700 1704 enim
741 1661 931 1702 omnes
973 1655 1024 1700 te
1068 1645 1232 1697 lilium
1273 1656 1391 1695 esse
1434 1636 1874 1701 Cblotbacbarii;

303 1758 405 1797 nec
433 1743 688 1796 remansit
717 1741 770 1794 in
799 1739 984 1793 Galliis
1011 1737 1098 1808 qui
1129 1751 1352 1804 regnum
1385 1733 1512 1787 illud
1545 1747 1728 1802 regere
1756 1744 1881 1800 pos-

1979 548 2224 601 cettdiunt
2256 551 2594 618 mitigandum
2619 550 2836 604 inclusis
2856 560 2902 614 ε,
2926 551 3014 604 ille
3037 550 3152 619 fuga
3173 550 3408 619 dilapsus
3424 551 3548 606 abs-

1979 639 2159 694 cessit.
2193 641 2345 694 Mane
2381 653 2555 696 autem
2601 642 2759 706 facto,
2785 643 3053 696 exercitus
3081 643 3271 696 iterum
3301 641 3366 694 ad
3405 641 3545 696 bella

1979 734 2272 801 COItsurgil,
2298 749 2359 785 ac
2390 749 2454 787 ex
2483 734 2644 801 virgis
2676 736 2846 788 fasces
2877 734 3099 798 faciunt,
3121 733 3272 800 quasi
3303 733 3369 787 ad
3397 749 3551 789 com-

1981 823 2228 892 Notitiam
2283 823 2474 878 vallem
2528 825 2872 889 profundam.
2901 840 3021 892 qua:
3059 839 3088 877 a
3130 832 3280 892 parte
3319 825 3552 878 Orientis

1982 914 2083 966 sita
2117 924 2232 967 erat
2263 931 2274 966 :
2306 914 2400 968 sed
2433 929 2628 968 nocere
2653 913 2768 968 hate
2799 917 3041 968 machina
3075 915 3204 968 nihil
3232 916 3426 984 potuit.
3454 912 3552 969 Sa-

1981 1005 2226 1074 gittarius
2255 1020 2383 1058 vero
2411 1005 2695 1074 episcopus
2723 1005 3047 1073 frequentius
3088 1019 3268 1059 muros
3307 1020 3426 1058 cum
3467 1018 3552 1057 ar-

1981 1097 2081 1149 mis
2127 1093 2479 1157 circumibat,
2526 1101 2580 1147 et
2624 1095 2816 1162 saepius
2864 1094 3066 1163 lapides
3111 1104 3293 1148 contra
3333 1093 3546 1148 hostem

1983 1200 2140 1238 manu
2176 1185 2388 1251 propria
2415 1183 2543 1250 jecit
2568 1197 2598 1236 e
2629 1198 2802 1236 muro.
3334 1222 3336 1225 .

2053 1272 2342 1327 XXXVIII.
2369 1272 2604 1340 Denique
2631 1273 2663 1324 ii
2685 1273 2772 1339 qui
2797 1271 2979 1325 urbem
3004 1270 3406 1340 impugnabant,
3430 1283 3552 1324 ctmt

1981 1367 2224 1421 viderent
2250 1366 2390 1433 quod
2421 1366 2550 1419 nihil
2575 1364 2829 1432 prolicere
2853 1371 3100 1432 possent,
3128 1363 3342 1416 nuntios
3369 1362 3553 1414 occul-

1983 1469 2066 1514 tos
2106 1461 2171 1513 ad
2215 1458 2554 1512 Mummolum
2597 1457 2862 1524 dirigunt,
2895 1455 3172 1508 dicentes:
3210 1453 3552 1524 Recognosce

1982 1549 2253 1603 dominum
2295 1557 2441 1600 tuum
2467 1591 2481 1614 ,
2511 1555 2564 1600 et
2604 1561 2632 1598 a
2679 1547 3024 1615 perversitate
3065 1544 3162 1596 ista
3208 1545 3420 1597 tandem
3457 1542 3552 1596 ali-

1982 1637 2195 1704 quando
2241 1637 2461 1690 desiste.
2512 1635 2640 1700 Quze
2689 1636 2830 1688 enim
2877 1642 2930 1687 te
2974 1631 3204 1686 amentia
3249 1631 3456 1696 vallat,
3494 1639 3552 1684 ut

1985 1729 2165 1796 ignoto
2195 1726 2394 1780 homini
2424 1723 2799 1794 subjungaris?
2833 1723 2974 1778 Uxor
3002 1721 3142 1776 enim
3174 1729 3259 1774 tua
3283 1719 3393 1787 jam
3421 1733 3542 1772 cum

299 1837 409 1896 sit,
457 1832 557 1886 nisi
607 1841 659 1885 tu
707 1831 980 1885 advenias.
1027 1805 1096 1882 Ᾰι
1138 1843 1236 1896 ego
1283 1827 1423 1880 datis
1471 1825 1518 1878 ei
1552 1822 1733 1876 multis
1762 1837 1878 1874 mu-
1910 1831 1956 1890 Β
1985 1819 2106 1894 filiis
2137 1819 2400 1885 captivata
2431 1825 2554 1880 est;
2584 1812 2676 1867 lilii
2709 1814 2781 1867 tui
2821 1822 2878 1866 ut
2920 1821 3044 1880 pote
3075 1808 3096 1848 τ
3125 1810 3238 1879 jam
3280 1805 3547 1862 interfecti

300 1925 554 1989 tteribus,
615 1939 708 1992 per
761 1921 1038 1976 duodecim
1087 1919 1202 1972 loca
1256 1927 1439 1970 sancta
1481 1915 1548 1967 ab
1593 1928 1658 1967 eo
1700 1912 1876 1965 susci-

299 2017 392 2084 pio
442 2023 806 2077 sacramettta,
857 2019 915 2064 ut
978 2023 1199 2064 securus
1258 2008 1309 2060 in
1352 2008 1454 2058 hoc
1522 2019 1740 2072 regnum
1791 2014 1878 2053 ac-

273 2105 573 2164 'eederetn.
627 2105 754 2160 Veni
804 2107 944 2158 enim
999 2103 1329 2166 Massiliam,
1374 2099 1555 2167 ibique
1605 2112 1690 2150 me
1738 2094 1879 2161 epis-

299 2214 469 2268 copus
510 2212 713 2251 summa
760 2193 1084 2264 benignitate
1115 2189 1351 2259 suscepit
1385 2205 1399 2241 :
1457 2186 1688 2240 habebat
1732 2183 1875 2238 enim

282 2289 502 2355 ’scripta
550 2290 820 2344 seniorum
859 2287 1006 2354 regni
1051 2283 1260 2353 nepetis
1301 2283 1426 2336 mei.
1470 2279 1549 2334 Ex
1594 2280 1694 2332 hoc
1735 2279 1874 2332 enim

305 2383 625 2440 Avinionem
674 2369 873 2433 accessi
919 2378 1069 2447 juxta
1111 2376 1301 2444 placita
1339 2371 1542 2440 patricii
1582 2365 1874 2423 llummoli.

249 2465 252 2468 ’
278 2471 734 2528 'Cunteltramnus
757 2485 880 2522 vero
908 2468 1190 2520 immemor
1215 2460 1537 2517 sacramenti
1565 2475 1629 2514 ac
1653 2461 1879 2526 promis-

300 2565 466 2618 sionis
497 2576 643 2626 sua),
673 2561 960 2613 thesauros
993 2569 1142 2610 meos
1172 2554 1423 2618 abstulit,
1454 2562 1508 2606 et
1538 2552 1589 2606 in
1621 2566 1769 2604 suam
1800 2549 1878 2602 ili-

279 2651 500 2710 'tionem
543 2654 774 2721 subegit.
815 2651 968 2705 Nunc
1005 2659 1180 2702 autem
1224 2647 1589 2714 recognoscite
1619 2643 1738 2712 quia
1778 2657 1877 2710 ego

296 2767 417 2804 sum
451 2764 544 2802 rex
568 2789 583 2810 ,
615 2745 753 2798 sicut
781 2753 834 2796 et
879 2741 1044 2796 frater
1087 2754 1238 2794 meus
1274 2737 1725 2794 Guntchramnus.
1774 2733 1879 2789 Ta-

299 2855 423 2894 men
459 2838 501 2891 si
537 2845 682 2890 tauto
712 2833 836 2888 odio
877 2848 1029 2886 mens
1056 2841 1228 2884 vestra
1266 2839 1557 2899 grassatur,
1586 2827 1670 2881 vel
1700 2825 1764 2880 ad
1794 2841 1878 2880 re-

299 2943 419 2998 gem
464 2935 702 2980 vestrum
734 2924 968 2976 deducar
991 2961 1008 2987 ,
1049 2931 1103 2976 et
1133 2920 1178 2974 si
1207 2935 1291 2974 me
1316 2919 1587 2988 cognoscit
1617 2918 1832 2970 fratrem
1858 2955 1874 2980 ,

290 3017 441 3086 'quod
472 3015 702 3069 voluerit
733 3012 909 3069 iaciat.
941 3013 1098 3065 Certe
1125 3011 1168 3064 si
1197 3025 1297 3064 nec
1328 3009 1431 3063 hoc
1462 3006 1760 3071 volueritis,
1794 3005 1880 3059 vel

302 3110 460 3162 liceat
487 3105 616 3160 mihi
648 3104 856 3174 regredi
879 3143 892 3164 ,
918 3104 1058 3155 unde
1089 3102 1237 3168 prius
1265 3113 1512 3167 egressus
1542 3113 1678 3151 sum.
1705 3096 1878 3151 Abibo

1982 1918 2126 1962 sunt.
2151 1909 2268 1973 Quo
2293 1906 2438 1959 ruis?
2459 1904 2657 1973 quidve
2688 1902 3029 1972 praestolaris,
3059 1901 3156 1954 nisi
3189 1900 3265 1952 uti
3292 1899 3550 1953 eor-ruas?

1983 1997 2202 2051 llzecille
2221 1996 2464 2050 mandata
2479 1995 2744 2060 accipiens
2756 1992 3062 2054 dixitzlam,
3077 1989 3317 2052 utvideo,
3333 2003 3553 2058 regnum

1984 2099 2227 2145 nostrum
2263 2087 2420 2141 finem
2452 2086 2680 2153 accipit,
2713 2095 2765 2138 et
2794 2083 3029 2152 potentia
3061 2080 3220 2136 cadit.
3258 2079 3428 2134 Unum
3462 2094 3556 2132 su-

1983 2191 2193 2249 perest,
2221 2179 2264 2232 si
2291 2178 2630 2232 securitatem
2663 2175 2782 2228 vita:
2814 2189 2897 2227 me
2928 2172 3124 2226 habere
3149 2184 3546 2239 cognoscerem.

1980 2271 2047 2326 de
2080 2271 2250 2322 multo
2287 2283 2380 2321 vos
2411 2267 2590 2319 labore
2620 2275 2857 2333 poteram
2888 2276 3183 2316 removere.
3217 2259 3549 2313 Discedenti-

1980 2363 2078 2417 bus
2105 2360 2334 2425 nuntiis,
2380 2357 2695 2426 Sagittarius
2735 2357 3018 2424 episcopus
3058 2367 3178 2406 cum
3221 2351 3546 2414 Mummolo,

1979 2452 2252 2507 (Ibariulfo
2274 2464 2430 2521 atque
2456 2450 2730 2503 Waddone
2761 2449 2824 2501 ad
2853 2444 3132 2502 ecclesiam
3158 2444 3329 2513 pergit
3375 2442 3556 2512 ibique

1978 2543 2080 2600 sibi
2109 2544 2333 2598 invicem
2359 2551 2687 2595 sacramenta
2720 2538 3000 2602 dederunt,
3029 2546 3086 2589 ut
3112 2537 3154 2588 si
3187 2535 3253 2589 de
3285 2543 3406 2587 vdae
3433 2548 3556 2601 pro-

1980 2636 2236 2689 missione
2276 2634 2536 2686 certiores
2580 2629 2802 2696 fierent,
2844 2629 3027 2681 relicta
3066 2625 3299 2678 amicitia
3341 2623 3556 2678 Gundo-

1979 2728 2116 2780 valdi
2136 2767 2150 2792 ,
2180 2727 2349 2794 ipsum
2375 2722 2615 2774 hostibus
2638 2721 2931 2773 traderent.
2961 2718 3178 2772 Reversi
3203 2716 3394 2770 iterum
3419 2731 3557 2769 nun-

1980 2820 2068 2883 tii,
2117 2818 2477 2886 promiserunt
2525 2812 2604 2868 eis
2651 2813 2771 2866 vitai
2818 2811 3179 2864 securitatem.
3233 2808 3557 2861 Mummolus

1977 2926 2104 2966 vero
2130 2912 2298 2963 dixit:
2334 2908 2447 2961 Hoc
2476 2915 2678 2959 tantum
2711 2904 2831 2967 fiat,
2857 2917 2956 2972 ego
2984 2901 3124 2953 hunc
3170 2901 3222 2950 itt
3254 2913 3411 2951 manu
3466 2913 3557 2950 ve.

1976 3011 2089 3056 stra
2141 2999 2368 3062 tradam,
2394 3007 2449 3052 et
2489 3012 2587 3066 ego
2631 3007 3020 3062 recognoscens
3057 2991 3328 3043 dominum
3373 3003 3548 3042 meum

1979 3107 2196 3161 regem,
2248 3090 2316 3144 ad
2366 3089 2483 3158 ejus
2534 3084 2872 3156 praesentiam
2914 3081 3230 3151 properabo.
3282 3080 3433 3132 Tunc
3477 3077 3554 3132 illi

301 3197 439 3252 enim
460 3238 474 3262 ,
503 3206 557 3251 et
584 3194 714 3248 nulli
748 3192 1039 3262 quidquam
1072 3190 1280 3258 injuria:
1313 3189 1560 3243 inferam.
1589 3188 1789 3242 Tamen
1821 3194 1877 3240 ut
1904 3189 1951 3253 ο
1985 3187 2335 3256 promittunt,
2368 3180 2508 3251 quod
2535 3179 2580 3233 si
2611 3179 2725 3231 hch
2756 3175 2999 3244 impleret
3021 3213 3036 3236 ,
3076 3172 3248 3239 ipsum
3292 3170 3343 3224 in
3377 3169 3558 3223 chari-

301 3291 481 3345 seiatis
514 3302 634 3342 vera
662 3300 783 3340 esse
812 3298 932 3354 qua:
964 3283 1083 3336 dico
1104 3322 1119 3346 ,
1147 3281 1526 3347 Badegundem
1574 3280 1874 3344 Pictavam,

307 3390 360 3433 et
395 3376 725 3447 Ingetrudem
757 3373 783 3411 δ
813 3372 1133 3427 Turonicam
1166 3372 1490 3441 interrogate
1519 3385 1534 3422 :
1565 3369 1694 3439 ipsa:
1733 3370 1877 3424 enim

303 3470 456 3524 vobis
499 3465 838 3522 affirmabant
883 3473 1026 3518 certa
1068 3476 1186 3515 esse
1226 3477 1344 3530 qua:
1394 3461 1600 3529 loquor.
1648 3458 1771 3512 Haec
1814 3472 1879 3511 eo

303 3559 535 3623 dicente,
559 3556 709 3610 multi
730 3570 851 3609 cum
876 3551 1131 3608 conviciis
1157 3561 1211 3606 et
1232 3549 1564 3620 imprOperiis
1587 3551 1699 3602 lucc
1721 3547 1878 3601 verba

306 3649 789 3718 prosequebantur.
1756 3649 1761 3654 ·

379 3737 640 3794 XXXVII.
681 3737 907 3803 Quintus
935 3743 991 3790 et
1017 3733 1258 3788 decimus
1288 3733 1341 3787 in
1373 3731 1473 3785 hac
1501 3730 1781 3786 obsidione
1806 3727 1884 3784 ef-

309 3831 533 3888 fulserat
560 3832 706 3896 dies,
739 3837 792 3884 et
824 3825 1191 3896 Leudegisilus
1219 3839 1383 3879 novas
1412 3825 1476 3876 ad
1507 3821 1882 3877 destruendam

307 3922 497 3977 urbem
551 3921 823 3975 machinas
885 3915 1256 3985 praaparabat:
1302 3913 1533 3982 plaustra
1575 3913 1717 3966 enim
1765 3925 1883 3964 cum

295 4013 600 4076 arietibus,
640 4009 857 4064 clitellis
896 4017 948 4061 et
977 4007 1164 4059 axibus
1193 4015 1345 4058 erant
1375 4011 1518 4056 texta
1553 4011 1574 4038 ε
1600 4041 1616 4066 ,
1648 4001 1747 4054 sub
1772 3999 1890 4066 qui-

311 4107 413 4159 bus
442 4102 709 4158 exercitus
739 4106 1057 4170 preperaret
1083 4095 1147 4149 ad
1175 4093 1530 4148 destruendos
1554 4106 1755 4145 muros.
1783 4089 1887 4144 Sed

309 4213 433 4252 cum
457 4191 1005 4264 appropinquassent,
1033 4190 1102 4242 ita
1127 4186 1395 4254 lapidibus
1423 4184 1809 4245 obruebantur,
1836 4192 1892 4235 ut

309 4304 501 4342 omnes
551 4285 1040 4354 appropinquantes
1097 4295 1250 4333 muro
1288 4286 1624 4332 corruerent.
1681 4277 1893 4343 Cuppas

318 4392 440 4431 eum
477 4376 596 4445 pice
625 4385 680 4429 et
706 4374 861 4441 adipe
903 4388 1159 4426 accensas
1204 4384 1362 4434 supra
1393 4382 1486 4423 eos
1517 4365 1889 4435 projicientes,

314 4473 450 4524 alias
493 4483 620 4522 vero
673 4466 934 4535 lapidibus
982 4463 1166 4533 plenas
1219 4477 1383 4530 super
1407 4477 1499 4514 eos
1549 4459 1891 4528 dejiciebaut.

1983 3289 2090 3334 tate
2133 3278 2497 3345 susciperent,
2541 3282 2595 3326 et
2629 3271 2672 3324 si
2712 3284 2832 3325 eum
2863 3267 2972 3338 regi
3004 3280 3261 3321 excusare
3289 3278 3393 3316 non
3427 3277 3554 3329 pos-

1980 3382 2121 3434 sent,
2158 3372 2207 3423 lll
2239 3367 2518 3423 ecclesiam
2551 3369 2824 3431 ponerent,
2852 3375 2918 3412 ne
2952 3358 3071 3409 vitae
3102 3354 3389 3408 amissione
3419 3350 3558 3404 mul-

1982 3473 2241 3517 ctaretur.
2279 3459 2400 3511 llaec
2438 3471 2556 3510 emn
2597 3449 2916 3507 sacramenti
2954 3447 3113 3518 365
3145 3440 3553 3511 interpositione

1984 3557 2241 3628 polliciti,
2273 3554 2658 3607 discesserunt.
2695 3548 3008 3601 Mummolus
3048 3557 3175 3596 vero
3215 3556 3336 3594 eum
3379 3537 3555 3605 Sagit-

1987 3650 2121 3705 tario
2151 3648 2404 3716 episcopo
2433 3651 2488 3697 et
2514 3641 2788 3694 Waddone
2817 3637 2880 3690 ad
2907 3632 3310 3689 Gunduvaldum
3339 3645 3563 3699 pergen-

1988 3750 2113 3798 tes,
2174 3739 2468 3790 dixerunt:
2525 3733 2869 3788 Sacramenta
2931 3725 3199 3780 lidelitatis
3243 3722 3417 3790 qualia
3469 3720 3564 3775 tibi

1986 3830 2270 3893 dedimus,
2315 3827 2432 3894 ipse
2475 3823 2566 3894 qui
2615 3836 2848 3889 praesens
2891 3833 2950 3872 es
2987 3817 3149 3868 nosti.
3197 3815 3344 3867 Nunc
3383 3822 3562 3866 autem

1987 3921 2169 3989 accipe
2213 3915 2430 3972 salubre
2467 3912 2749 3968 consilium
2777 3928 2792 3964 :
2823 3909 3040 3962 discede
3071 3906 3138 3958 ab
3168 3905 3265 3958 hac
3299 3905 3430 3956 urbe
3451 3941 3466 3964 ,
3510 3911 3563 3956 et

1989 4019 2378 4079 reprarsentare
2422 4005 2570 4058 fratri
2619 4015 2746 4066 tuo,
2790 4004 2930 4053 sicut
2967 4012 3109 4061 siepe
3148 3994 3408 4064 quaesisti.
3449 3993 3564 4053 Jam

1990 4104 2132 4156 enim
2176 4119 2294 4153 ιίιιιι
2340 4101 2419 4151 his
2462 4096 2768 4149 hominibus
2808 4091 3058 4146 collocuti
3103 4103 3322 4149 Sumus,
3368 4097 3422 4140 et
3460 4086 3558 4154 ipsi

1991 4195 2266 4253 dixerunt,
2286 4191 2406 4260 quia
2439 4206 2542 4240 non
2575 4188 2684 4240 vult
2717 4201 2806 4240 rex
2837 4183 3059 4252 perdere
3089 4182 3337 4233 solatium
3377 4190 3524 4231 tuum
3547 4216 3566 4242 ,

1995 4302 2060 4340 eo
2103 4278 2242 4351 quod
2289 4295 2471 4349 parmn
2517 4279 2582 4331 de
2627 4276 2969 4346 generatione
3010 4283 3183 4325 vestra
3228 4268 3569 4323 remanserit.

1996 4379 2063 4431 At
2096 4376 2185 4428 ille
2215 4373 2515 4440 intelligens
2541 4371 2721 4422 dolum
2757 4383 2940 4421 eurum
2965 4407 2978 4428 ,
3012 4364 3260 4434 lacrymis
3295 4361 3572 4427 perfusus,

1998 4469 2112 4523 ait:
2143 4467 2460 4521 lnvitatioue
2493 4471 2670 4516 vestra
2704 4464 2754 4513 in
2790 4460 2884 4513 has
2923 4458 3122 4512 Gallias
3164 4471 3280 4509 sum
3320 4454 3572 4516 delatus;

293 4569 296 4574 ’
323 4562 432 4617 Sed
465 4575 584 4613 emn
616 4572 717 4612 nox
749 4557 1039 4611 certamina
1073 4553 1420 4621 prohiberet,
1455 4553 1632 4603 hostes
1675 4549 1738 4601 ad
1782 4563 1882 4599 eas.

2006 4561 2377 4616 thesaulorum
2427 4569 2556 4610 vero
2605 4566 2877 4614 meorum,
2929 4550 2980 4600 iit
3023 4547 3213 4614 quibus
3258 4547 3576 4596 immensum

307 4655 399 4706 'Ira
429 4651 655 4719 regressi
688 4658 831 4704 sunt.
863 4649 987 4701 Erat
1010 4659 1187 4702 autem
1220 4663 1338 4700 cum
1362 4643 1708 4699 Guttdovaldo
1735 4639 1896 4711 364

314 4757 372 4798 et
419 4743 724 4812 Chariulfus
765 4738 817 4805 ά,
863 4740 1018 4794 valde
1063 4741 1214 4793 dives
1251 4753 1315 4791 ac
1362 4746 1695 4806 pra’pnlens,
1746 4734 1896 4802 cujus

318 4835 597 4905 apothecis
635 4847 696 4886 ac
742 4831 1124 4901 promptuariis
1164 4829 1290 4882 urbs
1327 4827 1484 4880 valde
1523 4826 1715 4879 referta
1744 4833 1894 4876 erat:

271 4929 388 4981 "de
412 4926 566 4995 cujus
593 4923 885 4978 substantia
928 4920 982 4975 hi
1031 4921 1260 4974 maxime
1299 4919 1594 4971 alebantur.
1625 4914 1896 4967 Bladastes

322 5029 501 5073 autem
549 5019 663 5070 bazc
711 5029 939 5069 cernens
987 5027 1106 5081 quae
1143 5011 1487 5080 gerebantur,
1536 5019 1782 5061 metuens
1831 5018 1898 5056 ne

323 5110 692 5180 Leudegisilus
719 5109 935 5162 obtenta
959 5101 1181 5156 victoria
1209 5117 1300 5156 eos
1332 5101 1485 5154 morti
1517 5098 1769 5158 traderet,
1801 5093 1899 5146 itu-

401 5274 428 5302 ⁸
458 5265 534 5318 "Et
562 5273 738 5316 tamen
763 5274 828 5315 ex
860 5258 1000 5312 libro
1031 5271 1079 5308 vt
1109 5297 1122 5312 .
1150 5270 1267 5322 cap.
1297 5251 1401 5316 24,
1431 5248 1824 5322 Gundobaldus
1843 5245 1897 5322 in

324 5335 524 5395 Gallias
563 5341 866 5386 accesserat
903 5340 1031 5383 ante
1072 5317 1359 5394 ,tlbilperici
1420 5323 1712 5376 interitum.
1738 5326 1742 5330 “
1773 5317 1900 5371 Vide

324 5421 485 5470 supra
517 5419 632 5470 cap.
667 5402 756 5455 52.

301 5549 308 5554 .
399 5494 425 5533 ι’
467 5495 621 5549 (Iulb.
654 5509 702 5546 a.
734 5504 789 5549 et
822 5493 969 5554 Bec.,
1005 5489 1357 5558 Iugntrudem.
1389 5484 1684 5558 Colli._nt.,
1721 5477 1896 5558 Intro-

327 5567 580 5637 gundam.
617 5566 832 5637 ltegtu.,
866 5551 1263 5637 liilragtiiiilaiii.
1298 5558 1416 5637 l-Ia‘c
1445 5564 1521 5608 est
1547 5551 1856 5637 ltigeltrudis
1883 5587 1898 5627 ,

325 5620 446 5704 Quae
499 5620 880 5688 ttiouast‘erium
932 5635 982 5684 in
1015 5620 1160 5704 atrio
1209 5628 1446 5704 basilica:
1477 5624 1645 5703 sancti
1689 5620 1893 5672 Martini

325 5691 676 5761 έυιιιὶίηρηιῐῖ
705 5705 770 5757 de
799 5719 900 5770 qua
931 5702 1123 5767 saepius
1152 5700 1381 5767 loquitur
1406 5691 1717 5759 Gregorius.

461 5800 553 5855 Sic
591 5799 717 5854 Bcc.
751 5811 872 5849 cum
913 5794 1109 5854 editis;
1149 5794 1273 5854 alii,
1316 5800 1478 5853 (ccta;
1517 5785 1672 5840 Colb.
1715 5798 1764 5836 a.
1805 5780 1900 5835 alt.

2006 4652 2212 4720 pondus
2257 4647 2466 4715 argenti
2512 4645 2816 4698 continetur
2862 4647 2918 4693 et
2963 4638 3113 4701 auri,
3143 4650 3206 4688 ac
3245 4635 3576 4687 diversarum

2002 4743 2333 4810 specierum,
2359 4735 2552 4806 aliquid
2586 4735 2636 4787 in
2678 4731 2945 4789 Avi-unica
2977 4727 3107 4781 urbe
3153 4724 3437 4782 retinetur,
3481 4721 3578 4772 ali~

2003 4837 2126 4906 quid
2152 4835 2587 4888 Gutttcltramuus
2608 4826 2744 4880 Boso
2761 4820 3001 4885 diripuit.
3030 4817 3140 4884 Ego
3159 4828 3287 4867 vero
3313 4812 3461 4880 juxta
3486 4809 3579 4862 Dei

2004 4928 2255 4980 auxilium
2275 4967 2289 4989 ,
2323 4938 2417 4992 spe
2444 4919 2590 4972 omni
2634 4919 2686 4970 in
2720 4914 2871 4967 vobis
2898 4909 3089 4980 posita,
3117 4907 3268 4960 vobis
3293 4901 3577 4957 consilium

1985 5001 2184 5070 ~meum
2209 4991 2440 5075 credidi,
2469 5025 2563 5077 per
2589 5022 2685 5060 vos
2715 5017 2936 5072 regnare
2966 5012 3178 5066 semper
3200 4993 3404 5062 optavi.
3433 4991 3583 5044 Nunc

2006 5125 2125 5162 Cttttt
2163 5107 2273 5160 Deo
2304 5103 2454 5157 vobis
2485 5101 2554 5153 sit
2581 5097 2723 5152 actio
2748 5137 2762 5162 ,
2794 5094 2836 5147 si
2867 5092 2992 5162 quid
3024 5089 3152 5143 mihi
3195 5083 3456 5139 mendacii
3483 5081 3583 5136 adi-

2006 5255 2165 5295 manu
2180 5277 2194 5302 ,
2231 5247 2359 5290 tecta
2389 5240 2554 5286 erant.

2075 5331 2104 5371 ⁴
2142 5301 2297 5384 Coll).
2329 5342 2401 5380 tu.
2436 5335 2490 5377 et
2515 5321 2714 5378 Chesn;
2742 5317 2848 5382 al.,
2892 5311 3156 5384 Ariulftts;
3185 5305 3332 5384 infra
3368 5301 3586 5358 [furial-

2002 5407 2085 5476 [αδ
2333 5379 2661 5463 ῨΜατὶηΙῙιιε,
2691 5389 2785 5443 sed
2815 5379 2948 5441 infra
2970 5424 2984 5448 ,
3017 5379 3303 5448 Cariulfttr.

2078 5467 2289 5549 siColh.
2323 5507 2396 5550 a.,
2439 5485 2668 5540 inclusus
2710 5481 2832 5539 ille,
2873 5486 2928 5532 et
2968 5484 3089 5546 post
3132 5467 3542 5527 concurrentibus
3569 5506 3587 5534 ,

2004 5570 2098 5623 alt.
2131 5581 2289 5618 tuauu
2321 5560 2557 5616 additum
2586 5564 2666 5608 est
2691 5551 2942 5606 entnibus.

2083 5659 2100 5698 ί
2143 5659 2298 5713 Coll).
2329 5672 2380 5711 a.
2405 5694 2420 5719 ,
2455 5661 2510 5706 ut
2541 5657 2688 5719 puto.
2734 5645 2928 5716 Regni.
2949 5679 2964 5708 ,
2998 5650 3067 5710 et,
3095 5649 3148 5692 ut
3175 5634 3324 5718 credo
3351 5673 3367 5701 ,
3395 5631 3491 5704 ﬁlii
3520 5630 3593 5686 tul

1971 5755 1974 5757 λ
2006 5749 2108 5798 γαίη
2126 5767 2141 5795 ,
2169 5737 2274 5784 etc.
