4096 6344
524 235 629 292 tu

1506 234 1564 291 S.
1608 232 1929 289 ϐιιιῑοοιιιι
1973 231 2268 287 Ειιιδουιιι
2311 231 2739 287 TUIIONENSIS

3666 222 3839 282 LM

526 350 750 403 seritis:
791 346 906 416 ipse
951 344 1094 401 enim
1130 342 1332 416 judicet
1376 360 1593 399 causam
1638 361 1835 402 meam.
1870 346 1996 399 lla-c
2033 360 2099 398 eo
2126 346 2175 403 Α
2203 354 2256 395 ιιι
2288 344 2460 408 tidco,
2509 346 2576 399 de
2608 346 2707 398 lide
2741 346 2995 413 promissa
3029 353 3303 415 servatur,
3333 359 3453 399 nam
3485 359 3652 397 cerno
3699 358 3823 397 ιι·

524 442 765 503 dicente,
796 438 1071 504 respondit
1117 437 1468 492 Mummolus:
1514 436 1652 490 Nihil
1700 438 1793 490 tibi
1833 435 2095 491 fallaciter

529 534 819 600 loquimur,
850 532 940 584 sed
972 546 1095 583 ecce
1122 530 1268 583 viros
1300 529 1621 582 fortissimos
1652 539 1854 582 stantes
1881 530 1944 582 ad
1978 547 2097 596 pcr-

533 632 640 677 tam
686 632 831 674 tuum
895 622 1198 689 operientes
1255 620 1560 674 adventum.
1609 621 1757 672 Nunc
1794 628 1969 675 autem
2007 622 2098 674 de-

536 728 675 779 pone
704 710 973 764 baltheum
1002 725 1177 761 meum
1206 724 1423 763 aureum
1456 724 1561 775 quo
1600 709 1859 779 cingeris,
1903 725 1969 764 ne
2005 714 2098 765 vi—

526 802 710 855 dearis
742 801 793 853 in
821 800 1076 868 jactantia
1109 799 1431 868 procedere,
1458 808 1513 854 et
1551 807 1695 851 tutuo
1736 800 1951 867 arcinge
1987 799 2099 867 εδει·

530 894 675 949 dium
697 934 711 955 ,
741 908 1026 961 meumque
1053 895 1299 947 restitue.
1348 893 1411 945 Et
1452 891 1579 945 ille:
1624 891 1736 944 Non
1766 892 2097 960 simpliciter,

538 985 743 1048 inquit,
773 982 886 1035 haec
916 981 1077 1035 verba
1106 982 1359 1051 suscipio,
1394 990 1450 1033 ut
1476 995 1537 1034 ea
1566 996 1681 1048 qua:
1710 981 1776 1034 de
1806 984 1908 1035 tuis
1936 997 2101 1050 usque

535 1087 678 1126 nime
730 1073 781 1125 in
832 1072 1093 1125 charitate
1141 1080 1166 1107 α
1205 1086 1329 1123 usus
1367 1084 1514 1137 sum,
1559 1085 1588 1123 a
1635 1086 1719 1124 mc
1772 1070 2098 1126 auferantur.

543 1162 864 1216 Mummolus
890 1176 1019 1214 vero
1040 1160 1313 1213 asserebat
1336 1176 1454 1213 cum
1503 1159 1839 1229 iuramento,
1882 1161 2009 1215 nihil
2052 1164 2100 1216 ci

534 1252 761 1305 moleste
802 1242 936 1303 fieri.
982 1250 1191 1318 Egressi
1234 1249 1391 1318 igitur
1422 1256 1661 1315 portam,
1694 1250 1759 1302 ab
1790 1249 1980 1303 Ollone
2014 1251 2099 1304 Bi-

534 1342 765 1410 turigum
794 1342 992 1395 comite
1022 1348 1075 1393 et
1106 1339 1316 1393 Bosone
1345 1349 1621 1408 susceptus
1649 1350 1750 1393 est.
1783 1340 2102 1395 Mummolus

537 1444 714 1490 autem
746 1451 864 1488 cum
895 1433 1214 1489 satellitibus
1244 1435 1297 1487 in
1329 1434 1515 1487 urbem
1556 1450 1867 1504 regressus,
1894 1446 2100 1505 portam

537 1527 846 1580 ﬁrmissime
872 1525 1166 1578 obseravit.
1199 1524 1293 1578 Ilic
1323 1535 1496 1577 autem
1550 1539 1669 1578 cutn
1714 1540 1771 1579 se
1826 1527 1875 1578 in
1931 1528 2105 1581 mani-

541 1620 639 1672 bus
666 1618 1000 1672 inimicorum
1029 1627 1277 1671 cerneret
1307 1616 1554 1669 traditum
1575 1656 1590 1681 ,
1623 1618 1847 1670 elevatis
1886 1618 1953 1672 ad
1993 1634 2102 1674 cte-

2199 433 2250 488 in
2285 436 2469 487 mortis
2498 436 2667 488 exitio
2700 436 2948 501 posituro.
2983 434 3077 487 Cui
3109 434 3196 488 ille
3226 449 3240 488 :
3276 434 3390 505 Ego
3420 433 3670 503 egrediar
3694 431 3817 486 σο-

2200 542 2307 590 ras,
2340 536 2393 579 et
2421 528 2596 582 omnia
2652 530 2923 599 mitigabo.
2954 528 3071 593 Quo
3112 527 3442 595 cgrediente,
3490 526 3815 579 conletttim

2200 634 2263 672 ex
2287 619 2439 685 jussu
2468 620 2582 687 ejus
2612 622 2800 673 vallata
2824 629 2909 673 est
2934 621 3141 681 domus,
3168 627 3223 670 ut
3253 617 3339 672 hic
3363 618 3810 672 interﬁceretur.

2199 708 2301 761 Sed
2328 720 2381 762 et
2412 710 2497 762 ille
2518 725 2638 763 cum
2662 710 2957 763 diutissime
2977 718 3158 761 contra
3185 707 3443 761 bellantes
3467 706 3811 770 restitisset,

2200 800 2346 852 venit
2372 800 2435 851 ad
2466 801 2682 853 ostium.
2712 798 2950 867 Cumque
2978 799 3341 867 egrederetur,
3374 798 3480 849 duo
3510 812 3632 850 cum
3665 799 3813 850 lan-

2201 891 2309 943 ceis
2336 901 2556 958 utraque
2586 891 2634 943 ei
2666 892 2827 944 latera
2860 889 3074 951 feriunt,
3116 890 3299 957 sicque
3327 888 3524 941 cecidit
3549 897 3603 939 et
3634 903 3808 941 tuor-

2204 990 2321 1034 tuus
2377 992 2477 1036 est.
2505 983 2621 1047 Quo
2650 982 2763 1035 viso
2791 980 3083 1050 Episcopus
3115 980 3471 1050 (Sagittarius)
3490 1018 3508 1043 ,
3538 979 3667 1032 dum
3711 980 3810 1031 ti-

2204 1087 2354 1125 more
2395 1081 2763 1127 consternatus
2814 1081 3051 1142 paveret,
3084 1072 3158 1125 ait
3188 1072 3251 1125 ad
3284 1086 3404 1125 eum
3444 1070 3665 1139 quidam
3712 1069 3809 1121 de

2204 1164 2498 1216 astantibus
2532 1183 2544 1217 :
2576 1165 2779 1232 Inspice
2810 1164 3038 1231 propriis
3081 1162 3288 1230 oculis,
3332 1164 3601 1231 episcopc,
3660 1175 3807 1226 qua

2204 1263 2479 1319 geruntur,
2507 1265 2560 1306 et
2587 1263 2727 1308 tecto
2756 1256 2913 1325 367
2946 1254 3119 1320 capite
3146 1268 3214 1307 ne
3237 1254 3562 1321 agnoscaris,
3586 1252 3799 1303 silvam

2208 1358 2355 1414 pete.
2388 1356 2445 1399 ut
2491 1346 2834 1399 abscondaris
2885 1345 3176 1413 paululum,
3226 1354 3385 1411 atque
3438 1343 3511 1397 ira
3567 1342 3809 1395 labente

2207 1437 2379 1503 possis
2405 1438 2650 1490 evadere.
2684 1440 2751 1489 At
2781 1437 2869 1489 ille
2897 1443 3116 1503 accepto
3146 1434 3388 1497 consilio,
3413 1433 3538 1487 dum
3562 1432 3806 1487 obtecto

2206 1528 2377 1593 capite
2401 1526 2582 1595 lugere
2607 1527 2887 1588 niteretur,
2916 1536 3156 1579 extracto
3176 1525 3392 1594 quidam
3419 1523 3595 1592 gladio
3621 1532 3801 1586 caput

2206 1617 2321 1686 ejus
2362 1633 2481 1670 cum
2534 1617 2744 1671 cucullo
2793 1616 3014 1669 decidit.
3051 1615 3253 1671 Deinde
3300 1613 3665 1682 unusquisque
3718 1613 3796 1665 ad

535 1708 644 1762 lum
675 1709 919 1763 manibus
958 1717 1013 1762 et
1040 1708 1239 1772 oculis,
1281 1708 1352 1759 ait
1378 1722 1393 1759 :
1424 1705 1589 1759 Iudex
1620 1717 1847 1773 mterne,
1879 1717 1932 1760 ct
1975 1708 2107 1763 ultio
2138 1712 2182 1769 Β
2212 1708 2417 1776 propria
2450 1707 2682 1769 rediens,
2716 1722 2932 1776 magnas
2964 1721 3058 1775 per
3108 1705 3248 1758 viam
3280 1702 3485 1773 praedas
3513 1716 3568 1757 et
3611 1702 3798 1755 homi-

537 1816 661 1852 vera
703 1799 1093 1864 innocentium,
1142 1798 1310 1863 Deus,
1339 1812 1367 1849 a
1400 1812 1505 1866 quo
1546 1797 1720 1851 omnis
1745 1798 2107 1869 ju5titia1iro-

535 1889 713 1953 cedit,
761 1888 849 1941 cui
897 1889 1234 1943 mendacium
1282 1904 1386 1940 non
1436 1888 1646 1957 placet,
1693 1890 1743 1942 in
1789 1906 1894 1957 quo
1935 1893 2110 1946 nullus

535 1983 694 2035 dolus
740 1996 912 2048 neque
953 1981 1184 2034 versutia
1227 1980 1445 2034 malitia:
1478 1983 1807 2045 continetur,
1841 1983 1931 2035 tibi
1963 1999 2111 2037 COII-

545 2072 739 2124 mendo
767 2086 979 2125 causam
1011 2086 1213 2133 meam,
1246 2070 1538 2138 deprecans
1569 2080 1625 2124 ut
1649 2072 1722 2125 sis
1751 2074 2001 2129 velociter
2028 2075 2105 2127 ul-

547 2173 631 2213 tor
660 2176 820 2228 super
842 2175 954 2220 eos,
973 2161 1061 2229 qui
1086 2176 1170 2213 me
1200 2160 1468 2212 insttntem
1500 2162 1745 2214 manibus
1778 2164 2111 2218 tradiderunt

538 2255 901 2307 inimicorum.
939 2252 1061 2305 Ilaec
1087 2269 1207 2305 cum
1240 2252 1490 2314 dixisset,
1520 2255 1838 2319 consignans
1865 2271 1922 2307 se
1952 2271 2109 2309 cruce

539 2345 850 2404 flaminica,
884 2344 1031 2395 abire
1059 2345 1221 2411 cmpit
1247 2358 1368 2395 cum
1417 2344 1724 2397 hominibus
1766 2344 2105 2410 supradictis.

538 2432 778 2503 Cumque
810 2449 837 2485 ιι
868 2446 1017 2500 porta
1050 2453 1104 2490 se
1129 2438 1290 2507 366
1313 2439 1672 2507 elongasscnt,
1699 2442 1838 2492 sicut
1860 2451 1937 2493 cst
1966 2442 2109 2495 circa

542 2525 727 2576 urbem
771 2526 923 2578 vallis
962 2536 1067 2579 tota
1111 2529 1160 2581 in
1199 2532 1584 2597 prazcipitiutn,
1630 2530 1889 2597 impulsus
1919 2534 1989 2587 ab
2018 2534 2108 2588 0J-

549 2615 670 2668 lune
701 2616 892 2668 cecidit
917 2658 931 2679 ,
961 2618 1048 2672 illo
1078 2635 1290 2689 quoque
1319 2622 1584 2677 clamante
1611 2642 1623 2676 :
1656 2626 1729 2677 En
1756 2625 1909 2678 vobis
1940 2626 2114 2679 Ballo-

543 2719 744 2758 tuerem
779 2717 1013 2759 vestrum
1037 2750 1053 2772 ,
1083 2712 1171 2776 qui
1218 2727 1278 2765 se
1319 2720 1458 2779 regis
1490 2722 1544 2767 et
1574 2715 1790 2769 fratrem
1817 2715 1944 2769 dicit
1972 2725 2026 2771 et
2052 2717 2112 2771 fi-

548 2795 707 2850 lium.
730 2798 793 2850 Et
821 2798 1053 2852 munissa
1078 2801 1281 2867 lancea,
1303 2806 1466 2857 voluit
1492 2820 1612 2859 eum
1647 2808 1987 2874 transligere,
2019 2808 2113 2862 sed

539 2885 749 2948 repulsa
789 2901 817 2937 a
859 2888 1076 2941 circulis
1107 2889 1287 2943 lorica:
1316 2891 1441 2944 nihil
1476 2894 1674 2945 nocuit.
1717 2894 1953 2961 Denique
1992 2910 2111 2950 cum

547 2976 782 3029 elevatus
813 2976 878 3029 ad
918 2989 1149 3032 montem
1195 2983 1400 3048 regredi
1431 2983 1711 3048 niteretur,
1747 2985 1887 3038 Boso
1917 2989 2115 3040 emiSSo

2208 1799 2343 1852 cidia
2374 1798 2513 1852 iecit.
2549 1796 2910 1864 Frcdeguudis
2938 1806 3115 1849 autem
3148 1796 3230 1848 his
3259 1795 3442 1848 diebus
3470 1793 3793 1861 Cuppanetn

2209 1889 2261 1943 in
2289 1890 2609 1944 Tolosanum
2640 1889 2863 1951 direxit,
2898 1898 2955 1941 ut
2983 1887 3185 1941 scilicet
3212 1887 3371 1939 tiliam
3394 1898 3542 1937 suam
3590 1883 3798 1936 exinde

2210 1996 2525 2051 quocunque
2555 1984 2713 2035 modo
2744 1988 2940 2049 posset,
2965 1986 3199 2033 erueret.
3222 1975 3645 2031 Ferebantenim
3676 1976 3794 2043 ple—-

2210 2076 2358 2143 rique
2383 2074 2452 2128 ob
2482 2075 2581 2127 hoc
2623 2088 2744 2126 eum
2776 2071 3146 2124 transmissum
3172 2109 3186 2133 ,
3215 2076 3274 2122 ut
3302 2068 3345 2123 si
3378 2066 3792 2121 Gundovaldum

2209 2165 2496 2232 reperisset
2525 2164 2733 2227 vivum,
2763 2163 2939 2215 multis
2969 2162 3211 2216 illectum
3247 2158 3690 2228 promissionibns
3720 2157 3791 2210 ad

2210 2272 2325 2310 eam
2358 2254 2743 2309 transduceret.
2775 2255 2881 2310 Sed
2911 2270 3033 2308 cum
3072 2254 3171 2307 hoc
3212 2251 3391 2307 facere
3437 2250 3792 2317 nequivisset.

2211 2358 2479 2415 acct-ptam
2512 2347 2832 2415 Itigunthem
2865 2361 2893 2399 a
2926 2347 3043 2399 loeo
3092 2346 3181 2397 illo
3227 2342 3451 2408 reduxit,
3510 2357 3617 2397 non
3671 2342 3795 2397 sine

2209 2436 2393 2507 grandi
2426 2436 2719 2488 humilitate
2748 2446 2904 2502 atque
2931 2436 3253 2488 contumelia
3287 2443 3332 2485 ε.

2283 2527 2392 2581 XL.
2428 2528 2587 2595 Igitur
2617 2524 2976 2593 Leudegisilus
3005 2524 3107 2576 dux
3147 2536 3265 2575 cum
3294 2519 3562 2575 thesauris
3610 2521 3797 2575 omni-

2212 2617 2329 2681 bus,
2363 2596 2497 2685 quos
2524 2618 2769 2684 superius
2798 2615 3210 2675 nominavimus,
3260 2612 3323 2666 ad
3379 2628 3559 2683 regem
3612 2616 3793 2680 venit;

2212 2722 2349 2775 quos
2378 2718 2553 2774 postea
2578 2722 2669 2760 rex
2700 2706 3017 2774 pauperibus
3047 2715 3101 2759 et
3129 2704 3374 2759 ecclesiis
3398 2694 3663 2771 erogavit.
3686 2704 3795 2774 Ap-

2215 2799 2473 2867 prehensa
2504 2812 2627 2850 vero
2659 2813 2825 2851 uxore
2855 2797 3124 2850 Mummoli
3151 2839 3165 2860 ,
3197 2794 3462 2862 inquirere
3487 2811 3577 2849 rex
3607 2796 3796 2864 coepit,

2213 2892 2337 2960 quid
2372 2891 2602 2944 thesauri
2635 2906 2767 2959 quos
2816 2890 2849 2943 ii
2897 2895 3370 2959 congregaverant,
3421 2887 3794 2943 derenissent.

2216 2981 2322 3035 Sed
2356 2983 2441 3035 illa
2470 2996 2798 3048 cognoscens
2827 2981 2996 3033 virum
3028 2996 3179 3034 suum
3223 2977 3561 3033 interfectum
3593 2978 3797 3046 fuisse,

546 3066 718 3129 lapide
745 3075 905 3133 caput
953 3070 1069 3133 ejus
1107 3071 1349 3135 libravit,
1397 3075 1483 3142 qui
1516 3075 1736 3131 occidit.
1776 3085 1829 3127 et
1870 3086 2110 3130 mortuus
2143 3067 2189 3129 C
2222 3082 2275 3127 ct
2300 3088 2513 3126 omnem
2537 3072 2847 3142 jactantiam
2882 3088 3062 3125 eorum
3096 3085 3315 3138 prorsus
3345 3069 3399 3123 in
3429 3079 3624 3123 terram
3678 3084 3798 3123 cor-

539 3166 637 3209 est.
686 3156 945 3226 Venitqne
990 3176 1151 3215 omne
1190 3164 1408 3232 vulgus,
1451 3173 1503 3217 ct
1540 3164 1729 3218 defixis
1772 3167 1821 3220 in
1854 3183 1973 3220 eum
2006 3169 2119 3220 latt-

539 3250 669 3311 κείς,
699 3251 862 3318 pedes
891 3251 1007 3318 ejus
1034 3254 1154 3306 fune
1179 3255 1433 3323 ligantes,
1461 3272 1555 3324 per
1582 3260 1757 3310 omnia
1788 3262 2120 3313 exercituum

541 3348 713 3391 castra
748 3350 1022 3395 traxerunt
1047 3360 1060 3406 ;
1090 3344 1489 3413 evellentesque
1515 3348 1787 3401 caesariem
1816 3362 1878 3401 ac
1908 3348 2120 3401 barbam

552 3430 668 3495 ejus
690 3469 703 3490 ,
736 3431 1053 3497 insepultam
1083 3435 1196 3498 ipso
1227 3435 1275 3488 in
1310 3435 1423 3488 loco
1448 3452 1552 3504 quo
1583 3438 1894 3492 interfectus
1926 3438 2121 3505 fuerat,

545 3521 895 3587 reliquerunt.
922 3521 1087 3577 Noote
1108 3539 1236 3576 vero
1264 3529 1524 3594 sequenti,
1552 3529 1584 3581 ii
1610 3531 1695 3593 qui
1724 3531 1878 3597 primi
1902 3545 2054 3586 erant
2074 3533 2124 3599 δ,

546 3623 733 3661 omnes
775 3610 1054 3665 thesauros
1094 3629 1225 3681 quos
1268 3617 1317 3668 iu
1363 3620 1495 3671 urbe
1540 3621 1775 3685 reperire
1804 3632 2122 3691 potuerunt,

548 3716 666 3751 cum
698 3700 1008 3756 ministeriis
1036 3705 1275 3760 ecclesiae
1296 3709 1429 3760 clam
1452 3710 1804 3765 abstulerunt.
1829 3714 1980 3768 Mane
2002 3731 2130 3770 vero

550 3794 802 3847 reseratis
834 3808 1103 3862 portarum
1135 3800 1301 3851 valvis
1325 3843 1340 3864 ,
1386 3803 1625 3855 immisso
1663 3807 1896 3862 exercitu
1918 3848 1931 3873 ,
1972 3822 2131 3861 omne

548 3883 733 3947 vulgus
762 3885 1023 3940 inclusum
1058 3889 1107 3942 in
1139 3905 1231 3942 ore
1256 3891 1414 3958 gladii
1444 3893 1795 3957 traddcrunt,
1826 3899 2131 3954 sacerdotes

549 3990 754 4043 quoque
800 3977 1005 4032 Domini
1050 3996 1171 4035 cum
1219 3986 1478 4039 ministris
1514 3988 1578 4040 ad
1624 3988 1736 4055 ipsa
1774 3993 2129 4048 ecclesiarum

549 4066 731 4119 altaria
777 4070 1122 4127 trucidantes.
1172 4075 1452 4145 Postquam
1508 4088 1684 4133 autem
1714 4092 1935 4138 cunctos
1967 4084 2132 4140 inter-

555 4164 898 4223 tecerunt,ut
943 4178 1046 4217 non
1092 4178 1391 4223 remaneret
1431 4170 1674 4238 mingens
1711 4172 1777 4226 ad
1826 4178 2082 4242 parietem
2113 4222 2127 4244 ,

555 4265 768 4301 omnem
824 4255 1007 4305 urbem
1055 4270 1173 4307 cutn
1222 4260 1464 4312 cerlesiis
1513 4262 1843 4330 reliquisque
1895 4266 2132 4320 aediliciis

560 4339 977 4408 succenderunt,
1003 4344 1134 4397 nihil
1163 4346 1231 4399 ibi
1255 4363 1444 4414 printer
1474 4349 1690 4403 humum
1722 4367 1940 4408 vacuam
1970 4356 2132 4410 relin-

552 4435 793 4493 quentes.

627 4516 864 4572 XXXIX.
895 4521 1056 4589 Igitur
1085 4523 1448 4595 Leudcgisilus
1477 4533 1689 4588 rediens
1716 4534 1778 4587 ad
1810 4545 1980 4590 castra
2010 4551 2129 4593 eum

554 4606 842 4663 Mummolo
886 4627 932 4667 et
968 4612 1278 4683 Sagittario,
1306 4618 1579 4676 Chariulfo
1601 4631 1655 4677 et
1677 4623 1974 4693 Waddone,
1998 4643 2132 4681 nun-

553 4699 656 4753 tios
684 4703 890 4758 occulte
919 4707 982 4759 ad
1018 4723 1194 4777 regem
1224 4710 1424 4779 dirigit,
1459 4698 1583 4782 quid
1611 4718 1677 4770 de
1722 4717 1801 4769 his
1832 4718 1945 4773 fieri
1980 4721 2124 4773 velit.

553 4795 622 4846 Αι
664 4792 756 4846 ille
782 4798 997 4865 capitali
1030 4816 1123 4855 eos
1163 4802 1323 4870 jussit
1379 4805 1533 4860 finire
1586 4810 1871 4867 sententia.
1921 4813 2128 4867 Waddo

553 4891 679 4937 tunc
705 4899 825 4939 cum
854 4888 1145 4958 Cltariulfo,
1173 4895 1372 4949 relictis
1397 4898 1517 4952 liliis
1544 4902 1836 4966 obsidibus,
1869 4904 2133 4959 discesse-

553 4987 677 5030 runt
705 4979 772 5032 ab
798 4980 897 5035 eis.
934 4982 1118 5036 Delato
1141 5004 1349 5056 qunque
1377 4993 1560 5044 nuntio
1584 4993 1649 5046 de
1679 4993 1867 5048 horum
1893 4994 2130 5065 interitu,

553 5082 673 5122 cum
704 5069 807 5125 huc
836 5074 1157 5132 Mummolus
1186 5081 1523 5145 advertisset,
1558 5086 1832 5141 accinctus
1862 5089 2024 5143 armis
2055 5099 2136 5143 tu-

552 5159 759 5224 gurium
792 5161 1109 5235 Leudegisili
1143 5171 1289 5237 petit.
1344 5171 1412 5225 At
1446 5174 1533 5227 ille
1582 5176 1768 5230 videns
1817 5172 1979 5244 eutn,‘
2014 5180 2129 5233 ait:

556 5248 693 5316 Quid
724 5254 824 5321 sic,
855 5257 1045 5327 inquit,
1076 5264 1225 5324 quasi
1256 5263 1462 5331 fugiens
1483 5268 1665 5322 venis?
1695 5269 1790 5324 Cui
1815 5270 1902 5325 ille
1931 5289 1942 5325 :
1974 5270 2134 5337 Nihil,

630 5436 658 5513 ς
683 5426 825 5513 god.
854 5434 1057 5513 (Στιξίιι.ἲ
1092 5440 1143 5493 in
1174 5443 1396 5500 civitate.

631 5493 883 5577 ξος-θείη..
914 5506 950 5558 ii
971 5493 1059 5577 qui
1088 5493 1417 5565 missi

631 5576 654 5603 ⁶
683 5568 961 5649 “Numam
982 5568 1124 5636 enim
1155 5581 1461 5639 lleccaredo
1483 5584 1678 5649 nupsit,
1704 5582 1883 5647 sicuti,
1916 5594 1974 5639 ut
1995 5586 2137 5638 vi-‘e-

558 5642 664 5703 tur,
694 5655 790 5695 nec
814 5641 1205 5705 Chlodosvinda
1235 5654 1481 5723 Sigibcrti
1508 5641 1635 5713 lilia.
1668 5641 1800 5711 Vide
1827 5641 1960 5712 intra
1982 5665 2135 5711 notas

2223 3166 2413 3228 ruisse,
2442 3166 2615 3217 onuiia
2651 3164 2866 3230 pandit,
2897 3163 3136 3231 dixitque
3166 3162 3391 3214 multum
3442 3160 3619 3213 adhuc
3661 3159 3799 3227 apud

2224 3260 2411 3313 urbem
2445 3260 2768 3311 AvenniCam
2819 3257 2929 3308 auri
2963 3267 3120 3321 atque
3148 3253 3350 3321 argenti
3382 3267 3524 3320 esse,
3575 3265 3699 3318 qua:
3735 3250 3800 3306 ad

2226 3351 2366 3415 regis
2411 3351 2649 3402 notitiam
2682 3364 2785 3400 non
2839 3348 3128 3399 venissent.
3179 3345 3474 3413 Statimque
3520 3344 3665 3396 misit
3709 3357 3801 3398 rex

2226 3444 2367 3494 viros
2395 3440 2481 3508 qui
2514 3442 2624 3491 hmc
2655 3438 2865 3491 deferre
2884 3439 3271 3492 tleherentcum
3299 3453 3403 3489 uno
3435 3451 3624 3503 puero,
3646 3450 3801 3503 quem

2228 3530 2380 3582 valde
2407 3528 2667 3582 creditum
2699 3528 3016 3580 Mummolus
3049 3527 3278 3585 habens,
3313 3526 3425 3578 htec
3454 3524 3503 3576 ei
3531 3538 3802 3579 commeo-

2228 3621 2471 3676 daverat.
2506 3621 2774 3673 Abeuntes
2806 3628 2980 3673 autem
3011 3625 3334 3685 acceperunt
3363 3617 3561 3680 omnia,
3606 3630 3724 3685 qua
3753 3616 3805 3669 in

2229 3716 2361 3768 urbe
2391 3715 2571 3768 relicta
2604 3712 2839 3768 fuerant.
2873 3712 3070 3765 Ferunt
3100 3722 3273 3765 autem
3306 3713 3535 3766 ducenta
3564 3720 3616 3766 et
3645 3711 3804 3778 quin-

2230 3809 2477 3875 quaginta
2512 3809 2705 3860 talenta
2753 3805 2955 3873 argenti
3005 3803 3192 3866 fuisse,
3245 3805 3358 3856 auri
3412 3817 3536 3857 vero
3580 3802 3807 3869 amplius

2230 3912 2388 3962 quam
2420 3896 2655 3959 triginta.
2686 3894 2790 3950 Sed
2825 3894 2957 3957 haec,
2988 3904 3044 3948 ut
3069 3894 3263 3951 ferunt,
3294 3894 3362 3945 de
3405 3903 3618 3959 reperto
3667 3893 3805 3943 anti-

2231 3978 2335 4059 quo
2383 3989 2634 4041 thesauro
2662 3988 2898 4040 abstulit.
2946 3985 3094 4053 Quod
3128 4001 3217 4039 rex
3250 3984 3477 4037 divisum
3509 3999 3628 4036 cum
3659 3981 3810 4035 Chil-

2231 4083 2452 4135 deberto
2482 4096 2605 4149 rege
2634 4090 2825 4141 nepote
2852 4095 2968 4136 suo.
3006 4090 3205 4143 partem
3233 4093 3381 4131 suam
3414 4077 3649 4130 maxime
3679 4089 3809 4139 pau-

2235 4172 2451 4241 peribus
2478 4181 2560 4224 est
2608 4171 2860 4237 largitus;
2892 4170 3100 4222 mulieri
3152 4178 3329 4223 autem
3376 4168 3506 4221 nihil
3560 4166 3817 4233 amplius.

2231 4280 2388 4333 quam
2416 4279 2476 4315 ea
2505 4279 2621 4330 quin
2647 4262 2711 4314 de
2743 4261 3042 4327 parentibus
3072 4261 3344 4323 habuerat,
3371 4260 3706 4324 relfnquens.

2304 4348 2618 4408 XLI."I‘unc
2647 4360 2699 4404 et
2722 4351 2878 4403 homo
2901 4350 2990 4404 ille
3019 4351 3257 4404 immensi
3275 4349 3513 4417 corporis
3540 4349 3604 4400 ad
3631 4363 3804 4417 regem

2160 4426 2305 4497 l)dc
2334 4442 2602 4495 Mummoli
2651 4440 3000 4494 fatuiliarihus
3049 4441 3305 4493 adductus
3350 4449 3449 4501 est,
3500 4439 3569 4491 ita
3624 4453 3813 4505 magno

2238 4548 2461 4601 corpore
2492 4535 2682 4594 elatus,
2716 4541 2772 4583 ut
2799 4530 2933 4583 duos
2962 4540 3054 4583 aut
3085 4540 3192 4583 tres
3224 4530 3384 4595 pedes
3412 4544 3573 4595 super
3617 4528 3811 4597 Iungisv

2237 4632 2403 4681 simos
2445 4626 2689 4679 homines
2741 4634 3018 4693 putaretur
3059 4638 3293 4693 magnus,
3344 4624 3596 4692 lignarius
3642 4620 3812 4689 faber,

2239 4720 2323 4788 qui
2356 4734 2457 4769 non
2482 4717 2649 4769 multo
2678 4727 2793 4784 post
2821 4717 2971 4769 obiit.

2305 4811 2468 4879 368
2494 4808 2651 4862 XLII.
2678 4806 2919 4860 Postlta-c
2940 4806 3165 4860 edictum
3188 4820 3214 4855 a
3228 4803 3495 4874 iudicibus
3517 4803 3698 4856 datum
3713 4811 3816 4867 est,
3856 4824 3861 4829 ·

2236 4910 2293 4953 ιιι
2323 4900 2410 4968 qui
2444 4903 2494 4953 in
2526 4899 2626 4953 hac
2653 4896 2990 4964 expeditione
3006 4896 3136 4948 tardi
3163 4895 3389 4960 fuerant,
3412 4896 3812 4948 damnarentur.

2241 4991 2530 5062 Biturigum
2565 5004 2777 5056 quoque
2822 5003 3003 5043 cautes
3034 4988 3177 5041 misit
3226 5001 3421 5055 pueros
3463 4978 3609 5047 Suos,
3662 4994 3719 5036 ιιι
3769 4984 3815 5035 ιιι

2238 5082 2397 5135 dumo
2428 5080 2566 5134 beati
2606 5079 2841 5144 Martini,
2873 5094 2989 5148 qum
3042 5079 3092 5130 in
3139 5078 3238 5129 hoc
3289 5075 3516 5128 termino
3560 5075 3659 5127 sita
3713 5083 3814 5134 est,

2240 5169 2539 5237 hujusmodi
2569 5168 2816 5224 homines
2839 5167 3067 5235 spoliare
3094 5164 3369 5219 deberent.
3402 5165 3507 5219 Sed
3535 5177 3700 5231 agens
3727 5164 3819 5214 do-

2242 5276 2360 5315 mus
2406 5260 2549 5313 illius
2591 5261 2843 5316 resistere
2882 5256 3095 5312 fortiter
3136 5258 3332 5325 cmpit,
3375 5257 3602 5311 dicens:
3636 5252 3820 5308 Sancti

2240 5441 2304 5495 ad
2348 5458 2467 5511 cap.
2495 5441 2567 5494 9.5
2603 5441 2697 5495 lib.
2733 5456 2805 5511 Ix.
2838 5437 2991 5511 Unde
3022 5445 3101 5511 tot
3128 5450 3393 5490 morarum
3422 5431 3606 5511 procul
3657 5427 3823 5482 dubio

2242 5504 2495 5579 pertazsus
2544 5510 2895 5573 Reccaredus,
2945 5507 3250 5562 Iladdouem
3313 5504 3620 5576 popularem
3667 5513 3821 5554 suam

2238 5584 2336 5637 sibi
2369 5583 2582 5637 tandem
2612 5579 2857 5651 Coniugio
2882 5579 3164 5649 copulavit.
3216 5648 3219 5652 >
