4096 6344
222 318 353 378 με

1134 310 1443 383 HISTORIA
1490 307 1931 365 FRANCOllUM.
1976 306 2575 406 LIBEPNSEPTIMUS.

3409 308 3514 364 μς

223 435 455 492 Martini
486 434 725 488 homines
756 429 790 483 ii
817 437 961 483 sunt.
996 426 1139 482 Nihil
1172 427 1251 481 eis
1271 425 1560 495 quidquam
1590 420 1828 476 iuferatis
1858 422 1903 477 Α
1933 415 2176 472 Graviter
2208 425 2330 471 tunc
2358 420 2713 495 negotiatores
2743 418 2994 488 populum
3022 419 3406 488 spoliaverunt,
3439 422 3513 479 ita

226 523 480 592 injuria,
527 521 650 589 quia
681 535 787 572 non
820 518 1119 571 habuerunt
1150 514 1593 569 consuetudinem
1622 510 1675 563 in
1707 510 1829 561 tali-

227 616 347 669 bus
375 612 552 667 causis
578 613 745 665 abire.
776 612 835 662 At
870 608 943 663 ili
965 610 1217 662 dixerunt
1243 624 1255 659 :
1282 605 1421 659 Nihil
1447 605 1600 657 nobis
1625 612 1677 654 et
1698 601 1831 653 Mar-

228 705 505 768 tinotuo,
533 717 691 768 quem
738 716 949 768 semper
991 701 1041 751 in
1088 698 1265 753 causis
1314 698 1541 750 inaniter
1574 692 1827 763 profers:

223 795 336 849 sed
371 806 422 846 et
453 802 505 846 tu
535 802 588 846 et
615 793 735 860 ipsi,
768 791 933 858 pretia
968 790 1271 843 dissolvens
1294 829 1306 849 ,
1338 802 1433 856 pro
1460 802 1526 840 eo
1569 783 1706 851 quod
1742 799 1831 836 re-

222 886 320 956 gis
352 885 633 952 imperium
665 882 994 949 neglexistis.
1054 882 1120 935 Et
1165 882 1280 934 hare
1326 879 1509 931 dicens
1556 876 1829 945 ingressus

222 991 323 1036 est
352 982 544 1034 atrium
577 978 789 1032 domus.
824 976 1073 1030 Protinus
1104 976 1288 1028 dolore
1316 984 1600 1041 percussus
1615 968 1826 1033 cecidit,

227 1087 290 1126 et
327 1073 562 1142 graviter
591 1085 752 1139 agere
782 1071 965 1137 rapit.
1011 1069 1421 1134 Conversusque
1470 1062 1534 1116 ad
1580 1069 1827 1131 agentem

226 1177 377 1216 voce
407 1161 566 1215 flebili
612 1163 733 1213 ait:
782 1160 930 1228 Rogo
974 1171 1027 1211 ut
1059 1156 1225 1236 facias
1268 1171 1428 1223 super
1478 1168 1562 1206 me
1614 1166 1827 1206 crucem

230 1252 480 1316 Domini,
507 1260 561 1305 et
590 1252 804 1304 invoees
832 1266 1023 1303 nomen
1047 1249 1185 1303 beati
1211 1245 1439 1301 Martini.
1474 1243 1624 1298 Nunc
1650 1252 1827 1295 autent

226 1342 489 1412 Cognovi,
523 1342 661 1412 quod
696 1357 883 1411 magna
940 1350 1023 1394 est
1068 1341 1236 1393 virtus
1281 1340 1435 1406 ejus;
1487 1352 1605 1389 nam
1653 1335 1829 1405 ingre-

228 1431 424 1483 diente
454 1446 537 1482 me
565 1430 754 1482 atrium
786 1430 997 1495 domus,
1028 1428 1135 1481 vidi
1166 1430 1333 1481 virum
1361 1442 1545 1480 senem
1570 1425 1829 1480 exhiben-

230 1530 349 1574 tem
381 1520 625 1573 arborem
656 1521 706 1572 in
741 1535 896 1573 manu
925 1534 1043 1587 sua,
1081 1533 1199 1585 qua:
1244 1532 1365 1570 mox
1399 1516 1632 1569 extensis
1661 1514 1825 1568 ramis

229 1627 403 1665 omne
434 1611 627 1664 atriutn
662 1610 812 1665 texit.
850 1611 919 1664 Ex
955 1626 1014 1663 i-a
1046 1612 1186 1663 enim
1218 1624 1353 1662 unus
1404 1625 1488 1662 me
1532 1606 1703 1675 attigit
1746 1621 1829 1659 ra-

236 1718 386 1767 mus,
418 1704 484 1757 de
509 1703 663 1769 cujus
706 1702 812 1756 ictu
843 1702 1084 1755 turbatus
1113 1701 1311 1754 corrui.
1348 1701 1413 1753 Et
1443 1700 1669 1753 innueiis
1716 1699 1826 1752 suis

1934 521 1984 561 ut
2012 509 2095 560 vix
2125 508 2205 560 vel
2264 482 2495 560 modium
2529 518 2550 545 ο
2575 523 2820 568 annonae,
2855 519 2947 561 aut
2996 508 3370 563 semimodium
3402 512 3512 567 vini

1933 617 2038 654 nuo
2080 600 2273 653 triante
2321 600 2724 653 venumdareut.
2780 600 3089 654 Stibdebant
3141 618 3199 654 se
3247 618 3509 671 pauperes

1930 691 2171 753 servitio,
2220 701 2275 744 ιιι
2312 694 2842 762 quantulumcunque
2878 697 2945 747 de
2989 693 3241 748 alimento
3271 694 3511 763 porrige-

1929 792 2046 837 rent
2071 779 2119 837 ἀ.

2000 872 2186 928 XLVI.
2220 873 2311 928 llis
2335 873 2525 929 diebus
2552 875 2971 942 Cltristopltorus
2994 875 3292 943 negotiator
3312 874 3375 926 ad
3404 880 3512 928 Au-

1932 968 2285 1023 relianensem
2316 967 2502 1020 urbem
2561 968 2714 1021 abiit.
2744 968 3000 1022 Audierat
3051 968 3215 1031 enim,
3273 966 3413 1034 quod
3444 982 3511 1021 eo

1932 1059 2158 1113 multum
2185 1058 2288 1110 vini
2314 1058 2544 1111 delatum
2570 1057 2776 1111 fuisset.
2809 1058 3010 1112 Abiens
3029 1074 3178 1126 ergo,
3204 1068 3513 1124 comparato

1931 1150 2076 1209 vino,
2101 1160 2159 1205 et.
2181 1148 2430 1202 lintribus
2470 1150 2681 1202 invecto
2702 1189 2717 1213 ,
2745 1160 2962 1215 accepta
3009 1164 3038 1202 a
3067 1164 3254 1203 socero
3286 1148 3508 1216 pecunia

1931 1241 2121 1305 multa,
2146 1257 2264 1295 cum
2288 1241 2495 1295 duobus
2521 1243 2701 1310 pueris
2726 1241 3034 1295 Saxonibus
3062 1243 3200 1294 viam
3224 1241 3507 1310 equitando

1934 1334 2159 1388 terebat.
2187 1334 2340 1387 Pueri
2369 1349 2497 1387 vero
2527 1334 2616 1387 diu
2642 1335 2916 1388 dominum
2967 1349 3186 1388 exosum
3223 1334 3502 1400 habebant,

1896 1476 1899 1479 .
1930 1436 1984 1479 et
2018 1426 2331 1495 plerumque
2364 1425 2603 1494 fugerant
2649 1426 2819 1490 illum,
2851 1440 2915 1478 eo
2938 1426 3077 1492 quod
3125 1426 3365 1479 crebrius
3385 1441 3503 1495 grav

1928 1516 2148 1571 vissinie
2178 1517 2606 1570 verberarentur.
2638 1518 2769 1569 tium
2827 1518 3101 1571 venissent
3145 1516 3196 1570 in
3226 1518 3508 1586 quamdam

1929 1609 2141 1671 silvam,
2170 1608 2507 1677 praecedente
2552 1609 2792 1672 domino,
2826 1623 2958 1676 puer
2997 1623 3133 1661 unus
3160 1608 3390 1671 jaculata
3417 1622 3509 1660 va-

1932 1701 2040 1755 lide
2066 1701 2248 1753 lancea
2274 1740 2289 1764 ,
2318 1702 2595 1753 dominum
2627 1716 2781 1753 suum
2840 1698 3123 1753 transﬁxit.
3149 1698 3266 1764 Quo
3296 1709 3507 1757 ruente.

235 1795 493 1860 rogabat,
526 1802 582 1846 ut
610 1794 899 1861 ejiceretur
927 1792 993 1845 de
1022 1792 1181 1844 atrio.
1230 1788 1492 1859 Egressus
1522 1799 1696 1842 autent
1748 1790 1826 1841 in-
1860 1780 1905 1839 Β
1931 1793 2067 1845 alius
2088 1808 2207 1845 cum
2260 1790 2460 1844 framea
2502 1802 2659 1858 caput
2715 1791 2833 1861 ejus
2874 1792 3204 1853 dilaceravit,
3236 1797 3289 1843 et
3338 1790 3418 1843 sic
3445 1789 3512 1841 ab

239 1900 440 1939 vocare
464 1900 656 1938 nomen
691 1884 827 1938 beati
861 1883 1067 1937 ﬂartini
1113 1882 1368 1937 attentius
1398 1884 1579 1951 t-(epit.
1615 1883 1689 1936 Ex
1724 1881 1825 1935 hoc

239 1979 389 2030 enim
420 1975 749 2029 commodius
779 1989 962 2043 agens.
996 1983 1212 2027 sanatus
1244 1981 1345 2027 est.

316 2064 497 2119 XLIII.
530 2064 836 2118 Desiderius
866 2080 993 2117 vero
1040 2062 1176 2115 infra
1224 2072 1517 2115 castrorum
1577 2061 1824 2114 munitio-

241 2173 366 2211 nem
396 2175 452 2209 se
485 2172 675 2225 resque
724 2172 849 2210 suas
893 2158 1099 2210 tutavit.
1158 2155 1361 2209 Waddo
1416 2156 1584 2223 major
1635 2156 1823 2208 domus

240 2248 528 2314 Rigunihis
556 2249 619 2301 ad
653 2248 1043 2300 Brunichildein
1070 2248 1302 2313 reginam
1330 2248 1562 2306 transiit,
1595 2256 1647 2300 et
1675 2248 1739 2298 ab
1761 2261 1822 2299 ea

240 2350 552 2409 susceptus,
585 2356 703 2393 cum
756 2340 1065 2393 muneribus
1105 2348 1157 2392 et
1194 2339 1359 2408 gratia
1412 2348 1494 2392 est
1541 2338 1818 2401 dimissus;

241 2435 542 2489 libariulfus
577 2434 846 2487 basilicam
878 2435 1043 2486 sancti
1075 2431 1281 2486 Martini
1310 2430 1529 2495 exiieliit
1560 2438 1606 2482 κ.

313 2525 494 2580 XLIV.
529 2526 649 2579 Fuit
680 2525 705 2563 δ
740 2536 864 2579 tunc
896 2524 1149 2593 temporis
1180 2524 1388 2587 mulier,
1425 2538 1540 2591 quae
1580 2521 1819 2588 spiritum

241 2619 494 2686 pythonis
542 2617 648 2689 [AL
697 2628 742 2668 et
782 2618 951 2685 infra,
1005 2612 1277 2685 pliytonis]
1328 2614 1545 2677 habens,
1598 2616 1818 2666 multum

240 2706 527 2770 prmstabat
554 2706 783 2759 dominis
808 2704 1092 2758 divinando
1113 2713 1402 2772 quiestnm;
1434 2719 1601 2769 eoque
1625 2704 1673 2755 iii
1700 2719 1820 2768 gra-

242 2800 311 2849 tia
346 2794 588 2862 profecit,
620 2804 676 2848 ut
700 2796 768 2849 ab
816 2796 898 2849 his
927 2795 1089 2847 libera
1124 2795 1278 2853 facta,
1308 2796 1420 2846 suis
1462 2793 1819 2847 voluntatibus

242 2891 533 2942 laxaretur.
568 2889 622 2944 Si
655 2894 773 2956 quis
806 2889 947 2942 enim
979 2898 1070 2940 aut
1099 2888 1316 2951 furtum,
1347 2897 1435 2939 aut
1465 2886 1662 2954 aliquid
1694 2887 1817 2939 mali

244 2978 524 3048 perferret,
555 2979 731 3032 statim
764 2980 876 3032 hrec
916 2994 1021 3046 quo
1050 2976 1133 3031 fur
1161 2978 1311 3038 abiit,
1341 2979 1423 3030 cui
1469 2978 1700 3040 tradidit,
1734 2978 1816 3031 vel

244 3072 366 3136 quid
394 3087 457 3125 ex
492 3070 592 3124 hoc
646 3070 847 3129 fecerit,
880 3070 1141 3122 edicebat.
1173 3068 1540 3137 Congregabat
1585 3068 1819 3134 quvititlie

244 3177 430 3215 aurum
460 3170 859 3230 argentumque.
891 3160 1184 3228 procedens
1215 3163 1263 3211 in
1288 3160 1636 3220 ornau'entis,
1672 3163 1738 3210 ita
1764 3168 1820 3211 ut
1848 3144 1893 3206 Ο

245 3263 520 3323 putaretur
550 3253 750 3320 aliquid
783 3266 901 3305 esse
929 3252 1163 3304 divinum
1214 3253 1265 3302 in
1299 3251 1521 3319 populis.
1564 3250 1669 3304 Sed
1699 3264 1818 3303 cum

244 3348 465 3416 Agerico
498 3346 839 3399 \‘iiidtmensi
870 3345 1122 3413 episc0po
1153 3344 1266 3397 hmc
1292 3346 1525 3397 nuntiata
1570 3342 1815 3407 fuissem,

244 3440 389 3491 misit
424 3439 584 3509 369
612 3441 676 3491 ad
708 3438 1270 3506 comprehendendum
1303 3452 1441 3492 eam.
1482 3440 1592 3503 Qua
1631 3453 1819 3504 appre-

246 3526 406 3581 hensa
440 3537 490 3580 et
521 3530 583 3579 ad
610 3544 667 3579 se
698 3528 943 3589 adducti,
972 3525 1122 3593 juxta
1156 3527 1205 3577 id
1234 3527 1371 3590 quod
1418 3527 1467 3576 in
1498 3526 1717 3578 Aetibus
1746 3526 1821 3579 le-

242 3620 411 3686 gimus
460 3618 762 3686 apostolicis
792 3618 941 3687 (Act.
976 3632 1083 3679 μοι,
1124 3617 1238 3678 l6),
1270 3618 1516 3684 cognovit
1545 3616 1594 3668 in
1626 3631 1684 3669 ea
1718 3615 1819 3668 im-

243 3710 497 3763 mundum
528 3711 770 3778 spiritum
796 3726 912 3762 esse
944 3708 1211 3779 pythouis.
1240 3708 1477 3776 Denique
1505 3723 1625 3762 cum
1657 3724 1815 3762 exor-

242 3801 465 3853 cistnum
512 3814 673 3869 super
702 3816 817 3854 eam
848 3800 1069 3863 diceret,
1118 3815 1181 3853 ac
1226 3799 1452 3852 frontem
1509 3800 1650 3852 illius
1696 3800 1818 3852 oleo

242 3902 427 3946 sancto
466 3903 817 3961 perungeret,
868 3892 1185 3946 exclamavit
1213 3892 1557 3957 daemonium,
1590 3901 1643 3946 et
1689 3893 1816 3960 quid

242 3993 385 4037 esset
412 3984 644 4049 prodidit
674 3983 959 4037 sacerdoti.
996 3982 1099 4037 Sed
1128 3998 1250 4036 cum
1284 3997 1377 4048 per
1406 3997 1527 4035 eum
1559 3998 1586 4035 a
1644 3984 1818 4050 puella

243 4089 348 4126 non
379 4075 772 4140 extruderetur,
802 4073 952 4127 abire
983 4073 1238 4141 permissa
1271 4081 1371 4125 est.
1403 4070 1641 4125 Cernetis
1688 4086 1817 4126 vero

244 4166 439 4233 puella,
470 4164 607 4232 quod
633 4168 681 4217 in
708 4166 825 4217 loco
852 4164 939 4217 illo
962 4164 1200 4215 habitare
1229 4177 1331 4215 non
1363 4170 1567 4229 posset,
1596 4162 1660 4214 ad
1689 4162 1817 4216 Fre-

242 4257 542 4325 degundetn
573 4259 810 4325 reginam
840 4257 991 4325 abiit,
1023 4255 1201 4323 ibique
1238 4264 1293 4308 et
1322 4254 1491 4307 latuit.

318 4349 474 4403 XLV.
508 4349 692 4417 Magna
734 4349 834 4403 hoc
872 4364 1013 4400 anno
1064 4345 1232 4399 fames
1258 4360 1393 4415 pene
1432 4345 1631 4399 Gallias
1678 4353 1817 4397 totas

243 4442 547 4512 oppressit;
586 4457 705 4495 nam
739 4442 948 4507 plurimi
985 4455 1204 4492 uvarum
1236 4439 1459 4502 semina,
1490 4436 1649 4491 liores
1672 4438 1818 4491 avel-

1933 1893 2159 1951 utroque
2200 1883 2251 1935 in
2286 1882 2451 1935 frusta
2498 1881 2730 1940 decisus.
2756 1880 3020 1935 exanimis
3043 1890 3126 1934 est
3178 1880 3414 1935 relictus.
3450 1880 3510 1935 lli

1929 1988 2058 2026 vero
2090 1973 2418 2041 accipientes
2451 1973 2753 2037 pecuniam,
2790 1975 2906 2042 luga
2940 1971 3127 2037 dilapsi
3150 1979 3292 2023 sunt.
3328 1970 3511 2023 Frater

1902 2050 1903 2053 η
1931 2080 2056 2117 vero
2085 2064 2481 2129 Christoiihori,
2509 2065 2719 2132 sepulto
2735 2063 3073 2131 corpusculo,
3112 2064 3355 2116 homines
3384 2076 3511 2114 suos

1926 2165 2048 2225 post
2074 2170 2269 2224 pueros
2298 2154 2478 2225 dirigit
2518 2173 2531 2209 :
2558 2155 2645 2222 qui
2668 2153 2939 2222 junioretn
2973 2154 3415 2221 ceinprehensum
3449 2150 3510 2203 li-

1926 2257 2072 2315 gant,
2117 2248 2330 2299 seniore
2379 2262 2497 2299 cum
2530 2247 2747 2314 pecunia
2806 2245 3062 2313 fugiente.
3095 2244 3257 2313 370
3300 2242 3502 2308 Quibus

1929 2336 2294 2400 redeuniibus,
2322 2350 2441 2390 eum
2468 2335 2884 2389 vinctumlaxitts
2906 2337 3265 2402 reliquissent,
3292 2342 3507 2400 accepta

1927 2430 2106 2483 lancea
2142 2446 2303 2482 unum
2334 2446 2400 2481 ex
2433 2428 2516 2482 Itis
2564 2444 2593 2481 a
2647 2427 2837 2497 quibus
2892 2427 3281 2487 adducebatur,
3336 2425 3504 2477 inter-

1925 2524 2073 2577 emit.
2100 2523 2202 2574 Sed
2230 2522 2486 2575 deductns
2515 2521 2583 2574 ab
2625 2521 2747 2571 aliis
2794 2533 2962 2586 usque
2996 2519 3248 2581 Turonis,
3281 2515 3507 2569 diversis

1924 2613 2200 2681 suppliciis
2250 2612 2473 2665 allectus
2501 2652 2516 2673 ,
2562 2612 3031 2678 ilctruttcatusqne,
3086 2609 3320 2678 patibulo
3351 2606 3507 2662 valde

1923 2706 2182 2761 exanimis
2212 2714 2235 2741 ⁸
2268 2714 2348 2758 est
2369 2720 2653 2773 appensus.

1995 2797 2203 2853 XLVII.
2238 2798 2429 2851 Gravia
2464 2804 2589 2849 tunc
2615 2798 2751 2848 inter
2774 2794 3067 2847 Turouieos
3091 2794 3233 2846 cives
3264 2791 3400 2843 bella
3428 2790 3506 2843 ci-

1924 2889 2047 2941 vilia
2078 2896 2450 2942 surrexerunt.
2486 2887 2617 2939 Nam
2658 2886 2951 2948 Sicbarius,
2987 2884 3205 2938 Joannis
3236 2882 3502 2948 quondam

1925 2982 2085 3046 ﬁlius,
2116 2982 2237 3033 dmn
2264 2982 2454 3032 natalis
2487 2978 2745 3032 Dominici
2784 2977 3040 3029 solemnia
3074 2974 3211 3041 apud
3244 2973 3501 3025 Montalo-

1926 3088 2229 3143 mageusem
2269 3070 2285 3108 τ
2321 3073 2489 3124 vicum
2520 3086 2641 3124 eum
2677 3068 3028 3136 Austregisilo
3066 3066 3391 3134 reliquisque
3414 3078 3506 3131 pa.

1923 3167 2179 3236 gensibus
2219 3165 2533 3228 celebraret,
2564 3163 2841 3231 presbyter
2868 3162 2967 3214 loci
3014 3160 3159 3212 misit
3185 3172 3402 3225 puerum
3434 3157 3501 3210 ad

1922 3258 2219 3325 aliquorum
2251 3254 2525 3307 hominum
2559 3252 2947 3313 invitationem,
2978 3260 3036 3302 ut
3062 3248 3123 3301 ad
3143 3247 3358 3301 domum
3386 3246 3504 3314 ejus

1922 3346 2134 3402 bibendi
2165 3350 2331 3417 gxatia
2365 3346 2547 3399 venire
2570 3344 2848 3398 deberent.
2878 3340 3138 3395 Veniente
3162 3354 3286 3391 vero
3317 3352 3503 3405 puero,

1924 3456 2059 3496 unus
2091 3456 2154 3495 ex
2186 3442 2257 3493 hi.
2298 3441 2386 3507 qui
2434 3439 2813 3499 imitabantur,
2862 3430 3103 3489 extracto
3158 3433 3333 3501 gladio
3381 3444 3501 3481 eum

1922 3534 2083 3588 ferire
2110 3548 2215 3586 non
2245 3532 2431 3584 metuit
2463 3548 2476 3581 :
2508 3530 2596 3597 qui
2623 3541 2800 3581 Slallllt
2833 3526 3025 3580 cecmit
3055 3534 3106 3577 et
3133 3532 3373 3576 mortuus
3395 3530 3503 3574 est.

1920 3628 2072 3695 Quod
2126 3644 2245 3681 cum
2300 3626 2575 3682 Sicbarius
2627 3625 2903 3688 audisset,
2960 3620 3049 3690 qui
3089 3618 3351 3673 amicitiis
3381 3629 3501 3669 cum

1923 3723 2238 3791 presbytero
2285 3719 2571 3783 retinebat,
2601 3716 2741 3783 quod
2787 3715 2991 3767 scilicet
3025 3728 3153 3780 puer
3201 3711 3315 3777 ejus
3349 3706 3503 3762 fuerit

1922 3811 2255 3874 interfectus,
2285 3808 2513 3876 arreptis
2558 3808 2722 3860 armis
2751 3807 3035 3858 ecclesiam
3082 3802 3251 3870 petiit,
3280 3808 3501 3853 Austre-

1920 3904 2130 3973 gisilum
2198 3902 2469 3969 operiens.
2521 3899 2615 3952 Ille
2669 3908 2843 3949 autem
2874 3897 2987 3948 ll'Jtc
3038 3895 3282 3957 audens,
3309 3905 3498 3959 appre—

1922 4000 2094 4050 henso
2125 4009 2394 4048 armorum
2425 4003 2702 4059 apparatu,
2738 4000 2919 4041 contra
2951 4002 3070 4038 eum
3120 3982 3339 4052 dirigit:
3375 3982 3501 4034 mis-

1927 4089 2098 4155 tisque
2123 4085 2397 4147 omnibus,
2428 4096 2546 4134 eum
2578 4095 2636 4132 se
2682 4093 2802 4146 pars
2830 4087 3052 4140 Utraque
3085 4073 3380 4136 collideret,
3407 4068 3496 4124 Si—

1918 4177 2135 4230 charius
2165 4176 2304 4227 inter
2328 4172 2552 4226 clericos
2584 4180 2818 4237 ereptus,
2855 4167 2918 4219 ad
2949 4166 3130 4219 villam
3177 4179 3327 4217 suam
3362 4161 3497 4217 elfu~

1920 4267 2014 4337 git,
2039 4264 2239 4319 relictis
2265 4265 2318 4317 in
2349 4263 2510 4315 domo
2550 4258 2873 4330 presbyteri,
2906 4273 3025 4312 cum
3056 4263 3281 4324 argento
3304 4262 3359 4308 et
3384 4271 3494 4308 ves.

1921 4356 2196 4420 timentis,
2248 4365 2479 4424 quatuor
2526 4352 2706 4422 pueris
2745 4349 3016 4403 saueiatis.
3073 4351 3190 4414 Quo
3241 4345 3499 4414 fugiente,

1921 4447 2503 4516 Austregisilusiterum
2533 4446 2762 4505 irruens,
2789 4440 3080 4496 interfectis
3095 4438 3292 4508 pueris,
3313 4454 3499 4494 anruut

243 4535 500 4596 lanarum,
526 4533 763 4587 nonnulli
794 4534 1001 4585 radices
1034 4531 1211 4584 herbae
1242 4529 1395 4584 filicis
1423 4530 1704 4596 arefactas,
1734 4547 1817 4584 re-

1924 4515 2305 4607 argentumqne
2323 4552 2441 4590 cum
2473 4536 2689 4604 reliquis
2719 4534 2876 4588 rebus
2897 4531 3130 4585 abstulit.
3160 4530 3363 4584 Dehinc
3378 4544 3499 4585 cum

243 4625 529 4695 dacmsque
553 4630 601 4681 in
636 4628 907 4694 pulverem
932 4668 943 4685 ,
976 4626 1331 4679 admiscentes
1374 4640 1556 4693 parum
1608 4626 1811 4691 farinae,

245 4733 432 4788 panem
463 4720 848 4783 conficiebant;
899 4719 1048 4771 multi
1093 4719 1252 4771 etiam
1307 4716 1521 4770 herbam
1577 4726 1813 4785 segetum

242 4811 579 4873 decidentes,
603 4811 850 4863 similiter
882 4809 1163 4862 faciebant.
1194 4808 1426 4862 Fuerunt
1454 4809 1613 4860 etiam
1643 4806 1812 4873 ntnlti,

244 4902 429 4971 quibus
456 4916 560 4954 non
583 4910 699 4955 erat
728 4899 925 4969 aliquid
947 4900 1150 4963 farinae,
1176 4900 1264 4967 qui
1295 4900 1533 4952 diversas
1560 4900 1813 4969 colligen-

244 5006 321 5049 tes
344 4995 560 5052 herbas.
589 5004 641 5046 et
655 4993 1000 5047 eotnedentes
1031 4991 1297 5043 tumefacti
1321 4990 1660 5046 deficiebant.
1694 4991 1812 5044 Plu—

246 5086 363 5141 rimi
395 5086 534 5139 enim
570 5096 692 5139 tunc
733 5101 796 5138 ex
843 5083 1013 5137 inedia
1059 5083 1412 5146 tabescentes,
1446 5083 1638 5135 mortui
1668 5092 1811 5134 sunt.

326 5253 351 5280 ³·
377 5244 470 5297 Ilie
499 5242 764 5305 designari
789 5239 974 5292 volunt
1003 5237 1282 5292 ecclesiam
1312 5237 1479 5290 sancti
1510 5237 1719 5292 Martini
1750 5239 1816 5293 de

244 5314 484 5375 Leriaco,
521 5313 781 5379 hodieque
828 5311 1051 5375 collegio
1085 5308 1459 5379 canonicornm
1481 5308 1813 5379 Ainsignitam

243 5384 377 5443 apud
408 5377 708 5455 Bituriges,
729 5382 828 5436 sub
866 5377 1232 5449 jurisdictione
1278 5377 1445 5431 sancti
1478 5377 1685 5432 Martini
1712 5379 1818 5433 Tit-

246 5470 504 5510 I'OIH’IISIS.
1478 5474 1487 5481 °

321 5534 346 5571 b
373 5526 482 5578 Iioe
508 5530 668 5591 caput
694 5522 844 5574 deest
872 5521 922 5572 in
946 5520 1100 5573 Coto.
1125 5534 1175 5574 a.
1207 5528 1258 5573 et
1290 5516 1408 5571 Vat.

322 5616 343 5641 ε
370 5596 523 5648 Colb.
551 5612 623 5653 a..
647 5596 722 5646 vet
753 5594 1029 5644 modicum.

321 5674 345 5714 d
375 5666 467 5719 Hic
497 5666 693 5719 desinit
725 5664 857 5715 liber
889 5677 957 5713 vit
983 5662 1038 5713 in
1072 5659 1189 5715 Vat.
1217 5668 1270 5716 et
1307 5658 1460 5715 Coll).
1491 5675 1567 5724 3.,
1600 5668 1651 5715 cl
1677 5659 1727 5714 itt
1754 5658 1816 5713 iis

246 5738 432 5794 desunt
463 5736 573 5789 duo
602 5735 771 5803 capita
800 5730 1098 5801 sequentia.

1924 4633 1975 4686 in
2003 4630 2205 4701 judicio
2248 4629 2443 4683 civium
2475 4628 2870 4688 convenissent,
2901 4635 2957 4680 et
2997 4635 3319 4693 praeceptum
3359 4630 3503 4679 esset

1926 4738 1982 4782 ut
2026 4726 2426 4795 Austrcgisilus,
2458 4723 2545 4789 qni
2598 4721 2863 4775 homicida
2916 4731 3049 4784 erat,
3099 4731 3155 4774 et
3206 4720 3501 4774 interfectis

1926 4824 2101 4890 pueris
2130 4835 2217 4874 res
2258 4819 2373 4871 sine
2405 4815 2669 4870 audientia
2694 4823 2717 4859 ε
2748 4814 3066 4881 diripuerat,
3098 4828 3319 4865 censura
3346 4810 3497 4879 legali

1924 4912 2391 4965 condemnaretur.
2432 4909 2565 4963 Inito
2624 4906 2817 4975 placito
2863 4905 3043 4971 paucis
3097 4905 3232 4959 infra
3283 4903 3534 4967 diebus,‘

1922 5005 2196 5060 Sicharitis
2223 5005 2445 5059 audii-ns
2492 5003 2630 5067 quod
2683 5014 2768 5052 res
2799 5013 2930 5066 quas
2960 4997 3341 5064 Austregisiltts
3370 4994 3498 5047 diri-

1922 5106 2129 5166 puerat,
2164 5110 2282 5145 cum
2318 5096 2540 5146 Aunone
2562 5100 2616 5144 et
2668 5090 2776 5142 lilio
2798 5099 2959 5156 atque
2980 5089 3097 5155 ejus
3146 5086 3311 5140 fratre
3362 5085 3498 5138 Ebe—

1996 5258 2019 5285 °
2050 5248 2260 5315 Iiegm.,
2292 5244 2518 5315 patibulo
2544 5252 2615 5295 es!
2638 5258 2913 5311 appetistis.

1998 5316 2018 5356 ί
2043 5304 2211 5371 Locus
2235 5304 2369 5379 ap'nd
2395 5314 2635 5367 Turonos
2673 5304 2821 5365 "satis
2873 5308 3119 5371 celebris,
3152 5304 3481 5379 vnlgollgm-

1925 5390 2082 5445 lelun.
2108 5388 2183 5441 Ilii
2231 5377 2519 5451 I‘erpetuus
2559 5384 2839 5437 ecclesiam
2869 5379 3173 5443 aedificavit,
3201 5388 3256 5431 ut
3300 5377 3477 5432 dicittl

1923 5461 2057 5514 infra
2090 5458 2180 5511 lib.
2211 5474 2260 5513 Χ.
2289 5472 2406 5521 cap.
2441 5455 2646 5506 ultimo.

1996 5540 2019 5577 is
2046 5529 2196 5595 Apud
2220 5515 2459 5581 Marcidf.
2490 5523 2581 5595 lib.
2610 5518 2877 5595 t,_cap._28
2898 5561 2914 5584 ,
2938 5525 3114 5595 exstat
3135 5515 3495 5595 Formula_au-

1922 5588 2200 5660 dieniinlis,
2231 5613 2330 5665 qua
2353 5594 2559 5665 quisad
2587 5590 3207 5665 prineipis_pra:s_eutiam
3234 5588 3496 5644 accedere

1920 5673 2231 5739 cogebatur,
2250 5660 2318 5720 ad
2350 5660 2573 5736 quodvis
2601 5664 2793 5715 factum
2825 5660 3235 5717 discutiendum.
