4096 6344
652 314 748 370 N7
1564 314 1569 319 ’
1605 305 1662 361 8.
1704 302 2025 359 CREGORII
2068 302 2372 359 El‘lSCUl‘l
2415 305 2861 387 'l‘ljllONrNSlS
3847 306 3959 361 με

649 431 786 487 rull‘n
842 428 1220 485 retinerentur,
1268 421 1568 491 postposito
1642 421 1857 489 placito,
1910 421 2229 488 conjunctus
2260 430 2303 482 Α
2332 421 2575 491 Cumque
2603 438 2841 483 servum,
2868 432 2923 475 ut
2967 430 3245 476 exerceret
3272 434 3491 491 operam
3524 435 3949 489 commonent,

650 526 883 590 Audino,
918 532 1059 577 mota
1087 518 1371 578 seditione,
1395 529 1513 568 cum
1560 515 1781 569 armatis
1808 514 1936 567 viris
1960 515 2117 567 irruit
2141 529 2232 567 su-
2336 514 2646 580 elevataque
2671 516 2814 581 virga
2843 512 3035 565 ictibus
3058 511 3385 577 verberaret,
3416 512 3507 566 ille
3535 522 3801 566 extracto
3832 513 3949 566 bal—

650 632 746 684 per
774 630 868 669 eos
893 623 1076 674 nocte,
1108 608 1346 675 elisaque
1373 606 1603 674 hospitio
1655 604 1706 659 in
1731 619 1837 674 quo
1870 604 2230 674 dormiebant,
2338 604 2407 657 tei
2462 604 2637 673 gladio
2673 604 2949 655 dominum
3004 602 3248 655 sauciare
3290 618 3395 655 non
3443 603 3659 656 metuit.
3719 603 3858 667 Quo
3890 604 3942 657 in

612 704 616 708 ’
653 718 855 774 patrem
884 718 1003 757 cum
1066 700 1228 752 fratre
1254 706 1310 750 et
1368 699 1479 751 filio
1510 696 1801 759 interemit,
1829 710 2020 763 resque
2049 710 2233 747 eorum
2336 705 2537 748 terram
2569 704 2783 760 ruente,
2815 705 3097 749 currentes
3126 696 3283 748 amici
3327 694 3738 762 apprehensum
3773 695 3945 767 372

650 814 770 849 cum
800 793 1078 861 pecmibns
1100 830 1113 854 ,
1147 788 1551 856 interlectisque
1582 788 1776 849 servis,
1807 785 2045 839 abduxit.
2081 784 2232 851 Quod
2342 801 2555 841 servum
2603 786 2893 841 crudeliter
2915 802 3136 851 exesum,
3168 791 3423 841 truncatis
3466 786 3726 839 manibus
3752 798 3818 841 et
3853 804 3947 855 pe-

651 902 749 939 nus
778 886 1079 945 audientes,
1108 881 1455 934 vehementer
1492 894 1557 932 ex
1593 878 1692 931 hoc
1724 876 1958 941 molesti,
1982 876 2234 943 adjuncto
2334 878 2512 941 dibus,
2545 877 2781 947 patibulo
2806 880 3212 933 damnaverunt.
3242 880 3455 933 Interim
3480 895 3652 933 sonus
3678 880 3736 932 in
3760 878 3943 933 Turo-

649 979 849 1044 judice,
880 974 1136 1029 mittimus
1161 971 1225 1025 ad
1256 988 1350 1026 eos
1375 970 1715 1039 legationem,
1752 970 1873 1021 utin
1902 968 2066 1021 nostri
2100 982 2235 1035 prte-
2337 977 2511 1027 nicum
2540 975 2671 1028 exiit
2700 972 3001 1029 Sicharium
3027 974 3188 1027 fuisse
3217 972 3546 1026 defunctum.
3573 972 3718 1027 Cum
3750 984 3940 1026 autem

610 1070 613 1071 ⁷
648 1070 870 1121 sentiam
906 1068 1203 1126 venientes,
1232 1073 1450 1131 accepta
1499 1062 1705 1115 ratione
1749 1076 1867 1114 cum
1916 1075 2044 1128 pace
2073 1060 2231 1130 37],
2337 1066 2451 1121 inec
2473 1066 2918 1120 Cliramnisiudus
2948 1065 3212 1126 audisset.
3235 1066 3579 1117 communitis
3612 1065 3941 1131 parentibus

648 1158 1005 1223 discederent,
1041 1172 1107 1211 ne
1152 1155 1383 1223 jurgium
1419 1154 1470 1205 in
1515 1153 1746 1221 arnplins
1775 1152 2076 1217 pullularet.
2101 1150 2231 1213 Oui-
2335 1169 2387 1211 et
2409 1159 2615 1219 amicis,
2648 1158 2711 1210 ad
2744 1158 2959 1211 domum
2991 1157 3107 1224 ejus
3134 1168 3405 1225 properat.
3430 1156 3640 1222 Quibus
3666 1158 3937 1224 spoliatis,

614 1250 619 1259 ’
647 1252 747 1305 bus
784 1249 1139 1312 venientibus,
1166 1245 1569 1313 conjunctisque
1599 1242 1825 1306 civibus,
1858 1256 1958 1308 ego
1980 1242 2064 1293 aio
2092 1258 2103 1291 :
2130 1239 2233 1294 No-
2338 1249 2676 1316 interemptis
2702 1247 2972 1301 nonnullis
3009 1262 3308 1312 servorum,
3351 1247 3542 1301 domus
3571 1264 3800 1313 omnes,
3836 1259 3935 1302 tam

645 1346 763 1411 lite,
792 1360 823 1397 ο
846 1344 969 1406 viri,
999 1344 1049 1395 in
1074 1342 1368 1395 sceleribus
1397 1340 1658 1408 prolicere
1678 1378 1693 1401 ,
1724 1353 1789 1390 ne
1813 1337 2010 1389 malum
2039 1339 2087 1387 in
2112 1335 2232 1388 lon-

2335 1342 2561 1395 Sicbarii
2591 1358 2753 1409 quam
2786 1341 3135 1409 reliquorum,
3172 1343 3259 1409 qui
3289 1341 3578 1409 participes
3600 1343 3770 1410 bnjus
3800 1344 3934 1398 villa

645 1440 763 1507 gius
812 1436 1156 1489 extendatur.
1188 1431 1522 1486 Perdidimus
1569 1431 1713 1484 enim
1767 1431 2009 1483 ecclesia:
2048 1429 2183 1480 filios
2216 1444 2230 1481 :
2336 1442 2512 1496 erant,
2538 1431 2783 1485 incendio
2798 1432 3180 1495 concremavit,
3204 1432 3472 1486 abducens
3500 1448 3691 1486 secum
3718 1449 3933 1502 pecora,

645 1528 932 1581 metuimus
966 1540 1130 1587 nunc,
1161 1540 1227 1579 ne
1250 1533 1307 1578 et
1334 1526 1451 1577 aliis
1481 1525 1530 1577 in
1561 1524 1659 1576 hac
1711 1522 2006 1576 intentione
2052 1535 2232 1573 carea-
2338 1536 2389 1578 et
2422 1541 2751 1594 qumcunque
2802 1540 3018 1579 movere
3072 1526 3268 1594 potuit.
3293 1526 3441 1579 Tunc
3482 1537 3669 1594 partes
3700 1542 3732 1579 a
3757 1528 3932 1595 judice

646 1637 786 1673 mus.
852 1620 1053 1681 Estote,
1086 1632 1290 1685 qumso,
1328 1616 1553 1684 paciﬁci,
1589 1623 1643 1667 et
1687 1616 1774 1683 qui
1827 1613 2020 1665 malum
2072 1611 2237 1681 gessh
2340 1618 2405 1670 ad
2433 1618 2705 1670 civitatem
2740 1616 2982 1669 deducta:
3011 1630 3199 1669 causas
3231 1616 3476 1685 praprias
3500 1618 3931 1685 proloquuntur;

645 1719 819 1764 stante
857 1712 1119 1764 cbaritate
1167 1720 1473 1777 componat,
1507 1717 1563 1760 ut
1590 1708 1708 1760 sitis
1755 1705 1846 1757 lilii
1893 1704 2117 1770 pa'cilici,
2144 1704 2231 1771 qui
2343 1709 2724 1775 inventumque
2752 1718 2884 1762 esta
2931 1709 3225 1777 jndicibus,
3262 1718 3320 1762 ut
3352 1708 3441 1778 qui
3469 1709 3661 1762 nolens
3686 1711 3930 1777 accipere

646 1806 788 1873 digni
819 1806 933 1858 sitis
960 1819 1179 1874 regnum
1229 1804 1342 1865 Dei,
1376 1802 1492 1868 ipso
1526 1800 1748 1853 Domino
1795 1799 2078 1861 tribuente.
2112 1812 2228 1864 ρετ·
2265 1815 2307 1873 Β
2337 1806 2479 1872 prius
2506 1804 2950 1870 compositionem
3008 1802 3198 1856 domos
3234 1802 3496 1857 incendiis
3542 1804 3793 1869 tradidit,
3827 1822 3931 1859 tne-

646 1899 842 1964 eipere.
876 1896 967 1949 Sic
995 1895 1133 1947 enim
1169 1894 1283 1959 ipse
1305 1894 1379 1945 ait
1408 1908 1421 1947 :
1454 1892 1597 1944 Beati
1627 1890 1856 1957 paciﬁci,
1882 1889 2125 1957 quoniam
2152 1888 2227 1956 ip-
2338 1895 2589 1947 dietatem
2618 1892 2798 1960 pretii,
2822 1893 2961 1961 quod
2994 1893 3042 1946 ei
3076 1893 3248 1947 fuerat
3272 1893 3598 1962 judicatum,
3633 1896 3927 1951 amitteret.

615 1968 619 1973 ’
648 2002 812 2037 torum
845 1997 914 2037 est
944 2000 1155 2053 regnum
1180 1982 1423 2035 caelorum
1454 1981 1666 2051 (Matth.
1703 1996 1752 2045 ν,
1779 1980 1859 2047 9).
1895 1979 2032 2033 Ecce
2059 1979 2224 2041 enim,
2340 1985 2405 2039 Ει
2437 1988 2536 2039 huc
2565 1994 2751 2038 contra
2781 1985 2924 2053 leges
2958 1994 3153 2045 actum,
3174 1995 3229 2037 υι
3258 1995 3457 2038 tantum
3491 1986 3708 2053 paciﬁci
3741 1988 3929 2041 redde.

648 2076 739 2129 Bisi
771 2076 841 2127 illi
870 2076 1127 2142 quinoxn:
1155 2074 1611 2139 subditur,mittor
1636 2081 1717 2125 est
1739 2070 1981 2134 facultas,
2006 2078 2227 2138 argento
2337 2088 2543 2138 remur,
2578 2078 2734 2129 aliam
2767 2091 2894 2129 vero
2925 2076 3265 2129 medietatem
3297 2077 3715 2144 compositionis
3747 2077 3929 2130 Siclu.

648 2168 881 2220 ecclesia:
910 2166 1200 2219 redimetur
1234 2183 1245 2214 :
1281 2163 1491 2217 interim
1532 2166 1709 2216 anima
1738 2163 1834 2214 viri
1886 2177 1989 2214 non
2022 2169 2225 2226 pereat.
2336 2169 2450 2222 rius
2480 2168 2749 2221 redderet.
2777 2166 2927 2219 Tunc
2966 2166 3090 2219 dato
3129 2167 3196 2219 ab
3252 2167 3479 2220 ecclesia
3536 2178 3791 2236 argento,
3816 2184 3928 2238 quae

646 2258 706 2311 Et
740 2262 851 2312 haec
894 2262 1099 2322 dicens,
1129 2258 1295 2309 obtuli
1346 2268 1624 2325 argentum
1683 2255 1925 2309 ecclesie
1948 2270 1960 2318 ;
1987 2253 2081 2305 sed
2109 2266 2231 2321 pars
2333 2257 2706 2325 judicaverant
2753 2267 2971 2324 accepta
3023 2258 3312 2312 securitate
3341 2256 3368 2295 ι’
3396 2269 3759 2327 componunt,
3796 2262 3927 2315 datis

647 2348 1057 2411 Cbramnisindi,
1083 2364 1199 2416 qute
1224 2359 1449 2401 moitem
1480 2349 1642 2415 patris
1669 2348 1952 2414 fratrisque
1976 2354 2030 2399 et
2056 2345 2226 2413 patrui
2333 2348 2433 2401 sibi
2467 2357 2644 2413 partes
2692 2347 2918 2400 invicem
2977 2348 3349 2413 sacramentis,
3384 2358 3441 2401 ut
3487 2350 3640 2402 nullo
3693 2366 3923 2417 unquam

647 2442 971 2507 requirebat,
1005 2442 1249 2508 accipere
1280 2441 1447 2493 noluit
1482 2449 1526 2490 α.
1558 2440 1648 2492 llis
1686 2437 2111 2500 discedentibus,
2140 2438 2225 2491 Si-
2334 2448 2573 2506 tempore
2627 2449 2810 2492 contra
2842 2440 3064 2493 alteram
3116 2454 3236 2505 pars
3287 2442 3450 2494 altera
3488 2442 3848 2498 tnussitaret:
3876 2456 3926 2499 et

648 2530 855 2583 clrarius
888 2534 990 2583 iter
1014 2543 1069 2584 ut
1105 2532 1169 2584 ad
1202 2548 1379 2600 regem
1423 2532 1722 2584 ambularet
1764 2541 2044 2598 prmparnl,
2079 2541 2131 2584 et
2157 2531 2228 2585 ob
2331 2530 2409 2585 sic
2432 2531 2710 2583 altercatio
2738 2530 3022 2583 terminum
3055 2517 3204 2583 fecit.

649 2620 749 2671 hoc
773 2621 1045 2671 Pictavum
1082 2621 1146 2672 ad
1194 2636 1412 2673 uxorem
1467 2622 1787 2673 cernendam
1844 2622 2221 2687 proficiscitur.

652 2697 3924 2727 _____._—___________~__—_________________l_——————————_——_—__

954 2840 1307 2913 373-374
1403 2819 2012 2903 INCIPIUNT
2072 2816 2666 2899 CAPITULA
2724 2816 3037 2898 LIBRI
3086 2815 3554 2903 OCTAVI.

651 2996 698 3051 I.
748 2996 819 3049 De
850 3012 908 3050 eo
937 3000 1073 3065 quod
1100 3014 1193 3051 rex
1218 2997 1508 3051 Aurelianis
1538 3002 1691 3055 venit.

624 3065 735 3139 '[I.
770 3066 1000 3139 Qualiter
1028 3070 1075 3121 ei
1103 3070 1322 3137 episconi
1355 3073 1681 3135 prwsentati;
1712 3081 1757 3123 et
1786 3070 2008 3139 qualiter
2035 3067 2146 3137 ipse
2168 3069 2453 3121 convivium
2482 3078 2809 3137 pra’paravtt.

650 3136 763 3191 III.
807 3136 883 3191 De
908 3136 1230 3203 cantoribus,
1261 3152 1305 3192 et
1335 3150 1543 3207 argento
1572 3141 1625 3193 Μ
1634 3136 1864 3195 ιιηιιιιοίί.

652 3208 752 3261 IV.
796 3209 932 3261 Laus
962 3209 1268 3262 Childeberti
1294 3212 1445 3277 regis.

765 3279 840 3332 De
868 3280 1142 3331 visionibus
1171 3297 1299 3348 quas
1331 3296 1445 3343 rex,
1474 3282 1552 3333 vel
1581 3299 1670 3335 nos
1697 3284 1759 3335 de
1781 3279 2069 3349 Chilperico
2092 3278 2331 3331 vidimus.

654 3347 753 3401 VI.
797 3349 873 3400 De
903 3350 963 3399 iis
994 3366 1118 3416 quos
1147 3347 1576 3413 prwsentavimus.

654 3417 799 3487 VII.
833 3418 909 3469 De
934 3416 1175 3470 Palladio
1198 3421 1452 3487 episcopo,
1484 3422 1700 3487 qualiter
1732 3422 1918 3475 Missas
1950 3421 2105 3473 dixit.

657 3486 824 3540 VIII.
872 3487 946 3539 De
972 3489 1132 3555 signis
1162 3492 1396 3541 ostensis.

652 3558 752 3611 IX.
800 3559 873 3609 De
900 3571 1217 3609 sacramento
1246 3575 1336 3623 pro
1366 3558 1473 3625 [ilio
1502 3558 1775 3625 Cllilpt'fit‘i
1810 3562 1950 3612 dato.

652 3627 719 3682 X.
764 3628 839 3680 De
868 3628 1161 3695 corporibus
1194 3628 1480 3680 Meroveclti
1508 3638 1554 3679 et
1584 3630 1946 3683 Cltlodoveclti.

652 3697 753 3751 XI.
801 3700 875 3760 De
902 3700 1124 3750 ostiariis
1155 3708 1201 3750 et
1232 3700 1437 3750 interitu
1467 3698 1672 3751 Boanti.

652 3764 797 3839 XII.
834 3767 910 3820 De
941 3766 1208 3821 Theodoro
1236 3770 1489 3839 epismpo,
1523 3779 1568 3821 et
1593 3772 1746 3839 plaga
1779 3786 1930 3835 super
1963 3769 2287 3823 llatharmm.

652 3838 825 3894 XIII.
868 3839 945 3909 De
972 3840 1223 3909 legatione
1246 3837 1615 3893 Gunttihranmi
1644 3837 1711 3893 ad
1739 3842 2116 3895 Childeberttun
2146 3842 2360 3895 directa.

651 3909 811 3964 XIV.
856 3907 929 3961 De
960 3907 1185 3977 periculo
1215 3910 1265 3962 in
1296 3912 1524 3978 ﬂumine.

654 3979 779 4036 XV.
820 3979 897 4033 De
925 3982 1245 4032 conversione
1280 3981 1508 4046 Ulﬁlaici
1533 3983 1755 4034 ataconi.

632 4049 810 4105 XVI.
857 4050 982 4116 Quae
1012 4052 1075 4103 de
1100 4052 1372 4104 virtutibus
1398 4051 1561 4103 sancti
1591 4051 1802 4105 Martini
1831 4052 2005 4107 retulit

652 4120 698 4175 X
714 4119 823 4191 VII
830 4160 855 4191 ,γ
886 4122 958 4191 De
982 4124 1140 4191 signis
1166 4138 1276 4189 quae
1300 4134 1663 4191 apparuerunt.

653 4190 877 4262 XVIII.
923 4190 1070 4256 Quod
1097 4190 1448 4262 Childebertus
1477 4196 1528 4243 in
1560 4190 1770 4246 Italiam
1801 4193 1986 4246 direxit
2020 4194 2316 4255 exercitum,
2349 4200 2395 4246 et
2419 4196 2505 4258 qul
2530 4192 2684 4244 duces
2708 4191 2782 4245 vel
2807 4193 3012 4248 comites
3047 4200 3135 4246 aut
3163 4192 3381 4247 instituti
3413 4202 3567 4262 sunt,
3599 4205 3691 4248 aut
3719 4196 3907 4252 remoti.

653 4262 807 4315 XIX.
852 4261 927 4314 De
958 4262 1161 4313 interitu
1196 4261 1400 4329 Dugulﬁ
1425 4262 1638 4316 abbatis.

653 4333 775 4385 XX.
820 4331 946 4397 Quae
970 4332 1022 4382 in
1052 4332 1244 4399 synodo
1272 4331 1563 4385 Matisccnsi
1593 4345 1708 4385 acta
1738 4343 1875 4386 sunt.

653 4402 811 4455 XXI.
857 4402 929 4452 De
959 4402 1148 4469 placito
1174 4403 1225 4453 in
1252 4401 1606 4465 Belsonnaco;
1638 4414 1681 4453 et
1711 4406 1773 4456 de
1795 4402 2032 4468 sepulcro
2059 4404 2269 4456 violato.

654 4470 853 4542 XXII._
890 4470 964 4542 De
995 4471 1128 4523 obitu
1156 4473 1529 4542 episcOporum,
1560 4484 1605 4526 et
1642 4473 1964 4527 Wandelini.

652 4540 876 4595 XXIII.
920 4540 995 4593 De
1025 4542 1249 4596 diluviis.

651 4612 865 4665 XXIV.
910 4610 984 4663 De
1014 4612 1192 4665 insulis
1222 4613 1399 4666 maris.

650 4683 753 4755 Χ
877 4681 951 4755 I)_e
977 4681 1148 4755 insula
1178 4684 1228 4735 in
1255 4701 1357 4755 qua
1385 4685 1590 4754 sanguis
1620 4686 1883 4753 apparuit.

652 4751 871 4822 XXVI.
908 4753 983 4805 De
1015 4751 1371 4822 Eberulfo'qui
1400 4751 1507 4807 dua:
1536 4757 1653 4821 fuit.

943 4827 1089 4889 Quod
1119 4824 1414 4878 Desiderius
1445 4827 1513 4877 ad
1541 4842 1705 4895 regem
1736 4827 1883 4879 abiit.

766 4893 939 4970 ΙΙ.Δ
978 4896 1055 4970 De
1078 4896 1458 4970 Ilermenigildo
1487 4908 1538 4970 et
1559 4893 1622 4970 de
1652 4896 1907 4970 Ingttnde,
1936 4896 2013 4970 vel
2040 4898 2102 4949 de
2128 4898 2304 4968 legatis
2333 4896 2683 4966 Hispanorum
2710 4898 2843 4951 clam
2873 4897 2941 4949 ad
2966 4896 3355 4970 Fredegundem
3381 4900 3573 4955 missis.

648 4964 862 5037 IX.
908 4966 1057 5031 Quod
1089 4964 1442 5034 Fredegundis
1473 4968 1639 5030 misit,
1670 4964 1756 5034 qui
1781 4964 2522 5037 Cltildebertuminterﬁceret.

633 5035 837 5106 XXX.
873 5038 1020 5103 Quod
1046 5040 1293 5090 exeriitus
1326 5041 1377 5090 in
1411 5039 1785 5106 Septimaniam
1815 5039 1959 5091 abiit.

648 5105 860 5160 XXXI.
906 5106 982 5159 De
1011 5109 1358 5175 interiectione
1389 5106 1689 5161 Prteteaztati
1717 5111 1959 5175 episcopi.

647 5177 894 5232 XXXII.
938 5176 1014 5230 De
1042 5179 1242 5229 interitu
1270 5179 1535 5232 Damnata:
1565 5182 1743 5232 uxoris
1773 5179 2024 5234 Nectarii.

721 5312 961 5392 ‘lu_boc_
987 5314 1160 5392 capite
1210 5322 1263 5367 et
1310 5311 1363 5363 in
1396 5310 1533 5390 .aliis
1581 5310 1743 5365 variis
1793 5312 2219 5392 Gregoriiclocis
2328 5326 2445 5391 nes,
2469 5326 2561 5365 seu
2586 5322 2640 5392 et
2666 5313 2822 5392 amici
2866 5314 3145 5392 inmunnm
3199 5318 3612 5392 conveniebant,
3663 5320 3904 5392 injuriam

647 5384 889 5457 exempla
949 5383 1208 5457 habentur
1268 5382 1509 5450 pessima!
1547 5383 1946 5457 consuetudinis
1995 5382 2220 5457 inimici-
2328 5384 2375 5434 vi
2407 5385 2845 5457 etarmisulturi.
2885 5385 3013 5457 Vide
3044 5384 3328 5441 formulam
3386 5382 3611 5445 I8lib.i
3656 5382 3907 5457 Harculﬁ.

649 5458 749 5507 tias
781 5452 1010 5521 privatas
1061 5455 1223 5507 armis
1265 5454 1638 5521 persequendi,
1669 5469 1789 5521 qua:
1844 5453 2095 5526 principis
2119 5452 2218 5526 im-
2325 5464 2381 5526 e__t
2434 5454 2672 5522 Bigttonii
2742 5465 2913 5509 notas.
2965 5456 3088 5509 llaec
3139 5473 3297 5525 prava
3352 5461 3725 5526 consuetudo,
3779 5452 3905 5518 dicta

648 5525 819 5602 periti,
849 5526 1151 5602 aut_le_gunr
1198 5526 1508 5578 auctoritate
1536 5538 1756 5602 omnino
1808 5538 1928 5602 untur
1968 5523 2215 5588 proltibe-
2333 5522 2538 5602 Faida,_
2567 5527 2761 5602 smpius
2793 5530 2844 5579 in
2901 5522 3282 5595 capitularibus
3341 5545 3529 5602 regum
3570 5522 3903 5601 postmodum

647 5597 801 5647 batur
838 5594 973 5663 apud
1026 5592 1285 5658 Francos,
1333 5595 1578 5662 quamvis
1607 5595 1768 5647 certis
1821 5592 2013 5648 finibus
2064 5609 2216 5648 coer-
2328 5607 2483 5649 vetita
2517 5596 2635 5649 fuit.

646 5669 747 5719 cita
806 5675 968 5745 esset.
1023 5666 1304 5745 Sl‘ila‘ltlc
1338 5666 1532 5745 quivis
1576 5674 1668 5745 aut
1726 5666 2215 5745 vtilne_r_attts,-at_tt
2396 5665 2719 5745 illiusmodi
2753 5667 3060 5745 securitatis
3110 5670 3339 5726 formula
3370 5682 3552 5727 exstat
3599 5675 3743 5745 apud
3777 5676 3903 5733 Mar-

644 5746 792 5793 ecrtc
839 5738 1046 5791 occisus
1095 5737 1301 5801 I-ll3813l,
1333 5743 1458 5789 tunc
1514 5736 1791 5806 propinqui
1842 5736 1980 5791 illius
2004 5744 2060 5791 et
2098 5736 2213 5790 afli-
2322 5737 2452 5792 cull'.
2484 5739 2577 5791 lib.
2613 5753 2668 5806 ll,
2699 5754 2819 5808 cap.
2848 5739 2933 5794 18.
