4096 6344
166 354 295 409 449
308 352 325 377 ’⁸
362 390 365 393 η

165 471 221 525 Χ
236 469 489 525 XXIII.
534 469 608 524 De
636 470 875 525 incendio
906 470 1044 524 urbis
1078 470 1375 526 Paristaw.

164 541 391 596 XXXI
414 543 471 596 V.
513 542 589 594 De
618 542 865 595 reclausis
895 544 1122 596 (emittis.

166 611 438 667 XXXV.
486 611 561 665 De
589 615 768 681 legatis
799 612 1172 673 Hispanorum.

165 682 351 737 XXX
375 682 468 736 γι.
512 682 590 735 De
619 685 822 736 interitu
852 681 1205 747 Maqnoualdi.

167 751 356 807 XXX
379 754 505 807 VII.
562 754 712 818 Quod
739 752 1066 807 Childeberto
1094 755 1237 819 ﬁlius
1266 764 1410 806 nutus
1437 763 1529 805 est.

371 823 534 877 VIII.
580 825 729 889 Quod
760 822 984 894 Hispani
1008 824 1061 876 in
1088 824 1283 877 Gallius
1311 833 1669 893 proruperunt.

166 892 469 963 XXXIX.
512 895 587 947 De
611 896 745 947 obitu
778 892 1150 963 cuiacoliorum.

168 962 304 1016 XL.
360 966 434 1017 De
461 964 676 1031 Pelagio
706 962 985 1017 Turonico.

166 1034 225 1105 ξ
239 1032 351 1105 LI.
395 1033 471 1087 De
497 1038 561 1088 iis
587 1036 675 1105 qui
706 1034 1073 1089 Prtetextatum
1097 1036 1393 1105 episcopum
1423 1035 1831 1105 interfecerunt.-

167 1102 391 1193 XI...
427 1106 579 1193 Quod
598 1104 922 1193 ‘Bippolenus
952 1107 1061 1193 dua:
1086 1102 1238 1193 l(riotus
1268 1102 1362 1187 est.

1134 355 1449 412 HISTORIA
1493 354 1936 413 FBANCOBUM.
1979 354 2180 411 LIBER
2218 356 2557 415 OCTAVUS;

166 1162 611 1247 ζιξρυυά
640 1162 853 1229 Nicetus
882 1188 1049 1247 rector
1076 1174 1366 1230 Prouincia:
1393 1176 1683 1247 ordinatur,
1717 1184 1760 1226 et
1786 1175 1851 1247 de
1874 1174 1938 1227 iis
1965 1162 2077 1244 qum
2107 1177 2356 1230 Antistius
2386 1177 2560 1247 gessit.

167 1243 316 1297 XLI
339 1245 399 1299 V.
447 1245 521 1299 De
546 1263 603 1298 eu
631 1246 720 1313 qui
741 1263 910 1314 regem
932 1246 1375 1299 Guntrltramnum
1405 1246 1689 1314 inter/icere
1713 1245 1893 1298 voluit.

166 1314 363 1368 XLV.
409 1316 486 1369 De
516 1317 728 1368 interim
759 1316 1011 1370 Desiderii
1039 1319 1209 1369 ducis.

167 1383 278 1438 XL
297 1386 399 1441 Vl.
441 1386 521 1441 De
543 1387 683 1440 obitu
718 1384 1042 1440 Leuuicltitdi
1070 1388 1223 1456 regis.

181 1550 3315 1581 ______________________________________

1132 1685 1600 1791 LIBER
1686 1686 2131 1795 ΟΟΤΑ
2157 1688 2485 1812 VU'S.

240 1912 419 1984 .375
450 1911 489 1965 l.
521 1910 686 1977 Igitur
713 1908 1147 1966 Guntchramnus
1193 1924 1284 1963 rex
1319 1924 1463 1964 anno
1508 1910 1765 1981 vigesimo
1795 1914 1839 1972 Α
1873 1912 2032 1966 tionis
2064 1916 2231 1983 gratia
2260 1916 2520 1983 visitaret,
2552 1921 2616 1973 ad
2652 1931 2904 1977 metatum
2940 1934 3180 1980 nostrum
3209 1928 3448 1987 advenit.

169 2016 379 2074 quarto
412 2006 557 2074 regni
588 2004 670 2058 sui
701 2004 766 2058 de
792 2003 1072 2057 Cabillono
1106 2017 1441 2073 progressus,
1471 2002 1770 2057 Nivernen-

173 2112 303 2153 sem
354 2099 538 2153 urbem
571 2094 895 2166 aggreditur.
925 2094 1181 2149 Invitatus
1223 2095 1364 2147 enim
1416 2094 1652 2148 Parisios
1679 2110 1770 2148 ve-

174 2189 365 2243 niebat
405 2198 463 2242 ut
490 2187 777 2253 Chilperici
798 2186 986 2249 ﬁlium,
1006 2201 1163 2254 quem
1180 2187 1283 2242 iam
1301 2186 1661 2239 Chlotharium
1678 2200 1771 2241 vo-

175 2283 404 2346 cntabat,
423 2297 450 2333 a
473 2296 627 2336 sacro
648 2280 1065 2350 regenerationis
1088 2279 1229 2332 fonte
1248 2279 1467 2333 deberet
1488 2281 1737 2346 excipere
1753 2317 1767 2331 .

178 2370 469 2441 Digressus
510 2386 637 2425 vero
678 2386 706 2423 a
748 2370 984 2423 Niverno
1015 2368 1080 2422 ad
1110 2369 1550 2422 Aurelianensem
1581 2371 1766 2422 urbem

178 2464 334 2517 venit
395 2477 644 2532 tnagnutn
684 2476 741 2516 se
783 2472 905 2515 tunc
933 2461 1142 2515 civibus
1182 2461 1294 2514 suis
1337 2461 1601 2530 pra-hens.
1634 2460 1766 2515 Nam

181 2568 281 2621 per
303 2554 493 2608 domos
531 2569 715 2609 eorum
759 2554 1017 2606 invitatus
1062 2553 1274 2617 adibat,
1308 2562 1362 2606 et
1393 2553 1613 2621 prandia
1646 2553 1767 2607 data

180 2644 383 2699 libabat
410 2661 426 2697 :
458 2645 683 2697 multum
708 2644 775 2696 ab
808 2643 892 2696 his
921 2653 1254 2711 muneratus,
1282 2658 1607 2713 muneraque
1637 2645 1767 2714 ipsis

180 2733 391 2801 proﬂua
432 2718 759 2795 benignitaie
789 2735 1009 2803 largitus
1037 2744 1141 2788 est.
1184 2734 1289 2789 Sed
1331 2750 1451 2788 cum
1483 2735 1546 2788 ad
1576 2737 1762 2789 urbem

185 2826 630 2881 Aurelianensem
654 2827 918 2890 venisset,
944 2837 1059 2878 erat
1084 2840 1143 2878 ea
1170 2825 1259 2878 die
1288 2826 1597 2880 solemnitas
1629 2824 1766 2879 beati

187 2917 418 2981 Martini,
449 2918 504 2972 id
535 2927 615 2969 est
642 2924 830 2984 quarto
870 2916 1050 2971 Nonas
1097 2913 1301 2969 mensis
1347 2916 1519 2984 quinti
1543 2926 1593 2971 λ.
1635 2916 1766 2970 Pro—

187 3011 455 3076 cessitque
480 3008 532 3061 in
567 3009 778 3062 obviam
805 3009 924 3075 ejus
955 3010 1216 3061 immensa
1247 3008 1425 3075 populi
1453 3009 1604 3060 turba
1642 3022 1763 3061 cum

184 3100 350 3169 signis
371 3108 530 3170 atque
564 3100 793 3165 vexillis,
821 3107 1074 3153 canentes
1096 3098 1300 3151 laudes.
1336 3100 1400 3150 Et
1427 3098 1555 3151 hinc
1588 3098 1763 3166 lingua

186 3194 475 3265 Syrorum,
512 3194 637 3247 hinc
678 3193 989 3246 Latinorum
1010 3234 1025 3258 ,
1060 3192 1184 3245 hinc
1213 3192 1375 3246 etiam
1410 3194 1645 3260 ipsorum
1671 3193 1765 3247 Ju-

1877 2003 2007 2058 Erat
2030 2007 2172 2058 enim
2202 2006 2269 2059 ibi
2301 2007 2513 2061 basilica
2542 2012 2711 2064 sancti
2740 2013 2883 2077 Aviti
2908 2014 3137 2081 abbatis,
3172 2018 3327 2087 377
3360 2034 3453 2073 cu-

1870 2092 1958 2161 jus
2013 2096 2065 2147 in
2119 2095 2257 2149 libro
2313 2098 2689 2155 lilii-oculorum
2742 2107 3083 2159 meminimus
3128 2106 3174 2160 δ.
3230 2093 3493 2164 δαῖε-ΜΓ

1874 2186 2087 2253 gavisus
2112 2230 2126 2253 ,
2159 2187 2349 2254 fateor,
2377 2190 2442 2243 ad
2474 2206 2755 2246 occursum
2790 2195 2906 2263 ejus
2928 2237 2943 2261 ,
2974 2210 3025 2251 et
3053 2199 3174 2253 data
3211 2201 3458 2255 oratione

1873 2276 2153 2345 deprecor,
2188 2287 2245 2331 ut
2270 2279 2321 2332 in
2359 2282 2634 2336 mansione
2658 2299 2774 2337 mea
2803 2287 3042 2356 eulogias
3075 2290 3211 2343 beati
3240 2291 3450 2344 Martini

1872 2368 2183 2437 dignaretur
2202 2372 2634 2441 accipere.Quod
2665 2376 2756 2429 ille
2782 2392 2884 2430 non
2912 2396 3189 2447 rc-spuwts,
3216 2382 3449 2449 benigno

1872 2458 2052 2513 animo
2084 2461 2378 2529 ingressus,
2410 2462 2600 2516 hausto
2626 2466 2838 2531 poculo,
2869 2469 3153 2522 admouitis
3200 2472 3354 2525 nobis
3384 2470 3453 2525 ad

1871 2549 2194 2611 convivium.
2225 2552 2377 2605 ltetus
2399 2552 2678 2608 abscessit.
2698 2554 2849 2609 Tunc
2874 2558 3288 2613 Bertchramnus
3315 2560 3444 2614 Bur-

1871 2641 2175 2709 degalensis
2215 2644 2497 2711 episcopus
2531 2659 2648 2698 cum
2699 2647 2935 2701 Palladio
2978 2650 3270 2706 Santonico
3299 2653 3456 2708 valde

1874 2734 1985 2801 regi
2018 2732 2257 2788 infensus
2288 2744 2421 2794 erat.
2456 2753 2549 2804 pro
2576 2742 2921 2806 susceptione
2962 2740 3291 2797 Gundovaldi
3315 2785 3329 2807 ,
3359 2761 3455 2799 ett-

1864 2822 1953 2893 jus
1976 2840 2138 2893 supra
2170 2828 2510 2897 meminimus
2542 2828 2681 2897 (Lib.
2715 2847 2805 2895 vtt,
2829 2851 2943 2903 cap.
2970 2835 3094 2902 5t);
3126 2838 3218 2889 sed
3247 2848 3302 2891 et
3327 2839 3449 2892 Pal-
3477 2823 3481 2827 ’

1870 2916 2042 2969 Iadius
2070 2918 2353 2986 episcopus
2378 2919 2446 2972 ob
2472 2920 2571 2973 hoc
2602 2922 2837 2975 maxime
2863 2926 3001 2991 regis
3027 2926 3160 2979 iram
3201 2928 3447 2983 incurre-

1866 3013 1971 3068 rat,
1994 3005 2133 3071 quod
2161 3007 2209 3058 ei
2237 3007 2432 3075 saepius
2462 3006 2699 3064 fallacias
2722 3012 3007 3067 intulisset.
3042 3014 3277 3070 Discussi
3304 3019 3449 3073 enim

1866 3104 1992 3148 ante
2023 3095 2291 3161 paululum
2324 3098 2532 3152 fuerant
2572 3100 2640 3152 ab
2665 3101 2886 3169 reliquis
2916 3106 3180 3173 episcopis
3217 3118 3271 3161 et
3308 3112 3451 3177 Opti-

1866 3184 2098 3238 matibus
2140 3188 2310 3255 regis,
2342 3202 2438 3241 cur
2471 3188 2882 3245 Gundovaldnm
2926 3196 3321 3265 suscepissent,
3354 3214 3450 3255 cur

184 3287 446 3351 deorum,
478 3286 531 3340 in
559 3286 788 3341 diversis
819 3286 1067 3340 laudibus
1098 3286 1243 3339 varie
1269 3286 1658 3355 concrepabat,
1684 3286 1761 3339 di-
1789 3280 1838 3340 Β
1865 3275 2208 3331 ἳαυειίθηυηι
2237 3289 2258 3317 °
2288 3280 2453 3348 Aquis
2473 3281 2781 3348 episcopum
2804 3284 2867 3336 ad
2895 3289 3305 3353 Prwceplionem
3332 3290 3451 3357 ejus

183 3391 348 3431 cens:
379 3376 536 3430 Vivat
564 3392 685 3441 rex,
716 3390 1047 3445 regnumque
1073 3374 1191 3444 ejus
1211 3377 1262 3429 in
1294 3377 1524 3432 diversis
1557 3377 1763 3445 populis

182 3469 335 3522 annis
384 3468 678 3522 innumeris
723 3467 997 3522 dilatetur.
1040 3467 1209 3522 Judaei
1243 3484 1406 3535 vero,
1449 3470 1539 3539 qui
1586 3472 1635 3524 in
1679 3471 1762 3524 bis

183 3560 427 3614 laudibus
448 3560 762 3615 videbantur
782 3574 901 3615 esse
920 3562 1226 3630 participes,
1252 3562 1501 3617 dicebant
1521 3581 1535 3617 ;
1558 3563 1760 3618 Omnes

181 3660 368 3719 gentes
393 3660 444 3706 te
471 3652 693 3707 adorent
723 3652 887 3721 376
915 3652 1119 3722 tibique
1151 3668 1291 3721 genu
1320 3655 1567 3719 ﬂectant,
1596 3669 1759 3726 atque

184 3745 275 3798 tibi
300 3744 403 3798 sint
433 3744 679 3799 subditae.
710 3744 862 3798 Unde
894 3744 1089 3798 factum
1117 3756 1220 3813 est,
1250 3756 1303 3798 ut
1328 3748 1610 3803 celebratis
1635 3750 1762 3804 Mis-

182 3837 275 3898 sis,
305 3849 427 3889 cum
458 3850 548 3889 rex
588 3834 656 3888 ad
700 3833 1003 3888 convivium
1050 3836 1349 3901 resideret,
1390 3836 1630 3891 diceret:
1665 3838 1758 3894 Vae

179 3926 322 3995 genti
348 3925 619 3989 Juda'tcm,
652 3926 805 3979 malae
826 3935 880 3979 et
918 3926 1137 3993 perﬁdae
1156 3966 1170 3987 ,
1201 3942 1264 3980 ac
1290 3928 1516 3981 subdolo
1545 3942 1758 3990 semper

176 4031 337 4073 sensu
369 4018 586 4072 viventi.
610 4017 693 4072 0b
722 4017 825 4071 hoc
861 4016 1003 4069 enim
1034 4016 1193 4081 mihi,
1226 4017 1429 4086 inquit,
1455 4018 1613 4074 hodie
1644 4035 1758 4072 tau-

178 4112 273 4165 des
319 4111 647 4164 adulatorias
692 4108 1063 4171 acclamabat,
1096 4116 1152 4160 ut
1194 4123 1280 4161 me
1320 4118 1525 4163 cuncta:
1568 4119 1756 4178 gentes

176 4202 325 4270 quasi
364 4200 637 4255 dominum
693 4199 1003 4261 adorarent,
1058 4205 1115 4251 ut
1170 4212 1492 4269 synagogam
1530 4214 1751 4264 eorum,

175 4306 291 4361 qua
317 4290 521 4345 dudum
568 4304 599 4342 a
636 4288 960 4344 Christianis
991 4287 1165 4342 diruta
1210 4297 1325 4352 est,
1367 4290 1612 4356 juberem
1650 4304 1754 4358 ope

173 4383 383 4454 publica
410 4381 675 4437 sublevari
702 4397 717 4435 :
748 4381 890 4450 quod
920 4379 1196 4434 inhibente
1221 4380 1446 4435 Domino
1477 4397 1751 4448 nunquam

173 4488 265 4528 ero
292 4474 549 4528 tacturus.
573 4472 616 4526 0
640 4487 818 4541 regem
851 4470 1154 4551 admirabili
1188 4471 1464 4539 prudentia
1498 4474 1701 4526 clarum
1730 4474 1743 4528 ι

173 4566 259 4620 Sic
290 4565 551 4620 intellexit
578 4564 916 4618 dolositatem
948 4562 1342 4627 haereticorum,
1378 4573 1435 4617 ut
1461 4564 1511 4618 ei
1540 4565 1749 4627 penitus

1866 3367 2187 3422 levissimam
2216 3371 2574 3425 ordinassent.
2600 3373 2707 3427 Sed
2740 3375 2875 3428 hanc
2904 3391 3115 3429 causam
3148 3380 3449 3434 ordinatio-

1866 3458 1951 3512 nis
1973 3460 2240 3514 Palladius
2260 3460 2545 3529 episcopus
2566 3478 2595 3515 a
2622 3465 3004 3518 Bertchrainno
3028 3472 3322 3532 iuetropole
3345 3488 3446 3525 suo

1863 3550 2135 3615 auferens,
2160 3566 2320 3621 super
2340 3569 2398 3607 se
2424 3553 2677 3619 devolvit,
2707 3555 2887 3613 dicens
2911 3575 2924 3609 ι
2955 3558 3103 3613 Oculi
3134 3565 3447 3633 metropolis

1863 3642 1970 3696 tnei
2001 3643 2153 3697 valde
2182 3644 2461 3699 doloribus
2490 3649 2859 3715 arctabantur,
2894 3662 2943 3703 et
2976 3667 3075 3720 ego
3102 3656 3359 3720 sp-iliatus
3381 3667 3439 3711 et

1861 3744 2219 3803 contemptus,
2254 3737 2449 3791 invitus
2474 3741 2539 3790 ab
2566 3754 2632 3792 eo
2668 3740 2718 3792 in
2748 3754 2813 3794 ei
2850 3742 2968 3794 loco
3002 3744 3260 3799 adductus
3298 3762 3438 3801 sum.

1861 3827 1976 3879 Non
2022 3828 2167 3896 potui
2208 3829 2350 3882 aliud
2394 3827 2572 3884 facere
2600 3874 2615 3897 ,
2663 3832 2765 3885 nisi
2793 3848 2913 3900 qua:
2944 3834 3035 3888 ille
3059 3878 3074 3901 ,
3104 3838 3192 3903 qui
3223 3852 3437 3893 omnem

1860 3920 2215 3986 principatum
2244 3919 2539 3975 Galliarum
2565 3935 2623 3974 se
2654 3924 2949 3976 testabatur
2970 3930 3239 3994 accipere,
3274 3927 3443 3997 impe-

1859 4008 2032 4061 rabat.
2056 4008 2190 4064 Cum
2221 4011 2334 4063 haec
2361 4012 2472 4079 regi
2506 4012 2743 4065 nuntiata
2792 4013 3047 4080 fuissent,
3093 4016 3245 4071 valde
3292 4032 3441 4073 com-

1858 4110 2036 4153 motus
2066 4110 2169 4162 est,
2205 4101 2274 4153 ita
2311 4111 2367 4155 ut
2397 4104 2479 4156 vix
2512 4104 2741 4157 obtineri
2772 4114 2973 4172 posset,
3009 4117 3066 4160 ut
3096 4122 3191 4163 eos
3218 4110 3283 4164 ad
3310 4125 3457 4173 con-.

1856 4189 2054 4243 viviutn
2081 4191 2389 4255 advocaret,
2408 4207 2543 4260 quos
2562 4203 2718 4248 antea
2747 4210 2854 4247 non
2880 4196 3104 4252 viderat.
3121 4200 3431 4257 lntroeunte

1868 4281 2054 4350 itaque
2084 4282 2501 4348 Bertchramno,
2536 4285 2827 4354 interrogat
2864 4302 2956 4341 rex
2986 4305 2998 4339 :
3027 4290 3195 4356 Quis,
3226 4292 3329 4359 ait,
3359 4304 3440 4352 est

1855 4371 2002 4426 iste?
2051 4371 2149 4425 Diu
2193 4375 2337 4426 enim
2385 4385 2502 4428 erat
2529 4376 2672 4444 quod
2717 4380 2785 4431 ab
2835 4394 2899 4432 eo
2930 4380 3075 4434 visus
3104 4397 3211 4435 non
3242 4380 3439 4441 fuerat.
3478 4426 3481 4429 λ
3575 4445 3584 4453 ,

1858 4463 2217 4531 Dixeruntque
2234 4482 2245 4516 :
2263 4465 2361 4519 llic
2389 4476 2475 4520 cst
2496 4467 2906 4525 Bertcbratnnus
2923 4471 3329 4544 Burdegalensis
3347 4492 3441 4530 ur-

1854 4555 1936 4609 bis
1962 4557 2272 4625 episcopus.
2299 4559 2396 4612 Cui
2422 4560 2543 4614 ille:
2566 4563 2798 4628 Gratias,
2826 4565 3018 4635 inquit,
3042 4567 3269 4637 agimus,
3294 4571 3455 4639 quod,

173 4670 275 4711 non
304 4656 543 4711 valerent
572 4654 884 4724 subripere,
916 4670 1035 4724 qum
1065 4664 1222 4709 erant
1250 4656 1590 4722 postmodum
1628 4672 1748 4724 sug-
1776 4643 1817 4701 C
1852 4648 1934 4701 sic
1962 4649 2242 4707 custodiSti
2292 4651 2449 4705 Iidem
2494 4656 2826 4720 generationi
2858 4666 2982 4710 tute.
3026 4659 3175 4713 Scire
3203 4662 3346 4714 enim
3381 4673 3435 4716 te

170 4750 388 4819 gesturi.
417 4747 533 4803 Jam
562 4747 1010 4804 enimmediante
1055 4748 1214 4816 epulo
1262 4762 1355 4802 rex
1405 4748 1615 4804 locutus
1663 4760 1746 4804 est

171 4841 531 4896 sacerdotibus
560 4839 650 4909 qui
673 4838 899 4893 aderant
923 4879 938 4903 ,
972 4839 1157 4893 dicens
1186 4854 1200 4891 :
1235 4839 1384 4908 Rogo
1416 4852 1473 4892 ut
1498 4841 1550 4894 in
1580 4841 1745 4896 domo

170 4946 283 4985 mea
313 4933 546 4985 crastina
576 4932 663 4984 die
684 4939 917 4985 vestram
949 4943 1265 4998 promerear
1285 4930 1740 4997 benedictionem,

166 5023 360 5091 ﬁatque
386 5023 512 5075 mihi
539 5021 767 5076 salns'in
793 5020 1045 5089 ingressu
1078 5030 1254 5074 vestro
1275 5060 1289 5083 ,
1315 5029 1373 5073 ut
1401 5036 1468 5073 ex
1508 5021 1612 5075 hoc
1642 5024 1763 5075 salo-

167 5129 261 5169 vus
285 5115 425 5177 liam,
449 5128 570 5168 cum
598 5128 759 5180 super
781 5126 866 5166 tne
897 5110 1150 5185 humilem
1180 5121 1479 5164 vestrarum
1517 5112 1740 5165 benedi-

162 5208 394 5263 ctionem
424 5208 582 5262 verba
611 5202 954 5261 deduxerint.
1003 5202 1128 5257 Ilaec
1171 5217 1237 5257 eo
1276 5202 1488 5257 dicente
1508 5244 1523 5270 ,
1552 5217 1742 5259 omnes

164 5300 359 5369 gratias
386 5309 606 5368 agentes
638 5299 797 5366 epulo
820 5296 1044 5363 expleto
1069 5293 1423 5348 surreximus.

226 5390 293 5445 ll.
325 5388 479 5445 Mane
499 5398 676 5443 autem
700 5388 858 5453 Iacto,
883 5386 1010 5440 dum
1033 5398 1125 5439 rex
1150 5384 1265 5438 loca
1288 5392 1597 5438 sanctorum
1620 5400 1741 5440 ora-

236 5577 261 5603 α
290 5567 507 5623 Festum
539 5566 929 5622 Translationis
960 5566 1099 5636 ejus,
1129 5579 1250 5635 quae
1282 5564 1441 5619 etiam
1466 5580 1607 5620 nunc
1641 5582 1736 5623 ce-

165 5638 394 5694 lebratur
424 5640 523 5693 hac
551 5640 665 5707 ipsa
694 5638 786 5691 die
808 5648 993 5707 quarta
1019 5638 1169 5691 Julii.

231 5708 258 5747 ⁵
280 5709 333 5762 In
365 5708 499 5763 libro
519 5704 585 5762 de
609 5707 787 5762 Gloria
816 5705 1214 5772 COnI‘essorum,
1245 5721 1365 5774 cap.
1388 5704 1476 5768 99,
1512 5706 1733 5763 Basilica

161 5779 219 5837 ὃ.
247 5778 387 5834 Aviti
418 5778 681 5850 hodieque
711 5786 911 5844 perstat
933 5792 1057 5832 cum
1080 5778 1304 5849 collegio
1330 5775 1729 5847 canonicorum,

1854 4753 2185 4810 oportuerat,
2217 4744 2562 4800 dilectissime
2594 4759 2769 4816 pater,
2802 4749 2945 4817 quod
2976 4764 3166 4816 parcns
3192 4765 3315 4804 eras
3336 4768 3437 4805 tto-

1854 4834 1936 4888 liis
1964 4850 2029 4890 ex
2061 4845 2234 4890 matre
2257 4848 2437 4893 nostra
2459 4880 2475 4905 ,
2505 4848 2559 4892 et
2587 4854 2751 4908 super
2782 4849 2995 4908 gentem
3030 4850 3171 4893 tuam
3206 4856 3312 4895 non
3342 4841 3437 4896 de-

1853 4924 2046 4979 bueras
2102 4927 2355 4980 inducere
2415 4937 2618 4995 pestem
2701 4940 3010 4987 extraucam
3094 4930 3413 5003 [Gundoval

1852 5017 2022 5088 dum].
2048 5020 2294 5088 Cumque
2340 5021 2500 5086 talia,
2544 5033 2597 5075 et
2645 5023 2728 5076 his
2768 5025 2961 5078 similia
3015 5025 3435 5080 Bertchraninus

1851 5108 2107 5172 audisset,
2139 5124 2431 5164 conversus
2461 5112 2525 5164 ad
2558 5112 2850 5166 Palladium
2888 5130 3003 5180 rex,
3036 5116 3148 5177 ait;
3174 5115 3281 5169 Nec
3310 5117 3426 5184 tibi,

1851 5214 1883 5253 ο
1913 5200 2111 5254 Palladi
2143 5202 2423 5269 cpiscOpe,
2469 5203 2690 5256 nimium
2722 5215 2847 5260 sunt
2877 5208 3063 5276 gratia:
3107 5206 3426 5264 referendae.

1850 5291 2032 5347 Tertio
2069 5292 2215 5346 enim
2257 5292 2385 5346 mihi
2410 5333 2427 5358 ,
2458 5294 2601 5361 quod
2636 5297 2701 5348 de
2742 5296 2994 5364 episcopo
3033 5296 3138 5351 dici
3186 5296 3428 5365 iniquum

1848 5394 1965 5451 est,
2014 5385 2299 5455 pejerasti,
2352 5386 2566 5442 mittens
2617 5389 2784 5459 378
2833 5388 3097 5445 indiculos
3145 5389 3431 5447 dolositate

1841 5566 1925 5621 eui
1956 5566 2261 5649 adjunctum
2294 5578 2377 5623 est
2405 5567 2754 5621 seminarium
2800 5568 2864 5622 ad
2891 5567 3168 5638 juniorum
3200 5570 3429 5626 clerico-

1842 5652 1959 5690 rum
1995 5646 2380 5691 institutionem
2416 5654 2582 5704 nuper
2611 5655 2871 5693 erectum.

1915 5718 1937 5747 α
1979 5707 2133 5760 Colb.
2164 5723 2216 5760 a.
2262 5719 2315 5761 et
2358 5709 2572 5776 llegm.,
2608 5708 3026 5767 Faustiuianum.
3063 5710 3260 5767 Confer
3305 5727 3429 5767 cum

1839 5777 1933 5833 lib.
1967 5792 2059 5845 vu,
2091 5792 2211 5847 cap.
2242 5776 2331 5832 51.
2364 5820 2375 5830 η

1863 5796 1933 5833 ιιι.
1967 5796 2059 5845 vu,
2091 5796 2211 5845 cap.
2242 5796 2331 5832 οι.
2364 5820 2375 5830 ι
