4096 6344
560 350 659 407 651

1548 344 1606 399 5.
1651 343 1976 400 CREGORII
2018 341 2318 398 EPISCOPI
2358 341 2788 399 TURONENSIS

3734 340 3840 396 ιω

560 470 777 535 plenos;
809 480 837 516 a
865 478 949 518 me
977 460 1317 517 excusabaris
1340 468 1366 496 ι
1396 474 1491 528 per
1514 461 1800 530 epistolas,
1832 469 1885 513 et
1920 473 2131 528 germa-
2162 458 2215 517 Α
2241 474 2332 512 rex
2369 458 2722 512 nihilominus
2752 458 2806 511 in
2835 456 2923 510 die
2950 462 3134 509 sancto
3186 440 3480 509 Dominicze
3527 454 3841 510 natisnatis

562 574 689 612 nmn
733 570 909 610 meum
956 569 1074 607 cum
1122 552 1332 621 scriptis
1378 551 1507 611 aliis
1546 551 1830 605 invitabas.
1869 549 2139 604 Judicavit

563 650 706 704 enim
735 648 873 701 Deus
900 661 1115 700 causam
1148 660 1353 710 meam,
1391 658 1512 697 cum
1555 656 1655 710 ego
1700 656 1996 709 provocare
2043 655 2138 695 vos

565 754 779 805 semper
803 747 1050 805 tanquam
1080 736 1320 789 ecclesiae
1352 744 1535 803 patres
1562 735 1763 795 studui,
1795 744 1849 785 et
1872 747 1969 784 vos
1997 732 2136 785 circa

564 846 649 882 tne
688 844 901 893 semper
930 827 1115 898 egistis
1141 827 1348 880 dolose.
1374 826 1586 879 Nicasio
1617 835 1791 877 autem
1834 835 1889 878 et
1921 823 2138 878 Antidio

561 921 831 986 episcopis
855 919 879 955 ιι
909 918 1083 972 dixit:
1114 918 1249 983 Quid
1304 931 1436 979 vos,
1483 930 1516 967 o
1554 914 1879 967 sanctissimi
1911 924 2086 981 patres
2118 952 2134 977 ,

575 1026 671 1075 pro
703 1008 934 1075 regionis
958 1007 1204 1071 utilitate,
1237 1007 1315 1059 vel
1345 1005 1489 1072 regni
1526 1004 1694 1056 nostri
1734 1004 1990 1071 sospitate
2026 1013 2137 1057 tra-

583 1099 787 1159 ctastis,
823 1098 1048 1151 edicite?
1082 1098 1185 1150 lllis
1211 1112 1420 1165 quoque
1450 1094 1765 1157 tacentibus,
1807 1093 2001 1147 ablutis
2042 1108 2137 1147 rex

574 1193 1093 1259 inanibus,accepta
1144 1206 1171 1242 a
1222 1189 1588 1242 sacerdotibus
1634 1186 2024 1250 benedictione,
2072 1185 2137 1238 ad

577 1299 818 1337 mensam
850 1284 1073 1345 resedit,
1106 1282 1229 1334 la-to
1257 1280 1398 1334 vultu
1425 1290 1478 1332 et
1504 1280 1653 1333 hilari
1684 1278 1837 1344 lacie,
1865 1277 2017 1346 quasi
2047 1276 2127 1329 ni—

564 1380 635 1433 hil
668 1379 735 1432 de
764 1386 1072 1443 contemptu
1100 1390 1197 1427 suo
1224 1374 1413 1427 fuisset
1443 1372 1651 1426 ell‘atus.

635 1470 718 1522 lll.
762 1469 963 1520 Interea
994 1466 1102 1536 jam
1135 1465 1311 1519 tnedio
1351 1465 1552 1533 prandii
1585 1474 1835 1532 peracto,
1865 1463 2014 1532 jubet
2045 1476 2137 1515 rex

564 1567 620 1611 ut
649 1558 929 1611 diaconum
961 1565 1219 1617 nostrum,
1250 1555 1336 1622 qui
1361 1563 1485 1606 ante
1513 1552 1651 1606 diem
1679 1553 1744 1606 ad
1775 1553 1958 1606 Missas
1990 1552 2137 1618 psal-

566 1665 708 1702 mum
752 1648 1145 1714 rcsponsorimn
1181 1658 1203 1685 α
1236 1646 1473 1708 dixerat,
1511 1660 1705 1700 canere
1726 1644 1989 1712 juberem.
2022 1644 2139 1710 Quo

565 1752 809 1805 canente,
840 1741 991 1809 jubet
1038 1740 1224 1793 iterum
1268 1738 1431 1800 mihi,
1480 1747 1537 1790 ut
1573 1751 1760 1790 omnes
1789 1735 2093 1789 sacerdotes
2118 1776 2134 1799 ,

566 1833 654 1902 qui
686 1832 925 1892 aderant,
958 1847 1052 1898 per
1082 1845 1253 1884 meam
1285 1828 1776 1891 commonitionem,
1808 1826 1945 1879 datis
1967 1841 2030 1879 ex
2062 1825 2142 1879 of-

572 1924 695 1975 licio
743 1937 840 1974 suo
891 1921 1115 1990 singulis
1159 1920 1405 1981 clericis,
1440 1932 1619 1970 coram
1667 1931 1789 1985 rege
1832 1916 2144 1985 iuberentur

566 2023 807 2068 cantare.
842 2014 942 2066 Per
971 2028 1055 2066 me
1076 2009 1541 2065 enimsccundutn
1570 2010 1709 2077 regis
1740 2009 2018 2077 imperium
2050 2008 2145 2062 ad-

570 2104 778 2168 moniti,
803 2105 1025 2172 quisque
1058 2111 1112 2155 ut
1143 2104 1313 2168 potuit
1335 2100 1386 2153 in
1420 2099 1556 2168 regis
1582 2103 1856 2164 praesentia
1884 2100 2143 2167 psalmum

570 2195 964 2262 responSorinm
996 2193 1294 2246 decantavit
1325 2189 1373 2244 ά.
1404 2192 1532 2244 Cum
1573 2198 1749 2244 autem
1784 2190 1981 2243 fercula
2022 2204 2144 2257 pro—

568 2286 854 2347 ferrentur,
888 2284 1020 2337 dixit
1051 2298 1141 2336 rex
1169 2300 1179 2333 :
1208 2286 1495 2349 Argentum
1531 2298 1691 2335 omne
1727 2281 1867 2349 quod
1900 2280 2141 2343 cernitis,

566 2376 841 2432 Mumtnoli
874 2374 1015 2428 illius
1041 2375 1237 2442 perjuri
1259 2372 1354 2425 fuit
1384 2372 1480 2441 (V.
1514 2374 1603 2427 lib.
1641 2389 1728 2435 in,
1761 2390 1875 2441 cap.
1899 2370 2010 2440 ΔΟ).
2035 2370 2144 2426 Sed

570 2484 735 2533 nunc,
766 2468 933 2535 gratia
968 2465 1180 2519 Domini
1213 2465 1476 2517 tribuente
1500 2506 1512 2529 ,
1546 2464 1594 2516 itt
1639 2474 1871 2516 rostram
1899 2463 2143 2515 domina-

572 2561 770 2612 tionem
804 2559 1113 2609 trans’atum
1142 2566 1258 2616 est;
1291 2570 1409 2607 nam
1457 2555 1759 2621 quindecim
1808 2570 1873 2606 ex
1916 2569 1981 2607 eo
2008 2554 2142 2607 cati-

572 2664 691 2711 nos,
723 2657 777 2699 ut
804 2648 958 2700 istum
988 2644 1242 2713 majorem
1273 2644 1508 2705 cernitis.
1532 2646 1639 2710 jam
1685 2646 1923 2711 concidi,
1956 2657 2005 2697 et
2038 2661 2141 2697 non

572 2739 760 2795 exinde
793 2738 1018 2803 amplius
1049 2748 1204 2801 quam
1242 2732 1401 2796 hunc,
1433 2743 1485 2785 et
1512 2734 1673 2786 alium
1718 2732 1785 2786 de
1813 2746 2026 2786 centum
2060 2749 2145 2787 se-

584 2830 853 2898 ptuaginta
890 2827 1039 2880 libris
1070 2824 1361 2879 reservavi.
1392 2824 1455 2877 Et
1482 2825 1606 2892 quid
1638 2825 1864 2891 amplius
1891 2839 2047 2890 quam
2078 2821 2143 2876 ad

570 2937 706 2988 upus
727 2918 1091 2987 quotidianum
1117 2931 1334 2970 necesse
1358 2928 1439 2969 est
1471 2930 1555 2968 me
1578 2914 1845 2968 retinere?
1874 2914 1988 2967 Non
2021 2929 2139 2980 ego,

571 3011 711 3080 quod
762 3009 910 3079 pejus
954 3018 1055 3071 est,
1088 3007 1247 3060 alium
1298 3007 1462 3060 [ilium
1499 3016 1692 3073 praeter
1738 3004 2140 3058 Cbildebertum

573 3103 763 3166 habeo,
786 3100 879 3153 ‘cui
921 3099 1049 3153 satis
1079 3099 1146 3151 sit
1175 3098 1243 3151 de
1285 3097 1548 3151 thesauris
1590 3112 1723 3164 quos
1754 3098 1800 3151 ei
1834 3106 1982 3164 pater
2015 3096 2143 3150 reli~

2242 557 2326 603 est
2354 550 2611 603 elevatus.
2648 548 2797 603 Unde
2836 547 2878 601 si
2924 546 3097 600 oratio
3127 554 3302 600 vestra
3332 547 3710 614 prosequitur,
3745 560 3841 613 po-

2241 639 2365 693 terit
2397 640 2500 701 hic.
2545 640 2772 693 Domino
2801 651 3067 692 annuente
3090 680 3106 705 ,
3138 652 3381 706 regnare.
3416 636 3545 691 llaec
3582 651 3723 706 rege
3753 639 3839 692 di-

2240 741 2416 793 cente,
2449 746 2639 784 otnnes
2678 732 2976 784 orationem
3009 730 3262 782 fuderunt
3304 729 3369 782 ad
3412 729 3749 795 Dominum,
3782 741 3843 786 ut

2238 830 2524 888 utrumque
2554 834 2732 888 regem
2759 818 2881 888 ejus
2909 820 3278 873 misericordia
3307 832 3687 874 conseri/aret.
3718 822 3835 875 Ad-

2235 910 2474 980 jecitque
2506 925 2593 963 rex
2624 926 2636 961 :
2667 910 2859 962 Verum
2909 911 3031 978 quia
3080 920 3250 963 mater
3279 912 3396 977 eius
3448 912 3835 966 Brunichildis

2241 1014 2327 1053 me
2356 1001 2585 1053 minatur
2614 1001 2941 1066 interimere,
2968 1002 3059 1055 sed
3093 1001 3224 1055 nihil
3254 1003 3381 1055 mihi
3404 1019 3471 1057 ex
3502 1004 3607 1058 hoc
3631 1004 3844 1058 formi—

2242 1090 2381 1144 dinis
2409 1101 2510 1145 est.
2546 1092 2804 1146 Dominus
2833 1095 2974 1148 enim
3002 1094 3089 1163 qui
3121 1111 3207 1149 me
3249 1096 3445 1163 eripuit
3472 1097 3541 1151 de
3573 1099 3841 1152 manibus

2244 1184 2581 1238 inimicorum
2621 1200 2865 1239 meorum
2890 1225 2909 1253 ,
2941 1196 2997 1239 et
3036 1186 3104 1240 de
3146 1187 3304 1255 hujus
3333 1188 3540 1243 insidiis
3578 1189 3842 1245 liberabit

2241 1291 2348 1329 me.

2313 1370 2375 1423 V.
2417 1368 2574 1423 Multa
2608 1379 2735 1426 tunc
2761 1380 2815 1426 et
2863 1372 2916 1425 in
2957 1372 3299 1427 Theodorum
3341 1382 3366 1410 ε
3400 1375 3626 1429 adversa
3674 1375 3835 1429 locst-

2241 1471 2322 1514 tus
2365 1471 2465 1522 est,
2515 1473 2837 1531 protestans,
2868 1464 3011 1532 quod
3056 1464 3099 1517 si
3147 1466 3213 1517 ad
3260 1466 3523 1535 synodum
3567 1470 3782 1521 veniret
3808 1510 3824 1530 ,

2239 1552 2429 1607 iterum
2478 1555 2667 1608 exsilio
2712 1556 3035 1622 traderetur,
3066 1558 3250 1610 dicens
3279 1576 3291 1611 z
3322 1557 3449 1613 Scio
3479 1560 3624 1613 enim
3674 1561 3826 1627 quod

2239 1642 2427 1698 borum
2454 1661 2611 1699 causa
2638 1663 2950 1713 germanum
2983 1665 3164 1702 meum
3201 1648 3563 1716 Chilpericum
3597 1652 3834 1705 interﬁci

2242 1731 2387 1786 fecit.
2423 1733 2660 1803 Denique
2692 1750 2788 1787 nec
2817 1750 2913 1789 nos
2944 1751 3038 1803 pro
3069 1738 3195 1790 viris
3229 1739 3419 1791 haberi
3444 1738 3740 1805 debemus,
3787 1742 3832 1792 si

2175 1827 2218 1886 Β
2246 1825 2362 1892 ejus
2396 1841 2579 1879 necem
2616 1827 2799 1880 ulcisci
2852 1844 2955 1881 non
2988 1829 3224 1882 valemus
3258 1829 3357 1881 hoc
3399 1846 3559 1883 anno.
3594 1829 3695 1885 Cui
3730 1845 3833 1896 ego

2246 1919 2497 1985 respondi
2524 1936 2537 1971 :
2564 1919 2629 1971 Et
2660 1918 2775 1987 quis
2806 1916 3167 1986 Chilpericum
3200 1921 3489 1985 interemit,
3520 1921 3623 1973 nisi
3667 1922 3837 1974 mali-

2246 2011 2317 2062 tia
2356 2024 2450 2061 sua
2484 2019 2678 2077 tuaque
2707 2010 2916 2064 oratio?
2947 2011 3136 2063 Multas
3167 2012 3306 2064 enim
3333 2012 3425 2063 tibi
3453 2019 3642 2064 contra
3668 2012 3837 2079 justio

2248 2099 2373 2153 tiam
2405 2100 2629 2153 tetendit
2654 2100 2897 2162 insidias,
2928 2116 3045 2169 qum
3082 2100 3129 2153 ei
3163 2100 3346 2153 mortis
3374 2100 3595 2154 exitium
3626 2100 3836 2154 intule-

2244 2186 2385 2243 runt.
2416 2189 2587 2255 Quod,
2619 2196 2676 2242 ut
2704 2191 2896 2254 dicam,
2930 2190 3081 2243 valde
3109 2190 3207 2243 hoc
3240 2206 3335 2258 per
3384 2193 3647 2244 visionem
3682 2206 3837 2243 som-

2245 2280 2315 2332 nii
2348 2280 2585 2345 inspexi,
2617 2295 2737 2332 cum
2771 2280 3007 2333 viderem
3033 2295 3153 2333 eum
3196 2296 3224 2333 a
3260 2294 3308 2334 te
3341 2291 3620 2334 tonsorato
3650 2280 3837 2347 capite

2244 2370 2391 2439 quasi
2433 2369 2741 2438 episcopum
2787 2370 3046 2435 ordinari,
3076 2371 3268 2423 deinde
3313 2386 3474 2440 super
3516 2372 3834 2426 cathedram

2248 2476 2429 2525 puram
2460 2460 2571 2513 sola
2606 2461 2824 2527 fuligine
2856 2457 2874 2497 ί
2911 2472 3103 2513 tectam
3146 2461 3450 2528 imp0~ituut
3494 2463 3619 2515 ferri
3648 2502 3662 2523 ,
3692 2477 3837 2529 pra-

2246 2550 2545 2604 lucentibus
2566 2566 2745 2605 coram
2775 2568 2839 2604 eo
2872 2551 3081 2620 lychnis
3104 2566 3165 2603 ac
3198 2553 3395 2606 cereis.
3430 2551 3512 2604 Me
3544 2552 3664 2604 hate
3698 2566 3836 2605 uar-

2246 2653 2421 2708 rante,
2468 2656 2559 2695 rex
2605 2644 2677 2693 ait
2707 2657 2721 2694 :
2753 2641 2867 2694 Vidi
2899 2654 2951 2694 ct
2994 2658 3093 2711 ego
3121 2642 3285 2712 380
3323 2643 3481 2695 aliam
3523 2642 3787 2696 visionem
3815 2683 3834 2707 ,

2245 2749 2365 2803 qum
2394 2732 2549 2803 hujus
2583 2734 2854 2787 interitum
2888 2736 3170 2787 nuntiavit.
3196 2736 3574 2789 Adducebatur
3599 2738 3749 2789 enim
3776 2738 3834 2790 in

2247 2833 2542 2892 conSpectu
2587 2842 2708 2879 meo
2738 2842 2767 2879 a
2812 2827 2981 2881 tribus
3027 2830 3294 2896 episcopis
3322 2830 3529 2883 vinetus
3576 2842 3834 2893 catenis,

2244 2932 2472 2983 quorum
2503 2933 2640 2970 unus
2665 2918 2931 2982 Tetricus,
2956 2920 3091 2972 alios
3121 2921 3366 2988 Agricola
3400 2931 3446 2984 ε,
3480 2922 3668 2975 tertius
3697 2938 3837 2977 vero

2246 3005 2483 3059 Nicetius
2513 3007 2880 3075 Lugdunensis
2910 3022 3047 3076 erat,
3078 3026 3108 3065 e
3143 3014 3335 3079 quibus
3366 3014 3620 3067 dicebant
3666 3016 3781 3068 duo
3814 3034 3828 3069 :

2246 3097 2469 3161 Solvite,
2502 3115 2807 3164 qmesumus
2831 3144 2843 3168 ,
2874 3116 2995 3153 eum
3017 3141 3031 3165 ,
3066 3108 3121 3155 et
3146 3105 3462 3171 castigatum
3505 3104 3658 3158 abire
3702 3121 3828 3172 per-

571 3194 685 3263 quit
714 3211 726 3245 :
760 3202 814 3247 et
858 3208 974 3260 qua:
1004 3191 1112 3259 jam
1160 3191 1224 3242 de
1278 3190 1433 3255 hujus
1465 3188 1750 3242 miSerrimi
1797 3189 1955 3243 rebus
1979 3230 1994 3252 ,
2027 3204 2144 3257 quae
2172 3180 2216 3241 C
2251 3189 2464 3242 mittite.
2492 3189 2695 3253 Quibus
2721 3190 3023 3243 econtrario
3047 3205 3166 3244 cum
3193 3194 3551 3248 amaritudine
3580 3193 3829 3248 Tetricus

582 3284 848 3338 Aviuione
880 3282 1109 3334 inventae
1137 3290 1279 3341 sunt,
1306 3280 1664 3332 transmittere
1694 3279 1890 3331 curavi.
1928 3279 2143 3347 Reliqua

573 3385 699 3426 vero
728 3384 1014 3439 pauperum
1047 3378 1103 3424 et
1140 3368 1486 3423 ecclesiarum
1537 3377 1694 3423 erunt
1740 3369 2144 3424 necessitatibus

574 3466 876 3518 tribuenda.

645 3551 735 3606 ιν.
780 3551 949 3607 Unum
988 3567 1084 3606 vos
1117 3551 1482 3605 tantummodo
1507 3595 1521 3617 ,
1556 3553 1863 3606 sacerdotes
1897 3552 2143 3617 Domini,

576 3640 857 3709 deprecor,
891 3651 949 3695 ut
977 3658 1072 3711 pro
1097 3641 1204 3695 lilio
1232 3658 1350 3695 meo
1375 3642 1719 3695 Childeberto
1743 3641 1952 3695 Domini
1987 3644 2145 3697 mise—

575 3731 860 3785 ricordiam
889 3733 1050 3803 379
1070 3732 1324 3787 esoretis.
1356 3732 1444 3785 Est
1472 3733 1612 3787 enim
1647 3733 1727 3785 vir
1754 3732 1967 3802 sapiens
1988 3744 2146 3802 atque

576 3821 743 3887 utilis,
775 3831 830 3874 ut
860 3824 928 3874 de
972 3822 1259 3875 multorum
1309 3837 1567 3875 annorum
1600 3837 1715 3875 aevo
1746 3823 1829 3875 vix
1862 3823 1930 3876 ita
1959 3834 2148 3877 cautus

578 3914 739 3967 holtto
770 3917 988 3983 reperiri
1023 3916 1190 3984 possit
1219 3929 1281 3968 ac
1310 3924 1580 3968 strenuus.
1604 3914 1735 3980 Quia
1762 3915 1805 3966 si
1839 3914 1978 3968 hunc
2007 3915 2146 3968 Deus

574 4007 659 4062 bis
687 4007 871 4062 Galliis
900 4007 1200 4062 concedere
1240 4006 1567 4076 dignabitur,
1603 4007 1845 4061 fortassis
1892 4020 2014 4073 spes
2043 4008 2146 4061 erit

572 4100 641 4152 de
672 4102 858 4153 eodem
881 4109 1094 4169 gentem
1126 4109 1383 4161 nostram,
1414 4113 1532 4165 quae
1564 4097 1716 4152 valde
1746 4099 2009 4151 exinanita
2039 4108 2141 4165 est,

580 4205 738 4259 posse
767 4204 1111 4261 consurgere.
1145 4188 1296 4253 Quod
1346 4189 1457 4242 ﬁeri
1499 4191 1647 4254 juxta
1684 4186 1802 4257 ejus
1845 4192 2148 4243 misericor-

574 4285 716 4334 diam
756 4297 860 4335 non
892 4282 1095 4341 dil‘lido,
1128 4296 1192 4333 eo
1222 4280 1360 4348 quod
1396 4280 1500 4332 tale
1531 4279 1689 4333 fuerit
1719 4279 1868 4345 pueri
1899 4281 2143 4332 nativita-

579 4373 646 4423 tis
675 4371 1014 4439 prmsagium.
1065 4370 1194 4423 Nam
1238 4371 1289 4422 in
1333 4368 1417 4421 die
1458 4377 1642 4422 sancto
1688 4369 1939 4434 Pascha},
1970 4379 2146 4424 stante

581 4461 747 4513 fratre
775 4476 893 4513 meo
920 4461 1183 4528 Sigiberto
1213 4460 1262 4512 itt
1294 4461 1541 4523 ecclesia,
1574 4462 1895 4527 proci-dente
1919 4461 2145 4516 diacono

2246 3280 2530 3349 episc0pus
2553 3283 2910 3350 respondebat
2933 3298 2947 3335 :
2970 3283 3084 3337 Non
3119 3285 3210 3338 lict
3236 3284 3326 3349 ita,
3351 3286 3446 3339 sed
3473 3287 3580 3355 igni
3611 3302 3832 3342 concrec

2248 3375 2481 3428 mahitur
2509 3391 2604 3443 pro
2628 3377 2921 3430 sceleribus
2946 3379 3080 3432 suis.
3116 3378 3181 3431 Et
3209 3394 3329 3433 cum
3375 3380 3466 3433 diu
3499 3384 3833 3451 multuqu

2248 3469 2396 3536 quasi
2442 3469 2757 3524 altercantes
2806 3471 2919 3523 haec
2968 3472 3109 3525 inter
3157 3487 3215 3526 se
3264 3473 3425 3525 verba
3468 3475 3828 3541 proferrent,

2248 3560 2521 3625 conspicio
2549 3561 2757 3612 ominus
2783 3575 2992 3613 aeneum
3039 3575 3202 3628 super
3234 3564 3409 3631 ignem
3441 3564 3675 3630 positum
3722 3565 3831 3619 fer-

2247 3664 2373 3703 vete
2400 3649 2766 3704 vehementer.
2801 3649 2953 3705 Tunc
2982 3667 3065 3705 me
3097 3652 3290 3720 ﬂente,
3325 3655 3721 3721 apprehensum
3752 3658 3832 3709 in-

2251 3740 2457 3793 lelicem
2493 3740 2859 3809 Chilpericmn
2910 3742 3199 3797 confractis
3246 3745 3503 3798 membris
3535 3747 3827 3814 projiciunt

2249 3832 2302 3886 in
2332 3847 2563 3886 aineum.
2589 3832 2695 3886 Nec
2717 3849 2887 3897 mora,
2914 3836 3051 3888 inter
3071 3835 3331 3889 undarum
3363 3852 3591 3906 vapores
3622 3840 3695 3892 ita
3721 3840 3833 3894 dis-

2252 3923 2463 3976 solutus
2499 3938 2562 3977 ac
2607 3924 2919 3991 liquefactus
2945 3934 3061 3993 est,
3091 3937 3149 3980 ut
3184 3928 3385 3981 nullum
3419 3944 3484 3983 ex
3525 3944 3593 3983 eo
3621 3931 3832 3997 penitus

2254 4010 2507 4065 indicium
2541 4024 2863 4069 remaneret.
2892 4013 3018 4069 Htec
3064 4031 3188 4084 rege
3229 4019 3477 4087 dicente,
3506 4021 3825 4075 admiranti-

2253 4102 2354 4155 bus
2386 4103 2563 4167 nobis,
2593 4104 2751 4172 epulo
2781 4106 2992 4173 expleto
3017 4108 3367 4161 surreximus.

2319 4191 2407 4247 Vl.
2450 4191 2561 4245 Rex
2592 4194 2751 4262 igitur
2780 4194 2831 4246 in
2857 4195 3145 4248 crastinum
3204 4197 3255 4248 in
3313 4198 3650 4252 venstimiem
3708 4214 3831 4266 pro-

2246 4296 2460 4350 gressus
2488 4292 2570 4337 est
2594 4300 2608 4348 ;
2639 4298 2742 4351 quo
2771 4286 3048 4347 redeunte,
3079 4284 3438 4340 Garacharius
3466 4302 3656 4341 comes
3690 4288 3823 4340 Bur-

2250 4374 2550 4442 degalensis
2573 4385 2732 4441 atque
2755 4374 3026 4429 Bladastes
3047 4390 3076 4427 a
3100 4376 3254 4429 nobis
3276 4377 3644 4445 reprmsentati
3667 4386 3822 4431 sunt:

2248 4466 2369 4532 qui,
2397 4476 2451 4518 ut
2479 4468 2724 4533 superius
2753 4466 3002 4536 diximus,
3047 4468 3101 4521 in
3145 4468 3363 4523 basilica
3404 4472 3573 4523 sancti
3605 4469 3821 4524 Martini

578 4567 698 4603 cum
729 4559 913 4604 saneto
943 4552 1351 4619 Evangeliorum
1384 4550 1519 4602 libro
1545 4591 1559 4612 ,
1592 4554 1809 4605 tmntius
1841 4554 1951 4620 regi
1982 4554 2142 4607 adve-
2176 4542 2228 4603 1)
2254 4554 2558 4623 confugium
2609 4555 2873 4621 fecerant,
2907 4574 3004 4625 pro
3044 4573 3112 4612 eo
3140 4561 3279 4627 quod
3318 4561 3671 4614 tinndovaldo
3697 4576 3827 4617 con-

579 4642 677 4704 nit,
702 4654 912 4709 unaque
933 4657 1033 4693 vox
1066 4641 1161 4694 luit
1194 4640 1580 4707 pronuntiantis
1603 4642 1885 4696 lectionem
1917 4658 2146 4711 evange-

578 4732 756 4795 licatn,
788 4746 850 4785 ac
881 4732 1047 4785 nuntii
1074 4731 1340 4785 dicentis:
1368 4729 1532 4783 Filius
1565 4740 1717 4783 natus
1743 4738 1827 4784 est
1857 4733 1972 4795 tibi,
2005 4732 2145 4785 unde

576 4822 773 4876 factum
803 4831 919 4888 est,
953 4833 1010 4875 ut
1041 4823 1211 4876 omnis
1244 4822 1465 4891 populus
1520 4822 1572 4876 in
1606 4833 1830 4892 utraque
1859 4823 2131 4877 annuntia-

577 4914 721 4966 tiouo
750 4913 1102 4980 proclamaret
1130 4914 1367 4979 pariter:
1392 4912 1570 4967 Gloria
1616 4912 1727 4965 Deo
1768 4912 2141 4977 omnipotenti.

577 5006 680 5071 sed
705 5005 1027 5073 baptismum
1059 5003 1110 5056 in
1140 5002 1227 5057 die
1255 5016 1440 5057 sancto
1463 5004 1806 5057 Pentecostes
1835 5005 2066 5072 accepit.
2090 5015 2145 5057 et

646 5148 673 5175 ⁸
711 5138 864 5194 Colo.
889 5154 968 5204 ι,
991 5146 1037 5192 et
1068 5146 1115 5190 te
1142 5136 1415 5191 excusabas
1444 5150 1531 5204 per
1558 5135 1766 5187 litteras.

642 5208 673 5247 δ
713 5210 953 5265 Nicasius
985 5207 1395 5268 Incnlismensis,
1427 5205 1494 5257 de
1525 5220 1626 5272 quo
1657 5205 1749 5256 lib.
1782 5220 1857 5269 tx,
1889 5222 2007 5276 cap.
2047 5209 2139 5263 41.

574 5280 832 5334 Antistius
873 5294 999 5332 vero
1047 5277 1368 5346 Aginnensis
1398 5281 1516 5327 erat
1554 5276 1854 5342 episcopus.
1909 5278 2142 5345 υιριιμιθ

576 5350 891 5416 subscripsit
915 5348 1081 5401 Cone.
1117 5348 1317 5399 Matisc.
1352 5359 1409 5397 tt.

653 5430 673 5452 "-
716 5411 983 5471 Hodierno
1011 5416 1259 5469 Graduali
1297 5428 1389 5467 seu
1424 5411 1631 5463 Gradali
1663 5414 1966 5478 respondet.
1994 5416 2143 5470 Psal—

578 5489 683 5551 mi,
714 5487 801 5555 qui
832 5498 949 5552 post
977 5486 1263 5548 Epistolam
1309 5486 1640 5555 cantabatur,
1672 5486 1913 5537 ntctnintt
1945 5488 2139 5550 possint

578 5552 916 5625 Augustinus.
953 5555 1079 5625 Vide
1118 5553 1423 5607 Menardum
1471 5552 1523 5603 in
1569 5564 1893 5606 sacratncnt.
1940 5555 2135 5623 Grego-

574 5623 801 5694 rizttittttt,
840 5641 956 5694 pag.
987 5623 1112 5678 568.

588 5708 594 5715 '
644 5692 669 5733 δ
709 5690 860 5750 (Ζοιυ.
892 5690 964 5749 ID.
990 5698 1154 5760 prima
1179 5706 1358 5757 manu,
1389 5690 1622 5747 cantavit.
1650 5691 1889 5747 Clericus
1920 5705 2036 5758 post
2059 5696 2139 5747 di—

572 5780 714 5819 ctum
758 5769 823 5819 ab
863 5763 1113 5830 episcopo
1142 5778 1351 5814 versum
1383 5764 1602 5829 psalmi,
1650 5766 1993 5829 antiphonarn
2041 5782 2132 5818 St'tl

2247 4646 2423 4715 juncti
2457 4648 2701 4702 fuissent.
2730 4648 2860 4703 Nam
2897 4664 3019 4704 cum
3062 4653 3211 4719 prius
3239 4666 3334 4719 pro
3375 4652 3463 4705 hic
3508 4655 3829 4720 deprecatus

2252 4739 2379 4791 nihil
2402 4740 2642 4793 obtinere
2662 4743 2969 4809 potuissem,
2992 4742 3106 4796 htec
3122 4744 3174 4795 in
3194 4742 3443 4809 sequenti
3454 4742 3669 4797 loeutus
3682 4758 3823 4797 sum:

2251 4832 2461 4896 Audiat,
2494 4846 2527 4883 ο
2556 4846 2675 4894 rex,
2709 4842 2942 4898 petestas
2970 4843 3077 4885 tua.
3122 4832 3261 4886 Ecce
3300 4850 3328 4884 a
3361 4832 3590 4888 Domino
3610 4848 3742 4887 usus
3764 4833 3821 4887 iss

2254 4922 2516 4990 legatione
2544 4921 2609 4975 ad
2643 4932 2695 4976 te
2712 4921 2949 4977 directus
2980 4938 3099 4976 sum
3130 4924 3256 4977 :sed
3282 4925 3404 4990 quid
3428 4926 3754 4978 renuntiabo
3773 4925 3832 4997 ei.

2252 5012 2341 5076 qui
2372 5026 2457 5065 me
2486 5012 2654 5078 misit,
2681 5027 2803 5066 cum
2850 5012 2979 5067 nihil
3017 5013 3148 5067 mihi
3193 5017 3434 5082 responsi
3471 5016 3702 5072 reddere
3728 5031 3818 5071 ve-

2250 5158 2564 5211 responsum
2595 5143 2982 5213 subiungebat,
3018 5158 3084 5196 eo
3113 5144 3272 5197 modo
3322 5161 3427 5214 quo
3456 5145 3508 5201 in
3551 5147 3729 5202 Missis
3771 5165 3821 5202 tv

2253 5222 2547 5294 temporum
2580 5214 2844 5281 hodieque
2885 5215 3148 5267 canticum
3179 5216 3338 5269 trium
3368 5219 3660 5272 Puerorum
3690 5233 3823 5273 con-

2249 5298 2496 5338 CIIIIIIIIIS.

2327 5364 2349 5389 ο
2392 5354 2441 5406 Is
2462 5363 2581 5425 erat
2617 5352 2961 5425 Massiliensis
2989 5353 3269 5423 episcopus
3290 5394 3306 5421 ,
3348 5354 3413 5409 de
3452 5370 3557 5424 quo
3585 5355 3732 5425 plura
3767 5358 3819 5409 in

2253 5423 2385 5474 liltrt)
2412 5424 2641 5483 superior
2657 5423 2692 5475 i.

2324 5491 2340 5528 ί
2385 5491 2540 5544 Frcb.
2572 5494 2667 5556 al.,
2698 5492 2852 5545 nullis
2880 5493 3058 5559 palleis
3084 5501 3285 5545 tectam.

2323 5570 2347 5607 κ
2388 5562 2630 5614 Tetricus
2660 5563 3026 5629 Lingonensis,
3054 5563 3297 5628 Agricola
3325 5578 3452 5616 vero
3477 5562 3816 5618 Cabillonen-

2246 5631 2338 5683 sis.
2376 5629 2476 5683 Ριο
2505 5629 2733 5684 Tetricus
2772 5632 2923 5685 Colb.
2963 5647 3015 5684 a.
3047 5632 3141 5685 alt.
3184 5646 3345 5685 manu
3386 5635 3545 5688 habet
3575 5633 3793 5687 Τερεισὶ

2246 5716 2353 5765 cus,
2385 5710 2434 5751 ct
2464 5704 2542 5753 sic
2571 5700 2727 5753 inira.
