4096 6344
165 327 297 383 435

1132 328 1448 386 HISTORIA
1492 322 1944 383 FRANCORUM.
1989 325 2188 381 LIBER
2226 325 2565 383 OCTAVUS.

3355 322 3460 385 ‘34

165 448 291 502 lis?
326 452 398 503 At.
437 446 525 502 ille
568 447 971 516 obstupefactus
1016 448 1125 500 ait:
1157 450 1222 502 Et
1258 465 1377 518 quis
1404 462 1487 505 est
1524 453 1774 502 dominus
1804 446 1849 502 Α
1880 452 2096 498 Vttatem
2125 448 2288 517 382
2317 462 2483 501 sancit
2527 445 2749 501 Joannis
2776 442 2802 482 δ
2842 443 3205 507 exhiberetur,
3237 445 3332 499 sed
3363 462 3463 503 nec

165 553 339 605 tuus,
372 540 461 607 qui
493 549 544 594 te
582 540 727 595 misit
751 540 895 594 ‘l'Cni
928 555 1027 607 ego
1055 542 1341 595 subridens
1370 560 1382 595 :
1416 544 1607 596 Beatus
1638 543 1777 597 Mar-

166 636 360 699 tinus,
397 632 609 701 iuquio,
640 633 785 686 misit
814 649 921 687 tne.
955 634 1104 689 Tunc
1127 634 1216 688 ille
1247 635 1402 706 jussit
1431 635 1535 690 sibi
1577 650 1775 701 reprae-

170 726 400 779 sentari
425 728 591 778 viros.
626 725 731 780 Sed
760 741 880 779 cum
922 726 974 779 in
1005 727 1122 792 ejus
1149 736 1442 796 conspectu
1475 728 1773 789 venissent,

162 816 395 870 multas
427 817 507 869 eis
537 816 788 884 perfidias
818 832 881 871 ac
920 817 1149 886 perjuria
1180 819 1545 885 exprobravit,
1578 834 1776 873 vocans

165 921 282 959 ens
322 905 520 975 szepius
546 907 734 975 vulpes
774 906 1079 975 ingeniosas
1108 924 1121 960 :
1149 909 1242 962 sed
1274 910 1509 964 restituit
1535 925 1628 963 eos
1654 924 1775 977 gra-

168 1010 269 1048 tiae
310 1010 447 1059 suat,
479 996 711 1051 reddens
735 1012 853 1065 qua:
882 997 987 1050 illis
1013 998 1187 1052 ablata
1217 999 1443 1055 fuerant.

257 1084 386 1141 VII.
427 1086 758 1142 Adveniente
786 1104 999 1158 quoque
1021 1090 1109 1145 die
1156 1091 1452 1157 Dominico,
1481 1108 1569 1147 rex
1602 1094 1777 1148 eccle-

174 1176 329 1230 siam
361 1176 426 1228 ad
458 1177 756 1245 spectanda
792 1187 817 1215 ι
849 1179 1130 1234 Missarnm
1180 1182 1442 1237 solemnia
1475 1184 1638 1251 petit;
1670 1185 1778 1238 fra-

168 1275 299 1321 tres
340 1265 617 1339 [episeOpi]
664 1286 793 1324 vero
837 1272 1355 1340 consacerdotesque
1383 1276 1473 1343 qui
1526 1276 1772 1342 aderant,

175 1359 371 1411 locum
394 1360 629 1412 Palladio
656 1362 915 1430 episcopo
936 1363 1001 1416 ad
1028 1365 1231 1433 agenda
1258 1364 1389 1419 feSIa
1411 1366 1772 1434 prtebuerttnt.

171 1450 308 1517 Quo
361 1452 652 1518 incipiente
704 1454 1061 1521 pt-Ophetiam,
1094 1457 1252 1527 381
1292 1458 1400 1512 ilex
1440 1458 1773 1528 intermgat,

172 1547 311 1611 quis
341 1553 505 1598 esset.
550 1544 792 1614 Cumque
843 1547 1139 1602 Palladium
1183 1552 1490 1621 episcopum
1538 1556 1777 1609 initiasse

182 1637 662 1700 pronuntiassent,
696 1637 875 1692 statim
909 1651 1211 1694 commotus
1245 1658 1338 1693 rex
1377 1644 1452 1696 ait
1481 1645 1617 1710 :Qui
1644 1645 1774 1698 mihi

174 1739 406 1786 semper
445 1726 670 1779 infidelis
701 1738 751 1781 et
802 1731 1037 1795 perﬁdus
1080 1731 1204 1799 fuit,
1254 1734 1347 1787 ille
1388 1751 1529 1790 nunc
1566 1746 1772 1790 sacrata

1878 548 2001 594 tunc
2027 541 2191 593 venit.
2242 540 2518 593 Moverunt
2564 540 2742 607 itaque
2773 553 2857 591 nte
2888 552 2979 605 per
3022 547 3231 605 tempus
3280 539 3464 591 Sterile

1876 631 1945 686 de
1975 633 2091 685 loco
2134 631 2220 685 ubi
2254 632 2597 685 habitabant:
2630 630 2749 685 veni
2784 631 2960 699 igitur,
2989 639 3043 683 et
3067 645 3192 683 ecce
3237 630 3465 683 abscon—

1874 724 2040 786 ditttr,
2073 739 2173 778 nec
2209 725 2505 778 ostenditur
2536 723 2665 777 mihi
2700 738 2847 782 puer.
2885 722 3056 786 Unde,
3089 731 3346 790 quantum
3380 720 3462 772 in-

1878 817 2080 884 telligo,
2122 815 2252 868 nihil
2303 826 2383 868 est
2431 816 2571 885 quod
2624 814 2969 883 promittitur,
3008 812 3136 877 sed,
3181 820 3239 864 ut
3274 813 3459 875 credo,

1876 905 2101 977 alicujus
2128 922 2193 960 ex
2221 906 2462 959 leudibus
2491 906 2687 958 nostris
2709 905 2776 956 sit
2802 904 2967 968 filius;
2993 918 3114 956 nam
3141 904 3183 955 si
3208 902 3275 955 de
3297 900 3466 965 stirpe

1878 1007 2060 1051 nostra
2088 995 2303 1057 fuisset,
2328 997 2394 1048 ad
2423 1010 2508 1049 me
2534 995 2713 1064 utique
2740 993 2925 1047 fuisset
2951 994 3284 1061 deportatus.
3318 992 3463 1046 Ideo-

1877 1104 1981 1152 que
2028 1087 2307 1150 noveritis,
2338 1086 2459 1155 quia
2491 1100 2521 1138 a
2550 1099 2636 1138 me
2675 1100 2778 1137 non
2820 1082 3125 1151 suscipitur,
3167 1084 3265 1137 nisi
3315 1092 3462 1138 certa

1876 1178 1945 1232 de
1974 1192 2038 1232 eo
2077 1192 2397 1248 cegnoseatn
2428 1176 2644 1229 iudicia.
2679 1175 2803 1229 Haec
2835 1177 3058 1230 audiens
3100 1174 3466 1243 Fredegnndis

1878 1273 2081 1339 regina,
2113 1272 2415 1340 conjunctis
2445 1271 2711 1340 prioribus
2740 1270 2889 1342 regni
2934 1269 3052 1333 sui,
3098 1270 3149 1322 id
3181 1283 3264 1322 est
3296 1269 3471 1322 tribus

1878 1365 2147 1433 episcopis
2176 1374 2230 1418 et
2276 1366 2530 1418 trecentis
2562 1364 2690 1416 viris
2731 1362 2971 1431 optimis,
3002 1369 3336 1413 sacramenta
3368 1359 3467 1413 de-

1886 1455 2079 1510 derunt
2111 1456 2252 1509 hunc
2278 1470 2306 1507 a
2337 1455 2641 1523 Chilperico
2671 1470 2793 1522 rege
2832 1464 3142 1522 generatum
3174 1451 3339 1506 fuisse
3367 1470 3381 1506 :
3410 1461 3466 1506 ct

1878 1552 1955 1604 sic
1978 1551 2210 1614 suspirio
2239 1551 2306 1603 ab
2329 1550 2512 1603 animo
2542 1548 2682 1615 regis
2708 1559 2729 1586 ο
2761 1548 2935 1601 ablata
2963 1556 3064 1599 est.

1951 1640 2018 1693 x.
2065 1642 2301 1708 Denique
2345 1656 2463 1693 cum
2498 1641 2767 1692 interitum
2800 1636 3096 1691 Meroveclti
3125 1644 3284 1704 atque
3311 1632 3467 1687 Chlo-

1880 1731 2105 1787 dovechi
2160 1730 2354 1799 saepius
2402 1731 2810 1793 lamentaretur,
2859 1729 3193 1795 nesciretque
3243 1725 3329 1779 ubi
3376 1741 3473 1777 eos

176 1816 350 1869 verba
389 1818 745 1884 praedii-abit?
780 1820 1033 1888 Egredior
1058 1838 1278 1887 prorsus
1304 1825 1371 1878 ab
1396 1829 1492 1881 hac
1523 1829 1771 1891 ecclesia,
1807 1816 1856 1875 B
1884 1834 2161 1891 postquam
2213 1820 2590 1875 interfecerant
2613 1866 2625 1887 ,
2662 1820 3042 1889 proiecissent,
3081 1818 3227 1871 venit
3268 1818 3335 1871 ad
3385 1833 3464 1871 re-

178 1922 253 1958 ne
304 1908 579 1965 inimicum
626 1928 802 1967 meum
847 1916 1060 1969 antliam
1112 1918 1510 1984 praedicantem.
1552 1922 1617 1976 Et
1659 1925 1774 1979 lucc

179 2000 400 2066 dicens,
432 2003 612 2071 egredi
645 2008 807 2072 t'wpit
845 2009 1149 2062 ecclesiam.
1189 2015 1340 2065 't'unc
1366 2016 1663 2068 t-onturbati
1691 2032 1775 2082 sa-

178 2093 437 2147 cerdotes
468 2096 535 2148 de
575 2097 755 2152 fratris
788 2101 1107 2167 humilitate,
1141 2104 1390 2160 dixerunt
1434 2112 1582 2175 regi:
1614 2108 1775 2162 Vidi-

178 2201 307 2241 mus
336 2188 478 2241 enim
511 2206 631 2271 eum
655 2195 903 2247 convivio
935 2206 1022 2247 tuo
1041 2197 1252 2262 adesse,
1284 2214 1346 2252 ac
1372 2202 1439 2253 de
1463 2200 1582 2269 ejus
1613 2217 1772 2257 manu

182 2285 241 2328 te
284 2278 720 2336 benedictionem
771 2287 1046 2353 accipere;
1079 2299 1131 2342 et
1176 2305 1273 2343 cur
1319 2306 1439 2345 eum
1490 2309 1631 2346 nunc
1680 2309 1773 2348 rex

182 2371 547 2431 aspernatur?
577 2371 633 2425 Si
680 2374 820 2425 enim
869 2376 1158 2430 scissemus
1187 2378 1280 2431 tibi
1326 2396 1571 2446 exosum,
1605 2383 1775 2437 decli-

184 2472 476 2513 nassetnns
506 2462 687 2529 utique
717 2465 783 2517 ad
815 2466 999 2531 alium,
1034 2471 1120 2536 qui
1153 2470 1264 2522 haec
1290 2486 1447 2538 agere
1475 2474 1770 2529 debuisset.

186 2550 364 2612 Nunc,
398 2551 441 2604 si
473 2555 759 2620 permittis,
790 2559 1025 2611 celebret
1051 2576 1166 2627 quae
1190 2564 1387 2626 empit:
1419 2563 1469 2617 in
1505 2576 1773 2632 posterum

185 2652 367 2697 autem
417 2645 461 2699 si
513 2648 711 2714 aliquid
762 2654 1115 2717 oppestteris,
1159 2656 1435 2709 canonica;
1485 2658 1777 2714 sanetionis

183 2751 418 2790 censura
467 2740 700 2795 finiatur.
750 2740 865 2794 Jam
910 2744 1048 2795 enim
1099 2746 1365 2800 Palladius
1393 2750 1676 2817 episcopus
1724 2753 1774 2804 in

184 2830 489 2881 sacrarium
522 2846 641 2884 cum
681 2836 866 2899 grandi
914 2835 1216 2891 humilitate
1253 2840 1593 2896 discesserat.
1628 2843 1778 2900 Tunc

188 2932 285 2971 rex
306 2918 469 2985 jussit
498 2936 618 2971 eunt
650 2925 916 2991 remi-ari,
958 2937 1005 2979 et
1053 2928 1133 2980 sic
1162 2944 1279 2993 qua:
1312 2946 1471 2998 agere
1499 2946 1738 3001 cmperat
1760 2977 1774 3000 ,

189 3010 480 3063 expedivit.
510 3010 643 3063 Nam
674 3028 792 3064 enm
842 3015 1033 3069 iterato
1062 3019 1126 3069 ad
1153 3021 1454 3074 convivium
1486 3025 1627 3090 regis
1660 3025 1784 3079 Pal-

193 3100 363 3152 ladius
389 3114 547 3170 atque
586 3104 1001 3159 llertchratnntts
1029 3108 1180 3159 asciti
1228 3109 1493 3173 fuissent,
1521 3117 1777 3169 commoti

1877 1930 1996 1983 gent
2032 1915 2192 1967 homo
2220 1914 2309 1982 qui
2342 1915 2583 1966 diceret:
2630 1914 2683 1966 Si
2719 1914 2846 1964 mihi
2888 1912 3215 1965 contrarium
3248 1911 3299 1963 in
3342 1924 3468 1976 pos—

1880 2013 2052 2057 terum
2078 2020 2185 2057 non
2217 2004 2465 2068 habetur,
2493 2002 2739 2056 indicabo
2761 2004 2810 2055 in
2836 2018 2939 2069 quo
2966 2004 3080 2054 loco
3105 1999 3472 2053 Chlndovcchi

1878 2094 2107 2149 cadaver
2135 2096 2205 2147 sit
2248 2093 2503 2162 positum.
2536 2093 2743 2146 Jnravit
2788 2108 2882 2146 rex
2929 2090 3058 2144 ttihil
3088 2091 3135 2143 ei
3184 2090 3474 2143 molestum

1882 2186 2028 2250 ﬁeri,
2062 2184 2159 2239 sed
2191 2187 2363 2250 potius
2394 2184 2706 2237 muneribus
2737 2181 3001 2250 ampliari.
3034 2181 3185 2234 Tunc
3210 2180 3298 2233 ille
3324 2197 3335 2231 :
3366 2178 3471 2233 Ve-

1879 2277 2124 2341 ritatem,
2148 2274 2353 2341 inquit,
2384 2288 2468 2327 tne
2499 2272 2671 2339 loqui,
2699 2286 2731 2325 ο
2758 2287 2849 2324 rex
2873 2313 2888 2337 ,
2916 2272 3028 2338 ipsa
3058 2271 3191 2322 ratio
3217 2286 3332 2337 qua:
3354 2281 3474 2323 aeta

1879 2378 1961 2421 est
2002 2366 2399 2433 eotnprobabit.
2448 2364 2580 2418 Nam
2610 2363 2823 2431 quando
2866 2362 3277 2416 tihlodnveeltus
3305 2362 3473 2415 inter-

1882 2461 2052 2515 fectus
2079 2469 2196 2522 εει,
2228 2473 2292 2511 ac
2317 2458 2415 2510 sub
2444 2456 2714 2509 stillicidio
2737 2451 2954 2507 oratorii
2983 2452 3259 2522 cujusdam
3288 2451 3467 2519 sepul-

1882 2564 1990 2614 tus,
2025 2560 2270 2605 metuens
2299 2549 2480 2616 regina
2512 2561 2580 2601 ne
2619 2545 2904 2614 aliquando
2933 2545 3180 2598 inventus
3209 2558 3333 2597 cum
3366 2542 3468 2594 ho-

1884 2658 2015 2695 nore
2039 2641 2379 2708 sepeliretur,
2404 2636 2571 2705 jussit
2600 2652 2719 2691 eum
2751 2636 2802 2689 in
2832 2637 3045 2688 alveum
3094 2634 3345 2687 Matronae
3373 2632 3472 2705 ﬂu-

1886 2733 2044 2786 tninis
2086 2730 2294 2799 projici.
2325 2729 2477 2783 Tunc
2504 2729 2638 2782 intra
2673 2728 2874 2796 lapsum
2900 2726 2951 2792 ἀ,
2985 2726 3121 2793 quod
3152 2740 3312 2793 opt-re
3354 2739 3475 2775 meo

1884 2825 1950 2877 ad
1972 2822 2353 2890 capiendorum
2379 2820 2599 2886 piscium
2624 2819 2991 2871 necessitatem
3022 2831 3470 2884 praeparaverant,

1886 2915 2084 2984 reperi.
2112 2915 2218 2970 Sed
2246 2929 2363 2968 eum
2390 2914 2691 2980 ignorarem
2718 2911 2961 2978 qniSnam
2991 2919 3167 2972 esset,
3196 2925 3224 2961 a
3251 2912 3470 2964 casaric

1888 3010 2095 3077 prolixa
2126 3005 2352 3076 cognovi
2382 3002 2818 3058 Chlodovecltutn
2852 3017 2970 3054 esse
3002 3019 3013 3053 :
3046 3015 3128 3067 ap;
3153 3006 3470 3055 retensum-

1889 3113 1992 3166 qne
2017 3097 2071 3149 itt
2103 3096 2339 3149 humeris
2368 3094 2432 3145 ad
2482 3093 2626 3145 littus
2652 3091 2851 3154 detuli,
2886 3090 3064 3157 ibique
3091 3104 3212 3143 eum
3253 3091 3473 3156 etespite

192 3190 418 3243 imicvin
462 3192 623 3247 multa
672 3194 771 3246 sibi
802 3197 866 3249 de
894 3198 1175 3251 adulteriis
1205 3214 1267 3253 ac
1293 3197 1656 3259 fornicatione
1685 3220 1776 3259 ex-

1885 3189 2226 3258 superposito
2278 3185 2556 3240 tnmulavi.
2609 3183 2747 3236 Ecce
2795 3183 3014 3236 solvatis
3061 3183 3281 3234 artubus
3329 3181 3472 3247 quod

194 3288 538 3352 probrarnnt,
574 3291 827 3343 nonnulla
873 3292 1036 3345 etiam
1073 3293 1141 3347 de
1179 3294 1452 3365 perjttriis.
1481 3298 1683 3365 Quibus
1708 3301 1777 3355 de

194 3379 356 3432 rebus
398 3380 549 3434 multi
593 3383 833 3435 ridebant
862 3400 877 3445 ;
912 3387 1149 3439 nonnulli
1186 3392 1312 3441 vero
1333 3429 1347 3453 ,
1380 3389 1469 3457 qui
1499 3392 1776 3447 a'aerioris

200 3476 357 3522 erant
385 3471 644 3535 scientite,
681 3472 1128 3535 lamentabantur.
1160 3491 1257 3531 cur
1285 3476 1425 3531 inter
1466 3479 1776 3533 sacerdotes

196 3561 401 3617 Domini
418 3565 815 3619 taliter‘zizania
838 3567 1034 3621 diaboli
1052 3569 1391 3637 pnllularent.
1426 3572 1776 3626 Discedentes

196 3656 371 3721 itaque
415 3671 446 3707 a
477 3656 617 3725 regis
659 3660 962 3725 praesentia,
1008 3661 1285 3716 cautiones
1331 3670 1386 3715 et
1435 3662 1777 3731 fidejussores

194 3748 479 3813 dederunt,
514 3762 567 3802 nt
593 3750 805 3804 det-imo
831 3751 1100 3807 Kalendas
1130 3756 1328 3810 mensis
1357 3757 1483 3810 noni
1519 3756 1584 3810 ad
1615 3773 1777 3828 syno-

196 3842 319 3890 dum
343 3841 720 3894 cttnvettireut.

270 3928 399 3982 Vill.
432 3929 583 3985 Tunc
607 3944 966 4000 apparuerunt
989 3935 1158 4004 signa,
1190 3935 1239 3990 id
1271 3945 1383 4000 est,
1412 3936 1543 3991 radii
1570 3953 1599 3990 a
1629 3947 1779 4007 parte

196 4023 494 4089 Aquilonis,
521 4026 661 4082 sicut
687 4032 883 4098 sapius
920 4045 1181 4100 apparere
1228 4035 1421 4089 solent.
1453 4035 1655 4105 Fulgor
1684 4051 1780 4103 per

198 4114 386 4168 rwlntn
415 4121 713 4174 occurrisse
742 4122 887 4177 visns
931 4135 1006 4175 est
1030 4166 1045 4189 ,
1081 4125 1347 4193 ﬂoresque
1399 4127 1449 4179 in
1498 4128 1779 4184 arboribus

198 4206 393 4259 ostensi
426 4217 568 4260 sunt.
603 4210 727 4261 Erat
756 4212 898 4262 enim
931 4213 1132 4266 mensis
1160 4217 1397 4281 quintus.

269 4296 357 4351 IX.
400 4296 644 4353 Posthmc
670 4315 761 4354 rex
791 4300 1024 4355 Parisios
1055 4306 1225 4372 venit,
1252 4317 1299 4359 et
1329 4321 1507 4360 coram
1530 4310 1781 4366 omnibus

200 4389 336 4457 loqui
383 4392 578 4458 coepit,
623 4392 850 4446 dicens:
893 4393 1193 4450 Germanus
1245 4412 1397 4450 meus
1446 4398 1781 4469 Chilpericus

203 4480 431 4534 moriens
476 4480 671 4535 dicitur
717 4484 885 4537 filium
932 4485 1233 4554 reliquisse,
1263 4488 1416 4553 cujus
1463 4489 1775 4555 nutritores,

1882 3283 2112 3335 volueris
2143 3279 2317 3334 effice.
2366 3277 2519 3343 Quod
2546 3292 2666 3329 cum
2712 3290 2801 3327 rex
2851 3274 3234 3341 comperisset,
3267 3273 3472 3327 confin-

1879 3390 2009 3443 gens
2033 3389 2091 3428 se
2114 3372 2177 3427 ad
2202 3372 2537 3426 venationem
2564 3369 2875 3437 procedere,
2900 3368 3218 3435 de'ectoque
3246 3368 3473 3431 tumulo,

1884 3466 2084 3533 reperit
2127 3462 2504 3530 corpusculum
2538 3462 2802 3527 integrum
2832 3469 2886 3512 et
2928 3458 3172 3511 illaesum.
3211 3458 3324 3513 Una
3358 3470 3473 3513 tan-

1881 3565 1991 3609 tum
2037 3570 2158 3623 pars
2190 3552 2543 3621 capillorum,
2585 3566 2704 3618 qute
2752 3551 2936 3604 subter
2984 3549 3185 3611 fuerat,
3213 3550 3323 3617 jam
3370 3549 3471 3604 de-

1882 3646 2143 3709 ﬂuxerat;
2175 3644 2276 3696 alia
2306 3657 2434 3697 vero
2459 3657 2581 3695 cum
2609 3641 2740 3706 ipsis
2769 3640 2997 3693 crinium
3022 3640 3246 3707 ﬂagellis
3277 3642 3475 3695 intacta

1882 3735 2129 3791 durabat.
2162 3733 2554 3802 Cognituntque
2583 3741 2665 3784 est
2697 3731 2836 3784 hunc
2885 3745 3005 3784 esse
3049 3747 3205 3798 quem
3252 3746 3347 3786 rex
3392 3732 3470 3784 in-

1885 3835 2029 3880 tento
2058 3824 2239 3877 animo
2270 3822 2593 3889 requirebat.
2619 3821 2922 3874 Convocato
2948 3820 3111 3891 383
3154 3821 3313 3890 igitur
3354 3820 3471 3888 epi-

1884 3930 2050 3983 scopo
2072 3914 2326 3976 civitatis,
2356 3927 2476 3965 cum
2506 3917 2652 3966 clero
2676 3920 2728 3965 et
2749 3910 2962 3979 populo,
2991 3925 3057 3964 ac
3083 3925 3363 3965 cereorutn
3392 3911 3478 3965 iu-

1884 4005 2296 4059 numerabilium
2340 4012 2561 4068 ornatu,
2591 4002 2657 4055 ad
2688 4001 2959 4055 basilicam
2988 4001 3160 4055 sancti
3207 4000 3481 4057 Vincentii

1882 4097 2075 4151 detulit
2113 4095 2513 4155 tumulandutn,
2562 4110 2665 4147 non
2719 4095 2895 4148 minus
2946 4093 3202 4163 plangens
3247 4105 3482 4163 nepotes

1885 4203 2143 4257 mortuos,
2167 4205 2326 4257 quam
2349 4204 2470 4242 cum
2495 4187 2625 4240 vidit
2648 4187 2784 4241 ﬁlios
2812 4188 3057 4256 proprios
3079 4187 3189 4255 jam
3210 4187 3478 4253 sepultos.

1886 4283 2132 4335 l’osthtec
2155 4280 2301 4333 misit
2319 4279 2610 4345 Pappolutn
2632 4279 2949 4331 Carnoteute
2973 4279 3118 4332 urbis
3137 4280 3468 4347 episcopuu,

1885 4373 1973 4441 qui
2005 4372 2304 4426 Merovechi
2326 4371 2556 4424 cadaver
2584 4368 2881 4438 requirens.
2916 4370 3065 4437 juxta
3096 4369 3467 4426 Chloduvechi

1888 4464 2146 4517 tumulum
2176 4464 2443 4530 sepelivit.

204 4580 366 4626 matre
392 4572 736 4641 deprecante,
770 4549 1062 4643 petierunt,
1105 4588 1161 4630 ut
1196 4549 1426 4633 enin-de
1465 4589 1651 4635 sancto
1699 4549 1778 4635 la;
1807 4557 1863 4618 Ῑ)
1958 4554 2053 4610 XL
2086 4556 2352 4609 “suam”
2381 4561 2403 4590 ⁹
2438 4567 2567 4607 "em
2597 4550 2813 4621 quidam
2839 4550 2907 4604 de
2932 4549 3037 4604 an"
3066 4549 3285 4605 ⁰⁵¹Ῐ³¹Ῐ⁰
3310 4551 3446 4605 dim

204 4678 357 4718 vaero
385 4664 437 4716 in
481 4665 737 4720 Dotniuici
766 4666 967 4721 Natalis
997 4670 1335 4725 solemnitate
1362 4670 1610 4725 deberent
1638 4674 1781 4727 exei-

203 4767 347 4821 pere,
371 4763 426 4808 et
456 4771 560 4810 non
593 4768 876 4812 venerunt.
916 4759 1264 4830 Rogaverunt
1311 4762 1564 4830 deinceps
1605 4772 1665 4817 ut
1710 4763 1778 4818 ad

204 4855 443 4901 sanctum
473 4846 677 4902 Pascha
726 4850 1102 4919 baptizaretur,
1134 4852 1228 4906 sed
1271 4868 1371 4908 nec
1416 4862 1539 4907 tunc
1582 4854 1780 4911 allatus

204 4949 281 4993 est
309 4940 504 4996 infans.
539 4941 823 5011 Deprecati
851 4952 977 4999 sunt
1017 4953 1195 5000 autem
1227 4946 1404 5012 tertio,
1436 4956 1492 5001 ut
1526 4948 1594 5000 ad
1626 4946 1778 5002 resd-

281 5127 307 5156 "
348 5119 535 5174 Missas
573 5130 817 5189 spectare
864 5120 1203 5183 dicebantur,
1230 5121 1319 5189 qui
1370 5120 1533 5174 sacris
1561 5119 1778 5189 quidem

207 5190 473 5260 mysteriis
500 5193 824 5253 intererant,
877 5192 971 5245 sed
1020 5206 1124 5245 non
1169 5190 1668 5252 eotnmttnicabant,
1706 5190 1779 5260 uti

208 5258 403 5329 colligit
434 5271 620 5316 noster
644 5262 917 5316 Mabillon.
954 5262 1005 5315 in
1040 5262 1244 5326 Liturg.
1278 5259 1469 5314 Gallic.
1500 5276 1565 5314 ex
1604 5275 1723 5326 cap.
1750 5258 1784 5313 8

211 5332 299 5385 lib.
334 5348 375 5402 ix»
414 5332 573 5402 hujus
605 5334 861 5387 historias.
890 5332 1023 5386 Can.
1058 5334 1129 5387 ‘29
1168 5333 1337 5386 Cone.
1387 5346 1441 5384 ιιι
1484 5332 1781 5399 Aureliam,

213 5418 296 5455 an.
327 5400 451 5467 558,
480 5400 701 5457 vetitum
729 5415 832 5468 est,
864 5420 931 5458 ne
959 5404 1080 5472 quis
1110 5417 1231 5457 cum
1263 5402 1428 5458 armis
1459 5402 1665 5456 bellicis
1694 5418 1784 5455 sa-

214 5474 402 5538 criﬁcia
427 5477 682 5528 matutina
713 5475 989 5528 Missurum
1029 5477 1133 5528 sive
1159 5475 1442 5542 vespertina
1472 5481 1678 5541 spectet.

278 5542 306 5582 δ
338 5542 451 5599 Non
482 5544 654 5599 solum
682 5549 734 5600 in
761 5549 918 5600 natali
953 5547 1164 5600 Domini
1187 5557 1241 5597 et
1269 5546 1327 5599 S.
1353 5544 1588 5610 Joannis,
1615 5542 1707 5596 sed
1734 5550 1792 5597 et

215 5614 264 5667 in
292 5614 859 5686 nataliliisMartyrtnu
896 5618 1186 5683 baptistnus
1213 5617 1583 5670 conferebatur
1611 5614 1792 5686 inali-

214 5686 403 5754 quibus
429 5688 693 5741 ecclesiis.
710 5685 888 5753 Quem
936 5703 1137 5741 morem
1186 5688 1458 5741 veteribus
1498 5685 1792 5739 canonibus

216 5754 518 5827 insistentes
562 5756 822 5827 abrogare
870 5758 1044 5811 conati
1095 5770 1219 5813 sunt
1272 5768 1447 5827 patres
1484 5755 1706 5814 Concilii
1755 5769 1790 5808 tt

216 5824 435 5896 “ausa,
464 5827 567 5884 hoc
593 5824 733 5883 anno
763 5825 868 5882 585
895 5828 1079 5883 habiti.
1140 5864 1143 5867 -

1889 4652 2114 4705 Domine
2142 4664 2231 4702 rex
2251 4688 2267 4710 ,
2297 4646 2381 4700 hie
2408 4653 2628 4714 accepto
2660 4644 2878 4711 praemio
2909 4645 3183 4697 consensit
3209 4653 3266 4701 ut
3296 4653 3350 4701 tu
3395 4643 3481 4696 in-

1888 4741 2191 4797 tcriiciaris.
2233 4738 2720 4808 Apprehensnsque
2759 4735 3027 4799 ostiario-3
3060 4734 3128 4787 de
3167 4747 3275 4801 quo
3317 4732 3470 4786 dxe-

1890 4851 2005 4900 rat,
2044 4850 2237 4897 (ζει-8118,
2281 4829 2663 4900 suppliciisque
2709 4827 2893 4881 tnultis
2936 4824 3181 4890 affet-tus,
3232 4824 3360 4878 nihil
3408 4824 3483 4879 de

1889 4942 2048 4984 causa
2080 4943 2181 4996 qua
2209 4923 2641 4992 interrogabatur
2663 4919 2893 4987 aperuit.
2923 4916 3212 4987 Loqueban
3240 4930 3302 4968 ur
3330 4913 3478 4968 enim

1963 5123 1984 5150 ο
2019 5113 2214 5161 Omnes
2247 5115 2441 5172 praeter
2471 5103 2621 5167 Bad.,
2648 5102 2711 5153 ab
2737 5100 2921 5151 animi:
2949 5099 3100 5165 regis.

1958 5181 1985 5219 ιι
2013 5182 2102 5235 Sc
2143 5165 2294 5232 Coll).
2322 5192 2393 5228 tn.
2437 5189 2559 5227 runt
2596 5165 2719 5225 Hec.
2751 5179 2805 5223 et
2852 5182 3018 5230 recte,
3057 5181 3117 5221 ea
3158 5165 3301 5219 enim
3346 5178 3482 5235 voce

1888 5234 2199 5316 designatur
2244 5256 2378 5301 rete.
2411 5247 2475 5298 Et
2518 5242 2570 5296 in
2601 5241 2755 5316 Colb.
2784 5256 2858 5302 a.,
2890 5239 2975 5291 ubi
3020 5239 3268 5316 [enipeum
3292 5234 3481 5316 .altera

1890 5305 2049 5379 manu
2075 5320 2379 5389 appositum
2404 5323 2666 5389 estprete.
2702 5314 3055 5389 Begm.iver.o_
3084 5306 3247 5359 habet
3285 5305 3474 5389 locum.

2092 5374 2321 5455 c'a'psum.
2354 5387 2428 5440 De
2452 5374 2738 5439 Chlodovei
2770 5374 2942 5433 morte
2970 5378 3098 5456 vide
3113 5374 3391 5456 supradib.
3420 5388 3479 5456 γ,

2156 5445 2232 5515 be
2261 5458 2491 5535 Merovei
2523 5465 2703 5535 autem
2733 5465 2861 5531 nece
2887 5445 3117 5535 cep;
3142 5445 3478 5535 epistle-trpli-

2035 5515 2268 5600 Uterque
2299 5529 2498 5583 relatus
2543 5524 2795 5600 Parisios,
2827 5522 2876 5600 in
2912 5515 3125 5600 basilica
3153 5515 3323 5600 saneti
3354 5515 3453 5568 Vin

1895 5587 2065 5661 centii
2087 5587 2205 5673 ψηὲ
2234 5602 2389 5655 hodie
2419 5594 2587 5651 sancti
2617 5592 2865 5649 Germani
2894 5606 2924 5644 a
2948 5589 3120 5643 Pratis
3147 5587 3363 5650 dicitur,
3395 5600 3478 5639 se:

1898 5680 2076 5750 pullus
2104 5685 2206 5728 est.

1972 5724 2319 5812 ﬁlice—caput
2350 5740 2502 5793 deest.
2529 5737 2581 5791 itt
2617 5735 2733 5789 Vat.
2763 5744 2816 5788 et
2844 5732 2997 5787 Coll).
3028 5745 3079 5784 a.
3115 5730 3265 5790 Bec.,
3298 5724 3480 5780 Poste.

1900 5822 2101 5876 ἠείδη..
2131 5816 2194 5868 de
2215 5813 2320 5865 alio
2349 5812 2577 5863 hastario
