4096 6344
549 343 658 405 αδδ
1538 337 1595 395 S.
1640 332 1966 392 GDEGORII
2006 329 2307 387 EPISCOPI
2346 326 2777 387 TURONENSIS
3732 328 3840 384 $56

551 473 681 523 tunc
708 462 860 520 multi
891 461 994 515 hoc
1023 456 1231 513 insidiis
1267 464 1322 509 et
1369 454 1566 509 invidia
1599 454 1828 518 factum,
1875 451 2016 523 quod
2046 465 2132 503 os-
2160 454 2206 508 Α
2237 449 2426 515 rimus,
2456 450 2687 518 qualiter
2735 448 2802 501 ab
2841 448 2923 501 his
2970 445 3156 500 Galliis
3202 445 3535 507 extrndatur,
3587 444 3682 515 qui
3741 460 3845 499 nos

551 558 738 627 tiarius
766 556 875 619 ille,
907 551 994 607 cui
1025 552 1125 605 hoc
1155 550 1355 602 crimen
1403 548 1691 614 impartam
1734 546 1935 608 fuerat,
1968 544 2132 612 pluri-
2237 541 2565 611 quotidianis
2606 539 2866 593 incendiis
2904 539 3134 597 confiat,
3177 546 3227 589 et
3278 546 3334 589 tu
3385 552 3481 605 pro
3517 551 3588 591 eo
3640 551 3845 605 rogare

552 666 699 708 nium
743 664 773 702 a
819 660 941 714 rege
984 644 1313 712 diligeretur.
1360 639 1693 693 Ansoualdus
1733 646 1912 690 autem
1954 635 2135 688 nescio
2240 646 2343 683 non
2374 630 2614 683 desinis?
2644 628 2823 683 Satius
2868 629 3009 681 enim
3055 627 3147 681 tibi
3180 638 3295 680 erat
3325 643 3410 680 rrs
3441 629 3697 683 ecclesia:
3738 636 3844 680 tua:

554 759 657 812 qua
688 741 991 809 su5picione
1023 747 1213 799 tactus,
1250 749 1347 787 nec
1376 733 1698 789 va'edicens,
1725 745 1751 779 τι
1785 744 1907 793 rege
1937 728 2138 781 disces-
2238 722 2523 791 diligenter
2546 722 2838 789 inquirere,
2869 735 2935 774 ne
2964 721 3285 785 pauperibus
3306 719 3504 786 aliquid
3532 720 3843 783 deperiret,

524 868 527 873 -
554 837 643 889 sit.
672 834 783 886 Rex
816 844 945 884 vero
971 827 1300 881 Cabillonum
1328 837 1627 893 regressus,
1654 820 1817 887 jussit
1847 820 1885 871 B
1906 828 2133 879 mutum,

554 924 644 995 qui
673 924 772 977 sibi
802 936 1019 986 semper
1058 919 1231 971 fuerat
1281 916 1531 979 infidelis,
1566 914 1743 981 gladio
1782 912 2003 978 percuti.
2036 908 2137 973 Qui

556 1015 781 1068 vallatus
806 1013 858 1066 in
889 1012 1049 1063 domo
1079 1024 1202 1071 sua,
1236 1008 1304 1062 ab
1332 1007 1639 1060 hominibus
1665 1005 1801 1070 regis
1834 1011 2140 1070 peremptus
2188 1028 2191 1035 ι

558 1103 792 1167 interiit,
821 1115 1016 1166 resque
1047 1113 1156 1151 sua:
1193 1098 1302 1150 fisci
1334 1096 1623 1149 ditionibus
1671 1092 1964 1159 subjugabe
1993 1098 2137 1142 sunt.

628 1193 745 1247 XII.
792 1193 1031 1259 Denique
1059 1205 1179 1244 cum
1227 1204 1318 1241 rex
1368 1188 1594 1239 maxima
1641 1183 1932 1236 intentione
1962 1182 2139 1233 Theo-

558 1286 746 1341 dorum
777 1284 1082 1353 episcopum
1110 1283 1300 1333 iterum
1336 1278 1581 1346 persequi
1611 1286 1915 1332 conaretur.
1942 1283 1995 1329 et
2018 1275 2147 1327 Mas-

559 1377 679 1431 silia
716 1377 825 1445 jam
875 1377 927 1425 in
969 1371 1297 1425 Childeberti
1347 1367 1485 1432 regis
1527 1365 1944 1419 dominationem
1988 1378 2141 1417 revo-

560 1477 678 1523 cata
725 1465 943 1529 fuiSset,
980 1461 1044 1515 ad
1089 1459 1452 1513 discutiendas
1482 1471 1671 1510 causas
1703 1455 1987 1508 Ratharius
2018 1455 2146 1507 illuc

561 1560 714 1629 quasi
745 1559 846 1610 dux
882 1565 909 1593 ι
937 1570 963 1607 a
1000 1564 1146 1622 parte
1194 1554 1334 1620 regis
1373 1549 1699 1605 Childeberti
1741 1547 2008 1617 dirigitur.
2042 1547 2146 1601 Sed

563 1649 853 1720 postposita
898 1647 1133 1709 actione,
1176 1660 1295 1711 quae
1337 1644 1385 1697 ei
1428 1658 1456 1694 a
1498 1657 1627 1711 rege
1673 1640 1909 1709 injuncta
1949 1638 2146 1699 fuerat,

564 1742 872 1810 episcopum
905 1740 1096 1799 vallat,
1132 1736 1479 1804 ﬁdejttssores
1538 1734 1787 1803 requirit,
1831 1741 1887 1787 ct
1925 1731 1991 1785 ad
2022 1746 2149 1798 prie-

2240 831 2398 884 quam
2432 828 2525 881 pro
2555 813 2585 864 h
2614 829 2653 864 -c
2685 822 2789 865 tam
2820 811 3024 865 intente
3053 810 3369 876 deposcere.
3399 812 3464 863 Et
3488 813 3665 863 aiebat
3698 828 3712 861 :
3750 809 3846 861 γης

2244 908 2395 960 nobis
2433 908 2518 971 qui
2559 919 2679 958 eum
2727 920 2829 957 non
2879 917 3164 965 possumus
3212 916 3534 968 expugnare.
3592 902 3660 954 Et
3715 901 3849 953 licet

2242 999 2523 1054 dminoniis
2553 999 2693 1052 credi
2728 1016 2831 1051 non
2863 999 3086 1058 debeat,
3137 1005 3311 1050 tamen
3357 998 3527 1064 qualis
3555 1006 3711 1049 esset
3757 1010 3853 1047 sa-

2243 1091 2455 1151 cerdos,
2486 1090 2552 1141 de
2584 1106 2688 1156 quo
2720 1089 2833 1142 lucc
2869 1090 3078 1141 daemon
3126 1087 3419 1141 condolens
3458 1089 3851 1151 declamabat,

2244 1182 2511 1250 apparuit.
2546 1182 2649 1234 Sed
2676 1182 2741 1235 ad
2770 1191 2939 1249 empta
2970 1182 3269 1234 redeamus.

2318 1274 2457 1326 XIII.
2503 1275 2660 1344 Igitur
2693 1274 2895 1344 legatos
2923 1272 2990 1325 ad
3043 1284 3294 1338 nepotem
3340 1285 3493 1323 suum
3524 1270 3857 1323 Childeber-

2250 1376 2359 1420 tum
2408 1382 2503 1417 rex
2554 1365 2764 1433 dirigit,
2814 1366 2902 1433 qui
2953 1366 3263 1419 morabatur
3313 1373 3437 1417 tunc
3484 1364 3549 1415 ad
3602 1372 3854 1416 castrum

2248 1456 2579 1509 Conﬂuenlis
2605 1455 2656 1519 ἀ,
2691 1457 2826 1521 quod
2857 1457 2927 1509 ob
2973 1456 3073 1511 hoc
3124 1471 3320 1510 nomen
3359 1455 3599 1523 accepit,
3651 1470 3757 1519 pro
3790 1471 3856 1505 eo

2250 1547 2390 1612 quad
2433 1547 2648 1601 Mosella
2684 1547 3007 1614 Rhenusque
3056 1546 3219 1617 385
3248 1561 3434 1599 omnes
3478 1547 3686 1610 pariter
3717 1561 3859 1598 eon-

2253 1636 2475 1692 iluentes
2505 1638 2556 1689 in
2597 1637 2784 1690 eodem
2834 1637 2950 1688 loco
2978 1638 3289 1705 jungantur.
3326 1637 3389 1688 Et
3416 1638 3539 1703 quia
3582 1636 3855 1702 placitum

2257 1727 2457 1793 fuerat,
2488 1738 2542 1781 ut
2570 1730 2764 1782 'I'rccas
2790 1728 3090 1797 Campania:
3119 1730 3304 1781 urbem
3329 1727 3393 1779 de
3416 1737 3649 1793 utroque
3680 1743 3859 1795 regno

566 1832 796 1888 sentiam
845 1829 985 1898 regis
1033 1827 1420 1881 Guntchramni
1470 1826 1692 1891 direxit,
1734 1834 1790 1877 ut
1832 1824 2039 1878 scilicet
2082 1824 2147 1874 all
2185 1823 2228 1881 Β
2255 1820 2675 1889 conjungerent,
2709 1820 3188 1887 sacerdotibusque
3220 1819 3286 1870 de
3327 1834 3487 1885 regno
3518 1816 3858 1871 Clnldelierti

569 1921 862 1993 synodum,
889 1934 1006 1986 quze
1039 1917 1330 1972 Matiscone
1374 1919 1546 1969 futura
1594 1925 1738 1979 erat,
1767 1914 1912 1982 quasi
1946 1912 2014 1966 ab
2044 1913 2155 1980 epi-

569 2014 748 2082 scopis
778 2012 1109 2065 damnandus
1148 2010 1380 2063 adesset.
1425 2007 1535 2061 Nec
1564 2007 1732 2061 deluit
1774 2007 1905 2059 ultio
1946 2004 2153 2070 divina,

567 2120 685 2176 qua:
712 2119 896 2158 servos
926 2117 1052 2158 suos
1080 2101 1149 2154 ab
1177 2114 1270 2154 ore
1299 2114 1490 2153 canum
1522 2097 1826 2151 rabidorum
1867 2096 2156 2150 defensare

567 2197 864 2253 consuevit.
898 2197 1029 2250 Nam
1062 2195 1373 2263 egrediente
1414 2194 1669 2260 episcOpo
1699 2207 1728 2244 a
1768 2192 2005 2255 civitate,
2049 2198 2161 2243 sta-

569 2291 660 2343 tim
688 2304 776 2343 res
804 2290 1043 2342 ecclesiae
1069 2286 1285 2353 diripit,
1313 2295 1365 2339 et
1388 2285 1493 2338 alia
1517 2283 1730 2353 quidem
1759 2284 1858 2336 sibi
1893 2281 2156 2346 vindicat,

569 2377 670 2432 alia
701 2379 800 2432 sub
821 2378 1118 2447 sigillorum
1148 2375 1448 2430 munitione
1471 2374 1762 2429 concludit.
1790 2373 2030 2440 Cumque
2060 2371 2161 2423 hoc

570 2469 821 2533 fecisset,
854 2471 1091 2537 protinus
1131 2467 1363 2521 fatnulos
1413 2468 1529 2534 ejus
1577 2466 1905 2519 sasvissimus
1950 2460 2160 2516 invadit

576 2559 819 2623 mortus,
852 2560 1249 2624 exhaustosque
1279 2557 1427 2611 febre
1468 2556 1731 2623 peremit;
1776 2554 1916 2608 filius
1951 2554 2067 2620 ejus
2094 2552 2161 2605 ab

576 2651 678 2705 hoc
703 2652 1040 2705 incommodo
1061 2650 1287 2714 defecit,
1315 2665 1473 2718 quem
1503 2650 1555 2701 in
1582 2648 1890 2701 suburbano
1918 2644 2161 2699 Massiliae

577 2743 743 2811 ipsius
772 2741 934 2811 384
954 2757 1074 2795 cum
1106 2741 1251 2808 gravi
1284 2741 1484 2809 gemitu
1510 2738 1786 2805 sepelivit;
1818 2737 2017 2805 fuitque
2045 2740 2163 2791 talis

577 2832 758 2886 domui
787 2834 903 2900 ejus
936 2831 1113 2899 plaga,
1144 2838 1199 2884 ut
1228 2845 1351 2884 cum
1382 2830 1449 2883 ab
1477 2830 1606 2883 urbe
1640 2829 1726 2881 illa
1758 2838 1839 2882 est
1869 2828 2162 2896 digressus,

578 2922 661 2975 vix
692 2921 757 2974 ad
807 2920 1029 2987 patriam
1078 2935 1230 2974 suam
1279 2919 1489 2987 regredi
1522 2928 1816 2988 putaretur.
1848 2918 2166 2973 Theodorus

578 3026 706 3068 vero
750 3012 1035 3080 episcopus
1075 3028 1103 3064 a
1150 3010 1554 3065 Guntchramuo
1602 3025 1727 3079 rege
1770 3009 2019 3063 detentus
2059 3020 2161 3063 εει.

577 3105 679 3159 Sed
713 3105 842 3158 nihil
872 3106 920 3159 ei
949 3119 1043 3159 rex
1071 3106 1273 3158 nocuit.
1310 3104 1399 3157 Est
1430 3104 1569 3156 enim
1602 3104 1681 3155 vir
1711 3101 1940 3170 egregiae
1970 3101 2165 3155 sancti-

2258 1928 2552 1980 congtuum
2583 1928 2686 1965 non
2736 1910 2866 1974 fuit;
2901 1909 3045 1962 Felix
3093 1911 3315 1977 legatus,
3349 1910 3672 1963 salutatione
3715 1924 3859 1974 pra--

2260 2003 2452 2068 missa,
2500 2004 2735 2057 ostensis
2784 2002 2996 2064 litteris,
3041 2001 3150 2053 ait:
3190 2002 3413 2052 Patruus
3461 2008 3604 2061 tuus,
3632 2013 3669 2051 ο
3717 2013 3859 2061 rex,

2259 2095 2539 2163 diligenter
2570 2098 2893 2161 interrogat,
2926 2093 3043 2161 quis
3066 2101 3124 2145 te
3153 2090 3219 2144 ab
3248 2090 3347 2142 hac
3377 2090 3735 2156 promissione
3769 2108 3862 2141 re-

2262 2187 2452 2251 traxit,
2482 2194 2539 2240 ut
2568 2187 2875 2241 sacerdotes
2908 2184 3054 2251 regni
3091 2185 3252 2237 vestri
3284 2183 3348 2235 ad
3376 2180 3678 2236 Concilium
3709 2183 3861 2248 quod

2265 2277 2417 2330 simul
2469 2276 2861 2340 decreveratis,
2907 2274 3089 2328 venire
3137 2274 3434 2328 diierrent.
3488 2282 3568 2326 An
3628 2273 3860 2327 forsitan

2265 2367 2386 2419 mali
2435 2365 2679 2419 homines
2709 2365 2936 2432 aliquam
2990 2364 3127 2417 inter
3160 2380 3252 2415 vos
3279 2363 3565 2416 discordize
3614 2365 3861 2421 radicem

2264 2453 2456 2509 faciant
2487 2454 2776 2523 pullulare?
2807 2454 2847 2506 Τ
2854 2468 2956 2507 unc
2976 2468 3097 2524 ego,
3128 2470 3254 2523 rege
3284 2464 3515 2515 tacente,
3544 2457 3817 2524 respondi
3843 2473 3860 2509 :

2263 2545 2349 2600 Nil
2379 2546 2608 2609 mirum,
2641 2546 2686 2599 si
2727 2546 2930 2597 zizania
2983 2554 3197 2598 seratur
3238 2547 3371 2599 inter
3416 2547 3680 2614 populos;
3728 2562 3861 2600 nam

2265 2638 2403 2693 inter
2431 2638 2528 2690 hos
2555 2652 2659 2704 quo
2690 2635 2922 2689 radicem
2955 2636 3157 2704 obliget
3185 2645 3232 2700 ε,
3268 2636 3506 2703 protinus
3537 2651 3643 2688 non
3679 2648 3860 2702 pOIeSt

2265 2728 2520 2791 reperire.
2548 2727 2762 2780 Nullum
2806 2726 2947 2781 enim
2980 2725 3142 2790 latet,
3170 2726 3309 2794 quod
3339 2724 3716 2779 Childebertus
3758 2744 3861 2783 rex

2264 2821 2424 2873 alium
2469 2828 2672 2887 patrem
2720 2820 2818 2872 nisi
2872 2829 3119 2887 patruum
3172 2834 3275 2872 non
3327 2818 3505 2873 habet.
3538 2820 3725 2889 Neque
3770 2822 3867 2875 iiie

2265 2911 2430 2965 alium
2477 2912 2641 2964 lilium
2703 2912 2804 2964 nisi
2858 2912 2999 2966 hunc
3050 2912 3247 2965 habere
3286 2910 3548 2979 disponit,
3593 2912 3758 2980 juxta
3812 2914 3865 2969 id

2264 3002 2405 3067 quod
2449 3018 2571 3057 eum
2618 3017 2757 3056 anno
2808 3005 3054 3071 praesenti
3101 3003 3401 3058 audivimus
3447 3005 3578 3073 loqui
3613 3003 3660 3057 ί.
3700 3006 3865 3060 Αἱ)ςί

2266 3111 2393 3166 ergo
2438 3106 2495 3150 ut
2545 3098 2680 3150 inter
2706 3112 2801 3153 eos
2831 3096 2978 3150 radix
3011 3097 3290 3151 discordia:
3321 3099 3615 3167 germinet,
3646 3113 3775 3152 cum
3804 3114 3868 3153 se

577 3193 703 3246 tatis
732 3192 784 3249 ι’.
816 3202 871 3246 et
898 3193 949 3246 in
979 3196 1220 3247 oratione
1249 3191 1513 3258 assiduus,
1546 3192 1613 3245 de
1642 3206 1747 3261 quo
1778 3191 1908 3245 mihi
1949 3193 2164 3261 Magne—
2191 3182 2237 3244 C
2280 3191 2480 3259 pariter
2505 3198 2557 3243 ct
2586 3189 2721 3243 tueri
2750 3188 3016 3252 debeant,
3048 3200 3101 3243 et
3128 3204 3330 3242 amare.
3362 3189 3511 3242 Tunc
3552 3202 3741 3245 vocato
3768 3204 3865 3244 se-

578 3285 721 3338 ricus
764 3283 1120 3338 Treverensis
1166 3285 1452 3351 episcopus
1504 3286 1617 3336 tunc
1660 3284 1857 3338 retulit.
1902 3286 2039 3339 Ante
2069 3284 2168 3338 hos

578 3387 748 3426 annos
775 3388 894 3426 cum
921 3374 985 3426 ad
1022 3376 1355 3441 praesentiam
1397 3375 1728 3428 Childeberti
1777 3375 1917 3443 regis
1946 3374 2019 3427 ita
2066 3375 2168 3428 sub

581 3462 743 3515 ardua
788 3463 1025 3517 custodia
1066 3463 1370 3530 duceretur,
1419 3474 1477 3517 ut
1520 3465 1944 3531 quandocuuque
1984 3465 2049 3517 ad
2082 3481 2170 3517 ur-

582 3552 703 3609 bem
758 3555 993 3623 aliquam
1048 3557 1317 3619 venisset,
1377 3571 1551 3624 neque
1599 3570 1943 3625 episcopum,
1998 3572 2170 3627 neque
2220 3582 2221 3585 η

581 3660 900 3715 quemquam
949 3646 1018 3701 de
1059 3647 1263 3700 civibus
1311 3646 1491 3701 videre
1543 3648 1961 3715 permitteretur,
2004 3648 2169 3701 adve-

582 3734 764 3788 niente
802 3733 1088 3801 Treveros,
1127 3735 1426 3789 nuntiatum
1467 3745 1549 3789 est
1586 3737 1861 3804 episcOpo,
1894 3737 2034 3791 hunc
2058 3736 2170 3806 jam

581 3824 638 3881 in
684 3826 808 3880 navi
843 3826 1070 3894 positum
1113 3827 1249 3881 clam
1282 3828 1503 3892 abduci;
1547 3829 1889 3896 surrexitque
1918 3829 2173 3883 sacerdos

582 3918 774 3983 tristis,
802 3932 867 3972 ac
893 3918 1154 3972 velociter
1180 3927 1511 3986 prosecutus,
1538 3919 1742 3986 reperit
1760 3932 1881 3973 eum
1904 3918 1968 3972 ad
1999 3918 2168 3984 littus,

581 4020 941 4078 causatusque
961 4024 1082 4063 cum
1111 4008 1442 4075 custodibus,
1465 4024 1562 4062 cur
1586 4018 1729 4063 tanta
1758 4018 1901 4065 esset
1928 4009 2174 4079 impietas

582 4110 643 4155 ut
673 4114 779 4153 non
812 4102 995 4154 liceret
1026 4100 1172 4154 fratri
1204 4099 1423 4154 fratrem
1454 4102 1699 4170 aspicere
1731 4119 1746 4155 :
1783 4102 2007 4171 visoque
2051 4110 2174 4156 tan-

581 4193 740 4258 dem,
767 4192 1037 4244 osculatus
1077 4206 1198 4244 eum
1221 4230 1238 4255 ,
1270 4190 1549 4261 indulgens
1588 4193 1787 4262 aliquid
1825 4193 2183 4257 vestimenti,

582 4281 849 4336 discessit.
885 4282 1121 4336 Veniens
1166 4282 1344 4352 itaque
1372 4285 1439 4337 ad
1481 4285 1754 4338 basilicam
1786 4287 1953 4339 saucii
2006 4286 2172 4339 Maxi-

586 4371 718 4426 mini
750 4380 774 4410 ο
806 4374 1170 4440 prosternitur
1214 4378 1485 4443 sepulcro,
1530 4377 1658 4428 illud
1710 4377 1935 4443 apostoli
1989 4377 2171 4431 Jacobi

584 4462 825 4515 retinens
853 4479 865 4512 :
899 4461 1054 4514 Orate
1077 4480 1169 4531 pro
1194 4465 1406 4518 invicem
1433 4476 1484 4517 ut
1512 4468 1776 4519 miremini
1807 4466 1948 4536 (Jac.
1972 4484 2027 4534 v,
2062 4469 2169 4536 I6).

2272 3282 2473 3336 cretius
2518 3279 2696 3334 Felice
2734 3280 2933 3349 legato,
2966 3280 3345 3334 Childebertus
3374 3296 3467 3334 rex
3510 3281 3749 3349 rogavit,
3778 3282 3865 3334 di-
3916 3312 3919 3313 ν

2270 3387 2398 3427 cens
2422 3388 2437 3427 :
2468 3372 2734 3439 Deprecor
2754 3371 3028 3423 dominum
3051 3380 3104 3424 et
3131 3381 3336 3439 patrem
3371 3384 3545 3423 meum
3564 3412 3580 3436 ,
3608 3383 3664 3423 ut
3692 3371 3862 3425 Theo-

2271 3463 2405 3517 doro
2433 3464 2685 3530 episcOpo
2718 3463 2851 3516 nihil
2884 3462 3090 3531 injuriae
3121 3463 3316 3517 inferat
3344 3481 3355 3513 :
3390 3462 3527 3529 quod
3560 3466 3603 3516 si
3638 3464 3859 3525 fecerit,

2272 3555 2553 3609 confestim
2576 3556 2713 3609 inter
2737 3570 2835 3608 nos
2858 3555 3162 3609 scandalum
3186 3555 3527 3625 germinabit,
3554 3556 3864 3624 erimusque

2273 3646 2538 3700 discordia
2568 3646 2887 3715 impediente
2912 3646 3155 3714 disjuncti
3175 3686 3192 3712 ,
3220 3648 3308 3717 qui
3339 3647 3598 3702 debemus
3621 3663 3863 3700 amorem

2277 3740 2470 3793 tuendo
2496 3753 2616 3793 esse
2655 3740 2878 3807 pacifici.
2930 3741 3267 3809 Acceptoque
3310 3750 3365 3795 et
3412 3742 3481 3794 de
3522 3742 3642 3795 aliis
3684 3742 3866 3795 causis

2275 3846 2555 3898 responso,
2588 3832 2794 3899 legatus
2820 3831 3069 3883 discessit
3099 3840 3149 3883 ιι.

2347 3921 2484 3974 XIV.
2528 3922 2687 3975 Nobis
2734 3924 2914 3990 itaque
2951 3921 3003 3974 in
3051 3922 3317 3976 antedicio
3358 3932 3537 3976 castro
3572 3937 3696 3977 cum
3738 3936 3865 3989 rege

2274 4014 2754 4077 commorantibus,
2794 4015 2919 4067 dum
2956 4015 3023 4068 ad
3058 4013 3358 4068 convivium
3400 4014 3662 4083 principis
3697 4026 3869 4081 usque

2274 4109 2498 4161 obscura
2550 4116 2706 4161 nocte
2748 4105 3123 4169 retineremur,
3167 4109 3329 4176 epulo
3368 4117 3584 4171 expleto
3630 4120 3865 4157 surrext-

2277 4213 2417 4262 mus,
2449 4195 2827 4262 venientesque
2856 4197 2921 4248 ad
2954 4197 3200 4257 ﬂuvium,
3232 4193 3554 4249 oITeudimus
3587 4212 3778 4247 navi-nt
3810 4196 3863 4248 in

2277 4288 2456 4341 littore
2480 4326 2496 4349 ,
2526 4302 2643 4355 qua:
2671 4286 2822 4339 nobis
2852 4287 3023 4339 fuerat
3058 4296 3386 4354 praeparata;
3418 4286 3867 4340 ascendentibus-

2275 4393 2380 4447 que
2407 4378 2559 4432 nobis
2591 4379 2739 4431 irruit
2760 4378 2908 4430 turba
2934 4380 3208 4433 hominum
3233 4380 3590 4442 diversorum,
3619 4382 3866 4447 impleta-

2276 4485 2382 4538 que
2408 4480 2491 4524 est
2518 4470 2667 4523 navis
2694 4480 2798 4523 tam
2831 4470 3136 4525 hominibus
3160 4489 3316 4539 quam
3345 4475 3495 4539 aquis
3523 4488 3539 4526 :
3564 4474 3661 4526 sed
3695 4474 3864 4526 virtus

586 4550 837 4620 Fusaque
867 4558 957 4605 om
989 4557 1230 4608 oratione
1259 4569 1380 4608 cum
1428 4556 1700 4625 lacrymis,
1735 4567 1792 4611 ut
1831 4557 2048 4627 fratrem
2092 4559 2175 4612 di-
2205 4554 2254 4613 Ι)
2282 4562 2492 4616 Domini
2522 4561 2710 4627 adfuit,
2742 4578 2847 4616 non
2870 4565 2986 4618 sine
3017 4565 3203 4630 grandi
3233 4565 3513 4627 miraculo,
3541 4575 3598 4618 ut
3622 4580 3746 4619 cum
3770 4581 3860 4618 us-

585 4650 841 4711 gnaretur
873 4645 1132 4700 Dominus
1178 4646 1455 4716 adjuvare,
1489 4663 1739 4717 egressus
1782 4661 1867 4705 est
1914 4651 2076 4706 foras.
2116 4653 2178 4705 Et

586 4748 711 4789 ecce
741 4736 934 4791 mulier
972 4752 1127 4805 quam
1160 4741 1379 4807 spiritus
1406 4741 1609 4794 erroris
1639 4742 1875 4808 agitabat
1895 4783 1909 4807 ,
1944 4743 2178 4798 clamare

586 4826 853 4881 sacerdoti
908 4827 1106 4896 Ct‘Bpil,
1158 4846 1223 4884 ac
1271 4830 1491 4887 dicere:
1523 4833 1567 4886 Ο
1598 4836 1829 4888 sceIeSte
1878 4844 1932 4888 et
1973 4835 2178 4889 invete-

587 4918 938 4972 rate'dierum
961 4961 974 4984 ,
1014 4921 1102 4988 qui
1136 4936 1231 4989 pro
1269 4922 1486 4978 inimico
1532 4936 1715 4979 nostro
1745 4924 2028 4982 Theodoro
2055 4944 2179 4981 ora-

586 5010 786 5066 tionem
828 5011 1019 5066 fundis
1034 5013 1100 5066 ad
1132 5013 1436 5070 Dominum.
1467 5018 1604 5073 Ecce
1634 5034 1733 5074 nos
1760 5020 1997 5089 quotidie
2026 5036 2174 5090 quae-

657 5173 686 5246 f
720 5165 933 5246 Regm,
963 5168 1071 5222 dum
1097 5171 1241 5239 quasi
1260 5188 1292 5225 α
1317 5183 1479 5240 parte.
1512 5175 1661 5231 Colb.
1696 5193 1792 5243 ιιι..
1822 5178 1969 5231 duxit
1988 5178 2169 5246 quasi,

586 5235 724 5290 forte
751 5252 848 5302 pro
875 5242 1001 5293 dux.

659 5305 687 5344 ιι
715 5307 925 5361 Colitur
954 5312 1027 5363 uti
1060 5321 1279 5366 sanctus
1308 5314 1357 5366 in
1390 5314 1662 5375 Martvrol.
1692 5319 1964 5374 Gallicana
2004 5318 2094 5373 die
2135 5317 2169 5370 2

586 5373 845 5453 Januarii.
881 5379 1009 5441 Vide
1036 5396 1194 5448 supra
1224 5383 1316 5435 lib.
1345 5399 1435 5449 v1,
1468 5376 1586 5453 cap.
1611 5389 1701 5441 24.

661 5456 687 5485 α
726 5446 879 5501 Colb.
910 5465 983 5503 tn.
1009 5461 1064 5503 et
1090 5446 1301 5520 Itegm.,
1334 5446 1569 5508 Martini.
1596 5460 1664 5508 At
1695 5458 1819 5511 licet
1845 5457 2082 5511 Treviris
2102 5459 2171 5513 sit

589 5529 800 5595 quoque
836 5520 1060 5573 basilica
1090 5523 1149 5576 S.
1196 5524 1434 5587 Martini,
1470 5526 1538 5577 ab
1569 5528 1681 5589 ipso
1711 5528 2013 5592 Magnerieo
2038 5545 2169 5581 cou-

768 5599 1034 5667 nunquatn
1057 5600 1240 5667 tamen
1286 5595 1359 5667 ibi
1401 5584 1458 5650 S.
1489 5584 1696 5650 Martini
1743 5584 2043 5663 sepulcrum
2075 5616 2171 5653 ex-

591 5656 744 5737 stitit.
771 5655 831 5708 S.
858 5659 1170 5737 Maximinus
1196 5678 1325 5737 tero
1350 5666 1402 5737 in
1425 5668 1646 5720 ecclesia
1675 5655 1974 5721 suburbana
2003 5672 2172 5737 sepul-

591 5735 961 5810 tussesthquag
988 5729 1250 5810 hodieque
1283 5734 1447 5810 ipsius
1478 5752 1670 5791 nomen
1700 5738 1923 5801 retinet,
1951 5729 2162 5810 estq'uc,

590 5797 729 5855 sicut
759 5799 919 5858 etiam
948 5797 1173 5856 basilica
1206 5802 1263 5858 S.
1295 5797 1505 5861 Martini
1524 5848 1540 5876 ,
1570 5809 1803 5865 celebris
1830 5797 2167 5867 abbatia'or-l
2200 5840 2211 5847 ο

2282 4669 2385 4724 que
2427 4655 2617 4708 labium
2660 4657 2874 4722 impleta
2907 4656 3131 4718 fuisset,
3175 4663 3340 4724 mergi
3373 4673 3477 4710 non
3510 4668 3712 4726 posset.
3754 4656 3864 4709 Ila-

2283 4747 2540 4802 bebamus
2567 4745 2705 4801 enim
2732 4746 3006 4800 nobiscum
3036 4747 3177 4801 beati
3211 4749 3415 4800 Martini
3452 4750 3705 4814 reliquias
3735 4764 3858 4803 eum

2282 4839 2447 4908 386
2476 4838 2695 4892 aliorum
2720 4847 3052 4906 sanctorum,
3081 4856 3307 4909 quorum
3338 4842 3535 4895 virtute
3560 4856 3658 4896 nos
3681 4841 3877 4896 credi-~

2284 4947 2400 4986 mus
2437 4932 2617 4985 fuisse
2665 4932 2914 4985 salvatus.
2940 4934 3028 4985 -Αι
3071 4947 3196 4985 vero
3238 4947 3373 4986 nave
3398 4932 3484 4986 Ind
3524 4934 3673 4987 littus
3720 4934 3875 4987 unde.

2277 5027 2478 5095 egressi
2510 5025 2702 5080 fuimus
2739 5027 3033 5090 redeunte,
3073 5035 3326 5080 evacuata
3369 5026 3438 5079 ab
3472 5025 3780 5081 hominibus
3806 5036 3862 5079 et

2274 5179 2416 5234 dinis
2448 5179 2793 5235 Benedictini.
3543 5211 3547 5215 .
3841 5209 3871 5219 ..

2352 5247 2377 5286 ἀ
2411 5249 2631 5304 Celebre
2660 5250 2818 5304 etiam
2866 5263 3006 5302 nunc
3050 5259 3105 5304 et
3146 5249 3441 5305 munitione
3458 5253 3860 5307 validissimum

2273 5324 2375 5373 sub
2428 5322 2641 5375 direcesi
2697 5321 3002 5390 et_ditione
3051 5321 3435 5390 archiepiscopi
3488 5325 3855 5386 ’i‘revirensis,

2275 5391 2435 5451 vulgo
2462 5390 2700 5445 Coblcmz
2721 5388 2942 5443 dictum.

2348 5471 2371 5497 ο
2394 5463 2507 5516 Col.
2538 5474 2587 5514 et
2620 5462 2793 5529 Bign.,
2818 5463 2903 5530 qui
2925 5462 3171 5517 radicem.
3201 5462 3315 5516 Col.
3345 5481 3418 5520 m.
3442 5465 3534 5519 alt.
3566 5480 3736 5528 mam,
3756 5480 3858 5532 quo

2272 5530 2657 5605 duos._Regm.,
2688 5549 2811 5598 quos
2837 5533 2988 5605 radix
3013 5535 3277 5605 obligat...
3305 5537 3540 5605 reperiri.

2348 5600 2367 5639 ί
2412 5603 2544 5655 Vide
2564 5618 2722 5668 supra
2745 5618 2864 5667 cap.
2892 5602 2943 5665 4,
2977 5612 3031 5655 et
3064 5600 3156 5657 lib.
3186 5620 3277 5667 vit,
3308 5600 3426 5672 cap.
3459 5607 3550 5660 55.

2344 5682 2370 5719 κ
2418 5674 2685 5727 Post-haec
2708 5672 2827 5726 Vat.
2855 5684 2909 5727 et
2934 5673 3086 5726 Colb.
3116 5677 3421 5741 a.,omissis
3439 5676 3858 5743 capitibusqua-

2275 5744 2586 5818 tuordecitu,
2616 5752 2900 5818 transeunt
2940 5745 3007 5799 ad
3036 5754 3198 5815 caput
3224 5746 3317 5816 28,
3346 5747 3488 5818 quod
3517 5746 3695 5802 estde
3717 5744 3857 5800 Iler-

2272 5814 2571 5884 menegildo
2598 5824 2650 5869 et
2682 5815 2937 5885 lngunde.
3154 5836 3175 5859 ιέ
3208 5854 3211 5855 ν
3304 5814 3309 5816 ⁷
3346 5814 3379 5869 ,⁷
3458 5845 3462 5855 -
3508 5830 3511 5833 λ

3788 5570 3795 5577 .
