4096 6344
233 351 342 411 ιεςγ

1168 347 1483 412 HISTORIA
1522 351 1966 414 rnancoauu.
2006 352 2214 416 LIBER
2248 343 2584 422 ocravus.‘

3413 368 3522 430 ιεε

233 481 263 520 a
299 467 531 536 lympnts
555 505 569 531 ,
601 461 937 535 repulsisque
964 467 1265 532 extraneis,
1298 469 1413 522 sine
1439 467 1824 536 impedimento
1855 474 1900 530 Α
1931 470 2029 526 tttit
2050 513 2063 536 ,
2089 486 2338 532 scateret.
2376 479 2450 533 Ex
2498 480 2600 536 hoc
2628 477 2756 535 mihi
2797 481 3037 539 miraculi
3073 483 3273 544 lumine
3311 491 3522 548 animus

235 557 603 612 transivimus.
657 556 714 611 In
742 558 980 613 crastino
1018 569 1196 614 autem
1237 559 1356 614 vale
1385 562 1512 630 regi
1562 561 1822 628 dicentes,

231 650 616 707 abscessimus.
1575 703 1582 706 .

307 743 424 798 XV.
467 742 694 800 Profecti
733 742 892 814 igitur
924 743 976 799 in
1008 741 1236 812 itinere,
1274 742 1340 799 ad
1367 742 1627 812 Eposium
1653 751 1679 780 ει
1708 755 1825 798 cas-

231 849 374 894 trum
401 839 754 905 accessimus,
786 839 966 910 ibique
995 853 1026 894 a
1085 838 1330 896 Ullilaico
1383 839 1606 893 diacono
1657 838 1822 905 nacti,

235 943 291 988 et
342 933 408 989 ad
450 933 835 989 monasterium
866 932 983 1004 ejus
1012 933 1261 1002 deducti,
1295 933 1678 1004 benignissime
1706 947 1826 988 sus-

230 1027 371 1096 cepti
406 1040 610 1081 sumus.
668 1025 763 1081 Est
791 1026 935 1081 enim
966 1026 1066 1081 hoc
1096 1025 1484 1081 monasterium
1513 1025 1662 1096 quasi
1695 1024 1822 1079 mil-

230 1121 367 1176 libus
394 1132 512 1177 octo
552 1121 618 1176 ab
644 1120 912 1177 antedicto
955 1131 1165 1190 castro,
1217 1121 1271 1176 in
1313 1120 1509 1176 montis
1545 1121 1822 1177 cacumine

227 1213 464 1268 locatum
499 1231 512 1266 :
561 1213 612 1268 in
645 1229 750 1284 quo
780 1222 964 1271 monte
1009 1229 1254 1284 magnam
1285 1215 1559 1271 ba~ilicam
1592 1216 1823 1271 aedifica-

227 1306 336 1372 vit,
387 1322 544 1374 quam
578 1306 717 1361 beati
767 1305 979 1361 Martini
1021 1308 1105 1362 vel
1151 1308 1478 1378 reliquorum
1509 1317 1820 1363 sanctorum

225 1397 474 1469 reliquiis
503 1398 808 1454 illustravit.
858 1399 1266 1456 Commorantes
1297 1412 1472 1457 autem
1503 1403 1604 1468 ibi,
1638 1412 1820 1472 petere

225 1492 296 1545 ab
327 1506 394 1546 eo
417 1491 678 1560 coepimus
698 1533 712 1556 ,
747 1500 805 1546 ut
833 1492 986 1547 nobis
1005 1493 1182 1562 aliqua
1212 1493 1279 1549 de
1305 1496 1678 1550 conversionis
1706 1512 1818 1552 suae

223 1582 370 1639 bono
400 1592 664 1650 narraret,
696 1583 780 1638 vel
811 1585 1038 1651 qualiter
1062 1583 1128 1640 ad
1157 1585 1443 1640 clericatus
1466 1586 1700 1640 ol'licium
1725 1586 1818 1641 ad-

222 1675 498 1743 venisset,
527 1675 649 1744 quia
681 1682 797 1730 erat
827 1690 1022 1745 genere
1053 1673 1458 1747 Langobardos.
1478 1677 1598 1734 'Sed
1630 1679 1818 1748 nequi-

222 1771 316 1827 bat
343 1786 632 1842 exponere,
662 1785 852 1827 vanam
886 1781 992 1828 tota
1025 1774 1323 1830 intentione
1347 1775 1571 1845 cupiens
1593 1775 1814 1845 gloriam

1931 568 2100 637 magis
2127 571 2370 624 accendit
2401 581 2564 626 totam
2587 587 2736 642 spem
2763 589 2936 630 meam
2967 579 3017 632 in
3049 579 3164 649 ejus
3188 583 3386 636 virtute
3416 585 3517 638 dc-

1929 655 2113 727 flgere.
2145 657 2348 718 Deinde
2376 662 2700 720 territorium
2725 667 3027 726 Trevericaa
3048 673 3192 726 urbis
3217 675 3435 744 expetii,
3461 684 3518 732 et

1927 747 1980 804 in
2007 764 2116 820 quo
2146 766 2287 808 nunc
2315 756 2446 810 estis
2473 766 2674 826 monte,
2707 758 3062 818 habitaculum
3089 765 3232 834 quod
3271 769 3511 837 cernitis,

1928 842 2146 914 proprio
2181 845 2363 902 labore
2400 851 2694 907 construxi.
2743 851 2938 922 lleperi
2979 864 3156 912 tamen
3209 857 3291 911 hic
3335 859 3516 914 Diana:

1927 935 2298 1006 simulacrum,
2324 943 2462 1013 quod
2489 946 2714 1014 populus
2739 945 2826 1001 hic
2850 947 3158 1004 incredulus
3178 951 3327 1020 quasi
3356 952 3514 1006 deum

1931 1030 2206 1087 adorabat.
2236 1032 2552 1090 Columnam
2576 1037 2736 1092 etiam
2764 1049 2949 1109 statui,
2970 1042 3021 1096 in
3050 1058 3150 1112 qua
3171 1057 3292 1098 cum
3325 1044 3513 1114 grandi

1927 1122 2161 1178 cruciatu
2187 1122 2304 1180 sine
2325 1125 2431 1180 ullo
2453 1127 2646 1195 pedum
2675 1129 2880 1184 stabam
2905 1134 3158 1203 tegmine.
3187 1132 3370 1203 Itaque
3392 1149 3510 1188 cum

1926 1211 2138 1284 hyemis
2166 1223 2377 1285 tempus
2406 1218 2562 1274 solite
2584 1216 2609 1255 ἀ
2640 1222 2966 1287 advenisset,
2995 1223 3065 1278 ita
3093 1226 3270 1294 rigore
3294 1226 3508 1295 glaciali

1925 1308 2143 1376 urebar,
2175 1318 2232 1364 ut
2261 1326 2464 1380 ungues
2495 1313 2690 1382 pedum
2716 1330 2957 1370 meorum
2984 1317 3180 1385 saepius
3209 1319 3287 1373 vis
3317 1319 3511 1390 rigoris

1923 1408 2236 1468 excuteret,
2267 1409 2322 1456 et
2348 1401 2400 1456 itt
2432 1401 2612 1459 barbis
2643 1405 2777 1460 meis
2807 1421 2942 1476 aqua
2972 1408 3090 1476 gelu
3120 1422 3357 1462 connexa
3386 1423 3548 1493 ean-J

1923 1489 2166 1546 delarum
2213 1507 2364 1548 more
2399 1493 2748 1564 dependeret.
2796 1497 3040 1568 Magnam
3071 1498 3212 1553 cnim
3261 1500 3511 1568 hyemem

1924 1584 2072 1653 regio
2119 1584 2208 1637 illa
2262 1599 2502 1654 persaepe
2552 1585 2750 1642 dicitur
2777 1592 3066 1644 sustinere.
3105 1589 3209 1644 Sed
3250 1604 3372 1644 eum
3414 1605 3512 1644 nos

1922 1672 2154 1727 sollicite
2207 1673 2661 1746 interrogaremus
2692 1717 2707 1742 ,
2749 1679 2868 1748 quis
2920 1678 2968 1733 ei
3012 1678 3164 1733 cibus
3213 1689 3303 1733 aut
3353 1688 3511 1749 potus

1922 1773 2088 1832 esset,
2119 1766 2202 1820 vel
2232 1767 2462 1835 qualiter
2491 1770 2784 1824 simulacra
2816 1773 3014 1826 montis
3048 1772 3189 1827 illius
3219 1772 3512 1828 subvertis-

222 1867 444 1922 evitare.
473 1867 640 1934 Quem
663 1882 759 1936 ego
779 1867 1105 1922 terribilibus
1128 1870 1480 1925 sacramentis
1495 1870 1811 1940 eonjurans,
1844 1867 1894 1930 B
1919 1867 2022 1924 se"
2065 1859 2141 1912 ³η
2165 1875 2178 1912 ³
2213 1859 2378 1916 Ροιυε
2399 1900 2415 1926 ν
2446 1860 2702 1932 cuiusque
2732 1879 2882 1918 meus
2904 1875 3020 1919 eral
3063 1880 3250 1934 Parum
3285 1865 3434 1935 Panis
3456 1875 3512 1922 ει

221 1957 488 2028 pollicitus
519 1960 711 2028 primo,
744 1967 803 2013 ut
834 1958 961 2014 nulli
989 1975 1108 2030 qua:
1131 1961 1400 2016 referebat
1423 1963 1810 2034 expenderent,

221 2063 416 2118 rogare
443 2048 610 2118 ccepi,
637 2055 697 2103 ut
723 2048 852 2104 nihil
883 2049 1013 2103 mihi
1057 2048 1124 2104 de
1151 2048 1234 2104 his
1264 2065 1380 2120 qua:
1416 2050 1813 2123 interrogabam

220 2139 506 2194 occuleret.
535 2140 780 2211 Cumque
822 2139 1123 2196 diutissime
1163 2141 1457 2198 reluctatus
1491 2143 1703 2211 fuisset,
1734 2144 1816 2199 vi-

218 2239 338 2284 ctus
393 2229 607 2284 tandem
665 2231 1070 2311 tam,precibus
1127 2245 1284 2300 quam
1343 2231 1812 2291 obsecrationibus

217 2321 376 2387 meis,
411 2321 527 2377 limo
555 2321 744 2377 effatus
785 2331 886 2378 est.
919 2323 1052 2377 Dum
1085 2338 1281 2390 essem,
1308 2324 1496 2395 inquit,
1531 2341 1662 2396 puer
1691 2342 1811 2398 par-

219 2413 411 2478 vulus,
443 2414 626 2469 audito
655 2415 798 2471 beati
823 2415 1033 2470 Martini
1077 2418 1294 2472 nomine
1319 2459 1334 2483 ,
1367 2418 1612 2475 nesciens
1638 2419 1812 2477 adhuc

218 2513 397 2560 utrum
441 2515 642 2577 martyr
689 2522 756 2562 an
799 2507 1074 2562 confessor
1114 2517 1280 2576 esset,
1312 2508 1393 2564 vel
1437 2509 1564 2578 quid
1596 2511 1721 2566 boni
1753 2514 1808 2571 iu

218 2598 422 2654 mundo
451 2601 708 2668 gessisset
733 2640 748 2665 ,
781 2600 865 2655 vel
895 2615 1015 2670 qua:
1047 2601 1193 2669 regio
1222 2599 1410 2656 beatos
1433 2609 1580 2657 artus
1603 2606 1809 2661 tumulo

217 2692 501 2746 meruisset
517 2690 783 2761 accipere,
804 2690 916 2761 jam
938 2693 990 2746 in
1013 2689 1128 2761 ejus
1151 2692 1409 2748 honorem
1435 2693 1644 2764 vigilias
1668 2698 1811 2753 cele-

217 2785 473 2851 brabam,
498 2799 582 2852 ac,
615 2785 662 2839 si
692 2785 889 2856 aliquid
917 2787 1053 2840 inter
1074 2799 1259 2840 manus
1287 2786 1621 2842 numismatis
1649 2788 1810 2845 adve-

222 2878 412 2942 nisset,
439 2881 810 2949 eleemosynas
831 2877 1110 2932 faciebam.
1133 2877 1356 2949 Jamque
1374 2878 1427 2946 in
1451 2877 1812 2949 majoritetate

227 2971 514 3042 proficiens
533 3014 549 3041 ,
593 2972 799 3027 litteras
821 2970 1031 3028 discere
1055 2971 1234 3028 studui
1276 2989 1289 3025 :
1335 2988 1400 3027 ex
1430 2972 1626 3042 quibus
1655 2974 1804 3043 prius

227 3066 466 3121 scribere
489 3066 661 3136 potui,
693 3080 852 3136 quam
885 3067 1126 3122 ordinem
1157 3066 1476 3136 scriptarum
1505 3067 1806 3122 litteramm

217 3157 430 3212 scirem.
465 3157 666 3213 Deinde
699 3158 896 3213 Aredio
928 3157 1105 3213 abbati
1136 3157 1496 3228 conjnnetus,
1529 3159 1596 3213 ab
1634 3174 1807 3231 eoque

1925 1949 2088 2004 oleris
2112 1989 2129 2015 ,
2161 1965 2222 2004 ac
2255 1951 2523 2007 modicum
2558 1969 2731 2024 aquae.
2766 1954 2958 2012 Verum
2992 1957 3084 2012 ubi
3111 1958 3178 2011 ad
3210 1973 3297 2014 me
3329 1959 3511 2014 multi-

1922 2039 2050 2094 tudo
2093 2041 2393 2097 vicinarum
2427 2043 2670 2099 villarum
2703 2045 2976 2102 confluere
3022 2048 3214 2117 erepit,
3250 2048 3510 2118 prmdica-

1917 2128 2041 2185 bam
2068 2130 2268 2201 iugiter
2298 2133 2428 2187 nihil
2459 2149 2581 2190 esse
2612 2135 2863 2204 Dianam,
2910 2138 3042 2193 nihil
3070 2140 3382 2206 simulacra,
3419 2141 3507 2196 ni-

1920 2221 2102 2294 hilque
2143 2241 2265 2296 quae
2295 2228 2373 2282 eis
2403 2227 2683 2283 videbatur
2731 2232 2968 2286 exerceri
3006 2232 3246 2299 cultura;
3293 2235 3508 2304 indigna

1915 2315 2076 2370 etiam
2103 2331 2222 2372 esse
2253 2317 2366 2387 ipsa
2393 2359 2408 2384 ,
2439 2333 2557 2388 quae
2601 2320 2741 2375 inter
2777 2322 2965 2390 pocula
2989 2322 3346 2394 ,quuriasque
3375 2341 3504 2395 pro-

1916 2408 2050 2462 Iluas
2080 2410 2286 2465 cantica
2318 2411 2669 2480 proferebant
2717 2430 2728 2465 :
2776 2413 2870 2468 sed
2903 2416 3079 2482 potius
3113 2416 3224 2471 Deo
3262 2419 3507 2486 omnipo-

1916 2501 2069 2570 tenti,
2095 2501 2185 2572 qui
2226 2503 2422 2558 caelum
2453 2503 2580 2559 fecit
2604 2519 2668 2559 ac
2697 2513 2917 2571 terram,
2950 2505 3169 2577 dignum
3200 2508 3268 2562 sit
3297 2509 3507 2565 sacrifi-

1913 2593 2054 2650 cium
2071 2595 2239 2651 laudis
2253 2596 2582 2666 impendere.
2609 2597 2839 2652 Orabam
2852 2600 3012 2653 etiam
3030 2601 3247 2671 smpius,
3266 2610 3322 2655 ut
3342 2602 3506 2658 simu-

1912 2686 2058 2742 lacro
2088 2687 2341 2744 Dominus
2368 2690 2546 2744 diruto
2568 2689 2878 2761 dignaretur
2920 2694 3169 2761 populum
3199 2693 3267 2747 ab
3297 2697 3397 2749 hoc
3420 2709 3506 2749 er-

1914 2795 2040 2836 rore
2068 2781 2361 2838 discutere.
2394 2781 2570 2837 Flexit
2616 2783 2828 2837 Domini
2862 2784 3226 2840 misericordia
3269 2795 3503 2842 mentem

1915 2878 2192 2943 rusticam,
2242 2886 2300 2931 ut
2346 2875 2630 2930 inclinaret
2679 2891 2861 2932 aurem
2904 2891 3053 2931 suam
3088 2878 3139 2931 in
3182 2880 3340 2935 verba
3391 2880 3504 2935 oris

1915 2969 2062 3039 mei,
2125 2978 2186 3025 ut
2243 2969 2449 3025 scilicet
2510 2969 2714 3024 relictis
2768 2969 2926 3024 idolis
2981 2970 3266 3026 Dominum
3313 2988 3503 3044 seque~

1915 3073 2082 3120 retur.
2125 3063 2275 3117 Tunc
2314 3062 2619 3117 convocatis
2672 3060 2988 3131 quibusdam
3041 3077 3106 3118 ex
3155 3066 3276 3131 eis,
3333 3067 3502 3121 simu-

1915 3157 2119 3212 lacrum
2151 3156 2253 3212 hoc
2278 3157 2620 3221 immensum,
2650 3156 2791 3225 quod
2823 3155 3029 3211 elidere
3060 3157 3274 3226 propria
3299 3159 3501 3216 virtute

216 3251 471 3319 edoctus,
502 3251 648 3308 beati
680 3251 894 3308 Martini
935 3251 1211 3306 basilicam
1241 3252 1369 3306 adii.
1413 3251 1812 3324 Revertensque
1836 3241 1884 3306 C
1916 3264 2024 3306 non
2057 3258 2292 3320 poteram
2317 3287 2334 3317 ,
2368 3262 2488 3304 cum
2530 3262 2714 3302 eorum
2759 3246 3025 3316 adjutorio
3057 3257 3238 3317 postea
3271 3251 3438 3304 merui
3476 3259 3501 3287 ο

216 3359 338 3397 cum
372 3358 454 3409 ao,
485 3344 569 3398 ille
599 3359 885 3414 parumper
914 3343 1146 3414 pulveris
1170 3344 1312 3399 beati
1334 3345 1566 3414 sepulcri
1599 3361 1694 3416 pro
1716 3347 1808 3404 be-

216 3434 520 3491 nedictione
557 3435 794 3491 sustulit.
840 3439 1010 3504 Quem
1050 3437 1103 3491 in
1135 3437 1348 3506 capsula
1386 3438 1617 3506 positum
1649 3438 1698 3506 δ,
1741 3440 1810 3497 ad

217 3528 414 3584 collum
445 3529 607 3601 387
637 3545 810 3586 meum
855 3531 1111 3601 dependit
1140 3548 1152 3584 :
1183 3531 1500 3604 devectique
1528 3535 1594 3590 ad
1619 3551 1806 3593 mona-

215 3625 438 3680 sterium
474 3635 496 3663 ο
527 3625 642 3694 ejus
674 3625 1014 3680 Lemovicino
1057 3625 1108 3681 in
1142 3626 1388 3693 termino,
1438 3638 1652 3699 accepta
1684 3645 1810 3702 cap-

214 3717 348 3780 sula,
374 3723 432 3771 ut
455 3730 571 3772 eam
597 3715 649 3771 in
677 3718 910 3771 oratorio
934 3731 1030 3773 suo
1057 3717 1280 3788 locaret,
1313 3721 1366 3774 in
1395 3728 1598 3776 tantum
1627 3723 1806 3794 pulvis

213 3809 469 3875 accrevit,
495 3816 552 3862 ut
579 3823 682 3864 non
706 3809 877 3864 solum
904 3816 1069 3864 totam
1093 3825 1309 3880 capsam
1333 3811 1588 3880 repleret,
1612 3826 1798 3870 verum

212 3897 375 3956 etiam
400 3899 529 3956 foris
559 3903 696 3955 inter
723 3900 1006 3970 juncturas
1030 3941 1048 3970 ,
1072 3901 1162 3957 ubi
1190 3902 1397 3960 aditum
1427 3903 1665 3974 reperire
1695 3919 1798 3975 po-

286 4043 313 4072 ι
336 4033 453 4110 ΑᾼΙῑί
478 4075 493 4102 ,
526 4032 792 4110 Epusum;
824 4034 1125 4110 Antonino,
1153 4035 1435 4110 Epoisum,
1467 4052 1606 4094 nunc
1638 4039 1800 4110 vulgo

222 4105 464 4159 Ivodium
487 4147 502 4171 ,
535 4106 786 4176 oppidum
817 4106 1032 4162 ditionis
1056 4107 1493 4176 Luxemburgica‘.
1525 4111 1575 4163 in
1602 4105 1798 4169 ﬁnibus

211 4176 578 4250 Trevirorum,
631 4176 696 4250 ad
751 4177 979 4250 Chai-em
1021 4192 1115 4250 seu
1161 4177 1452 4250 Cherreurn
1493 4179 1794 4250 ﬂuviolum,

213 4247 408 4300 nostris
442 4244 598 4312 Ivois,
632 4247 909 4302 Germanis
934 4246 1086 4316 Ipsch
1106 4288 1121 4313 ,
1145 4249 1286 4317 quod
1317 4249 1384 4303 ab
1413 4250 1616 4316 aliqttot
1639 4244 1794 4307 annis

212 4318 559 4371 Carinianum
610 4317 770 4372 etiam
795 4317 1110 4388 ,7Carignan
1136 4358 1151 4384 ,
1193 4320 1448 4388 appellari
1489 4321 1790 4378 voluerttnt.

211 4388 588 4462 ᾓιυιξειεῑυιθῇιιῐη
617 4387 875 4462 θυῑριηε.
912 4388 1162 4462 Martini,
1209 4387 1350 4459 quod
1383 4390 1468 4446 hic
1498 4388 1790 4462 Gregorius

212 4459 432 4523 laudat,
480 4459 532 4511 in
565 4471 742 4513 monte
772 4461 948 4514 vicino
969 4461 1093 4512 olim
1133 4463 1325 4527 situm,
1357 4462 1513 4530 plane
1553 4459 1785 4519 dirutum

213 4541 317 4623 est,
343 4545 372 4583 e
401 4544 526 4598 quo,
553 4530 628 4610 uti
658 4541 841 4623 ητιςρέ
867 4531 1149 4623 BLovverus
1175 4533 1224 4584 in
1252 4533 1544 4623 Appaljbus
1575 4533 1783 4623 Trivir.
1820 4561 1873 4623 Β

213 4601 306 4654 lib.
337 4615 390 4653 χ.
418 4614 559 4671 anno
577 4601 714 4671 circ.
739 4601 863 4656 979.
910 4600 1171 4671 Egbertus
1198 4603 1630 4671 archiepisc0pus
1651 4605 1789 4661 Tre-

213 4674 312 4724 vir.
366 4671 423 4723 Β.
457 4670 712 4742 it'tillilaici
741 4685 881 4742 fossa
914 4670 974 4724 in
1016 4673 1266 4742 oppidum
1316 4670 1603 4728 transtulit.
1650 4676 1792 4732 ldem

209 4750 428 4815 sanctus
455 4740 505 4794 in
526 4740 709 4815 fastis
737 4740 1100 4815 Benedictiuis‘
1128 4743 1226 4798 sub
1255 4744 1316 4799 S.
1353 4743 1543 4815 Vulphi
1570 4750 1793 4803 conversi

211 4813 426 4885 nomine
457 4811 647 4865 colitur
663 4827 755 4885 3n
785 4812 1271 4885 Kal.‘N_ovembris,
1312 4811 1482 4870 diviso
1511 4832 1789 4885 perperam

211 4883 262 4936 in
289 4883 420 4936 duas
454 4892 629 4946 partes
663 4881 980 4949 Vulpltilaiei
1014 4886 1256 4950 nomine,
1290 4895 1349 4938 ut
1376 4881 1539 4940 laicus
1561 4881 1790 4952 dicatur,

210 4969 330 5008 eum
362 4955 441 5076 vel
465 4969 528 5006 ex
553 4954 653 5008 hoc
682 4953 920 5024 Gregorii
944 4954 1057 5010 loco
1078 4964 1283 5012 certum
1313 4955 1382 5012 sit
1411 4957 1583 5023 ipsum
1607 4959 1792 5015 diaco-

210 5039 339 5076 num
395 5039 550 5076 uisse.

208 5039 339 5078 num
372 5039 550 5078 IlllSSC.
606 5078 612 5083 ,

207 5188 243 5241 d
281 5115 310 5155 ι’
351 5113 464 5239 gul.
508 5130 582 5171 ιη.
624 5125 678 5172 et
720 5115 868 5184 Bec.,
923 5117 1058 5188 quod
1101 5119 1154 5173 in
1191 5119 1400 5187 capsula
1439 5119 1790 5188 depositum...

246 5204 368 5241 enen
411 5204 444 5240 ι.

246 5204 444 5241 evenat.

275 5206 734 5314 ge'IIoottasterium
762 5259 1070 5316 Athanense
1094 5300 1109 5326 ,
1136 5260 1274 5330 quod
1305 5261 1476 5320 hodie?
1502 5261 1796 5320 conditoris

206 5330 303 5402 sui
321 5330 494 5402 sancti
521 5329 691 5402 Aridii
723 5331 939 5386 nomine
968 5329 1270 5402 insignitur.

280 5398 307 5438 δ
347 5400 435 5473 Sic
453 5400 608 5455 Colb.
632 5417 702 5455 m.
737 5412 787 5456 et
818 5403 967 5458 Bec..
995 5403 1046 5458 id
1072 5398 1155 5458 est
1179 5403 1350 5465 solito,
1374 5402 1609 5460 uthahet
1634 5403 1792 5473 Bad.;

207 5471 411 5536 caeteri,
444 5473 630 5543 soli:_w,
657 5473 951 5528 referentes
975 5474 1042 5529 ad
1077 5488 1262 5529 vocem
1291 5475 1510 5543 hyemis.

280 5551 306 5581 ο
345 5543 434 5598 Sic
466 5541 619 5607 Bad.;
651 5545 854 5608 caeteri,
888 5561 1086 5614 possem
1115 5562 1307 5600 eruere.

284 5615 304 5650 τ
435 5622 518 5689 est
547 5614 650 5689 alia
689 5615 874 5689 signa,
928 5631 1021 5669 seu
1067 5620 1370 5671 simulacra.
1403 5619 1519 5674 Jam
1553 5627 1795 5689 tempore

209 5685 493 5740 Domitiani
547 5685 675 5752 imp.
721 5685 948 5740 celebris
1001 5699 1114 5742 erat
1152 5690 1330 5743 Dianae
1377 5692 1551 5746 cultus
1612 5685 1680 5744 iu—
1710 5691 1792 5745 his

207 5756 469 5825 partibus,
497 5755 567 5808 ila
595 5766 648 5808 ut
679 5754 846 5808 Diana
868 5758 1157 5824 Arduimta,
1183 5776 1247 5814 ex
1267 5761 1413 5816 silva
1443 5761 1672 5816 celebris
1701 5776 1795 5814 Ito-

211 5829 380 5902 ntine,
418 5827 708 5902 diceretur,
729 5837 796 5902 _ut
823 5837 967 5902 patet
989 5844 1063 5902 ex?
1081 5833 1248 5884 veteri
1279 5834 1626 5902 inscriptione
1649 5831 1791 5900 apttd

207 5899 520 5964 Browerum
555 5897 608 5952 itt
633 5897 879 5967 antiquit.
910 5898 1340 5962 Trevircnsibus.
1384 5897 1790 5980 ιιιὲοῐὶνιὶυιὶειιι

493 5989 763 6063 ΡΑτιιοι.
810 5988 1043 6059 LXXI.

1918 3357 2149 3399 eruere:
2177 3340 2287 3410 jam
2314 3341 2456 3396 enim
2489 3339 2692 3409 reliqua
2723 3337 3021 3410 sigillorum
3058 3338 3076 3375 τ
3111 3355 3230 3408 qua:
3268 3341 3501 3399 faciliora

1917 3435 2150 3503 fuerant,
2201 3435 2315 3505 ipse
2371 3431 2762 3502 confregeram.
2813 3431 3269 3489 Convenientibus
3318 3443 3500 3490 autem

1918 3529 2101 3586 multis
2131 3526 2197 3581 ad
2230 3526 2366 3581 hanc
2396 3525 2580 3580 Diana:
2605 3525 2772 3595 388
2794 3531 3047 3590 statuam,
3081 3526 3262 3581 missis
3285 3525 3501 3584 funibus

1918 3623 2135 3678 trahere
2167 3626 2453 3690 emperunt
2499 3634 2513 3673 :
2563 3618 2658 3673 sed
2691 3616 2822 3671 nihil
2858 3617 3007 3672 labor
3028 3634 3214 3674 eorum
3246 3620 3503 3689 proﬁcere

1918 3724 2146 3787 poterat.
2176 3714 2328 3771 Tunc
2353 3729 2452 3784 ego
2476 3711 2542 3766 ad
2574 3711 2849 3767 basilicam
2881 3727 3135 3783 propero,
3171 3722 3501 3783 prostratus-

1907 3824 2012 3876 que
2053 3807 2200 3873 solo,
2235 3806 2470 3861 divinam
2501 3804 2926 3859 misericordiam
2953 3819 3076 3860 eum
3113 3806 3366 3877 lacrymis
3404 3805 3502 3862 lla-

1905 3904 2164 3976 gitabam,
2197 3911 2258 3959 ut
2285 3901 2412 3974 quia
2453 3901 2506 3957 id
2549 3900 2780 3956 humana
2810 3900 3072 3956 industria
3115 3912 3361 3958 evertere
3389 3918 3500 3958 non

1905 4042 2098 4112 ipsam,
2132 4054 2250 4110 quae
2281 4038 2470 4112 probat
2500 4037 2682 4112 Dianae
2713 4038 2913 4112 cultum
2950 4036 3004 4094 in
3039 4037 3328 4097 Arduenna
3357 4039 3493 4098 silva

1903 4109 2070 4170 fuisse
2096 4109 2386 4177 celebrem,
2417 4110 2520 4165 huc
2546 4111 2785 4179 proferre
2809 4109 2977 4166 visum
3009 4118 3111 4166 est.

2114 4284 2180 4353 Q.
2239 4280 2524 4340 caasws.
2588 4283 2654 4351 Q.
2717 4283 2956 4340 FILIVS.
3021 4283 3271 4348 CLAVD.

2292 4362 2678 4421 ATILIANVS.
2743 4363 3108 4425 SACERDOS

2360 4443 2613 4498 ΒΙΑΝιΕ.
2656 4443 3032 4501 ARDVINN/E

2097 4524 2320 4581 FECIT.
2390 4524 2538 4583 SIBI.
2611 4523 2720 4579 ET.
2778 4525 2952 4582 SVIS.
3017 4527 3270 4588 liERED.

2135 4607 2222 4662 IN.
2266 4607 2376 4663 FB.
2424 4607 2482 4662 P.
2524 4605 2638 4660 XII.
2682 4605 2772 4660 IN.
2811 4607 2973 4662 AGR.
3016 4608 3076 4664 P.
3120 4611 3239 4666 ΧΥ.

2362 4687 2471 4743 IIII.
2535 4687 2711 4742 IDVS.
2777 4687 3020 4742 OCTOB.

2123 4767 2257 4822 IMP.
2300 4768 2474 4825 CASS.
2525 4768 2630 4824 FL.
2680 4767 3074 4824 DOMITIANO.
3117 4771 3252 4827 VIII.

2045 4847 2155 4901 ET.
2215 4850 2274 4904 C.
2342 4848 2658 4904 VALERIO.
2721 4849 3132 4906 MESSALINO.
3193 4850 3345 4910 COS.

1900 4939 2492 5015 Ex_eodem_Bro\vet_-o
2538 4942 2794 4997 discimus
2825 4941 2963 5015 infra
2995 4957 3184 4999 nemus
3212 4985 3226 5010 ,
3258 4944 3398 5015 quod
3430 4947 3486 5003 in

1901 5011 2085 5085 eadem
2116 5013 2336 5085 regione
2369 5012 2594 5085 habetur
2623 5013 3201 5085 propeEpternacum,
3226 5011 3484 5085 oppidum

1900 5082 1970 5134 ob
2019 5083 2398 5154 monasterium
2450 5082 2580 5137 0rd.
2634 5081 2966 5138 Benedictini
3016 5081 3486 5154 insignefhaberi

1900 5159 2052 5225 vetus
2085 5150 2273 5225 Diana:
2307 5161 2705 5225 monumentum
2732 5193 2748 5220 ,
2790 5156 2940 5210 vario
2970 5150 3197 5210 cultu'in
3234 5150 3374 5225 rupe
3399 5172 3492 5212 so-

1900 5220 2005 5300 lida
2036 5222 2326 5291 scnlptum,
2375 5223 2472 5278 sed
2514 5237 2650 5293 pene
2699 5225 2962 5294 attritum,
2993 5241 3116 5282 eum
3162 5225 3262 5282 hac
3290 5220 3488 5284 inscri-

1899 5301 2083 5363 pttone
2116 5307 2132 5346 :

2475 5363 2657 5420 DElE.
2713 5364 2944 5422 DIAN/E

2253 5443 2320 5512 Ω.
2374 5444 2800 5504 POSTIIVMVS.
2860 5446 3129 5504 POTENS

2613 5529 2680 5584 ν.
2732 5528 2791 5585 S.

1908 5641 1920 5647 -
1968 5617 2049 5672 Att
2077 5617 2200 5672 inde
2235 5618 2394 5673 Diana
2431 5620 2718 5675 Ardoinnre
2768 5635 2959 5678 nomen
3003 5621 3292 5679 habuerit?
3333 5635 3483 5683 certe

1897 5689 2037 5767 apud
2096 5689 2403 5767 Gruterum,
2451 5691 2704 5767 ρπβ-49,
2751 5704 2904 5767 vetus
2953 5695 3177 5767 habetur
3208 5697 3482 5767 inscriptio

1896 5761 2129 5828 quinque
2159 5759 2261 5814 diis
2284 5776 2465 5816 sacra:
2490 5759 2808 5830 Ardoinnte,
2835 5765 3078 5831 Camulo,
3100 5766 3235 5828 Jovi,
3272 5759 3480 5822 Mercu-

1899 5832 2000 5907 rio,
2035 5831 2268 5907 llerculi.
2315 5834 2444 5898 Quae
2495 5848 2621 5888 vero
2674 5836 2980 5896 inscribitur
3023 5838 3311 5907 Ardoinna,
3377 5838 3478 5896 sub

1902 5900 2080 5960 Diana:
2110 5903 2285 5978 specie
2317 5914 2749 5978 reprmsetttatttr.
