4096 6344
1930 290 1960 299 η

574 391 679 451 459

1573 386 1631 443 St
1672 384 2006 444 GREGOllll
2044 383 2347 439 EPISCOl'l
2392 385 2821 443 'llIRONENSlS

3738 392 3858 445 «4ὺο

571 514 800 577 valebat,
835 510 1002 565 virtus
1031 505 1159 563 illud
1190 506 1364 561 divina
1407 504 1727 560 destrueret.
1772 503 2141 571 Egressusque
2170 504 2221 561 Α
2259 516 2379 557 cum
2411 504 2697 574 aliquando
2741 520 2771 557 a
2793 501 3111 573 quihusdam
3143 516 3241 570 pro
3293 499 3438 560 furto
3482 517 3857 578 argueretur,

570 617 697 679 post
721 607 1035 669 orationem,
1069 603 1134 654 ad
1165 594 1439 668 eperarios
1463 597 1618 662 veni,
1648 593 2146 665 apprehensumque

569 702 772 764 funem,
794 706 849 751 ut
871 695 1039 766 primo
1061 694 1165 748 ictu
1189 690 1402 745 trahere
1421 688 1703 756 capimus,
1719 687 1961 755 protinus
1983 686 2146 739 simn-

570 794 775 847 lacrum
802 787 905 843 ruit
953 786 1002 840 iu
1053 794 1271 847 terram,
1304 780 1742 847 confractumth
1771 794 1891 832 cum
1938 777 2146 834 malleis

566 884 760 941 ferreis
790 883 843 936 in
874 880 1147 949 pulverem
1190 875 1392 946 redegi.
1441 874 1557 943 Ipsa
1586 884 1795 941 quoque
1826 873 1977 937 liora,
2023 885 2143 925 cum

566 979 632 1035 ad
653 976 833 1032 cibum
844 972 1160 1043 capiendum
1174 970 1466 1031 venissem,
1499 966 1569 1021 ita
1588 981 1745 1021 omne
1760 977 1955 1035 corpus
1967 974 2143 1019 meum

567 1086 599 1124 a
621 1070 821 1127 vertice
849 1080 1017 1137 usque
1047 1065 1112 1119 ad
1145 1062 1378 1132 plantam
1408 1060 1556 1129 pedis
1579 1058 1785 1127 pusulis
1807 1058 1963 1112 malis
1980 1056 2145 1125 reple-

567 1176 679 1219 tum
710 1170 813 1229 Cal,
844 1168 903 1215 ut
927 1160 1075 1215 locus
1102 1170 1258 1227 quem
1292 1166 1430 1208 unus
1459 1153 1657 1222 digitus
1684 1160 1913 1220 tegeret,
1942 1162 2143 1204 vacuus

564 1256 789 1313 inveniri
833 1269 940 1309 non
972 1259 1151 1322 posset
1201 1266 1213 1303 :

561 1345 826 1404 denudavi
848 1360 935 1399 me
954 1355 1137 1397 coram
1161 1348 1346 1393 sancto
1372 1337 1583 1391 altario.
1613 1335 1883 1389 Habebam
1904 1334 2043 1387 enim
2070 1332 2143 1385 ibi

562 1440 849 1510 ampullam
880 1452 1000 1493 cum
1031 1435 1150 1487 oleo
1181 1432 1413 1500 plenam,
1441 1441 1597 1498 quam
1628 1427 1696 1481 de
1726 1426 1895 1480 sancti
1924 1423 2139 1478 Martini

559 1533 778 1593 basilica
812 1528 1106 1585 detuleram
1156 1541 1168 1577 :
1210 1539 1276 1579 ex
1300 1537 1402 1592 qua
1431 1518 1659 1591 propriis
1683 1518 1925 1572 manibus
1956 1530 2142 1571 omnes

560 1636 705 1682 artus
734 1621 976 1695 perunxi,
1005 1633 1235 1687 moxque
1257 1616 1435 1684 sopori
1468 1616 1671 1667 locatus
1701 1625 1839 1664 sum.
1870 1608 2142 1678 Experge-

559 1720 730 1774 factus
773 1729 902 1771 vero
955 1712 1099 1768 circa
1151 1708 1386 1763 medium
1435 1707 1637 1772 noctis,
1677 1719 1800 1759 eum
1831 1702 1895 1757 ad
1924 1716 2140 1757 cursum

558 1803 890 1868 reddendum
920 1814 946 1843 ⁸
978 1818 1286 1875 surgerem,
1324 1800 1395 1855 ita
1436 1812 1629 1866 corpus
1671 1806 1839 1851 totum
1872 1794 2141 1850 incolume

1259 1251 1637 1318 ingressusque
1668 1246 1938 1299 basilicam
1972 1243 2139 1311 solus,
2182 1262 2186 1267 δ

2249 596 2323 648 ait
2352 613 2364 648 :
2398 597 2485 650 lbo
2513 598 2576 649 ad
2627 597 2898 650 basilicam
2949 596 3087 650 beati
3120 595 3325 651 Martini
3354 638 3369 662 ,
3405 606 3457 652 et
3486 604 3858 661 sacrauimus

2250 701 2334 740 me
2398 702 2619 754 exuens,
2677 687 2933 743 innocens
2974 686 3191 743 reddar.
3254 689 3372 755 Quo
3443 690 3801 760 ingrediente
3835 738 3852 763 ,

2248 778 2427 847 elapsa
2455 782 2628 835 securi
2657 781 2723 836 de
2771 796 2929 836 manu
2970 781 3108 851 ejus,
3141 781 3207 836 ad
3259 785 3455 838 ostium
3512 785 3643 850 ruit,
3690 788 3857 857 gravi

2246 872 2423 927 cordis
2451 872 2636 929 dolore
2662 875 2962 941 perculsus,
2998 875 3389 945 confessusque
3419 887 3503 932 est
3525 880 3697 934 miser
3726 896 3857 934 ver-

2247 962 2327 1017 bis
2370 966 2616 1031 propriis,
2666 980 2785 1033 qua:
2812 979 3029 1021 venerat
3064 981 3324 1022 excusare
3366 970 3642 1037 pcrjnriis.
3684 971 3854 1028 Alius

2246 1055 2409 1109 simili
2440 1055 2599 1110 modo
2627 1070 2748 1111 cum
2779 1056 2847 1112 de
2896 1057 3158 1113 incendiis
3199 1059 3389 1115 domus
3420 1061 3579 1115 vicini
3640 1066 3726 1118 sui
3763 1081 3856 1119 ar-

2245 1155 2516 1214 gueretur,
2544 1146 2619 1201 ait
2660 1162 2675 1202 :
2713 1148 2909 1203 Vadam
2960 1150 3024 1202 ad
3077 1151 3332 1219 templum
3385 1152 3559 1206 sancti
3602 1154 3849 1221 Martini,

2245 1246 2307 1291 et:
2331 1238 2427 1291 fide
2480 1238 2603 1294 data
2633 1240 2818 1295 insons
2848 1240 3157 1296 redditurus
3198 1252 3220 1281 ο
3252 1257 3345 1297 ero
3376 1244 3441 1299 ab
3460 1244 3560 1300 hoc
3589 1246 3850 1303 crimine.

2244 1329 2579 1387 Manifesmm
2623 1345 2743 1387 erat
2770 1332 2911 1385 enim
2970 1332 3114 1387 hune
3140 1333 3357 1389 domum
3390 1335 3532 1389 illam
3588 1338 3844 1393 incendit

2247 1436 2643 1483 concremasse.
2690 1422 2891 1477 Abiens
2933 1432 3111 1478 autem
3157 1424 3223 1478 ad
3262 1438 3598 1482 sacramenta
3644 1428 3849 1496 danda,

2248 1528 2540 1570 conversus
2573 1515 2640 1570 ad
2686 1531 2807 1572 eum
2840 1555 2857 1581 ,
2890 1516 3000 1571 dixi
3048 1518 3096 1572 ei
3152 1534 3165 1570 :
3217 1518 3483 1585 Quantum
3537 1521 3850 1578 vicinorum

2251 1616 2459 1663 tuorum
2499 1608 2665 1664 dictat
2717 1610 2943 1663 assertio
2968 1650 2984 1675 ,
3017 1624 3122 1664 non
3161 1610 3271 1665 eris
3314 1612 3574 1667 innocens
3616 1616 3691 1669 ab
3745 1616 3852 1671 hoc

2249 1696 2475 1767 scelere;
2499 1701 2595 1756 sed
2620 1710 2795 1756 tamen
2820 1700 2957 1755 Deus
2981 1703 3175 1769 ubique
3197 1712 3300 1769 est,
3316 1714 3373 1759 et
3396 1706 3561 1761 virtus
3578 1707 3704 1776 ejus
3731 1708 3850 1777 ipsa

2244 1804 2327 1847 est
2360 1792 2681 1860 forinsecus,
2728 1808 2847 1862 quae
2893 1792 3121 1848 habetur
3146 1795 3484 1851 intrinsecus.
3535 1798 3745 1854 Tamen
3804 1800 3851 1854 si

558 1900 735 1972 reperi
762 1942 775 1965 ,
808 1913 871 1951 ac
918 1897 964 1949 si
1014 1895 1216 1948 nullum
1254 1904 1416 1957 super
1460 1903 1546 1942 me
1592 1888 1742 1941 ulcus
1778 1883 2133 1955 apparuisset.
2169 1886 2216 1946 Β
2245 1883 2312 1937 ita
2345 1892 2396 1938 te
2426 1898 2559 1939 vana
2608 1883 2799 1939 fiducia
2828 1885 3006 1954 cepit,
3043 1886 3183 1954 quod
3240 1886 3380 1941 Deus
3409 1889 3493 1942 vel
3524 1900 3702 1945 sancti
3729 1890 3849 1960 ejus

559 1990 689 2057 Quae
743 1985 959 2041 vulnera
1004 1999 1108 2035 non
1150 1980 1302 2034 aliter
1352 1977 1453 2030 nisi
1504 1990 1598 2045 per
1652 1974 1905 2029 invidiam
1940 1972 2140 2027 inimici

558 2082 753 2139 emissa
785 2078 1031 2152 cognovi.
1071 2077 1138 2132 Et
1168 2075 1293 2146 quia
1321 2088 1537 2142 semper
1566 2072 1682 2140 ipse
1723 2070 1935 2124 invidus
1978 2069 2140 2124 Deum

555 2173 915 2245 quaerentibus
936 2185 1131 2227 nocere
1157 2168 1401 2232 conatur,
1421 2165 1485 2218 ad
1496 2163 1828 2219 venientibus
1850 2162 2135 2231 episcopis,

554 2264 643 2336 qui
674 2281 758 2321 me
790 2265 959 2337 magis
984 2264 1050 2317 ad
1081 2261 1180 2315 hoc
1208 2257 1484 2314 cohortari
1526 2257 1860 2322 debuerant,
1907 2264 1964 2308 ut
1989 2268 2139 2323 ωψ-
2178 2286 2181 2293 α

552 2361 663 2411 tam
715 2370 846 2425 Opus
895 2353 1155 2424 sagaciter
1198 2348 1469 2418 explicare
1518 2348 1814 2411 deberem,
1888 2346 2143 2401 dixerunt

552 2450 683 2505 mihi
718 2465 734 2503 :
766 2450 883 2503 Non
911 2456 996 2502 est
1026 2461 1176 2515 :equa
1208 2444 1322 2499 haec
1346 2441 1428 2496 via
1456 2456 1614 2512 quam
1647 2440 1911 2509 sequeris,
1951 2454 2052 2494 nec
2082 2447 2140 2493 tu

555 2533 805 2613 ignobilis
838 2540 1076 2598 Simeoni
1106 2536 1133 2576 δ
1162 2536 1499 2591 Antiocheno
1524 2579 1538 2602 ,
1586 2533 1675 2603 qui
1701 2534 1963 2587 columnae
1986 2534 2138 2587 inse-

552 2631 906 2701 dit,.poteris
950 2629 1271 2698 comparari.
1315 2626 1421 2682 Sed
1452 2636 1548 2681 nec
1582 2624 1881 2687 cruciatum
1922 2624 2063 2678 hunc
2085 2633 2140 2679 te

551 2726 819 2780 sustinere
866 2722 1066 2793 patitur
1110 2720 1211 2774 loci
1261 2719 1500 2788 positio:
1544 2716 1812 2772 descende
1844 2718 2038 2785 potius,
2084 2724 2140 2771 et

551 2830 671 2872 cum
704 2815 984 2879 fratribus,
1018 2825 1152 2882 quos
1195 2809 1495 2882 aggregasti
1528 2817 1725 2874 tecum,
1765 2806 2024 2862 inhabita.
2054 2805 2138 2860 Ad

551 2922 780 2977 quorum
810 2906 970 2960 verba
993 2944 1008 2970 ,
1058 2904 1181 2972 quia
1222 2901 1533 2957 sacerdotes
1556 2913 1663 2954 non
1686 2898 1943 2953 obaudire
1969 2897 2138 2957 ascri-

552 3002 690 3059 bitur
718 2999 937 3055 crimini
964 3041 978 3067 ,
1010 2997 1401 3053 descendebam
1421 3038 1435 3063 ,
1481 2994 1673 3062 fateor,
1706 3004 1761 3049 et
1797 2993 2134 3049 ambulabam

552 3110 674 3150 cum
712 3092 947 3158 eisdem,
992 3104 1053 3143 ac
1099 3088 1274 3143 cibum
1323 3087 1522 3156 pariter
1554 3086 1854 3155 capiebam.
1895 3084 2132 3150 Quadam

552 3197 681 3240 vero
712 3182 799 3237 die
829 3193 1128 3253 provocans
1159 3194 1243 3231 me
1270 3176 1572 3245 episcopus,
1600 3176 1810 3244 longius
1850 3175 1915 3230 ad
1946 3175 2131 3230 villain

2247 1979 2297 2030 in
2323 1977 2575 2046 perjuriis
2615 1993 2720 2032 non
2750 1978 3093 2042 ulciscantur,
3120 1994 3247 2034 ecce
3272 1982 3533 2051 templum
3562 1996 3845 2052 sanctum,

2240 2068 2601 2137 econtrajura
2632 2078 2689 2124 ut
2718 2070 2884 2137 libet;
2931 2072 3094 2141 390
3125 2087 3245 2126 nam
3276 2074 3482 2130 calcare
3534 2075 3701 2132 limen
3754 2094 3848 2132 sa-

2240 2176 2388 2217 erum
2417 2178 2523 2217 non
2561 2164 2907 2232 permitteris.
2937 2168 3005 2219 At
3052 2166 3140 2220 ille
3164 2165 3388 2223 elevatis
3418 2169 3689 2234 manibus,
3720 2172 3844 2227 ait:

2241 2253 2341 2308 Per
2380 2255 2806 2323 omnipotentem
2858 2256 3022 2309 Deum
3054 2265 3108 2311 et
3154 2258 3406 2313 virtutem
3438 2260 3581 2314 beati
3626 2261 3847 2317 Martini

2239 2345 2491 2400 antistitis
2517 2345 2655 2415 ejus,
2675 2348 2798 2415 quia
2830 2345 2931 2402 hoc
2955 2348 3261 2403 incendium
3290 2366 3395 2403 non
3433 2349 3653 2406 admisi.
3683 2352 3842 2407 Datis

2240 2440 2417 2508 itaque
2444 2441 2794 2494 sacramentis
2820 2483 2835 2511 ,
2868 2440 2995 2494 dum
3052 2442 3373 2509 recederet,
3423 2443 3595 2499 visum
3654 2453 3745 2500 est
3792 2447 3843 2501 ei

2240 2534 2394 2603 quasi
2422 2532 2491 2589 ab
2522 2534 2645 2602 igne
2670 2533 3025 2599 circumdari;
3055 2544 3108 2588 et
3132 2536 3314 2590 statim
3340 2552 3500 2592 ruens
3528 2538 3581 2592 in
3613 2547 3842 2605 terram,

2240 2623 2474 2679 clamare
2503 2626 2669 2695 erepit
2695 2640 2755 2680 se
2775 2639 2805 2679 a
2834 2626 2990 2681 beato
3015 2626 3254 2683 antistite
3282 2628 3635 2684 vehementer
3656 2632 3836 2686 exuri.

2240 2716 2426 2771 Aiebat
2458 2717 2600 2772 enim
2658 2718 2869 2773 miser:
2920 2718 3110 2775 Tesmr
3165 2720 3349 2788 Deum,
3398 2721 3519 2789 quia
3568 2736 3673 2791 ego
3724 2722 3835 2779 vidi

2240 2810 2414 2876 ignem
2442 2809 2508 2864 de
2538 2810 2680 2867 ccelo
2721 2810 2941 2877 cadere,
2976 2814 3067 2880 qui
3123 2827 3209 2866 me
3240 2812 3589 2884 eiicumdans
3636 2813 3839 2868 validis

2238 2900 2521 2969 vaporibus
2549 2901 2765 2956 eonfiat.
2796 2904 2859 2956 Et
2888 2903 3014 2957 dum
3059 2902 3173 2957 haec
3206 2903 3428 2969 diceret,
3450 2904 3700 2973 spiritum
3736 2922 3841 2960 ex-

2240 2991 2455 3046 halavit.
2505 2991 2685 3047 Multis
2743 2994 2860 3047 haac
2889 3009 3050 3048 causa
3096 2994 3472 3051 documentum
3519 2994 3638 3060 fuit,
3671 3012 3747 3052 ne
3779 2998 3833 3053 in

2238 3082 2341 3137 hoc
2370 3082 2488 3138 loco
2517 3084 2779 3139 auderent
2809 3085 3031 3139 ulterius
3059 3085 3319 3155 pejerare.
3346 3085 3581 3142 Plurima
3606 3089 3834 3158 quidem

2234 3180 2303 3235 de
2330 3181 2414 3235 bis
2442 3183 2728 3238 virtutibus
2751 3187 2837 3237 hic
2862 3183 3116 3238 diaconus
3143 3183 3346 3250 retulit,
3386 3198 3506 3251 quae
3527 3186 3683 3255 sequi
3708 3188 3834 3245 Jon-

551 3274 731 3332 emisit
760 3272 1033 3341 Operarios
1076 3284 1196 3324 eum
1226 3269 1391 3323 scutis
1411 3277 1467 3322 et
1497 3268 1702 3321 malleis
1741 3281 1805 3321 ac
1829 3266 2126 3332 seettribns,
2156 3260 2205 3324 C
2234 3286 2357 3340 gum
2384 3274 2584 3342 putavi.

553 3366 609 3422 et
636 3366 897 3420 eliseruut
936 3363 1244 3417 columnam
1278 3364 1329 3415 in
1358 3374 1461 3429 qua
1489 3370 1633 3414 stare
1658 3360 1845 3414 solitus
1873 3374 2040 3422 eram.
2072 3359 2155 3415 1n

551 3459 787 3512 crastino
828 3464 1003 3509 autem
1036 3454 1255 3507 veniens
1279 3493 1293 3517 ,
1342 3451 1521 3507 inveni
1553 3451 1716 3522 389
1752 3452 1929 3506 omnia
1973 3449 2132 3505 dissi-

552 3561 704 3621 pata,
738 3548 965 3618 ﬂevique
1004 3545 1386 3613 vehementer;
1418 3544 1512 3600 sed
1535 3547 1742 3614 erigere
1774 3546 1988 3615 nequivi
2010 3561 2128 3613 qua:

547 3637 940 3703 destruxerant,
964 3654 1033 3694 ne
1054 3636 1264 3692 dicerer
1281 3636 1582 3692 contrarius
1603 3634 1927 3704 jussionibus
1953 3649 2130 3691 sacer—

545 3735 759 3803 dotum,
784 3742 842 3789 et
869 3748 935 3789 ex
966 3732 1100 3797 hoc,
1132 3733 1272 3787 sicut
1293 3744 1437 3785 nunc
1466 3729 1679 3795 habito,
1712 3742 1833 3783 eum
1877 3728 2127 3783 fratribus

543 3827 785 3882 habitare
810 3834 1094 3882 contentus
1115 3836 1257 3876 sum.

580 3978 587 3987 ,η
622 3916 757 3979 XVI.
796 3914 894 3971 Cui
923 3930 1049 3970 cum
1073 3914 1141 3969 de
1172 3913 1455 3968 virtutibus
1489 3911 1631 3968 beati
1676 3910 1886 3967 Martini
1914 3925 2044 3981 quas
2071 3911 2121 3965 in

548 4024 613 4067 eo
644 4010 761 4063 loco
785 4016 1033 4079 operatus
1059 4015 1174 4072 est,
1203 4005 1379 4076 aliqua
1410 4013 1467 4060 ut
1511 4004 1808 4060 declararet
1858 4018 2122 4075 exposce-

542 4119 682 4172 rem,
712 4102 825 4157 haac
882 4101 1082 4156 retulit.
1127 4100 1317 4175 Franci
1375 4098 1669 4177 cujusdam,
1700 4108 1755 4155 et
1806 4097 2122 4153 nobilissimi

539 4196 591 4251 in
624 4203 911 4263 gentesua
938 4192 1062 4258 viri,
1096 4190 1237 4246 filius
1277 4200 1454 4246 mutus
1482 4192 1781 4261 surdusque
1829 4199 1978 4246 erat:
2012 4189 2120 4243 ad-

545 4285 847 4353 ductusque
876 4298 907 4337 a
929 4280 1237 4351 parentibus
1261 4282 1325 4336 ad
1356 4282 1494 4337 hanc
1520 4283 1810 4349 basilicam,
1838 4281 1969 4350 jussi
1998 4296 2119 4335 eum

540 4392 663 4432 cum
695 4376 918 4430 diacono
944 4388 1065 4429 meo
1090 4383 1144 4428 et
1186 4373 1292 4428 alio
1322 4374 1586 4439 ministro,
1617 4374 1756 4427 intra
1788 4373 1956 4442 ipsum
1981 4382 2117 4427 tem-

539 4468 684 4538 plum
726 4456 967 4521 san'ctum
1014 4465 1068 4519 in
1113 4463 1312 4518 lectulo
1354 4465 1727 4533 requiescere;
1778 4474 1831 4519 et
1858 4479 1950 4534 per
1977 4464 2119 4519 diem

540 4557 753 4627 quidem
800 4556 1025 4609 orationi
1077 4552 1339 4609 vaeabat:
1374 4564 1530 4608 nocte
1559 4548 1733 4610 autem
1786 4546 1841 4609 in
1872 4558 2005 4625 ipsa,
2062 4566 2121 4611 ut

2276 3364 2469 3431 sva.
2524 3366 2658 3421 Cum
2707 3376 2885 3423 autem
2939 3368 2993 3424 in
3032 3368 3152 3424 loco
3194 3370 3287 3425 illo
3340 3384 3829 3440 commoraremnr,

2233 3454 2464 3515 vidimus
2489 3471 2582 3525 per
2609 3457 2741 3512 duas
2788 3466 2975 3513 noctes
2997 3460 3144 3531 signa
3190 3462 3243 3515 in
3266 3461 3427 3527 coelo,
3471 3461 3521 3516 id
3543 3472 3629 3533 est
3648 3464 3831 3520 radios

2231 3561 2260 3599 a
2289 3556 2441 3615 parte
2462 3548 2741 3617 Aquilonis
2767 3558 2874 3607 tam
2906 3554 3053 3607 clare
3099 3552 3428 3623 splendidos,
3465 3565 3519 3609 ut
3573 3556 3727 3624 prius
3748 3571 3831 3613 su:

2232 3638 2543 3708 apparuisse
2586 3652 2693 3695 non
2745 3640 2943 3697 fuerint
2981 3644 3099 3710 visi,
3124 3654 3179 3699 et
3220 3645 3288 3699 ab
3326 3656 3547 3715 utraque
3604 3648 3824 3719 quidem

2234 3739 2403 3803 parte,
2434 3722 2487 3783 id
2515 3738 2600 3784 est
2625 3730 2691 3784 ab
2718 3732 2884 3799 Euro,
2912 3744 2963 3788 et
2992 3733 3259 3806 Zephyro,
3286 3736 3456 3792 nubes
3487 3740 3823 3806 sanguineae;

2156 3862 2163 3869 κ
2232 3819 2387 3881 tertia
2422 3834 2555 3895 vero
2585 3830 2744 3875 nocte
2790 3820 2943 3890 quasi
2993 3825 3120 3876 liora
3169 3825 3401 3879 secunda
3453 3833 3825 3894 apparuerunt

2232 3910 2285 3965 lii
2306 3912 2459 3967 radii.
2488 3912 2704 3969 Etecce
2733 3913 2858 3968 dum
2892 3914 2990 3969 hos
3036 3916 3352 3970 miraremur
3393 3918 3630 3985 attoniti,
3694 3934 3823 3973 sur-

2230 4003 2483 4058 rexerunt
2511 4019 2540 4059 a
2572 4014 2798 4075 quatuor
2820 4005 2989 4076 plagis
3015 4005 3195 4060 mundi
3226 4007 3316 4060 alii
3348 4007 3537 4063 lterum
3582 4008 3820 4071 similes.

2230 4094 2565 4169 vidimusque
2588 4104 2752 4151 totum
2795 4096 2989 4151 caelum
3021 4096 3088 4152 ab
3116 4096 3196 4154 bis
3233 4098 3451 4169 operiri.
3484 4098 3547 4154 Et
3573 4110 3692 4155 erat
3720 4115 3821 4155 nuo

2228 4168 2323 4243 bes
2354 4189 2406 4242 in
2428 4188 2607 4244 medio
2650 4189 2772 4245 cali
2816 4189 3118 4257 splendida,
3156 4193 3223 4245 ad
3264 4206 3426 4260 quam
3478 4204 3538 4247 se
3570 4191 3625 4246 hi
3682 4191 3818 4247 radii

2226 4278 2546 4349 colligebant
2592 4280 2644 4334 in
2676 4280 2890 4335 modum
2932 4281 3169 4347 tentorii,
3200 4281 3340 4352 quod
3380 4282 3450 4337 ab
3480 4284 3587 4336 imo
3605 4295 3674 4337 ex
3697 4297 3816 4338 am-

2227 4369 2481 4439 plioribus
2523 4372 2812 4443 incoeptum
2855 4375 3034 4431 fasciis
3074 4375 3370 4445 angnstatis
3421 4374 3473 4429 in
3524 4375 3718 4443 altum,
3760 4378 3813 4433 in

2228 4476 2389 4515 unum
2444 4464 2637 4518 cuculli
2694 4474 2851 4533 caput
2898 4482 3042 4535 smpe
3093 4466 3383 4537 colligitur.
3429 4468 3702 4539 Erantque
3758 4472 3812 4524 in

2230 4552 2402 4605 medio
2426 4553 2695 4608 radiorum
2743 4566 2795 4610 et
2840 4557 2960 4611 aliae
2992 4556 3163 4614 nubes
3188 4573 3285 4614 ceu
3324 4574 3608 4616 coruscum
3635 4561 3811 4618 valide

539 4648 801 4712 diximus,
843 4644 957 4700 uade
979 4644 1300 4700 dormiebat.
1332 4643 1661 4715 Quandoque
1694 4644 1978 4707 miserante
2000 4647 2115 4704 Deo
2149 4642 2204 4702 D
2229 4641 2578 4713 fulgurantes.
2618 4646 2769 4714 Quod
2818 4648 3027 4720 signum
3083 4668 3331 4724 magnum
3385 4654 3540 4711 nobis
3585 4656 3809 4727 ingessit

539 4738 785 4815 apparuit
821 4734 951 4791 mihi
980 4737 1034 4791 in
1085 4737 1291 4792 visione
1323 4737 1508 4791 beatus
1548 4736 1809 4793 Martinus
1840 4779 1855 4804 ,
1887 4738 2069 4797 dicens
2096 4759 2109 4793 :

536 4829 686 4907 Ejice
717 4842 914 4897 agnum
946 4828 1013 4882 de
1041 4826 1280 4896 basilica,
1310 4828 1430 4898 quia
1456 4827 1565 4897 jam
1610 4842 1768 4883 sanus
1809 4825 1980 4883 factus
2009 4838 2110 4885 est.

532 4922 690 4979 Mane
743 4930 919 4977 autem
952 4918 1132 4986 facto,
1167 4918 1432 4989 cogitante
1489 4935 1573 4975 me
1624 4921 1763 4990 quod
1817 4929 1961 4978 esset
2010 4920 2113 4978 hoc

528 5016 815 5080 somnium,
878 5014 1027 5068 venit
1065 5013 1132 5067 ad
1184 5028 1272 5067 me
1318 5029 1466 5082 puer,
1515 5022 1570 5068 et
1599 5015 1847 5071 emittens
1902 5030 2107 5083 vocem,

526 5106 725 5174 gratias
754 5119 913 5175 agere
944 5104 1054 5158 Deo
1086 5104 1267 5175 coepit,
1303 5118 1700 5174 conversusque
1728 5106 1795 5161 ad
1845 5123 1959 5175 me,
1993 5110 2067 5163 ait
2093 5125 2107 5162 :

531 5186 740 5251 Gratias
767 5212 867 5265 ago
913 5197 1019 5251 Deo
1048 5196 1423 5264 omnipotenti,
1456 5200 1542 5262 qui
1586 5197 1712 5252 mihi
1752 5209 1805 5254 et
1841 5200 2109 5281 eloquium

528 5287 781 5352 reddidit,
808 5296 861 5341 et
881 5287 1138 5342 auditum.
1168 5286 1245 5341 Ex
1278 5285 1380 5339 hnc
1399 5299 1565 5341 sanus
1602 5289 1841 5344 redditus
1860 5330 1875 5355 ,
1904 5291 1971 5345 ad
2011 5292 2109 5347 do-
2134 5288 2141 5297 ’

523 5390 669 5431 mum
701 5376 876 5432 rediit.
923 5377 1073 5433 Alius
1099 5393 1225 5432 vero
1238 5375 1326 5446 qui
1344 5376 1664 5446 plerumque
1687 5382 1737 5433 in
1756 5374 1913 5437 furtis
1935 5382 2110 5439 diver-

524 5467 705 5537 sisque
746 5467 1039 5524 sceleribus
1085 5470 1401 5525 commistus
1434 5467 1679 5538 peierare
1719 5480 2102 5545 consueverat,

592 5661 621 5693 ι
651 5651 704 5708 ld
737 5663 839 5716 est,
888 5652 953 5705 ad
985 5652 1311 5707 recitandum
1346 5653 1576 5708 ofﬁcium
1623 5654 1879 5711 divinum.

588 5721 616 5763 δ
657 5721 1150 5799 Ce_lebris_s_anctus
1172 5726 1415 5799 ASiuieon
1460 5726 1699 5799 Stylites,
1754 5728 1821 5781 de
1860 5743 1963 5799 quo
1988 5728 2100 5799 ipse

517 5795 802 5865 Gregorius
834 5795 883 5845 in
916 5793 1050 5846 libro
1074 5792 1341 5865 deGluria
1373 5792 1641 5862 Confess.,
1678 5792 1795 5862 cup.
1831 5792 1915 5854 26.

589 5877 613 5908 c
640 5864 751 5923 'Sic
777 5865 923 5920 Colb.
954 5878 1027 5923 tn.
1059 5872 1111 5918 et
1140 5864 1294 5931 Bad.;
1323 5865 1412 5918 alii
1437 5880 1583 5932 vero,
1614 5868 1891 5922 rediturus.

2221 4744 2420 4790 metum
2471 4737 2566 4810 (V.
2598 4755 2755 4810 supra
2778 4759 2893 4812 cap.
2931 4743 3044 4813 εΗ).
3096 4745 3521 4816 Opperiebamur
3541 4748 3686 4802 enim
3716 4765 3808 4802 sn-

2220 4843 2315 4898 per
2354 4844 2449 4882 nos
2479 4830 2709 4899 aliquam
2738 4832 2944 4902 plagam
2973 4836 3041 4889 de
3070 4836 3204 4891 ctelo
3248 4838 3560 4893 transmitti.

2293 4920 2476 4975 XVIII.
2507 4920 2881 4978 Childebertus
2914 4941 3041 4981 vero
3068 4943 3166 4982 rex
3193 4930 3644 4999 compellentibus
3676 4934 3793 4989 mis-

2220 5012 2294 5067 sis
2318 5013 2700 5087 imperialibus,
2734 5015 2822 5085 qui
2846 5032 3030 5072 aurum
3059 5020 3200 5089 quod
3232 5036 3372 5076 anno
3407 5025 3689 5091 superiore
3713 5026 3785 5079 da

2224 5098 2333 5160 tum
2365 5105 2559 5175 fuerat,
2592 5104 2917 5176 requirebat,
2950 5111 3244 5166 exercitum
3275 5114 3325 5167 in
3357 5113 3561 5168 italiam
3599 5115 3781 5189 dirigit

2222 5199 2395 5256 Sonns
2422 5201 2565 5255 enim
2585 5212 2697 5257 erat
2726 5215 2964 5258 sororem
3012 5219 3163 5260 suam
3185 5205 3477 5276 lngundem
3519 5224 3630 5277 jam
3663 5211 3776 5266 Con

2218 5291 2624 5373 stantiuopolim
2679 5289 2847 5347 fuisse
2925 5296 3259 5350 translatam.
3310 5297 3414 5353 Sed
3464 5313 3584 5352 eum
3636 5300 3809 5361 ducas

2218 5384 2357 5439 inter
2384 5400 2441 5439 se
2472 5386 2879 5455 altercarentur,
2911 5392 3139 5451 regressi
3162 5400 3288 5446 sunt
3334 5393 3450 5449 sine
3481 5393 3802 5455 nlliuslucri

2216 5462 2602 5547 conquisitione
2658 5477 2727 5545 d;
2783 5496 2906 5536 nam
2944 5481 3180 5538 Wintrio
3235 5486 3341 5541 dux
3396 5501 3425 5540 a
3476 5489 3803 5557 pagensibtlﬂ

2279 5657 2661 5734 (ίὼνὶίίθ-Ρτιυιἰ
2708 5658 2855 5734 υἱελοἐ
2889 5660 2977 5734 lib.
3010 5675 3063 5717 Ill
3093 5662 3226 5734 Hist.
3261 5663 3523 5734 Langob.,
3553 5680 3673 5730 cap.
3703 5665 3794 5731 22,

2206 5734 2260 5785 el
2289 5728 2793 5803 Clirpnicnmuloan.
2828 5732 3018 5785 Biclar.
3046 5734 3112 5787 de
3136 5728 3435 5789 Wintrione
3459 5728 3589 5790 infra
3622 5728 3713 5790 lib.
3739 5728 3794 5803 x,

2208 5819 2325 5877 cap.
2497 5801 2548 5877 l‘n
2606 5800 2914 5877 Fredegarii
2961 5803 3405 5877 C_hronico,icap.
3460 5808 3548 5869 ii,
3599 5800 3796 5861 dicitur

2211 5875 2445 5939 Quintria
2482 5873 2588 5926 dux
2631 5871 2942 5945 Campaniae.
2991 5871 3040 5927 Is
3071 5891 3133 5931 ex
3164 5871 3369 5933 Gudila'
3399 5877 3561 5931 tiliam
3609 5878 3795 5937 habuit
