  <div class='ocr_page' id='page_1' title='image "/cluster/home/n/w/nwhite01/storage/ocr_20150623/71/hvd.32044020096954/236.png"; bbox 0 0 4096 6344; ppageno 0'>
   <div class='ocr_carea' id='block_1_1' title="bbox 279 307 413 370">
    <p class='ocr_par' dir='ltr' id='par_1_1' title="bbox 279 307 413 370">
     <span class='ocr_line' id='line_1_1' title="bbox 279 307 413 370; baseline -0.03 0"><span class='ocrx_word' id='word_1_1' title='bbox 279 307 413 370; x_wconf 66' lang='grc' dir='ltr'><strong>46Γ</strong></span> 
     </span>
    </p>
   </div>
   <div class='ocr_carea' id='block_1_2' title="bbox 1182 307 2606 384">
    <p class='ocr_par' dir='ltr' id='par_1_2' title="bbox 1182 307 2606 384">
     <span class='ocr_line' id='line_1_2' title="bbox 1182 307 2606 384; baseline 0.002 -17"><span class='ocrx_word' id='word_1_2' title='bbox 1182 309 1497 369; x_wconf 70' lang='lat' dir='ltr'><strong>HISTOMA</strong></span> <span class='ocrx_word' id='word_1_3' title='bbox 1539 307 1980 384; x_wconf 73' lang='lat' dir='ltr'><strong>FRANCOMIM.</strong></span> <span class='ocrx_word' id='word_1_4' title='bbox 2025 309 2228 368; x_wconf 75' lang='lat' dir='ltr'><strong>LIBER</strong></span> <span class='ocrx_word' id='word_1_5' title='bbox 2265 312 2606 370; x_wconf 56' lang='lat' dir='ltr'><strong>OCTAVVS.</strong></span> 
     </span>
    </p>
   </div>
   <div class='ocr_carea' id='block_1_3' title="bbox 3443 320 3580 378">
    <p class='ocr_par' dir='ltr' id='par_1_3' title="bbox 3443 320 3580 378">
     <span class='ocr_line' id='line_1_3' title="bbox 3443 320 3580 378; baseline 0.029 -4"><span class='ocrx_word' id='word_1_6' title='bbox 3443 320 3580 378; x_wconf 66' lang='lat'><strong>46%-</strong></span> 
     </span>
    </p>
   </div>
   <div class='ocr_carea' id='block_1_4' title="bbox 280 427 3551 508">
    <p class='ocr_par' dir='ltr' id='par_1_4' title="bbox 280 427 3551 508">
     <span class='ocr_line' id='line_1_4' title="bbox 280 427 3551 508; baseline 0.001 -18"><span class='ocrx_word' id='word_1_7' title='bbox 280 434 397 490; x_wconf 86' lang='lat' dir='ltr'><strong>snis</strong></span> <span class='ocrx_word' id='word_1_8' title='bbox 420 431 698 502; x_wconf 86' lang='lat' dir='ltr'><strong>depulsus,</strong></span> <span class='ocrx_word' id='word_1_9' title='bbox 725 430 918 486; x_wconf 79' lang='lat' dir='ltr'><strong>ducatu</strong></span> <span class='ocrx_word' id='word_1_10' title='bbox 947 429 1148 496; x_wconf 88' lang='lat' dir='ltr'><strong>caruit,</strong></span> <span class='ocrx_word' id='word_1_11' title='bbox 1178 427 1490 500; x_wconf 79' lang='lat' dir='ltr'><strong>ﬁnissetque</strong></span> <span class='ocrx_word' id='word_1_12' title='bbox 1536 429 1733 492; x_wconf 79' lang='lat' dir='ltr'><strong>vitam,</strong></span> <span class='ocrx_word' id='word_1_13' title='bbox 1761 427 1864 482; x_wconf 85' lang='lat' dir='ltr'><strong>nisi</strong></span> <span class='ocrx_word' id='word_1_14' title='bbox 1894 428 1946 488; x_wconf 80' lang='grc' dir='ltr'><strong>Α</strong></span> <span class='ocrx_word' id='word_1_15' title='bbox 1971 427 2142 496; x_wconf 87' lang='lat' dir='ltr'><strong>deret,</strong></span> <span class='ocrx_word' id='word_1_16' title='bbox 2175 431 2472 500; x_wconf 70' lang='lat' dir='ltr'><strong>puniretur.</strong></span> <span class='ocrx_word' id='word_1_17' title='bbox 2500 433 2594 487; x_wconf 83' lang='lat' dir='ltr'><strong>illo</strong></span> <span class='ocrx_word' id='word_1_18' title='bbox 2609 448 2820 504; x_wconf 87' lang='lat' dir='ltr'><strong>quoque</strong></span> <span class='ocrx_word' id='word_1_19' title='bbox 2839 434 3147 492; x_wconf 83' lang='lat' dir='ltr'><strong>discedente</strong></span> <span class='ocrx_word' id='word_1_20' title='bbox 3168 436 3236 492; x_wconf 88' lang='lat' dir='ltr'><strong>ab</strong></span> <span class='ocrx_word' id='word_1_21' title='bbox 3259 436 3551 508; x_wconf 86' lang='lat' dir='ltr'><strong>hospitiolo</strong></span> 
     </span>
    </p>
   </div>
   <div class='ocr_carea' id='block_1_5' title="bbox 278 522 1869 596">
    <p class='ocr_par' dir='ltr' id='par_1_5' title="bbox 278 522 1869 596">
     <span class='ocr_line' id='line_1_5' title="bbox 278 522 1869 596; baseline -0.004 -16"><span class='ocrx_word' id='word_1_22' title='bbox 278 524 406 596; x_wconf 84' lang='lat' dir='ltr'><strong>fuga</strong></span> <span class='ocrx_word' id='word_1_23' title='bbox 457 523 715 578; x_wconf 77' lang='lat' dir='ltr'><strong>auxilium</strong></span> <span class='ocrx_word' id='word_1_24' title='bbox 749 522 1067 593; x_wconf 73' lang='lat' dir='ltr'><strong>prtebuisset</strong></span> <span class='ocrx_word' id='word_1_25' title='bbox 1098 538 1113 586; x_wconf 90' lang='lat'><strong>;</strong></span> <span class='ocrx_word' id='word_1_26' title='bbox 1156 522 1248 577; x_wconf 85' lang='lat' dir='ltr'><strong>sed</strong></span> <span class='ocrx_word' id='word_1_27' title='bbox 1285 532 1466 591; x_wconf 84' lang='lat' dir='ltr'><strong>postea</strong></span> <span class='ocrx_word' id='word_1_28' title='bbox 1495 562 1510 586; x_wconf 94' lang='lat'><strong>,</strong></span> <span class='ocrx_word' id='word_1_29' title='bbox 1547 532 1736 590; x_wconf 87' lang='lat' dir='ltr'><strong>pacato</strong></span> <span class='ocrx_word' id='word_1_30' title='bbox 1775 535 1869 589; x_wconf 83' lang='lat' dir='ltr'><strong>po-</strong></span> 
     </span>
    </p>
   </div>
   <div class='ocr_carea' id='block_1_6' title="bbox 277 616 1871 690">
    <p class='ocr_par' dir='ltr' id='par_1_6' title="bbox 277 616 1871 690">
     <span class='ocr_line' id='line_1_6' title="bbox 277 616 1871 690; baseline 0.002 -21"><span class='ocrx_word' id='word_1_31' title='bbox 277 619 431 688; x_wconf 87' lang='lat' dir='ltr'><strong>pulo,</strong></span> <span class='ocrx_word' id='word_1_32' title='bbox 456 618 706 672; x_wconf 90' lang='lat' dir='ltr'><strong>ducatum</strong></span> <span class='ocrx_word' id='word_1_33' title='bbox 752 616 976 686; x_wconf 77' lang='lat' dir='ltr'><strong>recepit.</strong></span> <span class='ocrx_word' id='word_1_34' title='bbox 1027 616 1208 688; x_wconf 87' lang='lat' dir='ltr'><strong>Itaque</strong></span> <span class='ocrx_word' id='word_1_35' title='bbox 1261 617 1420 690; x_wconf 82' lang='lat'><strong>391</strong></span> <span class='ocrx_word' id='word_1_36' title='bbox 1480 616 1718 671; x_wconf 72' lang='lat' dir='ltr'><strong>Nicetius</strong></span> <span class='ocrx_word' id='word_1_37' title='bbox 1775 631 1871 686; x_wconf 88' lang='lat' dir='ltr'><strong>per</strong></span> 
     </span>
    </p>
   </div>
   <div class='ocr_carea' id='block_1_7' title="bbox 279 711 1867 774">
    <p class='ocr_par' dir='ltr' id='par_1_7' title="bbox 279 711 1867 774">
     <span class='ocr_line' id='line_1_7' title="bbox 279 711 1867 774; baseline -0.003 -6"><span class='ocrx_word' id='word_1_38' title='bbox 279 713 630 768; x_wconf 71' lang='lat' dir='ltr'><strong>emissionem</strong></span> <span class='ocrx_word' id='word_1_39' title='bbox 672 713 860 767; x_wconf 87' lang='lat' dir='ltr'><strong>Eulalii</strong></span> <span class='ocrx_word' id='word_1_40' title='bbox 904 728 934 766; x_wconf 89' lang='lat' dir='ltr'><strong>a</strong></span> <span class='ocrx_word' id='word_1_41' title='bbox 984 711 1241 766; x_wconf 90' lang='lat' dir='ltr'><strong>comitatu</strong></span> <span class='ocrx_word' id='word_1_42' title='bbox 1293 716 1536 766; x_wconf 85' lang='lat' dir='ltr'><strong>Arverno</strong></span> <span class='ocrx_word' id='word_1_43' title='bbox 1566 712 1867 774; x_wconf 87' lang='lat' dir='ltr'><strong>submotus,</strong></span> 
     </span>
    </p>
   </div>
   <div class='ocr_carea' id='block_1_8' title="bbox 280 803 1870 875">
    <p class='ocr_par' dir='ltr' id='par_1_8' title="bbox 280 803 1870 875">
     <span class='ocr_line' id='line_1_8' title="bbox 280 803 1870 875; baseline -0.004 -11"><span class='ocrx_word' id='word_1_44' title='bbox 280 806 538 864; x_wconf 81' lang='lat' dir='ltr'><strong>ducatum</strong></span> <span class='ocrx_word' id='word_1_45' title='bbox 567 821 597 859; x_wconf 85' lang='lat' dir='ltr'><strong>a</strong></span> <span class='ocrx_word' id='word_1_46' title='bbox 648 821 772 874; x_wconf 85' lang='lat' dir='ltr'><strong>rege</strong></span> <span class='ocrx_word' id='word_1_47' title='bbox 799 805 1049 871; x_wconf 79' lang='lat' dir='ltr'><strong>expetiit,</strong></span> <span class='ocrx_word' id='word_1_48' title='bbox 1073 806 1213 860; x_wconf 88' lang='lat' dir='ltr'><strong>datis</strong></span> <span class='ocrx_word' id='word_1_49' title='bbox 1242 820 1337 875; x_wconf 91' lang='lat' dir='ltr'><strong>pro</strong></span> <span class='ocrx_word' id='word_1_50' title='bbox 1365 818 1429 860; x_wconf 91' lang='lat' dir='ltr'><strong>eo</strong></span> <span class='ocrx_word' id='word_1_51' title='bbox 1452 803 1726 859; x_wconf 87' lang='lat' dir='ltr'><strong>immensis</strong></span> <span class='ocrx_word' id='word_1_52' title='bbox 1751 818 1870 857; x_wconf 84' lang='lat' dir='ltr'><strong>mu-</strong></span> 
     </span>
    </p>
   </div>
   <div class='ocr_carea' id='block_1_9' title="bbox 281 893 1871 964">
    <p class='ocr_par' dir='ltr' id='par_1_9' title="bbox 281 893 1871 964">
     <span class='ocr_line' id='line_1_9' title="bbox 281 893 1871 964; baseline -0.001 -14"><span class='ocrx_word' id='word_1_53' title='bbox 281 897 521 950; x_wconf 88' lang='lat' dir='ltr'><strong>neribus.</strong></span> <span class='ocrx_word' id='word_1_54' title='bbox 551 896 614 950; x_wconf 84' lang='lat' dir='ltr'><strong>Et</strong></span> <span class='ocrx_word' id='word_1_55' title='bbox 643 895 721 951; x_wconf 90' lang='lat' dir='ltr'><strong>sic</strong></span> <span class='ocrx_word' id='word_1_56' title='bbox 749 897 800 950; x_wconf 92' lang='lat' dir='ltr'><strong>in</strong></span> <span class='ocrx_word' id='word_1_57' title='bbox 834 895 962 950; x_wconf 83' lang='lat' dir='ltr'><strong>urbe</strong></span> <span class='ocrx_word' id='word_1_58' title='bbox 986 897 1252 960; x_wconf 81' lang='lat' dir='ltr'><strong>Arverna,</strong></span> <span class='ocrx_word' id='word_1_59' title='bbox 1281 897 1519 950; x_wconf 78' lang='lat' dir='ltr'><strong>Ruthcna</strong></span> <span class='ocrx_word' id='word_1_60' title='bbox 1552 904 1712 964; x_wconf 89' lang='lat' dir='ltr'><strong>atque</strong></span> <span class='ocrx_word' id='word_1_61' title='bbox 1734 893 1871 949; x_wconf 85' lang='lat' dir='ltr'><strong>Uce-</strong></span> 
     </span>
    </p>
   </div>
   <div class='ocr_carea' id='block_1_10' title="bbox 281 985 1868 1055">
    <p class='ocr_par' dir='ltr' id='par_1_10' title="bbox 281 985 1868 1055">
     <span class='ocr_line' id='line_1_10' title="bbox 281 985 1868 1055; baseline -0.002 -12"><span class='ocrx_word' id='word_1_62' title='bbox 281 989 387 1046; x_wconf 85' lang='lat' dir='ltr'><strong>lica</strong></span> <span class='ocrx_word' id='word_1_63' title='bbox 418 988 526 1043; x_wconf 82' lang='lat' dir='ltr'><strong>dux</strong></span> <span class='ocrx_word' id='word_1_64' title='bbox 559 998 582 1024; x_wconf 69' lang='grc'>⁸</span> <span class='ocrx_word' id='word_1_65' title='bbox 612 989 887 1042; x_wconf 87' lang='lat' dir='ltr'><strong>ordinatus</strong></span> <span class='ocrx_word' id='word_1_66' title='bbox 914 998 1016 1054; x_wconf 86' lang='lat' dir='ltr'><strong>est,</strong></span> <span class='ocrx_word' id='word_1_67' title='bbox 1047 987 1128 1042; x_wconf 91' lang='lat' dir='ltr'><strong>vir</strong></span> <span class='ocrx_word' id='word_1_68' title='bbox 1160 989 1311 1042; x_wconf 77' lang='lat' dir='ltr'><strong>valde</strong></span> <span class='ocrx_word' id='word_1_69' title='bbox 1341 987 1745 1055; x_wconf 75' lang='lat' dir='ltr'><strong>tetatejuvenis,</strong></span> <span class='ocrx_word' id='word_1_70' title='bbox 1774 985 1868 1040; x_wconf 89' lang='lat' dir='ltr'><strong>sed</strong></span> 
     </span>
    </p>
   </div>
   <div class='ocr_carea' id='block_1_11' title="bbox 279 1079 1868 1153">
    <p class='ocr_par' dir='ltr' id='par_1_11' title="bbox 279 1079 1868 1153">
     <span class='ocr_line' id='line_1_11' title="bbox 279 1079 1868 1153; baseline -0.003 -19"><span class='ocrx_word' id='word_1_71' title='bbox 279 1090 468 1153; x_wconf 86' lang='lat' dir='ltr'><strong>acutus</strong></span> <span class='ocrx_word' id='word_1_72' title='bbox 492 1080 541 1134; x_wconf 92' lang='lat' dir='ltr'><strong>in</strong></span> <span class='ocrx_word' id='word_1_73' title='bbox 571 1095 766 1146; x_wconf 90' lang='lat' dir='ltr'><strong>sensu;</strong></span> <span class='ocrx_word' id='word_1_74' title='bbox 813 1080 1039 1149; x_wconf 75' lang='lat' dir='ltr'><strong>fecitque</strong></span> <span class='ocrx_word' id='word_1_75' title='bbox 1069 1096 1250 1147; x_wconf 86' lang='lat' dir='ltr'><strong>pacem</strong></span> <span class='ocrx_word' id='word_1_76' title='bbox 1278 1079 1330 1136; x_wconf 91' lang='lat' dir='ltr'><strong>in</strong></span> <span class='ocrx_word' id='word_1_77' title='bbox 1364 1080 1581 1151; x_wconf 82' lang='lat' dir='ltr'><strong>regione</strong></span> <span class='ocrx_word' id='word_1_78' title='bbox 1605 1079 1868 1144; x_wconf 81' lang='lat' dir='ltr'><strong>Arverna,</strong></span> 
     </span>
    </p>
   </div>
   <div class='ocr_carea' id='block_1_12' title="bbox 277 1173 1873 1244">
    <p class='ocr_par' dir='ltr' id='par_1_12' title="bbox 277 1173 1873 1244">
     <span class='ocr_line' id='line_1_12' title="bbox 277 1173 1873 1244; baseline -0.001 -16"><span class='ocrx_word' id='word_1_79' title='bbox 277 1184 335 1244; x_wconf 87' lang='lat' dir='ltr'><strong>ct</strong></span> <span class='ocrx_word' id='word_1_80' title='bbox 377 1175 431 1228; x_wconf 90' lang='lat' dir='ltr'><strong>in</strong></span> <span class='ocrx_word' id='word_1_81' title='bbox 471 1173 689 1244; x_wconf 82' lang='lat' dir='ltr'><strong>reliquis</strong></span> <span class='ocrx_word' id='word_1_82' title='bbox 729 1173 1082 1230; x_wconf 82' lang='lat' dir='ltr'><strong>ordinationis</strong></span> <span class='ocrx_word' id='word_1_83' title='bbox 1106 1191 1216 1230; x_wconf 77' lang='lat' dir='ltr'><strong>suae</strong></span> <span class='ocrx_word' id='word_1_84' title='bbox 1246 1174 1395 1229; x_wconf 89' lang='lat' dir='ltr'><strong>locis.</strong></span> <span class='ocrx_word' id='word_1_85' title='bbox 1428 1173 1759 1228; x_wconf 87' lang='lat' dir='ltr'><strong>Childericus</strong></span> <span class='ocrx_word' id='word_1_86' title='bbox 1783 1187 1873 1226; x_wconf 86' lang='lat' dir='ltr'><strong>ve-</strong></span> 
     </span>
    </p>
   </div>
   <div class='ocr_carea' id='block_1_13' title="bbox 281 1263 1873 1334">
    <p class='ocr_par' dir='ltr' id='par_1_13' title="bbox 281 1263 1873 1334">
     <span class='ocr_line' id='line_1_13' title="bbox 281 1263 1873 1334; baseline 0 -18"><span class='ocrx_word' id='word_1_87' title='bbox 281 1282 345 1317; x_wconf 88' lang='lat' dir='ltr'><strong>ro</strong></span> <span class='ocrx_word' id='word_1_88' title='bbox 370 1265 511 1320; x_wconf 79' lang='lat' dir='ltr'><strong>Saxo</strong></span> <span class='ocrx_word' id='word_1_89' title='bbox 535 1265 586 1319; x_wconf 91' lang='lat' dir='ltr'><strong>in</strong></span> <span class='ocrx_word' id='word_1_90' title='bbox 613 1263 868 1320; x_wconf 78' lang='lat' dir='ltr'><strong>oﬂ‘ensam</strong></span> <span class='ocrx_word' id='word_1_91' title='bbox 894 1267 1030 1334; x_wconf 81' lang='lat' dir='ltr'><strong>regis</strong></span> <span class='ocrx_word' id='word_1_92' title='bbox 1061 1263 1445 1320; x_wconf 84' lang='lat' dir='ltr'><strong>Guntchramni</strong></span> <span class='ocrx_word' id='word_1_93' title='bbox 1478 1264 1744 1331; x_wconf 83' lang='lat' dir='ltr'><strong>incidens,</strong></span> <span class='ocrx_word' id='word_1_94' title='bbox 1779 1277 1873 1330; x_wconf 86' lang='lat' dir='ltr'><strong>pro</strong></span> 
     </span>
    </p>
   </div>
   <div class='ocr_carea' id='block_1_14' title="bbox 280 1354 1871 1426">
    <p class='ocr_par' dir='ltr' id='par_1_14' title="bbox 280 1354 1871 1426">
     <span class='ocr_line' id='line_1_14' title="bbox 280 1354 1871 1426; baseline -0.001 -16"><span class='ocrx_word' id='word_1_95' title='bbox 280 1371 444 1410; x_wconf 88' lang='lat' dir='ltr'><strong>causa</strong></span> <span class='ocrx_word' id='word_1_96' title='bbox 475 1357 545 1410; x_wconf 91' lang='lat' dir='ltr'><strong>ob</strong></span> <span class='ocrx_word' id='word_1_97' title='bbox 575 1372 732 1426; x_wconf 91' lang='lat' dir='ltr'><strong>quam</strong></span> <span class='ocrx_word' id='word_1_98' title='bbox 776 1359 1020 1424; x_wconf 86' lang='lat' dir='ltr'><strong>superius</strong></span> <span class='ocrx_word' id='word_1_99' title='bbox 1059 1356 1294 1410; x_wconf 79' lang='lat' dir='ltr'><strong>diximus</strong></span> <span class='ocrx_word' id='word_1_100' title='bbox 1343 1357 1477 1411; x_wconf 91' lang='lat' dir='ltr'><strong>alios</strong></span> <span class='ocrx_word' id='word_1_101' title='bbox 1517 1354 1823 1425; x_wconf 68' lang='lat' dir='ltr'><strong>confugisse</strong></span> <span class='ocrx_word' id='word_1_102' title='bbox 1855 1394 1871 1420; x_wconf 96' lang='lat'><strong>,</strong></span> 
     </span>
    </p>
   </div>
   <div class='ocr_carea' id='block_1_15' title="bbox 279 1441 1874 1517">
    <p class='ocr_par' dir='ltr' id='par_1_15' title="bbox 279 1441 1874 1517">
     <span class='ocr_line' id='line_1_15' title="bbox 279 1441 1874 1517; baseline 0 -17"><span class='ocrx_word' id='word_1_103' title='bbox 279 1441 427 1502; x_wconf 82' lang='lat' dir='ltr'><strong>beati</strong></span> <span class='ocrx_word' id='word_1_104' title='bbox 460 1447 664 1502; x_wconf 84' lang='lat' dir='ltr'><strong>Martini</strong></span> <span class='ocrx_word' id='word_1_105' title='bbox 719 1448 993 1503; x_wconf 78' lang='lat' dir='ltr'><strong>basilicam</strong></span> <span class='ocrx_word' id='word_1_106' title='bbox 1021 1448 1264 1517; x_wconf 78' lang='lat' dir='ltr'><strong>expetiit,</strong></span> <span class='ocrx_word' id='word_1_107' title='bbox 1329 1462 1548 1502; x_wconf 82' lang='lat' dir='ltr'><strong>uxorem</strong></span> <span class='ocrx_word' id='word_1_108' title='bbox 1601 1449 1653 1501; x_wconf 89' lang='lat' dir='ltr'><strong>in</strong></span> <span class='ocrx_word' id='word_1_109' title='bbox 1709 1463 1874 1516; x_wconf 75' lang='lat' dir='ltr'><strong>regno</strong></span> 
     </span>
    </p>
   </div>
   <div class='ocr_carea' id='block_1_16' title="bbox 278 1537 1872 1608">
    <p class='ocr_par' dir='ltr' id='par_1_16' title="bbox 278 1537 1872 1608">
     <span class='ocr_line' id='line_1_16' title="bbox 278 1537 1872 1608; baseline 0.001 -18"><span class='ocrx_word' id='word_1_110' title='bbox 278 1537 421 1608; x_wconf 79' lang='lat' dir='ltr'><strong>regis</strong></span> <span class='ocrx_word' id='word_1_111' title='bbox 448 1537 699 1592; x_wconf 82' lang='lat' dir='ltr'><strong>antedicti</strong></span> <span class='ocrx_word' id='word_1_112' title='bbox 723 1538 1048 1608; x_wconf 89' lang='lat' dir='ltr'><strong>relinquens.</strong></span> <span class='ocrx_word' id='word_1_113' title='bbox 1072 1538 1167 1592; x_wconf 89' lang='lat' dir='ltr'><strong>Cui</strong></span> <span class='ocrx_word' id='word_1_114' title='bbox 1197 1538 1492 1592; x_wconf 82' lang='lat' dir='ltr'><strong>obtestatus</strong></span> <span class='ocrx_word' id='word_1_115' title='bbox 1541 1537 1734 1604; x_wconf 80' lang='lat' dir='ltr'><strong>fuerat,</strong></span> <span class='ocrx_word' id='word_1_116' title='bbox 1759 1555 1872 1602; x_wconf 84' lang='lat' dir='ltr'><strong>rex,</strong></span> 
     </span>
    </p>
   </div>
   <div class='ocr_carea' id='block_1_17' title="bbox 278 1628 1874 1698">
    <p class='ocr_par' dir='ltr' id='par_1_17' title="bbox 278 1628 1874 1698">
     <span class='ocr_line' id='line_1_17' title="bbox 278 1628 1874 1698; baseline -0.001 -15"><span class='ocrx_word' id='word_1_117' title='bbox 278 1644 352 1684; x_wconf 90' lang='lat' dir='ltr'><strong>ne</strong></span> <span class='ocrx_word' id='word_1_118' title='bbox 381 1629 550 1684; x_wconf 92' lang='lat' dir='ltr'><strong>virum</strong></span> <span class='ocrx_word' id='word_1_119' title='bbox 581 1629 765 1685; x_wconf 86' lang='lat' dir='ltr'><strong>videre</strong></span> <span class='ocrx_word' id='word_1_120' title='bbox 797 1642 1165 1698; x_wconf 73' lang='lat' dir='ltr'><strong>przesumeret,</strong></span> <span class='ocrx_word' id='word_1_121' title='bbox 1222 1628 1322 1683; x_wconf 87' lang='lat' dir='ltr'><strong>nisi</strong></span> <span class='ocrx_word' id='word_1_122' title='bbox 1379 1630 1525 1698; x_wconf 91' lang='lat' dir='ltr'><strong>prius</strong></span> <span class='ocrx_word' id='word_1_123' title='bbox 1571 1629 1662 1682; x_wconf 91' lang='lat' dir='ltr'><strong>ille</strong></span> <span class='ocrx_word' id='word_1_124' title='bbox 1713 1628 1874 1697; x_wconf 69' lang='lat' dir='ltr'><strong>regali</strong></span> 
     </span>
    </p>
   </div>
   <div class='ocr_carea' id='block_1_18' title="bbox 278 1720 1875 1792">
    <p class='ocr_par' dir='ltr' id='par_1_18' title="bbox 278 1720 1875 1792">
     <span class='ocr_line' id='line_1_18' title="bbox 278 1720 1875 1792; baseline 0 -18"><span class='ocrx_word' id='word_1_125' title='bbox 278 1721 470 1789; x_wconf 67' lang='lat' dir='ltr'><strong>gratia:</strong></span> <span class='ocrx_word' id='word_1_126' title='bbox 499 1722 955 1777; x_wconf 73' lang='lat' dir='ltr'><strong>reconciliareiur.</strong></span> <span class='ocrx_word' id='word_1_127' title='bbox 992 1722 1070 1776; x_wconf 84' lang='lat' dir='ltr'><strong>Ad</strong></span> <span class='ocrx_word' id='word_1_128' title='bbox 1103 1737 1259 1792; x_wconf 89' lang='lat' dir='ltr'><strong>quem</strong></span> <span class='ocrx_word' id='word_1_129' title='bbox 1291 1735 1410 1774; x_wconf 90' lang='lat' dir='ltr'><strong>cum</strong></span> <span class='ocrx_word' id='word_1_130' title='bbox 1462 1735 1557 1790; x_wconf 90' lang='lat' dir='ltr'><strong>pro</strong></span> <span class='ocrx_word' id='word_1_131' title='bbox 1586 1736 1650 1775; x_wconf 91' lang='lat' dir='ltr'><strong>eo</strong></span> <span class='ocrx_word' id='word_1_132' title='bbox 1680 1720 1875 1788; x_wconf 85' lang='lat' dir='ltr'><strong>sacpius</strong></span> 
     </span>
    </p>
   </div>
   <div class='ocr_carea' id='block_1_19' title="bbox 1973 524 3552 602">
    <p class='ocr_par' dir='ltr' id='par_1_19' title="bbox 1973 524 3552 602">
     <span class='ocr_line' id='line_1_19' title="bbox 1973 524 3552 602; baseline 0.009 -27"><span class='ocrx_word' id='word_1_133' title='bbox 1973 524 2211 592; x_wconf 85' lang='lat' dir='ltr'><strong>stto,hic</strong></span> <span class='ocrx_word' id='word_1_134' title='bbox 2243 524 2490 594; x_wconf 79' lang='lat' dir='ltr'><strong>Dagulfus</strong></span> <span class='ocrx_word' id='word_1_135' title='bbox 2518 539 2675 583; x_wconf 81' lang='lat' dir='ltr'><strong>nocte</strong></span> <span class='ocrx_word' id='word_1_136' title='bbox 2723 543 2842 584; x_wconf 90' lang='lat' dir='ltr'><strong>cum</strong></span> <span class='ocrx_word' id='word_1_137' title='bbox 2901 544 3007 586; x_wconf 92' lang='lat' dir='ltr'><strong>uno</strong></span> <span class='ocrx_word' id='word_1_138' title='bbox 3055 533 3256 587; x_wconf 87' lang='lat' dir='ltr'><strong>clerico</strong></span> <span class='ocrx_word' id='word_1_139' title='bbox 3307 536 3552 602; x_wconf 87' lang='lat' dir='ltr'><strong>veniens,</strong></span> 
     </span>
    </p>
   </div>
   <div class='ocr_carea' id='block_1_20' title="bbox 1973 614 3551 692">
    <p class='ocr_par' dir='ltr' id='par_1_20' title="bbox 1973 614 3551 692">
     <span class='ocr_line' id='line_1_20' title="bbox 1973 614 3551 692; baseline 0.008 -24"><span class='ocrx_word' id='word_1_140' title='bbox 1973 614 2188 690; x_wconf 84' lang='lat' dir='ltr'><strong>domum</strong></span> <span class='ocrx_word' id='word_1_141' title='bbox 2230 618 2523 673; x_wconf 81' lang='lat' dir='ltr'><strong>meretricis</strong></span> <span class='ocrx_word' id='word_1_142' title='bbox 2552 619 2865 690; x_wconf 79' lang='lat' dir='ltr'><strong>ingreditur.</strong></span> <span class='ocrx_word' id='word_1_143' title='bbox 2918 622 3200 692; x_wconf 76' lang='lat' dir='ltr'><strong>Postquam</strong></span> <span class='ocrx_word' id='word_1_144' title='bbox 3223 633 3400 679; x_wconf 89' lang='lat' dir='ltr'><strong>autem</strong></span> <span class='ocrx_word' id='word_1_145' title='bbox 3429 625 3551 681; x_wconf 91' lang='lat' dir='ltr'><strong>diu-</strong></span> 
     </span>
    </p>
   </div>
   <div class='ocr_carea' id='block_1_21' title="bbox 1977 707 3585 782">
    <p class='ocr_par' dir='ltr' id='par_1_21' title="bbox 1977 707 3585 782">
     <span class='ocr_line' id='line_1_21' title="bbox 1977 707 3585 782; baseline 0.008 -22"><span class='ocrx_word' id='word_1_146' title='bbox 1977 707 2182 762; x_wconf 80' lang='lat' dir='ltr'><strong>tissime</strong></span> <span class='ocrx_word' id='word_1_147' title='bbox 2203 707 2443 764; x_wconf 89' lang='lat' dir='ltr'><strong>bibentes</strong></span> <span class='ocrx_word' id='word_1_148' title='bbox 2494 711 2741 768; x_wconf 86' lang='lat' dir='ltr'><strong>inebriati</strong></span> <span class='ocrx_word' id='word_1_149' title='bbox 2768 722 2913 782; x_wconf 89' lang='lat' dir='ltr'><strong>sunt,</strong></span> <span class='ocrx_word' id='word_1_150' title='bbox 2941 715 2994 770; x_wconf 90' lang='lat' dir='ltr'><strong>in</strong></span> <span class='ocrx_word' id='word_1_151' title='bbox 3026 730 3132 770; x_wconf 89' lang='lat' dir='ltr'><strong>uno</strong></span> <span class='ocrx_word' id='word_1_152' title='bbox 3169 726 3339 771; x_wconf 83' lang='lat' dir='ltr'><strong>strato</strong></span> <span class='ocrx_word' id='word_1_153' title='bbox 3368 717 3585 772; x_wconf 81' lang='lat' dir='ltr'><strong>locati--</strong></span> 
     </span>
    </p>
   </div>
   <div class='ocr_carea' id='block_1_22' title="bbox 1976 802 3555 874">
    <p class='ocr_par' dir='ltr' id='par_1_22' title="bbox 1976 802 3555 874">
     <span class='ocr_line' id='line_1_22' title="bbox 1976 802 3555 874; baseline 0.01 -22"><span class='ocrx_word' id='word_1_154' title='bbox 1976 807 2080 872; x_wconf 82' lang='lat' dir='ltr'><strong>tur.</strong></span> <span class='ocrx_word' id='word_1_155' title='bbox 2111 802 2312 868; x_wconf 84' lang='lat' dir='ltr'><strong>Quibus</strong></span> <span class='ocrx_word' id='word_1_156' title='bbox 2335 802 2725 859; x_wconf 87' lang='lat' dir='ltr'><strong>dormientibus</strong></span> <span class='ocrx_word' id='word_1_157' title='bbox 2748 845 2766 872; x_wconf 93' lang='lat'><strong>,</strong></span> <span class='ocrx_word' id='word_1_158' title='bbox 2806 808 3098 868; x_wconf 80' lang='lat' dir='ltr'><strong>adveniens</strong></span> <span class='ocrx_word' id='word_1_159' title='bbox 3117 805 3200 862; x_wconf 85' lang='lat' dir='ltr'><strong>vir</strong></span> <span class='ocrx_word' id='word_1_160' title='bbox 3227 807 3338 874; x_wconf 92' lang='lat' dir='ltr'><strong>ille,</strong></span> <span class='ocrx_word' id='word_1_161' title='bbox 3363 823 3555 868; x_wconf 87' lang='lat' dir='ltr'><strong>accen-</strong></span> 
     </span>
    </p>
   </div>
   <div class='ocr_carea' id='block_1_23' title="bbox 1974 893 3551 970">
    <p class='ocr_par' dir='ltr' id='par_1_23' title="bbox 1974 893 3551 970">
     <span class='ocr_line' id='line_1_23' title="bbox 1974 893 3551 970; baseline 0.006 -23"><span class='ocrx_word' id='word_1_162' title='bbox 1974 907 2034 948; x_wconf 92' lang='lat' dir='ltr'><strong>so</strong></span> <span class='ocrx_word' id='word_1_163' title='bbox 2057 893 2356 958; x_wconf 82' lang='lat' dir='ltr'><strong>stramine,</strong></span> <span class='ocrx_word' id='word_1_164' title='bbox 2413 895 2618 950; x_wconf 85' lang='lat' dir='ltr'><strong>elevata</strong></span> <span class='ocrx_word' id='word_1_165' title='bbox 2682 898 2912 967; x_wconf 86' lang='lat' dir='ltr'><strong>bipenne</strong></span> <span class='ocrx_word' id='word_1_166' title='bbox 2966 908 3250 970; x_wconf 87' lang='lat' dir='ltr'><strong>utrmnque</strong></span> <span class='ocrx_word' id='word_1_167' title='bbox 3305 902 3551 970; x_wconf 86' lang='lat' dir='ltr'><strong>peremit.</strong></span> 
     </span>
    </p>
   </div>
   <div class='ocr_carea' id='block_1_24' title="bbox 1976 984 3555 1061">
    <p class='ocr_par' dir='ltr' id='par_1_24' title="bbox 1976 984 3555 1061">
     <span class='ocr_line' id='line_1_24' title="bbox 1976 984 3555 1061; baseline 0.007 -22"><span class='ocrx_word' id='word_1_168' title='bbox 1976 984 2204 1054; x_wconf 88' lang='lat' dir='ltr'><strong>Ideoque</strong></span> <span class='ocrx_word' id='word_1_169' title='bbox 2233 986 2609 1042; x_wconf 88' lang='lat' dir='ltr'><strong>documentum</strong></span> <span class='ocrx_word' id='word_1_170' title='bbox 2632 990 2702 1044; x_wconf 87' lang='lat' dir='ltr'><strong>sit</strong></span> <span class='ocrx_word' id='word_1_171' title='bbox 2731 990 2845 1046; x_wconf 65' lang='lat' dir='ltr'><strong>haec</strong></span> <span class='ocrx_word' id='word_1_172' title='bbox 2869 1007 3027 1048; x_wconf 90' lang='lat' dir='ltr'><strong>causa</strong></span> <span class='ocrx_word' id='word_1_173' title='bbox 3071 993 3302 1061; x_wconf 83' lang='lat' dir='ltr'><strong>clericis,</strong></span> <span class='ocrx_word' id='word_1_174' title='bbox 3334 1011 3402 1050; x_wconf 89' lang='lat' dir='ltr'><strong>ne</strong></span> <span class='ocrx_word' id='word_1_175' title='bbox 3428 1010 3555 1050; x_wconf 89' lang='lat' dir='ltr'><strong>con-</strong></span> 
     </span>
    </p>
   </div>
   <div class='ocr_carea' id='block_1_25' title="bbox 1976 1084 3555 1141">
    <p class='ocr_par' dir='ltr' id='par_1_25' title="bbox 1976 1084 3555 1141">
     <span class='ocr_line' id='line_1_25' title="bbox 1976 1084 3555 1141; baseline 0.008 -13"><span class='ocrx_word' id='word_1_176' title='bbox 1976 1085 2054 1128; x_wconf 91' lang='lat' dir='ltr'><strong>tra</strong></span> <span class='ocrx_word' id='word_1_177' title='bbox 2079 1091 2341 1131; x_wconf 91' lang='lat' dir='ltr'><strong>canonum</strong></span> <span class='ocrx_word' id='word_1_178' title='bbox 2361 1086 2560 1134; x_wconf 89' lang='lat' dir='ltr'><strong>statuta</strong></span> <span class='ocrx_word' id='word_1_179' title='bbox 2585 1091 2956 1138; x_wconf 82' lang='lat' dir='ltr'><strong>extranearum</strong></span> <span class='ocrx_word' id='word_1_180' title='bbox 2979 1084 3258 1140; x_wconf 85' lang='lat' dir='ltr'><strong>mulierum</strong></span> <span class='ocrx_word' id='word_1_181' title='bbox 3284 1088 3555 1141; x_wconf 87' lang='lat' dir='ltr'><strong>consortio</strong></span> 
     </span>
    </p>
   </div>
   <div class='ocr_carea' id='block_1_26' title="bbox 1976 1169 3554 1245">
    <p class='ocr_par' dir='ltr' id='par_1_26' title="bbox 1976 1169 3554 1245">
     <span class='ocr_line' id='line_1_26' title="bbox 1976 1169 3554 1245; baseline 0.009 -25"><span class='ocrx_word' id='word_1_182' title='bbox 1976 1169 2266 1237; x_wconf 87' lang='lat' dir='ltr'><strong>potiantur,</strong></span> <span class='ocrx_word' id='word_1_183' title='bbox 2299 1185 2420 1226; x_wconf 93' lang='lat' dir='ltr'><strong>cum</strong></span> <span class='ocrx_word' id='word_1_184' title='bbox 2471 1171 2586 1228; x_wconf 68' lang='lat' dir='ltr'><strong>haec</strong></span> <span class='ocrx_word' id='word_1_185' title='bbox 2607 1182 2663 1228; x_wconf 93' lang='lat' dir='ltr'><strong>et</strong></span> <span class='ocrx_word' id='word_1_186' title='bbox 2715 1174 2828 1245; x_wconf 85' lang='lat' dir='ltr'><strong>ipsa</strong></span> <span class='ocrx_word' id='word_1_187' title='bbox 2855 1177 2936 1231; x_wconf 79' lang='lat' dir='ltr'><strong>lex</strong></span> <span class='ocrx_word' id='word_1_188' title='bbox 2985 1180 3240 1235; x_wconf 89' lang='lat' dir='ltr'><strong>canonica</strong></span> <span class='ocrx_word' id='word_1_189' title='bbox 3259 1186 3314 1234; x_wconf 90' lang='lat' dir='ltr'><strong>et</strong></span> <span class='ocrx_word' id='word_1_190' title='bbox 3367 1194 3554 1234; x_wconf 78' lang='lat' dir='ltr'><strong>onres</strong></span> 
     </span>
    </p>
   </div>
   <div class='ocr_carea' id='block_1_27' title="bbox 1977 1263 3550 1336">
    <p class='ocr_par' dir='ltr' id='par_1_27' title="bbox 1977 1263 3550 1336">
     <span class='ocr_line' id='line_1_27' title="bbox 1977 1263 3550 1336; baseline 0.005 -20"><span class='ocrx_word' id='word_1_191' title='bbox 1977 1263 2268 1331; x_wconf 77' lang='lat' dir='ltr'><strong>Scriptura:</strong></span> <span class='ocrx_word' id='word_1_192' title='bbox 2318 1275 2518 1320; x_wconf 71' lang='lat' dir='ltr'><strong>sancta:</strong></span> <span class='ocrx_word' id='word_1_193' title='bbox 2567 1265 2932 1334; x_wconf 74' lang='lat' dir='ltr'><strong>prohibeant:</strong></span> <span class='ocrx_word' id='word_1_194' title='bbox 2966 1279 3158 1336; x_wconf 68' lang='lat' dir='ltr'><strong>prmter</strong></span> <span class='ocrx_word' id='word_1_195' title='bbox 3179 1273 3278 1326; x_wconf 86' lang='lat' dir='ltr'><strong>has</strong></span> <span class='ocrx_word' id='word_1_196' title='bbox 3306 1271 3550 1335; x_wconf 71' lang='lat' dir='ltr'><strong>feminas,</strong></span> 
     </span>
    </p>
   </div>
   <div class='ocr_carea' id='block_1_28' title="bbox 1975 1354 3135 1430">
    <p class='ocr_par' dir='ltr' id='par_1_28' title="bbox 1975 1354 3135 1430">
     <span class='ocr_line' id='line_1_28' title="bbox 1975 1354 3135 1430; baseline 0.003 -20"><span class='ocrx_word' id='word_1_197' title='bbox 1975 1354 2042 1410; x_wconf 88' lang='lat' dir='ltr'><strong>de</strong></span> <span class='ocrx_word' id='word_1_198' title='bbox 2067 1356 2258 1422; x_wconf 82' lang='lat' dir='ltr'><strong>quibus</strong></span> <span class='ocrx_word' id='word_1_199' title='bbox 2282 1356 2487 1412; x_wconf 88' lang='lat' dir='ltr'><strong>crimen</strong></span> <span class='ocrx_word' id='word_1_200' title='bbox 2521 1373 2625 1430; x_wconf 84' lang='lat' dir='ltr'><strong>non</strong></span> <span class='ocrx_word' id='word_1_201' title='bbox 2658 1369 2831 1428; x_wconf 87' lang='lat' dir='ltr'><strong>potest</strong></span> <span class='ocrx_word' id='word_1_202' title='bbox 2852 1359 3135 1414; x_wconf 69' lang='lat' dir='ltr'><strong>aestimari.</strong></span> 
     </span>
    </p>
   </div>
   <div class='ocr_carea' id='block_1_29' title="bbox 2048 1448 3550 1526">
    <p class='ocr_par' dir='ltr' id='par_1_29' title="bbox 2048 1448 3550 1526">
     <span class='ocr_line' id='line_1_29' title="bbox 2048 1448 3550 1526; baseline 0.006 -24"><span class='ocrx_word' id='word_1_203' title='bbox 2048 1448 2166 1505; x_wconf 80' lang='lat' dir='ltr'><strong>XX.</strong></span> <span class='ocrx_word' id='word_1_204' title='bbox 2194 1449 2410 1524; x_wconf 82' lang='lat' dir='ltr'><strong>Interim</strong></span> <span class='ocrx_word' id='word_1_205' title='bbox 2450 1452 2566 1508; x_wconf 85' lang='lat' dir='ltr'><strong>dies</strong></span> <span class='ocrx_word' id='word_1_206' title='bbox 2596 1452 2775 1522; x_wconf 84' lang='lat' dir='ltr'><strong>placiti</strong></span> <span class='ocrx_word' id='word_1_207' title='bbox 2820 1453 3077 1520; x_wconf 89' lang='lat' dir='ltr'><strong>advenit,</strong></span> <span class='ocrx_word' id='word_1_208' title='bbox 3121 1462 3176 1509; x_wconf 91' lang='lat' dir='ltr'><strong>et</strong></span> <span class='ocrx_word' id='word_1_209' title='bbox 3213 1456 3456 1526; x_wconf 82' lang='lat' dir='ltr'><strong>episcopi</strong></span> <span class='ocrx_word' id='word_1_210' title='bbox 3487 1473 3550 1512; x_wconf 69' lang='lat' dir='ltr'><strong>ea</strong></span> 
     </span>
    </p>
   </div>
   <div class='ocr_carea' id='block_1_30' title="bbox 1973 1540 3552 1616">
    <p class='ocr_par' dir='ltr' id='par_1_30' title="bbox 1973 1540 3552 1616">
     <span class='ocr_line' id='line_1_30' title="bbox 1973 1540 3552 1616; baseline 0.006 -21"><span class='ocrx_word' id='word_1_211' title='bbox 1973 1540 2125 1610; x_wconf 86' lang='lat' dir='ltr'><strong>jussu</strong></span> <span class='ocrx_word' id='word_1_212' title='bbox 2157 1543 2299 1610; x_wconf 77' lang='lat' dir='ltr'><strong>regis</strong></span> <span class='ocrx_word' id='word_1_213' title='bbox 2329 1542 2718 1600; x_wconf 88' lang='lat' dir='ltr'><strong>Guntchramni</strong></span> <span class='ocrx_word' id='word_1_214' title='bbox 2761 1547 2902 1616; x_wconf 87' lang='lat' dir='ltr'><strong>apud</strong></span> <span class='ocrx_word' id='word_1_215' title='bbox 2953 1547 3330 1604; x_wconf 79' lang='lat' dir='ltr'><strong>Matiscensem</strong></span> <span class='ocrx_word' id='word_1_216' title='bbox 3366 1550 3552 1605; x_wconf 86' lang='lat' dir='ltr'><strong>urbem</strong></span> 
     </span>
    </p>
   </div>
   <div class='ocr_carea' id='block_1_31' title="bbox 1978 1634 3554 1714">
    <p class='ocr_par' dir='ltr' id='par_1_31' title="bbox 1978 1634 3554 1714">
     <span class='ocr_line' id='line_1_31' title="bbox 1978 1634 3554 1714; baseline 0.006 -28"><span class='ocrx_word' id='word_1_217' title='bbox 1978 1634 2184 1688; x_wconf 91' lang='lat' dir='ltr'><strong>collecti</strong></span> <span class='ocrx_word' id='word_1_218' title='bbox 2219 1646 2342 1690; x_wconf 93' lang='lat' dir='ltr'><strong>sunt</strong></span> <span class='ocrx_word' id='word_1_219' title='bbox 2384 1647 2440 1714; x_wconf 60' lang='grc' dir='ltr'><strong>ες.⁵</strong></span> <span class='ocrx_word' id='word_1_220' title='bbox 2482 1638 2801 1695; x_wconf 85' lang='lat' dir='ltr'><strong>Faustianus</strong></span> <span class='ocrx_word' id='word_1_221' title='bbox 2848 1636 2875 1677; x_wconf 69' lang='grc' dir='ltr'>δ</span> <span class='ocrx_word' id='word_1_222' title='bbox 2911 1648 3115 1707; x_wconf 86' lang='lat' dir='ltr'><strong>autem,</strong></span> <span class='ocrx_word' id='word_1_223' title='bbox 3163 1641 3256 1710; x_wconf 91' lang='lat' dir='ltr'><strong>qui</strong></span> <span class='ocrx_word' id='word_1_224' title='bbox 3293 1658 3357 1697; x_wconf 85' lang='lat' dir='ltr'><strong>ex</strong></span> <span class='ocrx_word' id='word_1_225' title='bbox 3402 1642 3554 1711; x_wconf 87' lang='lat' dir='ltr'><strong>jussu</strong></span> 
     </span>
    </p>
   </div>
   <div class='ocr_carea' id='block_1_32' title="bbox 1980 1725 3538 1802">
    <p class='ocr_par' dir='ltr' id='par_1_32' title="bbox 1980 1725 3538 1802">
     <span class='ocr_line' id='line_1_32' title="bbox 1980 1725 3538 1802; baseline 0.008 -23"><span class='ocrx_word' id='word_1_226' title='bbox 1980 1725 2324 1792; x_wconf 83' lang='lat' dir='ltr'><strong>Gundovaldi</strong></span> <span class='ocrx_word' id='word_1_227' title='bbox 2353 1730 2620 1802; x_wconf 85' lang='lat' dir='ltr'><strong>Aquensis</strong></span> <span class='ocrx_word' id='word_1_228' title='bbox 2643 1731 2788 1785; x_wconf 88' lang='lat' dir='ltr'><strong>urbis</strong></span> <span class='ocrx_word' id='word_1_229' title='bbox 2827 1735 3108 1802; x_wconf 83' lang='lat' dir='ltr'><strong>episcopus</strong></span> <span class='ocrx_word' id='word_1_230' title='bbox 3137 1733 3413 1788; x_wconf 63' lang='lat' dir='ltr'><strong>ordinatus</strong></span> <span class='ocrx_word' id='word_1_231' title='bbox 3441 1734 3538 1792; x_wconf 35' lang='lat' dir='ltr'><strong>lue.</strong></span> 
     </span>
    </p>
   </div>
   <div class='ocr_carea' id='block_1_33' title="bbox 279 1815 3556 1896">
    <p class='ocr_par' dir='ltr' id='par_1_33' title="bbox 279 1815 3556 1896">
     <span class='ocr_line' id='line_1_33' title="bbox 279 1815 3556 1896; baseline 0.002 -29"><span class='ocrx_word' id='word_1_232' title='bbox 279 1815 599 1884; x_wconf 79' lang='lat' dir='ltr'><strong>legationem</strong></span> <span class='ocrx_word' id='word_1_233' title='bbox 631 1817 982 1882; x_wconf 82' lang='lat' dir='ltr'><strong>misissemus,</strong></span> <span class='ocrx_word' id='word_1_234' title='bbox 1013 1815 1226 1871; x_wconf 85' lang='lat' dir='ltr'><strong>tandem</strong></span> <span class='ocrx_word' id='word_1_235' title='bbox 1275 1815 1603 1870; x_wconf 74' lang='lat' dir='ltr'><strong>obtinuimus</strong></span> <span class='ocrx_word' id='word_1_236' title='bbox 1657 1825 1713 1869; x_wconf 87' lang='lat' dir='ltr'><strong>ul.</strong></span> <span class='ocrx_word' id='word_1_237' title='bbox 1744 1829 1874 1869; x_wconf 76' lang='lat' dir='ltr'><strong>uxo-</strong></span> <span class='ocrx_word' id='word_1_238' title='bbox 1905 1825 1952 1884; x_wconf 77' lang='grc' dir='ltr'><strong>Β</strong></span> <span class='ocrx_word' id='word_1_239' title='bbox 1980 1829 2083 1885; x_wconf 81' lang='lat' dir='ltr'><strong>rat,</strong></span> <span class='ocrx_word' id='word_1_240' title='bbox 2115 1836 2174 1874; x_wconf 85' lang='lat' dir='ltr'><strong>ea</strong></span> <span class='ocrx_word' id='word_1_241' title='bbox 2203 1821 2509 1896; x_wconf 72' lang='lat' dir='ltr'><strong>conditione</strong></span> <span class='ocrx_word' id='word_1_242' title='bbox 2539 1832 2867 1889; x_wconf 75' lang='lat' dir='ltr'><strong>removetur,</strong></span> <span class='ocrx_word' id='word_1_243' title='bbox 2891 1833 2948 1880; x_wconf 82' lang='grc' dir='ltr'>υι</span> <span class='ocrx_word' id='word_1_244' title='bbox 2972 1840 3093 1880; x_wconf 85' lang='lat' dir='ltr'><strong>eum</strong></span> <span class='ocrx_word' id='word_1_245' title='bbox 3119 1824 3556 1891; x_wconf 74' lang='lat' dir='ltr'><strong>Berthcramnus,</strong></span> 
     </span>
    </p>
   </div>
   <div class='ocr_carea' id='block_1_34' title="bbox 280 1904 1876 1977">
    <p class='ocr_par' dir='ltr' id='par_1_34' title="bbox 280 1904 1876 1977">
     <span class='ocr_line' id='line_1_34' title="bbox 280 1904 1876 1977; baseline -0.001 -17"><span class='ocrx_word' id='word_1_246' title='bbox 280 1919 393 1960; x_wconf 89' lang='lat' dir='ltr'><strong>rem</strong></span> <span class='ocrx_word' id='word_1_247' title='bbox 423 1907 724 1976; x_wconf 84' lang='lat' dir='ltr'><strong>reciperet,</strong></span> <span class='ocrx_word' id='word_1_248' title='bbox 766 1917 818 1962; x_wconf 92' lang='lat' dir='ltr'><strong>et</strong></span> <span class='ocrx_word' id='word_1_249' title='bbox 847 1906 978 1961; x_wconf 90' lang='lat' dir='ltr'><strong>citra</strong></span> <span class='ocrx_word' id='word_1_250' title='bbox 1005 1905 1031 1944; x_wconf 71' lang='grc' dir='ltr'>ι’</span> <span class='ocrx_word' id='word_1_251' title='bbox 1083 1905 1314 1977; x_wconf 80' lang='lat' dir='ltr'><strong>Ligerim</strong></span> <span class='ocrx_word' id='word_1_252' title='bbox 1364 1904 1578 1960; x_wconf 85' lang='lat' dir='ltr'><strong>ﬂuvium</strong></span> <span class='ocrx_word' id='word_1_253' title='bbox 1637 1920 1876 1960; x_wconf 89' lang='lat' dir='ltr'><strong>commo-</strong></span> 
     </span>
    </p>
   </div>
   <div class='ocr_carea' id='block_1_35' title="bbox 286 1995 1877 2067">
    <p class='ocr_par' dir='ltr' id='par_1_35' title="bbox 286 1995 1877 2067">
     <span class='ocr_line' id='line_1_35' title="bbox 286 1995 1877 2067; baseline -0.003 -14"><span class='ocrx_word' id='word_1_254' title='bbox 286 2007 501 2053; x_wconf 90' lang='lat' dir='ltr'><strong>raretur</strong></span> <span class='ocrx_word' id='word_1_255' title='bbox 539 2039 553 2065; x_wconf 93' lang='lat'><strong>,</strong></span> <span class='ocrx_word' id='word_1_256' title='bbox 597 2014 701 2052; x_wconf 90' lang='lat' dir='ltr'><strong>non</strong></span> <span class='ocrx_word' id='word_1_257' title='bbox 745 2011 916 2053; x_wconf 88' lang='lat' dir='ltr'><strong>tamen</strong></span> <span class='ocrx_word' id='word_1_258' title='bbox 965 1998 1030 2051; x_wconf 91' lang='lat' dir='ltr'><strong>ad</strong></span> <span class='ocrx_word' id='word_1_259' title='bbox 1075 2013 1252 2067; x_wconf 81' lang='lat' dir='ltr'><strong>regem</strong></span> <span class='ocrx_word' id='word_1_260' title='bbox 1277 1995 1672 2052; x_wconf 85' lang='lat' dir='ltr'><strong>Childebertum</strong></span> <span class='ocrx_word' id='word_1_261' title='bbox 1704 2005 1877 2050; x_wconf 87' lang='lat' dir='ltr'><strong>trans-</strong></span> 
     </span>
    </p>
   </div>
   <div class='ocr_carea' id='block_1_36' title="bbox 282 2085 1879 2168">
    <p class='ocr_par' dir='ltr' id='par_1_36' title="bbox 282 2085 1879 2168">
     <span class='ocr_line' id='line_1_36' title="bbox 282 2085 1879 2168; baseline -0.003 -23"><span class='ocrx_word' id='word_1_262' title='bbox 282 2085 372 2168; x_wconf 71' lang='lat' dir='ltr'><strong>ire</strong></span> <span class='ocrx_word' id='word_1_263' title='bbox 420 2099 794 2160; x_wconf 67' lang='lat' dir='ltr'><strong>praesumeret.</strong></span> <span class='ocrx_word' id='word_1_264' title='bbox 826 2091 932 2146; x_wconf 90' lang='lat' dir='ltr'><strong>Sed</strong></span> <span class='ocrx_word' id='word_1_265' title='bbox 971 2087 1060 2144; x_wconf 91' lang='lat' dir='ltr'><strong>ille</strong></span> <span class='ocrx_word' id='word_1_266' title='bbox 1100 2100 1315 2158; x_wconf 88' lang='lat' dir='ltr'><strong>accepta</strong></span> <span class='ocrx_word' id='word_1_267' title='bbox 1346 2087 1589 2144; x_wconf 79' lang='lat' dir='ltr'><strong>libertate</strong></span> <span class='ocrx_word' id='word_1_268' title='bbox 1619 2087 1879 2158; x_wconf 79' lang='lat' dir='ltr'><strong>recipien-</strong></span> 
     </span>
    </p>
   </div>
   <div class='ocr_carea' id='block_1_37' title="bbox 287 2178 1878 2252">
    <p class='ocr_par' dir='ltr' id='par_1_37' title="bbox 287 2178 1878 2252">
     <span class='ocr_line' id='line_1_37' title="bbox 287 2178 1878 2252; baseline -0.001 -17"><span class='ocrx_word' id='word_1_269' title='bbox 287 2181 370 2235; x_wconf 71' lang='lat' dir='ltr'><strong>da}</strong></span> <span class='ocrx_word' id='word_1_270' title='bbox 403 2182 598 2246; x_wconf 80' lang='lat' dir='ltr'><strong>uxoris,</strong></span> <span class='ocrx_word' id='word_1_271' title='bbox 633 2181 767 2237; x_wconf 89' lang='lat' dir='ltr'><strong>clam</strong></span> <span class='ocrx_word' id='word_1_272' title='bbox 797 2181 862 2237; x_wconf 87' lang='lat' dir='ltr'><strong>ad</strong></span> <span class='ocrx_word' id='word_1_273' title='bbox 908 2198 1026 2237; x_wconf 93' lang='lat' dir='ltr'><strong>eum</strong></span> <span class='ocrx_word' id='word_1_274' title='bbox 1053 2180 1292 2246; x_wconf 77' lang='lat' dir='ltr'><strong>transiit;</strong></span> <span class='ocrx_word' id='word_1_275' title='bbox 1322 2179 1618 2252; x_wconf 85' lang='lat' dir='ltr'><strong>adeptaque</strong></span> <span class='ocrx_word' id='word_1_276' title='bbox 1664 2178 1878 2234; x_wconf 85' lang='lat' dir='ltr'><strong>ordina-</strong></span> 
     </span>
    </p>
   </div>
   <div class='ocr_carea' id='block_1_38' title="bbox 287 2271 1879 2342">
    <p class='ocr_par' dir='ltr' id='par_1_38' title="bbox 287 2271 1879 2342">
     <span class='ocr_line' id='line_1_38' title="bbox 287 2271 1879 2342; baseline -0.001 -15"><span class='ocrx_word' id='word_1_277' title='bbox 287 2271 671 2329; x_wconf 86' lang='lat' dir='ltr'><strong>tioneducalus</strong></span> <span class='ocrx_word' id='word_1_278' title='bbox 722 2275 774 2330; x_wconf 91' lang='lat' dir='ltr'><strong>in</strong></span> <span class='ocrx_word' id='word_1_279' title='bbox 827 2273 1129 2328; x_wconf 85' lang='lat' dir='ltr'><strong>civitatibus</strong></span> <span class='ocrx_word' id='word_1_280' title='bbox 1154 2274 1290 2327; x_wconf 78' lang='lat' dir='ltr'><strong>ultra</strong></span> <span class='ocrx_word' id='word_1_281' title='bbox 1347 2272 1699 2338; x_wconf 86' lang='lat' dir='ltr'><strong>Garunnam,</strong></span> <span class='ocrx_word' id='word_1_282' title='bbox 1760 2287 1879 2342; x_wconf 66' lang='lat' dir='ltr'><strong>qua:</strong></span> 
     </span>
    </p>
   </div>
   <div class='ocr_carea' id='block_1_39' title="bbox 283 2369 1875 2441">
    <p class='ocr_par' dir='ltr' id='par_1_39' title="bbox 283 2369 1875 2441">
     <span class='ocr_line' id='line_1_39' title="bbox 283 2369 1875 2441; baseline 0 -16"><span class='ocrx_word' id='word_1_283' title='bbox 283 2369 340 2425; x_wconf 92' lang='lat' dir='ltr'><strong>in</strong></span> <span class='ocrx_word' id='word_1_284' title='bbox 396 2379 660 2440; x_wconf 79' lang='lat' dir='ltr'><strong>poteSIate</strong></span> <span class='ocrx_word' id='word_1_285' title='bbox 715 2371 1008 2440; x_wconf 86' lang='lat' dir='ltr'><strong>supradicti</strong></span> <span class='ocrx_word' id='word_1_286' title='bbox 1058 2371 1198 2441; x_wconf 81' lang='lat' dir='ltr'><strong>regis</strong></span> <span class='ocrx_word' id='word_1_287' title='bbox 1247 2369 1600 2436; x_wconf 88' lang='lat' dir='ltr'><strong>habebantur,</strong></span> <span class='ocrx_word' id='word_1_288' title='bbox 1629 2371 1875 2426; x_wconf 85' lang='lat' dir='ltr'><strong>accessit.</strong></span> 
     </span>
    </p>
   </div>
   <div class='ocr_carea' id='block_1_40' title="bbox 283 2447 1880 2543">
    <p class='ocr_par' dir='ltr' id='par_1_40' title="bbox 283 2447 1880 2543">
     <span class='ocr_line' id='line_1_40' title="bbox 283 2447 1880 2543; baseline 0.002 -27"><span class='ocrx_word' id='word_1_289' title='bbox 283 2447 686 2543; x_wconf 66' lang='lat' dir='ltr'><strong>Cunthramnus</strong></span> <span class='ocrx_word' id='word_1_290' title='bbox 731 2480 858 2519; x_wconf 85' lang='lat' dir='ltr'><strong>vero</strong></span> <span class='ocrx_word' id='word_1_291' title='bbox 887 2481 976 2518; x_wconf 68' lang='lat' dir='ltr'><strong>rev</strong></span> <span class='ocrx_word' id='word_1_292' title='bbox 1035 2465 1219 2519; x_wconf 86' lang='lat' dir='ltr'><strong>volens</strong></span> <span class='ocrx_word' id='word_1_293' title='bbox 1276 2479 1498 2534; x_wconf 77' lang='lat' dir='ltr'><strong>regnum</strong></span> <span class='ocrx_word' id='word_1_294' title='bbox 1545 2465 1754 2534; x_wconf 91' lang='lat' dir='ltr'><strong>nepotis</strong></span> <span class='ocrx_word' id='word_1_295' title='bbox 1798 2463 1880 2520; x_wconf 87' lang='lat' dir='ltr'><strong>sui</strong></span> 
     </span>
    </p>
   </div>
   <div class='ocr_carea' id='block_1_41' title="bbox 287 2555 1881 2628">
    <p class='ocr_par' dir='ltr' id='par_1_41' title="bbox 287 2555 1881 2628">
     <span class='ocr_line' id='line_1_41' title="bbox 287 2555 1881 2628; baseline 0 -16"><span class='ocrx_word' id='word_1_296' title='bbox 287 2556 612 2624; x_wconf 86' lang='lat' dir='ltr'><strong>Chlotharii,</strong></span> <span class='ocrx_word' id='word_1_297' title='bbox 640 2558 731 2614; x_wconf 84' lang='lat' dir='ltr'><strong>lilii</strong></span> <span class='ocrx_word' id='word_1_298' title='bbox 757 2556 960 2614; x_wconf 90' lang='lat' dir='ltr'><strong>scilicet</strong></span> <span class='ocrx_word' id='word_1_299' title='bbox 983 2555 1295 2628; x_wconf 86' lang='lat' dir='ltr'><strong>Chilperici,</strong></span> <span class='ocrx_word' id='word_1_300' title='bbox 1345 2573 1554 2628; x_wconf 73' lang='lat' dir='ltr'><strong>regere,</strong></span> <span class='ocrx_word' id='word_1_301' title='bbox 1609 2556 1881 2613; x_wconf 89' lang='lat' dir='ltr'><strong>&#39;l&#39;heodul-</strong></span> 
     </span>
    </p>
   </div>
   <div class='ocr_carea' id='block_1_42' title="bbox 284 2645 1878 2718">
    <p class='ocr_par' dir='ltr' id='par_1_42' title="bbox 284 2645 1878 2718">
     <span class='ocr_line' id='line_1_42' title="bbox 284 2645 1878 2718; baseline -0.001 -14"><span class='ocrx_word' id='word_1_302' title='bbox 284 2645 400 2704; x_wconf 77' lang='lat' dir='ltr'><strong>fum</strong></span> <span class='ocrx_word' id='word_1_303' title='bbox 444 2648 752 2718; x_wconf 78' lang='lat' dir='ltr'><strong>Andegavis</strong></span> <span class='ocrx_word' id='word_1_304' title='bbox 821 2649 1071 2703; x_wconf 90' lang='lat' dir='ltr'><strong>comitem</strong></span> <span class='ocrx_word' id='word_1_305' title='bbox 1125 2663 1246 2704; x_wconf 90' lang='lat' dir='ltr'><strong>esse</strong></span> <span class='ocrx_word' id='word_1_306' title='bbox 1302 2647 1568 2716; x_wconf 85' lang='lat' dir='ltr'><strong>decrevit;</strong></span> <span class='ocrx_word' id='word_1_307' title='bbox 1635 2649 1878 2704; x_wconf 83' lang='lat' dir='ltr'><strong>introdu-</strong></span> 
     </span>
    </p>
   </div>
   <div class='ocr_carea' id='block_1_43' title="bbox 287 2738 1881 2820">
    <p class='ocr_par' dir='ltr' id='par_1_43' title="bbox 287 2738 1881 2820">
     <span class='ocr_line' id='line_1_43' title="bbox 287 2738 1881 2820; baseline -0.001 -25"><span class='ocrx_word' id='word_1_308' title='bbox 287 2747 516 2810; x_wconf 82' lang='lat' dir='ltr'><strong>ctusq‘ue</strong></span> <span class='ocrx_word' id='word_1_309' title='bbox 544 2738 593 2793; x_wconf 89' lang='lat' dir='ltr'><strong>in</strong></span> <span class='ocrx_word' id='word_1_310' title='bbox 624 2741 833 2808; x_wconf 87' lang='lat' dir='ltr'><strong>urbem,</strong></span> <span class='ocrx_word' id='word_1_311' title='bbox 855 2755 882 2792; x_wconf 91' lang='lat' dir='ltr'><strong>a</strong></span> <span class='ocrx_word' id='word_1_312' title='bbox 908 2740 1205 2820; x_wconf 29' lang='lat' dir='ltr'><strong>civibus,‘et</strong></span> <span class='ocrx_word' id='word_1_313' title='bbox 1241 2742 1540 2810; x_wconf 80' lang='lat' dir='ltr'><strong>praesertim</strong></span> <span class='ocrx_word' id='word_1_314' title='bbox 1571 2756 1599 2795; x_wconf 92' lang='lat' dir='ltr'><strong>a</strong></span> <span class='ocrx_word' id='word_1_315' title='bbox 1657 2739 1881 2810; x_wconf 80' lang='lat' dir='ltr'><strong>Domigi-</strong></span> 
     </span>
    </p>
   </div>
   <div class='ocr_carea' id='block_1_44' title="bbox 283 2831 1877 2914">
    <p class='ocr_par' dir='ltr' id='par_1_44' title="bbox 283 2831 1877 2914">
     <span class='ocr_line' id='line_1_44' title="bbox 283 2831 1877 2914; baseline 0.004 -28"><span class='ocrx_word' id='word_1_316' title='bbox 283 2832 404 2914; x_wconf 78' lang='lat' dir='ltr'><strong>selo</strong></span> <span class='ocrx_word' id='word_1_317' title='bbox 427 2846 547 2886; x_wconf 91' lang='lat' dir='ltr'><strong>cum</strong></span> <span class='ocrx_word' id='word_1_318' title='bbox 592 2831 889 2886; x_wconf 88' lang='lat' dir='ltr'><strong>humilitate</strong></span> <span class='ocrx_word' id='word_1_319' title='bbox 942 2831 1187 2902; x_wconf 90' lang='lat' dir='ltr'><strong>repulsus</strong></span> <span class='ocrx_word' id='word_1_320' title='bbox 1217 2843 1319 2888; x_wconf 91' lang='lat' dir='ltr'><strong>est.</strong></span> <span class='ocrx_word' id='word_1_321' title='bbox 1377 2833 1783 2904; x_wconf 80' lang='lat' dir='ltr'><strong>Recurrensque</strong></span> <span class='ocrx_word' id='word_1_322' title='bbox 1810 2837 1877 2894; x_wconf 88' lang='lat' dir='ltr'><strong>ad</strong></span> 
     </span>
    </p>
   </div>
   <div class='ocr_carea' id='block_1_45' title="bbox 283 2925 1879 2996">
    <p class='ocr_par' dir='ltr' id='par_1_45' title="bbox 283 2925 1879 2996">
     <span class='ocr_line' id='line_1_45' title="bbox 283 2925 1879 2996; baseline 0.003 -16"><span class='ocrx_word' id='word_1_323' title='bbox 283 2938 506 2994; x_wconf 80' lang='lat' dir='ltr'><strong>regem,</strong></span> <span class='ocrx_word' id='word_1_324' title='bbox 569 2925 757 2978; x_wconf 89' lang='lat' dir='ltr'><strong>itermn</strong></span> <span class='ocrx_word' id='word_1_325' title='bbox 835 2933 1158 2994; x_wconf 60' lang='lat' dir='ltr'><strong>praeceptum</strong></span> <span class='ocrx_word' id='word_1_326' title='bbox 1231 2925 1517 2994; x_wconf 83' lang='lat' dir='ltr'><strong>accipiens,</strong></span> <span class='ocrx_word' id='word_1_327' title='bbox 1587 2942 1616 2980; x_wconf 89' lang='lat' dir='ltr'><strong>a</strong></span> <span class='ocrx_word' id='word_1_328' title='bbox 1674 2928 1879 2996; x_wconf 84' lang='lat' dir='ltr'><strong>Sigulfo</strong></span> 
     </span>
    </p>
   </div>
   <div class='ocr_carea' id='block_1_46' title="bbox 284 3011 1876 3083">
    <p class='ocr_par' dir='ltr' id='par_1_46' title="bbox 284 3011 1876 3083">
     <span class='ocr_line' id='line_1_46' title="bbox 284 3011 1876 3083; baseline 0 -9"><span class='ocrx_word' id='word_1_329' title='bbox 284 3011 420 3074; x_wconf 90' lang='lat' dir='ltr'><strong>duce</strong></span> <span class='ocrx_word' id='word_1_330' title='bbox 487 3019 828 3073; x_wconf 82' lang='lat' dir='ltr'><strong>intromissus</strong></span> <span class='ocrx_word' id='word_1_331' title='bbox 861 3057 876 3083; x_wconf 95' lang='lat'><strong>,</strong></span> <span class='ocrx_word' id='word_1_332' title='bbox 925 3017 1235 3072; x_wconf 89' lang='lat' dir='ltr'><strong>comitatum</strong></span> <span class='ocrx_word' id='word_1_333' title='bbox 1307 3018 1451 3073; x_wconf 87' lang='lat' dir='ltr'><strong>urbis</strong></span> <span class='ocrx_word' id='word_1_334' title='bbox 1527 3017 1670 3073; x_wconf 91' lang='lat' dir='ltr'><strong>illius</strong></span> <span class='ocrx_word' id='word_1_335' title='bbox 1718 3021 1876 3074; x_wconf 82' lang='lat' dir='ltr'><strong>rexit.</strong></span> 
     </span>
    </p>
   </div>
   <div class='ocr_carea' id='block_1_47' title="bbox 285 3109 1872 3183">
    <p class='ocr_par' dir='ltr' id='par_1_47' title="bbox 285 3109 1872 3183">
     <span class='ocr_line' id='line_1_47' title="bbox 285 3109 1872 3183; baseline 0.002 -17"><span class='ocrx_word' id='word_1_336' title='bbox 285 3109 666 3166; x_wconf 85' lang='lat' dir='ltr'><strong>Gundobaldus</strong></span> <span class='ocrx_word' id='word_1_337' title='bbox 711 3119 891 3164; x_wconf 88' lang='lat' dir='ltr'><strong>autem</strong></span> <span class='ocrx_word' id='word_1_338' title='bbox 937 3111 1251 3165; x_wconf 88' lang='lat' dir='ltr'><strong>comitatum</strong></span> <span class='ocrx_word' id='word_1_339' title='bbox 1307 3110 1656 3178; x_wconf 69' lang='lat' dir='ltr'><strong>Mt-ldensem,</strong></span> <span class='ocrx_word' id='word_1_340' title='bbox 1712 3127 1872 3183; x_wconf 86' lang='lat' dir='ltr'><strong>super</strong></span> 
     </span>
    </p>
   </div>
   <div class='ocr_carea' id='block_1_48' title="bbox 1979 1919 3557 1990">
    <p class='ocr_par' dir='ltr' id='par_1_48' title="bbox 1979 1919 3557 1990">
     <span class='ocr_line' id='line_1_48' title="bbox 1979 1919 3557 1990; baseline -0.002 -11"><span class='ocrx_word' id='word_1_341' title='bbox 1979 1919 2326 1989; x_wconf 82' lang='lat' dir='ltr'><strong>OreStcsque,</strong></span> <span class='ocrx_word' id='word_1_342' title='bbox 2353 1920 2467 1976; x_wconf 87' lang='lat' dir='ltr'><strong>sive</strong></span> <span class='ocrx_word' id='word_1_343' title='bbox 2510 1920 2798 1987; x_wconf 86' lang='lat' dir='ltr'><strong>Palladius,</strong></span> <span class='ocrx_word' id='word_1_344' title='bbox 2835 1920 2925 1990; x_wconf 92' lang='lat' dir='ltr'><strong>qui</strong></span> <span class='ocrx_word' id='word_1_345' title='bbox 2972 1937 3092 1976; x_wconf 84' lang='lat' dir='ltr'><strong>eum</strong></span> <span class='ocrx_word' id='word_1_346' title='bbox 3145 1921 3557 1988; x_wconf 76' lang='lat' dir='ltr'><strong>benedixerant,</strong></span> 
     </span>
    </p>
   </div>
   <div class='ocr_carea' id='block_1_49' title="bbox 1979 2013 3558 2084">
    <p class='ocr_par' dir='ltr' id='par_1_49' title="bbox 1979 2013 3558 2084">
     <span class='ocr_line' id='line_1_49' title="bbox 1979 2013 3558 2084; baseline 0.002 -19"><span class='ocrx_word' id='word_1_347' title='bbox 1979 2013 2186 2080; x_wconf 79' lang='lat' dir='ltr'><strong>vicibus</strong></span> <span class='ocrx_word' id='word_1_348' title='bbox 2233 2022 2533 2082; x_wconf 89' lang='lat' dir='ltr'><strong>pascerent,</strong></span> <span class='ocrx_word' id='word_1_349' title='bbox 2559 2022 2922 2084; x_wconf 80' lang='lat' dir='ltr'><strong>centenasque</strong></span> <span class='ocrx_word' id='word_1_350' title='bbox 2947 2015 2995 2070; x_wconf 92' lang='lat' dir='ltr'><strong>ei</strong></span> <span class='ocrx_word' id='word_1_351' title='bbox 3024 2029 3218 2070; x_wconf 85' lang='lat' dir='ltr'><strong>aureos</strong></span> <span class='ocrx_word' id='word_1_352' title='bbox 3241 2017 3394 2069; x_wconf 88' lang='lat' dir='ltr'><strong>annis</strong></span> <span class='ocrx_word' id='word_1_353' title='bbox 3441 2016 3558 2070; x_wconf 79' lang='lat' dir='ltr'><strong>sin-</strong></span> 
     </span>
    </p>
   </div>
   <div class='ocr_carea' id='block_1_50' title="bbox 1980 2103 3560 2177">
    <p class='ocr_par' dir='ltr' id='par_1_50' title="bbox 1980 2103 3560 2177">
     <span class='ocr_line' id='line_1_50' title="bbox 1980 2103 3560 2177; baseline 0.003 -19"><span class='ocrx_word' id='word_1_354' title='bbox 1980 2104 2116 2171; x_wconf 79' lang='lat' dir='ltr'><strong>gulis</strong></span> <span class='ocrx_word' id='word_1_355' title='bbox 2147 2103 2530 2162; x_wconf 87' lang='lat' dir='ltr'><strong>ministrarent.</strong></span> <span class='ocrx_word' id='word_1_356' title='bbox 2560 2105 2795 2160; x_wconf 81' lang='lat' dir='ltr'><strong>Nicetius</strong></span> <span class='ocrx_word' id='word_1_357' title='bbox 2824 2115 2998 2164; x_wconf 90' lang='lat' dir='ltr'><strong>tamen</strong></span> <span class='ocrx_word' id='word_1_358' title='bbox 3021 2123 3089 2164; x_wconf 81' lang='lat' dir='ltr'><strong>ex</strong></span> <span class='ocrx_word' id='word_1_359' title='bbox 3114 2105 3270 2174; x_wconf 84' lang='lat' dir='ltr'><strong>laico,</strong></span> <span class='ocrx_word' id='word_1_360' title='bbox 3294 2109 3383 2177; x_wconf 90' lang='lat' dir='ltr'><strong>qui</strong></span> <span class='ocrx_word' id='word_1_361' title='bbox 3410 2108 3560 2176; x_wconf 88' lang='lat' dir='ltr'><strong>prius</strong></span> 
     </span>
    </p>
   </div>
   <div class='ocr_carea' id='block_1_51' title="bbox 1981 2196 3560 2272">
    <p class='ocr_par' dir='ltr' id='par_1_51' title="bbox 1981 2196 3560 2272">
     <span class='ocr_line' id='line_1_51' title="bbox 1981 2196 3560 2272; baseline 0.004 -20"><span class='ocrx_word' id='word_1_362' title='bbox 1981 2196 2048 2270; x_wconf 76' lang='lat' dir='ltr'><strong>ab</strong></span> <span class='ocrx_word' id='word_1_363' title='bbox 2075 2196 2388 2267; x_wconf 80' lang='lat' dir='ltr'><strong>Chilperico</strong></span> <span class='ocrx_word' id='word_1_364' title='bbox 2409 2212 2534 2266; x_wconf 85' lang='lat' dir='ltr'><strong>rege</strong></span> <span class='ocrx_word' id='word_1_365' title='bbox 2566 2207 2886 2267; x_wconf 75' lang='lat' dir='ltr'><strong>praeceptum</strong></span> <span class='ocrx_word' id='word_1_366' title='bbox 2912 2200 3192 2267; x_wconf 82' lang='lat' dir='ltr'><strong>elicuerat,</strong></span> <span class='ocrx_word' id='word_1_367' title='bbox 3223 2203 3274 2255; x_wconf 89' lang='lat' dir='ltr'><strong>in</strong></span> <span class='ocrx_word' id='word_1_368' title='bbox 3293 2202 3409 2272; x_wconf 89' lang='lat' dir='ltr'><strong>ipsa</strong></span> <span class='ocrx_word' id='word_1_369' title='bbox 3429 2202 3560 2258; x_wconf 82' lang='lat' dir='ltr'><strong>urbe</strong></span> 
     </span>
    </p>
   </div>
   <div class='ocr_carea' id='block_1_52' title="bbox 1980 2287 3586 2358">
    <p class='ocr_par' dir='ltr' id='par_1_52' title="bbox 1980 2287 3586 2358">
     <span class='ocr_line' id='line_1_52' title="bbox 1980 2287 3586 2358; baseline 0.005 -18"><span class='ocrx_word' id='word_1_370' title='bbox 1980 2287 2345 2357; x_wconf 84' lang='lat' dir='ltr'><strong>episcopatum</strong></span> <span class='ocrx_word' id='word_1_371' title='bbox 2415 2288 2639 2358; x_wconf 85' lang='lat' dir='ltr'><strong>adeptus</strong></span> <span class='ocrx_word' id='word_1_372' title='bbox 2690 2300 2791 2344; x_wconf 74' lang='lat' dir='ltr'><strong>esr.</strong></span> <span class='ocrx_word' id='word_1_373' title='bbox 2867 2289 3138 2344; x_wconf 85' lang='lat' dir='ltr'><strong>Ursicinus</strong></span> <span class='ocrx_word' id='word_1_374' title='bbox 3203 2291 3586 2348; x_wconf 78' lang='lat' dir='ltr'><strong>Cadurcensis</strong></span> 
     </span>
    </p>
   </div>
   <div class='ocr_carea' id='block_1_53' title="bbox 1982 2381 3560 2452">
    <p class='ocr_par' dir='ltr' id='par_1_53' title="bbox 1982 2381 3560 2452">
     <span class='ocr_line' id='line_1_53' title="bbox 1982 2381 3560 2452; baseline 0.003 -18"><span class='ocrx_word' id='word_1_375' title='bbox 1982 2381 2266 2452; x_wconf 80' lang='lat' dir='ltr'><strong>cpiscOpus</strong></span> <span class='ocrx_word' id='word_1_376' title='bbox 2301 2381 2701 2436; x_wconf 60' lang='lat' dir='ltr'><strong>escommunica</strong></span> <span class='ocrx_word' id='word_1_377' title='bbox 2713 2389 2797 2437; x_wconf 91' lang='lat' dir='ltr'><strong>tur</strong></span> <span class='ocrx_word' id='word_1_378' title='bbox 2823 2421 2839 2449; x_wconf 95' lang='lat'><strong>,</strong></span> <span class='ocrx_word' id='word_1_379' title='bbox 2873 2397 2969 2451; x_wconf 89' lang='lat' dir='ltr'><strong>pro</strong></span> <span class='ocrx_word' id='word_1_380' title='bbox 2996 2396 3060 2436; x_wconf 91' lang='lat' dir='ltr'><strong>eo</strong></span> <span class='ocrx_word' id='word_1_381' title='bbox 3089 2383 3229 2452; x_wconf 89' lang='lat' dir='ltr'><strong>quod</strong></span> <span class='ocrx_word' id='word_1_382' title='bbox 3259 2383 3560 2445; x_wconf 79' lang='lat' dir='ltr'><strong>Gundoval-</strong></span> 
     </span>
    </p>
   </div>
   <div class='ocr_carea' id='block_1_54' title="bbox 1982 2473 3562 2549">
    <p class='ocr_par' dir='ltr' id='par_1_54' title="bbox 1982 2473 3562 2549">
     <span class='ocr_line' id='line_1_54' title="bbox 1982 2473 3562 2549; baseline 0.003 -19"><span class='ocrx_word' id='word_1_383' title='bbox 1982 2473 2107 2530; x_wconf 90' lang='lat' dir='ltr'><strong>dum</strong></span> <span class='ocrx_word' id='word_1_384' title='bbox 2137 2473 2414 2542; x_wconf 82' lang='lat' dir='ltr'><strong>excepisse</strong></span> <span class='ocrx_word' id='word_1_385' title='bbox 2437 2474 2646 2544; x_wconf 89' lang='lat' dir='ltr'><strong>publice</strong></span> <span class='ocrx_word' id='word_1_386' title='bbox 2672 2483 2756 2528; x_wconf 89' lang='lat' dir='ltr'><strong>est</strong></span> <span class='ocrx_word' id='word_1_387' title='bbox 2780 2473 3058 2530; x_wconf 83' lang='lat' dir='ltr'><strong>confessus</strong></span> <span class='ocrx_word' id='word_1_388' title='bbox 3091 2493 3103 2528; x_wconf 90' lang='lat'>:</span> <span class='ocrx_word' id='word_1_389' title='bbox 3133 2485 3352 2546; x_wconf 89' lang='lat' dir='ltr'><strong>accepto</strong></span> <span class='ocrx_word' id='word_1_390' title='bbox 3381 2477 3562 2549; x_wconf 85' lang='lat' dir='ltr'><strong>hujus-</strong></span> 
     </span>
    </p>
   </div>
   <div class='ocr_carea' id='block_1_55' title="bbox 1983 2565 3557 2637">
    <p class='ocr_par' dir='ltr' id='par_1_55' title="bbox 1983 2565 3557 2637">
     <span class='ocr_line' id='line_1_55' title="bbox 1983 2565 3557 2637; baseline 0.001 -17"><span class='ocrx_word' id='word_1_391' title='bbox 1983 2565 2128 2620; x_wconf 91' lang='lat' dir='ltr'><strong>modi</strong></span> <span class='ocrx_word' id='word_1_392' title='bbox 2157 2565 2377 2634; x_wconf 89' lang='lat' dir='ltr'><strong>placito,</strong></span> <span class='ocrx_word' id='word_1_393' title='bbox 2407 2574 2464 2620; x_wconf 92' lang='lat' dir='ltr'><strong>ut</strong></span> <span class='ocrx_word' id='word_1_394' title='bbox 2512 2566 2877 2635; x_wconf 68' lang='lat' dir='ltr'><strong>paenitentiam</strong></span> <span class='ocrx_word' id='word_1_395' title='bbox 2929 2566 3099 2621; x_wconf 87' lang='lat' dir='ltr'><strong>tribus</strong></span> <span class='ocrx_word' id='word_1_396' title='bbox 3141 2570 3297 2622; x_wconf 88' lang='lat' dir='ltr'><strong>annis</strong></span> <span class='ocrx_word' id='word_1_397' title='bbox 3351 2583 3514 2637; x_wconf 84' lang='lat' dir='ltr'><strong>agens</strong></span> <span class='ocrx_word' id='word_1_398' title='bbox 3540 2610 3557 2635; x_wconf 92' lang='lat'><strong>,</strong></span> 
     </span>
    </p>
   </div>
   <div class='ocr_carea' id='block_1_56' title="bbox 1983 2657 3561 2730">
    <p class='ocr_par' dir='ltr' id='par_1_56' title="bbox 1983 2657 3561 2730">
     <span class='ocr_line' id='line_1_56' title="bbox 1983 2657 3561 2730; baseline 0.003 -18"><span class='ocrx_word' id='word_1_399' title='bbox 1983 2674 2160 2730; x_wconf 84' lang='lat' dir='ltr'><strong>neque</strong></span> <span class='ocrx_word' id='word_1_400' title='bbox 2189 2658 2464 2730; x_wconf 89' lang='lat' dir='ltr'><strong>capillum,</strong></span> <span class='ocrx_word' id='word_1_401' title='bbox 2491 2673 2663 2729; x_wconf 87' lang='lat' dir='ltr'><strong>neque</strong></span> <span class='ocrx_word' id='word_1_402' title='bbox 2686 2657 2904 2714; x_wconf 87' lang='lat' dir='ltr'><strong>barbam</strong></span> <span class='ocrx_word' id='word_1_403' title='bbox 2931 2662 3193 2727; x_wconf 88' lang='lat' dir='ltr'><strong>tonderet,</strong></span> <span class='ocrx_word' id='word_1_404' title='bbox 3218 2661 3342 2716; x_wconf 83' lang='lat' dir='ltr'><strong>vino</strong></span> <span class='ocrx_word' id='word_1_405' title='bbox 3369 2673 3423 2717; x_wconf 92' lang='lat' dir='ltr'><strong>et</strong></span> <span class='ocrx_word' id='word_1_406' title='bbox 3443 2676 3561 2717; x_wconf 87' lang='lat' dir='ltr'><strong>car-</strong></span> 
     </span>
    </p>
   </div>
   <div class='ocr_carea' id='block_1_57' title="bbox 1983 2753 3560 2822">
    <p class='ocr_par' dir='ltr' id='par_1_57' title="bbox 1983 2753 3560 2822">
     <span class='ocr_line' id='line_1_57' title="bbox 1983 2753 3560 2822; baseline 0.003 -14"><span class='ocrx_word' id='word_1_407' title='bbox 1983 2755 2140 2816; x_wconf 84' lang='lat' dir='ltr'><strong>nibus</strong></span> <span class='ocrx_word' id='word_1_408' title='bbox 2170 2753 2482 2819; x_wconf 84' lang='lat' dir='ltr'><strong>abstineret,</strong></span> <span class='ocrx_word' id='word_1_409' title='bbox 2514 2755 2704 2810; x_wconf 88' lang='lat' dir='ltr'><strong>missas</strong></span> <span class='ocrx_word' id='word_1_410' title='bbox 2722 2754 3016 2822; x_wconf 82' lang='lat' dir='ltr'><strong>celebrare,</strong></span> <span class='ocrx_word' id='word_1_411' title='bbox 3044 2756 3268 2811; x_wconf 89' lang='lat' dir='ltr'><strong>clericos</strong></span> <span class='ocrx_word' id='word_1_412' title='bbox 3288 2755 3560 2822; x_wconf 88' lang='lat' dir='ltr'><strong>ordinare,</strong></span> 
     </span>
    </p>
   </div>
   <div class='ocr_carea' id='block_1_58' title="bbox 1983 2847 3560 2917">
    <p class='ocr_par' dir='ltr' id='par_1_58' title="bbox 1983 2847 3560 2917">
     <span class='ocr_line' id='line_1_58' title="bbox 1983 2847 3560 2917; baseline 0.001 -15"><span class='ocrx_word' id='word_1_413' title='bbox 1983 2847 2346 2917; x_wconf 88' lang='lat' dir='ltr'><strong>ecclesiasque</strong></span> <span class='ocrx_word' id='word_1_414' title='bbox 2375 2856 2427 2900; x_wconf 87' lang='lat' dir='ltr'><strong>et</strong></span> <span class='ocrx_word' id='word_1_415' title='bbox 2475 2847 2707 2900; x_wconf 88' lang='lat' dir='ltr'><strong>chrisma</strong></span> <span class='ocrx_word' id='word_1_416' title='bbox 2759 2847 3091 2913; x_wconf 86' lang='lat' dir='ltr'><strong>benedicere,</strong></span> <span class='ocrx_word' id='word_1_417' title='bbox 3147 2847 3386 2917; x_wconf 88' lang='lat' dir='ltr'><strong>eulogias</strong></span> <span class='ocrx_word' id='word_1_418' title='bbox 3433 2848 3560 2903; x_wconf 86' lang='lat' dir='ltr'><strong>dare</strong></span> 
     </span>
    </p>
   </div>
   <div class='ocr_carea' id='block_1_59' title="bbox 1984 2939 3555 3022">
    <p class='ocr_par' dir='ltr' id='par_1_59' title="bbox 1984 2939 3555 3022">
     <span class='ocr_line' id='line_1_59' title="bbox 1984 2939 3555 3022; baseline -0.001 -28"><span class='ocrx_word' id='word_1_419' title='bbox 1984 2941 2194 3022; x_wconf 77' lang='lat' dir='ltr'><strong>penitus</strong></span> <span class='ocrx_word' id='word_1_420' title='bbox 2217 2955 2322 2994; x_wconf 89' lang='lat' dir='ltr'><strong>non</strong></span> <span class='ocrx_word' id='word_1_421' title='bbox 2345 2939 2570 2994; x_wconf 84' lang='lat' dir='ltr'><strong>auderet</strong></span> <span class='ocrx_word' id='word_1_422' title='bbox 2602 2956 2617 3004; x_wconf 87' lang='lat'><strong>;</strong></span> <span class='ocrx_word' id='word_1_423' title='bbox 2654 2939 2852 2993; x_wconf 75' lang='lat' dir='ltr'><strong>utilitas</strong></span> <span class='ocrx_word' id='word_1_424' title='bbox 2881 2939 3041 3010; x_wconf 82' lang='lat'><strong>393</strong></span> <span class='ocrx_word' id='word_1_425' title='bbox 3074 2949 3248 2993; x_wconf 86' lang='lat' dir='ltr'><strong>tamen</strong></span> <span class='ocrx_word' id='word_1_426' title='bbox 3271 2939 3510 2994; x_wconf 65' lang='lat' dir='ltr'><strong>ecclesia:</strong></span> <span class='ocrx_word' id='word_1_427' title='bbox 3539 2939 3555 2976; x_wconf 73' lang='grc' dir='ltr'><strong>ι</strong></span> 
     </span>
    </p>
   </div>
   <div class='ocr_carea' id='block_1_60' title="bbox 1983 3029 3582 3104">
    <p class='ocr_par' dir='ltr' id='par_1_60' title="bbox 1983 3029 3582 3104">
     <span class='ocr_line' id='line_1_60' title="bbox 1983 3029 3582 3104; baseline -0.001 -18"><span class='ocrx_word' id='word_1_428' title='bbox 1983 3046 2080 3104; x_wconf 86' lang='lat' dir='ltr'><strong>per</strong></span> <span class='ocrx_word' id='word_1_429' title='bbox 2134 3031 2250 3098; x_wconf 89' lang='lat' dir='ltr'><strong>ejus</strong></span> <span class='ocrx_word' id='word_1_430' title='bbox 2294 3029 2710 3096; x_wconf 89' lang='lat' dir='ltr'><strong>ordinationem,</strong></span> <span class='ocrx_word' id='word_1_431' title='bbox 2767 3030 2906 3084; x_wconf 89' lang='lat' dir='ltr'><strong>sicut</strong></span> <span class='ocrx_word' id='word_1_432' title='bbox 2957 3031 3112 3093; x_wconf 86' lang='lat' dir='ltr'><strong>solita</strong></span> <span class='ocrx_word' id='word_1_433' title='bbox 3153 3039 3292 3096; x_wconf 90' lang='lat' dir='ltr'><strong>erat,</strong></span> <span class='ocrx_word' id='word_1_434' title='bbox 3343 3032 3582 3085; x_wconf 78' lang='lat' dir='ltr'><strong>omnino</strong></span> 
     </span>
    </p>
   </div>
   <div class='ocr_carea' id='block_1_61' title="bbox 1984 3121 3561 3193">
    <p class='ocr_par' dir='ltr' id='par_1_61' title="bbox 1984 3121 3561 3193">
     <span class='ocr_line' id='line_1_61' title="bbox 1984 3121 3561 3193; baseline 0.001 -13"><span class='ocrx_word' id='word_1_435' title='bbox 1984 3133 2349 3180; x_wconf 84' lang='lat' dir='ltr'><strong>exerceretur.</strong></span> <span class='ocrx_word' id='word_1_436' title='bbox 2384 3124 2599 3178; x_wconf 80' lang='lat' dir='ltr'><strong>Exstitit</strong></span> <span class='ocrx_word' id='word_1_437' title='bbox 2627 3123 2767 3178; x_wconf 89' lang='lat' dir='ltr'><strong>enim</strong></span> <span class='ocrx_word' id='word_1_438' title='bbox 2799 3122 2850 3176; x_wconf 91' lang='lat' dir='ltr'><strong>in</strong></span> <span class='ocrx_word' id='word_1_439' title='bbox 2881 3123 2979 3178; x_wconf 90' lang='lat' dir='ltr'><strong>hac</strong></span> <span class='ocrx_word' id='word_1_440' title='bbox 3019 3123 3222 3193; x_wconf 82' lang='lat' dir='ltr'><strong>synodo</strong></span> <span class='ocrx_word' id='word_1_441' title='bbox 3254 3121 3466 3192; x_wconf 85' lang='lat' dir='ltr'><strong>quidam</strong></span> <span class='ocrx_word' id='word_1_442' title='bbox 3495 3138 3561 3182; x_wconf 77' lang='lat' dir='ltr'><strong>ex</strong></span> 
     </span>
    </p>
   </div>
   <div class='ocr_carea' id='block_1_62' title="bbox 286 3203 3564 3288">
    <p class='ocr_par' dir='ltr' id='par_1_62' title="bbox 286 3203 3564 3288">
     <span class='ocr_line' id='line_1_62' title="bbox 286 3203 3564 3288; baseline 0 -16"><span class='ocrx_word' id='word_1_443' title='bbox 286 3203 610 3288; x_wconf 63' lang='lat' dir='ltr'><strong>GUBTPinum</strong></span> <span class='ocrx_word' id='word_1_444' title='bbox 639 3204 910 3274; x_wconf 68' lang='grc' dir='ltr'><strong>δοείρίθηε</strong></span> <span class='ocrx_word' id='word_1_445' title='bbox 937 3213 958 3241; x_wconf 82' lang='lat'><em>°</em></span> <span class='ocrx_word' id='word_1_446' title='bbox 979 3243 997 3270; x_wconf 69' lang='lat'><strong>9</strong></span> <span class='ocrx_word' id='word_1_447' title='bbox 1030 3204 1406 3274; x_wconf 64' lang='lat' dir='ltr'><strong>ingressusque</strong></span> <span class='ocrx_word' id='word_1_448' title='bbox 1448 3204 1655 3272; x_wconf 64' lang='lat' dir='ltr'><strong>urbem.</strong></span> <span class='ocrx_word' id='word_1_449' title='bbox 1686 3219 1870 3260; x_wconf 68' lang='lat'><strong>091153&#39;</strong></span> <span class='ocrx_word' id='word_1_450' title='bbox 1902 3206 1956 3270; x_wconf 85' lang='lat' dir='ltr'><strong>C&#39;</strong></span> <span class='ocrx_word' id='word_1_451' title='bbox 1979 3218 2266 3288; x_wconf 85' lang='lat' dir='ltr'><strong>episcopis,</strong></span> <span class='ocrx_word' id='word_1_452' title='bbox 2295 3219 2381 3288; x_wconf 88' lang='lat' dir='ltr'><strong>qui</strong></span> <span class='ocrx_word' id='word_1_453' title='bbox 2409 3217 2620 3274; x_wconf 90' lang='lat' dir='ltr'><strong>dicebat</strong></span> <span class='ocrx_word' id='word_1_454' title='bbox 2643 3218 2940 3285; x_wconf 87' lang='lat' dir='ltr'><strong>mulierem,</strong></span> <span class='ocrx_word' id='word_1_455' title='bbox 2967 3216 3235 3273; x_wconf 88' lang='lat' dir='ltr'><strong>hominem</strong></span> <span class='ocrx_word' id='word_1_456' title='bbox 3265 3233 3369 3272; x_wconf 90' lang='lat' dir='ltr'><strong>non</strong></span> <span class='ocrx_word' id='word_1_457' title='bbox 3402 3232 3564 3286; x_wconf 87' lang='lat' dir='ltr'><strong>posse</strong></span> 
     </span>
    </p>
   </div>
   <div class='ocr_carea' id='block_1_63' title="bbox 286 3287 1872 3374">
    <p class='ocr_par' dir='ltr' id='par_1_63' title="bbox 286 3287 1872 3374">
     <span class='ocr_line' id='line_1_63' title="bbox 286 3287 1872 3374; baseline 0.004 -25"><span class='ocrx_word' id='word_1_458' title='bbox 286 3287 402 3374; x_wconf 69' lang='lat' dir='ltr'><strong>rum</strong></span> <span class='ocrx_word' id='word_1_459' title='bbox 434 3301 700 3353; x_wconf 84' lang='lat' dir='ltr'><strong>actionem</strong></span> <span class='ocrx_word' id='word_1_460' title='bbox 723 3289 883 3368; x_wconf 74' lang='lat' dir='ltr'><strong>agere</strong></span> <span class='ocrx_word' id='word_1_461' title='bbox 910 3289 1089 3366; x_wconf 72' lang='lat' dir='ltr'><strong>etrapit.</strong></span> <span class='ocrx_word' id='word_1_462' title='bbox 1123 3296 1325 3352; x_wconf 82' lang='lat' dir='ltr'><strong>Exinde</strong></span> <span class='ocrx_word' id='word_1_463' title='bbox 1353 3297 1476 3352; x_wconf 92' lang='lat' dir='ltr'><strong>dum</strong></span> <span class='ocrx_word' id='word_1_464' title='bbox 1502 3314 1690 3368; x_wconf 89' lang='lat' dir='ltr'><strong>pagum</strong></span> <span class='ocrx_word' id='word_1_465' title='bbox 1723 3299 1872 3355; x_wconf 87' lang='lat' dir='ltr'><strong>urbis</strong></span> 
     </span>
    </p>
   </div>
   <div class='ocr_carea' id='block_1_64' title="bbox 285 3381 1873 3460">
    <p class='ocr_par' dir='ltr' id='par_1_64' title="bbox 285 3381 1873 3460">
     <span class='ocr_line' id='line_1_64' title="bbox 285 3381 1873 3460; baseline 0 -14"><span class='ocrx_word' id='word_1_466' title='bbox 285 3388 338 3446; x_wconf 85' lang='lat' dir='ltr'><strong>in</strong></span> <span class='ocrx_word' id='word_1_467' title='bbox 373 3390 472 3445; x_wconf 89' lang='lat' dir='ltr'><strong>hoc</strong></span> <span class='ocrx_word' id='word_1_468' title='bbox 495 3391 670 3446; x_wconf 76' lang='lat' dir='ltr'><strong>officio</strong></span> <span class='ocrx_word' id='word_1_469' title='bbox 691 3389 1020 3455; x_wconf 89' lang='lat' dir='ltr'><strong>circumiret,</strong></span> <span class='ocrx_word' id='word_1_470' title='bbox 1044 3391 1093 3443; x_wconf 93' lang='lat' dir='ltr'><strong>in</strong></span> <span class='ocrx_word' id='word_1_471' title='bbox 1117 3389 1344 3459; x_wconf 89' lang='lat' dir='ltr'><strong>quadam</strong></span> <span class='ocrx_word' id='word_1_472' title='bbox 1370 3381 1488 3443; x_wconf 77' lang='lat' dir='ltr'><strong>villa</strong></span> <span class='ocrx_word' id='word_1_473' title='bbox 1512 3388 1580 3443; x_wconf 88' lang='lat' dir='ltr'><strong>ab</strong></span> <span class='ocrx_word' id='word_1_474' title='bbox 1603 3389 1873 3460; x_wconf 88' lang='lat' dir='ltr'><strong>Guerpiuo</strong></span> 
     </span>
    </p>
   </div>
   <div class='ocr_carea' id='block_1_65' title="bbox 288 3471 1874 3552">
    <p class='ocr_par' dir='ltr' id='par_1_65' title="bbox 288 3471 1874 3552">
     <span class='ocr_line' id='line_1_65' title="bbox 288 3471 1874 3552; baseline -0.002 -12"><span class='ocrx_word' id='word_1_475' title='bbox 288 3471 630 3550; x_wconf 74' lang='lat' dir='ltr'><strong>interficitur.</strong></span> <span class='ocrx_word' id='word_1_476' title='bbox 650 3482 817 3552; x_wconf 92' lang='lat' dir='ltr'><strong>Cujus</strong></span> <span class='ocrx_word' id='word_1_477' title='bbox 839 3488 1088 3552; x_wconf 86' lang='lat' dir='ltr'><strong>parentes</strong></span> <span class='ocrx_word' id='word_1_478' title='bbox 1123 3481 1425 3551; x_wconf 81' lang='lat' dir='ltr'><strong>congregati</strong></span> <span class='ocrx_word' id='word_1_479' title='bbox 1455 3496 1616 3552; x_wconf 79' lang='lat' dir='ltr'><strong>super</strong></span> <span class='ocrx_word' id='word_1_480' title='bbox 1641 3482 1779 3538; x_wconf 92' lang='lat' dir='ltr'><strong>hunc</strong></span> <span class='ocrx_word' id='word_1_481' title='bbox 1802 3484 1874 3537; x_wconf 88' lang='lat' dir='ltr'><strong>ir-</strong></span> 
     </span>
    </p>
   </div>
   <div class='ocr_carea' id='block_1_66' title="bbox 287 3571 1872 3645">
    <p class='ocr_par' dir='ltr' id='par_1_66' title="bbox 287 3571 1872 3645">
     <span class='ocr_line' id='line_1_66' title="bbox 287 3571 1872 3645; baseline -0.002 -13"><span class='ocrx_word' id='word_1_482' title='bbox 287 3584 468 3640; x_wconf 86' lang='lat' dir='ltr'><strong>ruunt,</strong></span> <span class='ocrx_word' id='word_1_483' title='bbox 494 3576 862 3645; x_wconf 88' lang='lat' dir='ltr'><strong>inclusumque</strong></span> <span class='ocrx_word' id='word_1_484' title='bbox 892 3573 944 3630; x_wconf 89' lang='lat' dir='ltr'><strong>in</strong></span> <span class='ocrx_word' id='word_1_485' title='bbox 987 3576 1234 3644; x_wconf 89' lang='lat' dir='ltr'><strong>pessilem</strong></span> <span class='ocrx_word' id='word_1_486' title='bbox 1257 3574 1448 3629; x_wconf 87' lang='lat' dir='ltr'><strong>domus</strong></span> <span class='ocrx_word' id='word_1_487' title='bbox 1469 3571 1494 3611; x_wconf 73' lang='grc' dir='ltr'>ά</span> <span class='ocrx_word' id='word_1_488' title='bbox 1522 3575 1828 3628; x_wconf 90' lang='lat' dir='ltr'><strong>interimunt</strong></span> <span class='ocrx_word' id='word_1_489' title='bbox 1857 3589 1872 3629; x_wconf 88' lang='lat'><strong>:</strong></span> 
     </span>
    </p>
   </div>
   <div class='ocr_carea' id='block_1_67' title="bbox 291 3669 1872 3740">
    <p class='ocr_par' dir='ltr' id='par_1_67' title="bbox 291 3669 1872 3740">
     <span class='ocr_line' id='line_1_67' title="bbox 291 3669 1872 3740; baseline -0.001 -16"><span class='ocrx_word' id='word_1_490' title='bbox 291 3671 480 3739; x_wconf 87' lang='lat' dir='ltr'><strong>sicque</strong></span> <span class='ocrx_word' id='word_1_491' title='bbox 505 3680 726 3740; x_wconf 85' lang='lat' dir='ltr'><strong>uterque</strong></span> <span class='ocrx_word' id='word_1_492' title='bbox 756 3671 1051 3726; x_wconf 88' lang='lat' dir='ltr'><strong>acomitatu</strong></span> <span class='ocrx_word' id='word_1_493' title='bbox 1071 3681 1240 3725; x_wconf 89' lang='lat' dir='ltr'><strong>morte</strong></span> <span class='ocrx_word' id='word_1_494' title='bbox 1276 3671 1586 3725; x_wconf 82' lang='lat' dir='ltr'><strong>imminente</strong></span> <span class='ocrx_word' id='word_1_495' title='bbox 1607 3669 1872 3724; x_wconf 86' lang='lat' dir='ltr'><strong>discessit.</strong></span> 
     </span>
    </p>
   </div>
   <div class='ocr_carea' id='block_1_68' title="bbox 299 3782 1873 3856">
    <p class='ocr_par' dir='ltr' id='par_1_68' title="bbox 299 3782 1873 3856">
     <span class='ocr_line' id='line_1_68' title="bbox 299 3782 1873 3856; baseline -0.002 -16"><span class='ocrx_word' id='word_1_496' title='bbox 299 3831 302 3834; x_wconf 91' lang='lat'><strong>.</strong></span> <span class='ocrx_word' id='word_1_497' title='bbox 360 3783 506 3842; x_wconf 78' lang='lat' dir='ltr'><strong>XIX.</strong></span> <span class='ocrx_word' id='word_1_498' title='bbox 539 3786 669 3841; x_wconf 81' lang='lat' dir='ltr'><strong>Cum</strong></span> <span class='ocrx_word' id='word_1_499' title='bbox 711 3795 887 3841; x_wconf 89' lang='lat' dir='ltr'><strong>autem</strong></span> <span class='ocrx_word' id='word_1_500' title='bbox 928 3787 1124 3855; x_wconf 70' lang='lat' dir='ltr'><strong>smpius</strong></span> <span class='ocrx_word' id='word_1_501' title='bbox 1156 3784 1408 3856; x_wconf 86' lang='lat' dir='ltr'><strong>Dagulfus</strong></span> <span class='ocrx_word' id='word_1_502' title='bbox 1453 3785 1615 3855; x_wconf 77' lang='lat'><strong>392</strong></span> <span class='ocrx_word' id='word_1_503' title='bbox 1652 3782 1814 3838; x_wconf 88' lang='lat' dir='ltr'><strong>abbas</strong></span> <span class='ocrx_word' id='word_1_504' title='bbox 1847 3792 1873 3828; x_wconf 62' lang='grc' dir='ltr'><strong><em>β</em></strong></span> 
     </span>
    </p>
   </div>
   <div class='ocr_carea' id='block_1_69' title="bbox 290 3875 1873 3950">
    <p class='ocr_par' dir='ltr' id='par_1_69' title="bbox 290 3875 1873 3950">
     <span class='ocr_line' id='line_1_69' title="bbox 290 3875 1873 3950; baseline -0.004 -15"><span class='ocrx_word' id='word_1_505' title='bbox 290 3896 390 3950; x_wconf 89' lang='lat' dir='ltr'><strong>pro</strong></span> <span class='ocrx_word' id='word_1_506' title='bbox 421 3879 716 3934; x_wconf 85' lang='lat' dir='ltr'><strong>sceleribus</strong></span> <span class='ocrx_word' id='word_1_507' title='bbox 756 3879 867 3934; x_wconf 90' lang='lat' dir='ltr'><strong>suis</strong></span> <span class='ocrx_word' id='word_1_508' title='bbox 910 3886 1244 3948; x_wconf 79' lang='lat' dir='ltr'><strong>argueretur,</strong></span> <span class='ocrx_word' id='word_1_509' title='bbox 1298 3877 1420 3948; x_wconf 91' lang='lat' dir='ltr'><strong>quia</strong></span> <span class='ocrx_word' id='word_1_510' title='bbox 1450 3876 1587 3931; x_wconf 88' lang='lat' dir='ltr'><strong>furta</strong></span> <span class='ocrx_word' id='word_1_511' title='bbox 1616 3885 1670 3930; x_wconf 90' lang='lat' dir='ltr'><strong>et</strong></span> <span class='ocrx_word' id='word_1_512' title='bbox 1700 3875 1873 3929; x_wconf 90' lang='lat' dir='ltr'><strong>homi-</strong></span> 
     </span>
    </p>
   </div>
   <div class='ocr_carea' id='block_1_70' title="bbox 286 3963 1872 4039">
    <p class='ocr_par' dir='ltr' id='par_1_70' title="bbox 286 3963 1872 4039">
     <span class='ocr_line' id='line_1_70' title="bbox 286 3963 1872 4039; baseline -0.004 -14"><span class='ocrx_word' id='word_1_513' title='bbox 286 3970 426 4025; x_wconf 89' lang='lat' dir='ltr'><strong>cidia</strong></span> <span class='ocrx_word' id='word_1_514' title='bbox 458 3971 768 4039; x_wconf 85' lang='lat' dir='ltr'><strong>plerumque</strong></span> <span class='ocrx_word' id='word_1_515' title='bbox 797 3969 1042 4037; x_wconf 80' lang='lat' dir='ltr'><strong>faciebat,</strong></span> <span class='ocrx_word' id='word_1_516' title='bbox 1069 3968 1161 4023; x_wconf 90' lang='lat' dir='ltr'><strong>sed</strong></span> <span class='ocrx_word' id='word_1_517' title='bbox 1190 3977 1244 4022; x_wconf 90' lang='lat' dir='ltr'><strong>et</strong></span> <span class='ocrx_word' id='word_1_518' title='bbox 1268 3968 1320 4022; x_wconf 92' lang='lat' dir='ltr'><strong>in</strong></span> <span class='ocrx_word' id='word_1_519' title='bbox 1347 3964 1622 4021; x_wconf 89' lang='lat' dir='ltr'><strong>adulteriis</strong></span> <span class='ocrx_word' id='word_1_520' title='bbox 1651 3963 1872 4019; x_wconf 88' lang='lat' dir='ltr'><strong>nimium</strong></span> 
     </span>
    </p>
   </div>
   <div class='ocr_carea' id='block_1_71' title="bbox 287 4057 1874 4133">
    <p class='ocr_par' dir='ltr' id='par_1_71' title="bbox 287 4057 1874 4133">
     <span class='ocr_line' id='line_1_71' title="bbox 287 4057 1874 4133; baseline -0.006 -13"><span class='ocrx_word' id='word_1_521' title='bbox 287 4063 584 4120; x_wconf 67' lang='lat' dir='ltr'><strong>dissrlutus</strong></span> <span class='ocrx_word' id='word_1_522' title='bbox 611 4073 746 4128; x_wconf 85' lang='lat' dir='ltr'><strong>erat,</strong></span> <span class='ocrx_word' id='word_1_523' title='bbox 780 4063 1010 4133; x_wconf 86' lang='lat' dir='ltr'><strong>quodam</strong></span> <span class='ocrx_word' id='word_1_524' title='bbox 1044 4071 1285 4132; x_wconf 90' lang='lat' dir='ltr'><strong>tempore</strong></span> <span class='ocrx_word' id='word_1_525' title='bbox 1315 4075 1434 4115; x_wconf 90' lang='lat' dir='ltr'><strong>cum</strong></span> <span class='ocrx_word' id='word_1_526' title='bbox 1461 4074 1680 4114; x_wconf 82' lang='lat' dir='ltr'><strong>uxorem</strong></span> <span class='ocrx_word' id='word_1_527' title='bbox 1713 4057 1874 4114; x_wconf 89' lang='lat' dir='ltr'><strong>vicini</strong></span> 
     </span>
    </p>
   </div>
   <div class='ocr_carea' id='block_1_72' title="bbox 287 4150 1876 4226">
    <p class='ocr_par' dir='ltr' id='par_1_72' title="bbox 287 4150 1876 4226">
     <span class='ocr_line' id='line_1_72' title="bbox 287 4150 1876 4226; baseline -0.007 -12"><span class='ocrx_word' id='word_1_528' title='bbox 287 4158 371 4214; x_wconf 84' lang='lat' dir='ltr'><strong>sui</strong></span> <span class='ocrx_word' id='word_1_529' title='bbox 397 4156 788 4226; x_wconf 80' lang='lat' dir='ltr'><strong>concupiscens</strong></span> <span class='ocrx_word' id='word_1_530' title='bbox 815 4197 830 4222; x_wconf 96' lang='lat'><strong>,</strong></span> <span class='ocrx_word' id='word_1_531' title='bbox 863 4159 1182 4211; x_wconf 89' lang='lat' dir='ltr'><strong>misceretur</strong></span> <span class='ocrx_word' id='word_1_532' title='bbox 1213 4169 1332 4208; x_wconf 90' lang='lat' dir='ltr'><strong>cum</strong></span> <span class='ocrx_word' id='word_1_533' title='bbox 1366 4168 1450 4218; x_wconf 91' lang='lat' dir='ltr'><strong>ea,</strong></span> <span class='ocrx_word' id='word_1_534' title='bbox 1477 4150 1756 4220; x_wconf 89' lang='lat' dir='ltr'><strong>requirens</strong></span> <span class='ocrx_word' id='word_1_535' title='bbox 1785 4165 1876 4204; x_wconf 56' lang='lat' dir='ltr'><strong>oce</strong></span> 
     </span>
    </p>
   </div>
   <div class='ocr_carea' id='block_1_73' title="bbox 288 4242 1875 4315">
    <p class='ocr_par' dir='ltr' id='par_1_73' title="bbox 288 4242 1875 4315">
     <span class='ocr_line' id='line_1_73' title="bbox 288 4242 1875 4315; baseline -0.004 -14"><span class='ocrx_word' id='word_1_536' title='bbox 288 4249 534 4308; x_wconf 83' lang='lat' dir='ltr'><strong>casiones</strong></span> <span class='ocrx_word' id='word_1_537' title='bbox 585 4248 856 4314; x_wconf 86' lang='lat' dir='ltr'><strong>diversas,</strong></span> <span class='ocrx_word' id='word_1_538' title='bbox 916 4246 1144 4315; x_wconf 88' lang='lat' dir='ltr'><strong>qualiter</strong></span> <span class='ocrx_word' id='word_1_539' title='bbox 1196 4244 1366 4298; x_wconf 87' lang='lat' dir='ltr'><strong>virum</strong></span> <span class='ocrx_word' id='word_1_540' title='bbox 1427 4242 1686 4296; x_wconf 74' lang='lat' dir='ltr'><strong>adultera:</strong></span> <span class='ocrx_word' id='word_1_541' title='bbox 1737 4242 1875 4296; x_wconf 89' lang='lat' dir='ltr'><strong>intra</strong></span> 
     </span>
    </p>
   </div>
   <div class='ocr_carea' id='block_1_74' title="bbox 291 4331 1875 4412">
    <p class='ocr_par' dir='ltr' id='par_1_74' title="bbox 291 4331 1875 4412">
     <span class='ocr_line' id='line_1_74' title="bbox 291 4331 1875 4412; baseline -0.008 -13"><span class='ocrx_word' id='word_1_542' title='bbox 291 4341 598 4399; x_wconf 81' lang='lat' dir='ltr'><strong>monasterii</strong></span> <span class='ocrx_word' id='word_1_543' title='bbox 633 4341 789 4412; x_wconf 88' lang='lat' dir='ltr'><strong>hujus</strong></span> <span class='ocrx_word' id='word_1_544' title='bbox 819 4347 970 4409; x_wconf 91' lang='lat' dir='ltr'><strong>septa</strong></span> <span class='ocrx_word' id='word_1_545' title='bbox 1009 4337 1230 4392; x_wconf 89' lang='lat' dir='ltr'><strong>deberet</strong></span> <span class='ocrx_word' id='word_1_546' title='bbox 1283 4336 1586 4404; x_wconf 85' lang='lat' dir='ltr'><strong>opprimere</strong></span> <span class='ocrx_word' id='word_1_547' title='bbox 1620 4331 1638 4370; x_wconf 78' lang='grc' dir='ltr'>ί</span> <span class='ocrx_word' id='word_1_548' title='bbox 1685 4345 1875 4389; x_wconf 85' lang='lat' dir='ltr'><strong>conte-</strong></span> 
     </span>
    </p>
   </div>
   <div class='ocr_carea' id='block_1_75' title="bbox 289 4428 1872 4503">
    <p class='ocr_par' dir='ltr' id='par_1_75' title="bbox 289 4428 1872 4503">
     <span class='ocr_line' id='line_1_75' title="bbox 289 4428 1872 4503; baseline -0.006 -13"><span class='ocrx_word' id='word_1_549' title='bbox 289 4443 460 4498; x_wconf 76' lang='lat' dir='ltr'><strong>status</strong></span> <span class='ocrx_word' id='word_1_550' title='bbox 507 4442 593 4490; x_wconf 87' lang='lat' dir='ltr'><strong>est</strong></span> <span class='ocrx_word' id='word_1_551' title='bbox 619 4434 668 4490; x_wconf 91' lang='lat' dir='ltr'><strong>ei</strong></span> <span class='ocrx_word' id='word_1_552' title='bbox 715 4433 922 4499; x_wconf 89' lang='lat' dir='ltr'><strong>dicens,</strong></span> <span class='ocrx_word' id='word_1_553' title='bbox 945 4431 1086 4503; x_wconf 90' lang='lat' dir='ltr'><strong>quod</strong></span> <span class='ocrx_word' id='word_1_554' title='bbox 1115 4429 1161 4486; x_wconf 90' lang='lat' dir='ltr'><strong>si</strong></span> <span class='ocrx_word' id='word_1_555' title='bbox 1197 4428 1262 4484; x_wconf 90' lang='lat' dir='ltr'><strong>ad</strong></span> <span class='ocrx_word' id='word_1_556' title='bbox 1296 4443 1514 4483; x_wconf 79' lang='lat' dir='ltr'><strong>uxorem</strong></span> <span class='ocrx_word' id='word_1_557' title='bbox 1541 4442 1690 4483; x_wconf 90' lang='lat' dir='ltr'><strong>suam</strong></span> <span class='ocrx_word' id='word_1_558' title='bbox 1720 4442 1872 4482; x_wconf 90' lang='lat' dir='ltr'><strong>acce-</strong></span> 
     </span>
    </p>
   </div>
   <div class='ocr_carea' id='block_1_76' title="bbox 285 4605 1864 4678">
    <p class='ocr_par' dir='ltr' id='par_1_76' title="bbox 285 4605 1864 4678">
     <span class='ocr_line' id='line_1_76' title="bbox 285 4605 1864 4678; baseline -0.006 -9"><span class='ocrx_word' id='word_1_559' title='bbox 285 4613 341 4669; x_wconf 89' lang='lat' dir='ltr'><strong>S.</strong></span> <span class='ocrx_word' id='word_1_560' title='bbox 378 4610 754 4669; x_wconf 81' lang='lat' dir='ltr'><strong>Glodesindem</strong></span> <span class='ocrx_word' id='word_1_561' title='bbox 799 4609 1152 4672; x_wconf 86' lang='lat' dir='ltr'><strong>abbatissam,</strong></span> <span class='ocrx_word' id='word_1_562' title='bbox 1204 4623 1322 4678; x_wconf 66' lang='lat' dir='ltr'><strong>qua:</strong></span> <span class='ocrx_word' id='word_1_563' title='bbox 1346 4607 1735 4661; x_wconf 86' lang='lat' dir='ltr'><strong>Parthenonem</strong></span> <span class='ocrx_word' id='word_1_564' title='bbox 1768 4605 1864 4660; x_wconf 90' lang='lat' dir='ltr'><strong>ho-</strong></span> 
     </span>
    </p>
   </div>
   <div class='ocr_carea' id='block_1_77' title="bbox 1978 3311 3560 3381">
    <p class='ocr_par' dir='ltr' id='par_1_77' title="bbox 1978 3311 3560 3381">
     <span class='ocr_line' id='line_1_77' title="bbox 1978 3311 3560 3381; baseline -0.001 -13"><span class='ocrx_word' id='word_1_565' title='bbox 1978 3313 2222 3376; x_wconf 87' lang='lat' dir='ltr'><strong>vocitari.</strong></span> <span class='ocrx_word' id='word_1_566' title='bbox 2255 3311 2361 3369; x_wconf 86' lang='lat' dir='ltr'><strong>Sed</strong></span> <span class='ocrx_word' id='word_1_567' title='bbox 2413 3324 2591 3367; x_wconf 87' lang='lat' dir='ltr'><strong>tamen</strong></span> <span class='ocrx_word' id='word_1_568' title='bbox 2652 3311 2719 3366; x_wconf 89' lang='lat' dir='ltr'><strong>ab</strong></span> <span class='ocrx_word' id='word_1_569' title='bbox 2771 3311 3034 3381; x_wconf 89' lang='lat' dir='ltr'><strong>episcopis</strong></span> <span class='ocrx_word' id='word_1_570' title='bbox 3085 3311 3292 3366; x_wconf 89' lang='lat' dir='ltr'><strong>ratione</strong></span> <span class='ocrx_word' id='word_1_571' title='bbox 3341 3320 3560 3376; x_wconf 80' lang='lat' dir='ltr'><strong>accepta</strong></span> 
     </span>
    </p>
   </div>
   <div class='ocr_carea' id='block_1_78' title="bbox 1975 3403 3558 3477">
    <p class='ocr_par' dir='ltr' id='par_1_78' title="bbox 1975 3403 3558 3477">
     <span class='ocr_line' id='line_1_78' title="bbox 1975 3403 3558 3477; baseline -0.001 -16"><span class='ocrx_word' id='word_1_572' title='bbox 1975 3406 2177 3477; x_wconf 88' lang='lat' dir='ltr'><strong>quievit</strong></span> <span class='ocrx_word' id='word_1_573' title='bbox 2201 3422 2214 3458; x_wconf 89' lang='lat'><strong>:</strong></span> <span class='ocrx_word' id='word_1_574' title='bbox 2239 3421 2303 3460; x_wconf 91' lang='lat' dir='ltr'><strong>eo</strong></span> <span class='ocrx_word' id='word_1_575' title='bbox 2331 3405 2472 3475; x_wconf 91' lang='lat' dir='ltr'><strong>quod</strong></span> <span class='ocrx_word' id='word_1_576' title='bbox 2501 3419 2655 3460; x_wconf 89' lang='lat' dir='ltr'><strong>sacer</strong></span> <span class='ocrx_word' id='word_1_577' title='bbox 2685 3407 2882 3460; x_wconf 88' lang='lat' dir='ltr'><strong>veteris</strong></span> <span class='ocrx_word' id='word_1_578' title='bbox 2917 3404 3244 3468; x_wconf 82' lang='lat' dir='ltr'><strong>Testamenti</strong></span> <span class='ocrx_word' id='word_1_579' title='bbox 3271 3403 3406 3458; x_wconf 87' lang='lat' dir='ltr'><strong>liber</strong></span> <span class='ocrx_word' id='word_1_580' title='bbox 3427 3405 3558 3459; x_wconf 86' lang='lat' dir='ltr'><strong>edo-</strong></span> 
     </span>
    </p>
   </div>
   <div class='ocr_carea' id='block_1_79' title="bbox 1975 3497 3558 3566">
    <p class='ocr_par' dir='ltr' id='par_1_79' title="bbox 1975 3497 3558 3566">
     <span class='ocr_line' id='line_1_79' title="bbox 1975 3497 3558 3566; baseline -0.001 -13"><span class='ocrx_word' id='word_1_581' title='bbox 1975 3506 2114 3561; x_wconf 89' lang='lat' dir='ltr'><strong>ceat,</strong></span> <span class='ocrx_word' id='word_1_582' title='bbox 2146 3497 2286 3554; x_wconf 90' lang='lat' dir='ltr'><strong>auod</strong></span> <span class='ocrx_word' id='word_1_583' title='bbox 2316 3497 2370 3552; x_wconf 90' lang='lat' dir='ltr'><strong>in</strong></span> <span class='ocrx_word' id='word_1_584' title='bbox 2395 3497 2652 3566; x_wconf 90' lang='lat' dir='ltr'><strong>principio</strong></span> <span class='ocrx_word' id='word_1_585' title='bbox 2685 3498 2796 3552; x_wconf 89' lang='lat' dir='ltr'><strong>Deo</strong></span> <span class='ocrx_word' id='word_1_586' title='bbox 2844 3497 3112 3552; x_wconf 86' lang='lat' dir='ltr'><strong>hominem</strong></span> <span class='ocrx_word' id='word_1_587' title='bbox 3160 3507 3376 3553; x_wconf 85' lang='lat' dir='ltr'><strong>creante</strong></span> <span class='ocrx_word' id='word_1_588' title='bbox 3399 3538 3413 3562; x_wconf 91' lang='lat'><strong>,</strong></span> <span class='ocrx_word' id='word_1_589' title='bbox 3441 3497 3514 3552; x_wconf 90' lang='lat' dir='ltr'><strong>ait</strong></span> <span class='ocrx_word' id='word_1_590' title='bbox 3543 3537 3558 3563; x_wconf 91' lang='lat'><strong>,</strong></span> 
     </span>
    </p>
   </div>
   <div class='ocr_carea' id='block_1_80' title="bbox 1979 3588 3560 3658">
    <p class='ocr_par' dir='ltr' id='par_1_80' title="bbox 1979 3588 3560 3658">
     <span class='ocr_line' id='line_1_80' title="bbox 1979 3588 3560 3658; baseline -0.001 -14"><span class='ocrx_word' id='word_1_591' title='bbox 1979 3588 2271 3645; x_wconf 73' lang='lat' dir='ltr'><strong>Masrulum</strong></span> <span class='ocrx_word' id='word_1_592' title='bbox 2318 3599 2363 3642; x_wconf 85' lang='lat' dir='ltr'><strong>et</strong></span> <span class='ocrx_word' id='word_1_593' title='bbox 2389 3589 2630 3657; x_wconf 78' lang='lat' dir='ltr'><strong>feminam</strong></span> <span class='ocrx_word' id='word_1_594' title='bbox 2655 3589 2841 3643; x_wconf 83' lang='lat' dir='ltr'><strong>creavit</strong></span> <span class='ocrx_word' id='word_1_595' title='bbox 2872 3605 2956 3643; x_wconf 77' lang='lat' dir='ltr'><strong>eos</strong></span> <span class='ocrx_word' id='word_1_596' title='bbox 2987 3605 3005 3644; x_wconf 86' lang='lat'><strong>.&#39;</strong></span> <span class='ocrx_word' id='word_1_597' title='bbox 3048 3590 3338 3658; x_wconf 79' lang='lat' dir='ltr'><strong>vocavilque</strong></span> <span class='ocrx_word' id='word_1_598' title='bbox 3375 3604 3560 3650; x_wconf 83' lang='lat' dir='ltr'><strong>nomen</strong></span> 
     </span>
    </p>
   </div>
   <div class='ocr_carea' id='block_1_81' title="bbox 1977 3681 3558 3754">
    <p class='ocr_par' dir='ltr' id='par_1_81' title="bbox 1977 3681 3558 3754">
     <span class='ocr_line' id='line_1_81' title="bbox 1977 3681 3558 3754; baseline -0.001 -17"><span class='ocrx_word' id='word_1_599' title='bbox 1977 3699 2172 3747; x_wconf 85' lang='lat' dir='ltr'><strong>eorum,</strong></span> <span class='ocrx_word' id='word_1_600' title='bbox 2237 3684 2404 3736; x_wconf 79' lang='lat' dir='ltr'><strong>Adam</strong></span> <span class='ocrx_word' id='word_1_601' title='bbox 2459 3682 2610 3751; x_wconf 74' lang='lat' dir='ltr'><strong>(Gen.</strong></span> <span class='ocrx_word' id='word_1_602' title='bbox 2665 3700 2714 3752; x_wconf 69' lang='grc' dir='ltr'><strong>ν,</strong></span> <span class='ocrx_word' id='word_1_603' title='bbox 2753 3683 2835 3752; x_wconf 68' lang='grc'><strong>2),</strong></span> <span class='ocrx_word' id='word_1_604' title='bbox 2899 3682 3040 3752; x_wconf 86' lang='lat' dir='ltr'><strong>quod</strong></span> <span class='ocrx_word' id='word_1_605' title='bbox 3104 3691 3185 3736; x_wconf 89' lang='lat' dir='ltr'><strong>est</strong></span> <span class='ocrx_word' id='word_1_606' title='bbox 3232 3681 3558 3754; x_wconf 75' lang='lat' dir='ltr'><strong>[exponitur]</strong></span> 
     </span>
    </p>
   </div>
   <div class='ocr_carea' id='block_1_82' title="bbox 1979 3773 3557 3846">
    <p class='ocr_par' dir='ltr' id='par_1_82' title="bbox 1979 3773 3557 3846">
     <span class='ocr_line' id='line_1_82' title="bbox 1979 3773 3557 3846; baseline -0.002 -17"><span class='ocrx_word' id='word_1_607' title='bbox 1979 3774 2141 3830; x_wconf 87' lang='lat' dir='ltr'><strong>homo</strong></span> <span class='ocrx_word' id='word_1_608' title='bbox 2169 3786 2451 3841; x_wconf 88' lang='lat' dir='ltr'><strong>terrenus;</strong></span> <span class='ocrx_word' id='word_1_609' title='bbox 2485 3776 2564 3828; x_wconf 91' lang='lat' dir='ltr'><strong>sic</strong></span> <span class='ocrx_word' id='word_1_610' title='bbox 2611 3775 2790 3844; x_wconf 90' lang='lat' dir='ltr'><strong>utique</strong></span> <span class='ocrx_word' id='word_1_611' title='bbox 2851 3789 3046 3846; x_wconf 84' lang='lat' dir='ltr'><strong>vocans</strong></span> <span class='ocrx_word' id='word_1_612' title='bbox 3091 3773 3404 3839; x_wconf 87' lang='lat' dir='ltr'><strong>mulierem,</strong></span> <span class='ocrx_word' id='word_1_613' title='bbox 3459 3786 3557 3826; x_wconf 89' lang='lat' dir='ltr'><strong>ceu</strong></span> 
     </span>
    </p>
   </div>
   <div class='ocr_carea' id='block_1_83' title="bbox 1981 3866 3562 3936">
    <p class='ocr_par' dir='ltr' id='par_1_83' title="bbox 1981 3866 3562 3936">
     <span class='ocr_line' id='line_1_83' title="bbox 1981 3866 3562 3936; baseline -0.001 -16"><span class='ocrx_word' id='word_1_614' title='bbox 1981 3869 2152 3922; x_wconf 67' lang='lat' dir='ltr'><strong>virum</strong></span> <span class='ocrx_word' id='word_1_615' title='bbox 2177 3884 2191 3921; x_wconf 92' lang='lat'><strong>:</strong></span> <span class='ocrx_word' id='word_1_616' title='bbox 2220 3877 2506 3936; x_wconf 87' lang='lat' dir='ltr'><strong>utrumque</strong></span> <span class='ocrx_word' id='word_1_617' title='bbox 2553 3867 2692 3922; x_wconf 89' lang='lat' dir='ltr'><strong>enim</strong></span> <span class='ocrx_word' id='word_1_618' title='bbox 2728 3868 2992 3920; x_wconf 89' lang='lat' dir='ltr'><strong>hominem</strong></span> <span class='ocrx_word' id='word_1_619' title='bbox 3028 3866 3181 3919; x_wconf 80' lang='lat' dir='ltr'><strong>dixit.</strong></span> <span class='ocrx_word' id='word_1_620' title='bbox 3208 3867 3308 3920; x_wconf 84' lang='lat' dir='ltr'><strong>Sel</strong></span> <span class='ocrx_word' id='word_1_621' title='bbox 3357 3875 3412 3918; x_wconf 91' lang='lat' dir='ltr'><strong>et</strong></span> <span class='ocrx_word' id='word_1_622' title='bbox 3459 3867 3562 3930; x_wconf 59' lang='lat' dir='ltr'><strong>Do.</strong></span> 
     </span>
    </p>
   </div>
   <div class='ocr_carea' id='block_1_84' title="bbox 1979 3938 3558 4027">
    <p class='ocr_par' dir='ltr' id='par_1_84' title="bbox 1979 3938 3558 4027">
     <span class='ocr_line' id='line_1_84' title="bbox 1979 3938 3558 4027; baseline -0.003 -9"><span class='ocrx_word' id='word_1_623' title='bbox 1979 3938 2155 4018; x_wconf 78' lang='lat' dir='ltr'><strong>minus</strong></span> <span class='ocrx_word' id='word_1_624' title='bbox 2182 3961 2338 4017; x_wconf 89' lang='lat' dir='ltr'><strong>Jesus</strong></span> <span class='ocrx_word' id='word_1_625' title='bbox 2361 3959 2607 4015; x_wconf 87' lang='lat' dir='ltr'><strong>Christus</strong></span> <span class='ocrx_word' id='word_1_626' title='bbox 2637 3961 2706 4018; x_wconf 92' lang='lat' dir='ltr'><strong>ob</strong></span> <span class='ocrx_word' id='word_1_627' title='bbox 2731 3962 2831 4014; x_wconf 89' lang='lat' dir='ltr'><strong>hoc</strong></span> <span class='ocrx_word' id='word_1_628' title='bbox 2853 3961 3115 4013; x_wconf 80' lang='lat' dir='ltr'><strong>vocitatur</strong></span> <span class='ocrx_word' id='word_1_629' title='bbox 3144 3959 3280 4012; x_wconf 87' lang='lat' dir='ltr'><strong>ﬁlius</strong></span> <span class='ocrx_word' id='word_1_630' title='bbox 3305 3958 3558 4027; x_wconf 82' lang='lat' dir='ltr'><strong>hominis,</strong></span> 
     </span>
    </p>
   </div>
   <div class='ocr_carea' id='block_1_85' title="bbox 1978 4049 3557 4122">
    <p class='ocr_par' dir='ltr' id='par_1_85' title="bbox 1978 4049 3557 4122">
     <span class='ocr_line' id='line_1_85' title="bbox 1978 4049 3557 4122; baseline -0.001 -16"><span class='ocrx_word' id='word_1_631' title='bbox 1978 4052 2117 4122; x_wconf 86' lang='lat' dir='ltr'><strong>quod</strong></span> <span class='ocrx_word' id='word_1_632' title='bbox 2147 4052 2217 4106; x_wconf 91' lang='lat' dir='ltr'><strong>sit</strong></span> <span class='ocrx_word' id='word_1_633' title='bbox 2243 4051 2382 4105; x_wconf 84' lang='lat' dir='ltr'><strong>ﬁlius</strong></span> <span class='ocrx_word' id='word_1_634' title='bbox 2407 4050 2653 4118; x_wconf 79' lang='lat' dir='ltr'><strong>Virginis,</strong></span> <span class='ocrx_word' id='word_1_635' title='bbox 2677 4051 2726 4104; x_wconf 90' lang='lat' dir='ltr'><strong>id</strong></span> <span class='ocrx_word' id='word_1_636' title='bbox 2749 4058 2831 4104; x_wconf 92' lang='lat' dir='ltr'><strong>est</strong></span> <span class='ocrx_word' id='word_1_637' title='bbox 2855 4049 3113 4104; x_wconf 86' lang='lat' dir='ltr'><strong>mulieris.</strong></span> <span class='ocrx_word' id='word_1_638' title='bbox 3145 4049 3223 4103; x_wconf 80' lang='lat' dir='ltr'><strong>Ad</strong></span> <span class='ocrx_word' id='word_1_639' title='bbox 3255 4063 3557 4118; x_wconf 88' lang='lat' dir='ltr'><strong>quamcum</strong></span> 
     </span>
    </p>
   </div>
   <div class='ocr_carea' id='block_1_86' title="bbox 1978 4140 3576 4212">
    <p class='ocr_par' dir='ltr' id='par_1_86' title="bbox 1978 4140 3576 4212">
     <span class='ocr_line' id='line_1_86' title="bbox 1978 4140 3576 4212; baseline -0.004 -10"><span class='ocrx_word' id='word_1_640' title='bbox 1978 4158 2142 4212; x_wconf 79' lang='lat' dir='ltr'><strong>aquas</strong></span> <span class='ocrx_word' id='word_1_641' title='bbox 2172 4145 2224 4198; x_wconf 92' lang='lat' dir='ltr'><strong>in</strong></span> <span class='ocrx_word' id='word_1_642' title='bbox 2254 4145 2372 4197; x_wconf 85' lang='lat' dir='ltr'><strong>vina</strong></span> <span class='ocrx_word' id='word_1_643' title='bbox 2401 4141 2691 4196; x_wconf 82' lang='lat' dir='ltr'><strong>transferre</strong></span> <span class='ocrx_word' id='word_1_644' title='bbox 2740 4150 2971 4211; x_wconf 89' lang='lat' dir='ltr'><strong>pararet,</strong></span> <span class='ocrx_word' id='word_1_645' title='bbox 3013 4140 3089 4194; x_wconf 90' lang='lat' dir='ltr'><strong>ait</strong></span> <span class='ocrx_word' id='word_1_646' title='bbox 3120 4156 3133 4193; x_wconf 92' lang='lat'><strong>:</strong></span> <span class='ocrx_word' id='word_1_647' title='bbox 3184 4140 3322 4206; x_wconf 81' lang='lat' dir='ltr'><strong>Quid</strong></span> <span class='ocrx_word' id='word_1_648' title='bbox 3350 4140 3474 4194; x_wconf 76' lang='lat' dir='ltr'><strong>milii</strong></span> <span class='ocrx_word' id='word_1_649' title='bbox 3514 4150 3576 4196; x_wconf 66' lang='lat' dir='ltr'><strong>et.</strong></span> 
     </span>
    </p>
   </div>
   <div class='ocr_carea' id='block_1_87' title="bbox 1977 4232 3562 4306">
    <p class='ocr_par' dir='ltr' id='par_1_87' title="bbox 1977 4232 3562 4306">
     <span class='ocr_line' id='line_1_87' title="bbox 1977 4232 3562 4306; baseline -0.003 -16"><span class='ocrx_word' id='word_1_650' title='bbox 1977 4239 2068 4293; x_wconf 86' lang='lat' dir='ltr'><strong>tibi</strong></span> <span class='ocrx_word' id='word_1_651' title='bbox 2083 4247 2176 4303; x_wconf 76' lang='lat' dir='ltr'><strong>est,</strong></span> <span class='ocrx_word' id='word_1_652' title='bbox 2203 4237 2388 4292; x_wconf 85' lang='lat' dir='ltr'><strong>mulier</strong></span> <span class='ocrx_word' id='word_1_653' title='bbox 2409 4235 2589 4306; x_wconf 86' lang='lat' dir='ltr'><strong>(Joan.</strong></span> <span class='ocrx_word' id='word_1_654' title='bbox 2623 4251 2684 4302; x_wconf 90' lang='lat' dir='ltr'><strong>ll,</strong></span> <span class='ocrx_word' id='word_1_655' title='bbox 2719 4235 2773 4306; x_wconf 69' lang='grc'><strong>4)</strong></span> <span class='ocrx_word' id='word_1_656' title='bbox 2811 4236 2832 4289; x_wconf 89' lang='lat'><strong>?</strong></span> <span class='ocrx_word' id='word_1_657' title='bbox 2862 4242 2914 4290; x_wconf 90' lang='lat' dir='ltr'><strong>et</strong></span> <span class='ocrx_word' id='word_1_658' title='bbox 2936 4234 3161 4304; x_wconf 88' lang='lat' dir='ltr'><strong>reliqua.</strong></span> <span class='ocrx_word' id='word_1_659' title='bbox 3200 4232 3482 4302; x_wconf 82' lang='lat' dir='ltr'><strong>Multisque</strong></span> <span class='ocrx_word' id='word_1_660' title='bbox 3507 4241 3562 4286; x_wconf 88' lang='lat' dir='ltr'><strong>et</strong></span> 
     </span>
    </p>
   </div>
   <div class='ocr_carea' id='block_1_88' title="bbox 1975 4323 3561 4404">
    <p class='ocr_par' dir='ltr' id='par_1_88' title="bbox 1975 4323 3561 4404">
     <span class='ocr_line' id='line_1_88' title="bbox 1975 4323 3561 4404; baseline -0.004 -20"><span class='ocrx_word' id='word_1_661' title='bbox 1975 4329 2096 4384; x_wconf 85' lang='lat' dir='ltr'><strong>aliis</strong></span> <span class='ocrx_word' id='word_1_662' title='bbox 2127 4329 2446 4384; x_wconf 90' lang='lat' dir='ltr'><strong>testimoniis</strong></span> <span class='ocrx_word' id='word_1_663' title='bbox 2491 4328 2606 4384; x_wconf 60' lang='lat' dir='ltr'><strong>haec</strong></span> <span class='ocrx_word' id='word_1_664' title='bbox 2652 4342 2810 4381; x_wconf 84' lang='lat' dir='ltr'><strong>causa</strong></span> <span class='ocrx_word' id='word_1_665' title='bbox 2859 4323 3364 4404; x_wconf 67' lang='lat' dir='ltr'><strong>convictaquievit.</strong></span> <span class='ocrx_word' id='word_1_666' title='bbox 3417 4324 3561 4379; x_wconf 67' lang='lat' dir='ltr'><strong>Prat-</strong></span> 
     </span>
    </p>
   </div>
   <div class='ocr_carea' id='block_1_89' title="bbox 1979 4416 3563 4492">
    <p class='ocr_par' dir='ltr' id='par_1_89' title="bbox 1979 4416 3563 4492">
     <span class='ocr_line' id='line_1_89' title="bbox 1979 4416 3563 4492; baseline -0.004 -14"><span class='ocrx_word' id='word_1_667' title='bbox 1979 4431 2209 4478; x_wconf 75' lang='lat' dir='ltr'><strong>textatus</strong></span> <span class='ocrx_word' id='word_1_668' title='bbox 2247 4436 2377 4476; x_wconf 82' lang='lat' dir='ltr'><strong>vero</strong></span> <span class='ocrx_word' id='word_1_669' title='bbox 2426 4416 2872 4490; x_wconf 81' lang='lat' dir='ltr'><strong>Rothomagensis</strong></span> <span class='ocrx_word' id='word_1_670' title='bbox 2921 4416 3244 4492; x_wconf 85' lang='lat' dir='ltr'><strong>episcopus,</strong></span> <span class='ocrx_word' id='word_1_671' title='bbox 3289 4416 3563 4472; x_wconf 83' lang='lat' dir='ltr'><strong>orationes</strong></span> 
     </span>
    </p>
   </div>
   <div class='ocr_carea' id='block_1_90' title="bbox 1979 4579 3556 4673">
    <p class='ocr_par' dir='ltr' id='par_1_90' title="bbox 1979 4579 3556 4673">
     <span class='ocr_line' id='line_1_90' title="bbox 1979 4579 3556 4673; baseline -0.005 -16"><span class='ocrx_word' id='word_1_672' title='bbox 1979 4579 2189 4673; x_wconf 86' lang='lat' dir='ltr'><strong>assequi</strong></span> <span class='ocrx_word' id='word_1_673' title='bbox 2225 4603 2472 4663; x_wconf 79' lang='lat' dir='ltr'><strong>fateatur,</strong></span> <span class='ocrx_word' id='word_1_674' title='bbox 2506 4600 2605 4654; x_wconf 84' lang='lat' dir='ltr'><strong>nisi</strong></span> <span class='ocrx_word' id='word_1_675' title='bbox 2636 4587 3166 4673; x_wconf 30' lang='lat' dir='ltr'><strong>pessile‘situaliqua</strong></span> <span class='ocrx_word' id='word_1_676' title='bbox 3217 4594 3364 4650; x_wconf 87' lang='lat' dir='ltr'><strong>domi</strong></span> <span class='ocrx_word' id='word_1_677' title='bbox 3404 4609 3556 4664; x_wconf 87' lang='lat' dir='ltr'><strong>pars,</strong></span> 
     </span>
    </p>
   </div>
   <div class='ocr_carea' id='block_1_91' title="bbox 286 4667 3342 4753">
    <p class='ocr_par' dir='ltr' id='par_1_91' title="bbox 286 4667 3342 4753">
     <span class='ocr_line' id='line_1_91' title="bbox 286 4667 3342 4753; baseline -0.006 -15"><span class='ocrx_word' id='word_1_678' title='bbox 286 4667 476 4753; x_wconf 80' lang='lat' dir='ltr'><strong>dieque</strong></span> <span class='ocrx_word' id='word_1_679' title='bbox 507 4685 605 4737; x_wconf 87' lang='lat' dir='ltr'><strong>sub</strong></span> <span class='ocrx_word' id='word_1_680' title='bbox 633 4683 799 4752; x_wconf 87' lang='lat' dir='ltr'><strong>ipsius</strong></span> <span class='ocrx_word' id='word_1_681' title='bbox 825 4682 1040 4737; x_wconf 84' lang='lat' dir='ltr'><strong>nomine</strong></span> <span class='ocrx_word' id='word_1_682' title='bbox 1088 4667 1264 4753; x_wconf 69' lang='lat' dir='ltr'><strong>Mettis</strong></span> <span class='ocrx_word' id='word_1_683' title='bbox 1300 4679 1569 4753; x_wconf 70' lang='lat' dir='ltr'><strong>celebrem</strong></span> <span class='ocrx_word' id='word_1_684' title='bbox 1601 4677 1860 4753; x_wconf 63' lang='lat' dir='ltr'><strong>condidit;</strong></span> <span class='ocrx_word' id='word_1_685' title='bbox 1892 4674 1946 4738; x_wconf 87' lang='lat' dir='ltr'><strong>D</strong></span> <span class='ocrx_word' id='word_1_686' title='bbox 1968 4667 2292 4753; x_wconf 62' lang='lat' dir='ltr'><strong>cujus&#39;vocis</strong></span> <span class='ocrx_word' id='word_1_687' title='bbox 2321 4667 2650 4753; x_wconf 70' lang='lat' dir='ltr'><strong>signiticatio</strong></span> <span class='ocrx_word' id='word_1_688' title='bbox 2671 4671 2823 4753; x_wconf 68' lang='lat' dir='ltr'><strong>nobis</strong></span> <span class='ocrx_word' id='word_1_689' title='bbox 2851 4667 3008 4753; x_wconf 73' lang='lat' dir='ltr'><strong>hodie</strong></span> <span class='ocrx_word' id='word_1_690' title='bbox 3036 4670 3212 4753; x_wconf 69' lang='lat' dir='ltr'><strong>ignota</strong></span> <span class='ocrx_word' id='word_1_691' title='bbox 3239 4675 3342 4753; x_wconf 78' lang='lat' dir='ltr'><strong>est.</strong></span> 
     </span>
    </p>
   </div>
   <div class='ocr_carea' id='block_1_92' title="bbox 285 4749 1860 4823">
    <p class='ocr_par' dir='ltr' id='par_1_92' title="bbox 285 4749 1860 4823">
     <span class='ocr_line' id='line_1_92' title="bbox 285 4749 1860 4823; baseline -0.004 -11"><span class='ocrx_word' id='word_1_692' title='bbox 285 4749 438 4823; x_wconf 82' lang='lat' dir='ltr'><strong>cujus</strong></span> <span class='ocrx_word' id='word_1_693' title='bbox 464 4755 627 4809; x_wconf 76' lang='lat' dir='ltr'><strong>habes</strong></span> <span class='ocrx_word' id='word_1_694' title='bbox 656 4749 827 4808; x_wconf 75' lang='lat' dir='ltr'><strong>Vitam</strong></span> <span class='ocrx_word' id='word_1_695' title='bbox 877 4754 1014 4808; x_wconf 62' lang='grc' dir='ltr'><strong>ειυς.</strong></span> <span class='ocrx_word' id='word_1_696' title='bbox 1047 4767 1085 4805; x_wconf 88' lang='grc' dir='ltr'><strong>ιι</strong></span> <span class='ocrx_word' id='word_1_697' title='bbox 1139 4751 1476 4823; x_wconf 77' lang='lat' dir='ltr'><strong>Benedictier</strong></span> <span class='ocrx_word' id='word_1_698' title='bbox 1502 4790 1515 4813; x_wconf 94' lang='lat'><strong>,</strong></span> <span class='ocrx_word' id='word_1_699' title='bbox 1547 4765 1664 4819; x_wconf 86' lang='lat' dir='ltr'><strong>pag.</strong></span> <span class='ocrx_word' id='word_1_700' title='bbox 1705 4749 1860 4823; x_wconf 58' lang='grc' dir='ltr'><strong>ιυδπ.</strong></span> 
     </span>
    </p>
   </div>
   <div class='ocr_carea' id='block_1_93' title="bbox 363 4819 1863 4894">
    <p class='ocr_par' dir='ltr' id='par_1_93' title="bbox 363 4819 1863 4894">
     <span class='ocr_line' id='line_1_93' title="bbox 363 4819 1863 4894; baseline -0.005 -13"><span class='ocrx_word' id='word_1_701' title='bbox 363 4819 384 4862; x_wconf 63' lang='grc' dir='ltr'>ίι</span> <span class='ocrx_word' id='word_1_702' title='bbox 413 4827 486 4880; x_wconf 74' lang='lat' dir='ltr'><strong>Ex</strong></span> <span class='ocrx_word' id='word_1_703' title='bbox 521 4823 619 4894; x_wconf 82' lang='lat' dir='ltr'><strong>hoe</strong></span> <span class='ocrx_word' id='word_1_704' title='bbox 648 4824 868 4894; x_wconf 88' lang='lat' dir='ltr'><strong>aliisque</strong></span> <span class='ocrx_word' id='word_1_705' title='bbox 895 4823 1161 4879; x_wconf 88' lang='lat' dir='ltr'><strong>similibus</strong></span> <span class='ocrx_word' id='word_1_706' title='bbox 1196 4824 1324 4876; x_wconf 84' lang='lat' dir='ltr'><strong>locis</strong></span> <span class='ocrx_word' id='word_1_707' title='bbox 1360 4821 1547 4894; x_wconf 87' lang='lat' dir='ltr'><strong>probat</strong></span> <span class='ocrx_word' id='word_1_708' title='bbox 1576 4819 1863 4890; x_wconf 69' lang='lat' dir='ltr'><strong>llignonius</strong></span> 
     </span>
    </p>
   </div>
   <div class='ocr_carea' id='block_1_94' title="bbox 286 4893 1861 4963">
    <p class='ocr_par' dir='ltr' id='par_1_94' title="bbox 286 4893 1861 4963">
     <span class='ocr_line' id='line_1_94' title="bbox 286 4893 1861 4963; baseline -0.003 -13"><span class='ocrx_word' id='word_1_709' title='bbox 286 4896 450 4950; x_wconf 80' lang='lat' dir='ltr'><strong>duces</strong></span> <span class='ocrx_word' id='word_1_710' title='bbox 481 4893 762 4950; x_wconf 88' lang='lat' dir='ltr'><strong>comitibus</strong></span> <span class='ocrx_word' id='word_1_711' title='bbox 788 4893 1048 4963; x_wconf 71' lang='lat' dir='ltr'><strong>potestate</strong></span> <span class='ocrx_word' id='word_1_712' title='bbox 1078 4896 1381 4959; x_wconf 72' lang='lat' dir='ltr'><strong>superiores</strong></span> <span class='ocrx_word' id='word_1_713' title='bbox 1437 4893 1620 4963; x_wconf 82' lang='lat' dir='ltr'><strong>fuisse,</strong></span> <span class='ocrx_word' id='word_1_714' title='bbox 1649 4907 1746 4945; x_wconf 89' lang='lat' dir='ltr'><strong>nec</strong></span> <span class='ocrx_word' id='word_1_715' title='bbox 1777 4905 1861 4944; x_wconf 83' lang='lat' dir='ltr'><strong>re-</strong></span> 
     </span>
    </p>
   </div>
   <div class='ocr_carea' id='block_1_95' title="bbox 287 4962 1862 5037">
    <p class='ocr_par' dir='ltr' id='par_1_95' title="bbox 287 4962 1862 5037">
     <span class='ocr_line' id='line_1_95' title="bbox 287 4962 1862 5037; baseline -0.004 -18"><span class='ocrx_word' id='word_1_716' title='bbox 287 4969 550 5037; x_wconf 72' lang='lat' dir='ltr'><strong>quisitum</strong></span> <span class='ocrx_word' id='word_1_717' title='bbox 570 4967 732 5021; x_wconf 87' lang='lat' dir='ltr'><strong>fuisse</strong></span> <span class='ocrx_word' id='word_1_718' title='bbox 765 4962 817 5020; x_wconf 89' lang='lat' dir='ltr'><strong>ut</strong></span> <span class='ocrx_word' id='word_1_719' title='bbox 847 4965 1132 5019; x_wconf 85' lang='lat' dir='ltr'><strong>duodecim</strong></span> <span class='ocrx_word' id='word_1_720' title='bbox 1163 4965 1448 5037; x_wconf 65' lang='lat' dir='ltr'><strong>comitatus</strong></span> <span class='ocrx_word' id='word_1_721' title='bbox 1479 4962 1599 5037; x_wconf 87' lang='lat' dir='ltr'><strong>duci</strong></span> <span class='ocrx_word' id='word_1_722' title='bbox 1628 4963 1862 5037; x_wconf 79' lang='lat' dir='ltr'><strong>subjice-</strong></span> 
     </span>
    </p>
   </div>
   <div class='ocr_carea' id='block_1_96' title="bbox 286 5033 1860 5100">
    <p class='ocr_par' dir='ltr' id='par_1_96' title="bbox 286 5033 1860 5100">
     <span class='ocr_line' id='line_1_96' title="bbox 286 5033 1860 5100; baseline -0.001 -10"><span class='ocrx_word' id='word_1_723' title='bbox 286 5033 490 5092; x_wconf 81' lang='lat' dir='ltr'><strong>rentur.</strong></span> <span class='ocrx_word' id='word_1_724' title='bbox 527 5038 657 5092; x_wconf 84' lang='lat' dir='ltr'><strong>Vide</strong></span> <span class='ocrx_word' id='word_1_725' title='bbox 688 5038 823 5091; x_wconf 86' lang='lat' dir='ltr'><strong>infra</strong></span> <span class='ocrx_word' id='word_1_726' title='bbox 871 5037 962 5089; x_wconf 87' lang='lat' dir='ltr'><strong>lib.</strong></span> <span class='ocrx_word' id='word_1_727' title='bbox 1016 5051 1092 5097; x_wconf 79' lang='lat' dir='ltr'><strong>Ix,</strong></span> <span class='ocrx_word' id='word_1_728' title='bbox 1141 5050 1256 5098; x_wconf 83' lang='lat' dir='ltr'><strong>cap.</strong></span> <span class='ocrx_word' id='word_1_729' title='bbox 1307 5035 1361 5098; x_wconf 87' lang='lat'><strong>7,</strong></span> <span class='ocrx_word' id='word_1_730' title='bbox 1421 5042 1474 5087; x_wconf 84' lang='lat' dir='ltr'><strong>ct</strong></span> <span class='ocrx_word' id='word_1_731' title='bbox 1531 5035 1642 5100; x_wconf 70' lang='lat' dir='ltr'><strong>lege</strong></span> <span class='ocrx_word' id='word_1_732' title='bbox 1694 5033 1860 5100; x_wconf 61' lang='lat' dir='ltr'><strong>ipsius</strong></span> 
     </span>
    </p>
   </div>
   <div class='ocr_carea' id='block_1_97' title="bbox 289 5101 1864 5170">
    <p class='ocr_par' dir='ltr' id='par_1_97' title="bbox 289 5101 1864 5170">
     <span class='ocr_line' id='line_1_97' title="bbox 289 5101 1864 5170; baseline -0.004 -8"><span class='ocrx_word' id='word_1_733' title='bbox 289 5101 370 5162; x_wconf 84' lang='lat' dir='ltr'><strong>Cl.</strong></span> <span class='ocrx_word' id='word_1_734' title='bbox 405 5109 498 5161; x_wconf 89' lang='lat' dir='ltr'><strong>viri</strong></span> <span class='ocrx_word' id='word_1_735' title='bbox 533 5119 684 5162; x_wconf 80' lang='lat' dir='ltr'><strong>notas</strong></span> <span class='ocrx_word' id='word_1_736' title='bbox 714 5109 763 5160; x_wconf 91' lang='lat' dir='ltr'><strong>in</strong></span> <span class='ocrx_word' id='word_1_737' title='bbox 787 5107 878 5160; x_wconf 67' lang='grc' dir='ltr'>ιιι».</span> <span class='ocrx_word' id='word_1_738' title='bbox 915 5122 927 5158; x_wconf 93' lang='grc' dir='ltr'><strong>ι</strong></span> <span class='ocrx_word' id='word_1_739' title='bbox 976 5105 1208 5159; x_wconf 79' lang='lat' dir='ltr'><strong>Marculfi</strong></span> <span class='ocrx_word' id='word_1_740' title='bbox 1246 5107 1399 5157; x_wconf 85' lang='lat' dir='ltr'><strong>form.</strong></span> <span class='ocrx_word' id='word_1_741' title='bbox 1431 5105 1482 5166; x_wconf 79' lang='lat'><strong>8,</strong></span> <span class='ocrx_word' id='word_1_742' title='bbox 1516 5105 1601 5154; x_wconf 88' lang='lat' dir='ltr'><strong>ubi</strong></span> <span class='ocrx_word' id='word_1_743' title='bbox 1638 5104 1786 5170; x_wconf 87' lang='lat' dir='ltr'><strong>plura</strong></span> <span class='ocrx_word' id='word_1_744' title='bbox 1811 5112 1864 5155; x_wconf 77' lang='lat' dir='ltr'><strong>et</strong></span> 
     </span>
    </p>
   </div>
   <div class='ocr_carea' id='block_1_98' title="bbox 289 5173 1858 5249">
    <p class='ocr_par' dir='ltr' id='par_1_98' title="bbox 289 5173 1858 5249">
     <span class='ocr_line' id='line_1_98' title="bbox 289 5173 1858 5249; baseline -0.006 -17"><span class='ocrx_word' id='word_1_745' title='bbox 289 5182 425 5249; x_wconf 83' lang='lat' dir='ltr'><strong>scitu</strong></span> <span class='ocrx_word' id='word_1_746' title='bbox 460 5181 649 5249; x_wconf 72' lang='lat' dir='ltr'><strong>digna,</strong></span> <span class='ocrx_word' id='word_1_747' title='bbox 676 5195 769 5248; x_wconf 91' lang='lat' dir='ltr'><strong>pro</strong></span> <span class='ocrx_word' id='word_1_748' title='bbox 793 5192 939 5232; x_wconf 82' lang='lat' dir='ltr'><strong>more</strong></span> <span class='ocrx_word' id='word_1_749' title='bbox 961 5191 1078 5249; x_wconf 87' lang='lat' dir='ltr'><strong>suo,</strong></span> <span class='ocrx_word' id='word_1_750' title='bbox 1134 5175 1292 5249; x_wconf 75' lang='lat' dir='ltr'><strong>habet</strong></span> <span class='ocrx_word' id='word_1_751' title='bbox 1320 5175 1388 5228; x_wconf 89' lang='lat' dir='ltr'><strong>de</strong></span> <span class='ocrx_word' id='word_1_752' title='bbox 1419 5173 1642 5249; x_wconf 79' lang='lat' dir='ltr'><strong>ducibus</strong></span> <span class='ocrx_word' id='word_1_753' title='bbox 1668 5183 1722 5227; x_wconf 90' lang='lat' dir='ltr'><strong>et</strong></span> <span class='ocrx_word' id='word_1_754' title='bbox 1769 5188 1858 5249; x_wconf 79' lang='lat' dir='ltr'><strong>co-</strong></span> 
     </span>
    </p>
   </div>
   <div class='ocr_carea' id='block_1_99' title="bbox 285 5241 1866 5305">
    <p class='ocr_par' dir='ltr' id='par_1_99' title="bbox 285 5241 1866 5305">
     <span class='ocr_line' id='line_1_99' title="bbox 285 5241 1866 5305; baseline -0.003 -3"><span class='ocrx_word' id='word_1_755' title='bbox 285 5241 543 5305; x_wconf 53' lang='lat' dir='ltr'><strong>mitibus.&quot;</strong></span> <span class='ocrx_word' id='word_1_756' title='bbox 559 5241 770 5304; x_wconf 68' lang='lat' dir='ltr'><strong>Vidésis</strong></span> <span class='ocrx_word' id='word_1_757' title='bbox 821 5257 872 5302; x_wconf 88' lang='lat' dir='ltr'><strong>et</strong></span> <span class='ocrx_word' id='word_1_758' title='bbox 918 5241 1204 5301; x_wconf 83' lang='lat' dir='ltr'><strong>Altescrrae</strong></span> <span class='ocrx_word' id='word_1_759' title='bbox 1237 5247 1428 5299; x_wconf 86' lang='lat' dir='ltr'><strong>librum</strong></span> <span class='ocrx_word' id='word_1_760' title='bbox 1458 5258 1522 5298; x_wconf 90' lang='lat' dir='ltr'><strong>ea</strong></span> <span class='ocrx_word' id='word_1_761' title='bbox 1550 5244 1616 5297; x_wconf 90' lang='lat' dir='ltr'><strong>de</strong></span> <span class='ocrx_word' id='word_1_762' title='bbox 1646 5259 1702 5298; x_wconf 88' lang='lat' dir='ltr'><strong>rc</strong></span> <span class='ocrx_word' id='word_1_763' title='bbox 1755 5241 1866 5298; x_wconf 88' lang='lat' dir='ltr'><strong>sin-</strong></span> 
     </span>
    </p>
   </div>
   <div class='ocr_carea' id='block_1_100' title="bbox 285 5318 1222 5394">
    <p class='ocr_par' dir='ltr' id='par_1_100' title="bbox 285 5318 1222 5394">
     <span class='ocr_line' id='line_1_100' title="bbox 285 5318 1222 5394; baseline -0.004 -20"><span class='ocrx_word' id='word_1_764' title='bbox 285 5323 546 5394; x_wconf 54' lang='lat' dir='ltr'><strong>gularem,</strong></span> <span class='ocrx_word' id='word_1_765' title='bbox 577 5332 630 5376; x_wconf 91' lang='lat' dir='ltr'><strong>et</strong></span> <span class='ocrx_word' id='word_1_766' title='bbox 654 5319 834 5394; x_wconf 74' lang='lat' dir='ltr'><strong>Cangii</strong></span> <span class='ocrx_word' id='word_1_767' title='bbox 868 5318 1222 5394; x_wconf 79' lang='lat' dir='ltr'><strong>Glossarium.</strong></span> 
     </span>
    </p>
   </div>
   <div class='ocr_carea' id='block_1_101' title="bbox 358 5389 1174 5458">
    <p class='ocr_par' dir='ltr' id='par_1_101' title="bbox 358 5389 1174 5458">
     <span class='ocr_line' id='line_1_101' title="bbox 358 5389 1174 5458; baseline -0.009 -11"><span class='ocrx_word' id='word_1_768' title='bbox 358 5390 384 5430; x_wconf 69' lang='grc' dir='ltr'>δ</span> <span class='ocrx_word' id='word_1_769' title='bbox 413 5391 563 5447; x_wconf 86' lang='lat' dir='ltr'><strong>Cnlb.</strong></span> <span class='ocrx_word' id='word_1_770' title='bbox 599 5409 670 5446; x_wconf 92' lang='lat' dir='ltr'><strong>m.</strong></span> <span class='ocrx_word' id='word_1_771' title='bbox 701 5401 757 5446; x_wconf 86' lang='lat' dir='ltr'><strong>et</strong></span> <span class='ocrx_word' id='word_1_772' title='bbox 784 5392 994 5458; x_wconf 53' lang='lat' dir='ltr'><strong>Regni”</strong></span> <span class='ocrx_word' id='word_1_773' title='bbox 1020 5389 1174 5440; x_wconf 73' lang='lat' dir='ltr'><strong>circa.</strong></span> 
     </span>
    </p>
   </div>
   <div class='ocr_carea' id='block_1_102' title="bbox 364 5454 1868 5529">
    <p class='ocr_par' dir='ltr' id='par_1_102' title="bbox 364 5454 1868 5529">
     <span class='ocr_line' id='line_1_102' title="bbox 364 5454 1868 5529; baseline -0.01 -9"><span class='ocrx_word' id='word_1_774' title='bbox 364 5474 385 5502; x_wconf 74' lang='grc' dir='ltr'><strong>ε</strong></span> <span class='ocrx_word' id='word_1_775' title='bbox 439 5463 524 5519; x_wconf 86' lang='lat' dir='ltr'><strong>Sic</strong></span> <span class='ocrx_word' id='word_1_776' title='bbox 550 5463 704 5519; x_wconf 83' lang='lat' dir='ltr'><strong>Bec.:</strong></span> <span class='ocrx_word' id='word_1_777' title='bbox 729 5463 840 5529; x_wconf 89' lang='lat' dir='ltr'><strong>alii,</strong></span> <span class='ocrx_word' id='word_1_778' title='bbox 865 5454 1188 5527; x_wconf 66' lang='lat' dir='ltr'><strong>Euerpinum</strong></span> <span class='ocrx_word' id='word_1_779' title='bbox 1215 5455 1357 5529; x_wconf 10' lang='lat' dir='ltr'><strong>7(aut</strong></span> <span class='ocrx_word' id='word_1_780' title='bbox 1389 5454 1756 5529; x_wconf 78' lang='lat' dir='ltr'><strong>Vuerpinmn),</strong></span> <span class='ocrx_word' id='word_1_781' title='bbox 1787 5456 1868 5529; x_wconf 77' lang='lat' dir='ltr'><strong>in-</strong></span> 
     </span>
    </p>
   </div>
   <div class='ocr_carea' id='block_1_103' title="bbox 287 5527 1867 5607">
    <p class='ocr_par' dir='ltr' id='par_1_103' title="bbox 287 5527 1867 5607">
     <span class='ocr_line' id='line_1_103' title="bbox 287 5527 1867 5607; baseline -0.006 -18"><span class='ocrx_word' id='word_1_782' title='bbox 287 5551 610 5607; x_wconf 78' lang='lat' dir='ltr'><strong>gressusque,</strong></span> <span class='ocrx_word' id='word_1_783' title='bbox 676 5527 974 5607; x_wconf 28' lang='lat' dir='ltr'><strong>star-unde</strong></span> <span class='ocrx_word' id='word_1_784' title='bbox 1006 5527 1290 5607; x_wconf 73' lang='lat' dir='ltr'><strong>Dignonius</strong></span> <span class='ocrx_word' id='word_1_785' title='bbox 1319 5544 1385 5584; x_wconf 82' lang='lat' dir='ltr'><strong>ex</strong></span> <span class='ocrx_word' id='word_1_786' title='bbox 1439 5527 1746 5596; x_wconf 88' lang='lat' dir='ltr'><strong>conjectura</strong></span> <span class='ocrx_word' id='word_1_787' title='bbox 1775 5528 1867 5581; x_wconf 87' lang='lat' dir='ltr'><strong>ad-</strong></span> 
     </span>
    </p>
   </div>
   <div class='ocr_carea' id='block_1_104' title="bbox 284 5601 1257 5672">
    <p class='ocr_par' dir='ltr' id='par_1_104' title="bbox 284 5601 1257 5672">
     <span class='ocr_line' id='line_1_104' title="bbox 284 5601 1257 5672; baseline -0.008 -10"><span class='ocrx_word' id='word_1_788' title='bbox 284 5601 732 5668; x_wconf 48' lang='lat' dir='ltr'><strong>diderat&#39;invasit;</strong></span> <span class='ocrx_word' id='word_1_789' title='bbox 762 5605 947 5668; x_wconf 87' lang='lat' dir='ltr'><strong>Ches.,</strong></span> <span class='ocrx_word' id='word_1_790' title='bbox 979 5601 1257 5672; x_wconf 75' lang='lat' dir='ltr'><strong>compeliil.</strong></span> 
     </span>
    </p>
   </div>
   <div class='ocr_carea' id='block_1_105' title="bbox 359 5669 1868 5746">
    <p class='ocr_par' dir='ltr' id='par_1_105' title="bbox 359 5669 1868 5746">
     <span class='ocr_line' id='line_1_105' title="bbox 359 5669 1868 5746; baseline -0.007 -13"><span class='ocrx_word' id='word_1_791' title='bbox 359 5677 385 5715; x_wconf 77' lang='grc' dir='ltr'>ά</span> <span class='ocrx_word' id='word_1_792' title='bbox 411 5679 572 5742; x_wconf 79' lang='lat' dir='ltr'><strong>Editi,</strong></span> <span class='ocrx_word' id='word_1_793' title='bbox 597 5677 840 5746; x_wconf 76' lang='lat' dir='ltr'><strong>pensilem</strong></span> <span class='ocrx_word' id='word_1_794' title='bbox 870 5669 1101 5736; x_wconf 49' lang='lat' dir='ltr'><strong>domum;</strong></span> <span class='ocrx_word' id='word_1_795' title='bbox 1125 5670 1536 5746; x_wconf 81' lang='lat' dir='ltr'><strong>Bec.,pensilent</strong></span> <span class='ocrx_word' id='word_1_796' title='bbox 1563 5669 1764 5746; x_wconf 77' lang='lat' dir='ltr'><strong>domus.</strong></span> <span class='ocrx_word' id='word_1_797' title='bbox 1798 5669 1868 5724; x_wconf 84' lang='lat' dir='ltr'><strong>At</strong></span> 
     </span>
    </p>
   </div>
   <div class='ocr_carea' id='block_1_106' title="bbox 283 5743 1868 5814">
    <p class='ocr_par' dir='ltr' id='par_1_106' title="bbox 283 5743 1868 5814">
     <span class='ocr_line' id='line_1_106' title="bbox 283 5743 1868 5814; baseline -0.004 -11"><span class='ocrx_word' id='word_1_798' title='bbox 283 5745 573 5804; x_wconf 86' lang='lat' dir='ltr'><strong>lectionem</strong></span> <span class='ocrx_word' id='word_1_799' title='bbox 598 5743 864 5810; x_wconf 83' lang='lat' dir='ltr'><strong>nostram,</strong></span> <span class='ocrx_word' id='word_1_800' title='bbox 915 5760 1032 5814; x_wconf 77' lang='lat' dir='ltr'><strong>quae</strong></span> <span class='ocrx_word' id='word_1_801' title='bbox 1068 5756 1148 5798; x_wconf 82' lang='lat' dir='ltr'><strong>eSt</strong></span> <span class='ocrx_word' id='word_1_802' title='bbox 1179 5745 1330 5797; x_wconf 85' lang='lat' dir='ltr'><strong>Colb.</strong></span> <span class='ocrx_word' id='word_1_803' title='bbox 1364 5755 1460 5806; x_wconf 90' lang='lat' dir='ltr'><strong>m.,</strong></span> <span class='ocrx_word' id='word_1_804' title='bbox 1497 5743 1706 5796; x_wconf 85' lang='lat' dir='ltr'><strong>caeteris</strong></span> <span class='ocrx_word' id='word_1_805' title='bbox 1754 5759 1868 5798; x_wconf 84' lang='lat' dir='ltr'><strong>me-</strong></span> 
     </span>
    </p>
   </div>
   <div class='ocr_carea' id='block_1_107' title="bbox 283 5814 1864 5892">
    <p class='ocr_par' dir='ltr' id='par_1_107' title="bbox 283 5814 1864 5892">
     <span class='ocr_line' id='line_1_107' title="bbox 283 5814 1864 5892; baseline -0.005 -14"><span class='ocrx_word' id='word_1_806' title='bbox 283 5816 476 5879; x_wconf 84' lang='lat' dir='ltr'><strong>liorem</strong></span> <span class='ocrx_word' id='word_1_807' title='bbox 507 5826 659 5892; x_wconf 87' lang='lat' dir='ltr'><strong>putat</strong></span> <span class='ocrx_word' id='word_1_808' title='bbox 681 5817 943 5885; x_wconf 84' lang='lat' dir='ltr'><strong>Valesius;</strong></span> <span class='ocrx_word' id='word_1_809' title='bbox 971 5815 1212 5888; x_wconf 87' lang='lat' dir='ltr'><strong>quamvis</strong></span> <span class='ocrx_word' id='word_1_810' title='bbox 1254 5814 1372 5886; x_wconf 78' lang='lat' dir='ltr'><strong>ejus</strong></span> <span class='ocrx_word' id='word_1_811' title='bbox 1411 5829 1627 5870; x_wconf 91' lang='lat' dir='ltr'><strong>sensum</strong></span> <span class='ocrx_word' id='word_1_812' title='bbox 1675 5817 1732 5870; x_wconf 80' lang='lat' dir='ltr'><strong>Se</strong></span> <span class='ocrx_word' id='word_1_813' title='bbox 1761 5816 1864 5870; x_wconf 83' lang='lat' dir='ltr'><strong>non</strong></span> 
     </span>
    </p>
   </div>
   <div class='ocr_carea' id='block_1_108' title="bbox 2049 4737 3556 4806">
    <p class='ocr_par' dir='ltr' id='par_1_108' title="bbox 2049 4737 3556 4806">
     <span class='ocr_line' id='line_1_108' title="bbox 2049 4737 3556 4806; baseline -0.006 -7"><span class='ocrx_word' id='word_1_814' title='bbox 2049 4737 2070 4782; x_wconf 60' lang='grc' dir='ltr'><strong><em>δέ</em></strong></span> <span class='ocrx_word' id='word_1_815' title='bbox 2105 4747 2159 4799; x_wconf 89' lang='lat' dir='ltr'><strong>In</strong></span> <span class='ocrx_word' id='word_1_816' title='bbox 2193 4745 2315 4798; x_wconf 74' lang='lat' dir='ltr'><strong>Bec.</strong></span> <span class='ocrx_word' id='word_1_817' title='bbox 2346 4737 2492 4796; x_wconf 60' lang='lat' dir='ltr'><strong>tl&#39;cest</strong></span> <span class='ocrx_word' id='word_1_818' title='bbox 2519 4757 2621 4796; x_wconf 76' lang='lat' dir='ltr'><strong>vox</strong></span> <span class='ocrx_word' id='word_1_819' title='bbox 2655 4741 2827 4795; x_wconf 75' lang='lat' dir='ltr'><strong>abbas.</strong></span> <span class='ocrx_word' id='word_1_820' title='bbox 2879 4739 2936 4794; x_wconf 88' lang='lat' dir='ltr'><strong>In</strong></span> <span class='ocrx_word' id='word_1_821' title='bbox 2968 4737 3141 4794; x_wconf 88' lang='lat' dir='ltr'><strong>indice</strong></span> <span class='ocrx_word' id='word_1_822' title='bbox 3192 4746 3367 4791; x_wconf 86' lang='lat' dir='ltr'><strong>tamen</strong></span> <span class='ocrx_word' id='word_1_823' title='bbox 3399 4751 3556 4806; x_wconf 87' lang='lat' dir='ltr'><strong>capp.</strong></span> 
     </span>
    </p>
   </div>
   <div class='ocr_carea' id='block_1_109' title="bbox 1971 4813 2700 4883">
    <p class='ocr_par' dir='ltr' id='par_1_109' title="bbox 1971 4813 2700 4883">
     <span class='ocr_line' id='line_1_109' title="bbox 1971 4813 2700 4883; baseline -0.008 -12"><span class='ocrx_word' id='word_1_824' title='bbox 1971 4815 2151 4882; x_wconf 78' lang='lat' dir='ltr'><strong>liabet,</strong></span> <span class='ocrx_word' id='word_1_825' title='bbox 2189 4815 2263 4868; x_wconf 86' lang='lat' dir='ltr'><strong>De</strong></span> <span class='ocrx_word' id='word_1_826' title='bbox 2292 4813 2481 4883; x_wconf 70' lang='lat' dir='ltr'><strong>Dant/&#39;0</strong></span> <span class='ocrx_word' id='word_1_827' title='bbox 2505 4815 2700 4866; x_wconf 78' lang='lat' dir='ltr'><strong>abbate.</strong></span> 
     </span>
    </p>
   </div>
   <div class='ocr_carea' id='block_1_110' title="bbox 2044 4876 3559 4951">
    <p class='ocr_par' dir='ltr' id='par_1_110' title="bbox 2044 4876 3559 4951">
     <span class='ocr_line' id='line_1_110' title="bbox 2044 4876 3559 4951; baseline -0.009 -10"><span class='ocrx_word' id='word_1_828' title='bbox 2044 4888 2064 4926; x_wconf 70' lang='grc' dir='ltr'><em>τ</em></span> <span class='ocrx_word' id='word_1_829' title='bbox 2097 4876 2239 4941; x_wconf 83' lang='lat' dir='ltr'><strong>Idem</strong></span> <span class='ocrx_word' id='word_1_830' title='bbox 2279 4876 2440 4948; x_wconf 47' lang='lat' dir='ltr'><strong>cod.,&#39;</strong></span> <span class='ocrx_word' id='word_1_831' title='bbox 2472 4886 2632 4938; x_wconf 82' lang='lat' dir='ltr'><strong>virum</strong></span> <span class='ocrx_word' id='word_1_832' title='bbox 2669 4881 3096 4951; x_wconf 83' lang='lat' dir='ltr'><strong>adulterum,qui</strong></span> <span class='ocrx_word' id='word_1_833' title='bbox 3136 4880 3186 4933; x_wconf 88' lang='lat' dir='ltr'><strong>in</strong></span> <span class='ocrx_word' id='word_1_834' title='bbox 3227 4887 3362 4934; x_wconf 80' lang='lat' dir='ltr'><strong>terra</strong></span> <span class='ocrx_word' id='word_1_835' title='bbox 3405 4876 3559 4946; x_wconf 81' lang='lat' dir='ltr'><strong>hujus</strong></span> 
     </span>
    </p>
   </div>
   <div class='ocr_carea' id='block_1_111' title="bbox 1971 4955 3552 5028">
    <p class='ocr_par' dir='ltr' id='par_1_111' title="bbox 1971 4955 3552 5028">
     <span class='ocr_line' id='line_1_111' title="bbox 1971 4955 3552 5028; baseline -0.009 -15"><span class='ocrx_word' id='word_1_836' title='bbox 1971 4955 2262 5015; x_wconf 83' lang='lat' dir='ltr'><strong>monasterii</strong></span> <span class='ocrx_word' id='word_1_837' title='bbox 2289 4956 2481 5028; x_wconf 75' lang='lat' dir='ltr'><strong>deberet</strong></span> <span class='ocrx_word' id='word_1_838' title='bbox 2507 4955 2806 5025; x_wconf 78' lang='lat' dir='ltr'><strong>opprimere.</strong></span> <span class='ocrx_word' id='word_1_839' title='bbox 3305 5018 3316 5028; x_wconf 29' lang='grc' dir='ltr'><strong><em>ν</em></strong></span> <span class='ocrx_word' id='word_1_840' title='bbox 3539 5005 3552 5028; x_wconf 33' lang='grc' dir='ltr'><em>ὅ</em></span> 
     </span>
    </p>
   </div>
   <div class='ocr_carea' id='block_1_112' title="bbox 2044 5018 3552 5096">
    <p class='ocr_par' dir='ltr' id='par_1_112' title="bbox 2044 5018 3552 5096">
     <span class='ocr_line' id='line_1_112' title="bbox 2044 5018 3552 5096; baseline -0.005 -18"><span class='ocrx_word' id='word_1_841' title='bbox 2044 5042 2068 5078; x_wconf 76' lang='lat' dir='ltr'><strong>s</strong></span> <span class='ocrx_word' id='word_1_842' title='bbox 2100 5028 2265 5096; x_wconf 87' lang='lat' dir='ltr'><strong>Hujus</strong></span> <span class='ocrx_word' id='word_1_843' title='bbox 2295 5025 2486 5096; x_wconf 89' lang='lat' dir='ltr'><strong>synodi</strong></span> <span class='ocrx_word' id='word_1_844' title='bbox 2519 5018 2774 5086; x_wconf 66' lang='lat' dir='ltr'><strong>cmones,</strong></span> <span class='ocrx_word' id='word_1_845' title='bbox 2830 5032 2882 5096; x_wconf 83' lang='lat' dir='ltr'><strong>et</strong></span> <span class='ocrx_word' id='word_1_846' title='bbox 2917 5035 3117 5096; x_wconf 65' lang='lat' dir='ltr'><strong>eorum</strong></span> <span class='ocrx_word' id='word_1_847' title='bbox 3151 5018 3414 5096; x_wconf 87' lang='lat' dir='ltr'><strong>_nomina,</strong></span> <span class='ocrx_word' id='word_1_848' title='bbox 3464 5018 3552 5096; x_wconf 85' lang='lat' dir='ltr'><strong>qui</strong></span> 
     </span>
    </p>
   </div>
   <div class='ocr_carea' id='block_1_113' title="bbox 1970 5087 3556 5172">
    <p class='ocr_par' dir='ltr' id='par_1_113' title="bbox 1970 5087 3556 5172">
     <span class='ocr_line' id='line_1_113' title="bbox 1970 5087 3556 5172; baseline -0.009 -18"><span class='ocrx_word' id='word_1_849' title='bbox 1970 5087 2492 5172; x_wconf 32' lang='lat' dir='ltr'><strong>ipsiuinierfuérunt,</strong></span> <span class='ocrx_word' id='word_1_850' title='bbox 2546 5095 2666 5150; x_wconf 87' lang='lat' dir='ltr'><strong>vide</strong></span> <span class='ocrx_word' id='word_1_851' title='bbox 2714 5092 2854 5163; x_wconf 90' lang='lat' dir='ltr'><strong>apud</strong></span> <span class='ocrx_word' id='word_1_852' title='bbox 2911 5090 3260 5150; x_wconf 90' lang='lat' dir='ltr'><strong>Sirmondum</strong></span> <span class='ocrx_word' id='word_1_853' title='bbox 3322 5097 3452 5141; x_wconf 90' lang='lat' dir='ltr'><strong>tom.</strong></span> <span class='ocrx_word' id='word_1_854' title='bbox 3489 5087 3502 5140; x_wconf 95' lang='grc' dir='ltr'><strong>Ι</strong></span> <span class='ocrx_word' id='word_1_855' title='bbox 3541 5127 3556 5150; x_wconf 85' lang='grc'><strong>,</strong></span> 
     </span>
    </p>
   </div>
   <div class='ocr_carea' id='block_1_114' title="bbox 1985 5169 3362 5225">
    <p class='ocr_par' dir='ltr' id='par_1_114' title="bbox 1985 5169 3362 5225">
     <span class='ocr_line' id='line_1_114' title="bbox 1985 5169 3362 5225; baseline -0.004 0"><span class='ocrx_word' id='word_1_856' title='bbox 1985 5169 2020 5225; x_wconf 68' lang='grc' dir='ltr'><strong>ἱ.</strong></span> <span class='ocrx_word' id='word_1_857' title='bbox 2053 5169 2177 5223; x_wconf 78' lang='grc'><strong>581.</strong></span> <span class='ocrx_word' id='word_1_858' title='bbox 3359 5218 3362 5220; x_wconf 30' lang='grc' dir='ltr'><strong>ν</strong></span> 
     </span>
    </p>
   </div>
   <div class='ocr_carea' id='block_1_115' title="bbox 1970 5188 3558 5305">
    <p class='ocr_par' dir='ltr' id='par_1_115' title="bbox 1970 5188 3558 5305">
     <span class='ocr_line' id='line_1_115' title="bbox 2007 5188 3362 5224; baseline -0.002 -1"><span class='ocrx_word' id='word_1_859' title='bbox 2007 5211 2020 5224; x_wconf 95' lang='grc'><strong>.</strong></span> <span class='ocrx_word' id='word_1_860' title='bbox 2136 5188 2177 5222; x_wconf 92' lang='grc' dir='ltr'>ι.</span> <span class='ocrx_word' id='word_1_861' title='bbox 3359 5218 3362 5220; x_wconf 30' lang='grc' dir='ltr'><strong>ν</strong></span> 
     </span>
     <span class='ocr_line' id='line_1_116' title="bbox 1970 5188 3558 5305; baseline -0.002 -13"><span class='ocrx_word' id='word_1_862' title='bbox 1970 5188 2001 5240; x_wconf 72' lang='lat' dir='ltr'><strong>p</strong></span> <span class='ocrx_word' id='word_1_863' title='bbox 2040 5188 2224 5302; x_wconf 35' lang='lat' dir='ltr'><strong>hmihi,</strong></span> <span class='ocrx_word' id='word_1_864' title='bbox 2257 5237 2648 5299; x_wconf 75' lang='lat' dir='ltr'><strong>Faustiniantts,</strong></span> <span class='ocrx_word' id='word_1_865' title='bbox 2699 5244 2755 5290; x_wconf 90' lang='lat' dir='ltr'><strong>ut</strong></span> <span class='ocrx_word' id='word_1_866' title='bbox 2783 5249 2941 5305; x_wconf 88' lang='lat' dir='ltr'><strong>supra</strong></span> <span class='ocrx_word' id='word_1_867' title='bbox 2994 5235 3085 5288; x_wconf 87' lang='lat' dir='ltr'><strong>lib.</strong></span> <span class='ocrx_word' id='word_1_868' title='bbox 3117 5245 3238 5305; x_wconf 46' lang='grc' dir='ltr'>λιιι,</span> <span class='ocrx_word' id='word_1_869' title='bbox 3273 5244 3442 5305; x_wconf 26' lang='grc' dir='ltr'><strong>μεεὶρ.-</strong></span> <span class='ocrx_word' id='word_1_870' title='bbox 3467 5229 3558 5294; x_wconf 70' lang='lat' dir='ltr'><strong>3i.</strong></span> 
     </span>
    </p>
   </div>
   <div class='ocr_carea' id='block_1_116' title="bbox 1969 5301 3558 5380">
    <p class='ocr_par' dir='ltr' id='par_1_116' title="bbox 1969 5301 3558 5380">
     <span class='ocr_line' id='line_1_117' title="bbox 1969 5301 3558 5380; baseline -0.011 -12"><span class='ocrx_word' id='word_1_871' title='bbox 1969 5304 2056 5368; x_wconf 82' lang='lat' dir='ltr'><strong>ubi</strong></span> <span class='ocrx_word' id='word_1_872' title='bbox 2087 5301 2220 5380; x_wconf 9' lang='lat' dir='ltr'><strong>ejus,</strong></span> <span class='ocrx_word' id='word_1_873' title='bbox 2249 5309 2514 5362; x_wconf 86' lang='lat' dir='ltr'><strong>ordinatio</strong></span> <span class='ocrx_word' id='word_1_874' title='bbox 2568 5301 2904 5380; x_wconf 78' lang='lat' dir='ltr'><strong>describitur,</strong></span> <span class='ocrx_word' id='word_1_875' title='bbox 2940 5314 2992 5360; x_wconf 91' lang='lat' dir='ltr'><strong>et</strong></span> <span class='ocrx_word' id='word_1_876' title='bbox 3015 5306 3081 5358; x_wconf 92' lang='lat' dir='ltr'><strong>de</strong></span> <span class='ocrx_word' id='word_1_877' title='bbox 3115 5301 3324 5380; x_wconf 77' lang='lat' dir='ltr'><strong>Nicetio</strong></span> <span class='ocrx_word' id='word_1_878' title='bbox 3365 5301 3558 5370; x_wconf 74' lang='lat' dir='ltr'><strong>agitur.</strong></span> 
     </span>
    </p>
   </div>
   <div class='ocr_carea' id='block_1_117' title="bbox 2049 5373 3557 5446">
    <p class='ocr_par' dir='ltr' id='par_1_117' title="bbox 2049 5373 3557 5446">
     <span class='ocr_line' id='line_1_118' title="bbox 2049 5373 3557 5446; baseline -0.009 -9"><span class='ocrx_word' id='word_1_879' title='bbox 2049 5383 2062 5420; x_wconf 74' lang='grc' dir='ltr'><strong>ί</strong></span> <span class='ocrx_word' id='word_1_880' title='bbox 2100 5373 2153 5436; x_wconf 75' lang='lat' dir='ltr'><strong>Id</strong></span> <span class='ocrx_word' id='word_1_881' title='bbox 2200 5391 2280 5436; x_wconf 91' lang='lat' dir='ltr'><strong>est</strong></span> <span class='ocrx_word' id='word_1_882' title='bbox 2320 5395 2498 5433; x_wconf 88' lang='lat' dir='ltr'><strong>rerum</strong></span> <span class='ocrx_word' id='word_1_883' title='bbox 2530 5377 2899 5446; x_wconf 84' lang='lat' dir='ltr'><strong>temporalium</strong></span> <span class='ocrx_word' id='word_1_884' title='bbox 2940 5391 3003 5430; x_wconf 89' lang='lat' dir='ltr'><strong>ac</strong></span> <span class='ocrx_word' id='word_1_885' title='bbox 3033 5373 3436 5446; x_wconf 69' lang='lat' dir='ltr'><strong>possessionum</strong></span> <span class='ocrx_word' id='word_1_886' title='bbox 3467 5386 3557 5423; x_wconf 80' lang='lat' dir='ltr'><strong>cc-</strong></span> 
     </span>
    </p>
   </div>
   <div class='ocr_carea' id='block_1_118' title="bbox 1972 5443 3547 5514">
    <p class='ocr_par' dir='ltr' id='par_1_118' title="bbox 1972 5443 3547 5514">
     <span class='ocr_line' id='line_1_119' title="bbox 1972 5443 3547 5514; baseline -0.011 -4"><span class='ocrx_word' id='word_1_887' title='bbox 1972 5455 2147 5512; x_wconf 72' lang='lat' dir='ltr'><strong>clesite</strong></span> <span class='ocrx_word' id='word_1_888' title='bbox 2177 5469 2286 5508; x_wconf 70' lang='lat' dir='ltr'><strong>sua:</strong></span> <span class='ocrx_word' id='word_1_889' title='bbox 2307 5465 2490 5506; x_wconf 88' lang='lat' dir='ltr'><strong>curam</strong></span> <span class='ocrx_word' id='word_1_890' title='bbox 2525 5443 2762 5503; x_wconf 79' lang='lat' dir='ltr'><strong>haberet.</strong></span> <span class='ocrx_word' id='word_1_891' title='bbox 2797 5447 2915 5514; x_wconf 80' lang='lat' dir='ltr'><strong>ipse</strong></span> <span class='ocrx_word' id='word_1_892' title='bbox 2949 5457 3124 5500; x_wconf 90' lang='lat' dir='ltr'><strong>tamen</strong></span> <span class='ocrx_word' id='word_1_893' title='bbox 3147 5443 3285 5514; x_wconf 86' lang='lat' dir='ltr'><strong>inter</strong></span> <span class='ocrx_word' id='word_1_894' title='bbox 3306 5443 3438 5496; x_wconf 90' lang='lat' dir='ltr'><strong>alios</strong></span> <span class='ocrx_word' id='word_1_895' title='bbox 3462 5460 3547 5512; x_wconf 81' lang='lat' dir='ltr'><strong>an-</strong></span> 
     </span>
    </p>
   </div>
   <div class='ocr_carea' id='block_1_119' title="bbox 1975 5513 3560 5586">
    <p class='ocr_par' dir='ltr' id='par_1_119' title="bbox 1975 5513 3560 5586">
     <span class='ocr_line' id='line_1_120' title="bbox 1975 5513 3560 5586; baseline -0.009 -6"><span class='ocrx_word' id='word_1_896' title='bbox 1975 5529 2167 5581; x_wconf 88' lang='lat' dir='ltr'><strong>tistites</strong></span> <span class='ocrx_word' id='word_1_897' title='bbox 2186 5523 2427 5578; x_wconf 84' lang='lat' dir='ltr'><strong>Concilio</strong></span> <span class='ocrx_word' id='word_1_898' title='bbox 2452 5519 2789 5586; x_wconf 82' lang='lat' dir='ltr'><strong>subscripsit,</strong></span> <span class='ocrx_word' id='word_1_899' title='bbox 2816 5513 2978 5571; x_wconf 83' lang='lat' dir='ltr'><strong>immo</strong></span> <span class='ocrx_word' id='word_1_900' title='bbox 3002 5525 3058 5572; x_wconf 91' lang='lat' dir='ltr'><strong>et</strong></span> <span class='ocrx_word' id='word_1_901' title='bbox 3081 5517 3194 5584; x_wconf 86' lang='lat' dir='ltr'><strong>ipse</strong></span> <span class='ocrx_word' id='word_1_902' title='bbox 3217 5513 3560 5586; x_wconf 57' lang='lat' dir='ltr'><strong>Faustianus,</strong></span> 
     </span>
    </p>
   </div>
   <div class='ocr_carea' id='block_1_120' title="bbox 1970 5584 3562 5665">
    <p class='ocr_par' dir='ltr' id='par_1_120' title="bbox 1970 5584 3562 5665">
     <span class='ocr_line' id='line_1_121' title="bbox 1970 5584 3562 5665; baseline -0.01 -13"><span class='ocrx_word' id='word_1_903' title='bbox 1970 5599 2064 5654; x_wconf 80' lang='lat' dir='ltr'><strong>sed</strong></span> <span class='ocrx_word' id='word_1_904' title='bbox 2097 5599 2182 5665; x_wconf 89' lang='lat' dir='ltr'><strong>qui</strong></span> <span class='ocrx_word' id='word_1_905' title='bbox 2233 5596 2301 5649; x_wconf 87' lang='lat' dir='ltr'><strong>ibi</strong></span> <span class='ocrx_word' id='word_1_906' title='bbox 2336 5592 2528 5665; x_wconf 86' lang='lat' dir='ltr'><strong>dicitur</strong></span> <span class='ocrx_word' id='word_1_907' title='bbox 2570 5584 2752 5665; x_wconf 76' lang='lat' dir='ltr'><strong>sedem</strong></span> <span class='ocrx_word' id='word_1_908' title='bbox 2786 5603 2890 5665; x_wconf 84' lang='lat' dir='ltr'><strong>non</strong></span> <span class='ocrx_word' id='word_1_909' title='bbox 2935 5589 3155 5644; x_wconf 90' lang='lat' dir='ltr'><strong>habere.</strong></span> <span class='ocrx_word' id='word_1_910' title='bbox 3211 5590 3279 5640; x_wconf 81' lang='lat' dir='ltr'><strong>At</strong></span> <span class='ocrx_word' id='word_1_911' title='bbox 3324 5584 3562 5665; x_wconf 63' lang='lat' dir='ltr'><strong>Nicetius</strong></span> 
     </span>
    </p>
   </div>
   <div class='ocr_carea' id='block_1_121' title="bbox 1973 5658 3557 5729">
    <p class='ocr_par' dir='ltr' id='par_1_121' title="bbox 1973 5658 3557 5729">
     <span class='ocr_line' id='line_1_122' title="bbox 1973 5658 3557 5729; baseline -0.011 -5"><span class='ocrx_word' id='word_1_912' title='bbox 1973 5685 2070 5724; x_wconf 90' lang='lat' dir='ltr'><strong>nec</strong></span> <span class='ocrx_word' id='word_1_913' title='bbox 2101 5658 2434 5729; x_wconf 76' lang='lat' dir='ltr'><strong>subscripsit,</strong></span> <span class='ocrx_word' id='word_1_914' title='bbox 2473 5676 2569 5716; x_wconf 89' lang='lat' dir='ltr'><strong>nec</strong></span> <span class='ocrx_word' id='word_1_915' title='bbox 2601 5664 2737 5712; x_wconf 83' lang='lat' dir='ltr'><strong>inter</strong></span> <span class='ocrx_word' id='word_1_916' title='bbox 2763 5661 2894 5714; x_wconf 87' lang='lat' dir='ltr'><strong>alios</strong></span> <span class='ocrx_word' id='word_1_917' title='bbox 2922 5674 3097 5728; x_wconf 89' lang='lat' dir='ltr'><strong>patres</strong></span> <span class='ocrx_word' id='word_1_918' title='bbox 3131 5658 3426 5711; x_wconf 81' lang='lat' dir='ltr'><strong>recensitus</strong></span> <span class='ocrx_word' id='word_1_919' title='bbox 3453 5668 3557 5729; x_wconf 66' lang='lat' dir='ltr'><strong>trs‘l,</strong></span> 
     </span>
    </p>
   </div>
   <div class='ocr_carea' id='block_1_122' title="bbox 1971 5727 3560 5813">
    <p class='ocr_par' dir='ltr' id='par_1_122' title="bbox 1971 5727 3560 5813">
     <span class='ocr_line' id='line_1_123' title="bbox 1971 5727 3560 5813; baseline -0.009 -17"><span class='ocrx_word' id='word_1_920' title='bbox 1971 5740 2110 5813; x_wconf 85' lang='lat' dir='ltr'><strong>quod</strong></span> <span class='ocrx_word' id='word_1_921' title='bbox 2141 5741 2278 5791; x_wconf 83' lang='lat' dir='ltr'><strong>forte</strong></span> <span class='ocrx_word' id='word_1_922' title='bbox 2305 5727 2542 5789; x_wconf 84' lang='lat' dir='ltr'><strong>nondum</strong></span> <span class='ocrx_word' id='word_1_923' title='bbox 2573 5731 2850 5788; x_wconf 85' lang='lat' dir='ltr'><strong>ordinatus</strong></span> <span class='ocrx_word' id='word_1_924' title='bbox 2873 5739 3037 5800; x_wconf 88' lang='lat' dir='ltr'><strong>esset,</strong></span> <span class='ocrx_word' id='word_1_925' title='bbox 3075 5731 3244 5790; x_wconf 77' lang='lat' dir='ltr'><strong>faettts</strong></span> <span class='ocrx_word' id='word_1_926' title='bbox 3267 5743 3330 5784; x_wconf 80' lang='lat' dir='ltr'><strong>ex</strong></span> <span class='ocrx_word' id='word_1_927' title='bbox 3363 5727 3560 5782; x_wconf 81' lang='lat' dir='ltr'><strong>comite</strong></span> 
     </span>
    </p>
   </div>
   <div class='ocr_carea' id='block_1_123' title="bbox 1973 5825 2907 5883">
    <p class='ocr_par' dir='ltr' id='par_1_123' title="bbox 1973 5825 2907 5883">
     <span class='ocr_line' id='line_1_124' title="bbox 1973 5825 2907 5883; baseline -0.014 -15"><span class='ocrx_word' id='word_1_928' title='bbox 1973 5825 2276 5883; x_wconf 76' lang='lat' dir='ltr'><strong>episcopus.</strong></span> <span class='ocrx_word' id='word_1_929' title='bbox 2904 5843 2907 5846; x_wconf 91' lang='lat'><strong>.</strong></span> 
     </span>
    </p>
   </div>
  </div>
