4096 6344
482 315 589 376 ιϐὅ

1452 305 1509 362 8.
1551 300 1877 363 GREGOBII
1915 292 2225 359 EPISCOPI
2262 285 2694 356 TURONENSIS

3664 270 3777 331 ια

484 444 619 503 quas
648 428 702 484 iu
729 425 919 484 exsilio
944 422 1148 498 positus
1195 419 1433 492 scalpsit,
1466 435 1647 476 coram
1686 420 1953 491 episcopis
1981 430 2098 477 ιιι-λ

2202 446 2287 504 [ue
2308 438 2434 488 sunt
2458 430 2508 486 ei
2545 427 2797 496 deinceps
2824 434 3012 480 omnes
3031 433 3143 488 res,
3173 432 3305 491 quas
3330 416 3384 475 in
3412 416 3668 473 Arverno
3703 414 3780 470 de

485 520 693 578 citavit.
722 518 851 588 Qua:
901 515 1213 589 quibusdam
1268 513 1481 585 quidem
1512 513 1840 585 plaeuerant,
1883 527 1915 567 a
1954 510 2072 582 qui-

484 614 712 674 busdam
743 627 874 669 vero
902 652 917 680 ,
967 608 1090 682 quia
1130 617 1301 666 artem
1340 616 1556 665 secutus
1609 608 1830 665 minime
1874 606 2070 676 fuerat,

484 703 1039 779 reprehendebantur.
1066 700 1249 773 Stylus
1276 709 1454 758 tamen
1483 715 1578 772 per
1607 700 1724 757 loca
1742 697 2076 757 ecclesiasti-

489 812 587 856 cus
638 806 693 853 et
717 793 1047 851 rationabilis
1090 801 1226 849 erat.
1272 792 1461 849 Caedes
1490 802 1667 849 autem
1708 807 1898 863 magna
1951 801 2078 848 tunc

492 892 637 949 inter
659 888 890 945 famulos
910 886 1079 943 Prisci
1123 896 1150 926 ι
1176 887 1417 958 episcopi
1470 895 1525 943 et
1571 885 1895 956 Leudegisili
1925 884 2077 942 ducis

493 985 611 1041 fuit.
640 983 852 1039 Priscus
875 990 1053 1038 tamen
1085 980 1371 1052 episcopus
1420 979 1486 1035 ad
1515 980 1862 1037 coemendam
1887 994 2078 1051 pacem

497 1076 722 1134 multum
756 1075 999 1145 pecunia:
1047 1075 1259 1132 obtulit.
1312 1075 1403 1130 llis
1452 1075 1611 1130 etiam
1666 1073 1855 1131 diebus
1906 1074 2079 1131 Gunt-

494 1172 785 1225 chramnus
813 1185 909 1227 rex
938 1170 1173 1241 graviter
1197 1168 1501 1240 aegrotavit,
1549 1167 1618 1224 ita
1648 1176 1710 1223 ut
1752 1175 2029 1239 putaretur
2050 1182 2080 1223 a

491 1259 805 1330 quibusdam
838 1275 943 1316 non
985 1274 1143 1330 posse
1188 1274 1410 1330 prorsus
1446 1259 1675 1315 evadere
1705 1274 1720 1313 :
1753 1260 1892 1330 quod
1922 1259 2084 1317 credo

493 1350 828 1419 providentia
883 1351 982 1407 Dei
1033 1350 1224 1406 fuisset
1273 1348 1368 1424 [It.
1400 1348 1544 1422 fuit].
1602 1348 2082 1423 Cogitabat-enim

493 1442 690 1499 multos
733 1443 1108 1514 episcoporum
1157 1443 1349 1499 exsilio
1408 1443 1714 1499 detrudere.
1771 1443 2087 1499 Theodorus

494 1533 675 1604 itaque
699 1536 1019 1606 episcopus,
1052 1536 1117 1592 ad
1156 1536 1343 1592 urbem
1376 1552 1525 1593 suam
1548 1552 1847 1609 regressus,
1874 1536 2088 1595 favente

502 1628 649 1682 omni
680 1627 883 1697 populo
909 1644 1029 1684 cum
1059 1628 1214 1684 laude
1240 1639 1520 1699 susceptus
1550 1640 1651 1687 est.

570 1719 711 1775 XXI.
765 1719 945 1791 Itaque
974 1735 1094 1777 cum
1127 1721 1244 1777 haec
1280 1722 1521 1794 synodus
1551 1731 1822 1792 ageretur,
1866 1722 2087 1778 Childe-

495 1814 682 1871 bertus
709 1830 804 1871 rex
833 1816 972 1887 apud
1004 1817 1393 1873 Belsonancum
1424 1816 1601 1873 villam
1635 1823 1661 1856 υ
1684 1857 1701 1884 ,
1741 1833 1861 1887 qua:
1890 1819 1941 1871 in
1970 1831 2084 1873 tue-
2114 1804 2163 1865 Β

499 1906 590 1963 dio
632 1906 1034 1964 Ardoennensis
1060 1909 1211 1964 silvae
1239 1912 1339 1964 sita
1369 1918 1474 1976 est,
1516 1924 1635 1963 eum
1666 1909 1777 1964 suis
1807 1909 2088 1981 conjungi-

498 2008 609 2056 tur.
651 2000 835 2061 lbiaue
878 2000 1238 2057 Bruniebildis
1281 2004 1465 2074 regina
1516 2018 1613 2073 pro
1666 2002 1903 2073 lngunde
1956 2002 2087 2070 filia,

500 2108 622 2167 qua:
651 2094 827 2150 adhuc
853 2096 907 2151 in
940 2096 1117 2151 Africa
1140 2097 1445 2163 tenebatur,
1473 2095 1639 2168 394
1667 2096 1915 2152 omnibus
1945 2096 2093 2166 prio-

498 2186 651 2243 ribus
676 2196 865 2257 questa
891 2197 973 2245 est
1008 2205 1022 2244 :
1056 2190 1148 2245 sed
1184 2204 1371 2260 parum
1403 2188 1789 2245 consolationis
1834 2189 2086 2245 emeruit.

499 2277 652 2336 Tunc
680 2290 866 2337 contra
905 2280 1171 2339 Bosonem
1212 2283 1677 2339 Guntchramnum
1708 2297 1871 2339 causa
1899 2282 2090 2340 exori-

501 2380 611 2429 tur.
652 2375 793 2429 Ante
818 2388 1016 2443 paucos
1039 2384 1217 2431 autem
1245 2375 1365 2431 dies
1389 2384 1597 2431 mortua
1631 2375 1933 2446 propinqua
1961 2389 2097 2430 uxo-

498 2461 580 2519 ris
609 2462 726 2534 ejus
752 2464 871 2521 sine
896 2466 1037 2534 filiis,
1069 2466 1125 2522 in
1148 2468 1367 2524 basilica
1401 2469 1549 2524 urbis
1579 2469 1857 2524 Mettensis
1884 2468 2092 2539 sepulta

500 2563 587 2610 est
611 2569 733 2610 cum
761 2557 1055 2626 grandibus
1068 2560 1401 2615 ornamentis
1424 2570 1479 2617 et
1508 2561 1680 2616 multo
1701 2576 1855 2616 auro.
1874 2560 2091 2617 Factum

501 2654 590 2704 est
657 2656 857 2715 autem,
895 2656 955 2703 ut
995 2661 1115 2719 post
1150 2652 1266 2708 dies
1312 2666 1513 2723 paucos
1556 2653 1775 2709 adesset
1827 2654 2094 2710 festivitas

506 2737 650 2794 beati
674 2736 902 2810 Remigii
940 2751 963 2779 ε
988 2781 1004 2807 ,
1037 2756 1156 2812 quae
1185 2743 1235 2798 in
1267 2742 1421 2799 initio
1451 2745 1650 2801 mensis
1675 2744 1924 2801 Octobris
1953 2745 2097 2802 cele-

506 2827 711 2886 bratur.
756 2831 1168 2889 Discedentibus
1192 2834 1218 2872 ά
1243 2846 1422 2892 autem
1465 2838 1648 2893 multis
1675 2852 1706 2893 e
1734 2837 1948 2893 civitate
1973 2852 2096 2894 cum

504 2923 780 2995 episcopo,
824 2933 880 2981 et
908 2927 1209 2997 praesertim
1257 2928 1558 2984 senioribus
1604 2929 1747 2986 urbis
1778 2945 1898 2985 cum
1937 2930 2092 2997 duce,

504 3024 777 3072 venerunt
799 3019 951 3088 pueri
1002 3020 1228 3076 Bosonis
1261 3021 1647 3078 Guntchramni
1690 3022 1756 3077 ad
1795 3022 2093 3091 basilicam,

506 3114 562 3170 in
591 3130 693 3186 qua
724 3116 923 3171 mulier
951 3127 1066 3173 erat
1097 3120 1326 3189 sepulta.
1358 3119 1610 3189 lngressi,
1634 3119 1903 3175 conclusis
1932 3132 2097 3189 super

2177 524 2294 583 ﬁsci
2345 536 2571 580 munere
2621 522 3013 591 promeruerat.
3069 513 3173 569 Sed
3212 523 3263 568 et
3292 512 3629 567 diversorqu
3687 522 3784 565 res

2177 633 2310 690 quas
2337 615 2480 672 male
2502 617 2833 684 pervaserat,
2865 623 2989 665 cum
3010 602 3329 663 confusione
3355 602 3594 673 reliquit.

2250 706 2419 763 XXll.
2491 704 2671 761 Laban
2729 701 3040 758 Helosensls
3103 697 3389 768 episcopus
3422 690 3792 748 'hoc‘anno

2179 799 2335 859 obiit.
2382 797 2478 853 Cui
2524 794 2834 852 Desiderius
2863 808 2932 849 ex
2972 791 3109 847 laico
3137 787 3415 845 successit.
3457 785 3594 842 Cum
3622 786 3795 855 jure-

2178 896 2406 969 iurando
2432 895 2577 952 enim
2608 908 2704 949 rex
2744 891 3017 962 pollicitus
3047 887 3262 955 fuerat,
3316 900 3375 941 se
3404 897 3690 954 uuuquam
3720 895 3796 935 ex

2182 990 2335 1045 laicis
2384 990 2699 1059 episc0pum
2752 984 3149 1040 ordinaturum.
3209 978 3316 1037 Sed
3373 977 3496 1049 quid
3552 986 3798 1046 pectora

2184 1084 2417 1141 humana
2445 1085 2607 1157 395
2633 1097 2739 1138 non
2786 1089 2942 1152 cogat
2996 1077 3112 1135 auri
3167 1090 3320 1133 sacra
3366 1072 3573 1131 fames?
3621 1073 3802 1127 Bert-

2184 1180 2475 1236 chramnus
2506 1193 2633 1234 vero
2663 1189 2941 1248 regressus
2968 1190 3035 1230 ex
3065 1171 3306 1244 synodo,
3345 1185 3375 1226 a
3418 1167 3571 1223 febre
3600 1165 3803 1222 corri-

2186 1274 2356 1345 pitur;
2409 1271 2774 1341 arcessitoque
2804 1267 3073 1325 Waldone
3096 1266 3342 1330 diacono,
3377 1262 3466 1333 qui
3493 1270 3550 1317 et
3578 1261 3709 1328 ipse
3741 1258 3803 1313 in

2186 1368 2452 1437 baptismo
2495 1364 2915 1419 Bertchramuus
2961 1360 3228 1415 vocitatus
3269 1366 3371 1423 est,
3421 1370 3698 1411 summam
3746 1352 3805 1408 ei

2187 1456 2473 1516 sacerdotii
2505 1456 2745 1524 deputat,
2778 1467 3074 1523 omnesque
3094 1450 3449 1513 conditiones,
3477 1456 3583 1501 tam
3615 1454 3807 1499 testa-

2190 1549 2357 1607 menti
2399 1563 2561 1621 quam
2611 1546 3064 1604 benemeritorutn
3109 1558 3361 1607 suorum,
3394 1540 3490 1611 ipsi
3531 1540 3809 1594 commit-

2187 1645 2274 1700 tit.
2322 1641 2438 1710 Quo
2476 1640 2811 1709 discedente,
2862 1638 2948 1693 hic
3004 1636 3248 1706 spiritum
3307 1633 3575 1688 exhalavit
3606 1629 3647 1683 τ.
3689 1630 3810 1687 Re—

2189 1748 2407 1805 gressus
2431 1732 2691 1788 diaconus
2712 1746 2832 1786 cum
2859 1728 3170 1785 muneribus
3197 1734 3251 1782 et
3276 1739 3543 1780 consensu
3576 1723 3805 1779 civium

2189 1828 2253 1884 ad
2283 1842 2463 1897 regem
2489 1832 2765 1895 properat,
2783 1821 2877 1878 sed
2896 1820 3030 1875 nihil
3057 1818 3311 1875 obtinuit.
3336 1815 3486 1871 Tunc
3509 1828 3630 1879 rex,
3660 1813 3807 1868 data

2190 1919 2578 1993 praeceptione,
2599 1916 2764 1988 jussit
2791 1912 3196 1984 Gundegisilum
3224 1908 3577 1969 Santonicum
3612 1906 3808 1961 comi-

2193 2022 2323 2080 tem,
2383 2016 2744 2081 coguomeuto
2793 2005 3095 2070 Dodonem,
3135 2003 3447 2074 episcopum
3496 1998 3747 2055 ordinari
3785 2013 3806 2055 :

2191 2114 2511 2177 gestumque
2548 2112 2630 2158 est
2659 2101 2753 2155 ita.
2796 2098 2865 2153 Et
2888 2098 3012 2169 quia
3052 2096 3205 2151 inulti
3248 2094 3564 2151 clericorum
3596 2092 3811 2148 Santo-

2193 2199 2441 2256 nicorum
2485 2206 2608 2252 ante
2649 2193 2913 2266 synodum
2954 2191 3355 2247 consentientes
3402 2189 3813 2244 Bertchramno

2194 2292 2470 2363 episcopo,
2504 2289 2557 2345 in
2594 2287 2893 2344 Palladium
2926 2284 3262 2340 sacerdotem
3296 2297 3452 2337 suum
3483 2280 3665 2350 aliqua
3697 2279 3812 2334 ad-

2194 2398 2351 2441 versa
2385 2380 2840 2450 conscripserant,
2900 2392 3020 2448 quae
3069 2377 3118 2432 ei
3166 2374 3522 2431 humilitatem
3575 2374 3812 2443 ingere-

2196 2483 2336 2540 rent,
2370 2481 2494 2545 post
2525 2472 2640 2542 ejus
2671 2471 2877 2526 obitum
2907 2466 3235 2538 apprehensi
3263 2481 3292 2521 a
3322 2465 3632 2530 sacerdote,
3667 2479 3815 2533 gra-

2196 2567 2335 2622 viter
2384 2564 2511 2621 cassi
2540 2574 2702 2633 atque
2751 2561 3033 2632 exspoliati
3080 2569 3223 2614 sunt.
3277 2558 3390 2614 Hoc
3441 2566 3685 2627 tempore
3748 2562 3813 2611 et

2196 2657 2583 2722 Wandelinus,
2630 2655 2860 2711 nutritor
2909 2652 3244 2709 Childeberti
3299 2650 3466 2721 regis,
3499 2649 3665 2715 obiit;
3693 2648 3809 2703 scd

2198 2750 2254 2805 in
2284 2752 2459 2805 locum
2488 2748 2605 2819 ejus
2634 2748 2811 2803 nullus
2841 2756 2924 2802 est
2954 2745 3303 2815 subrogatus,
3337 2758 3404 2799 eo
3433 2742 3572 2814 quod
3605 2741 3813 2811 regina

2199 2850 2371 2899 mater
2407 2855 2594 2897 curam
2632 2839 2761 2895 velit
2799 2839 3074 2911 propriam
3113 2837 3314 2892 habere
3358 2835 3428 2891 de
3469 2834 3591 2888 tilio.
3632 2834 3815 2900 Qua-

2199 2950 2412 3007 cunque
2455 2934 2525 2990 de
2578 2934 2708 2989 fisco
2760 2932 2976 2996 meruit,
3025 2930 3140 2986 fisci
3179 2929 3390 2999 juribus
3439 2936 3552 2983 sunt
3590 2926 3811 2982 relata.

2199 3028 2343 3085 Obiit
2367 3028 2447 3082 his
2469 3025 2655 3081 diebus
2684 3023 3015 3094 Bodegisilus
3042 3030 3067 3069 Β
3089 3021 3193 3077 dux
3219 3021 3410 3091 plenus
3432 3018 3658 3083 dierum,
3688 3019 3809 3074 sed

2204 3120 2341 3177 nihil
2368 3121 2435 3176 de
2465 3118 2722 3174 facultate
2762 3116 2878 3187 ejus
2912 3114 3038 3170 filiis
3068 3112 3330 3168 minutum
3378 3120 3480 3167 cst.
3512 3111 3570 3165 ιιι
3610 3109 3807 3166 locum

506 3221 602 3264 eos
622 3207 797 3275 ostiis,
844 3188 1169 3269 detexerunt
1194 3188 1524 3283 sepulcrum,
1575 3213 1828 3269 tollentes
1858 3221 1913 3269 et
1942 3188 2097 3269 aufe-
2127 3188 2174 3253 (ἶ
2208 3217 2386 3273 Fausti
2438 3212 2729 3271 Auscensis
2782 3208 3041 3282 episcopi,
3100 3206 3298 3263 Fabius
3326 3203 3661 3277 hepise0pus
3708 3214 3811 3262 est

509 3310 690 3359 rentes
722 3304 901 3359 omnia
928 3315 1243 3362 ornamenta
1290 3307 1532 3377 corporis
1575 3306 1838 3375 defuncti,
1869 3324 1988 3378 qua:
2017 3323 2101 3364 re-

509 3393 691 3462 perire
742 3405 1053 3462 potuerunt.
1102 3397 1410 3453 Sentientes
1464 3408 1641 3455 autem
1693 3399 1807 3454 haec
1851 3398 2101 3454 monachi

510 3483 751 3541 basilica:
780 3486 946 3554 illius,
978 3499 1243 3546 venerunt
1271 3491 1335 3544 ad
1365 3490 1597 3558 ostium;
1638 3490 1731 3546 sed
1762 3491 1966 3561 ingredi
1996 3506 2102 3547 non

511 3584 639 3632 sunt
681 3579 958 3648 permissi.
1015 3580 1168 3648 Quod
1216 3582 1483 3650 videntes,
1548 3586 1929 3640 nuntiaverunt
1987 3586 2105 3641 hrec

511 3672 766 3743 episcopo
788 3687 887 3729 suo
917 3687 981 3730 ac
1013 3673 1157 3731 duci.
1206 3676 1414 3732 Interea
1445 3676 1618 3747 pueri,
1652 3678 1891 3748 acceptis
1918 3678 2102 3746 rebus,

515 3768 863 3840 ascensisque
906 3771 1083 3842 equis,
1124 3769 1310 3843 fugere
1339 3780 1652 3841 coeperunt;
1706 3772 1801 3828 sed
1852 3773 2107 3829 timentes

516 3876 586 3919 ne
614 3864 939 3934 apprehensi
980 3866 1033 3921 in
1078 3866 1163 3920 via
1213 3865 1447 3921 diversis
1485 3859 1873 3931 subigerentur
1900 3867 2105 3934 poenis,

515 3956 749 4026 regressi
772 3966 898 4012 sunt
926 3956 993 4011 ad
1025 3956 1322 4013 basilicam.
1352 3957 1759 4029 Posueruntque
1783 3958 1997 4028 quidem
2019 3972 2109 4013 res

514 4062 678 4119 super
706 4049 979 4117 altarium,
1018 4050 1112 4105 sed
1139 4049 1283 4105 foras
1312 4050 1497 4121 egredi
1539 4066 1646 4106 non
1675 4062 1797 4105 sunt
1829 4048 1969 4119 ausi,
2000 4050 2111 4105 cla-

515 4151 730 4197 mantes
757 4150 919 4213 atque
944 4140 1204 4205 dicentes,
1252 4142 1374 4213 quia
1401 4157 1432 4197 a
1463 4129 1869 4199 Guntehramno
1898 4142 2110 4198 Bosone

516 4234 821 4289 transmissi
871 4248 1079 4290 sumus.
1136 4233 1243 4291 Sed
1280 4248 1402 4289 cum
1448 4234 1514 4289 ad
1559 4234 1811 4305 placitum
1843 4233 1897 4290 iu
1928 4235 2108 4291 villam

518 4337 678 4387 quam
726 4325 979 4385 diximus.
1032 4326 1409 4383 Childebertus
1462 4342 1582 4382 cum
1641 4328 1955 4393 proceribus
2000 4332 2111 4387 suis

519 4419 884 4483 convenisset,
938 4427 992 4473 et
1035 4418 1476 4475 Guutchramnus
1522 4421 1590 4475 de
1629 4422 1714 4475 his
1744 4422 2111 4490 interpellatus

524 4509 731 4566 nullum
776 4526 1092 4582 responsum
1122 4511 1382 4583 dedisset,
1426 4515 1562 4569 clam
1608 4512 1813 4586 aufugit
1846 4530 1860 4571 :
1893 4516 2112 4573 ablatae-

2203 3310 2543 3375 subrogatus.
2574 3305 2704 3359 Post
2726 3302 2931 3358 obitum
2962 3300 3133 3357 sancti
3160 3299 3344 3366 Salvii,
3381 3299 3485 3354 hoc
3511 3314 3650 3354 anno
3681 3297 3810 3355 De-

2205 3402 2473 3458 sideratus
2496 3396 2875 3469 Albigensibus
2896 3395 3181 3465 episcopus
3202 3392 3357 3447 datus
3379 3401 3461 3447 est
3488 3389 3531 3446 ί.

2274 3491 2467 3548 Xthl.
2495 3490 2697 3561 Magna:
2723 3495 2825 3545 hoc
2848 3503 2990 3542 anno
3018 3485 3213 3557 pluviae
3237 3484 3473 3549 fuerunt,
3498 3496 3808 3551 amnesque

2207 3588 2260 3644 in
2287 3595 2490 3642 tantum
2513 3583 2923 3648 convaluerunt,
2950 3589 3007 3636 ut
3030 3579 3344 3651 plerumque
3372 3577 3643 3647 naufragia
3672 3590 3811 3631 eve-

2208 3684 2406 3738 nirent.
2441 3682 2653 3753 ipsique
2685 3681 2867 3735 littora
2904 3676 3256 3741 excedentes,
3287 3674 3614 3746 prepinquas
3643 3685 3813 3741 sege-

2208 3786 2289 3832 tes
2319 3791 2381 3831 ac
2412 3785 2562 3846 prata
2593 3772 2923 3844 opericntes,
2955 3770 3193 3842 graviter
3215 3767 3509 3824 eliserunt:
3555 3764 3811 3819 fuerunt-

2208 3882 2313 3939 que
2343 3868 2590 3923 vernales
2616 3864 2895 3935 aestiviquc
2921 3878 3138 3919 menses
3164 3871 3270 3916 tam
3297 3857 3504 3930 irrigui,
3527 3864 3584 3913 ut
3606 3855 3811 3927 hyems

2209 3961 2379 4033 magis
2402 3969 2676 4029 putaretur
2702 3971 2824 4015 esse
2854 3970 3012 4028 quam
3044 3964 3223 4010 aestas.

2281 4050 2475 4109 XXIV.
2509 4051 2638 4107 Duae
2668 4051 2771 4106 hoc
2795 4064 2938 4105 anno
2968 4048 3158 4104 insula:
3180 4046 3233 4101 in
3260 4045 3395 4101 mari
3426 4042 3691 4099 divinitus
3722 4040 3815 4096 in-

2211 4146 2404 4205 cendio
2434 4154 2791 4201 concremata:
2820 4149 2945 4197 sunt
2974 4157 2988 4195 :
3014 4155 3131 4211 qua:
3175 4153 3273 4210 per
3299 4137 3415 4193 dies
3447 4144 3651 4207 septem
3676 4147 3811 4187 cum

2213 4239 2524 4296 hominibus
2549 4236 2936 4309 pecoribusque
2962 4242 3296 4303 consumptae
3323 4227 3811 4287 snbvertebantur.

2218 4333 2352 4390 Nam
2382 4332 2471 4404 qui
2510 4333 2562 4387 in
2596 4345 2744 4386 mare
2786 4328 3171 4397 confugerant,
3200 4335 3255 4382 et
3291 4340 3351 4381 se
3382 4326 3435 4379 in
3482 4322 3811 4394 profundum

2217 4426 2636 4499 praecipitabant,
2682 4424 2735 4479 in
2768 4422 2880 4493 ipsa
2908 4438 3012 4493 qua
3044 4419 3424 4490 mergebantur
3462 4432 3598 4487 aqua
3641 4414 3814 4487 396

2217 4518 2695 4584 consumebantur,
2741 4514 3079 4586 graviorique
3109 4511 3396 4583 supplicio,
3424 4511 3512 4581 qui
3542 4525 3650 4564 non
3675 4522 3816 4564 cou-

596 4686 622 4715 ι
650 4675 697 4732 Is
720 4682 836 4731 erat
875 4671 1160 4747 episcopus
1180 4745 1189 4747 ξ
1210 4672 1604 4747 Lugdunensis,
1638 4675 1726 4744 qui
1773 4674 2000 4744 primum
2032 4675 2112 4731 lo'-
2147 4679 2200 4741 D
2227 4676 2654 4747 vempopulanize
2684 4674 3191 4747 metropolisierat,
3242 4686 3346 4747 qua
3376 4669 3559 4724 exc‘sa
3588 4666 3819 4747 hazedi-

524 4764 645 4805 eum
679 4748 733 4802 in
757 4745 1285 4819 synodvohtinebat.
1334 4746 1408 4819 De
1439 4745 1539 4800 hoc
1566 4760 1729 4817 supra
1765 4748 1855 4802 lib.
1892 4762 1963 4816 tv,
1990 4763 2111 4819 cap.

524 4822 613 4884 56,
639 4829 691 4874 et
723 4819 775 4871 in
797 4816 944 4872 'Vitis
972 4816 1209 4884 Patrum,
1241 4832 1357 4885 cap.
1384 4818 1436 4871 8.

600 4891 627 4929 δ
650 4888 963 4958 Suspicatur
984 4888 1215 4944 Ortelius
1246 4888 1331 4943 hic
1360 4888 1626 4959 designari
1649 4889 1898 4959 oppidum
1927 4890 2110 4945 Baste-

526 4979 742 5023 nacutn.
792 4961 934 5033 quod
974 4960 1161 5033 incola:
1195 4959 1351 5027 vulgo
1387 4958 1664 5033 Basloigue
1707 4962 1996 5030 appellant.
2047 4962 2114 5017 Et

526 5037 742 5103 quidem
772 5030 935 5090 Gesta
964 5030 1337 5103 episcoporum
1370 5030 1937 5103 Autissiodurensium,
1994 5033 2114 5102 ipso

529 5102 748 5162 Yalesio
772 5113 1018 5166 testante,
1057 5102 1355 5157 Bostoniam
1384 5102 1558 5157 villam
1586 5105 1737 5157 sitam
1768 5104 1821 5156 in
1850 5106 1989 5158 saltu
2014 5104 2115 5157 Ar-

531 5178 748 5233 duenna:
785 5182 1121 5242 memorant,
1153 5189 1271 5243 qum
1317 5174 1478 5228 hodie
1507 5173 1645 5227 haud
1679 5175 1856 5240 procul
1886 5175 1954 5229 ab
1985 5174 2116 5231 Urta

530 5250 694 5328 fluvio
714 5258 780 5330 et.
797 5246 1087 5302 Arduenna
1112 5245 1243 5301 silva
1268 5246 1440 5317 posita
1458 5253 1561 5312 Bal,
1592 5248 1641 5300 in
1666 5244 1860 5300 ducatu
1886 5246 2119 5302 Lusem-

531 5330 803 5375 DIII'EGDSI.

626 5337 816 5445 ἕ
847 5404 920 5444 m.
948 5398 1001 5444 et
1023 5388 1235 5461 Regm.,
1270 5385 1519 5461 Remedii.

628 5460 806 5515 dEditi
848 5468 903 5514 et
946 5456 1129 5524 Bec.,'
1148 5459 1601 5513 Descendentibus.
1650 5456 1718 5511 Et
1755 5458 1967 5528 quidem
2012 5458 2121 5515 for-

539 5538 683 5588 tasse
712 5529 1145 5597 descendendum
1190 5539 1306 5585 erat
1342 5530 1592 5585 adeundo
1624 5529 1892 5584 basilicam
1934 5540 2120 5585 extra-

542 5617 841 5665 murauam,
874 5601 926 5656 iu
958 5616 1058 5670 qua
1104 5600 1272 5656 sancti
1306 5600 1529 5672 Remigii
1574 5599 1837 5655 festivitas
1876 5602 2119 5657 celebra-

538 5674 714 5755 batur.
747 5672 880 5755 Nam
908 5680 964 5728 et
992 5672 1217 5755 ecclesia
1242 5672 1566 5729 cathedralis
1601 5672 1760 5729 etiam
1791 5686 1932 5728 nunc
1957 5686 2117 5744 supra

533 5754 772 5806 ιιιοιιιθιιι
803 5751 900 5799 sita
931 5751 1032 5799 est.

611 5824 639 5860 ³
667 5815 727 5878 ω
752 5823 835 5877 est
873 5814 1159 5876 Elusantts.
1188 5811 1377 5888 Ειυω,
1418 5816 1578 5888 vulgo
1606 5816 1795 5878 Eause.
1842 5819 1963 5876 olim
2010 5817 2116 5877 No-

2221 4738 2397 4819 gnitas
2427 4738 2494 4802 ἰιι
2541 4738 2894 4819 Ausciensem
2934 4741 3146 4819 rurhem'
3178 4738 3433 4819 translata
3475 4748 3577 4819 est:
3628 4738 3816 4819 baban

2220 4810 2535 4889 subscripsit
2567 4817 2777 4874 Concil.
2824 4817 2994 4883 Paris,
3045 4830 3115 4881 tv,
3148 4831 3235 4870 an.
3288 4814 3416 4883 575,
3445 4819 3502 4867 et
3533 4810 3743 4866 Matisc.
3778 4826 3819 4867 ιι

2223 4905 2317 4941 uer
2344 4903 2496 4941 suum
2532 4891 2780 4941 missum.
2810 4904 2899 4941 au.
2924 4886 3052 4941 585.

2222 4905 2317 4960 per
2344 4903 2496 4944 suum
2532 4891 2780 4954 missum,
2810 4904 2899 4943 au.
2924 4889 3052 4944 585.

2296 4958 2314 4998 ί
2348 4960 2645 5041 Bertramni
2687 4961 2842 5041 hujus
2871 4956 3277 5041 Burdegalensis
3322 4953 3563 5041 episcopi
3579 4961 3814 5041 ,μιξοθρ-

2219 5047 2337 5087 rum
2387 5023 2787 5157 nggre,211'tudes
2834 5023 3177 5102 prosequitur
3227 5023 3555 5083 Fortunatus
3598 5023 3691 5079 lib.
3728 5038 3820 5091 nt,

2220 5118 2376 5158 cano.
2505 5112 2557 5158 et
2659 5141 2673 5155 .

2220 5118 2376 5173 capp.
2407 5118 2477 5157 τιυ
2505 5118 2557 5158 et
2581 5118 2673 5156 2|.

2293 5183 2320 5223 8
2353 5174 2520 5241 Hujus
2577 5172 2878 5231 encomium
2934 5172 3149 5244 scripsit
3204 5171 3487 5227 Fortunat.
3538 5166 3634 5223 lib.
3693 5179 3821 5233 vit,

2223 5260 2405 5372 eam}:
2426 5246 2580 5373 ἕλη).
2631 5334 2704 5374 m.
2735 5325 2788 5373 et
2814 5316 3028 5387 Regnu,
3077 5315 3314 5387 Sabina,
3337 5312 3462 5387 399-
3488 5355 3505 5387 ι
3535 5308 3691 5364 Sam
3724 5308 3823 5362 ὑπ’

2231 5391 2557 5515 Ξιὲιὲγοθαιιιιθ.
2598 5390 2827 5445 Faustus
2855 5384 3102 5444 interfuit
3137 5385 3339 5443 Concil.
3384 5384 3591 5439 Matisc.
3626 5394 3684 5446 ιι,
3722 5392 3823 5434 an.

2314 5500 2501 5587 ἴἰιιιιιι
2540 5540 2823 5602 utrumque
2869 5530 3035 5602 aliqui
3082 5529 3277 5602 locant
3304 5522 3677 5602 Theofridum,
3725 5519 3827 5601 qui

2232 5603 2369 5658 forte
2408 5604 2713 5671 aliquandiu
2739 5595 2929 5657 sedem
2961 5595 3327 5669 occupaverit.
3364 5599 3497 5671 Hinc
3527 5595 3827 5671 Gregorius

2231 5674 2400 5803 Salvi‘i
2440 5665 2664 5733 mortem
2714 5688 2855 5730 anno
2903 5665 3229 5747 prarcedenti
3280 5670 3561 5743 cousiguat
3588 5665 3686 5725 lib.
3721 5678 3824 5740 vn,

2227 5760 2347 5803 can.
2408 5784 2428 5803 .

2290 5760 2347 5820 p.
2375 5760 2428 5804 ι.
