4096 6344
287 369 400 430 485

1183 369 1506 431 HISTORIA
1543 365 1987 429 FRANCORUM.
2031 366 2228 428 LIBER
2265 371 2600 437 OCTAVUS.

3456 391 3566 455 ιω

283 488 473 548 testim
495 488 813 547 emittebant
859 489 1129 562 spiritum,
1175 492 1488 548 urebantur.
1532 489 1892 559 Redactisque
1919 487 1970 547 Α
1999 504 2225 550 matrem
2279 498 2424 569 ejus,
2482 501 2735 559 velociter
2779 501 3101 578 interimite,
3155 514 3210 565 et
3262 522 3384 567 cum
3438 526 3569 584 rege

282 583 540 641 omnibus
566 584 618 639 in
643 583 898 652 favillam,
945 594 1136 640 cuncta
1169 599 1317 642 mare
1344 585 1575 656 operuit.
1610 584 1876 640 Ferebant

287 678 458 735 etiam
491 677 644 732 multi
675 676 844 746 signa,
893 692 1010 745 qua:
1040 678 1287 748 superius
1317 692 1416 733 nos
1445 679 1645 733 vidisse
1685 688 1876 733 octavo

285 785 478 828 tneuse
517 785 848 825 narravimus
881 771 1032 840 (Cap.
1061 771 1094 826 8
1121 780 1168 826 et
1201 771 1308 842 I7),
1343 771 1494 842 quasi
1522 770 1735 827 arderet
1761 784 1874 827 coe-

283 860 421 929 lum,
451 875 515 916 ex
543 860 700 932 hujus
723 862 951 916 incendii
975 862 1261 932 splendore
1289 862 1469 918 fuisse.

361 951 531 1006 XXV.
575 949 632 1006 In
659 953 761 1007 alia
791 967 920 1008 vero
949 953 1120 1007 insula
1143 994 1158 1018 ,
1204 969 1322 1022 qua:
1351 963 1430 1010 est
1461 953 1703 1024 proxima
1747 953 1875 1009 civi-

286 1045 381 1100 tati
416 1047 719 1112 Veneticze,
761 1057 876 1102 erat
930 1056 1178 1118 stagnum
1229 1048 1483 1116 validum,
1532 1048 1872 1118 piscibusque

283 1139 566 1204 refertum,
611 1139 751 1210 quod
792 1140 844 1195 in
883 1141 1041 1195 unius
1093 1142 1230 1196 uiuat
1269 1141 1600 1197 altitudinem
1650 1157 1871 1198 conver-

280 1247 404 1286 sum
437 1241 518 1289 est
546 1233 598 1287 in
629 1248 876 1289 cruorem
909 1252 921 1288 :
953 1236 1024 1290 ita
1053 1250 1148 1306 per
1177 1236 1292 1291 dies
1322 1236 1519 1290 multos
1537 1243 1870 1306 congregata

279 1339 479 1380 canum
524 1334 684 1396 atque
726 1327 903 1381 avium
951 1327 1344 1383 inaestimabilis
1385 1327 1687 1392 multitudo,
1741 1342 1869 1384 san-

279 1417 500 1487 guinem
534 1419 673 1474 hunc
695 1419 955 1485 lambens,
988 1419 1177 1488 satiata
1207 1420 1417 1476 redibat
1442 1420 1493 1474 in
1524 1435 1829 1490 vesperum.

358 1511 548 1568 XXVI.
597 1512 876 1570 'l‘uronicis
928 1528 1059 1568 vero
1103 1522 1262 1583 atque
1305 1512 1537 1568 Pietavis
1595 1512 1869 1568 Ennodius

279 1602 391 1656 dux
421 1603 576 1657 datus
622 1616 722 1659 est.
768 1604 1013 1660 Berulfus
1048 1614 1073 1642 ⁸
1103 1617 1281 1661 autem
1314 1606 1401 1675 qui
1444 1605 1529 1661 his
1567 1605 1868 1662 civitatibus

279 1703 407 1749 ante
451 1694 765 1763 praefuerat,
813 1711 908 1765 pro
953 1695 1230 1751 thesauris
1273 1696 1526 1765 Sigiberti
1564 1695 1704 1767 regis
1735 1712 1868 1767 quos

278 1789 418 1843 clam
453 1789 767 1854 abstulerat,
798 1804 918 1845 cum
949 1789 1254 1863 Arnegisilo
1283 1792 1432 1848 socio
1462 1803 1740 1863 suspectus
1771 1794 1867 1849 ha-

1981 587 2384 649 Guntcbramno
2433 610 2616 664 pacem
2664 597 2829 669 inite,
2885 616 3045 668 quam
3094 604 3330 673 praemiis
3378 607 3566 665 multis

1979 685 2227 740 coemite.
2273 687 2341 742 Et
2384 688 2429 743 si
2478 692 2631 747 vobis
2671 695 2847 750 minus
2889 705 2970 752 est
3019 697 3264 756 fortassis
3295 704 3558 772 pecuniae,

1977 791 2076 833 nos
2097 777 2231 835 clam
2259 780 2548 848 mittimus;
2589 793 2793 842 tantum
2817 789 3038 858 utquod
3065 792 3295 861 petimus
3325 794 3559 866 implea-

1976 872 2065 927 tis.
2103 874 2231 944 Cum
2279 885 2454 932 autem
2506 878 2573 933 de
2618 879 2848 937 inimicis
2886 888 3088 940 nostris
3129 886 3223 940 ulti
3275 887 3558 958 fuerimus,

1976 976 2100 1023 tunc
2143 970 2354 1026 Amelio
2382 971 2635 1042 episcopo
2670 988 2733 1030 ac
2771 975 2966 1032 Leubte
2997 987 3258 1036 matronae
3285 979 3425 1036 bona
3456 982 3557 1037 tri-

1974 1062 2199 1130 buites,
2232 1079 2324 1133 per
2373 1080 2506 1134 quos
2546 1066 2728 1122 missis
2775 1069 2972 1124 nostris
3008 1071 3074 1126 ad
3123 1087 3219 1129 vos
3265 1075 3558 1132 accedendi

1973 1156 2150 1213 aditus
2199 1167 2488 1216 reseratur.
2535 1160 2716 1217 Lcuba
2748 1162 2894 1219 enim
2935 1171 3019 1220 est
3063 1178 3254 1224 socrus
3293 1167 3557 1226 Bladastis

1971 1249 2140 1306 ducis.

2044 1344 2236 1401 XXIX.
2266 1345 2332 1402 Et
2357 1346 2480 1403 licet
2505 1347 2620 1404 haec
2647 1349 2714 1405 ad
2742 1350 3208 1409 Guntchramnum
3234 1369 3412 1429 regem
3441 1372 3560 1428 per-

1972 1436 2099 1504 lata,
2126 1447 2180 1495 et
2209 1440 2386 1508 nepoti
2419 1441 2534 1511 ejus
2563 1442 2904 1500 Childeberto
2929 1445 2982 1500 in
3013 1446 3253 1503 notitiam
3285 1448 3407 1505 data
3432 1450 3560 1507 fuis-

1970 1542 2122 1600 sent,
2157 1542 2333 1590 tamen
2377 1536 2742 1608 Fredegundis
2771 1538 2907 1593 duos
2942 1539 3145 1597 cultros
3187 1540 3390 1598 ferreos
3439 1543 3558 1600 ﬁeri

1971 1627 2227 1697 praecepit
2271 1646 2287 1684 :
2335 1645 2470 1700 quos
2511 1631 2673 1687 etiam
2705 1632 2984 1688 charaxari
3013 1633 3351 1702 profundius,
3383 1644 3436 1691 et
3465 1653 3558 1692 ve-

1969 1733 2110 1774 neno
2142 1720 2280 1774 inlici
2308 1722 2564 1789 jusserat,
2587 1723 2794 1779 scilicet
2820 1725 2864 1780 si
2897 1724 3135 1782 mortalis
3163 1726 3396 1782 assultus
3418 1729 3554 1783 vita-

1973 1811 2052 1867 les
2103 1826 2208 1868 non
2254 1812 2573 1870 dissolveret
2617 1816 2801 1882 libras,
2831 1816 2914 1873 vel
2957 1817 3072 1887 ipsa
3103 1819 3295 1874 veneni
3335 1818 3558 1875 iniectio

276 1879 523 1936 bebatur.
567 1881 666 1949 Qui
706 1897 828 1937 cum
869 1883 1013 1937 hunc
1045 1884 1295 1938 ducatum
1328 1885 1380 1939 in
1432 1884 1752 1954 supradictis
1775 1900 1856 1940 nr-

1972 1905 2133 1959 vitam
2166 1915 2350 1976 posset
2378 1907 2616 1962 velocius
2646 1915 2990 1979 extorquere.
3018 1910 3163 1977 Quos
3191 1911 3390 1967 cultros
3422 1911 3556 1968 duo-

274 1972 434 2028 bibus
474 1986 767 2044 expeteret,
825 1991 854 2030 a
910 1976 1223 2047 Rauchiugo
1248 1975 1275 2014 δ
1307 1977 1446 2033 duce
1483 1978 1626 2034 facto
1654 1979 1866 2048 ingenio

274 2085 400 2127 cum
449 2074 680 2129 satellite
727 2074 994 2144 alligatur.
1054 2074 1162 2130 Nec
1193 2089 1363 2139 mora,
1403 2076 1552 2131 missi
1579 2077 1646 2130 ad
1677 2077 1866 2133 domos

281 2180 470 2222 eorum
504 2168 654 2236 pueri
686 2167 922 2237 expilant
951 2168 1130 2222 omnia
1156 2208 1171 2231 ,
1216 2168 1381 2223 multa
1425 2168 1496 2223 ibi
1528 2169 1595 2222 de
1621 2171 1863 2240 proprio,

273 2260 533 2316 nonnulla
564 2261 632 2317 de
660 2261 946 2317 antedictis
976 2261 1242 2318 thesauris
1287 2270 1413 2318 sunt
1453 2271 1665 2332 reperta
1703 2280 1716 2318 :
1745 2279 1864 2333 qum

273 2353 455 2408 omnia
486 2353 550 2408 ad
583 2353 987 2409 Childebertum
1019 2370 1202 2424 regem
1237 2355 1413 2410 delata
1444 2365 1587 2411 sunt.
1623 2355 1864 2428 Cumque

273 2443 327 2501 in
354 2446 454 2500 hoc
485 2461 570 2502 res
595 2455 882 2515 ageretur,
927 2456 978 2502 ut
1013 2449 1225 2518 gladius
1255 2449 1520 2505 cervicem
1567 2451 1860 2521 decideret,

273 2535 574 2592 interventu
594 2539 969 2607 episcoporum
988 2539 1208 2596 obtenta
1231 2541 1338 2595 vita
1357 2541 1519 2596 laxati
1537 2552 1659 2598 sunt
1690 2559 1704 2598 :
1730 2543 1861 2598 nihil

274 2636 453 2685 tamen
502 2631 569 2687 de
625 2632 705 2684 his
745 2647 865 2701 quae
911 2633 992 2686 eis
1021 2632 1194 2686 ablata
1254 2633 1470 2690 fuerant
1519 2637 1857 2700 recipientes.

341 2719 560 2776 XXVII.
596 2721 902 2776 Desiderius
925 2739 1055 2778 vero
1081 2723 1188 2779 dux
1210 2739 1329 2781 cum
1354 2727 1619 2797 aliquibus
1652 2730 1860 2800 episco-

269 2813 378 2885 pis,
422 2823 477 2869 et
507 2814 702 2869 Aredio
746 2815 939 2871 abbate
965 2817 1051 2872 vel
1078 2819 1344 2886 Antestio,
1375 2821 1443 2876 ad
1475 2838 1652 2893 regem
1687 2823 1857 2880 Gunt-

271 2906 589 2962 chramnum
622 2910 948 2977 properavit.
999 2910 1103 2966 Sed
1133 2927 1254 2967 cum
1284 2927 1404 2968 eum
1438 2929 1531 2970 rex
1571 2929 1712 2985 aegre
1750 2915 1860 2971 vel-

273 2997 346 3056 let
376 3000 646 3069 accipere,
680 3000 849 3054 victus
881 3004 1133 3071 precibus
1165 3006 1504 3061 sacerdotum
1549 3008 1599 3061 in
1629 3007 1854 3076 gratiam

273 3105 425 3146 suam
476 3092 699 3162 recepit.
745 3093 895 3148 Tunc
943 3096 1015 3150 ibi
1067 3096 1305 3153 Eulalius
1348 3099 1519 3154 adfuit
1564 3102 1715 3164 quasi
1761 3115 1858 3170 pro

273 3185 536 3256 conjuge,
591 3202 710 3256 quae
758 3203 880 3242 eum
936 3200 1250 3258 spreverat,
1303 3201 1356 3247 et
1401 3193 1466 3246 ad
1519 3193 1852 3250 Desiderium

272 3280 575 3346 transierat,
600 3292 919 3337 causaturns
954 3301 965 3338 :
1003 3295 1026 3322 ο
1051 3284 1144 3340 sed
1169 3285 1223 3338 in
1254 3284 1532 3340 ridiculum
1565 3296 1616 3342 et
1639 3288 1853 3342 humili-

272 3378 440 3427 tatem
469 3372 739 3437 redactus,
787 3374 953 3429 siluit.
987 3375 1296 3434 Desiderius
1323 3392 1450 3435 vero
1480 3393 1856 3438 remuneratus

271 3476 301 3517 a
322 3477 466 3532 rege,
499 3479 618 3518 cum
641 3465 810 3535 gratia
834 3474 916 3521 est
945 3481 1216 3523 reversus.

343 3555 577 3611 XXVIII.
625 3557 806 3628 Igitur,
855 3567 912 3612 ut
951 3561 1196 3629 superius
1235 3561 1494 3632 diximus,
1539 3563 1793 3635 lngundis
1823 3581 1854 3623 a

269 3645 386 3702 viro
416 3661 537 3701 cum
570 3649 908 3717 imperatoris
938 3651 1175 3707 exercitu
1203 3652 1482 3724 derelicta,
1528 3656 1654 3711 dum
1687 3658 1751 3714 ad
1777 3659 1854 3730 ip-

269 3752 386 3794 sum
419 3741 580 3811 397
606 3743 898 3813 principem
925 3759 1044 3800 cum
1070 3745 1180 3802 lilio
1213 3749 1433 3818 parvulo
1464 3750 1772 3819 duceretur,
1799 3754 1854 3809 iit

267 3833 448 3890 Africa
488 3835 736 3891 defuncta
779 3847 862 3892 est
911 3847 962 3894 et
1013 3841 1243 3909 sepulta.
1298 3844 1674 3902 Leuvichildus
1721 3863 1852 3904 vero

268 3923 736 3996 Ilermenegildum
771 3928 938 3985 filium
967 3945 1142 3998 suum,
1177 3949 1333 4002 quem
1367 3939 1635 3994 antedicta
1662 3942 1853 3998 mulier

266 4015 473 4083 habuit,
507 4022 663 4073 morti
696 4020 913 4076 tradidit
939 4021 988 4076 ά.
1019 4024 1221 4092 Quibus
1250 4027 1316 4081 de
1344 4030 1524 4084 causis
1553 4041 1851 4089 commotus

267 4106 695 4168 Guntcbramnus
727 4128 842 4181 rex,
869 4116 1161 4172 exercitum
1186 4117 1241 4173 in
1284 4119 1564 4190 Hispanias
1595 4125 1849 4196 destinat,

265 4200 488 4270 scilicet,
517 4212 573 4258 ut
603 4205 748 4273 prius
773 4205 1179 4275 Septimaniam,
1212 4226 1331 4280 quae
1353 4213 1526 4269 adhuc
1551 4216 1687 4271 infra
1719 4219 1848 4274 Gal-

264 4290 455 4348 liarum
505 4295 792 4352 terminum
823 4297 1077 4365 habetur,
1113 4300 1228 4370 ejus
1258 4302 1610 4362 dominationi
1652 4308 1849 4367 subde-

263 4395 418 4452 rent,
458 4394 514 4442 et
561 4388 640 4443 sic
687 4389 897 4446 inantea
951 4394 1440 4461 proﬁciscerentur.
1489 4401 1624 4458 Dum
1667 4413 1845 4461 autem

263 4476 351 4533 hic
405 4481 674 4536 exercitus
719 4493 1044 4553 moveretur,
1086 4489 1380 4547 indiculum
1430 4508 1550 4550 cum
1606 4502 1788 4555 nescio
1822 4510 1845 4538 ο

262 4569 580 4642 quibusdam
613 4574 918 4634 hominibus
947 4581 1163 4637 rusticis
1192 4595 1275 4639 est
1298 4596 1588 4655 repertum.
1614 4590 1767 4658 Quod
1792 4602 1845 4650 et

263 4663 668 4723 Guntcbramno
708 4670 820 4740 regi
871 4673 1156 4744 legend-um
1199 4678 1481 4751 miserunt,
1536 4684 1637 4740 hoc
1687 4687 1847 4743 modo

261 4757 412 4828 quasi
453 4758 830 4818 Leuvichildus
881 4765 944 4819 ad
994 4766 1402 4840 Fredeguudetn
1457 4776 1737 4844 scriberet,
1790 4789 1849 4836 ut

263 4864 579 4922 quocunque
627 4852 843 4924 ingenio
882 4859 1181 4915 exercitum
1227 4861 1359 4918 illud
1394 4866 1705 4933 prohiberet
1745 4871 1843 4941 ire,

261 4938 444 4997 dicens
476 4959 487 4994 :
519 4942 768 4998 Inimicos
805 4954 1048 5015 nostros,
1093 4951 1146 5005 id
1191 4961 1273 5009 cst
1312 4953 1712 5016 Childebertum
1748 4962 1768 5002 τ
1795 4938 1850 5020 et

384 5053 787 5143 ,Sttpra'dieitur
816 5058 1124 5143 Eberulfua,
1155 5065 1296 5123 sicut
1332 5076 1386 5124 et
1414 5069 1514 5127 Cit.
1549 5075 1620 5128 al.
1656 5075 1763 5143 hic,
1796 5087 1846 5135 et

261 5123 347 5197 alii
383 5124 434 5179 in
466 5123 618 5181 titulo
651 5128 805 5197 hujus
836 5123 1044 5197 capitis,

267 5265 277 5284 9
330 5194 359 5284 ξ
392 5197 570 5284 Aliqui
609 5194 1086 5284 editiuliochinyo
1110 5245 1124 5270 ,
1176 5216 1230 5262 et
1267 5224 1361 5284 pro
1405 5212 1612 5284 ingenio
1651 5216 1851 5274 habent

261 5271 624 5346 instrumento,
651 5271 812 5346 quasi
827 5271 1148 5346 nescio—qua
1183 5271 1424 5336 machina
1449 5271 1564 5339 arte
1593 5271 1848 5346 fabricata

262 5335 455 5428 fuisset
483 5354 606 5428 eum
635 5335 1186 5428 aiioﬂalligatusfsed
1210 5349 1368 5405 lectio
1383 5335 1604 5428 nostra,
1614 5335 1851 5428 Iﬁiéiééi

271 5423 372 5495 ius:
416 5409 597 5476 Colb.,
647 5414 836 5495 melior
865 5409 1282 5495 esu-Ingenium
1323 5409 1851 5495 euimrappgllahant

270 5479 678 5568 teelt‘tiatn,.qua
711 5485 942 5568 aliquem
975 5479 1187 5568 incaute
1213 5504 1460 5568 agentem

332 5549 608 5636 :Y‘ide‘tle
634 5569 692 5636 ea
720 5555 852 5636 infra
881 5573 999 5627 cap.
1023 5561 1111 5636 4_5,
1145 5572 1196 5618 et
1227 5549 1318 5618 lib.
1351 5549 1401 5631 x,
1432 5549 1633 5636 capti-3r.

337 5617 494 5714 ibi}:
525 5624 851 5714 pri‘lis,
885 5617 989 5714 quo
1034 5617 1222 5714 festum
1262 5617 1768 5714 ejus’u'tirmavrtyris
1799 5646 1852 5700 in

263 5689 499 5817 accisis?
529 5689 852 5754 celebratur.
886 5689 957 5757 De
986 5716 1050 5758 eo
1081 5704 1201 5763 vide
1231 5689 1389 5780 supra

471 5782 517 5817 s.

260 5778 314 5818 el
345 5778 517 5820 110138.

334 5837 550 5932 ἒ
572 5842 800 5932 anuescio
821 5844 1145 5932 quibusdam.
1173 5850 1320 5920 Bec.,
1341 5870 1457 5910 cum
1482 5858 1652 5915 nescio
1672 5859 1853 5932 quibus

263 5905 566 5966 hominibus.
594 5911 806 5986 Regni,
833 5905 1156 5976 Βιιιιοίσιιίιιηι
1186 5905 1238 5987 a,
1261 5905 1367 5982 etc.

1969 1999 2070 2055 bus
2094 2000 2306 2057 clericis
2333 2016 2452 2057 cum
2483 2001 2566 2058 his
2593 2002 2857 2058 mandatis
2889 2004 3128 2070 tradidit,
3152 2005 3336 2060 dicens
3359 2020 3377 2040 ο
3401 2007 3555 2061 Acci-

1969 2095 2080 2164 pite
2112 2095 2210 2149 hos
2236 2095 2462 2165 gladios,
2487 2107 2541 2151 et
2568 2097 2884 2166 quantocius
2914 2099 3116 2167 pergite
3144 2099 3211 2153 ad
3240 2097 3554 2154 Childeber-

1969 2195 2079 2243 tum
2105 2204 2306 2257 regem,
2327 2190 2699 2246 assimulantes
2722 2206 2819 2247 vos
2844 2206 2964 2248 esse
2993 2193 3289 2249 mendicos.
3310 2193 3553 2262 Cumque

1967 2282 2193 2350 pedibus
2220 2284 2336 2350 ejus
2360 2283 2567 2338 fueritis
2593 2285 2766 2351 strati,
2789 2285 2940 2356 quasi
2969 2287 3161 2355 stipem
3196 2286 3548 2353 postulantes,

1967 2373 2137 2428 latera
2159 2373 2276 2442 ejus
2304 2383 2527 2442 utraque
2550 2373 2829 2444 perfodite,
2849 2384 2907 2429 ut
2933 2376 3144 2431 tandem
3170 2375 3550 2443 Brunicbildis,

1967 2480 2088 2536 qua:
2120 2467 2187 2520 ab
2220 2467 2314 2521 illo
2341 2469 2701 2537 arrogantiam
2734 2470 2928 2534 sumit,
2951 2484 3016 2525 eo
3045 2470 3270 2526 cadente
3298 2478 3548 2535 corruat,

1966 2560 2205 2630 mihique
2238 2561 2518 2616 subdatur.
2543 2561 2695 2629 Quod
2730 2562 2772 2616 si
2805 2571 2950 2616 tanta
2991 2569 3077 2617 est
3119 2560 3360 2617 custodia
3404 2561 3550 2616 circa

1967 2667 2214 2723 puerum,
2245 2665 2304 2707 ut
2332 2652 2590 2708 accedere
2619 2653 2918 2724 nequeatis,
2942 2652 3028 2708 vel
3060 2654 3230 2722 ipsam
3261 2651 3550 2708 inlerimite

1965 2745 2259 2801 inimicam.
2291 2744 2454 2816 398
2494 2745 2701 2800 Merces
2743 2758 2957 2815 quoque
2996 2744 3176 2813 operis
3216 2743 3379 2799 vestri
3432 2742 3549 2797 haec

1965 2838 2095 2902 erit,
2121 2845 2180 2893 ut
2208 2837 2252 2892 si
2282 2837 2478 2892 mortui
2528 2837 2580 2892 in
2627 2835 2729 2892 hoc
2771 2851 2934 2906 opere
2975 2837 3202 2901 fueritis,
3235 2835 3547 2904 parentibus

1964 2932 2156 2988 vestris
2206 2933 2344 2986 bona
2389 2930 2649 2996 tribuam,
2679 2933 2931 3001 ipsosque
2976 2930 3290 2985 muneribus
3337 2931 3546 2995 ditans,

1964 3027 2168 3094 primos
2199 3024 2252 3077 in
2284 3037 2453 3093 regno
2491 3037 2613 3078 tneo
2638 3023 2984 3078 constituam.
3013 3022 3231 3078 Interim
3259 3037 3354 3079 vos
3384 3023 3548 3080 timo-

1962 3134 2078 3175 rem
2124 3133 2336 3173 omnem
2387 3117 2639 3183 omittite,
2671 3133 2771 3174 nec
2813 3119 2881 3173 sit
2925 3118 3208 3189 trepidatio
3254 3120 3442 3174 mortis
3491 3120 3546 3177 in

1883 3256 1930 3322 Ο
1966 3220 2205 3281 pectore.
2231 3211 2492 3267 Noveritis
2520 3212 2660 3267 enim
2683 3256 2698 3279 ,
2729 3211 2868 3283 quod
2898 3222 3123 3268 cunctos
3153 3212 3400 3269 homines
3430 3213 3546 3270 haec

1963 3318 2122 3359 causa
2151 3304 2406 3360 continet.
2432 3305 2649 3360 Armate
2678 3303 2928 3362 virilitate
2954 3309 3182 3374 animos,
3209 3314 3264 3362 et
3289 3306 3543 3362 conside-

1957 3405 2072 3453 rate
2093 3397 2290 3466 saapius
2320 3396 2487 3452 fortes
2509 3397 2652 3452 viros
2680 3397 2732 3452 in
2764 3397 2905 3452 bello
2935 3412 3207 3454 corruere.
3226 3396 3379 3454 Unde
3403 3412 3544 3454 nunc

1958 3497 2208 3561 parentes
2231 3504 2416 3545 eorum
2440 3489 2648 3544 nobiles
2670 3488 2866 3550 elIecti.
2886 3489 3080 3559 opibus
3107 3490 3388 3546 immensis
3413 3505 3546 3546 cuu-

1954 3582 2058 3638 ctis
2104 3583 2526 3651 supereminent,
2557 3591 2884 3652 cunctosque
2927 3583 3256 3652 praecellunt.
3301 3582 3543 3654 Cumque

1958 3675 2076 3732 lucc
2119 3676 2314 3730 mulier
2355 3677 2679 3746 loqueretur,
2713 3673 2896 3731 clerici
2947 3684 3179 3730 tremere
3225 3684 3539 3744 cmperunt,

1956 3770 2177 3826 difficile
2207 3778 2454 3841 putantes
2485 3769 2597 3824 haec
2621 3767 2767 3836 jussa
2798 3782 2956 3837 posse
2997 3769 3290 3836 complere.
3332 3767 3401 3820 At
3450 3766 3542 3820 illa

1956 3864 2148 3920 dubios
2175 3878 2434 3931 cernens,
2468 3863 2802 3918 medilicatos
2832 3861 3049 3932 potione
3078 3861 3274 3917 direxit
3316 3875 3423 3930 quo
3462 3860 3541 3916 ire

1959 3957 2241 4028 praecepit;
2273 3957 2562 4026 statimque
2592 3955 2755 4010 robur
2783 3955 3086 4010 animorum
3114 3953 3384 4018 accrevit,
3411 3967 3538 4022 pro-

1955 4051 2328 4115 miseruntque
2365 4063 2424 4102 se
2464 4046 2643 4102 omnia
2686 4061 2804 4116 qua:
2847 4054 3174 4114 praeceperat
3199 4044 3535 4114 impleturos.

1955 4139 2313 4195 Nihilominus
2353 4139 2627 4194 vasculum
2676 4138 2776 4193 hac
2822 4138 3037 4208 potione
3077 4137 3362 4208 repletum,
3391 4138 3538 4209 ipsos

1957 4231 2137 4288 levare
2161 4230 2336 4300 jubet,
2366 4231 2551 4287 dicens
2584 4248 2596 4284 :
2630 4230 2685 4286 In
2716 4229 2805 4286 die
2832 4230 2922 4285 illa
2951 4245 3071 4285 cum
3101 4229 3215 4287 haec
3243 4245 3364 4300 quae
3392 4243 3538 4300 prae-

1953 4322 2097 4392 cipio
2125 4322 2318 4389 facitis,
2347 4337 2502 4378 mane
2530 4323 2837 4393 priusquam
2869 4335 3002 4392 Opus
3031 4321 3320 4392 incipiatis,
3345 4321 3488 4378 hunc
3512 4319 3540 4360 ιι

1952 4423 2138 4488 potum
2169 4415 2364 4471 sumite
2396 4434 2409 4469 :
2442 4415 2544 4471 erit
2571 4415 2724 4471 vobis
2753 4429 2944 4487 magna
2975 4416 3270 4472 constantia
3308 4417 3379 4472 ad
3425 4417 3541 4474 haec

1952 4509 2282 4581 peragenda.
2315 4509 2408 4564 His
2457 4510 2529 4564 ita
2575 4510 2870 4577 instructis,
2896 4508 3240 4568 dimisitcos.
3273 4509 3379 4579 Qui
3412 4524 3541 4581 per—

1957 4611 2143 4673 gentes
2172 4611 2223 4656 et
2252 4602 2318 4656 ad
2349 4603 2535 4658 urbem
2567 4601 2885 4660 Suessionas
2916 4603 3230 4660 accedentes
3249 4646 3265 4672 ,
3311 4620 3341 4660 a
3390 4605 3539 4662 Rau-

1955 4694 2144 4750 cbinco
2172 4694 2308 4751 duce
2339 4696 2505 4765 capti,
2530 4694 2864 4765 discussique
2892 4697 3072 4751 omnia
3099 4703 3364 4763 reserent,
3383 4707 3438 4752 et
3458 4699 3539 4755 sic

1955 4789 2010 4844 in
2041 4803 2312 4845 carcerem
2341 4790 2550 4860 religati
2578 4798 2721 4845 sunt.
2742 4789 2869 4844 Post
2891 4788 3006 4845 dies
3029 4804 3157 4845 vero
3187 4803 3386 4859 paucos
3409 4789 3538 4846 Fre~
3623 4842 3639 4871 ζ,

1952 4879 2246 4950 degundis,
2280 4881 2482 4936 incerta
2519 4879 2626 4952 [ΑΙ.
2657 4877 2825 4950 certa]
2852 4873 2963 4949 jam
2996 4879 3137 4951 quod
3168 4879 3397 4939 fuissent
3439 4881 3538 4938 im-
3570 4873 3574 4878 ’
3628 4913 3643 4934 .

1951 4973 2093 5042 pleta
2126 4989 2246 5043 qua:
2276 4973 2490 5029 fuerant
2518 4973 2794 5040 imperata,
2817 4974 2961 5030 misit
2989 4989 3213 5044 puerum
3239 4975 3535 5047 inquirere,

2032 5083 2051 5122 ί
2085 5085 2290 5138 Bellum
2323 5093 2497 5139 tamen
2541 5085 2806 5140 indixerat
2833 5087 3197 5144 Guntramnus
3230 5107 3240 5143 :
3273 5091 3365 5144 sed
3399 5089 3538 5147 forte

1957 5155 2294 5227 existimabat
2337 5156 2679 5226 Leuvigildus
2705 5199 2718 5222 ,
2760 5155 2812 5210 id
2861 5157 3148 5227 instigante
3195 5159 3537 5217 Childeberto

1956 5225 2209 5294 lngundis
2236 5226 2418 5288 fratre.
2444 5224 2535 5280 aut
2564 5242 2748 5282 eorum
2779 5238 2948 5283 matre
2978 5224 3342 5295 Brunichilde,
3376 5234 3444 5288 ab
3473 5249 3538 5289 eo

1958 5308 2264 5365 susceptum
2294 5297 2490 5363 fuisse;
2525 5305 2619 5352 aut
2647 5309 2793 5353 certe
2821 5300 2981 5353 etiam
3016 5301 3131 5367 ipse
3159 5301 3537 5359 Childebertus

1957 5368 2010 5423 in
2042 5368 2346 5438 Hispaniam
2379 5379 2652 5434 moverat,
2683 5378 2744 5423 ut
2773 5378 3001 5427 testatur
3030 5370 3228 5426 Paulus
3257 5372 3406 5429 Diae.
3437 5374 3536 5431 lib.

1954 5454 2013 5496 Ill
2045 5439 2178 5494 Ilist.
2210 5439 2401 5511 Lang.,
2425 5454 2544 5509 cap.
2573 5440 2664 5506 21,
2689 5442 2779 5496 ubi
2806 5440 2964 5496 habet
2996 5442 3257 5508 Hispanos
3286 5459 3347 5499 ea
3379 5460 3537 5500 occa-

1956 5513 2109 5566 sione
2138 5527 2166 5564 a
2198 5510 2539 5567 Childeberto
2567 5522 2845 5580 superatos
2873 5512 3058 5566 fuisse.
3084 5513 3213 5580 Qum
3241 5526 3419 5572 autem
3448 5517 3536 5573 hic

1957 5582 2247 5652 Gregorius
2269 5584 2428 5637 variis
2449 5583 2708 5652 capitibus
2729 5592 2929 5648 narrat,
2953 5583 3105 5638 Joan.
3134 5585 3452 5644 Iliclarettsis
3482 5589 3534 5646 in

1957 5651 2120 5709 unum
2150 5656 2390 5725 congerit
2418 5655 2482 5707 ad
2509 5669 2594 5706 an.
2626 5651 2747 5706 586.

2030 5736 2056 5772 ε
2087 5725 2234 5780 Colb.
2261 5741 2333 5779 m.
2359 5725 2452 5778 alt.
2483 5740 2663 5789 manu,
2692 5725 2972 5782 retribuite.
3004 5729 3242 5786 Amelius
3271 5739 3387 5786 erat
3416 5731 3534 5796 epi-

1955 5796 2578 5878 scopusnliigorritauus,
2601 5796 2691 5878 qui
2723 5799 2928 5869 synodo
2959 5799 3168 5878 Matisc.
3201 5817 3239 5858 tt
3272 5800 3531 5860 interfuit.

2027 5867 2058 5908 ιι
2087 5867 2249 5940 Editi,
2275 5869 2567 5941 incipiatur,
2591 5869 2710 5926 hinc
2735 5867 2911 5942 potum
2939 5873 3137 5929 sumite.
