4096 6344
581 374 683 430 ιΒῚ

1570 372 1625 425 S.
1667 365 1994 426 GREGORII
2035 365 2334 424 EPISCOPI
2365 364 2792 424 TURONENSIS

3729 391 3732 393 λ
3764 371 3880 427 488

582 493 711 560 quid
741 499 838 546 aut
861 506 1047 552 rumor
1076 491 1254 561 populi
1283 489 1474 555 ferret,
1501 497 1593 543 aut
1622 489 1664 544 si
1695 491 1924 558 aliquem
1957 486 2166 540 inveni-
2190 485 2460 541 Attocere
2487 489 2753 550 potentes,
2781 481 2846 536 ad
2875 481 3005 537 alias
3031 483 3188 538 urbes
3218 483 3486 554 progressi
3515 491 3658 542 sunt.
3691 484 3877 541 Brant

539 629 546 638 .
584 596 665 641 ret
711 585 1026 640 indicantem
1072 585 1160 652 qui
1202 585 1404 639 diceret
1441 582 1840 638 Cltildebertum
1879 582 1988 649 jam
2028 580 2164 633 intc-

547 727 552 730 .
585 687 849 748 remptum
882 679 1061 732 fuisse.
1088 677 1347 745 Egressus
1375 674 1534 744 igitur
1563 689 1692 743 puer
1715 673 1783 726 ab
1807 687 1892 738 ea,
1917 670 2164 726 Suessio—

587 786 685 828 nas
713 771 893 824 urbem
926 770 1090 822 venit.
1121 767 1357 820 Audiens
1387 766 1620 834 denique
1662 764 1759 818 hos
1797 762 1852 816 iu
1893 775 2160 817 carcerem

547 913 552 924 .
585 864 830 927 retineri,
855 864 920 916 ad
949 865 1146 916 ostium
1178 860 1601 929 appropinquat;
1631 856 1724 911 sed
1754 871 1875 911 cum
1907 855 2048 925 loqui
2080 855 2166 907 aa-

581 957 841 1014 teilitibus
866 954 1141 1025 coepisset,
1165 962 1220 1008 et
1245 954 1358 1022 ipse
1388 961 1575 1021 captus
1603 949 1859 1004 custodiae
1889 949 2162 1016 mancipa-

549 1099 552 1108 .
584 1060 693 1106 tur.
716 1050 866 1105 Tunc
895 1063 1081 1102 omnes
1106 1047 1263 1101 simul
1293 1046 1357 1100 ad
1389 1043 1791 1098 Cbildebertum
1818 1052 1996 1113 regem
2023 1042 2164 1096 dire-

549 1189 556 1201 .,
585 1147 658 1200 cti
701 1152 860 1207 sunt,
888 1140 1219 1206 discussique
1246 1139 1522 1194 veritatem
1562 1136 1836 1204 aperiunt,
1867 1133 2163 1188 indicantes

585 1249 646 1290 se
693 1250 721 1287 a
762 1232 1112 1301 Fredegunde
1141 1232 1334 1286 missos
1363 1231 1426 1284 ad
1458 1245 1578 1284 eum
1611 1227 2051 1292 interimendum,
2085 1226 2164 1280 (li-

563 1334 768 1386 centes
799 1341 812 1376 :
844 1325 997 1385 Jussa
1032 1325 1231 1394 regimc
1260 1323 1612 1390 suscepimus,
1643 1330 1700 1374 ut
1723 1334 1821 1375 nos
1850 1333 2044 1389 egenos
2075 1334 2162 1372 as-

583 1416 999 1481 simularetnns;
1028 1428 1259 1483 cumque
1286 1413 1510 1482 pedibus
1539 1420 1642 1466 tuts
1672 1410 1936 1479 provoluti
1965 1407 2164 1476 aliquid

581 1507 833 1577 stipendii
873 1521 1268 1577 quaereremus,
1299 1505 1366 1560 ab
1409 1503 1490 1558 his
1523 1514 1574 1558 te
1603 1501 1793 1574 gladiis
1827 1501 2162 1558 transfodere

547 1601 872 1656 .voluimus.
911 1600 1061 1667 Quod
1109 1601 1154 1664 si
1200 1599 1398 1660 assultu
1451 1599 1698 1666 segniore
1745 1580 1909 1667 399
1957 1595 2163 1664 gladius

548 1741 554 1747 .
583 1693 794 1758 deﬁxus
824 1702 985 1757 esset,
1016 1692 1186 1763 ipsum
1219 1705 1504 1755 venenum,
1528 1705 1633 1759 quo
1661 1689 1859 1743 ferrum
1891 1697 2005 1742 erat
2030 1685 2164 1746 infe-

550 1841 556 1848 ,
581 1795 749 1852 ctum,
779 1787 1009 1841 animam
1043 1785 1300 1842 velociter
1330 1786 1650 1853 penetraret.
1678 1783 1802 1838 Haec
1832 1781 1914 1837 his
1941 1781 2163 1835 dicenti-

2266 578 2407 633 enim
2433 577 2587 632 valde
2617 578 2926 647 munitae,ct
2952 577 3019 632 de
3043 577 3174 632 cibis
3199 593 3261 632 ac
3288 579 3505 648 reliquis
3534 581 3878 635 necessariis

2267 671 2489 740 atlplene
2516 671 2751 737 refertae,
2797 679 2852 726 et
2881 671 3066 725 horum
3097 673 3296 726 urbana
3327 671 3754 740 depopulantes,
3785 683 3877 726 ur-

2266 761 2361 816 bes
2388 763 2566 816 minus
2592 763 2890 832 irrumpere
2912 763 3378 818 valuerunt.Tunc
3406 773 3461 818 et
3481 763 3736 820 Nicetius
3763 765 3875 818 dux

2265 867 2388 907 cum
2420 854 2676 909 Arvernis
2707 857 2758 909 in
2792 854 2891 909 hac
2923 855 3262 924 expeditione
3289 863 3760 923 commoltts,cum
3793 873 3879 911 rc-

2266 945 2423 1014 liqttis
2454 946 2616 1001 urbes
2647 946 2868 1001 assedit.
2890 943 2996 1001 Sed
3028 960 3148 1001 cum
3181 947 3355 1001 minus
3385 949 3619 1011 vaierct,
3654 948 3728 1000 axi
3787 966 3878 1002 ca-

2267 1043 2438 1091 strum
2465 1037 2732 1106 quoddam
2761 1037 3019 1107 pervenit,
3045 1037 3271 1107 dataque
3297 1035 3421 1104 fide,
3441 1048 3635 1106 sponte
3667 1039 3878 1094 inclusi

2265 1137 2571 1185 reserantes
2601 1137 2801 1198 portas,
2824 1143 2920 1185 eos
2944 1129 3145 1185 creduli
3173 1138 3421 1199 tanquam
3452 1130 3711 1198 pacificos
3753 1149 3876 1184 sns-

2265 1234 2546 1294 ceperunt.
2582 1225 2660 1280 Illi
2692 1241 2824 1280 vero
2852 1226 3081 1295 ingressi
3103 1265 3118 1291 ,
3153 1233 3448 1294 pOS|p08ll0
3478 1236 3875 1289 sacramento,

2267 1315 2514 1384 praasidia
2539 1325 2725 1370 cuncta
2750 1315 3024 1385 diripiunt,
3041 1317 3246 1370 animas
3271 1317 3320 1370 in
3345 1317 3710 1385 captivitatem
3742 1323 3873 1370 sul,-

2266 1407 2478 1462 dentes.
2496 1408 2646 1464 Tunc
2668 1418 2887 1478 accepto
2908 1407 3129 1463 consilio
3155 1410 3519 1479 unusquisque
3544 1409 3610 1461 ad
3638 1410 3873 1478 propria

2266 1512 2347 1556 est
2381 1518 2676 1573 regressus.
2701 1504 2976 1572 Tantaque
3003 1519 3098 1574 per
3119 1504 3255 1559 viam
3287 1505 3512 1572 scelera,
3538 1505 3810 1560 honticidi
3831 1527 3867 1573 ν,

2266 1600 2497 1670 praedas,
2527 1601 2858 1669 direptiones
2901 1615 2996 1670 per
3033 1600 3307 1672 regionem
3350 1601 3623 1670 propriam
3665 1615 3869 1670 gesse-

2267 1699 2414 1757 runt,
2444 1699 2503 1745 ut
2547 1707 2610 1746 ea
2653 1705 3031 1762 usquequaque
3077 1692 3360 1746 memorari
3402 1693 3728 1763 perlongum
3773 1694 3866 1748 sit.

2271 1781 2648 1838 Verumtamen
2677 1784 2797 1852 quia
2838 1789 3049 1850 segetes
3082 1782 3376 1837 Provincia:
3405 1782 3511 1853 igni
3541 1784 3610 1837 ab
3644 1783 3865 1839 hisdem

583 1876 699 1941 bus,
728 1876 957 1933 diversis
985 1878 1260 1948 suppliciis
1286 1875 1482 1942 all‘ecti,
1511 1875 1766 1929 truncatis
1797 1873 2038 1929 manibus
2067 1887 2157 1929 au-
2190 1859 2236 1920 Β
2264 1889 2550 1930 succensas
2578 1875 2830 1941 dicimus,
2859 1875 2995 1930 fame
3022 1883 3178 1945 atque
3207 1867 3380 1930 inedia
3410 1885 3701 1945 pereuntes
3720 1917 3740 1944 ,
3769 1893 3865 1947 per

553 2019 556 2022 .
581 1969 839 2036 ribusque
863 1981 916 2024 et
939 1969 1174 2033 naribus,
1200 1968 1360 2023 variis
1389 1977 1512 2024 sunt
1543 1967 1804 2023 mortibus
1832 1967 2154 2035 interempti.

555 2113 564 2116 _
655 2060 823 2115 XXX.
857 2061 1019 2130 Igitur
1049 2061 1478 2116 Guntchramnus
1509 2075 1601 2114 rex
1635 2060 1961 2114 commoveri
1993 2073 2155 2114 excr-

583 2152 745 2207 citum
778 2153 828 2212 in
860 2153 1145 2223 Hispanias
1176 2153 1427 2223 prascepit
1456 2162 1502 2218 ι,
1535 2151 1719 2207 dicens
1751 2170 1762 2205 :
1799 2152 1953 2206 Prius
1981 2150 2157 2221 Septi-

587 2248 816 2301 maniam
870 2246 1193 2316 prminciam
1243 2247 1431 2302 ditioni
1490 2255 1686 2300 nostra:
1744 2245 1995 2309 subdite,
2041 2261 2160 2315 quae

583 2337 770 2392 Galliis
800 2349 879 2392 est
907 2340 1222 2408 propinqua.
1255 2338 1530 2409 Indignum
1560 2348 1661 2402 est,
1687 2348 1743 2402 ut
1768 2337 2158 2402 horreudorutn

582 2427 898 2485 Gottltorum
933 2428 1188 2484 terminus
1220 2444 1386 2500 usque
1434 2429 1487 2484 in
1531 2427 1730 2484 Gallias
1773 2430 1842 2482 sit
1883 2439 2157 2484 extensus.

582 2522 733 2578 Tunc
761 2532 1031 2578 commoto
1061 2523 1208 2578 otnni
1239 2524 1474 2576 exercitu
1506 2522 1655 2591 regni
1686 2521 1932 2586 sui,i|luc
1958 2521 2156 2589 dirigit.

585 2610 784 2668 Gentes
810 2628 939 2667 vero
967 2628 1085 2681 qua:
1110 2613 1250 2666 ultra
1277 2613 1508 2677 Ararim,
1534 2612 1959 2679 Rhodanumque
1984 2623 2036 2667 et
2064 2611 2164 2669 Se-

584 2717 814 2772 quanam
841 2701 866 2740 ιι
899 2703 1342 2766 comtnanchaut,
1374 2717 1494 2758 cum
1537 2701 2006 2774 Burgundionibus
2031 2701 2159 2771 jun-

561 2792 940 2864 qctae,Ararica
965 2791 1422 2863 Rhodaniticaque
1451 2792 1626 2848 littora
1656 2802 1761 2848 tam
1787 2793 1854 2848 de
1876 2792 2157 2862 fructibus,

561 2899 739 2960 quam
787 2883 854 2940 de
902 2885 1185 2955 pecoribus
1236 2886 1387 2942 valde
1436 2885 1767 2957 depopulata:
1811 2895 1958 2942 sunt.
2001 2887 2160 2942 Multa

573 2977 904 3044 homicidia,
931 2978 1204 3044 incendia,
1237 2979 1549 3049 prmdasquo
1590 2979 1642 3032 in
1683 2979 1905 3050 regione
1948 2979 2159 3048 prepria

580 3069 859 3146 facientes,
884 3069 975 3124 sed
1009 3077 1061 3124 et
1089 3069 1346 3144 ecclesias
1375 3069 1731 3136 denudantes,
1760 3070 1986 3126 clericos
2019 3071 2162 3139 ipsos

579 3176 700 3220 cum
730 3161 1096 3217 sacerdotibus
1123 3175 1185 3216 ac
1209 3162 1414 3230 reliquo
1443 3161 1638 3232 populo
1665 3163 1729 3216 ad
1758 3162 1900 3229 ipsas
1925 3172 2161 3226 sacratas

2271 1968 2412 2023 viam
2450 1967 2892 2037 relinquebantur
2917 1968 3219 2033 exanimes;
3254 1968 3489 2023 nonnulli
3528 1969 3579 2023 in
3611 1959 3861 2023 numini-

2268 2062 2368 2117 bus
2389 2061 2645 2126 demersi,
2662 2062 2900 2131 plerique
2923 2062 2974 2116 itt
3001 2062 3350 2117 seditionibus
3375 2063 3680 2132 interempti
3702 2071 3858 2118 sunt.

2263 2151 2533 2207 Ferebant
2560 2153 2701 2206 cnitn
2733 2151 2964 2221 amplius
2995 2166 3151 2220 quam
3184 2152 3417 2221 quinque
3455 2151 3622 2205 millia
3665 2152 3720 2206 in
3776 2152 3861 2208 bis

2260 2245 2529 2314 stragibus
2570 2243 2738 2297 fuisse
2766 2254 3093 2314 peremptos.
3124 2243 3229 2300 Sed
3261 2258 3366 2298 non
3397 2257 3492 2298 eos
3515 2244 3607 2313 qui
3637 2259 3858 2298 reman-

2260 2346 2464 2400 serant,
2497 2335 2778 2390 coercebat
2804 2336 3028 2389 aliorunt
3067 2335 3336 2390 interitus.
3367 2335 3518 2390 Tunc
3555 2345 3611 2390 et
3657 2339 3857 2390 Arver-

2263 2444 2345 2484 nae
2386 2428 2622 2497 regionis
2662 2427 2928 2492 ecclesiae,
2959 2441 3078 2495 quae
3117 2427 3218 2481 viae
3261 2427 3490 2496 publicae
3532 2430 3855 2497 propinqua:

2262 2527 2435 2584 erant,
2457 2533 2484 2570 τι
2509 2516 2820 2571 ministeriis
2846 2516 3128 2571 denudatze
3157 2525 3300 2571 sunt.
3320 2516 3428 2571 Nec
3457 2517 3553 2570 fuit
3582 2518 3856 2572 terminus

2262 2610 2400 2665 male
2433 2608 2694 2676 faciendi,
2726 2608 2827 2662 nisi
2853 2624 2974 2664 cum
3005 2608 3072 2662 ad
3106 2609 3318 2678 propria
3349 2608 3856 2680 singuli—pervene-

2263 2711 2408 2759 runt.
2436 2703 2640 2769 Quibus
2669 2703 2924 2767 reversis,
2951 2717 3142 2772 magna
3170 2702 3631 2758 Guntchramnum
3668 2717 3852 2773 regem

2249 2795 2564 2850 amaritudo
2587 2795 2764 2849 cordis
2784 2795 3014 2850 obsedit.
3038 2795 3206 2850 Duces
3227 2811 3355 2850 vero
3379 2797 3671 2864 supradicti
3697 2813 3853 2852 exer-

2261 2889 2400 2944 citus
2423 2887 2487 2942 ad
2513 2887 2782 2942 basilicam
2805 2889 2974 2942 sancti
3002 2887 3376 2958 Symphoriani
3403 2889 3650 2958 martyris
3674 2903 3854 2957 expe-

2263 2979 2487 3036 tierunt.
2513 2979 2771 3035 Veniente
2811 2980 2988 3049 itaque
3017 2994 3142 3049 rege
3169 2981 3234 3035 ad
3264 2981 3384 3050 ejus
3409 2980 3814 3036 solemnitatem
3835 3021 3853 3050 ,

2265 3073 2635 3142 repraesentati
2668 3081 2792 3127 sunt
2821 3072 2918 3126 sub
2946 3071 3251 3128 conditione
3278 3073 3559 3130 audientiae
3594 3074 3648 3128 in
3700 3083 3850 3144 posto

2267 3168 2485 3224 modum
2515 3169 2730 3225 futurae.
2756 3169 2946 3224 Postea
2979 3185 3106 3225 vero
3134 3179 3363 3242 quatuor
3391 3175 3705 3230 convocatis
3733 3176 3851 3246 cpio

562 3243 692 3329 'Deo
736 3268 856 3309 aras
899 3256 1301 3321 interitnentes,
1329 3270 1495 3328 uSque
1524 3255 1588 3309 ad
1624 3256 1807 3310 urbem
1839 3254 2157 3310 Nemausum
2187 3244 2236 3307 C
2264 3257 2442 3325 scopis
2475 3269 2524 3324 ο,
2553 3274 2760 3314 necnon
2799 3269 2854 3315 et
2891 3259 3182 3330 majoribus
3209 3274 3334 3318 natu
3365 3264 3653 3331 laicorum,
3691 3243 3851 3324 duces

564 3358 978 3421 processerunt.
1022 3347 1279 3402 Similiter
1327 3356 1379 3400 et
1432 3346 1682 3414 Biturici,
1718 3347 1992 3406 Santonici
2044 3363 2162 3404 cum

584 3442 974 3510 Petragoricis,
1001 3441 1453 3510 Egolismcnsibus
1473 3484 1488 3510 ,
1518 3449 1570 3496 et
1598 3440 1921 3510 reliquarum
1955 3423 2164 3496 urbium

587 3535 806 3608 populo,
827 3538 914 3606 qui
945 3545 1065 3590 tunc
1089 3535 1154 3589 ad
1182 3535 1431 3590 antedicti
1464 3537 1603 3606 regis
1626 3536 1908 3605 imperium
1934 3537 2166 3608 pertine-

579 3626 751 3700 bant,
781 3641 950 3698 usque
979 3625 1044 3680 ad
1074 3625 1454 3692 Carcassonam
1489 3629 1672 3684 urbem
1703 3628 1942 3696 devecti,
1970 3630 2162 3700 similia

591 3719 728 3776 mala
757 3731 1057 3795 gesserunt.
1086 3719 1188 3773 Sed
1218 3734 1338 3774 Cum
1371 3720 1437 3774 ad
1464 3719 1648 3776 urbem
1681 3721 2053 3790 accessissent,
2083 3738 2164 3782 re-

586 3811 784 3868 seratis
801 3822 991 3882 sponte
1011 3811 1474 3882 altgltabitatoribus
1501 3811 1686 3882 portis,
1714 3813 1857 3868 nullo
1881 3814 2165 3870 resistente

569 3904 845 3974 ingressi,
876 3905 1058 3960 nescio
1087 3920 1192 3974 quo
1222 3920 1340 3958 cum
1371 3905 1886 3961 Carcassonensibus
1915 3907 2166 3966 seandalo

575 3996 871 4077 commoti,
893 3997 1082 4054 urbem
1115 3997 1313 4067 egressi
1343 4006 1484 4058 sunt.
1516 3998 1665 4053 Tunc
1693 3998 2055 4067 Terentiolus,
2077 4017 2166 4056 co-

585 4105 699 4146 mes
721 4090 983 4160 quendam
1015 4091 1159 4146 urbis
1184 4091 1554 4160 Lemovicinze,
1573 4091 1749 4162 lapide
1770 4092 1837 4147 de
1864 4109 2015 4149 muro
2041 4109 2165 4163 pro-

573 4184 727 4253 jecto
753 4197 1058 4253 percussus,
1081 4183 1329 4238 occubuit
1353 4201 1367 4238 :
1391 4185 1542 4252 cujus
1572 4195 1730 4255 caput
1760 4193 2060 4241 truncatum
2082 4195 2165 4243 est

571 4275 654 4338 ad
684 4275 968 4332 vindictam
998 4275 1446 4347 adversariorum,
1466 4261 1519 4332 et
1549 4277 1662 4334 urbi
1695 4278 1927 4334 delatum
1958 4289 2060 4336 est.
2085 4282 2163 4336 Ex

589 4365 692 4418 buc
721 4353 895 4446 omnis
922 4367 1146 4435 populus
1175 4367 1367 4428 timore
1400 4370 1729 4437 perterritus,
1750 4370 1814 4424 ad
1839 4373 2049 4441 propria
2079 4389 2166 4429 re-

589 4456 740 4531 gredi
771 4457 1077 4524 destinans,
1101 4461 1343 4514 universa
1376 4461 1615 4530 reliquit,
1640 4478 1758 4530 quae
1785 4464 1863 4518 vel
1895 4480 1989 4534 per
2020 4466 2162 4521 viam

572 4553 822 4623 ceperat,
843 4536 923 4604 vel
949 4534 1066 4619 quae
1093 4564 1272 4605 secum
1307 4552 1617 4606 adduxerat.
1640 4551 1744 4608 Sed
1776 4563 1828 4610 et
1858 4555 2039 4610 Gottbi
2070 4571 2163 4626 per

2269 3347 2539 3404 discutere
2567 3351 2764 3420 carpit,
2792 3350 2974 3406 dicens
3011 3370 3024 3405 :
3057 3354 3296 3420 Qualiter
3325 3371 3421 3410 nos
3461 3356 3564 3412 ltoc
3605 3368 3849 3430 tempore

2268 3440 2546 3495 victoriam
2579 3442 2824 3498 obtinere
2853 3457 3154 3512 possumus,
3185 3446 3276 3514 qui
3303 3462 3364 3502 ea
3394 3463 3513 3518 quae
3539 3459 3726 3519 patres
3756 3465 3849 3507 no-

2265 3533 2361 3586 stri
2388 3534 2661 3589 consecuti
2689 3543 2832 3600 sunt,
2863 3551 2966 3590 non
2995 3537 3360 3594 custodimus?
3413 3539 3580 3613 501
3617 3543 3696 3599 llli
3726 3560 3847 3600 vero

2266 3625 2523 3680 ecclesias
2548 3625 2903 3695 aedificantes,
2935 3630 2986 3683 in
3018 3629 3183 3685 Deum
3215 3646 3364 3701 spem
3396 3649 3611 3689 ontnetn
3646 3651 3848 3706 ponen~

2269 3724 2371 3782 tes,
2424 3726 2686 3787 martyres
2737 3719 3094 3787 honorantes,
3138 3725 3446 3781 sacerdotes
3492 3740 3848 3799 venerantes,
3887 3798 3889 3800 η

2267 3809 2518 3865 victorias
2567 3811 2944 3882 obtinuerunt,
2993 3825 3286 3887 gentesque
3331 3819 3620 3888 adversas,
3667 3824 3847 3880 divino

2267 3903 2563 3970 Opitulante
2588 3905 2879 3973 adjutorio,
2908 3908 2958 3962 in
2989 3923 3117 3963 ense
3146 3919 3200 3964 et
3229 3925 3410 3980 parma
3440 3915 3639 3984 saapius
3667 3917 3846 3971 subdi-

2267 3991 2481 4050 derunt.
2514 3994 2620 4051 Nos
2649 4012 2778 4053 vero
2813 4014 2918 4053 non
2956 4000 3126 4056 solum
3169 4001 3336 4058 Deutn
3376 4019 3480 4059 non
3524 4010 3843 4077 metuimus,

2269 4101 2454 4142 verum
2484 4088 2644 4144 etiam
2673 4104 2824 4148 sacra
2855 4092 2968 4160 ejus
2998 4102 3297 4163 vastamus,
3330 4098 3605 4155 ministros
3636 4099 3842 4157 interﬁo

2270 4179 2474 4248 cimus,
2508 4181 2621 4251 ipsa
2666 4198 2878 4254 quoque
2916 4195 3215 4240 sanctorum
3256 4188 3478 4258 pignora
3517 4191 3570 4246 iu
3621 4192 3845 4248 ridiculo

2269 4275 2618 4347 discerpimus
2647 4293 2710 4334 ac
2742 4289 3028 4336 vastamus.
3059 4281 3173 4335 Non
3217 4283 3358 4337 enim
3399 4292 3575 4354 potest
3617 4286 3844 4341 obtineri

2268 4368 2523 4435 victoria,
2554 4369 2642 4426 ubi
2691 4370 2811 4425 talia
2853 4380 3244 4439 perpetrantur.
3276 4373 3401 4429 ideo
3430 4390 3618 4431 manus
3649 4388 3845 4433 nostra:

2265 4468 2393 4516 sunt
2415 4459 2676 4523 invalidae,
2701 4460 2845 4516 ensis
2872 4463 3113 4531 tepescit,
3139 4479 3235 4520 nec
3265 4465 3482 4535 clypeus
3509 4481 3629 4534 nos,
3650 4477 3706 4522 ut
3734 4475 3845 4524 erat

2267 4551 2486 4618 solitus,
2513 4551 2750 4607 defendit
2775 4568 2838 4609 ac
2866 4555 3112 4625 protegit.
3137 4557 3278 4627 Ergo
3306 4559 3349 4612 si
3384 4558 3485 4614 hoc
3511 4575 3645 4615 mea:
3675 4562 3847 4631 culpa

587 4639 825 4694 occultas
858 4639 1079 4696 insidias
1108 4641 1304 4696 multos
1346 4641 1411 4696 de
1451 4641 1532 4695 bis
1565 4643 1818 4710 spoliatos
1864 4645 2160 4702 iutereme-
2189 4627 2243 4690 Ῐ)
2269 4643 2572 4714 ascribitur,
2598 4644 2708 4713 jam
2749 4645 2800 4700 id
2843 4646 2982 4702 Deus
3025 4647 3185 4716 capiti
3231 4663 3352 4704 meo
3391 4651 3658 4705 restituat.
3688 4627 3846 4709 Certe

586 4739 711 4786 runt
741 4747 757 4792 ;
789 4731 982 4786 exinde
1011 4732 1063 4786 in
1088 4730 1473 4786 Tolosanorum
1503 4748 1690 4788 manus
1717 4733 2030 4801 incidentes,
2051 4736 2169 4804 qui-

573 4811 692 4876 bus
717 4817 841 4876 dunt
872 4831 1170 4892 pergerent,
1191 4822 1351 4876 multa
1386 4823 1668 4879 intulerant
1691 4827 1849 4890 mala,
1871 4827 2079 4897 spoliati
2098 4843 2167 4883 ac

591 4911 716 4969 caesi
749 4913 839 4968 vix
875 4908 1091 4982 prepria‘
1125 4916 1435 4985 contingere
1477 4927 1780 4984 potuerunt.
1809 4918 1873 4973 Hi
1915 4934 2044 4975 vero
2075 4923 2165 4991 qui

577 5003 910 5068 Nemausum
940 5009 1104 5081 400
1133 5011 1362 5080 aggressi
1395 5011 1637 5080 fuerant,
1669 5013 2004 5069 devastantes
2045 5016 2167 5070 uui-

588 5121 743 5162 versa
766 5106 1018 5178 regionis,
1038 5104 1311 5160 succensis
1333 5105 1598 5172 domibus,
1614 5108 1845 5162 incensis
1866 5096 2156 5180 segetibus,

574 5200 823 5260 discissis
865 5199 1108 5266 olivetis,
1139 5199 1437 5270 vinetisque
1477 5200 1728 5267 succisis,
1763 5200 1895 5258 nihil
1937 5201 2158 5259 inclusis

678 5367 860 5422 "Hanc
910 5363 1495 5436 expeditionemranno
1545 5363 1678 5436 585,
1725 5372 1847 5419 ante
1895 5365 2154 5436 synodum

585 5436 879 5492 Matiscone
905 5434 1140 5491 habitam
1161 5480 1176 5504 ,
1215 5435 1509 5490 confectam
1541 5434 1704 5490 fuisse
1736 5445 1882 5502 putat
1916 5434 2156 5491 Valesius

583 5508 676 5562 lib.
701 5523 793 5562 xm
818 5522 921 5562 rer.
945 5509 1168 5571 Franc.;
1199 5507 1292 5562 sed
1315 5519 1433 5559 cum
1461 5505 1740 5560 occasione
1767 5508 1909 5559 necis
1935 5507 2153 5561 Herme-

580 5578 772 5647 negildi
805 5588 1046 5648 suscepta
1080 5579 1282 5631 dicatur
1306 5590 1462 5648 supra
1492 5589 1609 5643 cap.
1634 5576 1721 5642 28,
1750 5578 2148 5646 couscntiatque

581 5649 735 5704 Joan.
758 5649 949 5703 Biclar.
965 5647 1027 5703 in
1049 5648 1334 5710 Chronico,
1354 5647 1550 5714 potius,
1568 5658 1620 5698 ut
1643 5647 1854 5714 quidem
1881 5648 2151 5710 existimo,

579 5734 726 5774 anno
753 5733 888 5788 seq.,
925 5721 974 5772 id
1006 5728 1087 5773 est
1118 5718 1240 5781 586,
1272 5716 1631 5788 consiguanda
1663 5727 1764 5783 est,
1798 5734 1901 5785 quo
1939 5729 2153 5773 sanctus

582 5787 1022 5858 ﬂertnenegildus
1053 5789 1217 5854 patris
1242 5791 1395 5858 jussu
1418 5787 1622 5858 occisus
1647 5788 1762 5842 fuit.
1785 5788 1977 5842 Valesii
2003 5801 2153 5844 error

585 5859 706 5916 inde
740 5856 1008 5927 profluxit,
1027 5859 1164 5927 quod
1191 5856 1702 5925 Lettvigildi‘annum
1725 5857 1789 5911 17
1811 5875 1968 5927 quem
1991 5859 2151 5915 Joan-

2267 4736 2312 4792 si
2346 4750 2436 4791 vos
2465 4736 2658 4806 regalia
2691 4737 2836 4807 juSsa
2867 4741 3240 4807 contemnitis,
3269 4753 3320 4797 et
3348 4757 3408 4796 ea
3442 4755 3562 4812 qua:
3593 4746 3848 4813 praecipio

2265 4829 2491 4897 implere
2517 4828 2763 4896 ditl'ertis,
2783 4830 2897 4901 jam
2922 4831 3083 4888 debet
3105 4835 3306 4888 securis
3329 4835 3493 4904 capiti
3522 4845 3699 4892 vestro
3721 4838 3842 4893 sub-

2263 4921 2450 4988 ntergi.
2476 4920 2592 4975 Erit
2619 4921 2759 4976 enim
2790 4922 3165 4983 documentum
3205 4926 3348 4980 omni
3393 4927 3655 4982 exercitui
3678 4967 3692 4990 .
3722 4943 3840 4983 cum

2263 5032 2402 5082 unus
2427 5016 2491 5071 de
2518 5017 2781 5099 prioribus
2808 5019 2961 5074 fuerit
2990 5020 3314 5078 interfectus.
3331 5021 3711 5078 Verumtamen
3733 5025 3839 5092 jam

2268 5101 2495 5180 experiri
2526 5111 2781 5166 debemus
2807 5113 2933 5180 qttid
2963 5114 3044 5184 agi
3073 5123 3335 5183 oporteat.
3351 5114 3408 5170 Si
3433 5117 3554 5186 quis
3579 5116 3840 5185 justitiam

2263 5205 2415 5276 sequi
2444 5205 2698 5273 destinat,
2719 5206 2830 5276 jatn
2859 5217 3143 5278 sequatur;
3175 5210 3218 5265 si
3249 5209 3367 5280 quis
3396 5210 3712 5280 contemnit,
3732 5210 3844 5281 jam

2263 5385 2360 5424 nes
2389 5368 2584 5423 Biclar.
2609 5368 2846 5424 Mauricii
2878 5369 3094 5425 tertium
3123 5369 3354 5440 appellat
3375 5384 3504 5440 ,__an.
3530 5366 3838 5440 5857illiga-

2263 5441 2421 5512 verit,
2452 5454 2570 5494 cum
2613 5450 2788 5495 tamen
2833 5441 2876 5496 is
2918 5440 3032 5510 ipse
3071 5438 3355 5496 sitanuus
3395 5438 3520 5512 586,
3545 5455 3610 5494 ex
3644 5439 3836 5494 Biclar.

2260 5510 2483 5565 calculo.

2330 5581 2356 5617 ι)
2388 5579 2542 5652 Colb.
2570 5593 2645 5645 a.,
2675 5581 2953 5652 Segonom.

2334 5661 2354 5688 ο
2387 5651 2476 5706 Sic
2510 5647 2767 5704 Bemcun't
2801 5650 2957 5704 editis
2991 5651 3279 5717 plerisque.
3302 5647 3458 5705 Colb.
3481 5663 3556 5716 a.,
3581 5649 3710 5707 Post
3733 5652 3840 5708 alia

2258 5737 2371 5774 vero
2402 5731 2622 5794 quatuor
2647 5723 2951 5794 conjunctis.
2979 5719 3131 5775 Colb.
3163 5738 3259 5794 nt_..
3291 5720 3417 5776 Post
3447 5731 3546 5775 (res
3579 5739 3696 5777 vero
3722 5741 3822 5794 quo

2260 5803 2311 5864 tu
2334 5810 2390 5864 '_r,
2413 5800 2513 5864 etc.
2539 5791 2747 5858 liegm..
2777 5790 2899 5844 Post
2925 5803 3020 5864 (res
3045 5807 3158 5846 vero
3185 5792 3292 5846 dies
3311 5803 3530 5863 quatuor
3557 5790 3818 5864 cortjuucti

2262 5861 2414 5926 limi,
2439 5860 2557 5914 I'ost
2587 5875 2701 5912 vero
2735 5871 2830 5915 (res
2862 5859 2934 5914 re!
2959 5871 3173 5932 quatuor
3205 5859 3769 5933 c’ies'coujuttctigetc.
3821 5923 3841 5932 ,ι
