4096 6344
324 302 327 307 ’
352 304 461 357 461)

1256 304 1581 364 HISTORIA
1618 299 2072 363 FRANCGRUII.
2113 303 2317 363 LIBER
2356 300 2690 365 οατλνυδ.

3514 308 3616 364 ιη

345 422 481 477 ultio
520 406 727 491 publica
770 419 965 476 cervici
994 420 1110 491 ejus
1142 422 1436 480 immineat.
1465 423 1646 481 Satius
1673 431 1757 480 est
1783 424 1926 480 enim
1956 422 2010 483 Δ
2036 422 2200 478 tantia
2222 466 2236 490 ,
2270 439 2369 495 qua
2403 440 2615 494 semper
2642 422 2852 492 ferves,
2898 423 3286 481 abstrahereris
3323 437 3340 480 :
3367 431 3430 480 ut
3461 435 3515 481 et
3562 436 3616 483 tu

342 521 408 569 ut
451 516 602 584 pauci
647 523 991 570 contumaces
1039 526 1281 585 pereant,
1313 532 1470 587 quam
1520 518 1598 573 ira
1640 516 1735 572 Dei
1776 530 1937 587 super

348 624 567 665 omnem
608 610 880 683 regionem
912 610 1178 681 dependat
1209 611 1501 667 innoxiam.
1531 611 1659 668 Haec
1696 624 1820 680 rege
1857 608 1938 664 dl-

347 710 540 771 ccnte,
568 702 965 773 responderunt
993 703 1157 759 duces
1190 721 1204 758 :
1238 702 1497 758 Bonitatis
1528 711 1633 758 tuae
1663 699 1935 771 magnani.

348 797 531 864 mitas,
559 811 653 851 rex
685 796 909 863 optime,
932 795 1170 850 enarrari
1198 795 1354 851 facile
1387 810 1490 849 non
1520 801 1726 864 potest;
1757 792 1844 863 qui
1873 790 1938 844 ti-

346 902 470 944 mor
497 887 591 943 tibi
624 888 675 941 in
710 886 874 943 Deum
902 888 999 953 sit,
1024 887 1112 957 qui
1146 902 1295 942 amor
1322 886 1375 943 in
1404 886 1683 951 ecclesias,
1705 898 1826 955 quas
1853 898 1937 939 re-

346 980 589 1035 verentia
617 979 667 1033 in
698 981 1028 1046 sacerdotes,
1044 994 1163 1050 qua:
1187 980 1355 1044 pietas
1380 978 1432 1033 in
1454 988 1735 1048 pauperes,
1753 990 1937 1044 (jureve

346 1073 681 1142 diSpensatio
726 1073 781 1127 in
824 1087 1044 1145 egenos.
1076 1074 1179 1128 Sed
1222 1072 1343 1142 quia
1389 1072 1566 1127 omnia
1607 1085 1727 1140 quae
1768 1069 1935 1140 gloria

343 1172 522 1218 vestra
556 1163 794 1233 profert,
829 1175 973 1221 recta
1004 1179 1244 1236 veraque
1288 1180 1410 1221 esse
1456 1171 1778 1229 censentur;
1812 1164 1935 1232 quid

345 1254 605 1310 faciemus
628 1257 770 1327 quod
802 1258 1027 1329 populus
1059 1260 1235 1314 omnis
1260 1259 1314 1314 in
1344 1259 1529 1314 vitium
1563 1267 1644 1314 est
1672 1258 1932 1329 dilapsus,

345 1361 673 1417 omnemque
699 1350 971 1405 hominem
998 1364 1157 1419 agere
1180 1365 1297 1421 quae
1321 1357 1446 1404 sunt
1471 1350 1652 1420 iniqua
1675 1352 1936 1407 delectat?

345 1438 539 1495 Nullus
570 1456 750 1511 regem
784 1443 1001 1509 metuit,
1028 1442 1204 1497 nullus
1237 1443 1459 1511 ducem,
1489 1443 1663 1497 nullus
1688 1446 1934 1498 comitem

344 1543 627 1590 reveretur
654 1550 670 1589 :
706 1543 759 1590 et
788 1536 833 1591 si
865 1536 1109 1592 fortassis
1139 1536 1299 1593 alicui
1334 1538 1434 1592 ista
1463 1536 1767 1607 displicent,
1796 1546 1849 1592 et
1875 1553 1935 1593 ea

345 1641 448 1695 pro
478 1627 817 1698 longaevitate
848 1627 971 1683 vine
999 1636 1196 1684 vestrae
1223 1628 1517 1685 emendare
1548 1639 1795 1697 conatur,
1823 1638 1932 1685 sta-

345 1720 444 1774 tim
494 1719 688 1773 seditio
719 1719 772 1774 in
812 1720 1046 1790 populo,
1080 1721 1257 1775 statim
1306 1723 1562 1776 tumultus
1593 1722 1853 1789 exoritur,
1882 1730 1938 1795 et

2036 513 2200 571 vitam
2232 516 2608 587 adipiscereris
2634 524 2888 572 aetemam
2908 555 2923 581 ,
2952 524 3005 571 et
3030 516 3307 585 parvulum
3338 532 3494 587 quem
3526 533 3618 589 go-

2036 606 2199 661 nuisti
2246 607 2512 664 adducere
2538 608 2606 663 ad
2647 608 2938 679 legitimam
2977 625 3167 680 posses
3207 619 3442 667 retatem.
3492 611 3620 667 Haec

2036 696 2261 765 effatus,
2294 711 2416 753 cum
2446 699 2607 755 verba
2640 698 2781 755 illius
2824 701 3013 756 mulier
3057 703 3290 773 graviter
3316 703 3614 776 acciperet,

2038 803 2100 844 se
2134 803 2165 843 a
2210 800 2503 860 conspectu
2559 791 2675 861 ejus
2704 791 2829 849 felle
2864 792 3077 850 fervens
3119 795 3395 851 abstraxit.
3448 797 3621 853 Advo-

2038 881 2219 939 niente
2261 892 2445 937 autem
2496 883 2787 939 Dominicaa
2828 885 3258 943 Resurrectionis
3284 888 3372 943 die
3396 886 3452 955 ει,
3498 901 3617 944 cum

2037 976 2292 1031 sacerdos
2332 975 2497 1048 m3
2543 976 2609 1030 ad
2639 976 2908 1048 implenda
2936 980 3298 1036 ecclesiastica
3330 980 3509 1036 officia
3550 982 3617 1036 ad

2038 1068 2319 1125 ecclesiam
2364 1073 2625 1125 maturius
2670 1081 3041 1141 properasset,
3107 1072 3426 1142 antiphonas
3470 1074 3622 1144 juxta

2039 1165 2479 1220 consuetudinem
2514 1165 2753 1234 incipere
2781 1180 2877 1234 per
2903 1166 3146 1223 ordinem
3175 1170 3367 1238 erepit:
3394 1182 3625 1239 cumque

2043 1258 2184 1314 inter
2212 1258 2542 1329 psallendum
2572 1258 2820 1313 formulae
2846 1258 3218 1323 decumberet,
3263 1260 3495 1313 crudelis
3531 1259 3625 1313 ad-

2041 1350 2140 1406 fuit
2170 1350 2433 1406 homicida
2452 1395 2466 1421 ,
2499 1352 2589 1422 qui
2617 1351 2927 1420 episcopum
2957 1365 3117 1421 super
3142 1350 3424 1407 formulam
3448 1354 3627 1422 quies-

2041 1451 2284 1507 contem,
2328 1451 2575 1498 extracto
2627 1442 2788 1498 baltei
2835 1443 3044 1510 cultro,
3072 1442 3173 1496 sub
3209 1443 3406 1499 ascella
3438 1458 3625 1512 percu-

2040 1539 2121 1589 tit.
2157 1532 2249 1589 llle
2277 1550 2404 1590 vero
2435 1548 2619 1589 vocem
2661 1536 2944 1600 emittens,
2976 1543 3033 1590 ut
3061 1534 3242 1589 clerici
3271 1535 3359 1601 qui
3401 1536 3626 1591 aderant

2040 1627 2352 1696 adjuvarent
2372 1666 2387 1692 ,
2417 1627 2614 1681 nullius
2640 1626 2841 1681 auxilio
2868 1627 2936 1680 de
2977 1626 3136 1680 tantis
3176 1624 3512 1679 adstantibus
3543 1634 3627 1680 est

2039 1719 2271 1790 adjutus.
2303 1719 2371 1773 At
2411 1718 2500 1773 ille
2544 1718 2727 1789 plenas
2768 1718 3030 1786 sanguine
3067 1731 3258 1772 manus
3285 1730 3446 1785 super
3482 1715 3617 1772 alta-

345 1815 612 1870 intantum
645 1816 1007 1885 unusquisque
1040 1823 1227 1870 contra
1268 1815 1431 1886 402
1470 1816 1747 1870 Seuiorem
1791 1828 1933 1870 sava
1963 1815 2012 1875 B
2037 1816 2174 1869 rium
2219 1813 2515 1868 extendens
2544 1820 2596 1878 ο,
2631 1812 2928 1866 orationem
2975 1810 3233 1875 fundens,
3266 1818 3319 1865 et
3362 1808 3473 1864 Deo
3500 1823 3619 1878 gra-

344 1906 645 1962 intentione
667 1915 963 1978 grassatur,
986 1915 1047 1962 ut
1069 1906 1157 1961 vix
1187 1922 1246 1962 se
1272 1907 1457 1962 credat
1485 1906 1732 1973 evadere,
1756 1907 1799 1960 si
1828 1915 1938 1961 tan-

343 2001 471 2057 dem
516 1999 678 2057 silere
719 2000 1042 2071 nequiverit.
1073 2000 1151 2055 Ad
1195 2001 1309 2054 ham
1338 2013 1430 2054 rex
1462 1999 1537 2054 ait
1565 2016 1578 2054 :
1611 2000 1666 2055 Si
1698 2000 1818 2068 quis
1847 2012 1934 2053 se-

343 2097 526 2165 quitur
548 2093 849 2165 justitiam,
884 2096 1058 2160 vivat;
1092 2097 1136 2149 si
1168 2095 1288 2164 quis
1319 2095 1491 2164 legem
1521 2092 1936 2162 mandatumque

344 2198 585 2245 nostrum
613 2191 838 2260 respuit,
858 2187 967 2260 jam
998 2194 1202 2259 pereat,
1223 2203 1293 2242 ne
1319 2201 1416 2241 nos
1446 2186 1642 2242 diutius
1670 2186 1769 2241 hoc
1796 2185 1937 2240 blas-

342 2284 620 2355 phemium
668 2282 902 2355 (Gallice
942 2281 1147 2352 blame)
1195 2289 1567 2350 prosequatur.
1603 2280 1726 2335 Haec
1755 2294 1821 2336 eo
1849 2279 1933 2334 di-

312 2386 539 2443 Jcente,
571 2376 789 2431 advenit
835 2376 1086 2439 nuntius,
1114 2373 1300 2429 dicens
1350 2389 1366 2428 :
1415 2372 1747 2427 Richaredus
1797 2372 1937 2428 filius

342 2467 676 2524 Lsttvichildi
723 2467 792 2523 de
844 2467 1116 2537 Hispaniis
1164 2479 1441 2535 egressus,
1469 2464 1644 2533 Caput
1686 2465 1881 2520 Arietis
1908 2474 1935 2503 ⁸

343 2569 519 2616 castra
552 2560 804 2631 obtinuit,
834 2570 888 2615 et
920 2575 983 2613 ex
1018 2572 1154 2629 pago
1185 2558 1451 2613 Tolosano
1483 2557 1772 2612 maximam
1802 2571 1933 2627 par-

343 2660 453 2707 tem
484 2652 841 2721 depopulatns
886 2660 1000 2717 est,
1038 2652 1392 2720 hominesque
1424 2650 1664 2716 captivos
1692 2649 1930 2705 abduxit.

349 2741 627 2810 Ugernum
659 2741 687 2781 ι)
721 2738 1038 2796 Arelatense
1066 2750 1300 2796 castrum
1334 2741 1553 2811 irrupit,
1585 2756 1778 2811 resque
1806 2757 1935 2796 cun-

343 2842 461 2888 etas
511 2847 631 2887 cum
677 2831 983 2887 hominibus
1029 2830 1277 2896 abstulit;
1308 2840 1362 2887 et
1390 2834 1468 2886 sic
1499 2847 1559 2887 se
1590 2832 1721 2887 intra
1752 2838 1932 2887 muros

343 2921 727 2979 Nemauseusis
752 2922 901 2977 urbis
926 2922 1162 2977 inclusit.
1193 2921 1318 2978 Haec
1341 2923 1565 2978 audiens
1591 2940 1705 2989 rex,
1729 2924 1933 2981 Leude-

344 3013 553 3084 gisilum
579 3012 631 3067 in
659 3013 832 3067 locum
854 3011 1201 3079 Calumniosi,
1217 3023 1574 3083 cognomento
1595 3014 1857 3085 .Egilanis
1880 3026 1930 3081 ο,

346 3105 537 3161 ducem
568 3105 843 3176 deligens,
873 3120 1087 3160 omnem
1119 3107 1166 3158 ei
1196 3103 1532 3160 Provinciam
1562 3106 1927 3161 Arelatensem

2041 1903 2141 1961 tias
2170 1918 2361 1974 agens,
2393 1904 2444 1959 in
2485 1901 2789 1958 cubiculum
2822 1915 2977 1955 suum
3005 1900 3144 1956 inter
3176 1913 3366 1956 manus
3392 1898 3623 1955 fidelium

2036 1998 2346 2068 deportatus
2365 2037 2383 2063 ,
2415 2005 2468 2052 et
2498 1997 2551 2050 in
2579 2010 2732 2050 suum
2765 1994 3015 2049 lectulum
3053 1993 3348 2049 collocatus
3374 2002 3477 2048 est.
3507 1994 3626 2047 Sta-

2038 2090 2241 2160 timque
2265 2088 2631 2159 Fredegundis
2660 2102 2781 2143 cum
2805 2086 3108 2156 Beppoleno
3131 2086 3265 2142 duce
3289 2094 3344 2141 et
3365 2085 3626 2141 Ansoual-

2006 2182 2107 2237 cdo
2159 2183 2357 2248 adfuit,
2403 2182 2633 2235 dicens:
2677 2179 2792 2235 Non
2841 2186 3153 2249 oportuerat
3198 2179 3315 2236 hrec
3360 2179 3515 2234 nobis
3561 2192 3666 2234 ac'

2037 2276 2256 2345 reliquas
2284 2273 2425 2343 plebi
2477 2283 2614 2340 tute,
2645 2287 2679 2327 o
2719 2278 2905 2328 sancte
2940 2272 3223 2339 sacerdos,
3273 2281 3332 2327 ut
3382 2272 3483 2328 ista
3535 2281 3624 2327 tuo

2038 2367 2206 2423 cultui
2245 2367 2542 2422 evenirent.
2586 2364 2693 2421 Sed
2740 2364 2937 2421 utinam
2986 2364 3311 2421 indicaretur
3352 2365 3445 2432 qui
3496 2364 3618 2423 talia

2038 2476 2200 2517 ausus
2237 2470 2319 2515 est
2348 2470 2657 2530 perpetrare
2677 2499 2692 2525 ,
2740 2467 2803 2513 ut
2823 2458 2980 2528 digna
3009 2473 3105 2527 pro
3136 2457 3237 2513 hoc
3265 2456 3470 2513 scelere
3496 2470 3624 2527 sup-

2036 2554 2196 2625 plicia
2220 2553 2530 2609 sustineret.
2552 2552 2738 2608 Sciens
2764 2562 2940 2606 autem
2963 2565 3082 2605 eam
3103 2549 3357 2605 sacerdos
3385 2557 3501 2604 haec
3525 2552 3624 2613 do:-

2037 2646 2151 2703 lose
2180 2645 2450 2716 proferre,
2476 2644 2552 2699 ait
2586 2661 2599 2694 τ
2633 2643 2700 2697 Et
2738 2642 2857 2712 quis
2886 2640 2999 2699 haec
3028 2640 3185 2709 fecit,
3218 2642 3318 2696 nisi
3351 2642 3394 2694 is
3421 2640 3512 2710 qui
3540 2654 3626 2696 re-

2034 2752 2128 2809 ges
2154 2735 2456 2803 interemit,
2487 2736 2574 2806 qui
2605 2736 2801 2805 sapius
2823 2733 3138 2805 sanguinem
3170 2734 3512 2788 innocentem
3543 2731 3623 2787 ef—

2036 2833 2201 2896 fudit,
2226 2833 2314 2900 qui
2342 2832 2551 2886 diversa
2579 2830 2632 2885 in
2658 2829 2759 2884 hoc
2790 2843 2957 2898 regno
2987 2828 3124 2882 mala
3150 2826 3453 2881 commisit?
3485 2825 3622 2881 Res-

2035 2924 2221 2993 pondit
2251 2924 2446 2978 mulier
2483 2940 2497 2978 :
2536 2923 2674 2977 Sunt
2699 2923 2839 2991 apud
2889 2936 2989 2976 nos
3051 2920 3354 2989 peritissimi
3397 2919 3621 2989 medici,

2035 3013 2128 3087 qui
2154 3015 2276 3069 huic
2323 3015 2537 3069 vulneri
2571 3013 2773 3068 mederi
2809 3021 3052 3083 possunt.
3098 3012 3359 3067 Permitte
3387 3018 3447 3067 ut
3468 3014 3626 3067 acce-

2036 3105 2165 3160 dant
2203 3104 2270 3159 ad
2300 3113 2375 3160 te.
2405 3104 2474 3158 Et
2503 3103 2594 3159 ille
2620 3122 2634 3158 :
2664 3102 2783 3159 Jam
2804 3142 2818 3169 ,
2851 3103 3049 3174 inquit,
3094 3117 3180 3157 me
3207 3101 3349 3157 Deus
3388 3102 3628 3171 prmcipit

345 3197 633 3261 commisit,
664 3195 1021 3264 custodesque
1067 3210 1163 3265 per
1204 3195 1463 3250 terminos
1504 3211 1669 3265 super
1704 3206 1933 3267 quatuor
1962 3205 2007 3269 (ζ
2038 3197 2105 3253 de
2136 3196 2239 3253 hoc
2281 3198 2481 3252 mundo
2526 3198 2727 3252 vocari.
2779 3196 2910 3250 Nam
2953 3205 3008 3253 tu
3050 3209 3169 3265 quae
3210 3195 3293 3249 his
3333 3194 3625 3251 sceleribus

346 3288 583 3343 virorum
616 3287 785 3342 millia
817 3287 1126 3342 collocavit.
1169 3288 1275 3342 Sed
1306 3295 1361 3341 et
1390 3278 1625 3343 Nicetius
1664 3290 1932 3345 Arverno-

346 3397 466 3437 rum
498 3381 603 3435 dux
633 3382 883 3437 similiter
911 3394 1032 3436 cum
1062 3380 1378 3437 custodibus
1407 3382 1674 3452 perrexit,
1703 3392 1760 3440 et
1799 3384 1934 3441 ﬁnes

347 3472 579 3541 regionis
605 3471 848 3526 ambivit.

418 3562 613 3621 XXXI.
654 3565 787 3619 Dum
817 3563 931 3619 haec
954 3571 1260 3634 agerentur,
1289 3573 1344 3619 et
1387 3563 1757 3638 Fredegundis
1794 3569 1933 3638 apud

348 3657 835 3728 Rotbomagensem
881 3658 1067 3712 urbem
1105 3667 1549 3726 commoraretur,
1590 3660 1751 3715 verba
1790 3674 1935 3716 ama-

348 3749 596 3806 ritudinis
645 3764 766 3804 cum
821 3748 1146 3804 Praetextato
1193 3749 1444 3819 pontiﬁce
1486 3749 1699 3817 habuit,
1752 3750 1934 3808 dicens

348 3852 629 3899 venturum
663 3856 789 3898 esse
818 3852 1061 3911 tempus,
1094 3842 1310 3912 quando
1333 3843 1517 3899 exsilia
1547 3843 1600 3898 in
1628 3844 1819 3913 quibus
1843 3845 1937 3902 de-

349 3945 527 3992 tentus
568 3934 771 4003 fuerat,
805 3936 1086 3991 reviseret.
1145 3936 1210 3990 Et
1238 3936 1328 3991 ille
1360 3952 1375 3989 :
1411 3936 1523 4007 Ego
1563 3952 1776 4008 semper
1796 3948 1852 3995 et
1881 3940 1935 3995 in

348 4031 573 4095 exsilio,
624 4039 679 4084 et
708 4039 857 4084 extra
903 4029 1152 4085 exsilium
1190 4030 1479 4099 episcopus
1528 4030 1632 4098 fui,
1681 4046 1838 4098 sum,
1884 4044 1938 4089 et

350 4137 474 4188 ero;
506 4136 630 4176 nam
658 4130 713 4175 tu
745 4134 852 4176 non
878 4135 1092 4191 semper
1136 4120 1301 4190 regali
1350 4121 1588 4190 potentia
1620 4123 1933 4191 perfrueris.

350 4215 456 4271 Nos
480 4216 548 4273 ab
589 4215 777 4271 exsilio
820 4214 1190 4285 provehimur,
1235 4214 1505 4270 tribuente
1537 4215 1684 4284 Deo,
1722 4217 1777 4273 in
1816 4230 1936 4289 reg-

351 4322 476 4362 num
512 4324 527 4361 :
553 4314 609 4362 tu
636 4321 766 4362 vero
789 4305 857 4360 ab
882 4304 986 4361 hoc
1017 4319 1183 4376 regno
1214 4306 1620 4376 demergeristn
1660 4308 1933 4376 abyssum.

354 4400 573 4455 Rectius
604 4398 748 4455 enim
779 4408 896 4453 erat
926 4399 1054 4466 tibi,
1088 4407 1146 4453 ut
1174 4398 1358 4454 relicta
1388 4400 1609 4456 stultitia
1639 4409 1800 4474 atque
1828 4419 1940 4459 ma-

354 4493 491 4559 litia,
538 4491 648 4562 jam
684 4501 734 4548 te
758 4491 821 4546 ad
852 4490 1071 4547 meliora
1111 4500 1483 4559 converteres,
1529 4501 1583 4548 et
1613 4492 1681 4548 ab
1707 4492 1807 4551 hac
1826 4495 1940 4567 jac-

425 4637 451 4667 λ
477 4629 645 4698 Vulgo
686 4627 879 4683 dicitur
915 4626 1157 4698 (labaret.
1192 4624 1478 4698 Alteserrte
1518 4635 1600 4681 est
1631 4627 1933 4685 Castelnau-

355 4697 703 4781 eorumquod
735 4700 808 4754 ait
835 4698 1043 4781 a'Petrto
1067 4697 1231 4781 V‘allis
1258 4697 1467 4752 Cernaii
1510 4699 1561 4781 in
1593 4699 1820 4781 llistpria
1843 4702 1935 4756 Al-

356 4767 671 4844 liigt-nsitim
698 4770 957 4844 appellari
996 4767 1241 4844 Castrum
1291 4785 1483 4825 novum
1515 4769 1645 4837 Arii,
1703 4772 1758 4825 in
1808 4786 1936 4844 agro
1974 4786 1979 4789 ‘

357 4842 697 4907 Lauracensi,
735 4843 780 4895 Ie
804 4840 1146 4910 Lanraguuis.

425 4913 451 4950 ι)
477 4912 702 4967 Celebre
743 4920 823 4965 est
860 4909 997 4983 apud
1038 4918 1247 4983 veteres
1284 4919 1532 4983 auctores
1577 4909 1735 4977 hujus
1775 4916 1936 4969 castri

359 4999 573 5048 nomen,
617 4984 729 5048 ubi,
779 4992 1005 5037 testante
1051 4982 1293 5042 Sidonio,
1324 4982 1514 5035 Avitus
1560 4983 1818 5036 salutatus
1857 4994 1939 5039 est

358 5056 665 5126 imperator.
701 5054 1077 5126 llodieﬂtamen
1121 5061 1323 5126 mutato
1354 5052 1599 5126 nomine,
1627 5054 1769 5126 haud
1791 5066 1941 5111 certo

358 5120 566 5181 constat
596 5141 659 5179 an
693 5126 762 5179 sit
789 5124 994 5178 Bellum
1037 5122 1329 5189 Quadrum,
1364 5123 1523 5190 vulgo
1545 5120 1845 5187 Beaucaire,
1873 5141 1941 5181 an

358 5198 411 5252 in
451 5197 621 5252 insula
653 5194 1145 5265 Guernicatvnlgo
1176 5195 1227 5245 la
1256 5192 1476 5265 Vergrte,
1519 5207 1636 5265 qua).
1681 5208 1780 5246 vox
1812 5196 1943 5251 satis
1976 5230 1979 5231 ν

362 5268 573 5338 Ugerno
617 5268 891 5335 competit.
942 5264 1179 5338 Uterque
1229 5262 1571 5338 vero'lo_cus,
1625 5262 1943 5338 interposito

360 5333 538 5394 tamen
587 5333 872 5404 Rhodano,
924 5334 1252 5405 propinquus
1311 5333 1729 5399 estTarasconi,
1777 5350 1806 5388 a
1838 5353 1943 5405 quo

358 5419 515 5465 vetus
548 5409 814 5477 Ugcrnum
846 5404 1035 5475 parum
1061 5404 1318 5477 distitisse
1347 5413 1551 5477 certum
1578 5413 1681 5470 est,
1725 5406 1864 5477 sicut
1891 5417 1946 5463 et

358 5481 427 5534 ab
451 5473 665 5535 Arelate
709 5496 773 5534 ex
816 5473 935 5533 Vita
984 5477 1042 5535 S.
1070 5476 1310 5533 Cmsarii.
1346 5473 1668 5529 Hodiernum
1713 5474 1944 5546 appellat

360 5551 555 5607 Biclar.
588 5553 640 5605 in
661 5551 949 5606 Chronico.

435 5636 459 5664 ε
487 5622 642 5677 Colb.
674 5618 779 5687 rn.,
798 5620 986 5689 Regni.
1016 5629 1069 5675 et
1098 5618 1296 5675 Cbcsn.
1330 5617 1425 5681 al.,
1452 5618 1702 5687 Agitanis.

431 5692 460 5731 ιι
491 5693 548 5747 Id
573 5703 677 5760 est,
710 5693 795 5747 die
818 5688 1087 5748 Dominica
1119 5691 1255 5762 (quae
1281 5691 1333 5745 in
1355 5689 1617 5762 sequioris
1637 5688 1942 5762 asviaucto-

362 5765 513 5823 ribus
541 5767 738 5834 passim
780 5762 894 5816 dies
922 5760 1345 5834 resurrectionis
1370 5760 1658 5834 Dominica:
1697 5760 1939 5834 dicitur),
1970 5784 1973 5785 ν

364 5835 412 5891 si
451 5829 637 5893 verum
674 5835 746 5892 sit
783 5834 1161 5891 Prmtextatum
1213 5848 1265 5889 vt
1306 5831 1427 5888 Kal.
1455 5832 1669 5887 Martias
1722 5845 1812 5887 an.
1835 5829 1939 5889 586
1998 5864 2003 5871 -

2040 3292 2286 3361 princeps
2335 3291 2544 3345 inventa
2589 3303 2678 3354 es,
2728 3289 2834 3344 eris
2879 3288 3160 3343 maledicta
3208 3287 3262 3342 in
3294 3287 3525 3353 saeculo,
3571 3296 3629 3342 et

1996 3398 2001 3401 '
2037 3386 2139 3440 erit
2168 3384 2310 3440 Deus
2338 3384 2478 3439 ultor
2505 3383 2779 3455 sanguinis
2807 3382 2910 3439 mei
2937 3382 3005 3437 de
3033 3383 3208 3452 capite
3241 3391 3351 3439 tuo.
3379 3380 3625 3451 Cumque

2037 3477 2124 3533 illa
2169 3476 2502 3547 discederet,
2548 3475 2784 3546 pontifex
2832 3473 3074 3530 ordinata
3106 3474 3267 3529 domo
3292 3487 3419 3539 sua,
3462 3474 3623 3543 spiri-

2039 3581 2149 3627 tum
2182 3570 2469 3627 exbalavit.
2518 3569 2599 3624 Ad
2629 3582 2787 3639 quem
2835 3565 3200 3638 sepeliendum
3243 3565 3630 3621 Romacharius

2036 3663 2405 3721 Constantina:
2458 3662 2606 3718 urbis
2638 3660 3202 3732 episcopus-advenit.
3250 3660 3474 3729 Magnus
3504 3668 3630 3714 tunc

2037 3774 2226 3816 omnes
2258 3760 2718 3830 Rothomagenses
2744 3760 2919 3824 cives,
2965 3766 3020 3812 et
3048 3757 3346 3827 praesertim
3387 3756 3631 3811 seniores

2041 3853 2145 3907 loci
2177 3854 2321 3908 illius
2350 3855 2612 3917 Francos,
2657 3863 2857 3907 mceror
2881 3850 3112 3905 obsedit.
3160 3850 3239 3904 Ex
3269 3848 3464 3918 quibus
3495 3863 3632 3901 unus

2038 3945 2222 4001 senior
2251 3946 2317 3999 ad
2363 3943 2771 4016 Fredegundem
2818 3942 3071 4008 veniens,
3120 3941 3243 3995 ait:
3287 3938 3448 3993 Multa
3488 3937 3632 3995 enim

2041 4039 2179 4094 mala
2208 4041 2260 4094 in
2289 4039 2390 4093 hoc
2418 4038 2616 4095 saeculo
2647 4036 2993 4106 perpetrasti,
3028 4033 3120 4089 sed
3147 4032 3324 4089 adhuc
3348 4032 3502 4103 pejus
3524 4046 3625 4088 non

2042 4131 2280 4199 feceras,
2317 4144 2476 4200 quam
2507 4138 2564 4184 ut
2610 4128 2945 4183 sacerdotem
2980 4125 3072 4181 Dei
3110 4125 3326 4195 juberes
3374 4124 3627 4179 interfici.

2040 4225 2118 4282 Sit
2151 4225 2294 4280 Deus
2326 4224 2466 4278 ultor
2510 4223 2783 4293 sanguinis
2823 4219 3125 4276 innocentis
3153 4218 3441 4285 velociter;
3472 4216 3636 4289 “5.

2042 4332 2167 4373 nam
2194 4325 2246 4371 et
2272 4330 2463 4370 omnes
2490 4316 2693 4371 erimus
2715 4313 3061 4385 inquisitores
3090 4310 3217 4366 mali
3239 4309 3431 4380 hujus,
3462 4320 3519 4365 ut
3540 4310 3635 4365 tibi

2043 4408 2239 4465 diutius
2268 4423 2373 4463 non
2397 4408 2553 4463 liceat
2583 4416 2691 4461 tam
2714 4404 2953 4461 crudelia
2981 4417 3268 4459 exercere.
3300 4400 3434 4457 Cum
3458 4410 3636 4456 autem

2043 4500 2158 4557 hrec
2186 4499 2366 4555 dicens
2397 4498 2699 4556 discederet
2738 4511 2769 4552 a
2798 4504 3092 4566 conspectu
3118 4492 3345 4566 reginae,
3377 4493 3522 4549 misit
3544 4491 3636 4573 illa

1965 4635 2017 4697 ι)
2043 4634 2275 4698 obiisse,
2307 4647 2412 4704 quo
2450 4631 2536 4687 die
2582 4631 2634 4704 in
2666 4629 2943 4704 Martyrol.
2979 4629 3223 4704 Romano
3273 4637 3626 4704 memoratur,

2043 4705 2130 4760 die
2155 4718 2280 4760 vero
2310 4699 2549 4775 sequenti
2598 4703 2651 4757 in
2681 4699 3237 4775 apograpbo_USttardt
3262 4700 3509 4775 ecclesiae
3531 4699 3638 4775 Ro-

2044 4769 2411 4843 thomagensis
2443 4782 2689 4828 recenter
2718 4769 2940 4841 scripto.
2974 4771 3124 4825 Hunc
3154 4780 3333 4824 tamen
3359 4769 3538 4843 locum
3570 4772 3639 4843 de

2046 4839 2286 4902 Paschali
2322 4845 2610 4900 feSIivitate
2640 4839 2886 4912 intelligit
2909 4843 3278 4912 llensehenins
3307 4839 3372 4892 ad
3402 4839 3543 4891 diem
3570 4839 3640 4891 ‘24

2049 4916 2206 4971 Febr.
2240 4916 2503 4981 Bolland.,
2532 4912 2619 4970 cui
2651 4914 2796 4969 favet
2816 4908 3133 4981 Anonymus
3180 4908 3323 4965 infra
3366 4912 3636 4981 laudatus.

2050 4988 2281 5054 Ideoque
2349 4979 2654 5040 Prmtextati
2723 4994 2946 5039 mortem
2980 4979 3302 5054 “Aprilis
3347 4979 3640 5054 contigisse

2048 5052 2253 5125 scribit,
2282 5072 2387 5123 quo
2416 5056 2503 5109 die
2531 5070 2619 5107 an.
2647 5054 2752 5109 586
2778 5054 2976 5125 Pascha
3009 5052 3337 5125 celebratum
3371 5058 3469 5103 est.
3502 5053 3642 5103 Sub-

2049 5122 2264 5195 scripsi't
2295 5122 2651 5180 Praetextatus
2681 5126 2886 5179 Concil.
2922 5124 3093 5195 Paris.
3134 5137 3223 5185 ιιι,
3255 5122 3455 5175 Turon.
3500 5135 3559 5183 tt,
3589 5132 3642 5175 et

2049 5194 2264 5251 demum
2306 5196 2510 5250 Matisc.
2542 5210 2601 5259 ll,
2650 5209 2736 5248 an.
2765 5195 2894 5261 585,
2938 5194 3080 5248 unde
3110 5199 3256 5262 patet
3282 5194 3402 5259 ejus
3452 5205 3642 5262 necem

2048 5269 2113 5322 ad
2143 5283 2231 5321 an.
2263 5268 2386 5334 586,
2419 5267 2556 5321 sicut
2584 5275 2632 5319 et
2662 5280 2725 5320 ea
2756 5281 2876 5336 quae
2902 5267 2981 5318 his
3003 5260 3267 5333 capitibus
3298 5270 3481 5317 narrat
3508 5260 3642 5317 Gre-

2052 5338 2250 5411 gorius,
2292 5352 2414 5393 esse
2442 5338 2804 5411 referendam.

2124 5420 2148 5446 ι’
2182 5400 2495 5481 Attonymus
2533 5408 2623 5474 qui
2663 5407 2860 5462 smculo
2889 5404 3175 5481 undecimo
3206 5400 3339 5481 Acta
3376 5401 3644 5481 archiepi:

2047 5474 3174 5551 scoporum'Rotltotnagensium_scripsit,
3217 5474 3361 5529 edita
3415 5486 3547 5551 tom.
3592 5475 3641 5531 ll

2049 5547 2291 5608 Analect.
2349 5547 2653 5618 Mabillon.,
2700 5549 2778 5603 sic
2822 5547 3018 5601 habet:
3056 5547 3153 5613 Qui
3203 5562 3323 5600 mox
3347 5555 3399 5599 ut
3429 5547 3642 5618 vulnera

2045 5625 2229 5689 sensit,
2259 5623 2327 5676 ad
2356 5624 2517 5675 altare
2542 5617 2801 5681 cucurrit,
2836 5630 2883 5673 et
2907 5619 3036 5671 illud
3067 5618 3423 5685 amplexatus,
3456 5617 3639 5689 viatico

2046 5684 2304 5819 οῗῶιξᾶξῇῗὶ
2331 5693 2557 5764 corporis
2579 5700 2627 5749 et
2650 5690 2914 5773 sanguinis
2935 5706 2988 5747 se
3007 5684 3263 5760 muniam,
3287 5690 3512 5746 animum
3532 5684 3641 5743 Deo

2046 5780 2099 5819 re
2174 5781 2188 5819 τ
2228 5781 2244 5818 ι
2272 5804 2289 5819 .

2044 5764 2289 5822 reddidit.
