4096 6344
504 281 602 337 871

1469 279 1528 340 S.
1569 278 1896 339 GREGORII
1935 275 2245 337 EPISCOPI
2276 269 2710 331 TURONENSIS

3679 271 3791 329 47!

503 398 594 471 qui
624 411 746 454 eum
767 395 832 453 ad
849 394 1152 452 convivium
1183 404 1516 465 provocarct.
1547 394 1663 462 Quo
1686 404 1971 462 renuente,
1997 409 2086 449 ro-
2110 395 2162 456 Δ
2191 391 2464 448 maleficiis
2493 390 2757 446 Francum
2789 388 2948 460 jussit
2975 388 3231 446 interﬁci.
3274 387 3340 445 Et
3368 387 3451 446 his
3481 388 3643 446 dictis
3674 389 3792 446 dis—

503 502 594 565 gat
621 502 678 547 ut
705 507 749 547 si
777 489 1022 546 convivio
1051 493 1166 560 ejus
1194 488 1266 543 uti
1317 503 1422 542 non
1453 488 1612 555 velit,
1642 487 1832 543 saltem
1875 487 1962 542 vel
1991 500 2087 557 po-

504 584 685 640 culum
730 582 969 645 hauriat,
1017 595 1084 634 ne
1115 578 1329 650 jejunus
1359 593 1387 632 a
1430 578 1594 649 regali
1624 579 1786 634 domo
1828 577 2083 634 discedat.

508 676 626 745 Quo
653 681 1020 744 exspectante,
1061 680 1280 741 accepto
1313 671 1536 742 poculo,
1571 671 1706 728 bibit
1748 671 2088 742 absynthium

503 784 626 826 cum
663 770 786 825 vino
831 777 887 824 et
915 768 1074 824 melle
1113 766 1373 833 mixtum,
1424 777 1482 822 ut
1525 782 1642 823 mos
1683 767 2030 824 barbarorum
2061 778 2088 807 ι

503 862 706 918 habet:
755 861 849 918 sed
891 861 976 918 hic
1011 870 1167 931 potus
1192 874 1400 917 veneno
1445 862 1680 916 imbutus
1719 872 1853 917 erat.
1900 863 2088 918 Statim

506 963 682 1010 autem
710 962 768 1009 ut
796 954 961 1021 bibit,
1005 955 1172 1010 sensit
1218 953 1420 1026 pectori
1469 967 1566 1008 suo
1595 954 1832 1009 dolorem
1859 954 2089 1010 validum

504 1044 820 1115 imminere,
853 1057 908 1103 et
936 1045 1090 1118 quasi
1139 1047 1184 1101 si
1230 1045 1554 1101 incideretur
1601 1045 1950 1112 intrinsecus,
1991 1062 2088 1102 ex-

503 1138 700 1194 clamat
727 1139 862 1205 suis,
895 1139 1078 1195 dicens
1111 1157 1124 1192 :
1162 1138 1369 1208 Fugite,
1401 1152 1433 1193 o
1463 1138 1672 1202 miseri,
1703 1138 1865 1207 fugite
1893 1139 2088 1194 malum

502 1233 638 1299 hoc,
693 1248 761 1289 ne
809 1248 1014 1289 mecum
1057 1233 1256 1303 pariter
1319 1231 1674 1301 perimamini.
1732 1231 1838 1287 Illis
1881 1248 2092 1302 quoque

501 1341 610 1381 non
659 1325 1002 1394 bibentibus,
1051 1325 1144 1380 sed
1175 1323 1551 1380 festinantibus
1578 1324 1758 1392 abire,
1808 1325 1896 1380 ille
1929 1325 2093 1394 proti-

504 1433 608 1474 nus
635 1430 962 1483 excaecatus,
1015 1430 1348 1486 ascensoquc
1390 1431 1552 1486 equo,
1598 1417 1650 1470 in
1699 1415 1858 1471 tertio
1897 1416 1964 1470 ab
1993 1417 2094 1471 hoc

506 1511 629 1567 loco
655 1511 830 1568 stadio
868 1510 1083 1576 cecidit,
1115 1519 1170 1565 et
1197 1519 1436 1564 mortuos
1475 1517 1578 1567 est.
1614 1508 1857 1563 Posthaec
1879 1509 2092 1564 Leudo-

502 1603 690 1658 valdus
732 1601 1016 1672 episcopus
1056 1598 1084 1640 δ
1115 1600 1372 1670 epistolas
1413 1616 1508 1670 per
1551 1616 1738 1657 omnes
1783 1601 2094 1658 sacerdotes

501 1694 725 1761 direxit,
760 1703 813 1748 et
852 1702 1073 1762 accepto
1101 1694 1324 1748 consilio
1353 1693 1608 1748 ecclesias
1635 1693 2097 1763 Rothomagenses

2192 493 2493 548 cesserunt,
2537 483 2741 538 nullum
2784 483 3102 539 rationabile
3158 497 3475 554 responsum
3512 485 3794 553 accipien-

2193 586 2303 643 tes;
2337 577 2668 632 obtestantes
2704 578 2924 632 omnino
2963 586 3019 632 ut
3050 590 3319 646 nunquam
3358 576 3410 630 in
3437 576 3668 632 ecclesia
3699 577 3791 630 illa

2193 670 2494 740 Melantius,
2545 671 2634 741 qui
2677 671 2827 741 prius
2865 671 2917 724 in
2960 669 3078 726 loco
3118 668 3420 726 Praetextati
3463 670 3795 742 subrogatus

2195 765 2390 831 fuerat,
2421 764 2718 821 sacerdotis
2749 765 3058 835 fungeretur
3085 762 3286 819 officio.
3419 755 3423 760 ’

2263 856 2484 912 XXXII.
2512 856 2674 911 Multa
2699 859 2840 912 enim
2871 856 2971 911 hoc
3000 864 3243 924 tempore
3279 854 3415 910 mala
3445 863 3601 926 gesta
3633 865 3795 911 sunt.

2191 947 2325 1002 Nam
2357 948 2614 1002 Domnola
2645 948 2830 1002 relicta
2875 947 3146 1018 quondam
3191 945 3494 1014 Burgoleni,
3538 961 3662 1014 qua:
3694 946 3801 1001 fuit

2201 1038 2307 1092 tilia
2337 1038 2557 1093 Victorii
2584 1037 2956 1094 Rhedonensis
2985 1036 3224 1107 episcopi
3253 1046 3301 1104 ο,
3329 1037 3803 1106 quathectarius

2195 1130 2536 1184 matrimonio
2562 1131 2930 1200 copulaverat,
2976 1129 3324 1184 intentionem
3363 1129 3431 1184 de
3465 1128 3639 1184 vineis
3667 1146 3804 1184 cum

2197 1222 2468 1280 Boboleno
2499 1221 2519 1260 ί
2554 1220 2920 1278 referendario
2965 1220 3330 1291 Fredegundis
3379 1220 3630 1275 habebat.
3678 1222 3804 1277 Au-

2196 1319 2348 1376 diens
2378 1335 2496 1375 eam
2522 1321 2572 1375 in
2607 1320 2703 1375 has
2733 1320 2920 1376 vineas
2943 1319 3250 1391 advenisse,
3273 1318 3418 1374 misit
3441 1317 3658 1372 nuntios
3693 1316 3801 1369 ob-

2198 1420 2456 1469 testantes
2489 1430 2554 1468 ne
2599 1414 2805 1484 ingredi
2847 1416 3061 1485 penitus
3106 1415 3157 1469 in
3212 1413 3348 1469 hanc
3392 1412 3804 1482 possessionem

2206 1517 2582 1574 praesumeret.
2630 1507 2782 1575 Quod
2824 1509 2911 1564 illa
2943 1507 3267 1578 despiciens,
3300 1515 3353 1561 et
3396 1520 3482 1560 res
3509 1505 3681 1576 patris
3715 1502 3805 1557 sui

2200 1599 2364 1656 fuisse
2394 1601 2762 1670 proclamans,
2796 1602 3035 1672 ingressa
3070 1609 3174 1657 est.
3209 1600 3357 1654 Tunc
3397 1598 3488 1654 ille
3512 1606 3802 1653 commota

2201 1693 2488 1760 seditione,
2523 1709 2682 1764 super
2709 1709 2825 1750 eam
2869 1708 2991 1748 cum
3042 1694 3266 1748 armatis
3290 1693 3421 1748 viris
3459 1691 3655 1747 irruit:
3684 1704 3802 1759 qua

499 1787 713 1855 clausit,
751 1793 806 1841 ut
835 1785 888 1841 in
921 1785 1002 1842 bis
1043 1786 1274 1855 populus
1317 1785 1578 1842 solemnia
1623 1787 1802 1842 divina
1832 1802 1939 1843 non
1971 1804 2094 1858 spe-
2123 1769 2499 1852 B'inlerfecta,
2523 1789 2706 1842 vineas
2730 1787 3092 1851 vindemiavit,
3118 1803 3311 1859 resque
3330 1787 3570 1856 diripuit,
3603 1797 3658 1842 et
3680 1797 3804 1841 tam

502 1887 696 1944 claret,
730 1876 902 1934 donec
934 1877 1275 1948 indagatione
1295 1879 1564 1933 communi
1593 1882 1916 1947 reperiretur
1939 1881 2096 1950 hujus

501 1977 690 2023 auctor
701 1968 944 2023 sceleris.
960 1967 1064 2023 Sed
1083 1968 1356 2038 etaliquos
1368 1969 1744 2038 apprehendit,
1761 1971 1954 2040 quibus
1968 1989 2098 2043 sup-

500 2059 662 2129 plicio
687 2060 947 2123 subditis,
975 2061 1258 2117 veritatem
1288 2063 1552 2126 extorsit,
1586 2063 1815 2133 qualiter
1845 2079 1940 2134 per
1970 2080 2098 2120 con-

500 2150 681 2207 silium
707 2150 1076 2221 Fredegundis
1108 2153 1222 2208 haec
1249 2162 1367 2208 acta
1399 2153 1612 2210 fuerant
1639 2173 1649 2208 :
1685 2156 1776 2211 sed
1812 2173 1868 2210 ea
1903 2159 2095 2214 defen-

500 2253 675 2310 sante,
710 2244 897 2300 ulcisci
930 2261 1036 2300 non
1069 2247 1260 2314 potuit.
1317 2245 1770 2304 Ferebantetiam
1815 2250 1881 2306 ad
1923 2251 2098 2322 ipsum

502 2350 848 2407 percussores
876 2337 1110 2403 venisse,
1153 2351 1252 2407 pro
1280 2353 1345 2394 eo
1368 2339 1510 2407 quod
1545 2338 1662 2395 hmo
1714 2341 1985 2412 inquirere
2015 2359 2100 2399 sa-

500 2431 706 2500 gaciter
745 2429 1069 2496 destinaret;
1103 2430 1198 2486 sed
1226 2431 1469 2486 custodia
1511 2432 1712 2488 vallato
1741 2449 1986 2500 suorum,
2020 2436 2100 2489 ni-

503 2520 584 2577 hil
613 2522 661 2576 ei
710 2536 908 2577 nocere
931 2531 1238 2592 potuerunt.
1287 2522 1472 2590 Itaque
1513 2537 1635 2578 cum
1683 2524 1794 2578 haec
1825 2525 1891 2580 ad
1927 2525 2099 2582 Gunt-

504 2612 824 2668 chramnum
866 2628 1051 2684 regem
1102 2613 1306 2683 perlata
1334 2613 1585 2682 fuissent,
1612 2623 1668 2670 et
1689 2617 1893 2672 crimen
1936 2632 2101 2688 super

505 2706 790 2763 mulierem
828 2706 1122 2775 iaceretur,
1155 2706 1304 2762 misit
1342 2715 1451 2763 tres
1482 2709 1765 2778 episcopos
1803 2710 1868 2765 ad
1911 2711 2097 2779 filium,

511 2799 605 2871 qui
632 2813 754 2855 esse
775 2797 973 2854 dicitur
990 2796 1300 2867 Chilperici,
1326 2813 1482 2868 quem
1496 2798 1746 2870 superius
1766 2799 2100 2858 Clotharium

505 2891 980 2964 scripsimus(Lib.
1013 2907 1108 2960 vtt,
1139 2909 1254 2962 cap.
1285 2891 1341 2964 6)
1371 2893 1690 2961 vocitatum,
1726 2897 1777 2951 id
1803 2907 1886 2952 est
1910 2897 2104 2953 Arthe-

506 2985 676 3042 mium
729 2984 1076 3050 Senonicum,
1127 2983 1400 3042 Veranum
1459 2986 1919 3044 Cavellionensem
1955 2998 2003 3057 ο,
2051 2997 2104 3045 et

509 3077 796 3148 Agreciutn
827 3079 1188 3134 Tricassinum
1209 3120 1222 3145 ,
1260 3087 1316 3134 ut
1345 3079 1548 3136 scilicet
1569 3139 1572 3141 ἓ
1595 3096 1715 3136 cum
1757 3082 1839 3137 his
1869 3084 1954 3152 qui
1981 3097 2101 3152 par-

2201 1887 2344 1940 viros
2391 1899 2548 1954 quam
2580 1883 2864 1950 mulieres,
2895 1884 2986 1952 qui
3019 1898 3138 1938 cum
3168 1897 3232 1938 ea
3277 1891 3465 1948 erant,
3515 1881 3804 1936 interfecit

2201 1977 2401 2048 gladio,
2433 1991 2531 2033 nec
2557 1977 2812 2033 remansit
2861 1991 2928 2032 ex
2965 1975 3083 2040 his.
3116 1976 3220 2033 nisi
3263 1977 3354 2047 qui
3394 1976 3518 2047 fuga
3553 1975 3658 2030 labi
3689 1990 3808 2044 po-

2202 2073 2323 2124 tuit.

2275 2159 2517 2216 XXXIII.
2554 2161 2769 2216 Exstitit
2795 2168 2974 2217 autem
3003 2160 3058 2217 in
3089 2161 3170 2217 his
3201 2159 3392 2216 diebus
3436 2160 3573 2230 apud
3600 2159 3804 2214 urbem

2203 2253 2525 2310 Parisiacam
2575 2254 2786 2320 mulier,
2820 2254 2981 2326 hoc
3009 2270 3129 2325 qum
3161 2253 3366 2308 diceret
3408 2253 3597 2308 incolis
3633 2270 3645 2303 :
3680 2251 3804 2306 Fu-

2205 2348 2312 2418 gite
2335 2348 2402 2403 ab
2433 2347 2585 2412 urbe,
2610 2356 2664 2402 et
2694 2349 2884 2403 scitote
2907 2362 3026 2401 eam
3054 2346 3301 2402 incendio
3323 2343 3802 2401 concremandam.

2203 2442 2332 2510 Quae
2360 2455 2482 2496 cum
2529 2456 2559 2494 a
2604 2440 2789 2495 multis
2835 2440 3178 2503 irrideretur,
3212 2439 3352 2511 quod
3387 2439 3501 2493 haec
3539 2449 3632 2493 aut
3677 2452 3805 2493 εον-

2205 2534 2334 2588 timn
2368 2533 2631 2603 praesagio
2660 2532 2898 2598 diceret,
2929 2543 3021 2587 aut
3057 2547 3188 2586 vana
3222 2531 3404 2601 aliqua
3448 2529 3804 2595 somniasset,

2204 2636 2296 2682 aut
2327 2636 2473 2682 certe
2528 2626 2777 2681 dzemonii
2831 2625 3114 2682 meridiani
3172 2625 3268 2695 (V.
3297 2625 3386 2680 lib.
3411 2640 3462 2679 tv
3490 2625 3553 2679 de
3575 2623 3703 2678 uir.
3725 2623 3801 2680 S.

2215 2718 2452 2783 Martini,
2505 2736 2621 2786 cap.
2651 2718 2744 2788 36)
2777 2717 2891 2773 haec
2932 2719 3186 2773 instinctu
3230 2717 3531 2787 proferret,
3565 2731 3805 2786 respon-

2205 2813 2282 2868 dit
2315 2829 2329 2867 :
2362 2811 2706 2882 Nequaquam
2745 2821 2828 2867 est
2875 2811 2946 2866 ita
2979 2820 3036 2865 ut
3063 2810 3263 2866 dicitis.
3304 2810 3436 2865 Nam
3481 2809 3533 2864 in
3563 2810 3808 2864 veritate

2205 2907 2414 2976 loquor,
2442 2906 2565 2975 quia
2589 2904 2697 2959 vidi
2731 2919 2826 2974 per
2856 2905 3120 2960 somnium
3149 2919 3178 2956 a
3204 2901 3424 2976 basilica
3451 2902 3612 2955 sancti
3649 2899 3810 2954 Vin-

2205 2998 2367 3056 centii
2391 2998 2693 3054 venientem
2723 2998 2895 3052 virum
2921 2997 3300 3062 illuminatum,
3329 3004 3588 3052 tenentem
3614 3009 3806 3050 manu

2207 3104 2446 3154 cereum,
2472 3097 2526 3145 ct
2557 3088 2746 3145 domos
2776 3090 3137 3158 negotiantum
3159 3102 3225 3143 ex
3246 3088 3433 3142 ordine
3456 3088 3802 3143 succenden-

509 3171 693 3228 vulum
724 3171 1049 3240 nutriebant,
1081 3174 1457 3244 perquirerent
1487 3174 1644 3244 hujus
1669 3175 1887 3232 sceleris
1914 3191 2103 3245 perso-
2133 3165 2178 3229 C
2211 3190 2340 3238 gem,
2375 3181 2614 3251 Denique
2637 3192 2753 3250 post
2780 3183 2988 3236 tertiam
3022 3189 3234 3235 noctem
3265 3178 3407 3249 quod
3440 3178 3554 3234 haec
3596 3180 3804 3236 mulier

507 3277 654 3330 nam,
701 3273 756 3318 et
803 3263 856 3318 in
895 3273 1189 3333 conspectu
1227 3263 1346 3334 ejtts
1382 3265 1720 3320 exhiberent.
1773 3267 1927 3334 Quod
1977 3283 2097 3323 cum

509 3356 823 3415 sacerdotes
867 3355 1027 3412 locuti
1071 3355 1329 3420 Iuissent,
1379 3357 1774 3427 responderunt
1826 3360 2100 3416 seniores:

512 3447 676 3520 ωδ
707 3447 870 3502 Nobis
914 3461 1134 3515 prorsus
1165 3449 1280 3504 haec
1319 3449 1458 3505 facta
1504 3451 1812 3520 displicent,
1843 3461 1897 3506 et
1937 3454 2106 3522 magis

514 3553 579 3596 ac
614 3537 784 3608 magis
822 3552 886 3593 ea
919 3537 1161 3608 cupimus
1201 3541 1404 3597 ulcisci.
1446 3540 1578 3596 Nam
1617 3557 1724 3598 non
1758 3552 1932 3613 potest
1966 3542 2101 3612 fieri,

515 3640 576 3688 ut
605 3631 650 3688 si
681 3631 804 3702 quis
830 3630 970 3686 inter
997 3646 1096 3687 nos
1132 3632 1411 3703 colpabilis
1451 3634 1738 3700 invenitur,
1766 3635 1818 3690 in
1849 3651 2107 3706 conspec-

516 3735 631 3783 tum
677 3724 823 3796 regis
862 3725 1026 3780 vestri
1069 3724 1383 3790 deducatur,
1406 3739 1526 3781 cum
1574 3743 1670 3783 nos
1711 3730 1976 3798 possimus
2011 3720 2131 3785 no?

517 3828 753 3876 strorum
768 3817 1006 3874 facinora
1023 3818 1187 3886 regali
1201 3820 1480 3876 sanctione
1497 3823 1852 3892 comprimere
1881 3823 1929 3878 ά.
1954 3823 2107 3880 Tunc

517 3916 831 3969 sacerdotes
853 3909 1102 3968 dixerunt
1127 3927 1139 3966 :
1165 3909 1432 3968 Noveritis
1461 3913 1623 3983 enim,
1651 3916 1777 3986 quia
1805 3917 1851 3971 si
1880 3931 2107 3986 persona

517 4020 637 4078 quas
677 4008 795 4062 haec
830 4008 1183 4077 perpetravit,
1231 4007 1284 4063 in
1329 4005 1506 4062 medio
1546 4008 1716 4078 posita
1763 4025 1870 4065 non
1911 4010 2103 4078 fuerit,

515 4109 619 4157 rex
642 4109 826 4155 noster
859 4114 979 4155 cum
1027 4099 1269 4156 exercitu
1311 4101 1413 4157 huc
1452 4102 1693 4171 veniens,
1728 4117 1941 4158 omnem
1972 4107 2109 4160 hanc

515 4191 796 4265 regionem
841 4193 1019 4266 gladio
1063 4194 1418 4266 incendioque
1463 4197 1690 4252 vastabit
1723 4213 1736 4251 :
1769 4197 1894 4266 quia
1940 4197 2110 4252 mani-

516 4290 715 4347 festum
750 4301 834 4348 est
861 4289 999 4347 hanc
1035 4289 1372 4348 interfecisse
1405 4291 1584 4362 gladio
1613 4291 1958 4362 episcopum,
1989 4307 2108 4363 quae

592 4446 735 4505 llSic
782 4448 1042 4520 Francos
1087 4448 1288 4518 passim
1332 4449 1566 4520 appellat
1613 4449 1919 4520 Gregorius.
1973 4451 2108 4505 Vino

518 4527 699 4602 autem
734 4519 1121 4610 Aabsynthiaco,
1169 4519 1515 4610 nonoharblari
1564 4519 2108 4610 soluttiﬂsedetnﬂo-
2137 4550 2190 4610 Ι)

518 4593 663 4645 mani
694 4591 979 4648 utebantur
1006 4590 1055 4642 in
1083 4592 1363 4655 conviviis,
1399 4601 1455 4644 ut
1483 4607 1546 4646 ex
1571 4592 1866 4660 Capitolino
1897 4593 1948 4646 in
1975 4592 2107 4647 Gor-

521 4663 707 4728 diano,
737 4675 792 4719 et
815 4661 1122 4732 Lampridio
1155 4662 1205 4717 in
1230 4662 1616 4730 IIieliogabalo,
1648 4665 1707 4720 S.
1734 4662 2023 4718 Ambrosio
2049 4664 2110 4717 li-

518 4735 621 4789 bro
643 4734 710 4788 de
732 4735 924 4800 'I‘nbia,
949 4745 1002 4791 et
1029 4734 1148 4787 aliis
1178 4733 1491 4788 auctoribus
1522 4743 1686 4802 patet.
1717 4736 1789 4791 De
1816 4735 1918 4789 hoc
1947 4734 2110 4790 etio-

520 4819 619 4863 nas
652 4807 704 4859 in
737 4807 860 4861 Vita
892 4805 1064 4861 sancti
1090 4805 1424 4860 Columbani.

592 4874 691 4931 διε
733 4886 852 4932 erat
893 4880 1057 4945 episc.
1112 4876 1485 4944 Baiocassintts
1526 4891 1592 4932 ex
1634 4877 1726 4930 lib.
1763 4891 1836 4937 ιιι,
1866 4890 1982 4942 cap.
2020 4876 2108 4943 I3,

519 4947 676 5017 cujus
695 4950 852 5005 sedes
875 4958 958 5004 est
985 4949 1153 5012 prima
1180 4949 1232 5001 in
1262 4947 1506 5016 Lugdun.
1536 4947 1574 5000 ΙΙ
1600 4956 1723 5015 post
1746 4947 2107 5014 metropolitn;

520 5021 666 5076 unde
709 5021 939 5077 viduata:
968 5018 1426 5090 Rothomagensis
1457 5017 1712 5073 Ecclesiae
1758 5032 1942 5072 curam
1987 5028 2109 5074 tunc

519 5094 778 5150 suscepit.
835 5127 840 5132 -

595 5111 903 5220 :cgliclomss.
927 5171 981 5219 et
1007 5170 1182 5224 recte;
1217 5177 1339 5215 nam
1365 5161 1791 5216 Cabillouensem
1820 5160 2110 5218 Ecclesiam

521 5245 648 5291 tunc
665 5237 898 5296 Flavius,
911 5233 1376 5288 Cavellionensem
1397 5249 1543 5297 vero,
1561 5248 1652 5287 seu
1667 5232 2108 5297 Cavellicensem,

527 5307 810 5367 Cavaillon,
840 5305 1104 5371 Veratius,
1137 5304 1415 5369 regebant.
1443 5305 1677 5368 Uterque
1709 5306 1878 5358 Cone.
1905 5303 2108 5359 Matisc.

526 5392 614 5430 an.
642 5377 746 5431 585
777 5377 1114 5446 subscripsit.
1158 5375 1296 5429 Editi
1328 5375 1467 5446 male
1496 5374 1916 5446 Cabillonensem.
1947 5375 2112 5443 Ilujus

528 5446 720 5501 Verani
754 5448 869 5501 Vita
918 5445 1092 5502 exStat
1144 5457 1288 5500 tomo
1330 5461 1364 5503 ιι
1397 5445 1648 5499 Biblioth.
1705 5461 1858 5500 nova:
1888 5446 2106 5509 Labbei,

525 5532 645 5641 reg.
692 5517 824 5582 690;
877 5519 1007 5573 obiit
1055 5535 1111 5574 ιιι
1163 5519 1284 5571 Idus
1311 5516 1651 5579 Novembris,
1701 5518 1792 5572 sed
1850 5516 1968 5584 ipso
2023 5518 2109 5572 die

554 5590 715 5641 duum
742 5588 859 5641 eius
891 5591 1080 5641 festum
1112 5589 1416 5641 celebratur
1447 5588 1501 5641 in
1530 5604 1622 5641 sua
1656 5588 1809 5641 urbe.
1838 5590 2108 5641 Artemius

554 5590 715 5644 duum
742 5588 859 5657 ejus
891 5591 1080 5644 festum
1112 5589 1416 5644 celebratur
1447 5588 1501 5642 in
1530 5604 1622 5642 sua
1656 5588 1809 5644 urbe.
1838 5590 2108 5643 Artemius

527 5669 706 5714 autem
745 5662 1077 5716 Senonensis
1113 5660 1432 5726 subscripsit
1471 5661 1635 5715 Cone.
1678 5659 1881 5715 Mnti~c.
1914 5679 1929 5714 ι
1957 5672 2008 5713 et
2048 5677 2106 5715 II.

527 5731 735 5788 Colitur
765 5732 903 5802 apud
929 5733 1168 5788 Senones
1199 5733 1284 5787 die
1313 5731 1382 5785 ‘25
1413 5734 1630 5800 Aprilis.
1658 5732 1935 5799 Agrmcius
1961 5732 2110 5786 deni-

525 5819 634 5871 que
654 5803 991 5863 'l‘ricassinus
1019 5803 1185 5863 Cone.
1216 5805 1423 5874 Matisc.
1453 5820 1492 5865 ιι
1517 5803 1834 5876 subscripsit
1863 5819 1959 5877 per
1980 5805 2110 5862 mis-

2206 3285 2292 3332 est
2318 3275 2498 3339 effata,
2540 3275 2825 3330 inchoante
2863 3274 3212 3343 crepusculo,
3241 3273 3456 3343 quidam
3505 3288 3535 3328 e
3583 3273 3802 3329 civibus

2205 3381 2440 3424 accenso
2490 3366 2722 3431 lumine,
2780 3366 2833 3420 in
2876 3364 3300 3435 promptuarium
3356 3374 3438 3420 est
3487 3365 3802 3434 ingressus,

2207 3468 2588 3528 assutnptoque
2617 3457 2738 3512 oleo
2769 3465 2794 3504 ε
2825 3471 2888 3511 ac
2919 3457 3127 3511 caeteris
3149 3471 3268 3526 quae
3297 3470 3593 3512 necessaria
3614 3466 3799 3522 erant,

2207 3550 2507 3613 abscessit,
2563 3547 2766 3603 lumine
2820 3563 2976 3604 secus
3029 3547 3294 3617 cupellam
3347 3547 3450 3602 olei
3507 3547 3794 3604 derelicto.

2211 3643 2340 3698 Erat
2365 3642 2507 3697 enim
2541 3641 2731 3697 domus
2763 3641 2878 3698 haec
2909 3641 3076 3711 prima
3116 3655 3272 3697 secus
3311 3653 3539 3709 portam,
3568 3658 3693 3714 qua:
3725 3645 3799 3698 ad

2209 3736 2488 3791 meridiem
2530 3737 2712 3806 pandit
2757 3752 3059 3807 egressum.
3111 3737 3188 3792 Et
3224 3755 3332 3810 quo
3361 3740 3558 3796 lumine
3597 3755 3804 3809 appre—

2210 3828 2375 3884 hensa
2388 3828 3327 3895 domusincendioconcrematur,de
3355 3848 3456 3902 qua
3483 3840 3534 3886 et
3562 3831 3682 3886 alia:
3705 3847 3803 3900 ap-

2211 3921 2472 3994 prehendi
2502 3929 2800 3991 coeperunt.
2828 3921 2975 3976 Tunc
2999 3921 3247 3980 diruente
3268 3924 3387 3992 igne
3407 3938 3568 3993 super
3588 3923 3804 3978 vinctos

2211 4015 2463 4081 carceris,
2497 4015 2745 4085 apparuit
2793 4015 2871 4070 eis
2900 4015 3087 4072 beatus
3117 4017 3438 4083 Germanus,
3483 4025 3536 4074 et
3571 4018 3806 4072 commi-

2212 4122 2383 4165 nuens
2415 4107 2618 4163 trabem
2650 4120 2812 4177 atque
2845 4117 3065 4163 catenas
3085 4152 3098 4175 ,
3128 4110 3320 4180 quibus
3351 4111 3511 4166 vincti
3543 4112 3804 4167 teneban-

2214 4210 2318 4266 tur,
2346 4208 2588 4257 reserato
2617 4201 2851 4256 carceris
2897 4202 3057 4268 ostio,
3090 4190 3297 4258 vinctos
3352 4203 3502 4258 abire
3549 4206 3803 4274 permisit

2213 4294 2530 4351 incolumes.
2581 4293 2661 4348 Illi
2691 4308 2820 4349 vero
2857 4293 3059 4362 egressi
3105 4309 3164 4349 se
3208 4294 3275 4348 ad
3316 4293 3590 4351 basilicam
3622 4298 3800 4351 sancti

2214 4465 2332 4507 sum
2363 4465 2516 4504 suum
2545 4464 2555 4500 :
2594 4449 2735 4521 quod
2768 4447 2855 4521 h_ic
2885 4448 3178 4521 observare
3205 4449 3376 4504 visum
3413 4459 3526 4514 est,
3553 4465 3619 4506 eo
3654 4451 3800 4521 quod

2216 4522 2371 4590 hujus
2402 4519 2675 4581 antistitis,
2703 4529 2755 4575 ct
2785 4518 2978 4574 Felicis
3012 4519 3323 4575 Be’llicensis
3354 4522 3593 4587 nomina,
3621 4518 3804 4576 nescio

2215 4608 2470 4664 quocasu
2501 4594 2550 4645 iu
2574 4590 3056 4664 subscriptioniﬁbus
3077 4591 3297 4646 Concilii
3321 4592 3530 4664 Matisc.
3559 4606 3659 4648 suo
3683 4595 3803 4648 loco

2215 4661 2612 4726 desiderentur,
2646 4671 2702 4716 ut
2733 4671 2914 4716 monet
2936 4661 3253 4717 Sirmondus
3284 4665 3338 4716 in
3371 4663 3582 4717 erratis.

2288 4733 2313 4771 ιι
2343 4735 2492 4801 Quod
2523 4748 2715 4803 nempe
2741 4733 2924 4794 alium,
2946 4743 3138 4802 praeter
3159 4733 3487 4789 Chlotarium
3508 4734 3801 4803 juniorem,

2216 4821 2396 4875 regem
2424 4821 2527 4860 non
2556 4811 2946 4873 agnoscerent,
2993 4805 3147 4874 cujus
3179 4807 3326 4874 regni
3371 4804 3472 4873 ipsi
3507 4808 3799 4873 optimates

2217 4887 2368 4932 erant
2397 4888 2452 4931 et
2481 4875 2768 4930 consiliarii
2793 4917 2806 4938 ,
2834 4890 2996 4944 penes
3018 4891 3152 4944 quos
3171 4917 3186 4942 ,
3234 4878 3304 4928 ob
3333 4876 3472 4945 regis
3498 4875 3800 4943 infantiam,

2218 4964 2396 5005 rerum
2428 4945 2820 5002 administratio
2846 4954 2997 5010 erat;
3032 4947 3363 5016 proindeque
3388 4947 3588 5000 nullum
3630 4951 3717 5016 jus
3750 4951 3801 5004 ιιι

2217 5035 2312 5074 eos
2345 5021 2489 5089 ipsos
2521 5019 2880 5074 Guntramnus
2924 5017 3164 5089 haberet.
3218 5016 3370 5089 Unde
3412 5016 3690 5075 Melantius
3715 5037 3802 5075 se-

2219 5091 2340 5146 dem
2367 5087 2872 5155 lluthomagensem
2895 5129 2910 5152 ,
2961 5087 3169 5158 favente
3209 5088 3580 5158 Fredegunde,
3615 5107 3800 5146 rursus

2217 5163 2470 5226 obtinuit,
2497 5161 2579 5216 cui
2605 5159 2895 5228 Gregorius
2937 5157 3004 5212 M.
3037 5157 3400 5229 AuguSIiuum
3435 5161 3676 5229 aliosque
3701 5179 3802 5217 ιιιο-

2218 5234 2419 5288 nachos
2446 5237 2496 5287 in
2538 5232 2783 5302 Angliam
2813 5229 3213 5299 proficiscentes
3255 5231 3656 5288 commendavit
3707 5236 3799 5288 lib.

2215 5320 2288 5370 ut,
2313 5306 2472 5374 epist.
2505 5304 2591 5357 52.

2289 5384 2314 5413 ε
2353 5373 2679 5444 Subscripsit
2707 5373 2871 5430 Conc.
2906 5373 3106 5430 Turon.
3154 5390 3210 5441 ιι,
3245 5389 3336 5432 an.
3367 5373 3493 5441 567,
3546 5386 3598 5433 et
3625 5377 3805 5433 laudi-

2217 5455 2302 5502 tur
2330 5462 2360 5500 a
2392 5445 2681 5501 Fortunato
2713 5447 2803 5502 lib.
2837 5463 2912 5512 ιιι,
2951 5460 3116 5500 carm.
3158 5447 3210 5501 4.

2293 5516 2310 5554 τ
2359 5518 2567 5584 licem,
2604 5517 2885 5573 Bodoleno.
2917 5517 3050 5586 Cap.
3077 5533 3263 5586 prmc.,
3298 5528 3351 5574 et
3380 5518 3515 5574 infra
3546 5534 3664 5589 cap.
3708 5519 3801 5587 42,

2216 5589 2411 5644 dicitur
2438 5589 2783 5660 Beppolenus.
2833 5589 2898 5644 V.
2949 5603 3069 5657 cap.
3100 5590 3185 5645 45.
3227 5591 3457 5646 Intentio
3513 5591 3618 5654 hic,
3667 5592 3805 5649 sicut

2215 5671 2267 5742 et
2321 5664 2516 5730 passim
2571 5660 2704 5730 apud
2737 5663 2920 5732 Greg.,
2968 5663 3362 5720 contentionem
3403 5679 3498 5718 seu
3532 5665 3805 5722 Iitemdcv

2216 5746 2412 5802 Signat.

2287 5812 2310 5852 δ
2354 5805 2442 5862 Sic
2464 5802 2668 5871 Caelin;
2699 5807 2906 5879 caeteri,
2941 5817 3303 5882 αδειιηῳιοσυε
3329 5824 3411 5878 ιο,
3441 5814 3532 5867 aut
3558 5808 3625 5865 ab
3649 5823 3731 5868 eo.
