4096 6344
287 286 409 342 475

1230 280 1547 341 HISTORIA
1588 279 2031 340 FRANCORUM.
2073 282 2277 339 LIBER
2316 285 2664 345 OCTAVUS.

3457 299 3562 355 474

287 409 595 478 Vincentii,
627 410 679 466 in
703 423 806 480 qua
831 408 1131 479 sepulcrum
1161 409 1384 466 habetur
1410 409 1548 465 beati
1579 406 1872 471 Antistitis,
1901 399 1956 461 Α
1981 414 2161 461 mento
2191 407 2259 462 de
2289 407 2517 478 pellibus
2556 416 2759 465 tantum
2784 415 3048 480 uteretur,
3079 410 3257 469 cibum
3280 413 3348 470 de
3378 413 3563 472 herbis

289 506 662 561 contulerunt.
687 503 850 574 Igitttr
877 518 998 559 cum
1040 520 1136 573 per
1166 513 1330 559 totam
1355 505 1626 559 civitatem
1658 505 1764 558 huc
1797 511 1878 558 at-

289 615 404 669 que
433 599 558 655 illuc
589 599 748 653 ﬂante
778 605 939 653 vento
969 598 1178 653 ﬂamma
1209 597 1462 666 ferretur,
1496 599 1722 668 totisque
1746 598 1876 653 viri-

287 690 399 747 bus
430 703 677 763 regnaret
722 693 1025 748 incendium
1054 737 1069 761 ,
1126 696 1554 764 apprOpinquare
1605 694 1671 748 ad
1714 694 1876 748 aliam

287 794 509 853 portam
534 785 716 852 cmpit.
746 785 799 839 in
831 800 931 855 qua
959 786 1096 841 beati
1121 787 1328 842 Martini
1369 787 1664 842 oratorium
1708 786 1879 841 habe-

289 877 495 932 batur:
530 877 670 946 quod
700 879 768 933 ob
821 878 922 933 hoc
975 878 1260 948 aliquando
1305 878 1503 934 factum
1555 879 1764 944 fuerat,
1811 893 1876 934 eo

288 969 441 1038 quod
473 969 541 1021 ibi
570 969 771 1037 lepram
819 969 1078 1024 maculosi
1128 971 1360 1025 hominis
1409 970 1596 1025 osculo
1638 969 1880 1038 depulis-

289 1069 441 1114 set“.
471 1059 560 1113 Vir
589 1069 766 1115 autem
793 1061 880 1130 qui
910 1077 1031 1116 eum
1055 1062 1278 1116 intextis
1302 1061 1544 1132 virgultis
1567 1062 1619 1116 in
1648 1061 1878 1117 sublime

291 1159 692 1217 construxerat,
727 1153 964 1209 confisus
994 1156 1045 1208 in
1069 1154 1226 1225 407
1249 1155 1492 1220 Domino,
1522 1169 1620 1209 nec
1641 1155 1710 1209 de
1737 1154 1878 1209 beati

291 1244 511 1298 Martini
555 1245 751 1300 virtute
779 1246 1020 1314 difﬁsus,
1078 1263 1137 1304 se
1188 1263 1382 1317 resque
1409 1263 1536 1304 suas
1588 1247 1729 1302 intra
1759 1247 1879 1314 ejus

290 1337 534 1407 parietes
572 1337 818 1406 ambivit,
847 1339 1069 1396 dicens:
1099 1340 1272 1397 Credo
1301 1343 1468 1408 enim,
1509 1351 1562 1396 et
1595 1341 1727 1395 fides
1757 1354 1876 1395 mea

287 1450 399 1508 est,
433 1443 573 1510 quod
606 1444 830 1511 repellat
855 1445 920 1498 ab
950 1444 1050 1500 hoc
1073 1444 1192 1499 loco
1216 1443 1542 1507 incendium,
1567 1442 1654 1511 qui
1679 1441 1877 1509 saepius

292 1534 563 1590 incendiis
603 1535 921 1604 imperavit,
949 1547 1003 1592 et
1031 1537 1085 1592 in
1117 1535 1218 1591 hoc
1249 1538 1368 1591 loco
1419 1536 1614 1605 Ieprosi
1645 1534 1877 1590 hominis

286 1633 471 1680 cutem
520 1627 705 1682 osculo
767 1628 1014 1684 medente
1083 1629 1346 1699 purgavit.
1405 1629 1878 1697 Appi-Opinquante

286 1716 436 1771 enim
469 1717 592 1772 illuc
621 1718 897 1788 incendio,
930 1719 1238 1775 ferebantur
1267 1720 1426 1775 validi
1457 1720 1602 1790 globi
1633 1722 1873 1773 ﬂamma-

286 1823 434 1876 rum,
456 1812 543 1880 qui
569 1814 928 1881 percutientes
955 1817 1215 1883 parietem
1248 1815 1489 1881 oratorii,
1521 1813 1764 1882 protinus
1795 1822 1874 1868 te-
1904 1781 1954 1844 Β

287 1904 602 1971 pescebant.
627 1904 907 1963 Clamabat
935 1917 1114 1963 autem
1148 1908 1372 1978 populus
1397 1908 1509 1963 viro
1536 1922 1599 1962 ac
1622 1907 1833 1962 mulieri
1861 1923 1873 1960 :

292 1996 502 2067 Fugite,
537 2015 569 2054 ο
615 2001 842 2070 miseri,
900 2012 957 2057 ut
1011 2004 1238 2059 evadere
1289 2004 1530 2074 possitis.
1582 2006 1720 2059 Ecce
1766 2004 1876 2074 jam

289 2087 493 2156 ignium
525 2092 732 2161 pondus
762 2109 923 2162 super
946 2110 1042 2150 vos
1069 2095 1245 2151 deruit
1272 2112 1286 2160 ;
1316 2110 1443 2152 ecce
1476 2095 1668 2150 favillae
1691 2097 1877 2151 incen-

290 2179 364 2233 dii
395 2195 515 2236 cum
549 2183 894 2254 carbonibus,
929 2195 1177 2255 tanquam
1211 2187 1418 2242 validus
1447 2187 1641 2254 imber,
1681 2188 1745 2242 ad
1778 2202 1874 2243 vos

290 2285 461 2341 usque
502 2274 847 2332 distenditur.
883 2277 1214 2347 Egredimini
1246 2279 1313 2332 ab
1343 2279 1610 2346 oratorio,
1657 2295 1723 2334 ne
1753 2295 1872 2334 cum

290 2364 479 2419 eodem
512 2367 758 2423 inccndio
784 2370 1219 2425 concrememini.
1247 2371 1313 2424 At
1336 2371 1409 2424 illi
1434 2372 1730 2425 orationem
1757 2371 1874 2426 Inn-

289 2453 503 2518 dentes,
555 2473 824 2528 nunquam
872 2459 938 2514 ab
971 2459 1054 2513 Itis
1105 2461 1322 2515 vocibus
1362 2461 1734 2516 movebantur.
1767 2462 1872 2517 Sed

289 2561 390 2601 nec
423 2549 616 2604 mulier
660 2565 718 2606 se
769 2568 1001 2622 unquam
1039 2567 1068 2603 a
1097 2551 1355 2620 fenestra,
1386 2568 1481 2622 per
1511 2570 1667 2624 quam
1700 2556 1868 2610 inter-

288 2642 417 2697 dum
458 2644 686 2699 ﬂammm
717 2645 1170 2716 ingrediebantur,
1200 2648 1433 2713 amovit;
1474 2664 1591 2717 quae
1619 2658 1734 2703 erat
1773 2663 1868 2719 spe

287 2732 602 2789 firmissima
655 2737 723 2791 de
772 2737 968 2793 virtute
1020 2739 1158 2794 beati
1210 2739 1464 2795 antistitis
1514 2742 1866 2809 fprtemunita.

283 2826 566 2896 Tantaque
595 2826 692 2881 fuit
719 2829 891 2884 virtus
937 2829 1080 2884 beati
1113 2831 1415 2898 pontificis,
1451 2842 1509 2886 ut
1539 2848 1645 2886 non
1692 2835 1864 2890 solum

285 2914 388 2969 hoc
409 2917 702 2971 oratorium
745 2933 865 2972 cum
913 2919 1116 2975 alumni
1166 2922 1364 2992 proprii
1409 2922 1570 2977 domo
1598 2924 1862 2992 salvaret,

285 3023 468 3065 verum
495 3011 655 3064 etiam
685 3027 783 3066 nec
809 3012 928 3067 aliis
949 3012 1194 3068 domibus
1215 3031 1334 3084 quae
1363 3017 1414 3070 in
1442 3016 1668 3071 circuitu
1691 3027 1866 3082 erant,

284 3114 477 3155 nocere
504 3102 732 3156 ﬂammis
761 3103 1156 3160 dominantibus
1178 3107 1542 3174 permisisset:
1575 3109 1753 3178 ibique
1778 3125 1866 3165 ce-

283 3195 416 3249 cidit
445 3195 772 3264 incendium,
806 3197 948 3263 quod
991 3197 1058 3252 ab
1108 3213 1209 3252 una
1239 3211 1388 3268 parte
1429 3201 1604 3269 pontis
1628 3212 1866 3272 coeperat

283 3286 564 3342 desaevire.
597 3287 677 3342 Ab
699 3287 803 3341 alia
834 3303 961 3342 vero
991 3297 1140 3358 parte
1166 3297 1272 3344 tam
1303 3291 1478 3346 valide
1509 3295 1710 3362 Ecuncta
1738 3310 1866 3350 con-

284 3378 559 3446 ﬂagravit,
608 3388 665 3432 ut
709 3381 882 3434 amnis
908 3380 1067 3435 ﬁnem
1115 3381 1443 3451 imponeret.
1473 3384 1865 3444 Verumtamen

283 3469 527 3524 ecclesiae
559 3486 661 3524 non
715 3478 840 3525 sunt
882 3471 1084 3527 adustae
1115 3489 1235 3528 cum
1277 3476 1524 3532 domibus
1554 3475 1689 3534 suis.
1741 3481 1866 3538 Aie-

285 3560 414 3616 bant
443 3564 584 3618 enim
615 3563 750 3618 hanc
777 3564 962 3620 urbem
994 3566 1142 3634 quasi
1177 3578 1545 3623 consecratam
1576 3570 1742 3627 fuisse
1763 3587 1864 3628 an-

287 3653 534 3722 tiquitus,
567 3664 626 3710 ut
647 3671 752 3711 non
783 3657 852 3711 ibi
886 3658 1189 3714 incendium
1222 3661 1569 3729 praevaleret,
1601 3679 1705 3717 non
1748 3679 1864 3720 ser-

283 3761 432 3817 pens,
467 3763 572 3804 non
603 3749 703 3819 glis
729 3753 1085 3820 apparuisset.
1116 3753 1296 3823 Nuper
1341 3766 1517 3810 autem
1547 3771 1668 3812 cum
1705 3758 1863 3812 cuni-

281 3841 431 3896 culus
461 3843 634 3912 pontis
662 3845 1066 3914 emundaretur,
1102 3857 1158 3903 et
1187 3862 1399 3903 ccenum
1429 3849 1496 3903 de
1544 3865 1650 3918 quo
1683 3851 1862 3919 reple-

281 3944 390 3989 tum
422 3936 618 4003 fuerat,
652 3936 974 4009 auferretur,
999 3952 1303 4011 serpentem
1333 3943 1634 4013 gliremque
1661 3958 1862 4000 aereum

281 4037 620 4097 repererunt.
653 4029 859 4097 Quibus
887 4032 1101 4100 ablatis,
1132 4041 1187 4088 et
1212 4035 1375 4104 glires
1401 4034 1470 4090 ibi
1500 4034 1752 4106 deinceps
1773 4053 1866 4093 ex-

280 4127 359 4175 tra
391 4137 699 4188 numerum,
744 4132 800 4179 et
837 4135 1116 4194 serpentes
1142 4136 1545 4196 apparuerunt;
1578 4136 1632 4183 et
1679 4138 1865 4199 postea

280 4212 522 4268 incendia
561 4214 800 4284 perferre
820 4217 999 4287 coepit.

351 4303 589 4360 XXXIV.
620 4306 686 4361 Et
721 4311 847 4378 quia
878 4309 1127 4381 princeps
1152 4310 1493 4368 tenebrarum
1526 4312 1674 4369 mille
1703 4313 1866 4371 habet

279 4404 422 4452 artes
450 4399 712 4467 nocendi;
740 4401 867 4471 quid
894 4402 962 4458 de
991 4405 1249 4460 reclausis
1294 4421 1356 4462 ac
1387 4404 1497 4463 Deo
1526 4408 1738 4464 devotis
1767 4425 1864 4464 nu-

280 4504 373 4560 per
400 4499 604 4560 gestum
630 4491 814 4559 fuerit,
845 4496 1094 4563 pandam.
1140 4497 1421 4555 Vennocus
1469 4500 1658 4566 Britto,
1702 4517 1854 4573 pres-

278 4579 467 4652 byterii
527 4583 732 4640 honore
779 4586 1033 4655 praeditus
1055 4628 1068 4653 ,
1097 4588 1249 4660 cujus
1278 4591 1329 4644 in
1361 4591 1466 4645 alio
1497 4591 1634 4647 libro
1663 4595 1857 4648 memi—

278 4678 450 4733 nimus
480 4676 528 4746 δ,
561 4686 722 4735 tantae
765 4693 825 4736 se
877 4679 1214 4739 abstinentia:
1259 4683 1564 4753 dedicavit;
1598 4693 1652 4742 ut
1701 4686 1861 4743 indu-

352 4927 522 4984 °Hoc
544 4927 856 4983 miraculum
907 4929 1072 4985 refert
1101 4929 1372 4999 Sulpicius
1423 4929 1612 4986 Sever.
1655 4929 1708 4986 in
1735 4930 1856 4988 Vita

278 4996 330 5070 S.
359 4999 585 5052 Martini.
620 5000 924 5054 Oratorium
951 5017 1098 5064 vero,
1124 4996 1262 5070 quod
1290 5002 1373 5054 hic
1395 5012 1740 5067 memoratur,
1794 5004 1846 5058 in

279 5068 381 5138 ipsa
433 5071 691 5138 Sequanae
741 5071 911 5125 insula
941 5072 1005 5125 ad
1055 5068 1524 5138 septentrionalem
1558 5073 1705 5126 urbis
1735 5088 1846 5142 por-

281 5148 378 5195 tam
426 5143 653 5207 positnm
709 5143 874 5195 fuisse
904 5143 1172 5196 existimat
1208 5143 1445 5197 Valesius
1493 5145 1543 5196 in
1594 5143 1850 5211 discepta-

278 5212 410 5264 tione
436 5212 501 5265 de
531 5213 764 5266 basilicis
789 5227 906 5281 cap.
940 5213 995 5278 2,
1052 5213 1232 5279 procul
1263 5213 1328 5266 ab
1369 5229 1432 5266 eo
1474 5213 1614 5278 loco,
1660 5214 1710 5266 in
1743 5231 1846 5282 qtto

277 5298 406 5337 nunc
420 5283 842 5338 visiturecclesia
873 5285 1041 5338 sancti
1060 5284 1308 5338 Martinia
1335 5282 1550 5352 Campis
1577 5285 1735 5355 vulgo
1764 5285 1847 5340 di-

275 5362 372 5418 cta,
398 5369 553 5423 quam
584 5370 613 5408 a
643 5366 791 5421 patre
818 5369 915 5408 suo
947 5355 1174 5410 lIcnrico
1197 5370 1320 5423 rege
1343 5364 1700 5410 constructam
1721 5356 1845 5410 Plii-

276 5424 438 5493 lipptts
468 5426 483 5478 I
527 5425 851 5480 Francorum
881 5441 971 5481 rex
1004 5426 1441 5481 Cluniacensibus
1482 5426 1841 5481 Benedictinis

273 5497 540 5550 tnonacbis
597 5499 795 5551 saecrdo
840 5513 890 5551 XI
939 5497 1149 5553 labente
1207 5497 1472 5552 attribuit.
1525 5497 1839 5554 Persuasum

274 5573 440 5622 tamen
466 5567 693 5622 habebat
717 5569 994 5636 llenricus,
1029 5571 1167 5625 seibi
1194 5569 1472 5624 ecclesiam
1502 5580 1836 5636 construere,

273 5639 350 5692 ubi
386 5650 540 5692 vetus
569 5638 698 5693 illttd
733 5641 1020 5693 oratorium
1043 5651 1264 5696 Steterat
1293 5641 1421 5696 :scd
1449 5640 1748 5707 fallebatur,
1775 5643 1843 5695 in-

271 5709 657 5779 quit'VaIesius,
676 5725 771 5764 nec
799 5711 986 5764 mirum
1018 5727 1135 5766 esse
1163 5713 1309 5777 dicit,
1336 5727 1456 5766 cum
1487 5712 1689 5765 nullum
1714 5721 1840 5767 ωηο

269 5790 568 5859 superesset
601 5783 795 5853 prioris
827 5781 972 5840 illius
1000 5783 1212 5841 aedilicii
1262 5784 1565 5855 vestigium.
1619 5782 1836 5840 Certum

1893 3156 1942 3222 C

1982 500 2278 568 agrestibus
2309 501 2532 558 incoctis
2560 514 2819 569 sumeret;
2847 504 2954 560 vini
2985 522 3112 563 vero
3145 516 3348 564 tantum
3379 524 3470 565 vas
3491 510 3558 568 ad

1982 605 2042 646 os
2094 605 2358 659 poneret,
2424 595 2560 663 quod
2607 597 2776 666 magis
2831 606 3104 667 putaretur
3152 599 3321 655 libare
3373 603 3560 659 oscqu

1980 699 2135 753 quam
2169 683 2401 739 haurire.
2433 685 2537 742 Sed
2569 702 2687 742 cum
2718 687 2891 744 eidem
2912 689 3077 762 408
3096 690 3410 746 devotorum
3455 693 3562 749 Iar-

1980 779 2115 848 gitas
2147 778 2451 849 frequenter
2479 781 2757 838 exhiberet
2802 798 2928 838 vasa
2978 784 3081 839 hoc
3110 786 3267 855 plena
3311 786 3518 857 liquore
3543 830 3559 855 ,

1980 870 2186 935 didicit,
2213 872 2352 941 quod
2387 873 2538 941 peius
2566 883 2678 938 est,
2722 885 2873 930 extra
2905 877 3120 932 modum
3152 878 3365 934 haurire
3387 921 3403 943 ,
3426 890 3481 936 et
3507 881 3560 937 itt

1980 972 2185 1018 tantum
2215 962 2435 1018 dissolvi
2463 964 2702 1033 potione,
2736 974 2795 1020 ut
2825 966 3139 1038 plerumque
3165 969 3344 1024 ebrius
3368 985 3544 1026 cerne-

1979 1064 2164 1111 retur:
2199 1057 2340 1112 unde
2365 1059 2563 1113 factum
2595 1066 2706 1125 est,
2739 1069 2794 1114 ut
2820 1059 3183 1118 invalesceute
3213 1065 3557 1128 temulentia,

1982 1154 2221 1217 tempore
2252 1150 2598 1218 procedente,
2622 1166 2653 1205 a
2675 1151 2939 1208 daemonio
2967 1167 3266 1224 correptus,
3292 1172 3386 1223 per
3407 1173 3566 1212 ener-

1983 1241 2118 1309 giam
2148 1252 2453 1308 vexaretur,
2505 1244 2560 1298 in
2593 1253 2795 1299 tantum
2850 1255 2910 1300 ut
2963 1257 3182 1315 accepto
3237 1251 3444 1314 cultro,
3477 1251 3563 1305 vel

1978 1334 2334 1405 quodcunque
2362 1351 2528 1402 genus
2555 1337 2674 1403 teli,
2704 1337 2787 1393 vel
2817 1339 3070 1408 lapidem,
3101 1350 3191 1394 aut
3239 1340 3433 1396 fustem
3465 1357 3563 1411 po-

1981 1431 2173 1485 tuisset
2197 1432 2460 1500 arripere,
2502 1440 2626 1502 post
2657 1430 2901 1488 homines
2931 1435 3120 1488 insano
3147 1433 3327 1490 furore
3355 1436 3564 1490 discur-

1978 1535 2147 1591 reret;
2191 1526 2332 1581 unde
2388 1527 2682 1581 necessitas
2729 1528 2946 1597 exegit,
2991 1539 3048 1582 ut
3100 1529 3301 1582 catenis
3355 1529 3562 1584 vinctus

1977 1621 2336 1694 custodiretur
2380 1621 2431 1674 in
2464 1622 2680 1676 cellula.
2719 1620 2775 1676 In
2807 1621 2908 1676 hac
2959 1637 3172 1693 quoque
3220 1621 3564 1678 damnatione

1979 1726 2075 1783 per
2103 1711 2325 1766 duorum
2374 1725 2640 1767 annorum
2687 1713 2856 1781 spatia
2903 1712 3242 1770 debacchans
3267 1754 3282 1780 ,
3313 1714 3557 1782 spiritum

1979 1805 2276 1861 exhalavit.
2330 1805 2482 1861 Alius
2532 1821 2745 1876 quoque
2793 1807 3073 1864 Anatolius
3127 1809 3555 1876 Burdegalensis,

1980 1915 2134 1972 puer,
2167 1908 2226 1955 ut
2251 1900 2451 1966 ferunt,
2481 1913 2742 1954 annorum
2791 1899 3105 1966 duodecim,
3143 1914 3265 1955 cum
3309 1909 3454 1956 esset
3486 1900 3564 1954 fa-

1976 1997 2153 2052 mulus
2180 1994 2454 2064 cujusdam
2485 1995 2870 2064 negotiatoris,
2905 1993 3054 2063 petiit
3086 1993 3185 2049 sibi
3211 1993 3277 2048 ad
3304 1994 3564 2049 reclusio-

1978 2104 2102 2145 nem
2149 2087 2422 2144 licentiam
2473 2087 2656 2143 tribui.
2689 2087 2793 2143 Sed
2840 2087 3124 2143 resistente
3176 2087 3266 2141 diu
3298 2086 3561 2153 domino,

1977 2190 2169 2251 putans
2206 2196 2328 2236 eum
2380 2182 2432 2234 in
2483 2179 2584 2234 hoc
2633 2189 2940 2250 tepescere,
2982 2187 3139 2248 atque
3188 2179 3410 2248 implere
3455 2193 3559 2234 non

1977 2287 2136 2344 posse
2158 2275 2208 2328 in
2242 2274 2342 2328 hac
2371 2283 2546 2338 aetate,
2572 2273 2717 2343 quod
2739 2273 3008 2327 nitebatur
3034 2281 3290 2340 appetere
3308 2311 3322 2335 ,
3343 2272 3558 2326 tandem

1977 2369 2148 2424 victus
2180 2369 2425 2438 precibus
2455 2367 2640 2422 famuli
2672 2367 2974 2421 facultatem
3005 2366 3222 2430 tribuit,
3248 2375 3306 2419 ut
3335 2365 3386 2419 id
3415 2366 3556 2435 quod

1977 2460 2251 2530 ﬂagitabat
2280 2460 2547 2529 impleret.
2576 2460 2702 2514 Erat
2727 2467 2904 2514 autem
2931 2459 3001 2514 ibi
3024 2468 3208 2528 crypta
3230 2458 3298 2512 ab
3325 2458 3558 2527 antiquis

1977 2555 2306 2608 transvoluto
2323 2551 2542 2625 (Gallice
2562 2551 2743 2622 vouté)
2761 2551 3088 2622 elegantique
3111 2566 3274 2621 opere
3295 2553 3556 2621 exposita,

1976 2646 2027 2701 in
2044 2647 2195 2716 cujus
2207 2647 2400 2716 angulo
2417 2654 2532 2700 erat
2545 2645 2730 2702 cellula
2756 2660 2915 2715 parva
2929 2644 2995 2700 de
3009 2644 3278 2715 quadratis
3295 2643 3558 2714 lapidibus

1975 2740 2176 2806 clausa,
2211 2741 2262 2794 in
2293 2755 2452 2810 quam
2480 2740 2568 2793 vix
2603 2754 2740 2794 unus
2781 2749 2928 2794 stans
2969 2739 3131 2794 homo
3163 2740 3325 2809 recipi
3358 2747 3558 2808 posset.

1975 2830 2033 2886 ln
2054 2831 2190 2886 hanc
2211 2832 2456 2887 cellulam
2481 2847 2616 2900 puer
2638 2832 2954 2901 ingreditur;
2981 2832 3032 2886 in
3062 2832 3159 2886 hac
3187 2847 3280 2901 per
3319 2841 3440 2887 octo
3467 2842 3559 2887 aut

1957 2937 2042 2979 reo
2092 2925 2322 2994 amplius
2373 2939 2544 2980 annos
2591 2934 2973 2989 commoratus,
3006 2927 3150 2980 tenui
3178 2925 3296 2979 cibo
3326 2934 3560 2994 potuque

1973 3025 2279 3082 contentus,
2321 3016 2515 3084 vigiliis
2543 3016 2981 3085 orationibusque
3036 3016 3279 3071 vacabat.
3313 3015 3560 3071 Posthaac

1976 3122 2227 3176 pavorem
2255 3107 2488 3162 validum
2513 3122 2823 3177 perpessus,
2844 3107 3077 3163 clamare
3104 3108 3286 3176 cmpit,
3305 3108 3559 3164 intrinse-

1972 3214 2066 3256 cus
2083 3213 2142 3253 se
2165 3199 2423 3267 torqueri.
2447 3196 2599 3253 Unde
2621 3197 2817 3253 factum
2835 3209 2934 3264 est,
2957 3210 3012 3254 ut
3030 3199 3318 3270 adjuvante
3332 3217 3477 3268 eum,
3503 3208 3562 3255 ut

1969 3294 2151 3360 credo,
2183 3290 2460 3346 diabolicae
2489 3290 2652 3360 partis
2683 3289 2904 3357 militia,
2939 3294 3132 3348 amotis
3179 3294 3396 3363 quadris
3439 3295 3556 3364 quio

1969 3388 2067 3444 bus
2090 3386 2374 3442 conclusus
2401 3382 2942 3448 tenebatur,elideret
2970 3387 3229 3454 parietem
3253 3387 3309 3440 in
3334 3395 3556 3454 terram,

1969 3479 2229 3535 collidens
2257 3477 2557 3549 palmas,et
2587 3474 2826 3529 clamans
2855 3489 2914 3531 se
2942 3490 2974 3529 a
3005 3477 3206 3532 sanctis
3231 3476 3326 3532 Dei
3351 3479 3555 3546 peruri.

1967 3573 2211 3641 Cumque
2236 3572 2538 3627 diutissime
2564 3574 2615 3628 in
2641 3573 2738 3628 hac
2766 3571 2971 3626 insania
2997 3580 3290 3635 teneretur,
3311 3578 3364 3626 et
3388 3571 3558 3626 sancti

1968 3665 2183 3721 Martini
2225 3664 2468 3722 crebrius
2512 3665 2854 3722 confiteretur
2889 3678 3124 3729 nomen,
3157 3678 3220 3718 ac
3262 3663 3469 3718 diceret
3495 3677 3556 3716 se

1972 3759 2146 3828 potius
2192 3760 2260 3814 ab
2289 3773 2354 3815 eo
2397 3774 2552 3829 quam
2583 3774 2613 3814 a
2639 3757 2841 3814 sanctis
2887 3756 3006 3812 aliis
3037 3756 3297 3820 cruciari,
3326 3754 3560 3810 Turonis

1968 3850 2271 3906 adducitur.
2321 3850 2426 3906 Sed
2456 3849 2632 3905 malus
2674 3848 2894 3918 spiritus
2915 3889 2930 3914 ,
2965 3846 3128 3902 credo
3149 3886 3166 3914 ,
3210 3847 3279 3901 ob
3309 3847 3558 3902 virtutem

1967 3953 2127 4012 atque
2154 3942 2571 4012 magnitudinem
2596 3943 2769 3996 sancti
2812 3953 3176 4008 compressus,
3212 3952 3552 4007 nequaquam

1968 4034 2240 4091 hominem
2269 4033 2552 4088 mutilavit.
2584 4031 2717 4086 Nam
2750 4032 2804 4086 in
2853 4031 2973 4085 loco
3004 4030 3119 4099 ipso
3152 4044 3246 4099 per
3276 4027 3402 4082 anni
3435 4042 3558 4082 cur-

1969 4127 2196 4182 riculum
2228 4125 2450 4195 degens,
2480 4139 2601 4179 cum
2631 4122 2765 4178 nihil
2788 4121 2915 4177 mali
2949 4129 3240 4192 pateretur,
3272 4133 3554 4191 regressus

1968 4227 2050 4276 est
2087 4236 2101 4274 :
2131 4218 2227 4273 sed
2256 4208 2441 4271 rursus
2470 4215 2662 4286 quibus
2691 4224 2955 4281 caruerat,
2990 4213 3241 4269 incurrit.

2039 4310 2259 4367 XXXV.
2286 4308 2468 4380 Legati
2499 4307 2566 4362 de
2593 4306 2862 4376 Hispaniis
2886 4307 2953 4362 ad
2978 4321 3157 4376 regem
3186 4304 3551 4361 Guntchram-

1968 4418 2096 4459 num
2127 4409 2393 4458 venerunt
2417 4415 2537 4456 cum
2565 4401 2744 4456 multis
2775 4399 3109 4466 muneribus,
3155 4413 3342 4470 pacem
3370 4406 3554 4468 peten-

1969 4507 2071 4565 tes,
2096 4495 2191 4552 sed
2222 4496 2352 4551 nihil
2370 4495 2502 4551 ccrti
2533 4494 2804 4565 accipiunt
2833 4493 2886 4548 in
2910 4492 3200 4564 responsis.
3230 4492 3360 4548 Nam
3382 4491 3547 4564 409

1967 4606 2108 4648 anno
2139 4589 2431 4662 praeterito,
2453 4603 2572 4644 cum
2596 4589 2864 4643 exercitus
2889 4587 3272 4656 Septimaniam
3292 4584 3556 4641 debellas-

1967 4696 2067 4751 set.
2102 4701 2264 4744 naves
2292 4700 2410 4756 qua:
2432 4683 2500 4741 de
2529 4681 2710 4740 Galliis
2740 4683 2795 4739 in
2819 4682 3096 4739 Galliciam
3125 4681 3372 4738 abierant
3417 4690 3465 4747 ε,
3489 4695 3556 4737 ex

1965 4923 2048 4969 est
2079 4921 2255 4968 tamen
2284 4925 2348 4966 ex
2396 4907 2724 4964 Childeberti
2759 4906 2825 4961 III
2871 4906 3078 4974 charta,
3137 4919 3295 4976 quam
3338 4903 3392 4958 in
3446 4904 3555 4972 Ap-

1968 4986 2192 5054 pendice
2248 4983 2612 5054 proferemus,
2642 4980 2750 5054 sub
2776 5049 2784 5054 Α
2808 4979 2976 5054 prima
3007 4991 3191 5046 regum
3232 4985 3549 5054 nostrorum

1957 5047 2124 5124 stirpe
2147 5047 2421 5124 basilicam
2445 5050 2625 5124 sancti
2639 5049 2846 5124 Martini
2875 5049 3082 5124 conloco
3104 5047 3408 5124 exstitisse,
3438 5061 3548 5115 quo

1959 5119 2100 5180 nunc
2129 5123 2356 5180 ecclesia
2388 5122 2556 5176 sancti
2608 5119 2820 5174 Martini
2871 5135 2901 5174 a
2931 5119 3146 5186 Campis
3200 5125 3401 5186 perstat
3435 5135 3449 5172 :
3482 5133 3548 5172 an

1955 5211 2082 5251 vero
2107 5210 2169 5250 ea
2199 5195 2310 5261 ipsa
2337 5193 2403 5247 sit
2433 5206 2590 5260 qnam
2622 5191 2708 5246 hic
2743 5189 3036 5260 Gregorius
3077 5189 3279 5257 laudat,
3311 5187 3430 5242 aliis
3461 5186 3542 5243 in-

1954 5267 2270 5338 quirendutn
2295 5263 2668 5338 relinquimus.

2025 5338 2052 5376 ι’
2095 5340 2263 5407 Sttpra
2294 5335 2383 5391 lib.
2416 5330 2466 5403 v,
2489 5350 2607 5406 cap.
2629 5334 2720 5402 ‘22,
2745 5333 2834 5389 ubi
2861 5331 3053 5389 dicitur
3086 5330 3420 5387 Vuimtocltus
3445 5345 3539 5387 seu

1965 5410 2274 5465 Vinnoclms.
2869 5434 2876 5440 ι

2023 5495 2043 5522 ο
2079 5482 2133 5535 Id
2164 5474 2334 5549 ipsum
2365 5479 2647 5548 designare
2667 5475 2832 5534 voluit
2861 5477 3014 5531 Joan.
3053 5476 3243 5531 Biclar.
3280 5476 3329 5530 in
3357 5475 3522 5549 Chroo

1947 5554 2088 5620 nico,
2121 5548 2210 5607 ubi
2244 5555 2307 5606 ad
2340 5550 2636 5620 Leuvigildi
2667 5565 2866 5604 annum
2905 5549 2966 5600 17
3022 5549 3184 5604 refert
3225 5548 3538 5620 provinciam

1948 5617 2190 5680 Callatia:
2221 5617 2534 5693 (legendum
2561 5631 2644 5693 e_s_t
2673 5637 2738 5676 ex
2770 5620 2870 5675 hoc
2905 5620 3148 5691 Gregorii
3180 5617 3545 5693 lo'co,rCalle-

1944 5699 2058 5762 cite,
2088 5711 2180 5750 seu
2211 5690 2488 5764 Callwciw)
2516 5710 2548 5747 α
2579 5691 2900 5748 Francorum
2929 5690 3254 5765 infestatione
3282 5692 3445 5747 fuisse
3471 5690 3507 5743 li
3526 5717 3544 5730 ο

1946 5772 2192 5827 beratam.
