4096 6344
590 330 648 381 Π
658 328 693 379 ες

1579 320 1639 378 S.
1680 316 2010 379 GREGORII
2052 311 2362 370 EPISCOPI
2399 311 2834 371 TURONENSIS

3753 317 3853 374 476

584 454 732 521 jussu
756 442 1084 501 Leuvicbildi
1117 443 1257 515 regis
1283 450 1503 498 vastatte
1533 452 1682 509 sunt,
1716 457 1801 498 res
1828 442 2041 507 ablatae,
2071 436 2165 489 h0-

2290 431 2523 485 manibus
2575 432 2735 487 etiam
2788 428 3016 501 propriis
3067 428 3358 486 verberare
3418 430 3854 501 progrediebatur

585 541 756 596 mines
788 539 912 595 (τεεί
940 550 1097 609 atque
1129 535 1426 602 interfecti,
1461 536 1697 590 nonnulli
1726 536 1921 605 captivi
1951 534 2167 590 abducti

584 640 729 688 sunt.
764 630 843 685 Ex
869 632 1060 702 quibus
1090 630 1241 699 pauci
1270 628 1666 698 quodammodo
1714 628 1928 699 scaphis
1972 626 2165 697 erepti,

586 722 772 793 patria:
802 737 918 790 qua:
945 730 1060 774 acta
1096 719 1304 773 fuerant
1336 720 1731 774 nuntiaverunt.

658 813 896 868 XXXVI.
933 812 1091 881 Igitur
1120 812 1257 882 apud
1290 812 1690 869 Childebertum
1723 827 1904 883 regem
1949 811 2173 883 Magno-

591 904 777 958 Valdus
811 904 985 957 causis
1011 902 1233 958 occultis
1260 919 1321 956 ex
1350 901 1503 971 jussu
1532 904 1671 972 regis
1718 902 2033 959 interﬁcitur
2074 905 2174 960 hoc

591 996 769 1051 modo.
801 995 986 1050 Stante
1015 993 1147 1049 infra
1181 996 1455 1055 Mettensis
1487 996 1632 1050 urbis
1662 997 1915 1065 palatium
1947 1014 2091 1068 rege,
2122 1009 2175 1055 et

590 1086 771 1143 ludum
801 1097 1093 1158 spectante,
1127 1089 1353 1158 qualiter
1379 1090 1575 1143 animal
1606 1099 1815 1145 caterva
1861 1106 2050 1146 canum
2074 1093 2178 1147 cire

591 1181 897 1235 cumdatum
931 1181 1270 1251 fatigabatur,
1309 1182 1685 1248 Maguovaldus
1734 1185 2043 1237 arcessitur.
2076 1185 2178 1253 Qui

594 1272 836 1337 veniens,
868 1282 922 1326 et
952 1274 1195 1327 nesciens
1222 1288 1341 1340 quzc
1370 1273 1571 1343 agenda
1602 1285 1779 1342 erant,
1810 1290 1927 1331 cum
1962 1279 2179 1347 reliquis

593 1364 884 1420 dissolutus
914 1364 1046 1431 risu,
1080 1366 1383 1436 prospicere
1424 1368 1679 1438 pecudem
1712 1371 1893 1439 cmpit.
1926 1370 1995 1425 At
2024 1372 2067 1426 is
2094 1371 2179 1427 cui

595 1454 798 1511 iussum
832 1456 1023 1524 fuerat,
1050 1471 1168 1512 cum
1189 1459 1387 1514 videret
1417 1475 1539 1516 eum
1565 1463 1870 1528 spectaculo
1895 1464 2178 1535 intentum,

593 1547 782 1603 librata
812 1548 1005 1615 securi,
1036 1560 1193 1619 caput
1220 1551 1339 1621 ejus
1370 1553 1550 1619 illisit;
1585 1554 1672 1624 qui
1706 1556 1901 1611 cecidit
1941 1569 1992 1612 et
2040 1574 2185 1613 mor-

513 1695 522 1702 ,
597 1648 716 1694 tuus
750 1651 848 1708 est,
882 1654 943 1694 ac
970 1657 1062 1710 per
1091 1641 1379 1698 fenestram
1431 1645 1621 1699 domus
1664 1648 1950 1715 projecttls,
2001 1663 2029 1701 a
2074 1652 2184 1704 suis

595 1733 834 1803 sepultus
864 1742 965 1802 est,
998 1749 1189 1805 resque
1218 1738 1333 1805 ejus
1365 1739 1609 1807 protinus
1636 1738 1879 1807 direptae,
1909 1749 1962 1792 et
1992 1741 2184 1794 :erario

2273 524 2503 591 multos,
2534 539 2599 581 ac
2644 525 2868 580 dicere:
2901 524 3035 579 Num
3086 523 3206 578 ideo
3251 521 3373 593 quia
3419 522 3645 578 clericus
3693 524 3854 582 factus

2273 632 2414 685 sum,
2442 618 2584 673 ultor
2631 618 2947 687 injuriarum
2978 631 3217 673 mearum
3270 630 3375 671 non
3405 616 3533 671 ero?
3584 614 3688 689 se!
3735 617 3853 686 quid

2274 712 2448 766 dicam
2478 711 2545 767 de
2572 712 2803 777 ceteris,
2838 726 2959 767 cum
3004 724 3101 765 nec
3148 709 3278 777 ipsis
3334 722 3546 776 quoque
3594 710 3855 779 germanis

2276 788 2539 874 parceret,
2570 803 2665 858 sed
2688 804 2833 871 ipsos
2863 802 3030 871 magis
3060 801 3418 870 exspoliare-ti
3448 800 3581 855 Cum
3600 816 3707 868 quo
3729 818 3857 855 nun-

2276 911 2432 967 quam
2453 896 2719 965 justitiam
2743 894 2809 950 de
2839 894 2997 950 rebus
3028 892 3263 963 paternis
3290 892 3616 947 maternisve
3647 893 3854 962 assequi

2279 1001 2581 1061 potuerunt.
2616 991 2812 1058 Quinto
2842 1000 3020 1047 autem
3066 1003 3207 1045 anno
3253 988 3595 1058 episcopatus
3642 990 3726 1045 sui
3773 1006 3860 1045 ex-

2277 1090 2455 1159 pleto,
2485 1102 2604 1141 cum
2632 1086 2741 1158 jam
2771 1095 2977 1141 sextum
3024 1084 3351 1155 ingrediens,
3398 1084 3613 1154 epulum
3661 1083 3861 1138 civibus

2279 1196 2399 1235 cum
2424 1181 2681 1235 immensa
2713 1179 2892 1235 laetitia
2917 1188 3303 1249 preparasset:
3330 1192 3361 1231 a
3388 1177 3537 1232 febre
3564 1187 3861 1245 correptus,

2280 1286 2475 1326 annum
2507 1287 2666 1342 quem
2687 1283 2926 1343 cmperat
2949 1272 3191 1341 pretinus
3216 1277 3387 1327 morte
3412 1268 3727 1325 imminente
3755 1270 3863 1323 (ini-

2279 1366 2377 1419 vit.
2410 1364 2465 1419 In
2487 1366 2638 1434 cujus
2661 1365 2834 1422 locum
2861 1364 3275 1420 Bertchramnus
3306 1362 3603 1418 Parisiacus
3636 1374 3661 1401 ο
3695 1362 3863 1417 archi-

2282 1455 2540 1511 diaconus
2588 1459 2907 1527 subrogatus
2954 1467 3059 1513 est.
3108 1455 3209 1522 Qui
3256 1455 3451 1511 multas
3495 1455 3864 1512 altercationes

2284 1565 2404 1605 cum
2437 1550 2619 1605 relicta
2643 1550 2781 1605 illius
2802 1550 3037 1607 defuncti
3062 1550 3310 1611 habuisse
3336 1551 3610 1618 probatur,
3640 1566 3710 1606 eo
3731 1550 3864 1621 quod

2283 1656 2399 1709 res,
2432 1657 2551 1709 ante
2578 1653 2819 1713 tempore
2847 1644 3125 1713 Badegisili
3154 1643 3390 1712 episcopi
3441 1644 3689 1699 ecclesiae
3738 1644 3867 1698 data:

2285 1736 2517 1802 fuerant,
2551 1745 2799 1807 tanquam
2823 1739 3067 1809 proprias
3106 1738 3391 1805 retinebat,
3423 1737 3610 1794 dicens
3643 1755 3657 1791 :
3693 1737 3867 1791 Militia

594 1824 839 1896 publico,
869 1837 1126 1897 quantum
1157 1838 1427 1896 repertum
1453 1834 1535 1881 est
1555 1868 1569 1892 ,
1614 1836 1735 1881 sunt
1782 1828 1961 1882 illatae.
2017 1833 2186 1884 Autu-
2216 1830 2263 1891 B
2290 1828 2404 1881 haec
2434 1828 2533 1882 fuit
2561 1831 2660 1884 viri
2682 1830 2810 1898 mei,
2837 1840 2893 1885 et
2924 1831 3046 1887 licet
3074 1830 3259 1897 invita,
3293 1838 3468 1885 tamen
3490 1840 3691 1885 cuncta
3718 1827 3868 1883 resti-

601 1916 815 1969 mabant
848 1924 1020 1970 tamen
1051 1917 1288 1985 quidam,
1321 1931 1385 1970 eo
1417 1917 1557 1985 quod
1588 1926 1711 1986 post
1750 1928 1975 1973 mortem
2007 1920 2186 1976 fratris

598 2007 822 2061 diversis
869 2009 1035 2077 plagis
1087 2009 1368 2078 conjugem
1427 2007 1667 2063 allectam
1709 2010 2080 2067 interiecisset.
2132 2024 2187 2069 et

600 2113 818 2153 uxorem
852 2103 1033 2154 fratris
1062 2102 1286 2156 ascisset
1334 2110 1482 2169 toro,
1515 2102 1782 2158 exstitisse
1818 2118 2033 2159 causam
2083 2120 2185 2177 qua

596 2189 1010 2246 interimeretur.

671 2282 935 2338 XXXVII.
970 2284 1213 2339 Posthaec
1237 2284 1583 2341 Childeberto
1609 2287 1717 2355 regi
1744 2286 1882 2343 ﬁlius
1903 2296 2061 2343 natus
2081 2298 2187 2357 est,

597 2372 689 2442 qui
735 2388 763 2427 a
816 2373 1119 2444 Magnerico
1169 2375 1523 2431 Treverorum
1572 2378 1823 2447 episcopo
1856 2388 1882 2415 ἰ
1913 2378 1980 2434 de
2036 2394 2190 2435 sacro

598 2463 749 2520 fonte
776 2476 1079 2535 susceptus,
1107 2468 1514 2525 Thcodobertus
1544 2478 1629 2524 est
1654 2472 1917 2527 vocitatus
1952 2490 1963 2524 :
1992 2474 2059 2527 de
2085 2488 2192 2544 quo

603 2563 807 2611 tantum
834 2560 1082 2628 gaudium
1110 2560 1541 2617 Guntchramnus
1565 2548 1660 2618 rex
1695 2564 1898 2630 habuit,
1929 2574 1987 2619 ut
2010 2569 2190 2622 statim

602 2650 804 2721 legatus
834 2654 1091 2724 dirigens,
1132 2656 1298 2710 multa
1328 2658 1376 2711 ei
1411 2674 1629 2713 munera
1664 2661 2078 2729 transmitteret,
2112 2662 2193 2717 di-

572 2756 729 2796 cens
764 2761 776 2795 :
808 2744 910 2799 Per
941 2744 1081 2801 hunc
1103 2748 1242 2801 enim
1294 2747 1431 2804 Deus
1473 2751 1683 2818 erigere
1733 2750 2057 2807 Francorum
2100 2767 2190 2809 re-

598 2855 761 2911 gnum
809 2843 1019 2914 propria
1050 2843 1342 2913 majestatis
1382 2860 1492 2901 suze
1543 2848 1741 2916 pietate
1785 2849 2115 2919 dignabitur,
2144 2850 2191 2906 si

606 2935 729 2991 huic
760 2946 927 3006 pater,
959 2949 1049 2993 aut
1078 2940 1189 3009 ipse
1220 2940 1411 2996 vixerit
1440 2943 1597 3011 patri.

676 3029 962 3087 xxxvm.
996 3033 1151 3087 Anno
1181 3033 1408 3104 denique
1460 3020 1931 3109 undecimo-regni
1978 3037 2192 3097 Cbilde-

605 3124 742 3181 berti
771 3128 933 3198 regis,
969 3128 1121 3197 legati
1155 3129 1346 3184 iterum
1378 3129 1443 3184 de
1474 3130 1738 3201 Hispaniis
1773 3144 2059 3199 venerunt,
2095 3148 2191 3204 pa-

2289 1922 2411 1976 tuit.
2448 1922 2573 1978 Erat
2602 1923 2743 1977 enim
2778 1923 3033 1980 ineffabili
3062 1924 3293 1990 malitia;
3346 1938 3467 1981 nam
3506 1920 3705 1992 S‘rpius
3753 1920 3870 1975 viris

2290 2016 2466 2070 omnia
2508 2015 2756 2085 pudenda
2799 2030 2922 2070 cum
2962 2016 3091 2084 ipsis
3143 2014 3344 2077 ventris
3393 2014 3619 2083 pellibus
3670 2012 3870 2077 incidit,

2290 2105 2507 2162 feminis
2535 2105 2825 2161 secretiora
2854 2106 3097 2175 corporis
3124 2107 3238 2161 loca
3280 2105 3492 2161 laminis
3522 2105 3873 2161 candentibus

2292 2202 2547 2271 perussit,
2579 2200 2674 2255 sed
2704 2207 2759 2255 et
2784 2200 2949 2255 multa
2980 2200 3081 2254 alia
3111 2200 3289 2269 inique
3317 2200 3501 2269 gessit,
3549 2214 3670 2268 quae
3705 2208 3875 2255 tacere

2293 2294 2487 2349 melius
2518 2293 2721 2363 putavi.
2751 2294 2893 2348 Obiit
2932 2301 2987 2347 et
3015 2290 3292 2348 Sabaudus
3320 2291 3345 2328 ά
3382 2291 3718 2348 Arelatensis
3767 2289 3875 2358 epi-

2294 2400 2512 2455 scopus,
2536 2385 2589 2439 in
2614 2384 2766 2453 cujus
2820 2384 2995 2439 locum
3047 2382 3205 2455 511
3255 2382 3493 2438 Licerius
3522 2384 3664 2453 regis
3714 2381 3879 2437 Gunt-

2295 2478 2539 2535 chramni
2585 2476 2976 2534 referendarius
3004 2487 3085 2532 est
3120 2478 3338 2533 ascitus.
3370 2476 3562 2532 Gravis
3591 2487 3721 2531 tunc
3755 2475 3881 2530 Pro-

2296 2572 2526 2628 vinciam
2558 2572 2727 2641 ipsam
2758 2571 2873 2625 lues
2890 2571 3208 2640 depopulata
3237 2579 3339 2625 est.
3370 2568 3509 2624 Obiit
3541 2580 3593 2624 et
3616 2570 3884 2625 Evantius

2298 2664 2616 2721 Viennensis
2635 2664 2919 2733 episCOpus
2945 2672 2991 2728 ο,
3022 2662 3074 2715 in
3097 2661 3247 2730 cujus
3271 2662 3451 2716 sedem
3475 2660 3629 2715 Virus
3656 2663 3885 2731 presby-

2295 2767 2379 2813 ter
2400 2758 2467 2813 de
2494 2756 2831 2813 senatoribus
2853 2771 2981 2825 rege
2997 2755 3227 2825 eligeute
3245 2754 3600 2808 substituitur.
3624 2754 3883 2823 Multique

2295 2865 2362 2906 eo
2389 2865 2532 2905 anno
2575 2850 2916 2905 sacerdotum
2962 2866 3024 2903 ex
3076 2849 3178 2903 hoc
3225 2848 3424 2902 mttndo
3468 2846 3876 2917 migraveruut:

2296 2941 2435 3012 quod
2468 2942 2744 3010 praeterire
2770 2940 2908 2994 volui
2940 2938 2956 2977 τ
2971 2982 2985 3005 ,
3018 2954 3083 2993 eo
3112 2939 3253 3008 quod
3276 2938 3643 3009 unusquiSqne
3673 2939 3729 2993 in
3758 2938 3878 2994 urbe

2297 3048 2391 3090 sua
2422 3035 2505 3089 sui
2536 3033 2812 3103 reliquerit
2842 3036 3183 3087 monimenta.
3318 3026 3323 3029 ’

2369 3127 2485 3183 XL.
2516 3126 2639 3181 Fuit
2664 3136 2841 3181 autem
2864 3133 2919 3179 et
2949 3126 2999 3179 in
3031 3126 3163 3180 urbe
3193 3123 3458 3179 Turonica
3488 3122 3736 3191 Pelagius
3763 3122 3875 3193 qui-

606 3236 723 3275 cem
764 3231 1008 3291 petentes
1042 3240 1053 3275 :
1082 3223 1174 3277 sed
1224 3223 1355 3278 nihil
1405 3225 1536 3279 certi
1577 3226 1910 3289 obtinentes.
1957 3230 2190 3302 regressi
2218 3228 2265 3292 C
2298 3227 2441 3292 dam,
2470 3222 2521 3277 in
2551 3220 2697 3275 omni
2748 3218 2948 3273 malitia
2998 3216 3339 3279 exercitatus,
3395 3215 3599 3270 nullum
3650 3215 3874 3285 judicem

568 3310 743 3367 sunt.
795 3315 1119 3369 llicbaredus
1164 3326 1374 3381 autem,
1423 3318 1563 3373 ﬁlius
1614 3318 1972 3389 Lenvicbildi,
2023 3340 2221 3393 usque.

606 3407 903 3463 Narbonem
936 3408 1099 3481 410
1130 3410 1292 3477 venit,
1324 3420 1376 3464 et
1408 3411 1545 3466 intra
1578 3414 1862 3471 terminum
1893 3416 2188 3475 Galliarum

606 3497 970 3567 praedas-egit,
1003 3509 1053 3551 et
1085 3500 1219 3553 clam
1252 3516 1528 3569 regressus
1554 3512 1652 3559 est.

677 3586 923 3644 XXXIX.
957 3590 1033 3645 Eo
1061 3590 1088 3630 ι’
1120 3606 1259 3646 anno
1310 3593 1459 3647 multi
1503 3595 1873 3666 episcoporum
1919 3596 2187 3658 obierunt.

607 3680 933 3753 Badegisilus
958 3698 1088 3739 vero
1103 3682 1572 3741 Cenomannorum
1598 3690 1901 3761 episcopus,
1930 3694 2013 3747 vir
2037 3696 2193 3753 valde

607 3786 777 3828 smvus
805 3774 854 3828 in
890 3777 1104 3845 populo,
1138 3776 1391 3831 auferens
1421 3778 1532 3833 sive
1564 3780 1817 3849 diripiens
1862 3783 2060 3852 injuste
2105 3801 2192 3842 res

606 3864 937 3923 diversorum
972 3888 983 3922 :
1013 3871 1077 3924 ad
1108 3871 1260 3939 cujus
1288 3873 1520 3927 animum
1553 3874 1803 3931 acerbum
1833 3888 1991 3947 atque
2020 3880 2193 3935 immi-

608 3966 714 4017 tem
742 3961 934 4031 conjux
967 3975 1269 4021 accesserat
1294 3967 1505 4033 saevior,
1538 3982 1655 4037 quze
1686 3968 1834 4023 illum
1869 3972 1919 4025 in
1948 3972 2195 4029 commit-

612 4055 783 4109 tendis
814 4057 1126 4124 sceleribus,
1176 4059 1516 4131 nequissimis
1567 4063 1774 4117 consilii
1802 4064 2029 4120 stimulis
2072 4082 2192 4136 per-

552 4144 557 4151 ’
606 4148 848 4217 urgebat.
881 4148 988 4205 Nec
1012 4153 1311 4219 praeteribat
1359 4153 1491 4218 dies,
1524 4163 1970 4213 ‘autmomentum
1997 4159 2185 4231 ullum,

607 4240 660 4295 in
692 4258 794 4299 uno
826 4258 929 4297 non
962 4252 1053 4297 aut
1084 4242 1132 4297 in
1162 4245 1349 4312 spoliis
1380 4247 1599 4313 civium,
1631 4260 1720 4302 aut
1751 4248 1803 4303 iu
1850 4250 2074 4306 diversis
2118 4253 2194 4306 al-

608 4333 986 4387 tercationibus
1023 4346 1375 4403 grassaretur.
1410 4338 1658 4403 Quotidie
1684 4348 1861 4396 autem
1890 4357 2010 4396 cum
2053 4342 2198 4412 judi-

607 4420 760 4476 cibus
782 4439 967 4481 causas
999 4425 1293 4495 discutere,
1340 4432 1554 4485 militias
1582 4434 1869 4489 smculares
1915 4451 2194 4493 exercere.

609 4514 803 4571 saevire
832 4514 885 4570 in
928 4518 1081 4581 alios,
1113 4520 1247 4574 alios
1286 4521 1521 4576 caedibus
1566 4538 1723 4592 agere
1771 4541 1874 4580 non
1926 4527 2195 4596 cessabat,

2300 3328 2561 3380 metuens,
2597 3328 2693 3384 pro
2730 3327 2796 3367 eo
2825 3312 2965 3382 quod
2995 3310 3358 3380 iumentorum
3391 3308 3655 3364 ﬁscalium
3705 3316 3875 3363 custo-

2296 3408 2389 3465 des
2413 3408 2510 3462 sub
2539 3406 2655 3475 ejus
2687 3411 2946 3473 potestate
2975 3403 3355 3457 consisterent.
3387 3401 3467 3455 οι»
3498 3400 3597 3455 hoc
3619 3400 3779 3465 furta,
3799 3414 3873 3456 su-

2297 3508 2548 3569 perventa
2579 3508 2626 3563 8,
2661 3496 3023 3564 pervasioues,
3074 3494 3271 3561 caedes,
3303 3495 3622 3563 diversaque
3653 3495 3869 3562 scelera,

2299 3600 2404 3646 tam
2438 3592 2488 3644 in
2519 3589 2832 3643 ﬂuminibus
2859 3601 3017 3656 quam
3047 3585 3099 3640 in
3145 3586 3324 3652 terris,
3355 3601 3512 3655 agere
3561 3600 3670 3642 non
3701 3598 3867 3642 cessa-

2297 3682 2409 3737 bat.
2438 3682 2568 3736 Nam
2600 3681 2915 3751 plerumque
2939 3676 3283 3742 arcessitum,
3330 3687 3384 3730 et
3413 3676 3717 3732 minacibus
3743 3675 3867 3731 lent-

2297 3778 2500 3852 busque
2531 3774 2727 3839 verbis,
2759 3783 2817 3828 ιιι
2858 3772 2925 3826 ab
2972 3772 3071 3825 hac
3116 3770 3315 3835 malitia
3346 3768 3655 3834 desisteret,
3704 3768 3869 3839 prohi-

2298 3870 2425 3925 bere
2454 3866 2595 3921 volui
2629 3884 2643 3921 :
2676 3865 2766 3921 sed
2798 3864 2967 3933 magis
2994 3862 3114 3917 odia
3158 3878 3315 3932 quam
3365 3861 3597 3929 aliquem
3655 3860 3864 3915 fructum

2294 3964 2516 4035 justitite
2538 3962 2606 4017 ab
2631 3976 2695 4015 eo
2730 3959 2934 4027 recepi,
2980 3957 3130 4028 juxta
3173 3956 3303 4011 illud
3351 3954 3744 4011 Salomoniacaz
3780 3954 3866 4006 Sa—

2300 4057 2513 4127 pientia:
2544 4052 2879 4123 proverbium
2912 4066 2928 4105 :
2958 4048 3131 4119 Argue
3156 4048 3393 4113 stultum,
3424 4046 3635 4115 adjiciat
3667 4045 3798 4103 odire
3824 4051 3865 4094 te

2300 4150 2482 4222 (Prov.
2512 4164 2583 4217 tx,
2616 4147 2695 4217 8).
2728 4145 2858 4201 Nam
2892 4152 3093 4199 tantum
3126 4143 3177 4197 in
3207 4157 3291 4197 me
3321 4140 3500 4195 odium
3526 4140 3693 4195 miser
3721 4139 3863 4192 babe—

2300 4244 2410 4310 bat,
2444 4251 2501 4296 ut
2542 4241 2737 4309 smpius
2767 4236 3007 4309 spoliatis
3036 4236 3297 4303 caesisque
3344 4232 3652 4289 hominibus
3683 4238 3861 4287 sancta:

2297 4337 2559 4400 ecclesite,
2588 4333 2860 4389 exanimes
2888 4330 3181 4401 reliquerit,
3227 4340 3420 4383 causas
3444 4324 3680 4395 qualiter
3703 4319 3859 4377 eccle—

2298 4430 2392 4483 sias
2424 4428 2505 4481 vel
2563 4424 2799 4480 basilica:
2845 4423 3015 4479 sancti
3058 4420 3266 4477 Martini
3313 4419 3508 4475 damna
3557 4413 3857 4474 intenderet,

2298 4519 2597 4589 inquirens.
2628 4516 2781 4573 Unde
2811 4515 3009 4570 factum
3035 4522 3149 4584 est,
3178 4521 3236 4568 ut
3263 4511 3489 4583 quadam
3520 4509 3635 4564 vice
3668 4504 3860 4561 venien-

677 4684 703 4713 ι
730 4674 939 4750 Colitur
962 4678 1051 4732 die
1076 4676 1149 4733 25
1176 4678 1298 4732 Julii
1322 4694 1337 4743 ;
1380 4679 1619 4748 sepultus
1647 4688 1731 4735 est
1758 4681 1811 4735 in
1858 4682 2186 4747 monasterio
2214 4684 2265 4744 D
2293 4696 2389 4750 per
2419 4680 2581 4743 ﬂuvio
2599 4676 2725 4731 Gala
2757 4673 2991 4750 dimisit,
3023 4669 3498 4750 rogansabbatem
3523 4666 3742 4750 illustris
3775 4660 3858 4750 Ιςςξ
3881 4652 3888 4659 ’

608 4749 775 4801 sancti
808 4749 1039 4811 Martini,
1070 4766 1099 4802 a
1131 4750 1306 4816 seipSo
1356 4751 1592 4812 condito,
1641 4750 1779 4817 quod
1836 4754 1994 4805 etiam
2047 4770 2187 4807 nunc

607 4826 781 4892 exstat
812 4820 910 4873 sub
939 4821 1126 4892 ordine
1158 4820 1521 4875 Beuedictino.
1575 4822 1699 4889 Ejus
1757 4823 1922 4875 Vitam
1974 4824 2190 4892 scripsit

608 4887 903 4961 Ebervinus
933 4891 1117 4955 abbas,
1147 4892 1390 4961 laudatur
1413 4909 1442 4945 a
1476 4887 1769 4947 Fortunato
1792 4894 1885 4949 lib.
1915 4909 1990 4961 ιιι,
2017 4887 2187 4955 carm.

607 4960 696 5023 il,
726 4971 780 5014 et
805 4962 1001 5030 passim
1030 4977 1057 5014 a
1083 4972 1267 5017 nostro
1294 4960 1570 5028 Gregorio.

682 5031 715 5103 ἕ
741 5030 853 5087 Hoc
894 5042 1053 5103 caput
1100 5048 1219 5087 cum
1270 5042 1497 5097 quatuor
1539 5034 1885 5103 sequentibus
1936 5036 2087 5091 deest
2134 5037 2183 5090 in

608 5102 758 5175 (Iolb.
791 5120 843 5160 a.
874 5114 927 5158 et
952 5100 1073 5158 Vat.
1109 5105 1180 5158 De
1207 5104 1512 5168 Badegesilo
1542 5100 1701 5171 supra
1734 5107 1826 5161 lib.
1866 5122 1939 5175 vr,
1974 5124 2089 5173 cap.
2119 5108 2181 5173 9;

606 5174 923 5245 subscripsit
951 5175 1189 5230 Concilio
1218 5175 1614 5232 Martisconeusi
1646 5192 1703 5242 ιι,
1736 5194 1876 5232 anno
1906 5181 2029 5235 5'85.
2058 5178 2185 5234 Con-

602 5242 696 5367 {t’tx
726 5242 839 5313 ejus
869 5246 1229 5317 Magnatrmlis
1256 5249 1552 5316 appellatur
1583 5246 1735 5301 infra.
1773 5249 1861 5303 lib.
1902 5267 1955 5315 ι,
1984 5266 2099 5319 cap.
2126 5252 2181 5305 5.

658 5317 1023 5367 Istinauendus
1050 5327 1133 5367 est
1161 5333 1187 5367 a
1238 5318 1583 5367 Bet‘ti-nesiln-
1614 5317 1701 5367 ιιιιί
1732 5319 1971 5367 narmimn
2004 5321 2181 5367 seriem

658 5314 1023 5387 istinguendus
1050 5327 1133 5374 est
1161 5333 1187 5371 a
1238 5314 1584 5387 Berti-gesilo,
1614 5317 1702 5387 qui
1732 5314 1971 5375 eamdem
2004 5314 2183 5376 sedem

610 5383 690 5437 bis
719 5383 928 5461 invasit,
962 5398 1019 5442 ut
1070 5392 1120 5444 in
1161 5383 1502 5445 Testamento
1533 5383 1642 5443 suo
1669 5392 2013 5461 conqueritur
2064 5407 2188 5446 san-

606 5464 724 5509 ctus
754 5457 1116 5515 Bertramnus.

683 5536 705 5598 9
742 5527 867 5595 Ejus
898 5530 1026 5583 Acta
1057 5532 1314 5586 habentur
1345 5540 1489 5585 tomo
1521 5529 1585 5585 ill
1614 5531 1855 5584 Analect.
1887 5529 2182 5598 Mabillon.,

607 5594 1330 5671 ubi_ipsiusTestamemum,
1374 5618 1480 5671 quo
1528 5604 1665 5657 inter
1709 5602 1808 5671 alia
1857 5603 2018 5654 multa
2065 5594 2183 5671 quae

608 5667 771 5723 variis
800 5670 1040 5725 ecclesiis
1065 5672 1302 5729 donavit.
1338 5667 1567 5728 basilica:
1597 5672 1735 5726 beati
1773 5669 2055 5739 Vincentii,
2082 5667 2177 5728 'ubi

608 5752 805 5811 corpus
831 5741 967 5811 beati
1015 5741 1285 5804 Germani,
1318 5758 1345 5795 a
1376 5758 1480 5811 quo
1526 5742 1785 5796 enutritus
1843 5742 2041 5807 fuerat,
2089 5760 2176 5798 re-

610 5810 855 5876 quiescit,
896 5810 1069 5864 villam
1104 5811 1317 5868 Bobane
1344 5815 1394 5868 in
1428 5813 1698 5869 territorio
1744 5814 2046 5883 Stampcnsi
2087 5818 2176 5870 s'u-

2294 4732 2775 4815 ἶιῖἷιιῖξιιῖιιοιιιριι
2807 4748 2919 4813 ejus
2950 4732 2998 4797 iu
3034 4732 3172 4815 libro
3196 4742 3333 4815 vitm
3370 4740 3647 4815 recitetur.
3685 4732 3855 4815 diariis

2294 4807 2538 4877 conciliis
2571 4807 2850 4873 interfuit:
2866 4816 3081 4869 Festum
3110 4814 3223 4883 ejus
3256 4813 3559 4883 celebratur
3602 4810 3654 4862 in
3684 4807 3855 4883 Marty-

2296 4895 2398 4949 rol.
2433 4892 2706 4947 Gallicano
2746 4888 2831 4941 die
2865 4886 2949 4938 Ill.
2983 4886 3118 4939 Non.
3140 4879 3459 4937 'Februarii.
3496 4882 3568 4935 De
3597 4895 3665 4934 eo
3710 4879 3856 4943 Pape-

2297 4964 2547 5019 brochius
2574 4962 2636 5015 ad
2668 4960 2805 5013 diem
2839 4959 2870 5012 6
2897 4956 3038 5009 Junii
3073 4953 3422 5008 Bollandiaiti.

2368 5015 2501 5089 (De
2532 5034 2631 5087 hoc
2661 5046 2814 5099 supra
2851 5030 2942 5082 lib.
2971 5043 3043 5093 tv,
3069 5041 3189 5099 cap.
3216 5024 3323 5099 fit);
3357 5023 3552 5099 dicitur
3581 5021 3735 5099 vulgo
3763 5015 3851 5099 Sof

2293 5108 2517 5179 ραιιιίιιεο
2553 5092 2744 5179 Variis.
2767 5098 3024 5179 υοηοίιίίε.
3054 5092 3324 5179 interluit»
3363 5104 3425 5179 βξ
3469 5092 3850 5179 “satiatum”

2296 5157 2485 5233 Galliis
2503 5157 2536 5231 a
2570 5172 2783 5244 l’elagio
2814 5186 2946 5243 papa
2978 5169 3221 5224 obtinuit.
3259 5157 3334 5221 De
3361 5165 3573 5220 Licerio
3613 5161 3744 5217 infra
3772 5157 3849 5210 lib.

2291 5263 2367 5317 lx,
2398 5264 2515 5318 cap.
2544 5246 2633 5301 23.
2785 5315 2796 5321 _
2908 5313 2920 5321 _
2992 5312 3004 5321 _
3079 5311 3111 5321 Α
3284 5308 3405 5321 HJ
3596 5320 3603 5321 ί
3731 5296 3848 5321 μοι,

2367 5296 2672 5374 ciiiilius
2718 5312 3031 5383 subscripsit
3074 5311 3237 5366 Cone.
3284 5308 3490 5383 Mati‘sc.
3520 5323 3556 5375 t,
3590 5296 3848 5383 an.__58|_;

2296 5392 2461 5461 Lugd.
2493 5405 2700 5461 "nan:
2722 5385 2854 5452 583;
2904 5374 3111 5461 Valent.
3148 5397 3202 5448 ιι,
3244 5396 3332 5461 an:
3386 5374 3637 5461 ass,'_et_
3670 5374 3847 5461 Matii?

2292 5478 2349 5528 ιι,
2375 5448 2470 5516 3n.
2505 5448 2627 5513 583$.
2664 5448 2879 5513 Festum
2925 5454 3040 5525 ejus
3087 5452 3326 5509 nonnulli
3368 5451 3455 5506 die
3504 5450 3571 5509 15
3613 5448 3847 5503 Januarii.

2292 5535 2380 5587 alii
2412 5537 2443 5588 5
2474 5531 2655 5598 Fcbr.,
2690 5529 2949 5583 recolunt.

2366 5602 2622 5672 'iicgm.,
2648 5602 2809 5655 nolui.
3077 5669 3085 5672 _
3129 5668 3139 5672 _
3244 5667 3253 5672 _
3545 5666 3555 5672 _
3719 5666 3729 5672 ,
3762 5654 3772 5666 .

2358 5684 2383 5721 ε
2411 5674 2465 5727 Id
2492 5666 2835 5742 éSt,'rapinas
2854 5708 2869 5736 ,
2897 5682 2992 5725 seu
3038 5667 3320 5724 violentias
3352 5666 3660 5738 repentinas
3684 5666 3735 5716 et
3761 5668 3848 5710 un-

2284 5759 2552 5816 praevrsas.
