4096 6344
354 373 457 432 477

1291 376 1613 437 HISTORIA
1651 375 2099 439 FRANCORUM.
2144 379 2347 438 LIBER
2386 370 2729 441 OCTAVUS.

3523 380 3629 448 478

350 498 435 549 tes
465 492 709 557 homines
732 500 965 561 nostros,
994 500 1155 566 atque
1177 496 1427 551 echinum
1452 495 1505 549 in
1528 495 1669 550 vasis
1690 494 1936 551 deferen-
1961 499 2016 559 Α
2044 497 2277 566 migisilo
2304 513 2513 568 quoque
2555 504 2752 555 metum
2799 498 3008 565 Intulit,
3052 501 3146 556 sed
3197 498 3504 572 pacificatus
3547 516 3629 564 es:

354 593 435 638 tes
461 585 711 650 cederet,
747 594 1065 654 protereret,
1098 588 1323 658 ipsaque
1345 603 1473 643 vasa
1500 598 1737 656 caperet.
1782 587 1937 655 Quod

355 676 548 731 factum
576 693 695 733 cum
727 681 1129 749 comperissem,
1177 698 1300 737 cum
1334 696 1363 737 a
1390 682 1765 736 communione
1823 695 1942 735 sus-

355 768 535 839 pendi,
564 784 669 824 non
699 773 849 840 quasi
882 772 1021 826 ultor
1049 772 1257 843 injuriae
1290 788 1446 837 mere,
1478 774 1570 828 sed
1625 781 1682 827 ut
1735 772 1939 825 facilius

352 877 472 914 eum
508 861 574 914 ab
607 861 703 915 hac
738 861 945 917 insania
994 865 1275 920 redderem
1328 864 1688 920 emendatum.
1738 864 1807 917 At
1855 864 1941 917 ille

352 951 540 1006 electis
572 952 850 1008 duodecim
881 956 1027 1020 viris,
1074 966 1124 1010 ut
1182 955 1281 1010 hoc
1309 957 1484 1011 scelus
1514 954 1800 1025 pejeraret,
1848 954 1942 1008 ad-

355 1046 516 1101 venit.
552 1045 657 1102 Sed
690 1063 809 1102 cum
835 1064 933 1119 ego
962 1049 1161 1104 nullum
1190 1051 1380 1105 vellem
1412 1058 1802 1103 sacramentum
1832 1062 1942 1101 sus-

351 1140 553 1209 cipere,
586 1141 891 1209 compulsus
920 1142 988 1194 ab
1019 1157 1104 1208 eo,
1137 1143 1218 1197 vel
1249 1157 1277 1197 a
1308 1142 1513 1199 civibus
1542 1142 1759 1205 nostris,
1787 1155 1941 1194 amo-

353 1232 421 1284 tis
482 1230 746 1300 reliquis,
792 1230 961 1303 ipsius
1019 1241 1220 1289 tantum
1271 1233 1633 1303 juramentum
1691 1236 1936 1301 suscepi,

352 1322 588 1394 jussique
619 1340 739 1377 cum
773 1322 937 1393 recipi
987 1325 1040 1378 in
1084 1325 1536 1380 communionem.
1591 1325 1717 1379 Erat
1764 1333 1938 1378 autem

351 1430 417 1469 eo
447 1422 687 1484 tempore
718 1416 915 1469 mensis
944 1415 1164 1485 primus.
1194 1416 1525 1470 Adveniente
1551 1423 1728 1469 autem
1759 1429 1941 1485 mense

352 1510 560 1579 quinto,
595 1523 696 1577 quo
728 1518 877 1578 prata
906 1512 1078 1564 secari
1109 1510 1305 1574 solent,
1337 1520 1541 1577 pratum
1566 1509 1943 1564 Sanctimouia-

352 1599 503 1665 lium,
532 1601 675 1671 quod
707 1603 933 1656 termino
964 1602 1095 1670 prati
1124 1601 1204 1656 sui
1236 1600 1562 1665 adhaerebat,
1590 1600 1856 1663 pervadit.
1886 1600 1940 1655 In

352 1708 457 1764 quo
489 1690 666 1747 statim
703 1702 759 1746 ut
790 1694 975 1748 falcem
1001 1694 1166 1758 misit,
1201 1694 1347 1748 febre
1385 1702 1684 1763 correptus,
1714 1693 1802 1748 die
1830 1702 1940 1748 ter-

354 1785 426 1839 tia
459 1785 702 1853 spiritum
734 1786 1022 1840 exhalavit.
1066 1786 1394 1854 Deposuerat
1425 1786 1565 1841 enim
1612 1785 1713 1840 sibi
1759 1786 1941 1855 sepul-

2039 605 2160 646 cum
2192 605 2277 647 eo.
2307 590 2582 646 Accedens
2612 600 2789 647 autem
2820 592 2887 646 ad
2920 593 3126 658 urbem,
3164 594 3289 649 dum
3321 597 3631 664 epularetur

2041 696 2162 736 cum
2192 682 2420 735 diversis
2449 682 2502 737 in
2533 683 2744 751 tristega
2773 693 2821 750 ε,
2856 684 3033 738 subito
3058 684 3281 742 effracto
3310 688 3514 758 pulpito
3533 688 3628 743 du.

2043 788 2182 841 mus,
2216 774 2300 827 vix
2330 774 2617 831 semivivus
2655 777 2846 843 evasit,
2876 777 3058 832 multis
3100 777 3261 849 513
3313 780 3625 848 debilitatis,

2042 868 2093 920 in
2126 866 2327 921 eisdem
2353 878 2527 921 tamen
2546 869 2699 921 malis
2722 869 3015 937 perdurans
3035 884 3156 938 quae
3196 872 3342 940 prius
3366 884 3625 941 gesserat.

2041 960 2207 1015 Multa
2238 970 2363 1014 tunc
2392 969 2445 1014 et
2476 960 2838 1029 Fredegundis
2867 962 2920 1015 in
2954 976 3119 1031 regno
3150 962 3246 1017 filii
3270 965 3352 1019 sui
3376 964 3442 1018 de
3470 965 3627 1020 rebus

2040 1052 2158 1121 ejus
2200 1053 2416 1106 evertit.
2448 1050 2569 1119 Ipse
2593 1066 2807 1123 quoque
2834 1054 2897 1106 ad
2932 1053 3271 1109 Rhedonicos
3299 1055 3541 1123 rediens,
3573 1067 3628 1111 et

2041 1158 2136 1198 eos
2162 1144 2273 1214 regi
2298 1141 2699 1198 Guntchramno
2728 1145 2957 1199 subdere
2984 1146 3227 1215 cupiens,
3273 1147 3437 1201 filium
3465 1163 3621 1201 suum

2042 1235 2095 1290 in
2132 1236 2232 1289 hoc
2260 1235 2378 1289 loco
2426 1235 2663 1304 reliquit.
2720 1236 2819 1302 Qui
2876 1251 2984 1291 non
3044 1237 3209 1291 multo
3264 1237 3630 1292 intercedente

2044 1336 2305 1397 tempore,
2330 1327 2659 1382 irruentibus
2681 1327 3006 1383 Rbedonicis
3027 1328 3379 1400 interemptus
3404 1339 3488 1385 est
3506 1345 3627 1384 cum

2044 1422 2226 1475 multis
2260 1420 2537 1476 honoratis
2568 1420 2715 1477 viris.
2774 1422 2884 1476 Iloc
2917 1438 3057 1478 anno
3085 1423 3254 1478 multa
3282 1424 3433 1494 signa
3464 1438 3628 1494 appa-

2044 1528 2300 1576 ruerunt:
2333 1535 2455 1574 nam
2487 1535 2673 1575 mense
2696 1522 2927 1589 septimo
2948 1520 3168 1574 arbores
3201 1520 3328 1574 visae
3369 1528 3491 1574 sunt
3534 1517 3631 1574 flo-

2044 1614 2249 1674 ruisse,
2281 1612 2372 1667 sed
2404 1620 2461 1667 et
2509 1612 2692 1667 multae
2739 1628 2859 1681 qua:
2909 1614 3055 1681 prius
3110 1626 3267 1681 poma
3313 1612 3629 1675 habuerant,

2044 1719 2187 1759 nova
2219 1705 2499 1769 dederunt,
2532 1721 2650 1773 quae
2678 1721 2847 1776 usque
2874 1705 2941 1760 ad
2969 1705 3171 1760 Natalis
3205 1705 3467 1759 Dominici
3502 1717 3632 1761 tem-

2045 1812 2175 1866 pora
2203 1797 2255 1850 in
2289 1798 2415 1864 ipsis
2445 1797 2729 1851 arboribus
2752 1798 2947 1852 habita:
2975 1806 3119 1852 sunt.
3165 1799 3363 1868 Fulgor
3394 1813 3489 1867 per
3527 1812 3633 1854 coe-

356 1895 505 1935 crum
552 1880 605 1934 in
657 1878 874 1936 basilica
926 1881 1092 1935 sancti
1147 1879 1355 1934 Martini
1413 1880 1516 1934 vici
1565 1879 1940 1944 Condatensis,
1974 1876 2023 1935 Β
2051 1890 2155 1943 lum
2179 1890 2231 1943 in
2265 1889 2479 1942 modum
2509 1890 2771 1958 serpentis
2800 1890 3105 1944 cucurrisse
3128 1891 3279 1944 visus
3312 1900 3417 1944 est,

355 1973 518 2045 412
555 1974 694 2045 quod
751 1974 1019 2029 detectum
1069 1973 1150 2028 sui
1205 1983 1256 2029 et
1289 1982 1315 2010 ι
1345 1972 1621 2027 effractum
1676 1970 1729 2026 in
1776 1969 1942 2025 frusta

356 2069 651 2138 reperiunt.
688 2068 777 2123 Sic
806 2077 990 2138 postea
1023 2069 1073 2122 in
1106 2068 1316 2140 porticu
1366 2068 1533 2138 ipsius
1583 2067 1817 2141 basilicae
1864 2077 1946 2133 est

354 2160 627 2230 sepultus;
666 2176 789 2214 vasa
819 2177 1029 2233 quoque
1058 2161 1253 2227 echini,
1292 2178 1409 2233 qua)
1443 2161 1790 2231 pejeraverat,
1824 2172 1946 2231 post

318 2256 325 2259 ι
355 2254 556 2310 obitum
590 2254 729 2309 illius
759 2255 827 2308 ab
854 2255 969 2324 ejus
996 2255 1361 2325 promptuario
1388 2264 1511 2309 sunt
1542 2254 1736 2310 delata.
1765 2254 1939 2308 Mani-

356 2343 545 2399 festata
578 2356 661 2400 est
683 2354 859 2401 autem
890 2345 1059 2400 virtus
1083 2346 1251 2400 beatae
1281 2345 1460 2400 Maria:
1492 2344 1542 2414 ι),
1579 2346 1631 2401 in
1661 2345 1815 2416 cujus
1846 2345 1944 2400 ba-

356 2436 506 2493 silica
537 2439 699 2492 miser
733 2448 1128 2494 sacramentum
1161 2436 1382 2509 protulit
1410 2439 1660 2494 mendax.

433 2529 570 2589 XLI.
602 2530 736 2585 Cum
770 2543 946 2588 autem
971 2548 1065 2602 per
1097 2541 1262 2587 totam
1296 2541 1491 2587 terram
1515 2548 1679 2587 sonus
1708 2532 1798 2587 ille
1828 2546 1946 2599 per.

357 2630 599 2678 curreret
629 2621 1003 2679 Praetextatum
1026 2624 1335 2693 episcopum
1357 2638 1384 2676 a
1410 2623 1759 2696 Fredegunde
1783 2625 1947 2691 fuisse

359 2714 721 2782 interfectum,
757 2715 841 2769 illa
872 2732 1083 2787 quoque
1113 2733 1220 2787 quo
1272 2718 1479 2771 facilius
1524 2717 1891 2789 detergerelur
1916 2733 1947 2772 a

359 2806 608 2875 crimine,
631 2808 1021 2877 apprehensum
1051 2824 1269 2878 puerum
1301 2810 1433 2865 credi
1470 2810 1629 2880 jussit
1660 2811 1948 2865 vehemen-

361 2908 464 2967 ter,
489 2901 672 2957 dicens
696 2920 707 2955 :
734 2902 809 2957 Tu
839 2904 937 2957 hoc
967 2904 1357 2973 blasphemium
1386 2919 1546 2976 super
1590 2920 1674 2958 me
1703 2904 1945 2974 intulisti,

362 3002 423 3048 ut
452 2991 830 3053 Praetextatum
861 2996 1006 3051 urbis
1031 2996 1477 3068 Ilothomagensis
1498 2996 1807 3066 episcopum
1834 2998 1946 3065 gla-

324 3086 333 3089 “
362 3084 452 3139 dio
481 3095 780 3156 appeteres.
812 3087 877 3142 Et
906 3087 1123 3142 tradidit
1142 3103 1263 3144 eum
1293 3089 1470 3157 nepoti
1505 3088 1671 3157 ipsius
1700 3088 1945 3141 sacerdo-

364 3177 451 3232 tis.
477 3177 575 3243 Qui
606 3193 727 3232 cum
755 3193 877 3233 eum
911 3179 961 3232 in
986 3178 1246 3247 supplicio
1279 3178 1562 3246 pOSuisset,
1588 3192 1803 3235 omnem
1836 3192 1946 3237 rem

2118 1979 2301 2036 XLIII.
2340 1982 2497 2035 Anno
2520 1995 2731 2050 quoque
2756 1980 3080 2035 duodecimo
3104 1979 3437 2035 Childeberti
3468 1980 3634 2050 regis,

2046 2075 2279 2131 Nicetius
2310 2077 2583 2129 Arvernus
2621 2084 2798 2129 rector
2824 2074 3172 2129 Massiliensis
3200 2073 3494 2129 Provinciae
3523 2071 3548 2111 δ
3582 2084 3636 2132 et

2046 2167 2369 2234 reliquarum
2397 2165 2630 2230 urbium,
2658 2179 2779 2235 quae
2825 2166 2876 2219 in
2917 2166 3019 2219 illis
3045 2165 3285 2234 partibus
3313 2164 3379 2218 ad
3413 2181 3637 2235 regnum

2045 2257 2191 2328 regis
2242 2257 2407 2325 ipsius
2456 2255 2819 2325 pertinebant,
2869 2262 2954 2309 est
3000 2256 3299 2310 ordinatus.
3362 2258 3637 2311 Antestius

2048 2366 2183 2407 vero
2232 2352 2284 2407 in
2335 2352 2624 2420 Andegavo
2667 2366 2695 2405 a
2748 2366 2873 2422 rege
2913 2351 3315 2407 Gnntchramno
3364 2351 3636 2421 dirigitur,

2049 2445 2228 2498 multis
2258 2443 2451 2498 ibidem
2483 2441 2693 2497 damnis
2741 2442 2986 2511 afﬂigens
3030 2458 3162 2510 eos,
3215 2443 3306 2513 qui
3359 2444 3409 2497 in
3466 2451 3639 2497 morte

2052 2535 2325 2589 Domnola:
2347 2535 2530 2589 uxoris
2569 2533 2799 2589 Nectarii
2826 2535 2965 2588 misti
3008 2535 3256 2589 luerunt:
3284 2550 3478 2604 resque
3509 2535 3639 2603 Βερ-

2052 2626 2232 2698 poleni
2273 2636 2323 2693 ε,
2356 2642 2421 2681 eo
2451 2626 2593 2696 quod
2625 2627 2784 2682 fuerit
2816 2627 2973 2695 hujus
3001 2637 3159 2697 caput
3188 2627 3430 2694 sceleris,
3465 2626 3520 2680 in
3553 2625 3640 2679 fis-

2048 2732 2171 2772 cum
2200 2717 2477 2787 redigens,
2513 2717 2801 2773 Namnetas
2830 2719 3078 2779 accessit,
3107 2731 3170 2773 ac
3202 2718 3467 2772 lacessere
3498 2716 3639 2770 Non-

2051 2810 2283 2865 nichium
2312 2809 2619 2879 episcopum
2647 2812 2829 2877 cmpit,
2862 2811 3046 2864 dicens
3073 2828 3086 2863 :
3112 2810 3243 2878 Quia
3272 2804 3409 2863 filius
3441 2817 3561 2863 tuus
3590 2810 3641 2863 in

2052 2904 2154 2958 hoc
2190 2903 2427 2958 facinore
2466 2912 2547 2957 est
2584 2903 2867 2966 admistus,
2900 2910 2957 2957 ut
2983 2902 3170 2971 dignas
3200 2917 3296 2971 pro
3334 2901 3641 2955 commissis

2052 2996 2166 3049 suis
2188 3010 2372 3061 poenas
2399 2995 2508 3047 luat
2536 2996 2784 3049 meritum
2813 2994 2998 3063 exigit.
3026 2994 3131 3049 Sed
3155 3008 3289 3063 puer
3315 2994 3643 3049 conscientia

2053 3096 2340 3141 accusante
2379 3087 2613 3151 territus,
2655 3086 2719 3141 ad
2746 3087 3113 3141 Chlotltarium
3156 3086 3336 3140 fllium‘
3353 3085 3641 3155 Chilperici

2053 3180 2280 3249 aufugit.
2336 3179 2612 3234 Antestius
2659 3193 2793 3233 vero
2839 3179 3073 3247 acceptis
3123 3177 3529 3247 ﬁdejussoribus
3576 3178 3643 3231 ab

324 3266 325 3269 “
363 3271 643 3327 evidenter
672 3273 900 3341 aperuit,
948 3271 1519 3350 dixitquezA‘regina
1560 3271 1701 3325 enim
1748 3270 1947 3326 Frede-
1979 3260 2025 3322 C
2058 3272 2330 3342 episcopo,
2378 3280 2435 3325 ut
2484 3272 2536 3324 in
2588 3270 2869 3340 praesentia
2915 3271 3055 3339 regis
3099 3270 3329 3335 adesset,
3377 3267 3643 3324 Santones

365 3364 540 3433 gunde
569 3375 785 3419 centum
817 3364 1016 3419 solidos
1043 3364 1246 3432 accepi,
1275 3372 1333 3417 ut
1364 3363 1461 3417 hoc
1490 3362 1722 3417 facerem
1746 3380 1758 3429 ;
1793 3378 1818 3414 a
1846 3363 1953 3416 Me-

366 3457 531 3513 lantio
564 3473 691 3513 vero
719 3458 992 3528 episcopo,
1022 3457 1436 3528 quinquaginta;
1472 3464 1525 3512 et
1570 3458 1636 3511 ab
1685 3455 1951 3510 archidia-

364 3564 501 3606 cono
522 3551 773 3620 civitatis,
798 3552 933 3605 alios
963 3550 1375 3621 quinquaginta;
1411 3551 1628 3618 insuper
1655 3558 1710 3604 et
1731 3549 1947 3619 promis-

366 3658 483 3699 sum
513 3642 694 3711 habui,
727 3652 784 3698 ut
814 3634 1072 3714 ingenuus
1106 3642 1313 3710 fierem,
1346 3644 1484 3698 sicut
1533 3650 1587 3696 et
1631 3658 1768 3696 uxor
1812 3654 1947 3695 mea.

366 3734 422 3790 In
455 3737 551 3789 hac
584 3750 710 3791 voce
741 3736 904 3797 illius,
938 3735 1219 3805 evaginato
1266 3735 1424 3789 homo
1456 3734 1541 3788 ille
1585 3734 1763 3802 gladio
1811 3748 1951 3803 prie-

366 3828 564 3883 dictum
596 3845 743 3885 reum
796 3831 845 3884 in
896 3830 1063 3884 frusta
1107 3830 1357 3884 concidit.
1410 3828 1778 3898 Fretlegundis
1827 3843 1953 3880 vero

366 3918 690 3986 Mclantium,
723 3936 878 3992 quem
927 3921 1070 3992 prius
1099 3923 1409 3991 episc0pum
1457 3926 1725 3987 posuerat,
1777 3918 1957 3976 eccle-

366 4014 462 4067 siae
494 4012 738 4065 instituit.
900 4010 905 4011 ⁷

440 4101 597 4157 XLII.
640 4103 823 4157 Duma
863 4100 1214 4172 Fredegunde
1258 4102 1594 4173 Beppolenus
1640 4102 1748 4156 dux
1801 4101 1955 4160 valde

367 4195 705 4266 fatigaretur,
724 4209 823 4251 nec
850 4196 1003 4264 juxta
1030 4210 1311 4265 personam
1341 4210 1494 4250 suam
1523 4196 1573 4251 ei
1608 4195 1778 4249 honor
1800 4195 1955 4250 debi-

369 4294 453 4341 tus
481 4286 902 4355 impenderetur,
932 4301 1159 4341 cernens
1182 4301 1239 4342 se
1262 4286 1489 4356 deSpici,
1518 4286 1582 4339 ad
1608 4286 1957 4342 Guntchram-

368 4393 493 4431 num
527 4393 704 4447 regem
736 4378 883 4433 abiit.
915 4378 959 4433 Α
988 4392 1092 4448 quo
1142 4387 1358 4448 accepta
1414 4387 1680 4447 potestate
1726 4379 1954 4435 ducatus

369 4484 531 4539 super
558 4472 803 4525 civitates
832 4472 946 4526 illas
968 4514 982 4538 ,
1016 4488 1133 4542 quin
1162 4472 1227 4525 ad
1260 4470 1631 4527 Cltlotharium
1666 4473 1954 4543 Cbilperici

368 4563 509 4632 regis
541 4565 706 4617 filium
739 4566 1090 4633 pertinebant,
1118 4578 1236 4619 cum
1267 4581 1455 4635 magna
1478 4567 1714 4635 potentia
1742 4568 1948 4638 pergit;

2059 3366 2228 3421 venit.
2260 3366 2435 3421 Sonus
2473 3373 2648 3419 autem
2674 3364 2756 3418 bis
2785 3364 2975 3418 diebus
3014 3363 3238 3427 exierat,
3270 3360 3411 3431 quod
3438 3359 3641 3416 Frede-

2057 3458 2252 3529 gundis
2287 3458 2527 3512 occultos
2567 3458 2619 3511 in
2646 3454 2923 3525 Hispanias
2968 3456 3191 3511 nuntios
3220 3454 3494 3524 dirigeret,
3528 3466 3645 3507 eos-

2057 3552 2180 3606 dem
2229 3564 2259 3604 a
2292 3549 2526 3605 Palladio
2566 3549 2871 3603 Santonica:
2917 3548 3064 3602 urbis
3089 3547 3342 3617 episcopo
3371 3545 3507 3600 clam
3530 3557 3645 3599 sus-

2057 3654 2275 3712 ceptos,
2309 3651 2366 3697 et
2422 3648 2639 3696 mantea
2675 3641 3015 3695 transmissos
3047 3640 3227 3695 fuisse.
3276 3639 3441 3693 Erant
3471 3646 3646 3693 autem

2057 3748 2125 3789 eo
2161 3742 2404 3801 tempore
2433 3732 2549 3787 dies
2571 3731 3001 3801 Quadragesimae
3029 3739 3249 3795 sanctae,
3282 3736 3334 3784 et
3363 3734 3647 3799 episcopus

2060 3828 2111 3883 in
2144 3827 2371 3883 insulam
2394 3825 2557 3897 414,
2586 3826 2771 3890 maris,
2801 3824 3055 3879 orationis
3084 3837 3239 3879 causa
3269 3831 3568 3877 secesserat
3595 3822 3641 3876 ⁸.

2036 3919 2363 3981 ,δερυιιίιιιηι
2392 3917 2832 3973 consuetudinem
2863 3924 3070 3980 autem,
3104 3917 3229 3969 dum
3263 3916 3325 3969 ad
3357 3914 3646 3969 Dominicte

2058 4012 2238 4068 Omna:
2277 4014 2409 4066 festa
2451 4010 2519 4064 ad
2564 4011 2845 4065 ecclesiam
2888 4024 3039 4063 suam
3072 4009 3266 4077 popqu
3296 3998 3647 4076 exspectante

2058 4105 2293 4170 rediret,
2333 4103 2404 4157 ab
2434 4102 2676 4158 Antestio
2720 4098 2774 4156 iu
2804 4102 2890 4155 via
2920 4101 3165 4157 vallatur.
3190 4102 3290 4167 Qui
3334 4099 3516 4173 [Forte
3539 4100 3645 4171 cui]

2059 4211 2160 4253 nec
2197 4196 2440 4251 discussa
2478 4196 2557 4249 rei
2597 4194 2825 4249 veritate
2861 4193 3073 4248 dicebat
3113 4210 3127 4247 :
3175 4194 3291 4248 Non
3331 4193 3648 4267 ingredierls

2059 4292 2268 4361 urbem,
2299 4289 2393 4344 sed
2442 4289 2631 4349 exsilio
2676 4288 3138 4354 condemnaberis,
3194 4291 3315 4359 quia
3364 4290 3647 4360 suscepisti

2062 4391 2277 4443 nuntios
2302 4386 2533 4444 inimicae
2557 4386 2759 4443 domini
2789 4387 2953 4442 nostri
2982 4388 3139 4457 regis.
3176 4389 3242 4442 At
3275 4390 3398 4443 ille:
3432 4388 3644 4455 Nescio,

2059 4482 2152 4551 ait,
2177 4483 2301 4551 quid
2336 4482 2591 4552 loquaris.
2621 4482 2820 4537 'l'amen
2849 4481 2971 4550 quia
3002 4482 3118 4536 dies
3145 4480 3313 4535 sancti
3341 4481 3643 4549 imminent,

2059 4575 2376 4629 accedamus
2434 4573 2502 4628 ad
2565 4572 2775 4641 urbem,
2838 4572 3188 4643 decursisque
3251 4571 3647 4627 solemnitatum

369 4655 460 4709 sed
495 4670 524 4709 a
555 4656 878 4710 llbedonicis
909 4671 1011 4710 non
1043 4665 1125 4710 est
1154 4665 1423 4725 receptus.
1467 4658 1771 4727 Andegavis
1821 4674 1945 4714 vero

2056 4677 2361 4724 sanctarum
2387 4666 2558 4737 festis,
2581 4675 2766 4738 postea
2801 4680 3132 4737 quaecunque
3154 4665 3382 4720 volueris
3413 4680 3645 4733 Oppone,

372 4750 613 4816 veniens,
649 4750 808 4803 multa
842 4750 977 4803 mala
1006 4750 1201 4803 ibidem
1234 4752 1420 4820 gessit,
1466 4750 1537 4803 ita
1578 4762 1637 4804 ut
1685 4766 1945 4818 annonas,

371 4845 593 4910 fautum,
621 4844 827 4909 vinum,
858 4852 912 4897 et
936 4843 1188 4913 quidquid
1218 4843 1456 4912 reperire
1484 4845 1745 4912 potuisset
1776 4846 1827 4898 in
1854 4846 1950 4899 do-

370 4936 541 4990 mibus
579 4937 774 4991 civium
810 4935 874 4989 ad
926 4950 1058 5004 quas
1103 4942 1423 4999 accesserat,
1483 4950 1581 4991 nec
1631 4938 1951 5005 exspectatis

368 5030 627 5096 clavibus,
661 5028 915 5099 disruptis
964 5028 1116 5083 ostiis
1160 5028 1491 5093 devastaret;
1541 5029 1841 5099 multosque
1885 5029 1952 5084 de

370 5121 761 5178 habitatoribus
790 5122 889 5178 loci
935 5120 1170 5177 caedibus
1200 5120 1377 5176 affecit
1405 5120 1794 5192 protrivitque;
1842 5123 1948 5176 Do-

447 5260 707 5333 !Regm.,
736 5262 1003 5333 detectum,
1024 5258 1131 5333 sive
1158 5257 1449 5326 effractum.

442 5332 469 5372 ι)
500 5331 651 5399 Bad.,
684 5336 841 5387 sancti
874 5331 1107 5385 Martini.

444 5415 465 5443 ε
500 5397 650 5459 Colb.
686 5421 757 5459 m.
789 5412 841 5458 et
887 5404 1096 5471 Regm.,
1148 5399 1359 5454 tristico.
1407 5397 1531 5471 Bec.
1566 5398 1714 5471 nihil
1766 5398 1947 5456 habet.

367 5475 606 5543 Tristega
657 5484 780 5529 sunt
804 5469 1024 5530 mdilieia
1059 5475 1107 5527 in
1140 5481 1245 5528 tres
1286 5469 1713 5543 contignationes
1758 5471 1951 5527 distiu-

366 5558 484 5611 cta;
514 5542 769 5616 pulpitum
800 5562 925 5600 vero
948 5553 1029 5600 est
1058 5545 1266 5616 culmen
1296 5542 1445 5616 recti.

438 5610 897 5673 d’S‘ub'Chlotarii
944 5617 959 5670 l
995 5615 1115 5670 ﬁliis
1158 5612 1432 5669 Pruviucia
1490 5611 1540 5665 in
1579 5610 1711 5666 duas
1770 5624 1949 5681 partes

369 5690 535 5745 divisa
559 5699 658 5743 est.
694 5689 805 5744 Una
838 5687 1163 5741 Arelatensis
1188 5686 1468 5741 Provincia
1501 5683 1661 5755 dicta,
1706 5687 1804 5739 sub
1834 5702 1938 5755 qua

368 5763 667 5824 Arelatum,
694 5761 826 5824 Reii,
846 5766 971 5817 etc.,
990 5756 1318 5811 Guntramuu
1344 5756 1533 5817 cessit;
1561 5754 1803 5819 alteram,
1826 5754 1943 5823 qua:

367 5834 714 5887 Massiliensis
746 5829 1020 5886 Provincia
1054 5827 1674 5892 dicebatur,Massiliam,
1710 5826 1942 5882 Avenio-

356 5917 513 5972 ‘ttcut,
539 5904 716 5973 Aquas
738 5901 947 5960 Sextias
982 5908 1033 5956 et
1069 5900 1169 5955 alia
1198 5898 1388 5971 oppida
1417 5899 1518 5954 sub
1543 5912 1601 5954 se
1632 5898 1940 5977 habentem,

2055 4762 2316 4817 rationem
2348 4762 2377 4814 a
2414 4775 2501 4815 me
2526 4760 2793 4830 accipies:
2820 4760 2938 4829 quia
2970 4758 3110 4828 quod
3138 4766 3351 4826 reputas
3380 4756 3513 4811 nihil
3538 4767 3641 4810 est.

2054 4855 2123 4910 At
2152 4855 2239 4911 ille
2267 4873 2278 4907 :
2306 4854 2672 4924 Nequaquam,
2700 4854 2891 4922 inquit,
2924 4853 3016 4907 sed
3072 4867 3177 4906 non
3211 4853 3438 4920 attinges
3466 4850 3647 4904 limina

2055 4946 2299 5002 ecclesia:
2326 4953 2452 5011 tute,
2481 4944 2601 5014 quia
2630 4943 2863 4998 infidelis
2902 4943 3192 5014 apparuisti
3222 4941 3437 4996 domino
3468 4951 3649 4995 nostro

2056 5035 2190 5105 regi.
2240 5034 2377 5103 Quid
2422 5035 2608 5103 plura?
2649 5044 2859 5090 tenetur
2902 5033 2955 5088 in
2995 5035 3079 5087 via
3116 5031 3422 5101 episcopus,
3456 5031 3648 5086 domus

2056 5126 2303 5183 ecclesia:
2332 5124 2674 5193 describitur,
2717 5137 2910 5193 resque
2952 5123 3301 5194 diripiuntur.
3334 5119 3493 5175 Cives
3523 5134 3645 5175 cum

2054 5260 2363 5336 Sigibertus
2401 5258 2654 5336 obtinuit.
2716 5258 2921 5336 Prioris
2974 5250 3213 5336 rectbres
3262 5254 3458 5336 stt-pius
3509 5254 3647 5336 apud

2053 5325 2264 5389 veieres
2315 5331 2600 5387 historicos
2648 5329 2857 5398 pat'ricii
2922 5328 3306 5397 appellantur,
3353 5325 3647 5395 aliquando

2053 5406 2215 5461 etiam
2244 5403 2428 5459 duces.
2472 5401 2793 5458 I’osterioris
2824 5413 2951 5454 vero
2985 5400 3220 5467 praefecti
3258 5413 3640 5465 nonnunquam

2058 5478 2263 5547 patricii
2292 5475 2419 5531 dicti
2443 5484 2597 5536 sunt;
2648 5473 2733 5527 hic
2760 5470 2994 5525 Nicetius
3010 5481 3191 5547 [fetor
3216 5470 3539 5547 appellatur.

2130 5557 2154 5585 ο
2191 5547 2292 5603 Ed.
2323 5548 2550 5616 aliquot,
2585 5553 2643 5599 ut
2667 5557 2826 5613 supra
2858 5556 2975 5612 cap.
3008 5540 3098 5607 52,
3130 5539 3393 5596 Bobolem'.
3430 5541 3645 5611 Itegm.,

2054 5618 2339 5673 Bobelleni.

2132 5689 2148 5727 ί
2177 5689 2302 5743 Ilaec
2330 5697 2446 5743 erat
2475 5692 2781 5744 sanctorum
2810 5682 3050 5740 virorum
3068 5683 3423 5748 consuetudo,
3453 5691 3511 5737 ut
3538 5681 3650 5736 die-

2055 5762 2153 5816 bus
2174 5758 2606 5828 Quadragesima:
2629 5757 2679 5828 in
2711 5770 2950 5811 eremum
2974 5758 3309 5815 secederent.
3337 5754 3465 5811 Vide
3485 5751 3646 5809 Prtef.

2053 5832 2236 5889 saeculi
2268 5847 2283 5885 ι
2315 5827 2673 5894 Benedictini,
2705 5840 2857 5884 num.
2882 5828 3005 5885 III.
3608 5854 3619 5869 ι
