4096 6344
266 328 364 386 481
1040 340 1045 353 ’
1234 317 1554 381 HISTORIA
1590 310 2038 375 FBANCORUM.
2079 307 2282 369 LIBER
2318 306 2563 368 NONUS;

271 441 377 498 VI.
414 443 489 497 De
507 439 861 498 seductoribus
887 448 935 496 et
961 439 1157 494 anohs.

274 514 413 569 VII.
447 514 523 568 De
546 515 825 567 remotione
851 512 1080 567 Ennodii
1109 510 1289 575 ducis;
1312 518 1356 564 et
1375 509 1436 563 de
1470 509 1829 565 Wasconibus.

272 584 447 640 VIII.
478 584 555 638 De
587 585 859 654 praesentia
888 583 1269 639 Guntcltramni
1298 582 1532 637 Bosonis.

266 655 378 714 IX.
406 654 487 711 De
508 656 716 710 interitu
746 654 1059 725 Rauchingi.

266 727 345 785 X.
369 727 447 783 De
467 728 677 781 interitu
705 724 1079 781 Guntchramni
1107 724 1346 781 Bosonis.

267 798 379 855 XI.
410 799 561 867 Quod
582 815 636 853 se
654 814 799 869 reges
819 799 1070 869 uiderunt.

275 869 323 931 Χ
330 869 387 924 II
399 910 414 923 .
444 869 520 924 De
546 867 753 924 interit—tt
787 868 1020 924 Ursionis
1050 885 1114 923 ac
1139 867 1483 938 Berthefredi.

274 922 451 999 XIII.
485 922 563 995 De
592 922 1047 1011 B'adaoneﬁuiin
1075 922 1381 1011 legationem
1407 941 1582 994 abiens
1602 976 1619 1006 ,
1659 935 1892 991 detentus
1912 973 1928 1003 ,
1962 938 2011 990 et
2039 930 2364 1005 postmodum
2394 926 2515 1002 [Ed.
2547 935 2659 1000 post
2683 922 2794 1001 diu]
2815 926 3053 983 dimissus
3082 936 3192 997 est;
3217 932 3264 984 et
3284 925 3348 982 de
3377 922 3549 982 morbo

345 1012 685 1085 dysenterico.

276 1083 359 1140 XI
378 1081 439 1140 ν.
474 1084 550 1138 De
578 1099 702 1153 pace
727 1081 903 1154 Egidit
927 1084 1154 1150 episcopi
1174 1091 1222 1137 et
1243 1082 1377 1154 Lupi
1403 1081 1568 1137 ducis.

274 1155 324 1212 X
344 1154 407 1209 V.
444 1154 516 1208 De
541 1157 865 1208 conversione
894 1154 1184 1208 Ricltaredi.

275 1226 327 1282 X
340 1226 450 1297 VI.
472 1224 549 1297 De
572 1224 823 1297 legatione
850 1227 1011 1295 ipsius
1035 1228 1102 1279 ad
1129 1241 1269 1295 reges
1293 1233 1514 1297 nostros.

276 1297 327 1353 X
344 1295 489 1368 VII._
510 1295 585 1368 De
604 1288 880 1368 eriguitate'
898 1298 1025 1349 anni
1050 1288 1225 1368 hujuE,
1238 1311 1364 1368 seu,
1398 1295 1472 1348 De
1490 1291 1760 1368 sterilitate
1787 1308 1909 1349 anni
1932 1299 1979 1348 et
2007 1288 2256 1346 charitate
2280 1303 2516 1344 annonas.

278 1369 328 1423 X
346 1366 512 1422 VIII.
546 1367 621 1421 De
642 1366 927 1435 Britannis,
956 1377 1002 1421 et
1031 1366 1168 1421 obitu
1200 1366 1434 1437 IVamatii
1459 1366 1706 1437 episcopi.

277 1438 441 1494 XIX.
466 1436 545 1491 De
564 1438 775 1493 interitu
803 1437 1027 1493 Sicharii
1050 1439 1170 1491 civis
1196 1436 1456 1491 Turonici.

281 1508 413 1565 XX.
447 1508 522 1563 De
552 1524 608 1563 eo
637 1508 775 1579 quod
803 1511 869 1562 ad
892 1507 1338 1563 Guntchramnum
1360 1523 1528 1579 regem
1562 1508 1615 1562 in
1641 1508 1947 1579 legationem
1973 1521 2065 1578 pro
2087 1502 2416 1562 custodienda
2443 1516 2567 1572 pace
2587 1498 2768 1554 directi
2798 1514 2997 1556 sumus.
3028 1527 3096 1540 -—
3124 1497 3402 1569 Exemplar
3424 1494 3563 1553 Pac-

356 1582 504 1635 tionis
525 1581 666 1648 apud
687 1581 994 1634 Andelaum.

280 1651 387 1707 XX
398 1652 449 1723 I.
476 1651 555 1705 De
578 1653 908 1723 eleemosynis
928 1661 973 1704 et
996 1652 1216 1723 bonitate
1244 1651 1405 1721 ipsius
1434 1650 1586 1721 regis.

280 1722 476 1778 XXII.
510 1723 586 1776 De
613 1726 695 1776 lue
717 1721 1055 1778 Massiliensis
1086 1722 1244 1777 urbis.

546 1794 622 1875 pe
648 1795 787 1875 obitu
815 1794 1014 1875 Agerigi
1040 1796 1285 1875 episcopi,
1318 1804 1367 1848 et
1389 1795 1452 1848 de
1475 1809 1764 1849 successore
1792 1796 1925 1867 ejus.

282 1863 504 1935 XXIV.
534 1865 611 1918 De
631 1859 926 1935 episcopdtu
953 1859 1213 1935 Fronimi.

285 1934 468 1989 XXV.
507 1933 929 2002 Quod‘eazercitus
961 1933 1271 1989 Childeberti
1295 1936 1349 1989 in
1374 1933 1583 1991 Italiam
1605 1935 1754 1990 abiit.

407 2005 516 2080 ._
539 2006 616 2080 I)_e
636 2007 777 2061 obitu
812 2006 1110 2080 Ingobergw
1138 2008 1344 2080 reginae.

285 2076 386 2133 XX
406 2076 537 2131 VII.
563 2078 639 2131 De
670 2080 806 2132 obitu
834 2076 1120 2132 Ainalonis.

287 2146 575 2221 XX_i_’III.
599 2148 677 2202 De
706 2149 965 2221 speciebus
989 2165 1115 2221 quas
1147 2148 1496 2221 Brunic/rildis
1528 2150 1707 2221 regina
1739 2146 2044 2202 transmisit.

224 2288 231 2291 .
296 2218 513 2291 ζὸἕὸ-

553 2220 703 2286 Quod
734 2216 1061 2291 Langobardi
1092 2237 1266 2291 paceni
1289 2222 1354 2272 ad
1385 2216 1763 2275 Cltildeb'ertum
1787 2236 1956 2289 regem
1986 2216 2256 2288 petierunt.

290 2288 479 2361 XXX.
506 2289 583 2345 De
605 2288 1002 2361 descriptoribus
1033 2292 1171 2345 urbis
1202 2289 1428 2344 Pictavw
1458 2302 1608 2360 atque
1629 2291 1921 2345 'I‘uronicie.

292 2358 507 2415 XXXI.
545 2363 696 2427 Quod
723 2356 1141 2416 Guutchramnus
1168 2378 1258 2415 res:
1279 2356 1554 2416 exercitum
1582 2365 1637 2417 in
1662 2360 2037 2426 Septimaniam
2061 2356 2270 2411 direxit.

295 2429 546 2487 XXXII.
581 2435 653 2487 De
676 2432 959 2487 inimicitiis
988 2432 1121 2485 inter
1151 2432 1532 2487 Clnldebertum
1558 2444 1603 2486 et
1633 2431 2098 2486 Gunthn-amnum.

293 2501 579 2559 XXXIII.
617 2504 766 2569 Quod
789 2503 1109 2574 Ingeltrudis
1139 2502 1380 2572 religiosa
1406 2506 1473 2555 ad
1501 2503 1791 2557 Childebert

293 2572 567 2629 XXXIV.
602 2575 677 2628 De
707 2576 987 2628 inimicitiis
1016 2571 1373 2642 Fredegundis
1398 2588 1514 2627 cum
1542 2574 1653 2643 ﬁlia
1683 2590 1797 2629 sua.

294 2643 533 2699 XXXV.
560 2645 636 2699 De
657 2646 866 2699 interitu
899 2644 1212 2700 Waddonis.

617 2504 766 2569 Quod
789 2503 1109 2574 Ingeltrudis
1139 2502 1380 2572 religiosa
1406 2506 1473 2555 ad
1501 2503 1883 2557 Childebertum
1909 2502 2056 2567 abiit,
2083 2508 2260 2554 contra
2278 2495 2440 2567 ﬁliam
2465 2504 2787 2570 suggestum.

294 2712 456 2785 XXX
473 2714 543 2768 VI
557 2757 577 2785 ,ί
597 2716 745 2781 Quod
767 2714 1121 2770 Childebertus
1141 2731 1231 2769 rex
1260 2715 1664 2772 Tlteodobertum
1694 2715 1864 2785 ﬁlium
1882 2729 2032 2770 suum
2057 2712 2365 2770 Suessiones
2389 2711 2597 2766 direxit.

296 2784 457 2857 XXX
470 2784 613 2857 v11:
645 2786 719 2857 D_e
746 2786 1074 2857 Droctigisilo
1104 2788 1361 2857 episcopo.

297 2854 457 2928 XXX
474 2854 636 2928 YIII.
665 2855 741 2909 De
759 2873 817 2910 eo
845 2854 983 2927 quod
1003 2857 1163 2927 aliqui
1194 2854 1370 2912 contra
1394 2855 1784 2911 Brunichildem
1813 2858 2045 2928 reginam
2072 2870 2223 2925 agere
2250 2855 2538 2928 voluerunt.

298 2925 567 2999 XXXIX.
596 2927 675 2982 De
699 2918 943 2982 scandala
970 2928 1023 2981 in
1045 2918 1349 2983 monasterio
1390 2928 1678 2983 Pictavensi
1708 2938 1820 2983 orto
1861 2918 1951 2999 per
1987 2918 2349 2983 Chrodieldem
2378 2936 2425 2978 et
2465 2922 2731 2979 Basinam.
2753 2950 2826 2965 —
2852 2919 3091 2995 dpistola
3125 2919 3481 2993 episcoporum
3509 2918 3579 2977 ad

470 3000 857 3069 Radegundem.

302 3066 524 3140 De
545 3066 718 3140 fomite
745 3071 909 3137 primo
938 3070 1189 3124 scandali.

302 3138 351 3212 ζ
360 3138 559 3212 1,1,1).
586 3140 724 3194 cazde
746 3141 798 3212 in
833 3140 1040 3194 basilica
1066 3141 1229 3195 sancti
1256 3138 1478 3195 Hilarii.
1504 3170 1574 3182 --
1591 3140 1918 3207 Rescriptum
1937 3140 2318 3212 episcoporum.

303 3209 499 3285 ,Α
534 3210 870 3285 Εφεηιρρρνὶα
897 3213 1298 3285 epistoloe’quam
1327 3221 1502 3267 sancta
1533 3214 1869 3285 Radegundis
1896 3209 2147 3282 episc0pis
2170 3212 2383 3267 direxit.

304 3278 525 3337 XLIII.

258 3410 264 3415 ,
305 3348 517 3411 XLIV.
542 3348 620 3409 De
648 3354 945 3424 intemperie
972 3348 1117 3408 anni.

555 3283 701 3356 Quod
732 3281 1039 3356 Theutarius
1066 3288 1327 3354 presbyter
1356 3286 1425 3339 ad
1447 3285 1541 3338 hoc
1569 3281 1873 3339 scandalum
1898 3281 2241 3356 mitigandum
2269 3282 2493 3338 advenit.

1341 3659 1820 3769 LIBER
1893 3661 2520 3785 NONUS,

381 3891 620 3965 4191.
649 3889 814 3961 lgitur
843 3894 870 3927 ⁸
901 3894 1020 3958 post
1040 3894 1264 3943 mortem
1289 3886 1614 3943 Lcuvicbildi
1641 3887 1902 3960 Hispano-
1929 3893 1980 3953 Α
2007 3904 2136 3961 pere
2173 3892 2345 3947 noluit
2391 3891 2552 3947 verba
2600 3906 2807 3949 eorum.
2883 3892 3035 3950 Unde
3084 3894 3205 3949 talis
3251 3892 3585 3960 postmodum

312 4001 431 4040 rum
458 3983 637 4052 regis,
688 3980 1021 4037 Ricbaredus
1072 3977 1209 4032 tilius
1254 3978 1369 4047 ejus
1416 3977 1589 4033 foedus
1631 3977 1748 4032 iniit
1776 3994 1896 4035 cum

314 4075 631 4131 Goisvintba
664 4075 845 4130 relicta
870 4072 1033 4143 patris
1063 4072 1168 4135 sui,
1197 4086 1421 4142 eamque
1451 4081 1506 4127 ut
1528 4082 1752 4128 matrem
1780 4089 1899 4129 sus-

310 4167 453 4235 cepit
497 4164 547 4221 b.
588 4165 712 4221 Haec
740 4167 879 4220 enim
928 4170 1045 4217 erat
1084 4169 1254 4216 mater
1297 4163 1646 4218 Brunicbildis
1675 4165 1896 4232 reginas,

312 4259 500 4317 matris
525 4258 854 4314 Childeberti
892 4259 1141 4328 junioris.
1181 4256 1514 4314 Ricbaredus
1540 4272 1671 4312 vero
1700 4257 1765 4312 de
1791 4259 1897 4313 a‘ia

317 4367 484 4407 uxore
499 4363 613 4406 erat
638 4350 778 4405 [ilius
797 4352 1144 4405 Leuvicbildi.
1172 4350 1409 4420 Denique
1423 4364 1544 4405 cum
1563 4364 1790 4405 noverca
1809 4349 1901 4403 lia-

314 4444 428 4500 bito
463 4442 706 4511 consilio,
736 4444 937 4513 legatos
953 4442 1019 4498 ad
1036 4441 1498 4499 Guntcbramnum
1518 4456 1717 4512 regem,
1737 4450 1896 4512 atque

321 4536 725 4591 Cbildebertum
744 4536 940 4606 dirigit,
974 4535 1194 4591 dicens:
1253 4535 1448 4590 Pacem
1480 4533 1674 4589 habete
1726 4533 1899 4589 nobis-

315 4640 437 4683 cum
458 4668 472 4692 ,
499 4633 553 4680 et
582 4625 823 4680 ineamus
849 4623 1021 4681 foedus
1045 4664 1059 4691 ,
1104 4634 1165 4679 ut
1209 4623 1373 4693 adjuti
1418 4623 1670 4693 prmsidio
1698 4630 1896 4691 veutro,

316 4734 441 4775 cum
472 4718 769 4773 necessitas
820 4718 1163 4787 poposcerit,
1218 4717 1376 4772 simili
1423 4731 1520 4772 nos
1569 4717 1896 4786 conditione,

317 4811 686 4869 intercedente
714 4811 1002 4877 charitate,
1029 4810 1327 4863 muniamus
1363 4818 1410 4861 ε.
1460 4808 1746 4864 Venientes
1775 4824 1902 4864 vero

318 4902 503 4972 legati,
533 4902 624 4971 qui
673 4900 736 4956 ad
796 4900 1254 4955 Guntchramnum
1286 4914 1465 4968 regem
1496 4898 1685 4954 directi
1728 4907 1903 4965 erant,

318 4992 463 5064 apud
490 4991 818 5048 Matascense
842 4989 869 5027 ἀ
897 4991 1147 5061 oppidum
1176 4991 1308 5061 jussi
1346 4998 1472 5045 sunt
1500 4990 1738 5045 residere
1762 5006 1775 5042 :
1806 4990 1905 5044 ibi-

320 5106 428 5161 que
455 5090 782 5146 transmissis
822 5088 950 5144 viris
988 5103 1082 5143 rex
1110 5102 1298 5144 causas
1324 5086 1609 5157 cognovit,
1643 5085 1736 5141 sed
1769 5085 1905 5139 reci-

2003 3981 2147 4037 inter
2195 3998 2289 4038 eos
2323 3984 2603 4038 inimicitia
2636 3984 2908 4055 pullulavit
2932 4024 2948 4051 ,
2977 3984 3139 4056 420
3168 3995 3224 4040 ut
3252 3985 3316 4039 ad
3346 3984 3585 4041 civitates

2002 4074 2345 4143 Septimaniae
2385 4074 2592 4129 nullum
2622 4074 2690 4128 de
2718 4088 2884 4144 regno
2913 4074 3031 4143 ejus
3059 4076 3280 4130 transire
3308 4077 3583 4145 permitte-

2002 4174 2142 4221 rent.
2184 4166 2248 4221 Hi
2274 4182 2404 4222 vero
2431 4167 2521 4236 qui
2559 4166 2623 4221 ad
2654 4166 3057 4223 Childebertum
3094 4183 3272 4237 regem
3301 4180 3586 4237 venerunt,

2002 4272 2123 4313 cum
2170 4258 2431 4313 charitate
2474 4259 2675 4329 recepti
2739 4272 2901 4314 sunt:
2950 4258 3199 4330 datisque
3250 4260 3587 4328 muneribus,

2001 4360 2219 4420 accepta
2253 4365 2404 4419 pace,
2434 4365 2553 4406 cum
2584 4346 2894 4407 muneribus
2918 4361 3040 4407 sunt
3063 4352 3310 4422 regressi.

2079 4442 2139 4496 ll.
2185 4442 2265 4496 Eo
2297 4458 2439 4497 anno
2466 4443 2771 4499 beatissima
2805 4443 3145 4514 liadegundis
3164 4444 3231 4499 ab
3262 4443 3362 4500 hoc
3392 4448 3589 4503 mundo

2008 4534 2280 4604 migravit.
2307 4536 2437 4604 Qua:
2466 4553 2716 4608 magnum
2738 4539 3005 4607 planctum
3031 4539 3081 4593 in
3113 4541 3435 4594 monasterio
3452 4541 3589 4610 quod

2008 4630 2362 4686 c0nstituerat
2406 4632 2715 4702 dereliquit.
2766 4631 2968 4702 Fuique
3014 4640 3071 4687 et
3134 4646 3233 4701 ego
3259 4647 3496 4703 praesens
3525 4633 3590 4684 ad

2008 4735 2126 4776 eam
2159 4723 2547 4791 sepeliendam.
2602 4724 2745 4779 Obiit
2790 4737 2971 4779 autem
3019 4738 3203 4778 mense
3232 4732 3408 4789 sexto,
3439 4722 3590 4777 tertia

2011 4813 2219 4869 decima
2250 4814 2337 4870 die
2365 4817 2566 4871 mensis
2587 4855 2603 4883 ,
2636 4816 2844 4884 sepulta
2870 4823 2995 4885 post
3029 4815 3288 4871 triduum.
3346 4815 3474 4882 Quae
3502 4829 3592 4866 au-

2011 4913 2115 4959 tem
2158 4908 2227 4963 ibi
2272 4908 2388 4977 ipsa
2440 4910 2527 4963 die
2570 4910 2797 4965 virtutes
2852 4919 3242 4980 apparuerunt,
3274 4917 3327 4963 et
3366 4908 3593 4977 qualiter

2009 4994 2170 5049 fuerit
2200 4997 2473 5067 funerata,
2511 4999 2565 5054 in
2594 5000 2730 5057 libro
2769 5000 3147 5057 Miraculorum
3181 5010 3205 5038 ο
3230 5000 3438 5070 plenius
3458 4998 3593 5053 scri-

2008 5085 2139 5142 bere
2165 5087 2365 5144 studui.

396 5218 421 5280 F
460 5208 619 5267 Deest
646 5213 748 5266 hoc
782 5216 940 5280 caput
969 5209 1024 5263 in
1051 5204 1285 5280 Colb._a;.
1305 5216 1372 5280 et
1397 5217 1518 5280 cum
1549 5217 1663 5274 seq.
1697 5203 1751 5280 in
1782 5199 1904 5280 _Vat.
1941 5205 1985 5266 Β
2014 5218 2109 5273 pro
2140 5200 2499 5280 ῌςιιὶδερηερι.

392 5278 420 5316 δ
464 5280 590 5336 Haec
636 5293 811 5337 tamen
853 5272 1041 5350 postea
1069 5290 1194 5350 cum
1222 5273 1396 5350 Uldila
1426 5272 1679 5343 episcopo
1704 5272 1904 5350 Ariano

319 5350 498 5429 jtntcta
523 5392 539 5420 ,
573 5342 893 5429 Beccared6_
923 5349 1141 5429 insidias
1173 5345 1371 5429 paravit
1396 5382 1412 5410 ,
1439 5352 1496 5397 ut
1537 5342 1720 5398 narrat
1748 5342 1902 5397 Joan.

325 5421 518 5476 Biclar.
545 5423 612 5477 ad
637 5438 834 5477 annum
863 5423 898 5476 5
930 5421 1239 5474 lleccaredi.

402 5502 423 5531 ε
469 5494 557 5543 Sic
583 5508 772 5543 omnes
810 5493 1026 5543 omnino
1066 5488 1195 5543 editi
1242 5494 1296 5541 et.
1340 5484 1545 5543 scripti.
1589 5484 1787 5540 Tamen
1831 5484 1845 5537 I

402 5502 423 5531 ε
469 5494 557 5539 Sic
583 5508 772 5539 amnes
810 5493 1026 5539 omnium
1066 5493 1195 5539 editi
1242 5494 1296 5539 et
1340 5493 1545 5539 scripti.
1589 5493 1787 5539 'l'amen
1832 5493 1905 5539 Ie-

402 5502 423 5531 ε
469 5494 557 5549 Sic
583 5508 772 5549 omnes
810 5494 1026 5547 omnino
1066 5494 1195 5544 editi
1242 5494 1296 5541 et
1340 5494 1545 5554 scripti.
1589 5494 1787 5540 'tamen
1832 5494 1905 5539 Ie-

321 5564 553 5636 gendum
580 5574 682 5647 est,
715 5564 815 5618 nisi
845 5563 1019 5648 fartor,
1049 5560 1222 5616 Simili
1245 5557 1681 5648 aescendit-ioue,
1712 5563 1804 5609 aut
1827 5569 1905 5608 sa-

322 5635 417 5701 ne,
442 5636 596 5690 simili
624 5652 716 5689 nos
747 5635 1105 5687 conditione...
1138 5648 1222 5684 vos
1247 5635 1556 5682 muniamus.

399 5706 426 5743 ά
466 5707 555 5760 Sic
590 5721 778 5781 omnes
808 5718 933 5781 mss.
981 5702 1164 5781 et__ed.
1207 5698 1610 5781 plerithi‘eacol.
1644 5705 1696 5781 et
1725 5697 1900 5781 Brign”

327 5778 665 5835 Matescense.
700 5775 990 5843 Utrobique
1021 5768 1237 5826 Matisco
1269 5770 1490 5843 intelligi
1521 5770 1700 5824 debet.
1746 5768 1905 5843 _Ce_rte

326 5849 607 5918 Fortunat.
634 5888 651 5918 ,
701 5848 755 5907 in
806 5839 920 5905 vus
960 5844 1018 5904 S.
1052 5841 1341 5915 Germani,
1373 5839 1720 5913 Matascouem
1748 5839 1908 5899 habet

2086 5284 2109 5311 ε
2154 5273 2270 5328 Lib.
2319 5276 2386 5328 de
2419 5272 2601 5328 Gloria
2625 5272 2875 5330 Confess.
2917 5288 3038 5343 cap.
3076 5271 3201 5327 l06.
3237 5269 3504 5341 Agititem
3526 5269 3595 5327 de

2010 5359 2073 5400 ea
2100 5344 2194 5400 lib.
2227 5359 2243 5397 ι
2274 5344 2339 5400 de
2366 5344 2548 5400 Gloria
2579 5347 2734 5400 Mart.
2756 5385 2771 5411 ,
2800 5361 2920 5413 cap.
2955 5346 3007 5398 5.
3049 5344 3193 5400 Obiit
3225 5359 3385 5411 porro
3412 5344 3500 5399 die
3528 5344 3596 5398 15

2011 5416 2267 5485 Augusti,
2299 5425 2351 5470 ct
2378 5418 2592 5486 quidem
2628 5432 2766 5471 anno
2797 5415 2920 5479 {£87,
2955 5430 3020 5470 ex
3058 5416 3159 5469 hoc
3185 5414 3429 5483 Gregorii
3451 5416 3591 5469 loco.

2011 5488 2228 5555 Sepulta
2261 5497 2344 5541 est
2370 5487 2421 5540 in
2463 5486 2680 5542 basilica
2720 5488 2776 5541 S.
2810 5488 3020 5551 Maria},
3052 5486 3138 5541 ubi
3179 5494 3303 5539 tunc
3333 5494 3451 5541 erat
3473 5501 3597 5540 san-

2011 5559 2396 5616 ctimonialium
2438 5557 2805 5613 cmmeterium
2826 5598 2841 5623 ,
2875 5558 3030 5612 hodie
3061 5572 3091 5611 a
3115 5556 3386 5612 canonicis
3416 5573 3593 5612 saecu—

2011 5629 2211 5683 laribus
2233 5637 2510 5695 occepata.
2540 5629 2666 5697 Ejus
2689 5643 2857 5699 sacra:
2887 5628 3122 5699 reliquie:
3143 5644 3328 5699 magna
3352 5644 3416 5684 ex
3445 5640 3595 5697 parte

2013 5714 2131 5753 cum
2188 5700 2328 5752 beati
2391 5699 2574 5752 llilarii
2621 5698 2823 5753 exuviis
2873 5717 2901 5752 a
2947 5698 3255 5755 (Salvinistis
3301 5700 3596 5755 combusne

2014 5778 2139 5827 sunt
2167 5784 2307 5827 anno
2338 5769 2499 5826 1562.
2533 5768 2663 5827 Vide
2693 5780 2809 5829 not.
2837 5770 2890 5828 in
2916 5771 3010 5830 lib.
3037 5788 3116 5846 ιιι,
3144 5787 3262 5843 cap.
3293 5772 3347 5828 7.
