4096 6344
559 342 671 405 ηδ

1569 336 1630 398 S.
1670 336 2001 397 GREGORII
2040 334 2346 395 EPISCOPI
2383 335 2817 394 TURONENSIS

3714 332 3843 394 4η·

631 464 720 521 Ill.
752 464 959 520 Interea
1002 471 1025 499 ⁸
1077 459 1293 516 advenit
1347 458 1607 515 festivitas
1666 460 1833 514 sancti
1882 457 2137 524 Marcelli,
2168 462 2212 517 Α
2240 456 2523 526 iactitabat
2554 473 2567 511 :
2594 455 2660 510 ad
2690 470 2869 524 quem,
2912 456 3031 525 quia
3066 466 3302 524 praesens
3329 466 3433 506 non
3464 464 3635 517 eram,
3662 453 3821 507 rusti-

556 574 679 630 qua:
706 558 847 629 apud
892 557 1075 613 urbem
1108 554 1535 611 Cabillonensem
1574 566 1757 608 mense
1793 552 2020 621 septimo
2049 565 2141 605 ce-

561 649 824 714 lebratur,
880 658 934 703 et
974 646 1410 702 Guntchramnus
1457 660 1549 698 rex
1600 643 1786 698 adfuit.
1826 642 2021 698 Verum
2055 640 2144 695 ubi

562 741 793 808 peractis
842 737 1171 793 solemnibus
1209 735 1269 801 δ,
1317 735 1381 789 ad
1435 742 1833 789 sacrosanctum
1894 733 2144 787 altarium

518 844 521 847 ‘
562 830 993 886 curnmunicandi
1014 831 1182 900 gratia
1213 828 1547 893 accessisset,
1573 826 1718 880 venit
1748 826 1964 896 quidam
1991 825 2140 895 quasi

560 923 759 993 aliquid
790 933 1159 993 suggesturus.
1200 922 1299 988 Qui
1329 921 1454 975 dum
1500 927 1747 989 properat
1775 917 1933 990 421
1960 928 2145 973 contra

560 1029 742 1084 regem
770 1056 785 1081 ,
832 1013 1006 1069 culter
1033 1015 1081 1069 ei
1123 1011 1188 1067 de
1220 1027 1378 1066 manu
1400 1009 1678 1073 dilabitur,
1704 1008 2149 1078 apprehensoque

561 1114 823 1175 repente,
859 1106 1021 1159 alium
1070 1105 1301 1159 cultrum
1357 1104 1692 1172 evaginatum
1740 1103 1790 1155 in
1839 1118 2000 1156 manu
2030 1100 2149 1171 ejus

566 1197 857 1264 reperiunt.
889 1197 997 1251 Nec
1027 1212 1172 1250 mora
1194 1238 1208 1262 ,
1252 1186 1477 1250 eductus
1504 1211 1532 1248 a
1561 1195 1773 1248 basilica
1802 1203 2005 1259 sancta,
2036 1193 2149 1246 vin-

566 1295 685 1341 ctus
709 1328 722 1351 ,
756 1299 807 1341 et
856 1288 1134 1343 tormentis
1163 1287 1404 1341 addictus
1429 1328 1444 1352 ,
1489 1286 1772 1340 confitetur
1806 1300 1864 1341 se
1894 1286 2149 1340 emissum

567 1378 636 1433 ad
660 1374 1089 1434 interficiendum
1119 1394 1321 1449 regem,
1353 1378 1537 1433 dicens
1563 1394 1575 1431 :
1609 1377 1698 1432 Sic
1735 1378 1875 1432 enim
1904 1378 2152 1431 tractavit

566 1470 657 1539 qui
698 1485 786 1525 me
834 1471 998 1525 misit.
1066 1470 1199 1539 Quia
1250 1471 1499 1539 cognovit
1552 1486 1646 1523 rex
1691 1469 1978 1524 multorum
2012 1472 2063 1523 in
2093 1485 2153 1523 se

563 1563 685 1617 odia
713 1572 1019 1633 aggregata,
1054 1572 1108 1618 et
1134 1574 1413 1632 suspectus
1446 1578 1513 1618 ne
1542 1563 1893 1631 percutiatur,
1935 1564 2152 1617 omnino

569 1670 629 1711 se
656 1672 685 1709 a
713 1658 828 1711 suis
860 1657 1045 1711 vallari
1080 1658 1357 1726 przecipit:
1389 1672 1488 1712 nec
1521 1657 1785 1726 reperitur
1816 1655 1991 1709 aditus
2022 1671 2156 1725 qua-

572 1745 694 1802 liter
716 1747 781 1801 ad
832 1763 953 1803 eum
1000 1763 1119 1802 cum
1164 1749 1357 1819 gladiis
1409 1748 1579 1818 possit
1622 1748 1916 1811 accedere,
1968 1747 2067 1800 nisi
2100 1746 2151 1800 in

2245 556 2379 609 citas
2428 555 2604 623 populi
2655 553 2825 608 multa
2882 550 3238 617 confluxerat,
3294 549 3593 604 deferentes
3645 563 3823 603 secum

2245 662 2417 702 cmcos
2449 658 2502 701 et
2528 646 2752 711 debiles,
2798 662 2931 713 quos
2980 663 3083 700 non
3140 644 3425 700 sanctitate
3471 656 3685 707 sanare,
3735 641 3823 711 sed

2246 754 2429 793 errore
2458 740 2840 793 necromantici
2878 739 3078 807 ingenii
3106 738 3385 804 quaerebat
3414 734 3663 789 illudere.
3698 733 3823 788 Nam

2248 832 2345 885 hos
2372 831 2459 892 qui
2484 840 2639 885 erant
2672 831 2971 901 paralyticr,
3002 841 3092 884 aut
3117 830 3217 883 alia
3261 826 3500 895 impediti
3528 826 3821 891 debilitate,

2244 924 2467 1001 jubebat
2494 924 2669 980 valide
2702 923 2943 989 extendi,
2970 931 3026 978 ut
3047 939 3179 993 quos
3208 922 3419 977 virtutis
3448 920 3643 975 divina:
3674 920 3827 990 largi-

2250 1016 2392 1069 tione
2418 1015 2645 1084 dirigere
2670 1030 2773 1069 non
2808 1021 3038 1084 poterat,
3069 1012 3220 1083 quasi
3257 1028 3349 1082 per
3376 1011 3693 1066 industriam
3725 1024 3828 1063 res-

2252 1112 2505 1158 tauraret.
2542 1104 2777 1173 Denique
2804 1103 3276 1174 appreltendebant
3302 1102 3456 1171 pueri
3479 1100 3603 1171 ejus
3648 1113 3831 1154 manus

2253 1194 2547 1258 hominum,
2577 1194 2662 1247 alii
2687 1210 2811 1249 vero
2835 1196 3019 1266 pedes,
3047 1203 3347 1263 tractosque
3374 1192 3616 1247 diversas
3641 1192 3691 1244 in
3721 1206 3834 1259 par-

2254 1296 2355 1351 tes,
2388 1287 2459 1341 ita
2490 1294 2547 1340 ut
2566 1288 2721 1341 nervi
2752 1296 3067 1353 putarentur
3096 1284 3341 1353 abrumpi
3375 1302 3387 1338 :
3440 1300 3561 1337 cum
3595 1297 3703 1337 non
3756 1296 3836 1335 sa-

2254 1386 2529 1443 narentur,
2559 1377 2965 1433 dimittebanuzr
2993 1378 3289 1433 exanimes.
3321 1376 3472 1431 Unde
3502 1375 3709 1428 factum
3736 1383 3825 1439 est

2259 1477 2315 1521 ut
2347 1469 2397 1521 in
2430 1470 2530 1523 hoc
2558 1470 2819 1538 supplicio
2869 1470 3017 1523 multi
3059 1468 3304 1539 spiritum
3349 1467 3698 1531 exhalarcnt,
3733 1475 3831 1515 tant

2260 1568 2480 1628 tumque
2518 1560 2683 1614 miser
2704 1560 2873 1613 elatus
2902 1567 3041 1617 erat.
3071 1569 3125 1612 ut
3154 1560 3415 1614 minorem
3449 1566 3472 1604 8
3513 1571 3570 1612 se
3630 1556 3834 1610 beatum

2256 1653 2538 1706 Martinum
2571 1668 2690 1708 esse
2720 1654 2942 1718 diceret,
2974 1668 3033 1708 se
3054 1668 3181 1708 vero
3211 1652 3467 1722 apostolis
3507 1657 3835 1717 comquaret.

2258 1744 2365 1799 Nec
2409 1745 2625 1814 mirum,
2671 1762 2714 1799 ει
2766 1746 2853 1801 hic
2879 1746 3109 1801 similem
3149 1760 3209 1800 se
3239 1746 3379 1800 dicat
3406 1743 3693 1813 apostolis,
3725 1756 3837 1797 cum

562 1837 808 1903 ecclesia,
839 1838 891 1892 in
922 1853 1023 1907 qua
1046 1854 1269 1894 securus
1295 1848 1349 1893 et
1371 1838 1501 1891 nihil
1533 1847 1772 1891 metuens
1812 1844 1956 1891 stare
1980 1836 2158 1905 digno-
2184 1843 2232 1904 Β
2261 1836 2350 1891 ille
2379 1846 2567 1890 auctor
2594 1837 2865 1907 nequitiae,
2892 1853 2919 1889 a
2947 1852 3053 1908 quo
3078 1838 3178 1891 ista
3212 1836 3534 1907 procedunt,
3566 1834 3837 1890 Christum

563 1930 749 1995 scitur,
783 1930 1269 1985 transverberetur.
1308 1931 1412 1985 Sed
1444 1937 1498 1983 et
1522 1929 1602 1983 bis
1631 1930 1695 1983 de
1724 1928 1915 1999 quibus
1942 1928 2148 1983 locutus

564 2019 665 2074 fuit
690 2021 1041 2090 apprehensis
1062 2062 1075 2088 ,
1119 2023 1303 2077 multis
1335 2023 1690 2091 interemptis,
1726 2024 1865 2076 hunc
1898 2022 2152 2077 verbera-

566 2117 678 2165 tum
729 2113 896 2181 plagis
935 2112 1140 2167 dimisit
1170 2114 1347 2167 vivum
1376 2156 1391 2180 ,
1423 2115 1545 2183 quia
1594 2116 1742 2168 nefas
1792 2113 1998 2183 putavit
2029 2124 2076 2179 ε,
2105 2112 2152 2168 si

562 2202 610 2257 is
637 2202 727 2272 qui
748 2204 817 2257 ab
845 2204 1071 2258 ecclesia
1106 2203 1330 2258 eductus
1356 2205 1547 2271 fuerat,
1582 2214 1945 2261 truncaretur.

635 2292 722 2349 IV.
754 2292 781 2330 (ί
822 2294 901 2349 Eo
947 2310 1088 2349 anno
1139 2294 1483 2351 Childeberto
1528 2297 1640 2366 regi
1670 2298 1807 2353 alius
1836 2298 1981 2351 illius.
2000 2307 2155 2351 natus

564 2393 666 2452 est,
694 2401 850 2453 quem
908 2385 1146 2440 Veratius
1183 2385 1571 2441 Cavillonensis
1598 2397 1621 2425 ο
1652 2390 1935 2458 episcopus
1985 2392 2157 2445 susci-

565 2472 715 2540 piens
742 2490 770 2527 a
801 2475 1033 2539 lavacro,
1068 2474 1389 2528 Theoderici
1416 2492 1608 2530 nomen
1634 2479 1829 2545 posuit.
1857 2478 1988 2532 Erat
2013 2479 2155 2535 enim

578 2580 643 2621 eo
666 2575 901 2632 tempore
934 2566 1045 2632 ipse
1076 2565 1311 2632 pontifex
1335 2565 1542 2633 magnis
1573 2566 1858 2621 virtutibus
1883 2570 2153 2637 praeditus,

566 2654 635 2709 ita
669 2664 723 2708 ut
748 2654 1059 2724 plerumque
1106 2654 1331 2707 infirmis
1378 2657 1587 2724 signum
1638 2657 1811 2712 crucis
1854 2658 2155 2727 imponens,

566 2746 745 2800 statim
774 2747 1007 2811 sanitati,
1037 2744 1305 2802 tribuente
1334 2746 1589 2813 Domino,
1623 2758 1968 2803 restauraret.

642 2838 703 2893 V.
736 2839 983 2909 Prodigia
1013 2838 1033 2876 ί
1062 2853 1273 2908 quoque
1316 2839 1481 2894 multa
1533 2840 1728 2897 dehinc
1774 2852 2154 2912 apparuerunt.

565 2930 698 3011 Nam
723 2948 844 2987 vasa
879 2948 973 3003 per
1004 2932 1193 2986 domos
1222 2934 1577 3001 diversorum,
1628 2931 1796 3003 signis
1841 2935 2023 2991 nescio
2044 2938 2162 3006 qui-

568 3026 668 3080 bus
699 3029 990 3081 charaxata
1019 3037 1163 3093 sunt,
1196 3044 1314 3099 quae
1365 3042 1451 3081 res
1493 3027 1637 3082 nullo
1690 3042 1923 3095 unquam
1974 3030 2157 3100 modo,

568 3128 657 3172 aut
678 3119 825 3173 eradi
856 3122 1045 3187 potuit,
1077 3132 1168 3175 aut
1197 3121 1387 3176 deleri.
1422 3120 1715 3189 lncceptum
1740 3132 1823 3175 est
1852 3131 2029 3177 autem
2061 3123 2161 3179 hoc

2254 1944 2311 1983 se.
2336 1928 2388 1983 in
2418 1930 2522 1986 fine
2544 1931 2725 1986 sazculi
2758 1931 2998 1988 fassurus
3026 1933 3119 1988 sit.
3144 1932 3274 1987 Nam
3297 1932 3362 1988 de
3378 1932 3480 1987 hoc
3498 1930 3838 1986 animadver-

2255 2037 2372 2077 sum
2404 2032 2506 2087 est,
2553 2032 2610 2078 ut
2652 2026 2900 2093 superius
2927 2026 3180 2094 diximus,
3216 2039 3400 2080 errore
3429 2020 3841 2079 necromantiae

2256 2115 2385 2170 artis
2417 2116 2582 2171 fuisse
2621 2117 2902 2173 imbutum.
2936 2119 3090 2186 Quia,
3124 2127 3179 2172 ut
3204 2127 3449 2172 asserunt
3480 2116 3567 2184 qui
3616 2128 3741 2169 eum
3768 2112 3840 2165 vi-

2257 2207 2467 2274 derunt,
2514 2224 2633 2264 cum
2683 2209 2906 2280 quisque
2958 2210 3024 2265 de
3055 2226 3118 2265 co
3150 2209 3335 2280 procul
3365 2219 3420 2263 et
3464 2207 3645 2263 abdite
3696 2202 3843 2274 quid-

2257 2318 2417 2371 quam
2460 2301 2667 2357 locutus
2719 2300 2904 2357 fuisset
2936 2304 3081 2366 mali,
3142 2317 3322 2356 coram
3384 2300 3579 2370 populo
3639 2305 3844 2350 astante

2257 2392 2675 2463 improperabat,
2701 2392 2911 2446 dicens:
2939 2390 3069 2457 Quia
3097 2392 3196 2444 hoc
3224 2399 3279 2444 et
3304 2390 3430 2443 illud
3454 2390 3523 2442 de
3548 2402 3635 2442 me
3659 2388 3848 2441 effatus

2259 2490 2361 2546 est,
2394 2496 2513 2552 qua:
2544 2484 2822 2536 sanctitate
2852 2496 2966 2535 mea
3016 2489 3167 2535 erant
3207 2480 3438 2548 indigna.
3492 2480 3557 2532 Et
3588 2481 3711 2546 ‘qun
3746 2474 3849 2530 alio

2260 2572 2364 2625 nisi
2393 2574 2765 2629 nuntiantibus
2790 2574 3067 2628 daemoniis
3093 2572 3143 2626 id
3172 2569 3572 2640 cognoscebat?
3604 2568 3853 2621 llnliebat

2260 2671 2436 2717 autem
2468 2667 2734 2720 cucullum
2781 2682 2842 2719 ac
2877 2667 3109 2720 tunicam
3143 2664 3207 2718 de
3232 2663 3345 2731 pilis
3369 2675 3673 2729 caprarum,
3707 2668 3764 2712 et
3800 2658 3854 2711 in

2258 2755 2510 2825 praesenti
2535 2756 2749 2823 quidem
2777 2758 3052 2811 abstinens
3076 2764 3189 2811 erat
3225 2768 3253 2808 a
3286 2754 3418 2808 cibis
3447 2760 3501 2806 et
3523 2760 3649 2819 potu
3674 2768 3687 2816 ',
3715 2752 3852 2805 ciant

2259 2854 2438 2901 autem
2468 2862 2589 2900 cum
2622 2846 2676 2900 in
2704 2846 3057 2900 diversorium
3090 2846 3344 2909 venisset,
3381 2844 3449 2897 ita
3483 2840 3771 2896 infarcibat
3801 2840 3848 2891 in

2261 2953 2374 3002 ore,
2409 2947 2465 2992 ut
2495 2937 2741 2993 minister
2770 2953 2874 2992 non
2896 2949 3205 2992 occurreret
3229 2946 3433 2990 tantum
3460 2933 3705 3001 poscenti
3735 2947 3847 3000 por-

2262 3028 2455 3099 rigere.
2490 3028 2595 3084 Sed
2629 3029 2841 3083 detecta
2871 3028 3152 3083 dolositate
3194 3028 3331 3097 ejus,
3378 3037 3429 3081 et
3460 3042 3487 3077 a
3533 3026 3733 3078 nostris
3758 3022 3846 3077 dc-

2264 3121 2546 3191 prehensa,
2594 3119 2800 3190 ejectus
2820 3128 2904 3175 est
2929 3128 3078 3175 extra
3111 3117 3259 3173 urbis
3282 3118 3593 3173 terminum.
3628 3115 3737 3171 Nec
3761 3129 3846 3168 co-

569 3214 864 3283 prodigium
897 3216 962 3268 ab
990 3216 1139 3270 urbis
1164 3216 1480 3270 Carnotenaa
1510 3214 1805 3281 territorio,
1847 3226 1901 3269 et
1941 3216 2162 3273 veniens
2190 3212 2235 3275 C
2264 3216 2551 3287 gnovimus
2573 3214 2829 3281 deinceps
2858 3228 2964 3283 quo
2989 3212 3220 3276 abisset;
3242 3211 3458 3266 dicebat
3480 3209 3648 3281 423
3681 3218 3846 3264 tanwn

570 3324 664 3376 per
694 3309 1157 3373 Aurelianensem,
1192 3324 1361 3377 usque
1394 3307 1843 3377 Burdegalensem
1872 3311 2160 3366 terminum

570 3398 913 3467 peraccessit,
942 3414 1046 3453 non
1075 3400 1489 3467 prmtermittens
1520 3400 1677 3453 ullam
1707 3400 1891 3453 urbem
1922 3415 2039 3468 qua!
2065 3400 2163 3455 fuit

575 3491 627 3544 in
653 3491 851 3544 medio.
887 3490 942 3544 ln
974 3491 1146 3545 vineis
1173 3506 1299 3545 vero
1327 3506 1519 3544 mense
1533 3498 1723 3545 octavo
1750 3500 2015 3545 transacta
2042 3490 2159 3545 vin-

570 3570 767 3641 demia,
798 3582 1043 3651 palmites
1084 3596 1249 3636 novos
1292 3596 1413 3634 cum
1462 3583 1578 3635 uvis
1608 3581 1923 3636 deformatis
1954 3581 2161 3653 aspexi-

570 3691 711 3730 mus.
744 3674 801 3729 In
848 3675 966 3727 aliis
1015 3673 1296 3728 arboribus
1327 3672 1547 3729 frondes
1573 3688 1747 3739 novae,
1780 3684 1834 3728 et
1864 3689 1998 3729 nova
2052 3676 2162 3730 visa

570 3776 693 3821 sunt
721 3780 897 3835 poma.
925 3764 1076 3819 Radii
1104 3779 1133 3817 a
1160 3772 1309 3833 parte
1348 3763 1626 3833 Aquilonis
1652 3774 2033 3833 apparuerunt.
2066 3770 2165 3821 As-

570 3856 822 3912 serebant
852 3854 1093 3909 nonnulli
1126 3853 1321 3931 vidisse
1346 3867 1405 3908 se
1434 3862 1710 3922 serpentes
1734 3870 1799 3909 ex
1815 3854 1958 3910 nube
1983 3855 2165 3925 delap-

569 3960 679 4004 sos.
715 3947 819 4002 Alii
850 3945 1193 4000 affirmabant
1223 3944 1400 3999 villam
1434 3960 1554 3999 cum
1582 3944 1722 4000 casis
1778 3956 1832 4000 et
1862 3944 2163 4001 hominibus

571 4042 847 4097 subitauea
879 4040 1247 4095 internecione
1277 4039 1559 4094 evanuisse
1580 4060 1593 4105 ;
1613 4048 1667 4094 et
1692 4038 1855 4094 multa
1890 4040 1989 4094 alia
2014 4041 2164 4111 signa

572 4140 953 4204 apparuerunt,
980 4147 1099 4200 quae.
1117 4140 1208 4185 aut
1238 4130 1377 4199 regis
1404 4129 1610 4185 obitum
1636 4131 1952 4185 annuntiare
1969 4132 2161 4196 solent,

572 4237 662 4280 aut
692 4226 922 4295 regionis
942 4223 1237 4278 excidium.
1272 4222 1437 4293 422
1471 4222 1753 4277 Vindemia
1802 4238 1866 4278 eo
1895 4237 2034 4277 anno
2084 4232 2164 4277 te-

574 4320 717 4383 nuis,
742 4334 894 4388 aquae
918 4317 1130 4385 validm,
1165 4318 1364 4386 pluviae
1386 4316 1686 4381 immensae,
1717 4316 1933 4371 flumina
1957 4331 2167 4386 quoque

574 4411 844 4479 granditer
882 4408 1108 4461 adaucta
1141 4407 1374 4463 fuerunt.

652 4499 737 4553 Vl.
780 4498 905 4552 Fuit
932 4514 997 4553 eo
1018 4513 1159 4552 anno
1183 4499 1233 4553 in
1262 4499 1392 4553 urbe
1422 4498 1685 4553 Turonica
1733 4499 2037 4555 Desiderius
2066 4517 2163 4557 no-

2264 3309 2437 3363 civem
2491 3322 2551 3361 se
2605 3320 2726 3361 esse
2778 3304 3246 3375 Burdegalensem.
3293 3303 3421 3356 Nam
3472 3312 3527 3356 et
3578 3310 3709 3354 ante
3756 3300 3847 3354 hos

2242 3410 2469 3471 septem
2520 3414 2688 3453 annos
2742 3398 2835 3451 fuit
2866 3406 2917 3452 et
2964 3396 3099 3449 alius
3128 3385 3352 3465 magnus
3383 3394 3537 3448 valde
3568 3394 3837 3456 seductor,
3894 3410 3895 3413 η

2264 3492 2354 3561 qui
2378 3491 2575 3544 multos
2596 3490 2813 3557 decepit
2841 3488 3125 3543 dolositate
3150 3503 3267 3544 sua.
3298 3487 3395 3542 llic
3416 3488 3557 3542 enim
3586 3487 3797 3542 colobio
3824 3487 3842 3519 υ

2265 3582 2482 3637 indutus
2512 3590 2647 3648 erat,
2690 3580 2915 3634 amictus
2939 3582 3170 3649 desuper
3195 3580 3422 3635 sindone
3449 3620 3465 3646 ,
3516 3596 3735 3636 crucem
3774 3582 3843 3635 fe-

2271 3688 2414 3737 rens,
2450 3674 2516 3728 de
2563 3687 2663 3745 qua
2694 3672 3068 3740 dependebant
3098 3672 3423 3741 ampullula',
3478 3686 3617 3741 quas
3649 3671 3845 3726 dicebat

2266 3758 2707 3832 olcumsanctum
2740 3762 2958 3818 habere.
2998 3765 3189 3818 Aiebat
3218 3765 3362 3818 enim
3393 3778 3451 3816 se
3487 3763 3554 3817 de
3591 3761 3845 3832 Hispaniis

2271 3855 2588 3919 adventare,
2643 3870 2705 3908 ac
2759 3855 3013 3924 reliquias
3063 3854 3497 3910 beatissimorum
3556 3863 3840 3925 martyrum

2268 3945 2534 4001 Vincentii
2558 3947 2750 4012 leviter,
2786 3945 3083 4015 Felicisque
3114 3945 3364 4015 martyris
3396 3942 3411 3981 ί
3445 3942 3724 3999 exhibere.
3750 3940 3842 3997 Sed

2268 4056 2388 4096 cum
2414 4040 2522 4110 jam
2554 4054 2774 4109 vespere
2800 4038 2863 4092 ad
2898 4037 3166 4092 basilicam
3196 4039 3361 4092 sancti
3393 4037 3607 4091 Martini
3629 4036 3841 4091 Turonis

2269 4134 2594 4199 advenisset,
2650 4142 2703 4186 et
2732 4146 2827 4184 nos
2862 4132 2912 4184 in
2944 4129 3191 4184 convivio
3220 4129 3603 4193 resideremus,
3640 4125 3840 4182 manda-

2273 4236 2384 4285 tum
2417 4227 2585 4292 misit,
2620 4224 2803 4279 dicens
2833 4242 2844 4278 :
2885 4224 3182 4278 Occurrant
3220 4221 3461 4291 reliquiis
3495 4224 3716 4277 sanctis.
3758 4216 3840 4273 Cui

2271 4337 2389 4387 nos,
2441 4322 2562 4392 quia
2615 4319 2742 4376 hora
2763 4320 2870 4389 jam
2910 4318 3259 4389 prwterierat,
3292 4318 3515 4372 'liximus
3549 4336 3561 4369 :
3599 4317 3841 4387 Requies-

2276 4425 2400 4468 cant
2451 4415 2621 4469 beatae
2677 4414 2915 4482 reliqui-.e
2955 4427 3117 4482 super
3156 4413 3423 4476 altarium,
3480 4412 3657 4466 donec
3699 4422 3840 4465 mane

2271 4508 2624 4574 procedamus
2657 4505 2723 4559 ad
2754 4520 3035 4559 occursum
3068 4519 3270 4558 earum.
3308 4504 3413 4559 Sed
3456 4502 3539 4558 hic
3570 4503 3739 4571 primo
3765 4498 3837 4552 di-

579 4592 742 4660 mitte,
774 4592 861 4662 qui
888 4605 946 4645 sc
978 4606 1226 4660 magnum
1256 4591 1542 4660 qncmdatu
1574 4605 1695 4647 esse
1734 4592 1965 4661 dicebat,
2020 4609 2168 4650 asse-
2196 4594 2248 4654 D
2275 4600 2448 4653 luculo
2478 4614 2822 4667 consurgens,
2883 4613 2980 4651 nec
3037 4600 3358 4665 exspectatis
3414 4595 3589 4662 nobis,
3640 4590 3839 4648 advenit

576 4700 701 4740 rens
732 4700 790 4740 se
819 4683 984 4737 multa
1013 4697 1171 4752 posse
1197 4682 1374 4737 facere
1398 4684 1567 4753 signa.
1606 4683 1733 4738 Nam
1763 4693 1814 4738 et
1846 4687 2058 4739 nuntios
2083 4687 2165 4741 in-

580 4785 659 4831 ter
677 4791 755 4843 se,
790 4785 951 4846 atque
974 4775 1191 4832 Petrum
1215 4774 1544 4845 Paulumque
1566 4776 1836 4846 aposmlos
1867 4777 2167 4837 discurrere

600 4964 605 4965 ,
647 4922 673 4949 α
716 4913 876 4967 Deest
904 4911 1003 4966 hoc
1034 4919 1194 4981 caput
1224 4908 1278 4965 in
1308 4908 1461 4966 Colb.
1495 4926 1545 4965 a.

630 4982 671 5048 ,δ
712 4982 1056 5039 Oliservanda
1105 4983 1187 5035 hic
1234 4992 1383 5037 vetus
1418 4981 1707 5039 Gallicana:
1758 4984 2000 5041 ecclesia:
2036 5002 2164 5042 con-

573 5057 823 5115 suetudo.
864 5062 1070 5109 sacram
1109 5057 1539 5108 communionem
1582 5056 1794 5109 nonnisi
1839 5066 1955 5123 post
2002 5074 2154 5123 pera-

572 5130 951 5250 ctanténissatn
977 5126 1411 5180 administrandi.
1436 5125 1499 5180 V.
1527 5127 1728 5198 Liturg.
1763 5124 1953 5183 Gallic.
1989 5129 2080 5184 lib.
2116 5144 2155 5196 t,

574 5213 691 5250 can.
762 5238 773 5250 .

574 5213 691 5252 can.
722 5213 773 5250 ὃ.

679 5237 691 5251 .
722 5214 773 5250 a.

641 5214 671 5307 lc)
711 5268 804 5345 lus
826 5268 957 5345 asyli
984 5283 1023 5345 a_
1045 5268 1233 5345 primis
1260 5266 1515 5321 Ecclesiae
1542 5271 1771 5345 saeculis,
1795 5286 1861 5345 ex
1891 5286 1997 5340 quo
2014 5270 2161 5339 prin-

573 5336 717 5404 cipes
739 5336 1024 5394 Christiani
1046 5336 1227 5404 fuere,
1254 5352 1567 5392 concessum
1602 5342 1848 5397 eCelesiis
1881 5336 2161 5397 asseruere

576 5407 759 5480 Patres
790 5412 953 5463 Cone.
984 5411 1257 5465 Aurelian.
1283 5423 1320 5472 ι,
1353 5409 1453 5462 sub
1484 5409 1795 5467 Chlodoveo
1822 5413 2031 5480 Magno,
2065 5426 2155 5465 an.

571 5476 697 5545 5H,
727 5480 866 5547 quod
895 5491 1077 5549 postea
1126 5491 1236 5536 tum
1273 5482 1432 5533 variis
1463 5482 1809 5535 conciliorum
1837 5476 2155 5549 cauouibus,

724 5566 905 5620 regum
957 5563 1264 5606 nostrorum
1306 5550 1496 5606 edictis
1541 5553 1737 5622 smpius
1784 5553 2155 5607 confirmatum

594 5635 643 5673 ur
678 5660 688 5671 .

594 5628 688 5673 uit.

640 5688 666 5728 ά
708 5688 820 5745 lioc
868 5700 1029 5764 caput
1073 5691 1223 5747 deest
1252 5691 1303 5746 in
1335 5692 1491 5749 codd.
1525 5693 1676 5750 Colh.
1733 5712 1804 5751 m.
1837 5704 1891 5753 et
1940 5697 2153 5764 Regm.,

568 5764 814 5889 qu‘ptmiis
865 5761 919 5817 in
947 5762 1013 5818 iis
1049 5773 1395 5820 recenseatur
1442 5765 1495 5819 in
1551 5767 1707 5837 hujus
1753 5770 1871 5824 libri
1922 5761 2156 5839 capitum

568 5847 622 5888 in
666 5849 747 5889 tcu
772 5852 826 5888 υ.

567 5847 826 5891 ιιιαιςυιυ.

2270 4707 2391 4745 cum
2421 4706 2579 4746 cruce
2605 4706 2722 4756 sua,
2776 4701 2826 4742 ct
2855 4690 2905 4743 in
2938 4689 3127 4743 cellula
3178 4700 3356 4743 nostra
3416 4687 3605 4743 adfuit.
3663 4688 3837 4751 Stuye-

2276 4783 2447 4838 factus
2487 4798 2606 4851 ego,
2655 4792 2708 4836 et
2735 4781 3005 4836 admirans
3037 4781 3328 4847 levitatem,
3382 4781 3673 4851 interrogo,
3726 4771 3837 4846 quid

2345 4929 2369 4956 ο
2410 4919 2499 4973 Sic
2553 4932 2649 4986 pro
2691 4918 3085 4972 Cavellioncnsis
3137 4932 3258 4973 cum
3309 4916 3508 4972 Chesn.
3550 4920 3620 4971 al.
3658 4914 3837 4986 habent

2274 4989 2397 5044 Bec.
2427 5000 2480 5045 et
2505 4983 2659 5044 Golb.
2695 5006 2772 5055 a.,
2805 5001 2857 5045 et
2889 4991 3100 5057 quidem
3134 5000 3301 5053 recte,
3335 5000 3390 5043 ut
3415 4991 3524 5058 jam
3566 5003 3721 5056 supra
3747 4983 3834 5058 ob-

2269 5065 2602 5115 servavimus
2633 5061 2696 5114 ad
2730 5054 2847 5129 cap.
2882 5054 2942 5115 Si
2980 5060 3070 5113 lib.
3106 5076 3218 5113 vm.
3254 5054 3431 5126 Editi,
3457 5054 3825 5129 Cabillbneusis.

2268 5131 2590 5187 Theudorici
2622 5122 2955 5186 nativitatem
3013 5131 3363 5202 Fredegarius
3408 5122 3552 5185 anno
3608 5122 3833 5199 sequenti

2267 5215 2564 5275 cuttSIgnat.
2620 5274 2623 5275 ν
2742 5274 2749 5275 ί
3231 5273 3260 5275 __
3628 5272 3654 5275 η
3785 5265 3795 5275 .

2344 5272 2365 5313 ί
2408 5275 2569 5331 Deest
2616 5274 2755 5329 istud
2802 5283 2962 5344 caput
3009 5289 3129 5331 cum
3178 5273 3346 5329 tribus
3394 5272 3737 5344 sequentibus
3782 5272 3831 5317 in

2267 5343 2419 5401 Colb.
2454 5363 2505 5401 a.
2536 5355 2589 5400 et
2622 5346 2744 5401 Vat.
2878 5343 2881 5344 ⁷
3838 5348 3841 5351 ’

2340 5427 2365 5485 t5
2410 5418 2529 5471 Bec.
2561 5426 2612 5471 et
2637 5416 2841 5479 Casin.,
2864 5417 3149 5485 juniorem.
3632 5482 3659 5485 Δ
3818 5475 3828 5485 _

2337 5484 2366 5523 ¹³
2406 5488 2686 5542 (lolobinm
2718 5482 2880 5541 vestis
2906 5496 3023 5542 erat
3051 5488 3252 5554 absque
3282 5487 3529 5551 manicis,
3557 5482 3740 5555 quibus
3754 5482 3829 5555 uti

2266 5557 2510 5680 solebgnt
2532 5556 2768 5629 Egyptii
2793 5558 3038 5613 monachi
3069 5551 3206 5628 apud
3228 5556 3469 5613 Cassiau.
3491 5551 3587 5614 lib.
3608 5572 3623 5611 ι
3647 5551 3830 5612 lnstiL,

2266 5644 2384 5680 can.
2456 5669 2469 5680 .

2266 5644 2384 5737 cali.
2409 5644 2508 5764 δῖιί
2538 5699 2804 5754 Gerundae
2834 5714 3020 5769 passus
3048 5708 3149 5770 est,
3183 5700 3250 5756 de
3279 5716 3383 5771 quo
3406 5700 3541 5757 lib.t
3572 5699 3635 5756 de
3665 5692 3829 5750 ϐιυτὶιι

2266 5770 2449 5827 Mart..
2481 5784 2600 5827 can.
2630 5767 2721 5826 92.

2320 5781 2449 5838 art.,
2481 5784 2600 5840 cap.
2630 5781 2721 5826 υτ.
