4096 6344
335 328 453 405 883

1307 338 1632 405 HISTORIA
1670 342 2118 404 FRANCORUM.
2163 345 2365 402 LIBER
2403 344 2652 404 NONUS.

3506 348 3613 408 εδδ

342 466 461 524 Ιιωο
490 466 590 522 sibi
619 466 809 522 velim.
839 464 1136 534 Respondit
1164 467 1318 535 quasi
1357 466 1619 535 superbus
1655 474 1709 522 et
1748 464 1930 519 inﬂata
1955 464 2007 525 Α
2033 462 2189 516 eerit.
2216 460 2322 517 Sed
2350 477 2450 517 nec
2481 476 2578 517 nos
2608 476 2714 529 prie
2747 458 2847 515 hoc
2877 458 3071 515 fmtore
3097 459 3150 515 in
3181 459 3454 516 basilicam
3480 476 3608 518 sano

341 573 476 614 voce
510 576 524 613 :
556 557 852 624 Meliorem,
908 558 1098 627 inquit,
1147 572 1429 613 occursum
1474 558 1628 612 nobis
1673 557 1929 613 exhibere

343 652 625 709 debueras.
660 652 761 707 Sec
786 653 898 706 haec
928 667 1025 720 ego
1057 652 1107 706 in
1132 666 1287 706 aures
1312 652 1596 720 Chilperiei
1632 660 1656 687 α
1682 650 1824 720 regis
1848 649 1930 704 iu-.

341 763 525 818 geram
573 763 585 800 :
630 747 720 802 ille
751 755 927 801 autem
974 746 1260 801 ulciscetur
1304 746 1696 814 despcctionem
1729 759 1926 798 meam.

342 839 409 893 Et
433 839 703 908 ingressus
732 838 784 892 in
818 839 1135 903 oratorium,
1186 852 1272 890 me
1299 836 1618 905 postposito,
1641 836 1753 903 ipse
1781 834 1928 904 capi-

341 932 525 986 tellum
554 945 718 984 unum
743 970 757 995 ,
800 939 960 998 atque
982 928 1233 994 alterum,
1265 942 1327 984 ac
1357 928 1571 983 tertium
1609 926 1769 991 dicit;
1813 927 1927 994 ipse

340 1023 636 1075 orationem
685 1021 924 1089 profert,
975 1028 1031 1074 et
1079 1021 1191 1088 ipse
1220 1026 1583 1085 consummat,
1615 1018 1925 1087 elevataque

341 1115 531 1170 iterum
557 1126 717 1168 cruce
739 1112 889 1165 abiit.
922 1111 1041 1165 Erat
1074 1112 1214 1165 enim
1241 1112 1286 1163 ei
1317 1120 1567 1164 etsermo
1595 1111 1844 1176 rusticus,
1871 1115 1926 1164 et

338 1206 509 1275 ipsius
544 1205 732 1273 lingum
762 1204 983 1258 latitudo
1016 1204 1183 1273 turpis
1206 1212 1363 1272 atque
1390 1203 1672 1267 obscmna;
1697 1204 1789 1256 sed
1824 1216 1924 1257 nec

338 1298 405 1351 de
434 1304 498 1351 eo
527 1310 707 1350 sermo
738 1295 1068 1350 rationabilis
1099 1295 1422 1361 procedebat
1456 1310 1470 1345 :
1501 1292 1587 1361 qui
1619 1308 1787 1363 usque
1818 1294 1923 1348 Pa-

338 1390 497 1443 risios
526 1388 771 1442 accessit.
826 1386 919 1440 His
949 1385 1093 1441 enim
1124 1386 1314 1439 diebus
1345 1384 1662 1453 liogationes
1697 1386 1922 1455 publica:

340 1478 768 1542 celebrabantur,
797 1492 916 1547 qua:
945 1486 1067 1531 ante
1111 1486 1354 1531 sanctum
1396 1476 1688 1532 Dominicae
1722 1478 1923 1533 Ascen-

342 1573 512 1627 sionis
538 1572 675 1628 diem
708 1572 792 1643 agi
827 1571 1025 1627 solent.
1058 1571 1274 1626 Factum
1302 1582 1383 1626 est
1415 1580 1616 1637 autem,
1650 1581 1706 1626 ut
1738 1588 1923 1642 proce-

335 1666 499 1720 dente
531 1664 873 1734 Ragnemodn
905 1664 1158 1734 pontilice
1183 1677 1302 1719 cum
1337 1663 1534 1732 populo
1555 1677 1672 1729 suo,
1717 1674 1769 1718 et
1805 1665 1919 1719 loca

335 1766 519 1812 saneta
543 1756 930 1819 circurnennte,
973 1764 1029 1810 ut
1075 1766 1128 1808 et
1169 1754 1257 1808 hic
1283 1769 1402 1809 cum
1448 1770 1607 1809 cruce
1638 1770 1729 1809 sua
1760 1754 1921 1812 adre-

2032 564 2171 608 ctam
2205 555 2408 624 ingredi
2440 566 2766 622 poteramus.
2822 554 3099 609 Accedens
3132 570 3259 609 vero
3288 568 3423 611 unus
3452 557 3612 613 cleri-

2031 660 2239 712 Corum,
2290 648 2487 703 clausis
2540 649 2757 704 naribus
2787 664 2910 704 eum
2954 648 3195 703 excitare
3248 650 3459 717 nititur,
3509 665 3611 708 nec

2030 739 2222 809 potuit,
2275 741 2343 794 ita
2378 742 2520 795 enim
2549 751 2661 795 erat
2692 742 2853 797 miser
2883 738 3213 798 madefactus
3257 744 3403 799 vino.
3457 746 3613 803 Tunc‘

2028 843 2255 898 quatuor
2278 836 2593 888 accedentes
2620 834 2825 899 clerici,
2873 834 3112 890 levantes
3151 851 3273 890 eum
3330 837 3467 893 inter
3496 854 3611 893 ma-

2028 944 2148 990 nus,
2192 929 2244 983 in
2276 944 2439 983 unum
2470 929 2723 998 angulum
2762 929 2993 983 basilica:
3026 930 3393 999 projecerunt;
3434 943 3488 987 et
3513 947 3607 988 ex.

2028 1018 2276 1075 bibentes
2325 1035 2514 1088 aquas,
2561 1021 2741 1075 abluto
2774 1022 3100 1089 pavimento,
3155 1038 3404 1092 resperso
3444 1027 3604 1080 etiam

2027 1112 2266 1167 herbulis
2287 1114 2546 1177 odoratis,
2560 1114 2638 1167 sic
2658 1113 2881 1182 ingressi
2898 1129 3081 1169 sumus
3094 1115 3310 1184 explere
3321 1127 3595 1172 cursutnc:

2029 1220 2297 1274 nunquam
2341 1214 2519 1260 tamen
2573 1205 2724 1259 nobis
2762 1205 3113 1275 psallentibus
3159 1207 3329 1275 potuit
3355 1208 3600 1273 excitari,

2025 1299 2194 1354 donec
2221 1298 2347 1355 dato
2382 1298 2540 1355 terris
2567 1299 2655 1354 die
2685 1299 2842 1355 altius
2866 1298 2992 1353 solis
3021 1299 3222 1367 lampas
3245 1300 3601 1355 ascenderet:

2025 1391 2219 1446 dehinc
2248 1403 2561 1447 excusatum
2594 1391 2802 1446 reddidi
2830 1390 3117 1445 sacerdoti.
3147 1392 3602 1449 Convenientibus

2022 1493 2199 1539 autetn
2252 1484 2520 1553 episcopis
2559 1484 2698 1553 apud
2732 1483 2914 1538 urbem
2957 1482 3304 1547 Parisiacam,
3330 1485 3454 1538 dum
3488 1487 3603 1539 btet:

2024 1579 2073 1633 in
2092 1578 2342 1633 convivio
2369 1576 2907 1647 narraremus,525
2927 1576 3096 1646 ipsum
3121 1591 3217 1645 pro
3239 1577 3603 1648 castigationis

2020 1672 2189 1741 gratia
2245 1670 2434 1724 adesse
2484 1670 2845 1740 praecipimus.
2908 1670 3026 1736 Quo
3076 1678 3325 1735 astante,
3381 1670 3605 1724 elevatis

2022 1763 2261 1817 Aurelius
2317 1764 2657 1817 Beorretaua:
2704 1760 2902 1817 urbis‘1
2942 1762 3221 1831 episc0pus
3268 1760 3458 1826 oculis,
3513 1775 3606 1816 co-

336 1851 516 1919 niens,
542 1850 849 1904 inusitatum
882 1849 1089 1918 populis
1111 1847 1373 1903 exhibens
1402 1848 1789 1913 indumentum,
1826 1849 1923 1903 ad-
1953 1846 1999 1907 Β
2026 1854 2234 1926 gnoscit
2262 1870 2383 1911 eum
2409 1871 2561 1909 suum
2594 1870 2712 1910 esse
2740 1856 3020 1922 famulum,
3064 1856 3267 1924 sibique
3296 1871 3389 1925 per
3426 1855 3603 1925 fugam

336 1941 639 2010 iunctisque
669 1941 965 2009 publicanis
994 1955 1058 1995 ac
1085 1939 1298 1993 rusticis
1344 1938 1681 2007 mulieribus,
1736 1950 1783 1993 et
1820 1941 1920 1996 iste

336 2033 561 2089 chorum
608 2048 765 2088 suum
798 2032 1022 2098 faceret,
1045 2040 1100 2086 et
1121 2031 1275 2100 quasi
1306 2045 1425 2086 cum
1456 2044 1548 2083 sua
1578 2030 1919 2086 multitudine

336 2126 449 2180 loca
474 2134 657 2180 sancta
681 2124 963 2180 circumire
985 2131 1174 2179 tentat.
1199 2123 1325 2177 Haec
1354 2136 1583 2178 cernens
1614 2124 1917 2192 episcopus,

336 2219 479 2273 misit
521 2218 956 2272 archidiaconum
996 2233 1149 2272 suum
1183 2256 1198 2282 ,
1249 2217 1434 2273 dicens
1483 2235 1495 2269 :
1552 2218 1608 2271 Si
1664 2217 1919 2286 reliquias

334 2319 643 2366 sanctorum
670 2310 912 2376 exhibes,
948 2325 1087 2379 pone
1116 2325 1209 2365 eas
1235 2310 1506 2380 paululum
1544 2308 1708 2381 424,
1737 2310 1788 2363 in
1821 2310 1919 2365 ba-

334 2402 507 2467 silica,
567 2409 623 2456 et
676 2402 955 2457 nobiscum
986 2401 1200 2456 celebra
1246 2402 1363 2456 dies
1399 2408 1646 2467 sanctos;
1691 2401 1918 2456 decursa

334 2506 514 2549 autem
566 2494 929 2557 solemnitate,
978 2492 1335 2563 proficisceris
1384 2493 1436 2547 in
1484 2491 1621 2545 viam
1654 2500 1818 2547 tuam.
1849 2492 1920 2547 At

334 2589 425 2644 ille
470 2587 864 2658 parvipendens
901 2602 1020 2657 quae
1067 2588 1135 2641 ab
1162 2586 1541 2642 archidiacono
1581 2585 1913 2655 dicebantur,

330 2681 499 2746 saepit
527 2680 837 2748 episcopum
866 2679 1121 2734 conviciis
1148 2694 1211 2734 ac
1240 2678 1707 2734 maledictionibus
1732 2694 1916 2748 prose-

330 2772 447 2843 qui.
480 2771 741 2828 Sacerdos
763 2786 893 2826 vero
930 2771 1235 2843 intelligens
1257 2785 1378 2825 eum
1403 2786 1523 2826 esse
1550 2771 1915 2842 seductorem,

329 2864 491 2936 iussit
518 2878 640 2919 eum
671 2863 872 2918 recludi
907 2862 960 2917 in
988 2862 1261 2918 cellulam.
1297 2862 1759 2934 Perscrutatisque
1786 2879 1916 2918 cun-

330 2956 430 3011 ctis
459 2970 578 3025 quae
608 2953 860 3021 habebat,
892 2956 1097 3010 invenit
1123 2970 1242 3010 eum
1266 2970 1332 3011 eo
1360 2956 1630 3011 sacculum
1664 2974 1914 3026 magnum

330 3048 543 3117 plenum
574 3047 643 3103 de
667 3048 937 3104 radicibus
953 3049 1289 3104 diversarum
1315 3048 1629 3115 herbarum;
1656 3050 1835 3120 ibique
1860 3060 1915 3107 et

329 3142 516 3197 dentes
545 3142 720 3211 talpae,
743 3149 799 3196 et
822 3156 943 3196 ossa
971 3142 1224 3207 murium,
1248 3147 1301 3196 et
1318 3157 1518 3210 ungues
1545 3150 1702 3212 atque
1725 3143 1912 3212 adipes

2024 1948 2314 2018 dilapsum,
2342 1958 2396 2004 et
2424 1951 2500 2004 sic
2532 1958 2845 2005 excusatum
2879 1961 3149 2019 receptum
3185 1949 3396 2005 reduxit
3431 1952 3483 2004 in
3514 1965 3606 2018 pa-

2024 2043 2204 2097 triam.
2234 2043 2379 2097 Multi
2409 2044 2549 2098 enim
2582 2051 2707 2095 sunt
2726 2043 2813 2111 qui
2850 2041 2946 2096 has
2976 2042 3318 2096 seductiones
3348 2055 3607 2097 exercen-

2022 2144 2102 2191 tes
2128 2137 2383 2205 populum
2427 2137 2686 2190 rusticum
2733 2136 2786 2189 iu
2838 2149 3079 2190 errorem
3128 2150 3329 2204 ponere
3378 2148 3486 2189 non
3511 2133 3607 2189 de-

2020 2227 2219 2283 sistunt
2249 2246 2261 2279 :
2290 2228 2358 2282 de
2382 2228 2595 2298 quibus,
2630 2236 2685 2281 ut
2708 2228 2921 2295 opinor,
2961 2236 3013 2279 et
3058 2226 3313 2280 Dominus
3342 2225 3398 2279 in
3428 2224 3607 2280 Evam

2021 2322 2286 2390 gelio-ait
2316 2360 2331 2387 ,
2378 2318 2693 2389 Consurgere
2753 2326 2775 2356 ε
2834 2318 2884 2370 in
2946 2317 3231 2370 novissimis
3288 2315 3602 2385 temporibus

2022 2414 2456 2483 pseudoclirislos,
2497 2423 2543 2467 et
2575 2411 3065 2483 pseudoproPhetas,
3111 2412 3198 2482 qui
3236 2412 3416 2465 dantes
3458 2412 3607 2483 signa

2018 2519 2067 2561 et
2097 2508 2359 2578 prodigia.
2380 2508 2531 2561 etiam
2561 2506 2746 2561 electos
2773 2507 2827 2559 in
2857 2520 3083 2558 errorem
3114 2504 3357 2558 inducant
3387 2503 3604 2576 (Matth.

2020 2617 2161 2667 xxiv,
2185 2603 2304 2671 ‘24).
2351 2601 2424 2656 De
2465 2600 2549 2655 his
2582 2600 2679 2655 ista
2707 2599 2978 2655 sufficiant
3009 2616 3023 2653 :
3056 2613 3153 2654 nos
3186 2598 3362 2669 potius
3391 2599 3457 2654 ad
3482 2612 3606 2668 pro-

2018 2694 2249 2763 positum
2271 2692 2577 2751 redeamus.

2091 2848 2201 2904 Vll.
2233 2848 2503 2903 Ennodius
2533 2861 2653 2902 cum
2681 2846 2928 2902 ducatum
2967 2848 3175 2902 urbium
3200 2847 3483 2903 Turonicze
3507 2855 3603 2902 at-

2015 2926 2117 3011 que
2145 2940 2377 2995 Pictava:
2396 2940 2811 3005 administraret,
2838 2938 3011 2994 adhuc
3034 2948 3089 2993 et
3118 2938 3227 2993 Vici
3250 2939 3504 2995 Juliensis
3526 2948 3604 2994 at-

2016 3051 2121 3107 que
2151 3034 2449 3091 Benarnaef
2486 3035 2696 3088 urbium
2718 3034 3068 3103 principatum
3087 3035 3297 3101 ac0ipit.
3333 3034 3437 3089 Sed
3461 3049 3601 3089 eun-

2016 3132 2157 3188 tibus
2187 3132 2473 3188 comitibus
2512 3129 2798 3186 'l'uroniczc
2855 3139 3012 3199 atque
3064 3130 3292 3186 Pictarte
3343 3131 3488 3186 urbis
3535 3130 3603 3186 ad

329 3234 561 3289 ursinos.
598 3233 901 3303 Vidensque
932 3234 1043 3288 haec
1073 3232 1330 3287 maleﬁcia
1362 3246 1505 3301 esse,
1538 3243 1727 3289 cuncta
1752 3234 1910 3303 jussit
1936 3230 1982 3293 C
2015 3238 2193 3293 regem
2250 3221 2671 3286 Childeberlum.
2703 3219 3049 3275 υδιίηυθΐυηῐ
3102 3234 3223 3275 eum
3255 3235 3283 3274 ει
3314 3235 3372 3276 se
3420 3236 3603 3277 remo-

326 3328 383 3381 in
413 3327 608 3381 (lumen
633 3325 844 3395 projici,
879 3326 1164 3395 ablataque
1191 3324 1243 3379 ei
1266 3340 1458 3395 cruce,
1506 3327 1670 3394 jussit
1714 3341 1835 3383 eum
1876 3343 1910 3384 a

326 3420 557 3475 termino
589 3417 871 3473 Parisiacae
902 3416 1052 3472 urbis
1086 3417 1319 3473 excludi.
1363 3417 1468 3474 Sed
1501 3419 1587 3473 hic
1607 3419 1803 3475 iterum
1829 3420 1911 3476 fa-

325 3520 410 3566 cta
434 3512 601 3565 altera
635 3525 816 3577 cruce,
848 3510 1011 3581 οωρὶι
1040 3526 1160 3582 quae
1190 3520 1429 3583 gesserat
1466 3526 1751 3580 exercere;
1784 3528 1912 3583 cap-

325 3614 515 3674 tusque
534 3604 601 3659 ab
623 3603 1027 3669 archidiacouo,
1060 3613 1114 3658 et
1142 3604 1346 3659 catenis
1371 3605 1603 3674 vinctus,
1627 3605 1808 3674 jussus
1828 3612 1913 3661 est

323 3696 603 3752 custodiri.
636 3696 728 3751 llis
756 3696 950 3752 diebus
980 3695 1586 3779 Parisios’advencram,
1629 3706 1685 3753 et
1720 3699 1789 3753 ad
1816 3699 1911 3755 ba-

320 3791 531 3845 silicam
578 3788 718 3846 beati
748 3790 948 3846 Juliaui
975 3792 1225 3861 martyris
1256 3788 1282 3828 δ
1334 3800 1588 3846 metatum
1620 3792 1907 3848 habebam.

320 3881 487 3938 Nocte
517 3882 677 3953 igitur
707 3882 1011 3954 insequenti
1041 3897 1333 3953 erumpens
1360 3886 1523 3939 miser
1571 3884 1671 3939 iste
1724 3886 1791 3940 de
1818 3900 1908 3941 cu-

320 3974 520 4039 stodia,
552 3989 671 4030 cum
704 3975 833 4045 ipsis
859 3975 1055 4046 quibus
1081 3985 1199 4031 erat
1231 3990 1397 4031 nexus
1423 3976 1631 4031 catenis
1660 3977 1726 4032 ad
1757 3986 1910 4035 ante-

321 4066 523 4122 dictam
573 4066 849 4123 basilicam
878 4067 1050 4122 sancti
1096 4066 1290 4122 Juliani
1319 4076 1572 4137 properat
1602 4086 1615 4121 :
1667 4071 1907 4140 atquein

319 4156 629 4224 pavimento
661 4157 714 4211 in
762 4156 879 4212 loco
927 4171 1034 4228 quo
1055 4171 1156 4227 ego
1188 4166 1328 4212 stare
1358 4172 1504 4212 eram
1535 4158 1743 4225 solitus,
1775 4161 1906 4231 ruit,

319 4264 382 4303 ac
411 4264 605 4318 sopore
656 4250 888 4320 vinoque
918 4264 1209 4320 Oppressus
1258 4250 1601 4305 obdormivit.
1635 4251 1742 4306 Nos
1778 4267 1906 4309 vero

318 4343 489 4415 ignari
514 4345 661 4413 facti,
690 4344 863 4401 media
893 4353 1173 4414 surgentes
1203 4351 1360 4400 nocte
1381 4346 1444 4399 ad
1476 4346 1776 4401 reddendas
1800 4346 1908 4401 Do-

318 4438 469 4491 mino
508 4437 730 4505 gratias,
787 4437 1090 4493 invenimus
1121 4451 1244 4492 eum
1273 4436 1627 4493 dormientem
1656 4456 1669 4491 :
1703 4440 1771 4494 de
1798 4455 1905 4511 quo

319 4540 497 4586 tantus
541 4532 699 4587 {teter
729 4531 835 4603 [Αι.
862 4532 1065 4604 paedor]
1091 4531 1504 4602 egrediebatur,
1556 4541 1615 4587 ut
1662 4536 1901 4589 omnium

2014 3313 2128 3368 veri
2163 3322 2209 3365 ε.
2240 3312 2333 3367 Ille
2375 3327 2502 3367 vero
2536 3311 2623 3365 ubi
2674 3326 2731 3366 se
2763 3320 3027 3366 remotum
3084 3312 3151 3367 de
3183 3314 3265 3368 his
3310 3313 3498 3378 sensit,
3532 3313 3605 3369 ad

2012 3404 2252 3459 civitates
2274 3404 2517 3473 superius
2540 3412 2865 3458 memoratas
2912 3412 3193 3473 properat;
3240 3404 3335 3459 sed
3390 3404 3518 3459 dum
3548 3405 3604 3461 in

2012 3500 2119 3555 illis
2150 3507 2606 3564 commoraretur,
2631 3497 2938 3552 mandatum
2969 3498 3196 3567 accepit,
3229 3507 3285 3551 ut
3310 3512 3369 3553 se
3394 3498 3464 3552 ab
3491 3499 3604 3553 eis-

2012 3593 2134 3648 dem
2160 3600 2479 3659 removeret,
2512 3599 2563 3646 et
2600 3590 2678 3644 sic
2700 3600 2919 3659 accepto
2948 3591 3078 3655 otio,
3110 3590 3177 3645 ad
3207 3591 3423 3646 domum
3451 3606 3603 3647 suam

2013 3700 2281 3754 reversus,
2306 3683 2495 3754 privati
2525 3683 2704 3749 operis
2755 3698 2936 3738 curam
2985 3684 3141 3753 gerit.
3178 3683 3445 3739 Vascones
3476 3699 3604 3741 vero

2012 3779 2081 3835 de
2118 3778 2388 3833 montibus
2432 3785 2841 3846 prorumpentes
2873 3772 2898 3810 ιι
2938 3773 2990 3828 in
3039 3776 3195 3844 plana
3245 3774 3599 3842 descendunt,

2014 3871 2219 3938 vineas,
2252 3883 2516 3939 agrosque
2557 3868 2976 3937 depopulantes,
3007 3866 3195 3921 domos
3218 3866 3489 3922 tradentes
3518 3868 3602 3922 in-

2012 3962 2224 4029 cendio,
2244 3961 2527 4017 nonnullos
2548 3959 2872 4016 abducentes
2888 3960 3126 4027 captivos
3147 3974 3269 4013 cum
3297 3959 3599 4029 pecoribus,

2013 4064 2197 4112 contra
2227 4068 2360 4125 quos
2382 4056 2579 4121 srepius
2606 4051 2991 4107 Austroualdus
3011 4050 3115 4105 dux
3140 4051 3401 4120 processit
3433 4048 3474 4119 ι,
3505 4054 3601 4109 sed

2013 4162 2227 4217 parvam
2254 4146 2514 4200 ultionem
2539 4145 2717 4213 exegit
2746 4142 2853 4216 [AL
2885 4142 3148 4213 exercuit]
3192 4144 3258 4198 ab
3284 4144 3384 4200 eis.
3416 4145 3602 4201 Gottbi

2010 4255 2140 4296 vero
2166 4247 2386 4309 prepter
2415 4234 2705 4307 superioris
2734 4234 2862 4290 anni
2883 4235 3328 4302 devastationem,
3359 4251 3516 4306 quam
3547 4237 3602 4293 in

2009 4333 2338 4405 Septimania
2386 4330 2527 4402 regis
2582 4329 2973 4384 Guntcbramni
3012 4329 3283 4385 exercitus
3330 4329 3485 4396 fecit,
3544 4332 3603 4385 in

2009 4429 2379 4483 Arelatensem
2441 4422 2778 4479 Provinciam
2836 4430 3216 4492 proruperunt,
3272 4432 3603 4492 egeruntque

2011 4521 2240 4593 praedas,
2280 4529 2336 4576 et
2362 4518 2604 4588 captivos
2642 4516 2983 4575 abduxerunt
3026 4531 3195 4587 usque
3218 4515 3286 4572 ad
3336 4516 3596 4574 decimum

318 4628 619 4683 cloacarum
642 4637 801 4697 atque
828 4640 1136 4683 secessuum
1170 4624 1393 4683 loetores
1437 4625 1600 4682 fauor
1627 4626 1718 4684 ille
1746 4626 1899 4684 devi-
1928 4624 1982 4687 D
2007 4627 2075 4683 ab
2091 4626 2222 4682 urbe
2250 4617 2775 4678 milliarium.Unum
2799 4617 2963 4675 etiam
2985 4625 3243 4686 castrum,
3273 4618 3544 4689 Ugernuai
3572 4629 3588 4671 ι

392 4807 417 4834 ι
457 4791 1033 4867 chm.,_ChiIdeber_ti.
1069 4791 1424 4867 Uterquerex
1458 4797 1582 4844 tunc
1603 4796 1739 4867 erat.

391 4868 419 4907 b
460 4859 663 4922 Devhac
686 4864 902 4919 basilica
926 4864 1047 4920 vide
1075 4878 1237 4932 supra
1268 4861 1360 4915 lib.
1388 4876 1473 4923 v1,
1507 4876 1625 4929 cap.
1661 4859 1747 4932 l7.

395 4951 416 4979 ο
458 4934 811 5005 Ubservandar
832 4936 1089 5005 majorum
1114 4928 1418 5005 nostrorum
1465 4928 1651 4999 religio
1684 4931 1735 4983 in
1770 4928 1892 5005 red-

320 5009 508 5063 dendis
543 5010 649 5064 Deo
679 4999 931 5062 laudibus
950 5006 1164 5072 debitis,
1214 5004 1367 5057 statis
1400 5003 1575 5067 horis,
1625 5009 1681 5055 ut
1731 4999 1892 5055 etiam

321 5083 553 5149 episeOpi
611 5086 767 5133 noctu
823 5078 888 5129 ad
921 5074 1362 5149 per-solvendum
1403 5074 1617 5149 solit_um
1650 5085 1893 5149 pensum

320 5141 618 5221 surgerent.
651 5151 876 5221 Sanctus
909 5141 1204 5221 Germanus
1247 5144 1420 5221 Paris.
1447 5143 1612 5221 episr.
1647 5142 1700 5196 in
1736 5141 1896 5197 itine-

321 5215 467 5281 ribus
512 5223 686 5291 capite
741 5219 883 5272 nudo
918 5260 931 5283 ,
980 5217 1078 5291 e_tsi
1133 5217 1223 5269 nix
1272 5215 1590 5291 aut_‘itnber.
1631 5221 1848 5291 urgeret
1877 5251 1892 5276 ,

322 5311 524 5350 rursum
575 5284 772 5363 dicebat
803 5330 817 5355 ,
873 5304 938 5363 ex
972 5289 1320 5363 fortunatoa
1358 5286 1513 5363 Plura
1560 5284 1636 5363 de
1680 5286 1784 5363 hac
1836 5298 1898 5339 re

321 5365 658 5424 Matillonius
687 5352 847 5419 habet
884 5361 937 5417 in
968 5358 1243 5431 Disquisit.
1292 5357 1358 5411 de
1378 5352 1548 5410 Cursu
1598 5353 1896 5421 Gallicano,

324 5440 351 5557 ἓ
383 5440 431 5546 ξ’
451 5510 610 5564 Varie
637 5506 775 5577 apud
818 5505 992 5559 varios
1028 5501 1281 5577 scribitur
1312 5497 1658 5577 litijus__east_ri
1680 5511 1898 5577 nomen.

324 5580 641 5647 Bigerrones
670 5566 905 5646 appellat
930 5578 1112 5647 Caesar
1136 5566 1733 5647 librottt‘lielliﬁallici.
1768 5567 1904 5647 U_rbs

323 5639 496 5719 gentis
527 5639 901 5719 caputT'urha,
932 5660 1025 5720 seu
1072 5644 1292 5720 Travia,
1319 5642 1442 5720 olim
1463 5640 1771 5720 dicebatur,
1803 5639 1906 5720 bo:

323 5709 414 5779 die
442 5709 648 5776 Τατοέε.
692 5721 748 5774 lu
794 5709 1061 5771 veteribus
1112 5713 1347 5782 Notitiis,
1377 5712 1553 5767 ciuitas
1595 5709 1785 5782 Turba,
1819 5709 1905 5769 ubi

324 5806 542 5848 castraut
578 5791 826 5861 Bigerra,
853 5789 1121 5861 decimum
1139 5786 1346 5861 obtinet
1378 5785 1553 5861 locum
1678 5781 1908 5861 Novem-

327 5852 665 5937 pepulaniaf
694 5852 933 5920 Aurelius
990 5858 1306 5928 subscripsit
1368 5856 1534 5914 Cone.
1594 5852 1796 5912 Matisc.
1833 5868 1906 5916 ιι.

2005 4800 2099 4894 an;
2128 4783 2347 4923 istim”
2380 4849 2707 4923 Qensurgent
2732 4844 3130 4923 pseudorhristi,
3172 4852 3301 4923 etc”
3332 4844 3593 4923 inducent.

2078 4924 2098 4964 τ
2132 4913 2346 4993 Regum,
2370 4913 2641 4993 Berirartle,
2670 4913 2822 4973 eam.
2850 4933 2920 4993 in.
2954 4924 3009 4970 et
3032 4915 3181 4983 Bec.,
3216 4913 3514 4993 Rerum-nte.
3546 4917 3601 4993 [η

2004 4984 2280 5053 veteribus
2308 4984 2515 5048 notitiis
2543 4992 2720 5044 locum
2760 4988 3050 5054 septimum
3078 4995 3301 5053 occupat
3354 4984 3494 5039 inter
3524 4986 3603 5041 ci-

2004 5070 2196 5123 vitates
2215 5061 2670 5131 Novempopulani
2685 5076 2742 5131 ξι.
2773 5058 2945 5112 Hodie
2979 5057 3238 5131 Benearni
3267 5056 3485 5111 nomine
3514 5072 3601 5113 re-

2002 5136 2149 5210 gioni
2170 5135 2382 5210 relicto,
2406 5125 2926 5210 vocatur-.Lascura,
2950 5125 3344 5210 vulgthescar.

2077 5218 2102 5256 Β
2136 5196 2376 5262 Comites
2405 5204 2457 5255 in
2486 5200 2708 5270 singulis
2738 5207 2892 5252 erant
2915 5196 3249 5263 civitatibus,
3278 5197 3445 5270 duces
3474 5211 3603 5253 vero

2007 5280 2248 5350 pluribus
2312 5268 2600 5347 praeerant.
2646 5271 2778 5327 Vide
2824 5282 2985 5339 supra
3027 5278 3184 5322 notas
3224 5269 3289 5322 ad
3336 5268 3427 5324 lib.
3482 5284 3599 5336 vm,

2007 5349 2413 5477 caIg'Vi'gscones
2443 5415 2496 5470 in
2542 5412 2813 5487 Pyrenaeis
2855 5409 3076 5487 Alpibus
3118 5409 3423 5465 habitantes
3480 5414 3601 5487 post

2009 5495 2188 5551 varias
2210 5490 2566 5551 incursiones,
2587 5481 2854 5540 inclinato
2902 5482 3228 5536 Francorum
3263 5487 3449 5552 regno,
3484 5481 3597 5536 No-

2010 5562 2475 5633 vempopulaniam
2488 5558 2721 5633 tandem
2738 5552 3065 5633 obtinuere,
3078 5570 3111 5633 _a
3153 5553 3347 5621 quibus
3376 5552 3601 5633 et‘Vas-

2008 5623 2162 5693 conia
2188 5623 2329 5688 dicta
2352 5638 2453 5686 est.
2488 5628 2622 5684 Vide
2662 5627 2988 5681 Alteserram
3036 5623 3171 5679 lib.t
3217 5639 3398 5681 rerum
3430 5626 3598 5695 Aqui-

2008 5717 2146 5773 tau.,
2169 5719 2287 5774 cap.
2320 5702 2408 5780 16-
2780 5767 2835 5780 ..,
2899 5768 2934 5780 ..
2975 5772 2987 5780 .
3346 5758 3349 5761 π

2087 5781 2106 5820 ί
2129 5767 2303 5850 Supra
2331 5778 2427 5834 lib.
2469 5789 2585 5841 Vlll,
2614 5767 2859 5850 θηρὶ-ᾆξ’),
2884 5768 3313 5850 dicitur-comes.

2088 5855 2101 5904 i
2131 5834 2347 5925 iteng
2378 5834 2854 5922 Rigernicmeide
2877 5855 3034 5913 supra
3067 5838 3160 5897 lib.
3202 5853 3328 5909 vni,
3353 5851 3472 5913 cap.
3507 5834 3597 5895 50.
