4096 6344
540 342 645 412 887

1543 347 1604 409 s.
1628 334 1973 410 'cchonu
2012 334 2321 406 EPlSCOl’I
2355 334 2789 403 runoustvsts

3723 340 3833 401 188

538 471 777 539 neruiue,
807 484 928 527 cum
958 468 1119 527 rebus
1140 467 1310 541 'atque
1343 466 1739 525 habitatoribus
1792 467 2119 532 desolantes,
2156 467 2201 528 Α
2231 460 2599 531 Rauchingum
2658 460 2837 530 jussit.
2881 457 2981 528 Qui
3021 472 3144 515 cum
3191 456 3465 523 adfuisset,
3506 440 3813 527 priusquam

535 562 684 618 nullo
703 563 987 619 resistente
1010 562 1236 633 regressi
1265 571 1406 616 sunt.

607 654 745 711 VIII.
781 655 1210 711 Guntchramuus
1236 670 1363 711 vero
1392 655 1529 711 Boso
1556 670 1680 711 cum
1708 669 1903 712 exosus
1924 654 2123 728 reginae

534 748 859 815 haberetur,
891 748 1055 819 coepit
1098 764 1193 818 per
1223 749 1506 821 episcopos
1535 764 1599 805 ac
1627 764 1879 821 proceres
1917 750 2125 805 discur-

536 855 680 909 rere,
711 838 877 911 626
906 847 960 895 et
1004 840 1215 895 veniam
1256 840 1456 897 misero
1505 841 1710 909 precari
1739 850 1763 877 ⁸
1788 855 1945 910 quam
1998 846 2124 895 ante

533 935 883 1003 despexerat.
912 932 1047 988 Nam
1074 949 1196 989 cum
1228 949 1319 990 rex
1344 934 1721 992 Cltildebertus
1750 943 1895 991 esset
1919 932 2122 1003 junior,

533 1028 929 1085 Brunichildem
962 1029 1199 1100 reginam
1223 1044 1365 1099 smpe
1389 1029 1647 1086 conviciis
1675 1038 1834 1099 atque
1856 1028 2124 1096 imprope-

529 1120 627 1177 riis
658 1122 960 1187 lacessibat,
988 1126 1083 1177 sed
1130 1130 1185 1177 et
1209 1121 1419 1192 injuriis
1444 1138 1562 1192 qua:
1590 1122 1637 1177 ei
1666 1122 1734 1176 ab
1757 1119 1997 1175 adversis
2041 1118 2123 1172 in-

531 1212 860 1278 ferebantur,
890 1211 1066 1268 fautor
1104 1216 1403 1271 exstiterat.
1438 1214 1543 1271 Sed
1565 1223 1619 1270 et
1641 1229 1734 1269 rex
1760 1213 1825 1267 ad
1859 1213 2123 1268 ulciscen-

531 1304 652 1358 dam
684 1305 935 1375 injuriam
961 1306 1239 1376 genitricis
1270 1349 1286 1371 ,
1313 1306 1471 1378 jussit
1514 1322 1635 1363 eum
1666 1307 1931 1377 persequi,
1964 1315 2125 1377 atque

531 1394 757 1451 interfici
791 1412 806 1452 :
841 1396 929 1453 ille
956 1412 1084 1453 vero
1123 1412 1243 1453 cum
1269 1414 1329 1453 se
1368 1408 1618 1453 cerneret
1667 1398 1898 1467 positum
1930 1397 1982 1452 in
2014 1397 2125 1451 dis-

529 1490 785 1558 crimine,
830 1488 1247 1546 Viridunensem
1283 1491 1563 1546 ecclesiam
1616 1490 1801 1561 petiit,
1836 1505 1930 1560 per
1981 1491 2123 1561 Age-

531 1582 701 1636 ricum
747 1597 965 1652 prorsus
1005 1583 1347 1653 episcopum,
1380 1582 1469 1652 qui
1510 1591 1627 1637 erat
1669 1582 1810 1650 regis
1856 1589 2008 1648 pater
2054 1596 2121 1635 ex

535 1674 770 1742 lavacro,
802 1674 1013 1729 veniam
1040 1676 1329 1746 impetrare
1359 1674 1656 1730 confidens.
1681 1675 1832 1729 Tunc
1879 1672 2119 1742 pontifex

535 1765 602 1822 ad
626 1781 805 1837 regem
831 1777 1107 1837 prOpcrat,
1140 1767 1566 1839 deprecaturque
1609 1782 1705 1837 pro
1751 1782 1816 1823 eo
1842 1785 1854 1819 :
1878 1768 1962 1822 eui
2004 1766 2118 1821 Rex

2228 571 2350 612 eum
2387 572 2485 613 rex
2515 572 2613 612 suo
2635 556 2892 627 jussisset
2927 564 3103 609 astare
3132 551 3474 622 conspectui,
3506 551 3640 605 datis
3672 553 3815 608 litte-

2225 649 2323 716 ris,
2356 658 2409 705 et
2436 649 2620 721 pueris
2646 648 2932 706 destinatis
2959 664 3081 704 cum
3111 646 3387 704 evectioue
3408 646 3617 716 publica
3641 645 3694 715 ά,
3722 646 3813 716 qui

2225 755 2314 798 res
2337 742 2453 811 ejus
2484 758 2579 812 per
2602 742 2718 798 loca
2741 742 2952 813 singula
2992 741 3251 797 deberent
3268 754 3483 810 capere,
3506 737 3667 808 jussit
3692 753 3815 793 eum

2227 836 2280 892 in
2310 836 2616 892 cubiculum
2664 836 2983 903 intromitti;
3028 835 3344 904 loculosque
3370 849 3493 890 cum
3518 848 3584 889 eo
3623 831 3725 887 alia
3752 847 3817 888 ex

2226 929 2367 995 aliis,
2396 932 2578 1000 egredi
2602 942 2797 986 iterum
2824 932 2889 987 de
2918 930 3165 987 cubiculo
3187 931 3359 999 jubet.
3384 928 3627 999 Cumque
3656 942 3815 998 egre-

2226 1022 2462 1087 deretur,
2504 1040 2533 1075 a
2565 1024 2775 1079 duobus
2798 1022 3036 1079 ostiariis
3067 1023 3291 1093 pedibus
3318 1022 3693 1093 apprehensus
3715 1021 3819 1077 ruit

2227 1113 2278 1170 in
2309 1115 2561 1184 gradibus
2582 1116 2704 1171 ostii
2730 1158 2745 1183 ,
2788 1117 2861 1171 ita
2902 1125 2961 1171 ut
2993 1132 3113 1186 pars
3141 1115 3387 1186 corporis
3416 1115 3533 1184 ejus
3558 1124 3709 1170 esset
3738 1115 3819 1168 in-

2229 1207 2511 1275 trinsecus,
2552 1222 2673 1276 pars
2704 1224 2830 1264 vero
2862 1210 3200 1265 extrinsecus
3224 1207 3630 1264 extenderetur.
3671 1206 3820 1262 Tunc

2227 1302 2262 1358 ii
2290 1305 2380 1373 qui
2404 1304 2541 1374 jussi
2573 1304 2640 1359 ad
2674 1305 2788 1359 lucc
2824 1304 3089 1375 explenda
3132 1305 3301 1374 parati
3338 1312 3511 1369 erant,
3545 1316 3673 1357 cum
3711 1300 3820 1372 gla-

2226 1396 2330 1453 diis
2372 1413 2533 1468 super
2578 1415 2699 1454 eum
2743 1410 2928 1465 ruunt,
2980 1410 3140 1468 atque
3189 1406 3259 1451 tta
3305 1395 3601 1451 minutatim
3659 1402 3821 1461 caput

2226 1491 2344 1561 ejus
2375 1492 2716 1559 colliserunt,
2750 1500 2808 1546 ut
2833 1491 3010 1546 simile
3040 1499 3206 1546 totum
3239 1489 3461 1545 cerebro
3495 1496 3816 1559 putaretur:

2226 1584 2512 1654 statimque
2548 1593 2793 1639 mortuus
2819 1593 2921 1639 est.
2970 1583 3119 1639 Tunc
3156 1582 3490 1649 denudatus,
3522 1589 3579 1637 et
3615 1595 3721 1651 per
3748 1580 3822 1635 fe-

2226 1686 2466 1734 nestram
2510 1677 2740 1748 ejectus,
2790 1678 3079 1748 sepultura:
3119 1678 3398 1732 mandatus
3424 1685 3527 1732 est.
3562 1675 3699 1731 Erat
3730 1687 3822 1728 au-

2229 1780 2339 1827 tem
2372 1772 2505 1828 levis
2534 1774 2587 1827 in
2616 1772 2879 1838 moribus,
2914 1773 3051 1827 ultra
3084 1771 3371 1826 humanum
3415 1784 3581 1840 genus
3612 1768 3825 1838 cupidi-

528 1871 649 1913 cum
676 1873 869 1928 negare
893 1861 1139 1928 nequiret
1161 1874 1283 1930 quas
1313 1860 1548 1929 petebat,
1580 1859 1689 1913 ait:
1721 1856 1912 1913 Veniat
1940 1872 2121 1912 coram
2156 1850 2204 1912 Β
2236 1865 2329 1919 tati
2352 1879 2415 1920 ac
2448 1864 2793 1921 facultatibus
2822 1864 3035 1920 inhians
3065 1864 3274 1929 alienis,
3297 1870 3352 1918 et
3372 1877 3436 1918 ex
3458 1861 3589 1932 ipsis
3614 1860 3825 1915 divitiis

529 1951 705 2019 nobis,
735 1962 787 2007 et
814 1950 954 2005 datis
1002 1949 1407 2020 fldejussoribus
1454 1950 1507 2005 in
1560 1950 1845 2020 praesentia
1889 1950 2061 2020 patrui
2089 1948 2116 1988 δ

531 2043 658 2109 mei,
702 2041 958 2112 quidquid
1004 2039 1145 2097 illius
1190 2043 1448 2112 judicium
1492 2043 1816 2109 decreverit,
1850 2058 2120 2113 exsequa-

533 2153 675 2194 mur.
700 2136 849 2192 Tunc
869 2137 1131 2193 adductus
1153 2136 1218 2193 ad
1266 2137 1443 2193 locum
1487 2137 1575 2193 ubi
1630 2152 1725 2194 rex
1782 2138 2120 2203 morabatur,

532 2230 763 2285 nudatus
787 2230 985 2296 armis,
1010 2243 1074 2285 ac
1107 2244 1205 2300 per
1244 2231 1486 2285 manicas
1530 2240 1725 2297 tentus,
1764 2230 1833 2284 ab
1867 2230 2121 2299 episcopo

528 2331 948 2393 repraesentetur
978 2323 1109 2393 regi.
1146 2322 1225 2377 Ad
1268 2306 1758 2393 cujus'provolntus
1788 2322 1972 2393 pedes,
1998 2323 2072 2377 ait
2101 2340 2115 2378 :

530 2414 755 2471 Peccavr
787 2416 879 2470 tibi
908 2429 971 2470 ac
1000 2414 1242 2486 genitrici
1278 2423 1401 2480 tum,
1429 2430 1535 2469 non
1564 2414 1865 2470 obediendo
1888 2428 2124 2483 prascepo

528 2506 761 2563 tionibus
790 2507 989 2566 vestris
1047 2507 1140 2562 sed
1169 2516 1377 2577 agendo
1405 2517 1590 2563 contra
1634 2508 1961 2562 voluntatem
1995 2522 2122 2562 ves-

531 2608 668 2653 tram
699 2607 859 2667 atque
890 2591 1172 2653 utilitatem
1224 2599 1525 2668 publicam;
1552 2614 1691 2655 nunc
1738 2609 1916 2655 autem
1962 2612 2117 2668 rogo,

532 2696 592 2741 ut
635 2688 955 2757 indulgeatis
996 2690 1150 2744 malis
1198 2689 1367 2758 meis,
1409 2706 1527 2759 qua:
1574 2699 1759 2745 contra
1817 2704 1911 2746 vos
1948 2690 2117 2759 gessi.

528 2775 645 2835 Rex
669 2788 846 2835 autem
871 2780 1030 2850 jussit
1071 2796 1193 2835 eum
1233 2781 1430 2837 elevari
1470 2798 1497 2836 a
1538 2791 1710 2849 terra,
1754 2791 1808 2837 et
1850 2782 2024 2851 posuit
2067 2782 2121 2837 in

528 2883 689 2926 manu
706 2871 963 2941 episcopi,
985 2870 1168 2927 dicens
1200 2890 1211 2924 :
1238 2872 1317 2927 Sit
1341 2886 1504 2942 penes
1526 2883 1599 2941 te,
1630 2879 1815 2927 sancte
1841 2871 2119 2940 sacerdos,

534 2962 709 3018 donec
740 2963 791 3018 in
838 2964 1184 3033 prresrntiam
1228 2964 1618 3021 Guntcbramni
1667 2964 1809 3035 regis
1851 2963 2117 3020 adveniat.

530 3054 597 3110 Et
615 3054 778 3124 jussit
806 3070 926 3110 eum
965 3055 1275 3113 discedere.‘

590 3146 683 3202 IX.
736 3147 982 3204 Posthaec
1012 3147 1356 3235 Rauchingus
1387 3148 1703 3219 conjunctus
1743 3164 1866 3205 cum
1927 3149 2124 3219 priori-

2224 1958 2384 2013 valde
2431 1959 2729 2028 superbus;
2786 1959 3047 2013 intantum
3079 1966 3136 2012 ut
3176 1956 3287 2026 jam
3318 1955 3371 2009 in
3422 1955 3539 2024 ipso
3569 1952 3824 2008 interitus

2224 2050 2306 2104 sui
2337 2058 2579 2119 tempore
2621 2049 3023 2104 Chlothacltarii
3054 2047 3195 2118 regis
3233 2046 3398 2101 filium
3439 2059 3501 2101 se
3531 2045 3817 2099 fateretur.

2226 2140 2453 2195 Multum
2486 2151 2665 2197 tamen
2688 2155 2809 2196 cum
2838 2156 2901 2197 eo
2931 2141 3051 2196 auri
3086 2147 3356 2211 repertum
3386 2144 3489 2194 est.
3521 2138 3639 2205 Quo
3664 2135 3826 2191 inter~

2228 2232 2391 2301 fecto,
2418 2235 2658 2304 protinus
2688 2249 2825 2288 unus
2853 2248 3138 2303 puerorum
3161 2232 3278 2303 ejus
3308 2245 3465 2287 cursu
3492 2229 3667 2285 veloci
3691 2242 3821 2284 evo-

2227 2324 2368 2391 laus,
2423 2325 2683 2379 nuntiavit
2736 2324 2945 2394 conjugi
2988 2324 3105 2391 ejus
3150 2338 3268 2393 qua:
3307 2331 3425 2377 acta
3470 2329 3645 2377 erant.
3698 2318 3827 2375 Ilmc

2230 2401 2513 2487 vero'per
2568 2417 2796 2487 plateam
2858 2413 3215 2472 Suessionica:
3264 2412 3496 2468 civitatis
3559 2420 3824 2480 compta,

2226 2507 2515 2577 grandibus
2554 2507 2883 2562 ornamentis
2926 2520 2988 2559 ac
3013 2519 3343 2575 gemmarum
3381 2502 3827 2561 oretiositatibus

2228 2609 2281 2656 et
2320 2600 2434 2653 auri
2466 2599 2670 2668 fulgore
2711 2599 2945 2665 obtecta,
2973 2610 3195 2652 ascenso
3220 2597 3381 2666 (.28
3401 2609 3561 2664 equo,
3606 2608 3826 2663 praeeeo

2228 2691 2475 2746 dentibus
2517 2695 2695 2760 pueris
2739 2694 2964 2761 aliisque
3007 2699 3355 2755 sequentibus
3386 2687 3697 2753 ferebatur;
3745 2694 3828 2741 at‘

2226 2799 2330 2854 que
2360 2784 2423 2837 ad
2457 2782 2734 2837 basilicam
2766 2782 2936 2836 sancti
2960 2779 3193 2849 Crispini
3222 2778 3654 2848 CriSpinianique
3690 2792 3827 2846 pro-

2228 2874 2470 2947 perabat,
2518 2873 2671 2943 quasi
2719 2881 3021 2942 spectatura
3056 2873 3242 2927 Missas
3274 2889 3288 2925 :
3320 2882 3434 2926 erat
3462 2870 3606 2925 enim
3635 2884 3709 2925 eo
3740 2870 3827 2928 die

2229 2968 2405 3039 passio
2444 2974 2738 3036 martyrum
2781 2965 3058 3019 beatorum
3075 2972 3121 3017 '.
3169 2964 3276 3019 Sed
3317 2963 3503 3021 videns
3544 2963 3819 3033 nuntium,

2230 3076 2324 3132 per
2344 3061 2501 3116 aliam
2549 3059 2777 3129 plateam
2816 3073 3059 3128 gressum
3100 3066 3443 3128 retorquens,
3475 3057 3740 3127 proiectis
3769 3059 3823 3114 in

2232 3164 2429 3209 terram
2463 3150 2813 3214 ornamentis,
2849 3148 2900 3204 in
2925 3150 3201 3205 basilicam
3240 3154 3415 3205 sancti
3443 3150 3689 3205 Medardi
3724 3166 3822 3205 an-

532 3240 628 3294 bus
677 3239 825 3311 regni
865 3238 1161 3295 Cblotharn
1200 3224 1297 3295 filii
1342 3241 1658 3311 Chilperici,
1702 3242 2018 3312 confingens
2060 3257 2121 3296 se
2150 3224 2198 3290 (ἶ
2231 3245 2409 3300 tistitis
2456 3243 2711 3313 confugit,
2757 3243 2827 3297 ibi
2875 3257 2935 3297 se
2985 3242 3145 3297 tutari
3195 3242 3519 3298 confessoris
3567 3241 3823 3311 ιιι-ωδὶᾱο

532 3332 685 3401 quasi
717 3339 1065 3387 tractaturum
1096 3333 1164 3387 de
1187 3346 1335 3400 pace,
1354 3342 1411 3386 ut
1440 3333 1578 3388 inter
1606 3334 1895 3388 terminum
1934 3332 2124 3386 utrius-

535 3436 642 3491 que
668 3423 815 3490 regni
840 3422 987 3476 nulla
1017 3424 1242 3478 intentio
1272 3432 1361 3477 aut
1385 3425 1615 3492 direptio
1650 3435 1961 3495 gereretur,
1993 3439 2126 3480 con-

533 3513 710 3568 silium
746 3512 1071 3581 habuerunt,
1117 3525 1173 3570 ut
1218 3516 1421 3572 scilicet
1462 3519 1741 3573 interfecto
1777 3518 2125 3573 Childeberto

533 3617 682 3673 rege,
719 3603 1062 3674 Rauchiugus
1091 3619 1210 3659 cum
1239 3606 1619 3662 'l'heodoberto
1661 3608 1877 3663 seniore
1907 3609 2026 3677 ejus
2059 3607 2123 3661 fi-

533 3693 604 3750 lio
644 3709 866 3764 regnum
896 3695 1203 3765 Campania:
1244 3705 1492 3764 teneret;
1538 3697 1695 3753 Ursio
1726 3712 1854 3754 vero
1892 3714 1955 3754 ac
1994 3700 2127 3754 Ber-

537 3788 814 3844 tltefredus
850 3798 898 3856 ε,
921 3788 1135 3859 juniore
1165 3789 1277 3845 Illio
1306 3805 1478 3859 nuper
1506 3790 1719 3862 genito,
1748 3794 1836 3862 qui
1871 3792 2124 3848 Theodo-

534 3883 679 3939 ricus
734 3883 1235 3954 cognominabatur,
1286 3884 1352 3938 ad
1399 3900 1459 3939 se
1490 3894 1773 3954 suscepto,
1808 3895 1863 3941 et
1901 3886 2125 3942 excluso
2156 3926 2165 3941 .

533 3977 942 4033 Guntchramno
988 3993 1135 4049 rege,
1167 3979 1433 4048 reliquum
1464 3979 1615 4051 regni
1647 3988 1914 4036 tenerent.
1958 3981 2124 4037 Multa

533 4072 695 4147 etiam
716 4080 896 4126 contra
922 4071 1321 4128 Brunichildem
1350 4072 1588 4145 reginam
1613 4072 1772 4145 427
1806 4076 2123 4142 frementes,

535 4173 591 4217 ut
617 4176 736 4217 earn
772 4163 823 4216 in
846 4164 1227 4218 contumeliam
1257 4165 1584 4235 redigerent,
1617 4166 1755 4221 sicut
1797 4168 1947 4238 prius
1978 4166 2125 4222 fece-

535 4264 657 4309 rant
682 4254 734 4309 iu
766 4254 1025 4311 viduitate
1052 4271 1169 4311 sua.
1208 4256 1552 4327 Rauchiugus
1583 4274 1711 4330 ergo
1754 4275 1965 4315 summa
2008 4259 2123 4315 cla-

537 4355 623 4400 tus
651 4348 909 4416 potentia.
940 4356 994 4402 ct
1024 4355 1082 4401 ut
1112 4349 1181 4403 ita
1212 4348 1385 4404 dicam
1411 4390 1425 4415 ,
1455 4351 1521 4404 ad
1553 4351 1718 4420 ipsius
1748 4354 1941 4423 regalis
1970 4368 2125 4422 scep-

538 4447 606 4494 trt
645 4453 704 4493 se
738 4439 946 4507 jactans
971 4440 1198 4509 gloriam
1235 4441 1514 4510 pervenire
1538 4482 1553 4507 ,
1608 4443 1708 4497 iter
1748 4452 2013 4514 praeparat
2058 4444 2126 4499 ad

533 4534 937 4591 Cltildebertum
984 4551 1164 4605 regem
1204 4536 1512 4601 accedendi,
1558 4547 1613 4591 ut
1654 4538 1935 4592 consilium
1978 4538 2120 4609 quod

2230 3347 2441 3407 putans.
2474 3338 2630 3392 Pueri
2660 3350 2787 3392 vero
2814 3335 2902 3405 qui
2928 3335 3078 3391 missi
3106 3350 3135 3389 a
3159 3350 3287 3405 rege
3311 3334 3522 3389 fuerant
3550 3335 3616 3388 ad
3640 3334 3823 3406 requi-

2229 3429 2424 3484 rendas
2455 3443 2541 3485 res
2570 3428 2719 3499 ejus,
2755 3437 2894 3483 tanta
2918 3423 2993 3481 ‘in
3027 3424 3293 3482 thesauris
3336 3426 3483 3481 illius
3513 3428 3820 3497 reperiunt,

2229 3533 2424 3593 quanta
2457 3537 2555 3577 nec
2578 3522 2629 3576 iu
2672 3523 2788 3591 ipso
2822 3518 2995 3574 aerarii
3048 3518 3244 3587 publici
3277 3531 3488 3588 regesto
3520 3514 3819 3588 poteraat'

2230 3614 2478 3680 inveniri,
2520 3613 2660 3683 quod
2706 3622 2875 3667 totum
2922 3609 3063 3679 regis
3099 3610 3477 3679 conspectibus
3524 3619 3820 3679 praesenta-

2230 3718 2374 3764 runt.
2407 3708 2538 3762 Nam
2568 3722 2634 3763 eo
2660 3706 2767 3768 die,
2801 3718 2907 3773 quo
2932 3703 3016 3757 hic
3040 3702 3346 3757 interfectus
3374 3712 3477 3770 est,
3506 3710 3665 3759 erant
3695 3715 3818 3758 cum

2229 3815 2353 3869 rege
2379 3798 2526 3853 multi
2560 3797 2893 3852 Turonorum
2914 3774 3081 3864 atque
3114 3794 3475 3859 Pictavorutu,
3524 3792 3591 3848 de
3618 3794 3817 3863 quibus

2231 3891 2337 3947 tale
2367 3890 2467 3945 fuit
2497 3889 2782 3945 consilium
2809 3928 2824 3954 ,
2873 3895 2929 3940 ut
2957 3886 3002 3940 si
3044 3883 3241 3939 malum
3285 3884 3385 3939 hoc
3416 3884 3679 3953 perficere
3727 3898 3819 3952 po-

2232 3984 2481 4045 tuissent,
2515 3980 2599 4035 his
2629 3979 2855 4035 subditis
2882 3977 3167 4046 supplicio,
3207 3975 3448 4031 dicerent
3472 3977 3594 4045 quia
3618 3991 3691 4031 ex
3724 3991 3819 4032 vo-

2230 4074 2310 4129 bis
2351 4073 2449 4128 fuit
2477 4073 2567 4142 qui
2599 4086 2778 4141 regem
2824 4078 3067 4124 nostrum
3099 4068 3391 4135 interemit,
3426 4068 3611 4139 eisque
3638 4069 3817 4125 diver-

2230 4166 2305 4221 sis
2331 4164 2607 4235 suppliciis
2639 4159 2947 4225 trucidatis,
2978 4161 3181 4215 ultores
3206 4174 3265 4214 se
3291 4160 3479 4214 mortis
3508 4158 3671 4230 regia:
3701 4174 3817 4216 esse

2224 4259 2512 4328 jactarent.
2570 4255 2679 4311 Sed
2739 4254 2884 4308 Deus
2928 4253 3267 4322 omnipotens
3312 4251 3535 4307 consilia
3586 4266 3813 4318 eorum,

2231 4354 2353 4422 quia
2386 4351 2565 4421 iniqua
2587 4358 2762 4416 erant,
2803 4346 3105 4416 dissipavit,
3138 4346 3485 4416 implevitque
3514 4344 3645 4401 illud
3674 4344 3815 4416 quod

2230 4448 2484 4513 scriptum
2516 4453 2599 4496 est
2626 4458 2637 4493 :
2666 4440 2795 4504 Quia
2826 4439 3022 4508 foveam
3051 4453 3205 4507 quam
3249 4437 3402 4506 fratri
3450 4438 3656 4507 parabis
3676 4478 3692 4500 ,
3739 4438 3815 4491 in-

2229 4534 2365 4588 cides
2390 4534 2439 4586 iu
2471 4548 2582 4586 eam
2621 4528 2809 4602 (Eccli.
2841 4543 3005 4607 xxvii,
3036 4527 3149 4597 29).
3180 4527 3237 4583 In
3268 4528 3442 4584 locum
3466 4536 3643 4584 tamen
3670 4527 3813 4583 Rau-

542 4628 735 4685 inierat
762 4636 945 4696 posset
971 4627 1215 4696 explere.
1250 4628 1355 4683 Sed
1385 4628 1559 4696 pietas
1588 4627 1799 4682 Domini
1828 4629 1941 4683 haec
1966 4630 2127 4685 verba
2158 4612 2209 4676 Ι)
2234 4625 2411 4695 ehingi
2456 4620 2841 4692 Magnoualdus
2884 4617 3135 4688 dirigitur
3163 4620 3292 4681 dux.
3336 4619 3453 4675 Jam
3484 4621 3627 4675 enim
3659 4618 3814 4676 Ursio

538 4726 591 4779 in
615 4739 772 4778 aures
804 4722 1194 4777 Guntchramni
1225 4721 1368 4793 regis
1394 4721 1538 4791 prius
1570 4722 1843 4790 imposuit.
1872 4722 1971 4791 Qui
2004 4726 2132 4781 mis-

537 4819 610 4875 sis
633 4817 834 4873 nuntiis
862 4816 997 4871 clam
1044 4815 1109 4871 ad
1152 4815 1557 4871 Childebertum
1601 4830 1813 4887 regem,
1861 4833 2052 4874 omnes
2082 4819 2129 4874 ei

537 4912 845 4967 molitiones
876 4910 973 4965 has
1004 4908 1055 4965 in
1100 4909 1339 4973 notitiam
1369 4909 1567 4978 posuit,
1613 4891 1841 4965 dicens}
1875 4909 2129 4964 Accelera

536 5004 823 5069 velociter,
876 5012 933 5058 ut
969 5003 1244 5058 videamur
1280 5017 1310 5057 a
1354 5001 1539 5069 nobis;
1598 5010 1725 5057 sunt
1763 5002 1904 5056 enim
1947 5016 2123 5057 causa:

537 5112 653 5167 qua:
684 5097 767 5168 agi
801 5095 1055 5152 debeant.
1099 5095 1168 5150 At
1196 5094 1284 5149 ille
1308 5094 1594 5164 diligenter
1621 5092 1894 5162 inquirens
1921 5108 2039 5164 qua:
2072 5093 2121 5149 ei

538 5191 778 5245 nuntiata
813 5190 1047 5255 fuerant,
1082 5201 1315 5257 veraque
1347 5202 1468 5243 esse
1494 5200 1844 5258 cognoscens,
1872 5184 2124 5241 arcessiri

609 5333 632 5361 ⁸
658 5324 749 5381 Sic
776 5324 970 5380 habent
1000 5323 1185 5392 scripti
1211 5331 1265 5378 et
1286 5321 1434 5377 editi.
1466 5320 1771 5389 Legendum
1798 5330 1978 5378 tamen
2002 5335 2125 5378 esse

538 5394 775 5461 videtur,
800 5398 1001 5450 veniam
1027 5396 1180 5449 miser
1205 5395 1266 5447 ab
1290 5410 1349 5448 ea
1382 5395 1601 5460 precari,
1646 5408 1762 5456 seu,
1794 5394 1992 5446 veniam
2027 5409 2121 5459 pro

538 5468 733 5548 ιιιὶιριό⁵
750 5468 950 5535 precari
974 5467 1037 5520 ab
1073 5483 1132 5521 ea
1160 5481 1335 5536 quant,
1358 5472 1451 5519 aut
1489 5464 1702 5530 saltem,
1730 5466 1929 5539 veniant
1972 5463 2125 5515 miser

535 5552 732 5607 precari
762 5553 934 5602 quam.

611 5606 635 5644 ³·
670 5606 830 5661 Frelt.
864 5608 960 5670 al.,
986 5607 1210 5673 patriai;
1241 5607 1334 5662 sed
1366 5621 1626 5675 nusquam
1658 5605 1755 5659 hac
1795 5617 1927 5657 voce
1957 5602 2126 5657 utitur

538 5678 827 5746 Gregorius
857 5678 923 5732 ad
954 5677 1338 5747 designandum
1363 5686 1726 5746 suseeptorcm
1742 5692 1806 5731 ex
1830 5675 2117 5745 baptismo.

612 5762 633 5818 ς
668 5749 824 5803 Coll).
853 5765 929 5812 a.,
966 5746 1297 5818 Bertfredus;
1330 5759 1383 5802 et
1412 5750 1489 5802 sic
1514 5749 1672 5802 infra.

606 5817 633 5859 ά
661 5821 735 5877 De
764 5823 844 5878 his
876 5822 1100 5889 Bignon.
1129 5819 1193 5871 ad
1253 5818 1499 5889 form,“
1559 5819 1648 5872 lib.
1701 5834 1717 5872 ι
1762 5818 2016 5881 Marcmli,
2068 5825 2122 5872 et

538 5892 810 5958 Mtescrra
825 5896 880 5957 iu
906 5887 1045 5953 hunc
1063 5890 1268 5963 locutu;
1292 5889 1386 5947 sed
1416 5887 1584 5947 fusius
1598 5894 1693 5963 an
1734 5899 1842 5953 cius
1861 5898 1923 5952 n-t
1958 5898 2060 5964 Iug.
2087 5894 2119 5949 5

2235 4728 2395 4787 atque
2428 4712 2807 4769 Bertltefredus
2834 4712 2967 4765 certi
3011 4711 3153 4781 quod
3193 4711 3537 4783 Rauchingus
3564 4728 3684 4781 quae
3706 4712 3812 4767 col-

2234 4810 2395 4865 locuti
2430 4807 2671 4867 fuerant,
2700 4810 2882 4871 posset
2909 4802 3126 4870 explere
3148 4843 3163 4868 ,
3194 4802 3423 4858 collecto
3453 4805 3695 4857 exercitu
3726 4817 3812 4857 ve-

2238 4901 2475 4955 niebant.
2512 4895 2615 4950 Sed
2648 4894 2930 4948 audientes
2960 4893 3102 4963 quod
3144 4894 3348 4949 scilicet
3378 4896 3471 4951 tali
3508 4894 3700 4950 fuisset
3736 4895 3810 4949 af-

2231 4993 2399 5049 fectus
2448 4990 2697 5055 interitu,
2757 4986 2979 5041 adaucta
3028 4985 3201 5040 adhuc
3238 5002 3419 5041 secum
3470 4986 3811 5042 multitudine

2230 5085 2529 5151 hominum,
2586 5094 2707 5151 qua:
2757 5078 2824 5133 ad
2859 5092 2955 5133 eos
3012 5078 3284 5148 pertinere
3324 5079 3641 5145 videbatur,
3677 5077 3810 5133 infra

2231 5187 2463 5234 castrum
2504 5169 3045 5240 Vabrensesgquod
3104 5168 3247 5225 villa:
3307 5168 3547 5226 Ursionis
3597 5170 3809 5241 propin-

2232 5314 2301 5370 de
2328 5326 2487 5368 cursu
2516 5306 2753 5379 publico,
2781 5304 2875 5379 lib.
2903 5303 3135 5379 x_tt_(_}od.

2305 5394 2329 5423 ε
2359 5374 2788 5451 Celeb'raturvttl
2838 5376 2957 5429 Kal.
2981 5374 3240 5451 Novemb.
3274 5375 3472 5451 Horum
3512 5383 3807 5451 martyrum

2231 5456 2477 5511 memoria
2500 5449 2691 5521 insigni
2716 5456 3014 5521 ornamento
3042 5447 3429 5521 decorata___fult
3452 5463 3494 5521 a7
3512 5448 3670 5503 beato
3704 5446 3806 5521 Eli-

2230 5529 2336 5596 gio,
2364 5534 2425 5578 ut
2453 5516 2620 5596 tradit
2660 5519 2715 5573 S.
2759 5517 3048 5596 {indoctius
3075 5517 3165 5571 lib.
3197 5532 3236 5571 ll
3282 5517 3414 5596 Vita:
3449 5520 3567 5588 ejus
3613 5516 3804 5596 caui.

2230 5585 2523 5663 flauchingi
2554 5605 2688 5644 uxor
2715 5589 2860 5657 prius
2886 5585 3094 5641 Godino
3128 5597 3286 5657 nupta
3313 5585 3504 5656 fuerat,
3538 5606 3603 5645 ex
3632 5590 3723 5644 lib.
3755 5604 3803 5655 v,

2231 5682 2474 5801 “9.15311,
2499 5738 2800 5805 potuerant;
2830 5728 3039 5805 Casiu.,
3062 5731 3173 5801 ipso
3211 5734 3395 5786 wrario
3436 5733 3637 5802 publica
3678 5728 3803 5799 regis

2228 5820 2366 5870 tanta
2382 5803 2600 5879 poterint
2623 5803 2862 5879 inveniri.

2300 5893 2325 5933 ε
2349 5873 2591 5941 Castrum
2621 5874 2761 5936 istud
2784 5889 2924 5948 pago
2947 5889 3139 5935 nomen
3174 5873 3395 5935 dederat
3423 5873 3626 5949 blosaut
3670 5873 3802 5935 inter
