4096 6344
313 312 419 368 489

1275 306 1595 375 HISTORIA
1635 299 2090 371 FRANCORUM.
2134 300 2339 372 LIBER
2375 315 2619 373 NONUS.

3471 325 3579 378 490

311 442 477 499 quum
500 437 634 496 erat,
670 444 793 488 cum
836 430 997 491 rebus
1027 436 1278 494 omnibus
1311 450 1369 494 se
1397 436 1646 493 muniunt
1681 430 1883 490 conscii
1909 430 1968 492 Δ
1991 440 2170 486 motus
2193 447 2289 488 rex
2315 433 2481 504 530
2502 433 2707 488 diceret
2732 450 2743 485 :
2773 431 2831 488 Si
2856 432 3143 505 episcopus
3172 437 3367 494 exinde
3395 442 3581 508 egredi

312 526 522 581 consilii
551 530 654 595 sui,
687 537 979 587 tractantes
1004 541 1064 587 ut
1093 532 1139 588 si
1169 548 1263 589 rex
1292 532 1669 589 Cbildcbertus
1692 531 1896 603 aliquid

310 630 501 675 contra
532 634 628 676 eos
667 636 827 692 agere
854 634 1141 693 voluisset,
1170 626 1370 683 virtute
1403 640 1463 681 se
1503 626 1572 681 ab
1597 626 1713 696 ejus
1743 640 1895 681 exer-

315 715 424 769 citu
445 714 804 772 defensarent.
850 719 1020 786 Caput
1050 720 1194 775 enim
1236 720 1426 776 borum
1449 728 1503 775 et
1528 733 1689 775 causa
1722 717 1893 774 malo-

314 821 434 861 rum
473 805 626 862 Ursio
670 817 803 864 erat.
858 810 965 868 Sed
1017 812 1377 867 Brunicbildis
1423 811 1604 881 regina
1646 811 1894 866 mandata

310 898 459 955 misit
504 899 887 967 Bertbefredo,
932 903 1155 960 dicens:
1189 906 1441 976 Disjunge
1483 915 1534 960 te
1573 904 1640 960 ab
1678 903 1895 960 homine

310 991 526 1048 inimico
540 1002 589 1058 ιι,
617 1002 671 1049 et
697 994 921 1051 habebis
948 996 1112 1051 vitam
1138 1013 1153 1052 :
1185 996 1422 1068 alioquin
1443 1011 1566 1052 cum
1596 996 1788 1052 eodem
1812 995 1896 1051 in-

310 1084 521 1140 teribis.
557 1084 744 1140 Filiam
771 1088 916 1143 enim
948 1088 1066 1160 ejus
1093 1105 1158 1146 ex
1184 1090 1402 1147 lavacro
1425 1092 1609 1161 regina
1634 1103 1893 1158 suscepe-

310 1185 421 1244 rat,
470 1185 524 1233 et
546 1178 617 1235 ob
654 1177 757 1235 hoc
801 1172 992 1253 $29
1018 1183 1440 1240 misericordiam
1488 1183 1557 1240 de
1590 1198 1657 1240 eo
1698 1183 1894 1240 habere

307 1270 504 1325 voluit.
536 1272 637 1341 Qui
666 1274 743 1327 ait
774 1291 789 1328 :
815 1274 925 1330 Nisi
954 1284 1127 1333 morte
1152 1278 1377 1335 divellar
1399 1277 1574 1345 abeo,
1616 1292 1893 1349 nunquam

304 1376 339 1417 a
361 1377 447 1417 me
476 1364 809 1435 relinquetur
824 1364 875 1421 ι).

381 1473 447 1531 Χ,
481 1475 616 1532 Dum
645 1476 761 1534 haec
784 1489 1091 1550 agerentur,
1124 1485 1320 1540 iterum
1349 1484 1496 1540 misit
1525 1484 1885 1541 Guntchram-

304 1582 408 1625 nus
433 1583 529 1625 rex
578 1571 646 1627 ad
682 1584 932 1643 nepotem
980 1589 1138 1631 suum
1179 1573 1619 1643 Cbildebertum,
1667 1577 1889 1632 dicens:

305 1655 470 1716 Horae
509 1675 698 1718 omnes
743 1664 1143 1733 abscedant,et
1174 1668 1293 1723 veni
1336 1678 1395 1723 ut
1438 1678 1491 1725 te
1532 1668 1763 1725 videam.
1796 1668 1894 1724 Est

303 1752 451 1807 enim
475 1762 637 1809 certae
662 1757 997 1813 necessitatis
1032 1772 1190 1813 causa
1209 1800 1223 1825 ,
1252 1767 1357 1813 tam
1401 1775 1498 1828 pro
1527 1763 1650 1813 vitae
1689 1767 1889 1814 nostra:

302 1845 619 1914 commodo,
651 1860 809 1916 quam
840 1863 938 1918 pro
968 1847 1283 1905 utilitatibus
1309 1850 1568 1920 publicis,
1610 1858 1666 1905 ut
1707 1850 1888 1905 videa-

304 1950 427 1990 mur
450 1950 481 1989 a
512 1935 687 1993 nobis.
721 1937 847 1993 Haec
872 1937 963 1996 ille
980 1939 1239 2007 audiens,
1270 1950 1542 2011 assumpta
1573 1949 1743 1996 matre
1765 1957 1886 1997 cum

268 2052 271 2055 λ
304 2040 491 2082 sorore
518 2036 573 2083 et
613 2028 870 2100 conjuge,
918 2030 985 2085 ad
1025 2046 1310 2087 occursum
1358 2032 1533 2102 patrui
1573 2032 1809 2089 destinat
1839 2043 1883 2089 ο.

306 2118 488 2175 Adfuit
536 2132 715 2177 autem
763 2129 821 2176 et
863 2123 1199 2193 Magnericus
1254 2125 1537 2194 episcopus
1582 2123 1890 2180 Trevericte

306 2211 474 2268 urbis.
492 2212 649 2268 Venit
674 2213 836 2269 etiam
867 2213 1311 2271 Guntchramnus
1340 2216 1675 2284 Boso,quem
1706 2215 1890 2286 Ageri-

306 2318 403 2361 cus
436 2304 804 2362 Viridunensis
831 2309 1117 2379 episc0pus
1154 2324 1248 2366 sua
1290 2310 1343 2364 in
1388 2309 1491 2365 ﬁde
1536 2320 1887 2379 susceperat;

306 2393 402 2451 sed
428 2396 661 2466 pontifex
691 2398 781 2455 ille
802 2439 819 2469 ,
848 2399 939 2469 qui
963 2415 1060 2470 pro
1088 2415 1153 2456 eo
1189 2401 1345 2456 fidem
1375 2400 1607 2468 fecerat,
1641 2417 1749 2457 non
1788 2402 1888 2456 ad-

306 2486 439 2554 fuit,
487 2489 611 2560 quia
651 2501 978 2547 convenerat
1022 2500 1082 2548 ut
1128 2494 1329 2564 absque
1374 2492 1533 2548 ullius
1575 2491 1891 2549 defensione

306 2582 417 2652 regi
449 2593 881 2649 prmsentaretur,
903 2584 1104 2641 scilicet
1133 2592 1192 2639 ut
1220 2585 1266 2639 si
1297 2586 1412 2656 ipse
1431 2585 1747 2641 decerneret
1766 2599 1889 2641 eum

305 2671 445 2726 mori
474 2672 700 2739 debere,
741 2691 844 2730 non
883 2686 1233 2734 excusaretur
1262 2693 1291 2732 a
1321 2678 1633 2746 sacerdote;
1667 2678 1749 2735 sin
1796 2694 1892 2734 au-

305 2770 419 2818 tem
449 2763 543 2820 ille
572 2767 733 2821 vitam
762 2769 1107 2837 concederet,
1140 2771 1279 2827 liber
1308 2771 1500 2827 abiret.
1529 2771 1636 2828 Sed
1666 2770 1891 2841 conjun-

307 2854 409 2910 ctis
454 2857 703 2925 regibus,
750 2873 845 2927 pro
895 2859 1125 2917 diversis
1173 2861 1520 2918 facilitatibus
1550 2862 1577 2901 ά
1609 2861 1892 2932 culpabilis

308 2944 608 3016 judicatus,
642 2948 851 3020 jussum
898 2962 981 3007 est
1028 2960 1083 3006 ut
1136 2952 1541 3009 interﬁceretur.
1575 2953 1729 3021 Quod
1769 2968 1891 3008 cum

310 3039 401 3096 ille
430 3043 815 3112 comperisset,
859 3044 923 3098 ad
958 3043 1292 3101 mansionem
1339 3044 1624 3116 Magnerici
1654 3045 1891 3115 episcopi

309 3134 631 3198 convolavit,
659 3145 713 3189 et
744 3136 938 3191 clausis
968 3136 1121 3190 ostiis
1141 3176 1155 3201 ,
1180 3137 1473 3207 segregatis
1497 3136 1564 3190 ab
1594 3152 1659 3193 eo
1680 3137 1892 3192 clericis

311 3239 376 3280 ac
403 3226 633 3293 famulis,
654 3228 756 3281 ait:
781 3227 900 3282 Scio
920 3237 992 3293 te,
1014 3228 1320 3284 beatissime
1340 3227 1616 3294 sacerdos,
1642 3242 1893 3298 magnum

311 3334 432 3375 cum
460 3321 676 3391 regibus
702 3321 957 3377 honorem
991 3321 1209 3388 habere,
1233 3330 1288 3376 et
1309 3336 1451 3377 nunc
1472 3321 1540 3377 ad
1563 3329 1617 3378 te
1642 3322 1895 3391 confugio

313 3420 373 3466 ut
404 3414 648 3467 evadam.
686 3413 824 3468 Ecce
856 3426 1199 3483 percussores
1234 3411 1302 3467 ad
1344 3412 1542 3468 ostium
1569 3429 1584 3467 :
1617 3413 1758 3469 unde
1784 3426 1897 3467 ma-

312 3502 509 3560 nifeste
545 3505 713 3571 scias,
743 3505 885 3575 quod
910 3504 955 3559 si
981 3522 1007 3558 a
1040 3519 1101 3560 se
1130 3519 1235 3560 non
1275 3520 1459 3574 eruur,
1492 3505 1777 3561 interfecto
1807 3513 1894 3572 te,

313 3595 561 3666 egrediar
590 3595 758 3662 foras,
786 3604 839 3649 et
861 3598 1079 3650 moriar.
1110 3595 1548 3652 Manifestissime
1569 3595 1711 3651 enim
1734 3610 1895 3653 nove-

315 3687 412 3753 ris,
444 3687 567 3756 quia
596 3695 685 3740 aut
716 3702 863 3741 mors
888 3703 990 3742 una
1024 3701 1120 3743 nos
1147 3696 1406 3756 occupat,
1437 3698 1526 3742 aut
1549 3703 1646 3758 par
1675 3688 1777 3743 vita
1801 3688 1896 3743 de-

310 3776 512 3835 fensat.
538 3780 582 3836 0
602 3789 789 3836 sancte
815 3780 1088 3846 sacerdos,
1121 3780 1236 3836 scio
1264 3780 1405 3835 enim
1434 3789 1485 3835 te
1513 3790 1716 3849 patrem
1743 3795 1894 3836 com-

314 3886 534 3926 munem
581 3888 701 3927 cum
748 3888 873 3941 rege
916 3886 1037 3928 esse
1066 3872 1177 3928 ﬁlio
1205 3870 1354 3943 ejus,
1386 3881 1443 3928 et
1487 3872 1609 3928 novi
1648 3873 1897 3943 quoniam

315 3979 645 4035 quaecunque
683 3967 904 4035 petieris
948 3966 1015 4021 ab
1058 3980 1157 4033 eo,
1202 3965 1509 4032 obtinebis;
1557 3980 1659 4022 nec
1699 3981 1896 4037 negare

315 4057 535 4113 omnino
565 4057 759 4129 poterit
787 4058 1056 4114 sanctitati
1080 4066 1183 4114 tua:
1205 4071 1537 4129 quaecunque
1565 4058 1895 4128 poposceris.

317 4146 555 4219 Ideoque
581 4159 673 4204 aut
703 4150 932 4220 impetra
961 4150 1202 4215 veniam,
1242 4159 1333 4205 aut
1378 4150 1673 4205 moriamur
1715 4150 1897 4207 simul.

316 4239 447 4296 Haec
476 4248 653 4295 autem
694 4242 977 4311 evaginato
1027 4240 1204 4295 aiebat
1252 4240 1451 4309 gladio.
1493 4240 1760 4296 Turbatus
1797 4241 1900 4296 hoc

317 4330 603 4400 cpiscopus
630 4331 837 4397 audito,
872 4331 944 4385 ait
974 4349 985 4382 :
1022 4331 1088 4386 Et
1109 4330 1233 4401 quid
1262 4331 1471 4399 faciam,
1502 4332 1550 4388 si
1576 4331 1662 4389 bic
1687 4349 1717 4388 a
1748 4343 1800 4391 te
1826 4344 1904 4389 te-

316 4422 487 4477 neor?
510 4421 719 4477 dimitte
741 4437 849 4490 me,
877 4431 935 4480 ut
963 4438 1080 4478 eam
1105 4432 1160 4478 et
1185 4422 1447 4494 deprecer
1476 4425 1901 4482 misericordiam

319 4517 494 4587 regis,
520 4526 577 4573 et
614 4516 856 4573 fortassis
902 4516 1246 4574 miserebitur
1288 4518 1385 4572 tui.
1418 4516 1486 4573 Et
1527 4518 1618 4575 ille
1651 4518 1902 4591 :Nequa-

1998 521 2262 591 noluerit,
2309 525 2508 591 pariter
2550 539 2674 579 cum
2715 524 2806 579 illo
2840 534 3065 582 auctore
3110 530 3344 597 perﬁdia:
3374 542 3579 601 pereat.

1998 614 2125 670 Haec
2151 614 2377 671 audiens
2414 619 2730 687 episcopus,
2774 617 2971 675 direxit
3001 621 3220 677 nuntios
3264 624 3331 679 ad
3375 641 3579 694 regem.

1998 708 2098 776 Qui
2127 722 2249 763 cum
2280 708 2384 764 ista
2431 719 2783 779 narrassent,
2828 711 2907 767 ait
2953 727 3049 768 rex
3095 712 3578 774 Guntcbramnus:

1996 802 2202 873 lnjicite
2230 804 2406 873 ignem
2437 803 2489 858 in
2516 803 2753 869 domum,
2779 813 2834 860 et
2862 806 2909 860 si
2934 806 3086 863 exire
3125 809 3427 878 nequiverit
3458 813 3575 879 epi-

1997 909 2213 964 scopus,
2240 896 2437 966 pariter
2454 906 2885 954 concrementur.
2907 899 3032 956 Haec
3055 901 3335 957 audientes
3364 905 3580 971 clerici,

1995 984 2217 1042 eﬁ‘racto
2240 987 2294 1042 vi
2314 988 2459 1044 ostio
2486 988 2821 1045 sacerdotem
2846 990 3072 1059 ejiciunt
3100 992 3266 1049 foras.
3298 994 3449 1050 Tunc
3482 997 3584 1050 nti-

1995 1078 2258 1133 serrimus
2286 1092 2409 1134 cum
2438 1079 2653 1135 videret
2674 1095 2737 1135 se
2771 1081 3003 1138 ﬂammis
3034 1084 3226 1141 validis
3258 1087 3325 1142 ab
3353 1099 3581 1158 utraque

1996 1176 2149 1237 parte
2191 1168 2412 1236 vallari,
2465 1171 2735 1227 accinctus
2777 1173 2953 1242 gladio
2994 1176 3206 1231 accedit
3248 1178 3316 1233 ad
3359 1180 3578 1234 ostium.

1999 1256 2191 1314 Verum
2221 1260 2309 1315 ubi
2339 1263 2569 1331 primum
2600 1264 2760 1320 limen
2788 1263 2983 1322 domus
3010 1269 3297 1336 egrediens
3330 1286 3577 1340 gressum

1996 1347 2124 1404 foris
2151 1350 2288 1415 ﬁxit,
2315 1354 2495 1409 statim
2520 1369 2659 1411 unus
2684 1371 2718 1411 e
2748 1357 2943 1427 p0pulo
2985 1359 3155 1428 ejecta
3184 1361 3399 1430 lancea,
3432 1366 3583 1421 fron-

1997 1449 2102 1498 tem
2123 1443 2241 1513 ejus
2265 1445 2432 1500 illisit.
2449 1449 2518 1503 At
2536 1448 2625 1505 ille
2647 1449 2749 1506 boc
2774 1451 2882 1506 ictu
2906 1453 3166 1524 turbatus,
3193 1458 3347 1527 quasi
3370 1475 3580 1528 amens,

1994 1533 2227 1603 gladium
2249 1534 2447 1605 ejicere
2476 1548 2710 1606 tentans,
2736 1543 2805 1599 ab
2831 1545 3132 1603 astantibus
3160 1548 3230 1603 ita
3262 1549 3575 1608 lancearum

1995 1626 2335 1683 multitudine
2379 1631 2669 1699 sauciatur,
2714 1644 2771 1689 nt
2816 1636 3009 1693 deﬁxis
3052 1639 3104 1693 in
3152 1638 3410 1696 lateribus
3458 1645 3578 1711 ejus

1996 1718 2236 1787 spiculis,
2263 1730 2317 1775 et
2339 1725 2767 1780 sustentantibus
2793 1726 3097 1796 hastilibus,
3120 1731 3185 1787 ad
3204 1739 3400 1788 terram
3416 1749 3577 1793 ruere

1919 1821 1970 1884 Β
1995 1824 2101 1864 non
2130 1820 2330 1880 posset.
2360 1812 2630 1870 Interfecti
2661 1826 2857 1874 suntet
2884 1822 3036 1889 pauci
3061 1823 3291 1892 quicum
3317 1840 3381 1881 eo
3397 1837 3574 1897 erant,

1994 1901 2333 1972 expositique
2364 1904 2415 1958 in
2447 1919 2642 1976 campo
2686 1909 2869 1965 simul.
2910 1911 3017 1967 Pro
3048 1914 3240 1984 quibus
3266 1917 3352 1971 vix
3382 1918 3577 1974 obten-

1993 2003 2104 2048 tum
2150 1996 2249 2051 fuit
2295 2013 2418 2053 cum
2448 2001 2805 2070 principibus,
2848 2015 2909 2059 ut
2940 2015 3097 2062 terra;
3129 2011 3578 2067 reconilerentur.

1993 2085 2115 2141 Fuit
2140 2098 2318 2144 autem
2344 2090 2430 2146 bic
2458 2091 2514 2148 in
2540 2104 2661 2148 actu
2692 2094 2845 2163 levis,
2870 2100 3105 2155 avaritia:
3128 2103 3369 2169 inhians,
3395 2118 3577 2161 rerum

1991 2180 2284 2235 alienarum
2314 2184 2449 2238 ultra
2481 2186 2697 2247 modum
2725 2189 2971 2256 cupidus,
3005 2193 3256 2249 omnibus
3279 2194 3488 2265 jurans,
3520 2207 3579 2254 et

1993 2275 2122 2329 nulli
2152 2277 2412 2343 promissa
2435 2278 2751 2348 adimplens.
2782 2280 2929 2337 Uxor
2950 2292 3127 2339 autem
3158 2286 3273 2355 ejus
3305 2302 3426 2343 cum
3452 2289 3578 2345 ﬁliis

1995 2368 2192 2422 exsilio
2224 2369 2344 2425 data
2378 2381 2479 2439 est,
2514 2387 2704 2442 resque
2725 2372 2865 2428 illius
2895 2376 3022 2431 fisco
3042 2376 3251 2433 collata:
3281 2390 3427 2436 sunt.
3446 2381 3582 2438 Mul-

1994 2460 2167 2515 titudo
2194 2472 2371 2516 autem
2402 2464 2518 2517 auri
2562 2456 2874 2535 argentique
2901 2482 2966 2523 ac
2993 2468 3327 2525 diversarum
3358 2475 3575 2541 specie-

1990 2569 2111 2610 rum
2146 2556 2199 2609 in
2236 2555 2354 2626 ejus
2397 2557 2623 2626 regestis
2672 2571 2885 2629 reperta
2925 2572 3029 2616 est.
3073 2561 3182 2618 Sed
3234 2573 3289 2618 ct
3332 2580 3453 2635 quae
3476 2567 3579 2623 sub

1992 2654 2137 2703 terra
2164 2648 2541 2717 abscmiderat,
2571 2650 2885 2708 stimulante
2917 2654 3247 2709 conscientia
3280 2656 3579 2724 iniquitatis

1990 2756 2124 2809 Stas,
2160 2759 2263 2798 non
2289 2744 2577 2800 latuerunt.
2601 2744 2798 2800 Ariolis
2823 2761 2886 2801 ac
2911 2748 3149 2803 sortibus
3171 2750 3367 2817 saepius
3398 2750 3581 2805 uteba-

1994 2841 2103 2902 tur,
2139 2850 2203 2889 ex
2232 2835 2427 2903 quibus
2451 2835 2629 2891 futura
2659 2851 2989 2907 cognoscere
3009 2840 3234 2913 cupiens
3256 2881 3271 2907 ,
3314 2841 3584 2897 remansit

1993 2925 2203 2980 illusus.

2067 3014 2161 3070 XI.
2191 3014 2304 3071 Rex
2333 3031 2462 3071 vero
2501 3017 2939 3074 Guntcbramnus
2986 3032 3109 3074 cum
3156 3029 3352 3091 nepote
3391 3036 3490 3078 suo
3515 3033 3583 3081 ac

1994 3107 2198 3177 reginis
2216 3123 2399 3178 pacem
2423 3109 2674 3177 ﬁrmavit,
2710 3110 2850 3165 datis
2869 3111 2970 3166 sibi
2988 3112 3221 3168 invicem
3244 3114 3580 3184 muneribus,

1921 3193 1971 3258 α
2001 3214 2065 3254 ac
2113 3200 2366 3255 stabilitis
2407 3216 2583 3258 canst:
2632 3202 2890 3271 publicis,
2931 3204 3133 3273 epulati
3183 3214 3311 3260 sunt
3357 3207 3582 3276 pariter.

1999 3291 2274 3350 Laudabat
2304 3292 2447 3350 enim
2470 3293 2757 3349 Dominum
2786 3294 2895 3368 [Αι.
2930 3295 3117 3367 Deum]
3148 3295 3587 3354 Guntchramnus

2000 3400 2096 3442 rex
2115 3427 2133 3453 ,
2159 3386 2349 3443 dicens
2376 3403 2392 3442 :
2424 3386 2620 3443 Refero
2652 3388 2749 3442 tibi
2781 3391 3048 3443 maximas
3074 3388 3273 3459 gratias
3294 3428 3311 3455 ,
3341 3392 3586 3460 omnipo-

2001 3485 2120 3535 tens
2142 3478 2306 3544 Deus,
2336 3479 2426 3549 qui
2454 3480 2585 3534 milii
2608 3479 2904 3549 praestitisti
2932 3489 2989 3535 ut
3014 3480 3193 3536 videre
3217 3496 3425 3538 merear
3445 3481 3588 3538 ﬁlios

2001 3570 2070 3629 de
2099 3572 2209 3628 ﬁlio
2238 3587 2361 3627 meo
2384 3572 2749 3628 Childeberto.
2784 3570 2939 3629 Unde
2964 3590 3071 3628 non
3104 3589 3191 3629 me
3218 3584 3345 3643 puto
3386 3589 3586 3645 usqueu

2002 3679 2211 3735 quaque
2239 3678 2271 3720 a
2298 3675 2385 3719 tua
2408 3664 2683 3734 Majestate
2704 3663 2946 3719 relictum
2966 3704 2982 3731 ,
3010 3663 3100 3733 qui
3132 3664 3267 3719 tnibi
3287 3665 3403 3719 haec
3446 3680 3588 3734 pra:-

2004 3754 2209 3823 stitisti,
2244 3763 2304 3809 ut
2326 3755 2536 3810 videam
2567 3754 2704 3809 filios
2735 3754 2830 3809 ﬁlii
2856 3755 2987 3810 mei.
3011 3756 3162 3809 Tunc
3189 3755 3507 3824 Dynamium
3529 3763 3586 3811 et

2003 3846 2211 3915 Lupum
2260 3847 2450 3902 ducem
2508 3846 2747 3903 redditos
2796 3862 2892 3902 rex
2933 3846 3308 3901 Cbildebertus
3352 3846 3587 3915 recepit,

2002 3940 2303 3995 Cadurcum
2349 3937 2680 3993 Brunicbildi
2724 3937 2923 4008 regina:
2972 3935 3192 3993 refudit.
3242 3937 3308 3991 Et
3347 3937 3428 3992 sic
3464 3949 3587 3991 cum

2004 4044 2136 4103 pace
2163 4041 2218 4084 et
2243 4029 2436 4099 gaudio
2465 4031 2659 4086 iterum
2687 4037 2844 4099 atque
2867 4030 3060 4084 iterum
3083 4028 3195 4083 Deo
3219 4029 3416 4098 gratias
3435 4043 3588 4100 agen-

2006 4132 2108 4190 tes,
2135 4123 2453 4192 conscriptis
2476 4123 2808 4192 pactionibus
2836 4121 2879 4191 ί,
2909 4123 3067 4195 431
3094 4138 3154 4178 se
3180 4132 3587 4179 remunerantes

2004 4224 2060 4272 et
2086 4217 2412 4284 osculantes,
2437 4229 2713 4286 regressus
2728 4224 2812 4271 est
2832 4216 3193 4286 unusquisque
3219 4216 3285 4270 ad
3312 4216 3587 4272 civitatem

2006 4324 2186 4367 suam.

2077 4427 2191 4483 XII.
2221 4426 2596 4481 Cbildebertus
2621 4431 2647 4471 δ
2679 4437 2808 4478 vero
2835 4436 2953 4491 rex,
2985 4422 3213 4479 collecto
3229 4423 3494 4491 exercitu,
3521 4423 3589 4479 ad

2007 4518 2185 4574 locum
2205 4516 2364 4586 dirigi
2392 4514 2542 4587 jubet
2593 4516 2645 4568 in
2681 4529 2786 4584 quo
2815 4512 2974 4571 Ursio
2997 4528 3062 4569 ac
3092 4512 3475 4569 Bertltefredus
3502 4514 3590 4567 in-

318 4583 473 4678 quam
493 4648 509 4675 ,
540 4607 634 4664 sed
666 4608 968 4665 transmitte
997 4608 1217 4666 abbates
1251 4616 1306 4665 et
1344 4611 1576 4666 creditos
1600 4619 1624 4649 ο
1656 4583 1810 4681 tuos,
1842 4624 1899 4670 ut
1928 4583 1983 4645 Β
2006 4610 2144 4669 clusi
2173 4583 2543 4665 morabantur.
2573 4583 2711 4662 Erat,
2731 4608 2876 4664 enim
2903 4607 3027 4662 villa
3057 4607 3108 4662 in
3134 4622 3269 4679 pago
3297 4604 3588 4672 Vabrensi,

318 4698 433 4753 bace
480 4714 599 4769 quae
638 4700 825 4770 loquor
873 4709 1163 4770 exponant.
1209 4702 1587 4759 Verumtamen
1633 4720 1741 4760 non
1781 4706 1897 4765 haec

320 4792 453 4860 regi,
484 4799 540 4845 ut
568 4799 740 4857 erant,
777 4792 1018 4847 nuntiata
1048 4799 1205 4860 sunt,
1238 4792 1336 4850 sed
1364 4793 1616 4851 dixerunt
1638 4797 1781 4866 quod
1812 4798 1900 4857 hic

319 4883 387 4938 ab
424 4885 680 4955 episcOpo
706 4884 1098 4941 defensaretur.
1122 4883 1280 4942 Unde
1322 4884 1520 4942 factum
1549 4896 1635 4944 est
1666 4900 1724 4946 ut
1757 4905 1899 4949 com-

319 5107 377 5156 et
414 5098 690 5155 Mosellam
720 5097 854 5165 sito,
882 5094 949 5151 ad
988 5094 1132 5164 ripas
1179 5094 1481 5163 Alisontiaa,
1515 5096 1677 5155 Ornas
1702 5109 1757 5156 ct
1783 5098 1907 5158 Cari

320 5171 624 5234 ﬂuminum,
674 5170 763 5238 qui
789 5181 950 5238 pagus
997 5166 1133 5221 duos
1176 5174 1404 5238 autgtres
1440 5168 1728 5238 comitatus
1752 5185 1908 5227 com-

320 5236 701 5310 plectebatur,
721 5236 1148 5310 Scarponensem
1172 5236 1413 5310 scilicet,
1436 5237 1830 5297 Virdunensem
1853 5252 1909 5299 et

321 5306 777 5368 C:istereiettsem.
796 5306 1027 5365 vacatur
1054 5306 1214 5362 etiam
1234 5322 1375 5363 nunc
1395 5309 1444 5362 te
1466 5324 1592 5378 pays
1613 5311 1675 5364 de
1698 5310 1907 5368 Vaiure.

321 5380 460 5436 Vide
485 5381 577 5439 lib.
611 5397 662 5436 IV
691 5380 761 5437 de
782 5396 840 5436 re
863 5378 1231 5451 Diplomatica,
1255 5393 1405 5451 num.
1438 5377 1562 5451 128:.
1585 5380 1728 5451 Cave
1748 5384 1909 5440 etiam

327 5468 399 5506 ne
438 5452 734 5510 confundas
765 5452 906 5505 hunc
928 5448 1120 5505 'locum
1160 5449 1321 5503 simul
1350 5463 1471 5503 cum
1526 5448 1780 5507 Vabrensi
1816 5468 1910 5510 ca-

326 5526 642 5592 stro,§vulgo
667 5521 931 5592 Vabresgen
953 5521 1243 5592 Itauergac,
1269 5520 1358 5575 ubi
1384 5522 1765 5578 monasterium
1782 5526 1913 5581 sede

326 5538 642 5592 SII‘0,;VIIIgO
671 5538 855 5577 γαονεσ
869 5538 931 5576 en
953 5538 1239 5645 nanctique,
1269 5538 1358 5575 UDI
1384 5538 1765 5578 monasrertutn
1782 5538 1913 5581 εεαθ

324 5593 623 5662 episcopali
658 5595 812 5648 auxit
844 5591 1076 5647 Joannes
1155 5591 1268 5656 XII,
1289 5592 1558 5649 distractis
1604 5607 1668 5649 ex
1710 5593 1914 5651 Ruthe-

328 5665 486 5720 uensi
507 5661 729 5721 dimcesi
759 5663 961 5731 aliquot
990 5661 1276 5731 parocbiis.

402 5744 431 5805 ξι
453 5735 670 5805 ιιθςωη
692 5736 754 5789 ab
779 5733 981 5787 homine
1007 5732 1202 5801 iniquo.

399 5803 430 5848 ιι
467 5803 623 5872 σου),
642 5820 723 5877 a,,
744 5818 1003 5875 nunquam
1025 5808 1089 5856 ab
1114 5817 1173 5861 eo
1196 5803 1455 5866 recedam.

784 5927 1053 5995 Panos.
1085 5923 1319 6013 LXXI.

2003 4704 2088 4761 cui
2116 4703 2428 4760 imminebat
2455 4718 2608 4758 mons
2635 4701 2853 4757 arduus.
2887 4700 2944 4756 In
2967 4701 3124 4771 hujus
3142 4700 3416 4757 cacumine
3446 4700 3595 4755 basi-

2004 4797 2162 4853 licam
2193 4796 2247 4851 in
2273 4796 2481 4852 honore
2501 4792 2671 4849 sancti
2696 4809 2761 4849 ac
2786 4793 3078 4849 beatissimi
3103 4792 3317 4849 Martini
3343 4802 3596 4863 constru-

2004 4890 2084 4947 xit
2103 4885 2154 4944 δ.
2187 4887 2455 4945 Ferebant
2480 4885 2624 4943 enim
2668 4885 2741 4941 ibi
2779 4892 3015 4941 castrum
3048 4883 3347 4955 antiquitus
3396 4884 3592 4951 fuisse;

2094 5110 2119 5141 ο
2160 5096 2314 5168 Apud
2336 5096 2657 5154 Andelaum.
2687 5094 2822 5153 Vide
2844 5096 3000 5164 infra,
3024 5111 3145 5168 cap.
3173 5097 3245 5153 ει)

2090 5168 2119 5210 τί
2160 5170 2251 5226 Sic
2272 5169 2395 5224 Bcc.
2427 5177 2482 5223 et
2508 5168 2640 5223 Mor.
2667 5183 2743 5235 s.;
2765 5168 2916 5236 editi,
2949 5168 3289 5239 falsitatibus.

2093 5250 2118 5281 ο
2159 5241 2217 5297 Id
2244 5248 2328 5297 est
2352 5239 2488 5295 ﬁdos
2513 5239 2764 5307 clericos,
2790 5254 2885 5296 seu
2911 5238 3047 5296 alios
3079 5239 3368 5296 familiares
3400 5238 3600 5311 quibus

2018 5312 2227 5370 ﬁderet.

2096 5384 2116 5424 τ
2160 5382 2485 5439 Referuntur
2502 5381 2638 5438 infra
2668 5395 2789 5452 cap.
2818 5380 2910 5437 20.

2094 5464 2120 5523 β
2162 5455 2279 5510 Hoc
2302 5463 2464 5523 caput
2487 5461 2541 5508 et
2566 5453 2672 5509 duo
2688 5450 3048 5522 seqq.desunt
3072 5450 3128 5508 in
3146 5452 3263 5508 Vat.
3288 5459 3343 5508 et
3361 5450 3517 5508 Colb.
3539 5466 3573 5507 a

2092 5522 2123 5563 λι
2162 5522 2993 5596 Regm.,basilica...ﬂcomtrucla
3022 5522 3428 5596 habetur._ﬂanc
3457 5523 3603 5579 basi-

2017 5597 2176 5653 licam
2202 5594 2349 5664 putat
2375 5610 2493 5649 eam
2522 5608 2644 5665 esse
2665 5595 2938 5660 Valesius,
2970 5610 3130 5665 quam
3173 5594 3450 5665 Ulﬁlaicus
3496 5609 3600 5665 su-

2019 5682 2115 5739 pra
2144 5661 2377 5739 ιὶιιᾌιιιιιἶ
2400 5679 2519 5733 cap.
2550 5661 2640 5730 15,
2658 5661 3003 5739 memoratus
3018 5666 3387 5739 construxisse
3404 5664 3603 5739 dicitur

2060 5752 2201 5820 rupe.
2221 5735 2496 5807 Eposium,
2529 5735 2674 5808 quod
2698 5735 2955 5810 oppidum
2983 5737 3186 5796 eratin
3207 5738 3471 5798 comitatu
3494 5735 3605 5793 Va-

2059 5823 2227 5866 r8081.

3063 5926 3136 5991 16
