2048 3172
302 199 352 228 191

797 197 828 229 8.
847 197 1012 229 GREGORII
1031 194 1184 227 EPISCOPI
1206 191 1422 227 TUBONENSIS

1883 199 1937 229 492

301 255 348 283 sed
364 261 433 282 nunc
446 251 537 291 [Forte
549 252 622 291 tunc]
634 261 686 282 non
701 261 765 282 cura
780 259 805 290 ι,
820 256 866 284 sed
881 261 974 284 natura
988 261 1089 283 tantum
1103 257 1130 288 Α
1142 258 1230 282 autem
1243 255 1284 282 his
1294 255 1389 283 diebus
1403 255 1627 290 pertimescentes
1641 262 1732 291 regem
1747 275 1754 289 ,
1764 254 1795 283 'iu
1810 254 1878 283 alias
1892 264 1935 285 re-

302 302 430 329 munitum
445 306 512 329 erat.
525 301 554 328 In
569 301 618 328 hac
630 308 695 335 ergo
710 301 817 329 basilica
831 310 893 330 cum
911 303 992 330 rebus
1008 307 1090 338 atque

302 347 432 374 uxoribus
442 352 469 374 et
482 346 582 374 familia
605 354 635 374 se
649 347 775 375 antedicti
795 349 992 376 concluserant.
1008 348 1089 376 Com-

300 399 374 421 moto
387 400 452 427 ergo
463 393 594 426 exercitu,
608 393 678 421 sicut
695 394 828 427 diximus,
838 393 1026 423 Childebertus
1041 402 1089 423 rex

300 438 364 466 illuc
386 438 464 473 dirigi
481 438 568 473 jubet.
589 438 777 468 Verumtamen
800 442 927 468 commoti
949 442 1087 474 homines,

298 491 441 521 antequam
457 486 489 513 ad
503 494 550 514 eos
570 486 745 520 accederent,
762 488 914 523 ubicunque
934 492 980 515 aut
996 489 1087 522 villas,

298 536 346 559 aut
358 539 401 559 res
411 538 503 559 eorum
517 532 635 566 reperire
650 537 800 566 potuerunt,
817 534 907 561 omnia
918 533 1044 561 incendio
1055 541 1087 562 ac

299 577 397 612 przedat
411 577 588 604 tradiderunt.
611 578 777 606 Accedentes
792 583 882 606 autem
902 579 935 606 ad
956 579 1027 607 hunc
1043 580 1086 607 Io-

298 630 378 656 cum,
399 623 433 650 ad
458 628 575 652 montem
596 631 626 651 se
647 624 812 659 proripiunt,
827 630 854 653 et
875 625 1010 653 basilicam
1026 634 1087 654 cum

296 670 380 697 armis
394 670 504 698 vallant.
525 670 662 701 Habebam
682 676 771 699 autem
789 672 865 707 quasi
879 671 893 692 δ
913 673 1008 701 ducem
1024 678 1087 701 tunc

298 716 479 751 Go-Iegisilum
492 738 500 750 ,
515 717 581 751 Lupi
597 717 673 745 ducis
687 725 824 753 generum.
840 718 960 754 Cumque
980 726 1026 747 eos
1041 728 1087 747 ex.

303 761 411 789 trahere
433 762 467 790 de
489 762 597 790 basilica
612 770 665 790 non
680 763 816 796 valerent,
838 764 926 799 ignem
951 766 1087 800 applicare

295 808 427 837 nituntur.
438 809 514 842 Quod
523 816 637 836 cernens
646 809 736 842 Ursio,
750 811 886 838 accinctus
902 811 1000 846 gladio,
1015 811 1086 840 foras

295 861 421 889 egressus
433 858 484 881 est.
499 853 636 889 Tantaque
650 854 724 882 crede
739 854 788 883 bos
801 856 846 891 qui
861 856 1018 885 obsidebant
1029 864 1085 885 ma-

295 899 388 932 ctavit,
410 903 438 926 ut
458 904 629 934 quotcunque
643 900 670 927 in
685 900 744 935 ejus
760 903 1015 937 contemplationem
1033 903 1083 932 ad-

1141 299 1235 334 giones
1249 299 1449 328 abscesserunt.
1462 300 1587 328 Nonnulli
1600 302 1680 328 etiam
1697 308 1711 328 a
1726 301 1845 336 primatu
1860 301 1937 331 duca-

1141 348 1183 372 tus
1196 346 1295 373 remoti
1318 352 1396 381 sunt,
1408 347 1435 374 in
1450 354 1566 383 quorum
1588 348 1712 376 ordinem
1732 347 1778 375 alii
1795 354 1936 376 successe~

1143 396 1217 418 runt.

1176 437 1243 465 XIII.
1267 438 1487 466 Guntchramnus
1507 446 1572 467 vero
1593 438 1764 473 Baddonem,
1784 445 1866 473 quem
1885 445 1936 474 pro

1139 484 1252 512 crimine
1260 485 1410 520 maiestatis
1423 485 1546 520 superius
1553 486 1669 513 vinctum
1677 485 1792 512 diximus
1800 483 1869 520 (Lib.
1877 491 1935 517 vui.

1138 538 1196 566 cap.
1211 530 1268 566 44),
1283 532 1308 558 ὶιι
1321 532 1489 565 praesentiam
1505 539 1580 560 suam
1591 531 1683 559 venire
1695 530 1795 566 jussit;
1808 537 1835 559 et
1847 533 1937 558 trans-

1139 576 1249 605 mittens
1261 585 1347 612 usque
1370 579 1505 612 Parisios,
1530 579 1589 615 ait:
1607 578 1637 607 Si
1661 585 1723 606 eum
1746 585 1808 606 cum
1831 577 1936 606 idoneis

1140 623 1291 651 hominibus
1302 624 1485 660 Fredegundis
1493 625 1528 653 ab
1539 625 1588 653 hac
1598 625 1705 653 actiOne
1721 631 1773 660 qua
1785 623 1934 659 impetitur,

1140 668 1285 697 immuuern
1308 668 1412 703 fecerit,
1436 671 1565 698 abscedat
1591 671 1669 704 liber,
1687 675 1714 698 et
1740 678 1793 705 quo
1817 669 1935 698 voluerit

1139 719 1194 742 eat.
1209 715 1262 742 Sed
1272 716 1382 743 veniens
1396 716 1524 750 Parisios,
1537 716 1629 744 nullus
1641 715 1675 743 de
1690 720 1765 750 parte
1780 719 1935 743 memorata

1139 759 1259 788 mulieris
1277 761 1378 795 adfuit,
1401 761 1447 797 qui
1469 770 1530 790 eum
1558 763 1685 790 idoneum
1701 761 1815 789 reddere
1831 765 1935 796 posset.

1138 806 1214 835 Tunc
1227 808 1331 836 vinctus
1341 813 1369 836 et
1378 810 1480 837 catenis
1491 814 1628 841 oneratus,
1640 809 1690 837 sub
1705 810 1789 836 ardua
1809 807 1935 836 custodia

1137 853 1171 881 ad
1185 854 1277 881 urbem
1287 854 1501 883 Cabillonensem
1513 855 1639 883 reductus
1649 859 1701 883 est.
1711 854 1764 882 Sed
1792 858 1884 889 postea
1895 852 1937 881 iu-

1138 900 1350 927 tercurrentibus
1361 901 1472 934 nuntiis,
1482 905 1510 928 et
1520 902 1667 935 praesertim
1678 900 1849 928 Leudovaldo
1860 898 1937 933 Baio-

294 944 447 978 venissent,
472 945 560 972 nullus
584 945 675 973 vivens
698 953 838 975 remanere
863 949 957 982 possit.
989 949 1027 977 lbi
1057 954 1085 978 et
1099 946 1125 980 Β
1137 946 1245 974 cassino
1256 947 1400 981 pontiﬁce,
1412 947 1539 975 dimissus
1550 947 1581 974 ad
1594 947 1700 982 propria
1712 945 1799 973 rediit.
1810 944 1937 973 Graviter

293 990 438 1018 'I‘rudulfus
453 996 464 1010 ο
483 991 573 1025 palatii
585 992 681 1027 regalis
693 998 786 1020 comes
796 994 904 1027 cecidit,
921 999 948 1022 et
962 995 1039 1022 multi
1049 995 1084 1023 de

293 1035 346 1064 hoc
356 1036 475 1064 exercitu
494 1038 620 1071 prostrati
643 1042 717 1065 sunt.
734 1039 855 1074 Cumque
870 1040 925 1075 jam
945 1041 1034 1069 nullus
1050 1042 1084 1070 de

291 1082 367 1110 aede
380 1082 501 1110 Ursionis
515 1088 654 1112 erueretur
668 1082 694 1119 ἀ,
706 1085 795 1112 subito
815 1092 961 1120 percussus
981 1095 995 1113 ει
1014 1095 1084 1123 quo-

290 1130 353 1158 dam
367 1131 393 1157 in
409 1131 519 1163 femore,
532 1131 740 1167 debilitatusque
754 1132 787 1160 ad
808 1137 909 1160 terram
923 1134 987 1167 ruit,
1000 1139 1029 1162 et
1044 1136 1084 1163 sic

292 1183 374 1211 super
386 1183 447 1204 eum
460 1176 600 1205 ruentibus
613 1177 673 1206 aliis
683 1179 763 1206 vitam
773 1178 869 1206 ﬁnivit.
881 1180 957 1213 Quod
970 1187 1084 1210 cernens

290 1221 469 1256 Cotlegisilus,
480 1222 596 1250 clamare
604 1223 687 1258 coepit
698 1231 730 1251 ac
745 1224 836 1252 dicere
849 1233 855 1251 :
869 1224 929 1252 Fiat
941 1233 1009 1253 nunc
1020 1234 1083 1263 pax,

290 1276 355 1296 ecce
370 1269 502 1296 maximus
515 1270 639 1298 inimicus
653 1271 822 1298 dominorum
841 1276 995 1300 nostrorum
1010 1276 1083 1303 ruit:

290 1314 336 1342 hic
350 1323 414 1343 vero
430 1315 619 1344 Bertbefredos
635 1317 717 1344 vitam
733 1317 842 1345 habeat.
859 1318 923 1346 Haec
943 1326 977 1347 eo
991 1319 1083 1348 dicen-

291 1366 337 1395 te,
352 1369 413 1389 cum
427 1362 513 1390 omnis
527 1362 640 1397 populus
659 1363 693 1391 ad
707 1363 886 1398 direptionem
908 1372 1011 1400 rerum,
1024 1374 1084 1401 qua:

293 1408 321 1436 in
334 1409 443 1436 basilica
460 1409 585 1437 adunatte
604 1409 728 1443 fuerant,
749 1411 874 1446 inhiaret,
893 1412 1083 1442 Berthefredus

291 1461 406 1482 ascenso
416 1455 507 1490 equite
521 1455 555 1483 ad
568 1455 771 1484 Viridunensem
792 1458 888 1485 urbem
902 1458 1014 1494 dirigit,
1033 1459 1085 1487 ibi-

289 1509 343 1537 que
358 1502 383 1530 in
398 1503 515 1530 oratorio
532 1503 601 1538 quod
617 1504 644 1530 in
657 1505 738 1532 domo
748 1505 935 1534 ecclesiastica
954 1510 1013 1533 erat
1025 1526 1032 1538 ,
1048 1514 1081 1534 se

290 1549 372 1576 tutari
388 1553 494 1583 putans,
508 1550 656 1583 priesertim
669 1557 729 1578 cum
744 1555 771 1578 et
782 1550 840 1585 ipse
854 1552 976 1586 pontifex
990 1553 1084 1587 Ageri-

289 1595 379 1623 cus'in
395 1594 445 1623 bac
464 1595 543 1622 domo
558 1595 699 1623 resideret.
716 1595 797 1632 432
817 1596 869 1625 Sed
892 1604 952 1624 cum
974 1597 1084 1626 Childe-

1137 997 1201 1019 tunc
1217 992 1328 1020 morbus
1339 993 1524 1028 dysentericus
1543 993 1612 1027 apud
1625 993 1783 1020 Mettensem
1804 990 1937 1018 saeviebat

1136 1038 1243 1065 urbem.
1254 1038 1302 1065 His
1311 1039 1405 1066 diebus
1416 1046 1464 1066 nos
1475 1039 1538 1066 dum
1552 1039 1584 1065 ad
1592 1045 1735 1066 occursum
1745 1037 1817 1071 regis
1836 1042 1938 1071 propo-

1135 1089 1260 1111 raremus
1269 1102 1277 1117 ,
1295 1083 1442 1111 Wiliulfum
1454 1084 1539 1112 civem
1557 1083 1692 1111 Pictavum
1703 1103 1710 1116 ,
1724 1083 1833 1118 plenum
1847 1081 1937 1114 febre,

1137 1128 1190 1158 hoc
1209 1130 1303 1157 morbo
1326 1130 1491 1158 laborantem
1512 1130 1592 1157 invia
1614 1129 1785 1162 oti'enditnus,
1797 1127 1824 1155 id
1835 1131 1880 1154 est
1904 1126 1938 1153 ad

1137 1175 1319 1203 libemensem
1331 1176 1424 1203 urbem
1441 1184 1447 1201 :
1461 1175 1495 1202 de
1506 1183 1556 1210 qua
1571 1175 1707 1209 profectus
1721 1174 1798 1201 valde
1812 1171 1939 1201 exinani-

1138 1226 1194 1254 tus,
1203 1229 1263 1249 cum
1277 1222 1310 1249 ad
1323 1221 1402 1257 A33
1411 1222 1503 1249 urbem
1520 1220 1680 1248 Parisiacam
1696 1227 1757 1247 cum
1773 1220 1829 1247 tilio
1841 1218 1939 1245 uxoris

1136 1273 1194 1295 sure
1208 1267 1334 1300 venisset,
1347 1267 1417 1302 apud
1430 1267 1518 1294 villam
1546 1266 1740 1301 Bigoialensem
1755 1263 1765 1283 ί
1793 1264 1867 1291 facto
1897 1267 1939 1291 tc-

1137 1317 1272 1341 stamento
1285 1314 1425 1341 delunctus
1435 1317 1493 1346 est;
1509 1319 1651 1347 puervero,
1663 1311 1707 1346 qui
1720 1315 1747 1338 et
1760 1310 1819 1343 ipse
1832 1309 1871 1336 ab
1887 1309 1940 1336 hoc

1137 1359 1266 1394 languore
1274 1360 1424 1392 tenebatur,
1431 1360 1508 1391 obiit;
1516 1364 1542 1387 et
1548 1359 1586 1386 sic
1593 1359 1690 1394 pariter
1702 1358 1727 1384 in
1735 1355 1806 1384 urbis
1813 1355 1939 1383 Pictavi

1138 1408 1219 1436 delati
1231 1410 1385 1440 terminum,
1407 1408 1526 1435 tumulati
1546 1411 1619 1434 sunt.
1639 1406 1709 1434 Uxor
1720 1411 1826 1440 quoque
1850 1402 1939 1438 ipsius

1136 1452 1249 1482 Wiliulli
1273 1455 1349 1481 tertio
1363 1453 1503 1488 copulatur
1517 1453 1585 1484 viro,
1599 1452 1654 1479 ﬁlio
1670 1451 1772 1478 scilicet
1791 1449 1939 1485 Beppoloui

1137 1501 1214 1528 ducis
1230 1501 1285 1535 ,qui
1299 1505 1326 1528 et
1340 1501 1398 1536 ipse
1412 1500 1478 1527 duas
1487 1500 1553 1534 jam,
1567 1504 1595 1526 ut
1607 1498 1713 1526 celebre
1727 1497 1821 1530 fertur,
1835 1503 1938 1525 uxores

1137 1547 1215 1574 vivas
1230 1548 1383 1581 reliquerat.
1393 1546 1458 1573 Erat
1470 1546 1542 1573 enim
1558 1545 1623 1572 levis
1637 1549 1716 1578 atque
1729 1542 1896 1577 luxuriosus,
1910 1546 1937 1570 et

1138 1593 1203 1621 dum
1220 1593 1302 1620 nimio
1314 1592 1412 1620 ardore
1425 1591 1611 1619 fornicationis
1625 1593 1781 1621 arctaretur,
1794 1595 1826 1615 ac
1841 1587 1936 1616 relicta

295 1641 374 1669 berlo
387 1641 444 1675 regi
458 1640 609 1669 nuntiatum
622 1640 734 1673 fuisset,
748 1642 874 1677 eti'ugisse
892 1643 998 1671 scilicet
1021 1643 1084 1672 aer.
1098 1639 1123 1672 α
1139 1639 1258 1674 conjuge
1275 1646 1335 1666 cum
1352 1637 1504 1665 famulabus
1518 1636 1676 1667 secubaret,
1690 1634 1837 1661 exhorrens
1850 1633 1936 1668 legiti-

289 1686 456 1720 tbcfredum,
471 1687 611 1721 perculsus
624 1687 712 1715 cordis
725 1687 830 1721 dolore,
846 1689 902 1715 ait:
915 1688 944 1717 Si
954 1689 998 1717 hic
1011 1696 1084 1718 mor-

293 1735 349 1759 tem
361 1733 492 1765 evaserit,
505 1740 558 1760 non
569 1732 664 1760 evadet
675 1732 846 1769 Godegisilus
855 1738 869 1754 ο
883 1742 977 1762 manus
997 1743 1082 1764 meas.

290 1776 434 1806 Nesciebat
447 1783 537 1805 tamen
548 1785 595 1806 rex
610 1785 673 1806 eum
687 1778 714 1806 in
725 1779 835 1807 domum
850 1781 972 1807 ecclesiae
986 1781 1084 1816 ingres-

289 1830 352 1851 sum
365 1822 459 1857 fuisse,
471 1823 520 1851 sed
533 1823 612 1858 quasi
628 1823 655 1851 in
666 1824 805 1860 regionem
816 1824 898 1852 aliam
916 1826 1083 1861 confugisse.

289 1869 366 1898 'l‘unc
379 1870 476 1898 timens
487 1869 668 1905 Godegisiius,
681 1875 819 1899 commoto
832 1871 929 1899 iterum
948 1872 1065 1900 exercitu
1074 1892 1084 1906 ,

289 1915 403 1945 domum
415 1915 537 1944 ecclesia:
550 1917 662 1945 armatis
676 1917 767 1945 vallat.
782 1917 836 1946 Sed
850 1925 910 1944 cum
923 1925 983 1945 eum
995 1918 1086 1952 ponti-

289 1961 336 1991 fex
348 1962 462 1991 reddere
472 1964 604 1999 nequiret,
611 1963 658 1991 sed
673 1963 813 1991 defensare
826 1968 979 1995 conaretur,
992 1970 1085 1991 ascen-

290 2009 386 2037 dentes
400 2016 479 2044 supra
491 2013 602 2044 tectum,
612 2016 674 2037 eum
686 2009 720 2037 ab
731 2010 796 2044 ipsis
811 2010 905 2045 tegulis
915 2016 946 2037 ac
960 2009 1086 2037 maceriis

291 2054 346 2092 [Ah
359 2055 505 2091 materiis],
516 2056 613 2091 quibus
630 2056 776 2084 oratorium
796 2061 919 2091 opertum
943 2060 1017 2089 erat,
1033 2056 1086 2084 illi-

293 2101 402 2135 den-tes,
412 2101 605 2130 interfecerunt
616 2111 622 2128 :
635 2102 724 2137 ibique
735 2111 793 2130 cum
806 2103 891 2131 tribus
902 2103 1008 2131 famulis
1019 2110 1086 2131 mor-

291 2151 353 2175 tuus
368 2153 420 2176 est.
434 2148 545 2176 Multum
553 2157 587 2177 ex
602 2149 653 2177 hoc
665 2150 807 2184 episcopus
818 2149 924 2184 dolens,
938 2151 1010 2185 quod
1022 2158 1084 2178 eum

290 2201 346 2221 non
359 2195 445 2221 solum
458 2195 600 2223 defensare
615 2203 668 2222 non
684 2196 781 2230 potuit,
793 2203 886 2223 verum
899 2195 984 2223 etiam
996 2197 1084 2223 locum

291 2240 320 2268 in
333 2247 386 2275 quo
400 2248 479 2268 orare
498 2244 692 2274 consueverat,
713 2245 743 2269 et
758 2242 784 2268 in
800 2249 854 2276 quo
874 2247 1027 2269 sanctorum
1042 2243 1084 2277 pi-

293 2292 377 2321 gnora
399 2291 541 2321 aggregata
562 2286 686 2321 fuerant,
708 2286 839 2321 sanguine
866 2289 984 2316 humano
1003 2289 1084 2323 pollui

1137 1694 1213 1715 mum
1236 1685 1410 1717 connubium,
1430 1683 1500 1710 aliud
1520 1683 1661 1717 expetebat
1677 1691 1684 1709 :
1700 1682 1739 1710 sic
1759 1685 1788 1709 et
1808 1680 1936 1708 secunda

1137 1732 1205 1760 fecit
1219 1737 1246 1759 et
1259 1731 1331 1763 huic,
1344 1731 1387 1758 cui
1403 1730 1482 1757 tertio
1496 1729 1635 1765 copulatus
1647 1733 1699 1761 est,
1721 1728 1848 1763 ignorans
1860 1727 1935 1762 quod

1138 1777 1269 1810 corruptio
1305 1776 1520 1811 incorruptionem
1553 1783 1605 1802 non
1636 1774 1771 1810 possidebit
1807 1773 1844 1808 (Ι
1873 1772 1934 1801 Cor.

1138 1830 1184 1855 xv,
1200 1821 1257 1856 50).

1173 1871 1242 1899 XIV.
1263 1870 1383 1898 Postliaec
1397 1877 1458 1898 cum
1480 1870 1591 1905 Egidius
1605 1869 1766 1897 Rhemensis
1789 1868 1863 1895 urbis
1878 1868 1936 1903 epi-

1137 1925 1246 1953 scopus,
1258 1917 1292 1945 de
1307 1917 1354 1945 illo
1368 1917 1480 1944 crimine
1495 1916 1643 1951 majestatis
1656 1923 1709 1951 quo
1722 1915 1846 1950 superius
1855 1914 1935 1950 (Cap.

1139 1965 1186 2001 £2)
1202 1965 1342 1993 memorati
1357 1965 1488 1999 perempti
1512 1968 1583 1998 sunt,
1609 1969 1749 1999 suspectus
1770 1963 1935 1998 haberetur,

1138 2020 1199 2041 cum
1215 2012 1320 2047 magnis
1344 2011 1500 2039 muneribus
1521 2011 1554 2038 ad
1577 2010 1777 2038 Childebertum
1791 2010 1934 2044 accedens,

1138 2058 1245 2086 veniam
1264 2060 1443 2092 deprecatur:
1465 2058 1539 2092 prius
1553 2062 1641 2084 tamen
1656 2061 1825 2085 sacramenta
1848 2057 1933 2084 susci-

1137 2106 1216 2141 piens
1230 2105 1256 2132 in
1272 2104 1379 2132 basilica
1396 2105 1481 2132 sancti
1496 2104 1609 2139 Remigii
1621 2108 1648 2137 ε,
1663 2111 1697 2132 nc
1713 2103 1813 2138 aliquid
1825 2105 1890 2131 mall
1909 2104 1934 2131 iit

1137 2151 1235 2180 itinere
1250 2155 1399 2186 pateretur;
1416 2157 1609 2186 susceptusque
1623 2157 1638 2177 a
1653 2157 1716 2186 rege
1728 2157 1790 2177 cum
1804 2157 1871 2185 pace
1882 2149 1934 2176 dis«

1137 2199 1229 2226 cessit.
1265 2197 1361 2225 Pacem
1391 2197 1471 2224 etiam
1503 2204 1564 2224 cum
1598 2197 1673 2232 Lupo
1699 2197 1766 2224 duce
1798 2195 1932 2228 obtinuit,

1138 2251 1218 2279 quem
1232 2244 1362 2271 instinctu
1375 2242 1433 2278 ejus
1450 2244 1485 2271 de
1504 2243 1657 2278 Campania:
1673 2243 1769 2270 ducatu
1784 2249 1865 2277 supra
1880 2249 1933 2269 me-

1141 2289 1304 2317 moravimus
1318 2288 1389 2323 (Lib.
1405 2296 1441 2322 vr,
1457 2296 1516 2323 cap.
1530 2288 1559 2323 Δ)
1581 2289 1664 2317 fuisse
1684 2289 1837 2323 depulsum.
1859 2287 1933 2315 Unde

293 2330 369 2360 vidit.
387 2333 459 2361 Misit
473 2336 562 2360 autem
576 2332 764 2361 Childebertus
776 2341 825 2361 rex
838 2342 900 2361 eum
917 2335 1084 2370 muneribus,
1100 2327 1129 2359 ί)
1142 2343 1190 2364 rex
1212 2334 1430 2362 Guntcliramnus
1453 2334 1531 2363 valde
1544 2335 1570 2362 in
1585 2334 1789 2362 amaritudinem
1805 2334 1933 2361 excitatus

294 2382 325 2405 ut
339 2385 354 2405 a
367 2385 483 2406 mmrore
495 2381 688 2406 revocaretur:
701 2379 748 2407 sed
762 2379 844 2406 noluit
854 2379 998 2408 consolari.
1011 2381 1087 2409 Multi

332 2438 346 2453 ι
365 2433 437 2461 Idem
453 2434 514 2461 cod.
530 2434 638 2469 Begm.,
649 2435 693 2462 sed
705 2443 756 2462 non
768 2439 912 2469 structura,
924 2437 1084 2466 seductum.

331 2469 343 2488 δ
354 2469 462 2506 _Chesn.
475 2476 529 2497 non
540 2471 621 2506 habet
632 2471 714 2505 quasi.
727 2470 909 2506 Godegisilum
921 2473 1015 2502 ducem
1029 2475 1086 2501 lau-

293 2506 340 2543 dat
354 2504 519 2543 Fortunatus
531 2505 577 2532 lib.
594 2513 613 2543 t_,
625 2504 707 2534 curm.
719 2506 750 2543 76,
762 2504 816 2534 sed'
829 2508 851 2536 is
872 2508 1037 2543 Gallimagni
1062 2509 1088 2536 Ii-

294 2541 357 2569 liam
372 2540 582 2577 duxeratLDuas
594 2541 673 2574 forte,
683 2542 704 2570 si
717 2542 787 2571 idem
806 2543 852 2577 sit,
869 2551 965 2572 uxores
981 2540 1084 2573 habuit.

333 2581 344 2614 αξ
368 2577 476 2614 Ite.ng
496 2576 662 2614 Tridulphus.
680 2578 754 2612 Bec.,
771 2578 919 2614 Tridulftu.
999 2604 1010 2610 ,

332 2610 344 2631 ά
356 2610 503 2651 βίόΒηφ,
522 2612 578 2646 alii,
587 2610 851 2650 'cernerctur.'ltegni.
866 2610 967 2649 autem,
978 2624 1086 2651 cumque

301 2648 378 2676 Ursio
391 2656 407 2674 ιι
422 2648 492 2676 nullo
507 2656 587 2675 cwsus
598 2653 752 2677 cerneretur.

333 2687 345 2719 ﬁ
367 2682 485 2719 Ianoll).
501 2691 537 2710 m.
551 2688 577 2710 et
588 2682 682 2718 Regni.
699 2685 773 2711 deest
783 2683 957 2719 Godegisilus.

335 2717 350 2757 ‘4
366 2718 439 2745 Alias
454 2717 678 2761 Rotoial‘urti,naut
693 2719 828 2752 Ituolium,
841 2717 1013 2761 vulgonﬂtiei,
1024 2721 1087 2761 villa

296 2754 471 2786 regia.qr1am
487 2754 597 2781 Carolus
612 2754 710 2782 Calvus
733 2754 900 2784 monasterio
919 2757 948 2784 S.
965 2756 1086 2792 Dionysii

296 2789 417 2827 contulit.
432 2789 481 2827 ‘Ihi‘
493 2789 624 2827 hodieque
638 2789 703 2827 villa
723 2790 878 2827 lticlieliana
895 2792 998 2824 visitur,
1013 2800 1085 2827 pra:-

296 2823 453 2861 clarissiuiis
470 2823 588 2861 fontibus
605 2825 727 2860 insignis,
739 2826 926 2861 distinguenda
937 2835 951 2854 a
967 2823 1029 2854 villa
1044 2835 1088 2855 co-

296 2860 423 2922 gllttllliléle
439 2860 464 2886 in
478 2859 751 2895 Normauniaﬂiueil,
767 2862 801 2890 de
815 2859 866 2897 qua
877 2870 958 2898 supra
974 2863 1021 2893 lib.
1037 2871 1087 2897 vn,

313 2904 356 2922 ill).
406 2915 413 2922 ι

314 2904 356 2922 ill).
373 2904 413 2922 IU-

296 2902 452 2965 “Nam.
463 2935 491 2958 et
503 2927 581 2959 σοιῐ).
593 2939 643 2964 ω..
654 2933 737 2959 sancti
748 2931 874 2961 Remedii.
891 2934 952 2962 Iliec
965 2933 1086 2969 basilica,

328 2986 337 2998 “
350 2986 415 3014 Vide
426 2993 499 3018 supra
511 2991 591 3014 notam
603 2994 674 3019 quain
688 2993 783 3020 pagina:
792 2990 839 3016 225
854 2991 1008 3021 subjecimus.
1017 2991 1087 3018 bis.

1141 2387 1193 2414 est,
1209 2380 1323 2415 eoquod
1337 2380 1361 2408 ei
1375 2380 1536 2415 promiserat
1551 2381 1650 2416 Lupus,
1666 2387 1802 2415 nunquam
1821 2387 1852 2408 se
1873 2386 1932 2407 cum

1141 2447 1202 2477 qua:
1212 2443 1291 2477 antea
1302 2439 1386 2466 sancti
1399 2437 1584 2477 Christophori
1592 2438 1743 2477 dicebatur.
1750 2445 1793 2477 _ex_
1802 2437 1932 2477 [θεοφιλεῖ

1142 2472 1188 2507 do,
1206 2474 1309 2501 tumulo
1321 2479 1349 2501 et
1363 2474 1465 2501 crebris
1489 2472 1624 2501 miraculis
1647 2473 1794 2501 beatissimi
1817 2472 1931 2507 Remigii

1141 2510 1306 2538 Francorum
1319 2510 1433 2544 apostoli
1443 2510 1574 2536 illustrata
1587 2514 1613 2537 et
1625 2509 1738 2537 celebris
1749 2508 1817 2535 facta
1829 2512 1881 2535 est.
1894 2507 1930 2534 Ibi

1141 2553 1246 2572 sacrum
1258 2545 1379 2572 Chrisma
1391 2549 1541 2573 asservatur
1553 2545 1585 2571 ad
1598 2553 1688 2580 legum
1703 2549 1856 2580 nostrorum
1870 2550 1932 2570 con-

1141 2581 1355 2613 secrationem";
1378 2585 1406 2608 et
1428 2581 1534 2615 quidem
1557 2588 1589 2607 ex
1606 2578 1639 2607 iis
1655 2579 1790 2611 nonnulli,
1816 2578 1889 2615 sicut
1906 2580 1932 2605 et

1141 2617 1242 2651 aliquot
1250 2616 1362 2651 reginae,
1373 2614 1473 2643 ibidem
1485 2616 1631 2650 inaugurati
1642 2615 1801 2651 solemnitgr
1812 2614 1930 2642 fuerunt.

1139 2652 1169 2680 In
1182 2649 1212 2680 ea
1229 2649 1295 2679 vero
1318 2651 1428 2679 basilica
1446 2659 1499 2679 non
1521 2649 1607 2679 solum
1623 2652 1743 2685 plerique
1765 2649 1930 2685 Rheulorunt

1140 2687 1352 2722 archiepiscopi,
1366 2690 1413 2714 aut
1425 2687 1469 2714 alii
1485 2687 1533 2713 viri
1557 2681 1662 2714 nobiles
1675 2681 1706 2714 et
1725 2681 1931 2722 principespsed

1141 2724 1222 2751 etiam
1235 2719 1450 2750 'Carolomaunus
1468 2722 1557 2749 Caroli
1576 2722 1611 2749 Μ.
1634 2719 1733 2754 frater,
1759 2719 1931 2754 unnnullique

1142 2759 1187 2785 alii
1204 2758 1365 2785 Francorum
1381 2764 1457 2792 reges
1471 2762 1497 2784 et
1510 2758 1608 2792 reginae
1627 2757 1725 2791 sepulti
1737 2761 1810 2783 sunt.
1826 2755 1868 2783 ου
1884 2761 1931 2792 cu;-

1141 2793 1186 2828 jus
1200 2794 1383 2821 celebritatem
1398 2789 1426 2819 et
1437 2789 1634 2827 praerogativas,
1659 2789 1699 2819 ab
1711 2792 1787 2819 annis
1797 2792 1863 2818 circ.
1880 2789 1931 2817 600

1142 2828 1375 2865 arcliimon'as'terii
1392 2828 1471 2865 titulo
1491 2828 1589 2863 gaudet
1603 2837 1610 2865 ς
1633 2828 1763 2863 hodieque
1779 2827 1930 2865 perseverat

1143 2864 1194 2891 sub
1204 2864 1299 2891 ordine
1312 2861 1543 2899 sanctiBeneﬂ'icti
1555 2869 1582 2891 et
1591 2861 1823 2899 (iongregisancti
1837 2861 1928 2899 Mauri:

1144 2899 1223 2926 Plura
1235 2899 1257 2926 si
1272 2899 1358 2933 cupis.
1373 2898 1418 2926 adi
1434 2898 1627 2932 Frodonrdum,
1643 2893 1817 2926 aut'btarlot.
1828 2901 1900 2927 tutuo
1917 2893 1930 2923 Ι

1144 2934 1299 2970 Metropolis
1312 2933 1484 2970 Rbemensis,
1493 2934 1540 2964 lib.
1551 2942 1592 2969 Ill,
1607 2942 1667 2970 cap.
1681 2934 1698 2962 2
1708 2938 1736 2964 et
1745 2939 1823 2970 sein.

1398 3035 1452 3043 --—\
