4096 6344
323 356 423 422 193

1280 358 1603 421 HISTORIA
1640 349 2093 416 FRANCORUM.
2137 353 2343 409 LIBER
2378 349 2626 408 NONUS.

3483 345 3588 409 494

320 481 509 537 eodem
554 491 737 550 pacem
768 479 1049 549 facturum,
1083 480 1209 551 quia
1252 477 1446 534 fuisset
1481 476 1629 548 regis
1656 472 1904 545 cognitus
1933 472 1987 525 Α
2009 480 2281 521 secessum
2311 474 2433 521 exta
2482 463 2941 533 bistoriographus
2967 466 3204 522 narravit
3254 467 3515 526 Eusebius
3534 469 3589 528 ἀ.

321 570 595 627 inimicus.

395 663 512 719 XV.
568 664 727 734 Igitur
778 678 845 719 eo
890 672 1130 731 tempore
1156 663 1209 718 in
1268 662 1521 731 Hispania
1572 641 1907 715 Richaredus

319 770 441 822 rex,
472 764 824 824 compunctus
854 755 1202 811 miseratione
1230 753 1433 818 divina,
1465 751 1775 807 convocatis
1792 749 1911 819 epi-

320 848 504 917 scopis
534 847 806 918 religionis
832 863 964 916 suae,
997 848 1070 902 ait
1141 847 1250 901 Cur
1279 847 1415 902 inter
1444 860 1539 900 vos
1568 852 1623 899 et
1664 841 1914 898 sacerdo-

324 948 407 993 tes
434 938 575 1003 illos,
606 938 696 1007 qui
724 953 782 993 se
818 939 1109 993 catholicos
1132 938 1344 1005 dicunt,
1379 937 1579 1007 jugiter
1603 934 1913 990 scandalum

325 1038 689 1100 propagatur:
723 1039 775 1084 et
805 1044 926 1084 cum
961 1030 1032 1084 illi
1066 1045 1161 1100 per
1201 1029 1357 1084 ﬁdem
1389 1043 1539 1081 suam
1576 1027 1725 1089 signa
1751 1024 1915 1081 multa

326 1119 635 1185 ostendant,
665 1134 759 1175 vos
790 1120 922 1175 nihil
954 1120 1056 1175 tale
1086 1134 1246 1191 agere
1270 1119 1493 1188 potestis
1518 1119 1579 1172 αἳ
1608 1118 1721 1183 Qua
1765 1116 1831 1172 de
1859 1129 1917 1173 re

327 1210 633 1275 convenite,
655 1226 858 1279 quaeso,
889 1210 1050 1283 434
1071 1210 1252 1274 simul,
1282 1217 1337 1265 et
1365 1209 1615 1264 discussis
1643 1208 1917 1278 utriusque

320 1302 497 1377 partis
519 1302 944 1367 credulitatibus,
973 1316 1094 1372 quae
1120 1316 1243 1358 vera
1267 1311 1391 1356 sunt
1411 1316 1834 1371 cognoscamus;
1864 1306 1919 1355 et

331 1406 463 1454 tunc
492 1402 583 1448 aut
618 1403 834 1461 accepta
863 1394 939 1448 illi
968 1409 998 1448 a
1024 1393 1173 1449 vobis
1206 1394 1413 1449 ratione
1439 1409 1502 1449 ea
1543 1392 1764 1449 credant
1802 1407 1919 1463 quae

332 1487 536 1553 dicitis,
567 1495 659 1540 aut
684 1497 831 1542 certe
862 1502 955 1542 vos
982 1488 1050 1542 ab
1078 1487 1184 1543 illis
1213 1487 1490 1543 veritatem
1523 1497 1875 1558 agnoscentes
1899 1524 1915 1552 ,

325 1596 454 1651 quae
482 1579 890 1651 pratdieaverint
917 1582 1025 1650 jvos
1054 1580 1307 1636 credatis.
1354 1580 1506 1649 Quod
1552 1595 1673 1635 cum
1723 1578 1921 1635 factum

328 1672 545 1739 luisset,
576 1675 915 1742 congregatis
942 1674 1215 1742 utriusque
1274 1674 1439 1742 partis
1485 1673 1771 1742 episcOpis,
1802 1686 1923 1742 pro-

332 1775 629 1838 posuerunt
659 1766 897 1821 haeretici
924 1768 1014 1822 illa
1039 1783 1159 1835 quas
1188 1768 1383 1835 saepius
1405 1767 1471 1820 ab
1499 1766 1629 1835 ipsis
1649 1765 1791 1819 dicta
1810 1764 1921 1834 jam

2010 554 2117 612 Sed
2147 570 2267 610 cum
2289 556 2404 610 haec
2433 558 2624 625 populo
2646 565 2804 612 sectae
2824 572 2933 612 suae
2952 558 3175 615 credere
3196 576 3301 614 non
3326 564 3528 618 sineret
3541 573 3594 635 O,

2013 654 2069 701 et
2112 646 2180 700 ad
2226 647 2665 701 consentiendum
2696 650 2745 702 ei
2777 663 3066 718 paucorum
3095 649 3297 709 faveret
3331 655 3596 730 adulatio,

2013 746 2311 801 commotus
2337 735 2478 803 felle,
2499 739 2770 808 ingressus
2790 740 2846 795 in
2866 742 3118 799 cellulam
3144 761 3318 815 suam,
3342 747 3596 805 inclinato

2013 830 2177 900 super
2204 831 2457 886 lectulum
2488 835 2683 900 capite,
2732 851 2959 905 nequam
3004 840 3252 907 spiritum
3301 841 3594 901 exhalavit.

2017 924 2213 991 Sicque
2247 924 2621 979 haereticorum
2645 928 2893 997 populus,
2929 930 2981 983 in
3010 930 3121 998 ipsa
3153 934 3456 990 consistens
3475 950 3599 1004 pro-

2018 1014 2212 1078 vincia,
2255 1014 2663 1084 inseparabilem
2710 1017 3024 1075 Trinitatem
3070 1022 3371 1093 confessus,
3412 1026 3479 1081 ab
3509 1042 3599 1083 er-

2019 1121 2140 1162 rore
2168 1106 2434 1163 discessit.

2093 1197 2235 1253 XVI.
2289 1199 2530 1255 Postbaec
2573 1201 2908 1260 Richaredus
2961 1206 3281 1277 legationem
3325 1214 3393 1269 ad
3430 1214 3604 1273 Gunt-

2021 1292 2337 1348 chramnum
2368 1302 2530 1364 atque
2556 1295 2622 1349 ad
2652 1294 3048 1353 Childebertum
3077 1301 3269 1358 direxit
3300 1307 3443 1374 pacis
3484 1322 3605 1381 gra-

2023 1383 2117 1447 tia,
2151 1390 2212 1437 ut
2238 1382 2462 1450 scilicet,
2497 1386 2635 1441 sicut
2660 1387 2714 1442 in
2757 1388 2864 1444 ﬁde
2906 1405 2964 1445 se
2994 1394 3270 1449 asserebat
3300 1412 3483 1464 unum,
3532 1402 3608 1457 ita

2020 1482 2079 1529 et
2107 1474 2365 1529 charitate
2387 1492 2446 1533 se
2462 1488 2737 1546 praestaret
2767 1481 2993 1537 unitum.
3022 1482 3130 1539 Sed
3155 1501 3183 1539 a
3205 1487 3608 1549 Guntchramno

2025 1581 2150 1637 rege
2208 1570 2407 1638 repulsi
2460 1580 2605 1638 sunt,
2660 1572 2871 1630 dicente
2918 1594 2933 1631 :
2984 1579 3208 1645 Qualem
3267 1583 3397 1638 mihi
3448 1585 3609 1643 ﬁdem

2027 1662 2338 1729 promittere
2374 1662 2618 1731 possunt,
2661 1678 2753 1721 aut
2800 1671 3245 1739 quemadmodum
3273 1691 3302 1730 a
3334 1693 3421 1734 me
3460 1682 3609 1737 credi

2028 1753 2246 1820 debent,
2277 1757 2365 1823 qui
2399 1766 2613 1825 neptem
2647 1774 2821 1815 meam
2850 1762 3138 1832 lngundetn
3170 1770 3221 1821 in
3249 1768 3611 1835 captivitatem
3658 1802 3661 1805 ν

332 1857 671 1927 scripsimus.
720 1857 978 1913 Similiter
1008 1856 1403 1927 responderunt
1439 1855 1676 1923 episcopi
1724 1862 1924 1909 ηοειιιω
1958 1864 2005 1925 Β
2035 1845 2386 1914 tradiderunt,
2423 1858 2470 1903 et
2498 1866 2592 1919 per
2622 1866 2810 1907 eorum
2843 1855 3079 1923 insidias,
3111 1871 3165 1914 et
3192 1861 3271 1915 vir
3298 1864 3414 1932 ejus
3442 1865 3612 1921 inter-

336 1951 615 2022 religionis
638 1966 699 2007 ea
729 1953 798 2007 de
826 1954 1021 2023 quibus
1062 1953 1437 2008 luereticorum
1468 1962 1670 2021 partem
1697 1952 1929 2021 plerum-

332 2058 444 2114 que
473 2044 667 2098 victam
700 2044 854 2099 libris
901 2044 1271 2115 superioribus
1315 2044 1845 2111 demonstravimus;
1876 2053 1931 2099 et

336 2140 634 2210 praesertim
661 2155 782 2195 cum
812 2155 909 2196 rex
938 2141 1141 2196 diceret
1176 2139 1319 2210 quod
1351 2140 1555 2194 nullum
1591 2139 1801 2210 signum
1845 2153 1932 2191 sa-

330 2228 525 2285 nitatis
553 2244 713 2299 super
742 2230 990 2286 inﬁrmos
1035 2231 1103 2287 ab
1150 2232 1527 2287 haereticorum
1559 2232 1932 2285 ostenderetur

334 2322 637 2391 episcopis,
670 2339 731 2378 ac
773 2326 826 2379 in
869 2328 1127 2381 memoria
1173 2326 1462 2396 replicaret
1490 2327 1756 2395 qualiter,
1798 2335 1933 2380 tem-

338 2425 474 2483 pore
499 2416 757 2483 genitoris
780 2416 881 2481 sui,
906 2421 1189 2487 episcopus
1211 2419 1300 2487 qui
1330 2433 1388 2471 se
1405 2417 1641 2487 jactabat
1658 2432 1753 2487 per
1777 2416 1932 2470 ﬁdem

340 2520 453 2566 non
500 2517 698 2563 rectam
730 2510 890 2565 caecis
934 2511 1221 2565 restituere
1262 2512 1475 2577 lumen,
1510 2518 1651 2564 tacto
1702 2524 1844 2565 caeco
1872 2516 1937 2564 et

335 2602 573 2656 weitati
627 2614 897 2671 perpetua:
947 2602 1202 2657 damnato
1259 2602 1596 2656 discessisset
1650 2599 1935 2664 confusus,

338 2692 489 2759 quod
510 2707 606 2746 nos
622 2692 672 2746 in
702 2692 838 2746 libro
862 2692 1234 2748 Miraculorum
1259 2693 1466 2764 plenius
1482 2691 1871 2747 declaravimus
1886 2690 1935 2754 δ,

342 2780 559 2836 vocavit
586 2780 650 2835 ad
692 2796 753 2837 se
795 2797 1035 2837 seorsum
1081 2784 1390 2838 sacerdotes
1420 2781 1535 2836 Dei.
1569 2781 1778 2847 Quibus
1819 2798 1941 2852 per-

334 2874 622 2939 scrutatis,
655 2872 904 2944 cognovit
929 2888 1089 2928 unum
1121 2873 1291 2929 Deum
1331 2873 1433 2927 sub
1461 2873 1809 2928 distinctione
1836 2872 1939 2927 coli

338 2979 701 3036 personarum
734 2966 915 3033 trium,
960 2966 1013 3020 id
1056 2976 1138 3021 est
1175 2966 1352 3021 Patris
1380 2974 1436 3020 et
1484 2965 1603 3019 Filii
1636 2974 1689 3020 et
1712 2964 1942 3033 Spiritus

342 3057 557 3123 sancti;
592 3071 695 3112 nec
739 3059 1001 3111 minorem
1047 3057 1240 3111 Filium
1272 3056 1431 3111 Patre
1459 3056 1770 3125 Spirituque
1812 3069 1941 3109 san-

347 3156 462 3215 cto,
492 3164 663 3219 neque
694 3149 950 3219 Spiritum
981 3158 1224 3204 sanctum
1256 3149 1518 3204 minorem
1553 3148 1711 3203 Patre
1736 3148 1824 3204 vel
1855 3146 1944 3202 Fi-

2030 1939 2204 1996 fectus
2250 1951 2352 2008 est,
2402 1953 2456 1998 et
2485 1943 2598 2013 ipsa
2626 1945 2680 1998 in
2708 1948 3136 2016 peregrinatione
3184 1951 3469 2010 defuncta?
3497 1956 3615 2014 Non

2031 2034 2233 2102 recipio
2278 2048 2408 2104 ergo
2437 2035 2755 2105 legationem
2789 2039 3101 2110 Richaredi,
3136 2043 3307 2099 donec
3360 2063 3445 2102 me
3477 2049 3617 2105 Deus

2035 2126 2216 2180 ulcisci
2264 2127 2447 2196 jubeat
2471 2130 2536 2183 de
2568 2129 2650 2183 his
2679 2130 2929 2186 inimicis.
2960 2133 3090 2189 Haec
3117 2138 3275 2205 legati
3304 2140 3614 2209 audientes,

2033 2220 2099 2274 ad
2152 2219 2553 2276 Childebertum
2607 2224 3034 2292 proﬁciscuntur,
3081 2244 3241 2299 aquo
3282 2240 3338 2286 et
3392 2234 3443 2286 in
3487 2248 3618 2303 pace

2038 2312 2246 2379 excepti
2278 2320 2421 2374 sunt,
2455 2312 2731 2370 dicentes:
2766 2315 2890 2370 Vult
2916 2332 2975 2371 se
3003 2318 3254 2375 dominus
3287 2334 3490 2390 noster,
3516 2323 3619 2380 fra-

2039 2409 2119 2456 ter
2148 2411 2267 2456 tuus
2297 2403 2648 2473 Ilicltaredus,
2679 2407 2747 2463 de
2778 2408 2880 2464 hoc
2907 2411 3133 2468 crimine
3173 2429 3371 2469 exuere
3399 2416 3541 2486 quod
3570 2419 3621 2475 ei

2039 2493 2350 2561 imponitur,
2385 2498 2537 2564 quasi
2581 2498 2634 2553 in
2684 2515 2907 2555 mortem
2957 2505 3158 2559 sororis
3198 2517 3391 2563 vestrae
3431 2508 3624 2565 fuisset

2040 2589 2322 2657 conscius;
2354 2590 2421 2646 de
2446 2607 2571 2661 quo,
2606 2605 2964 2663 sacramento,
2992 2597 3037 2652 si
3064 2599 3249 2665 vultis,
3281 2603 3626 2673 autqualibet

2042 2681 2141 2735 alia
2190 2683 2503 2739 conditione
2550 2685 2775 2741 idoneus
2814 2688 2965 2743 reddi
3002 2699 3195 2759 potest.
3249 2692 3449 2749 Deinde
3486 2694 3626 2749 datis

2040 2773 2225 2842 gratia:
2256 2786 2449 2828 vestrae
2477 2774 2663 2830 decem
2695 2778 2932 2833 millibus
2957 2780 3275 2848 solidorum,
3300 2783 3624 2840 'charitatem

2042 2878 2273 2920 vestram
2306 2867 2502 2923 habere
2538 2869 2848 2935 desiderat;
2880 2881 2935 2927 et
2966 2882 3023 2927 ut
3074 2874 3165 2929 ille
3218 2886 3394 2931 vestro
3446 2886 3628 2934 utatur

2042 2956 2251 3022 solatio,
2282 2966 2338 3011 et
2363 2972 2457 3012 vos
2495 2959 2632 3027 ejus,
2663 2961 2751 3014 ubi
2775 2976 2999 3017 necesse
3026 2962 3204 3031 fuerit,
3238 2966 3628 3039 beneliciis‘po-

2046 3048 2270 3103 tiamini.
2313 3050 2439 3105 time
2482 3051 2585 3107 illis
2632 3052 2963 3121 dicentibus,
3002 3058 3361 3125 promiserunt
3405 3062 3627 3118 Childe-

2040 3139 2229 3205 bertus
2260 3156 2349 3196 rex
2378 3151 2434 3198 et
2478 3152 2649 3199 mater
2677 3144 2797 3215 ejus
2838 3162 3021 3215 pacem
3060 3160 3116 3204 et
3142 3150 3461 3206 charitatem
3502 3169 3625 3210 cum

350 3240 449 3310 ﬁo,
479 3244 573 3299 sed
620 3245 673 3298 ίη
708 3260 809 3299 una
856 3244 1167 3315 aequalitate
1191 3253 1352 3315 atque
1379 3242 1764 3315 omnipotentia
1801 3244 1939 3299 hanc
1967 3249 2014 3314 ρ
2047 3233 2163 3303 ipso
2209 3248 2269 3289 se
2298 3235 2504 3305 integre
2553 3237 2933 3294 custodituros.
2981 3240 3337 3311 Acceptisque
3380 3259 3442 3299 ac
3489 3245 3630 3302 datis

350 3335 666 3393 Trinitatem
696 3353 882 3393 verum
914 3338 1082 3392 Deum
1114 3338 1287 3393 lateri.
1322 3337 1474 3394 Tunc
1518 3337 1818 3408 intelligens
1850 3353 1944 3394 ve-

353 3425 565 3483 ritatem
614 3426 966 3493 Richaredus,
1022 3426 1317 3497 postposita
1344 3428 1715 3493 altercatione,
1763 3442 1822 3483 se
1848 3443 1942 3484 ca-

352 3517 569 3575 tholicae
596 3519 699 3588 legi
718 3519 1044 3585 subdidit,et
1072 3530 1295 3590 accepto
1322 3521 1600 3590 signaculo
1629 3519 1802 3575 beata:
1819 3534 1943 3577 cru-

353 3610 437 3665 cis
466 3624 585 3664 cum
611 3608 915 3665 chrismatis
944 3610 1225 3676 unetibue,
1254 3610 1483 3665 credidit
1526 3610 1814 3666 Dominum
1850 3610 1943 3667 Je-

344 3714 478 3760 Ium
505 3700 775 3755 Christum
797 3700 987 3756 Filium
1013 3700 1107 3756 Dei
1132 3701 1393 3771 aequalem
1424 3702 1571 3757 Patri
1594 3716 1715 3757 cum
1739 3701 1945 3772 Spiritu

348 3806 564 3860 sancto,
622 3805 931 3865 regnantem
998 3795 1053 3849 in
1116 3796 1310 3850 saecula
1356 3797 1696 3852 saeculorum.
1748 3795 1942 3852 Amen.

342 3889 565 3947 :Deinde
596 3888 810 3944 nuntios
840 3888 999 3965 mittit
1044 3888 1108 3941 ad
1145 3887 1474 3957 provinciam
1522 3888 1939 3953 Narbonensem,

357 3982 554 4052 quibus
583 3980 919 4036 narrantibus
949 3994 1010 4034 ea
1039 3993 1160 4049 quae
1206 3978 1296 4033 ille
1324 3991 1584 4048 gesserat,
1631 3980 1793 4037 simili
1828 3994 1946 4034 cre-

362 4071 590 4129 dulitate
616 4072 841 4142 populus
871 4071 959 4126 ille
980 4078 1392 4126 connecteretur
1421 4080 1468 4124 ο.
1503 4070 1632 4125 Erat
1653 4071 1796 4124 enim
1821 4081 1947 4124 tunc

362 4167 624 4236 temporis
654 4167 865 4221 Arianae
896 4157 1058 4222 sectae
1088 4166 1368 4235 episc0pus
1398 4166 1709 4232 Athalocus,
1750 4165 1839 4235 qui
1876 4165 1946 4219 ita

362 4273 465 4330 per
502 4261 661 4331 435
709 4262 1106 4331 propositiones
1153 4274 1317 4314 vanas
1368 4274 1432 4315 ac
1480 4259 1948 4329 interpretationes

358 4352 532 4409 ‘Ialsas
576 4352 998 4421 Scripturarum,
1032 4352 1303 4408 Ecclesias
1344 4350 1438 4407 Dei
1467 4352 1842 4420 conturbabat,
1892 4362 1950 4409 ut

367 4450 647 4515 putaretur
676 4442 819 4514 quod
847 4443 962 4513 ipse
988 4452 1130 4521 esset
1154 4445 1337 4510 Arius,
1368 4458 1526 4514 quem
1558 4442 1853 4514 proiecisse
1892 4445 1948 4500 in

2049 3328 2381 3394 muneribus,
2407 3328 2570 3401 436
2588 3331 2907 3386 addiderunt
2934 3332 3092 3402 legati
3117 3351 3132 3389 :
3164 3334 3330 3390 Jussit
3351 3337 3509 3392 etiam
3532 3338 3630 3393 do-

2042 3422 2222 3477 minus
2271 3430 2454 3477 noster
2503 3438 2702 3493 ponere
2742 3425 2963 3481 verbum
3008 3427 3060 3481 in
3098 3427 3316 3483 auribus
3343 3430 3537 3485 vestris
3561 3432 3631 3486 de

2046 3514 2153 3569 ﬁlia
2184 3517 2296 3570 sive
2324 3530 2511 3571 sorore
2539 3526 2711 3571 vestra
2740 3518 3101 3574 Chlodosinda
3151 3518 3194 3590 ί,
3226 3530 3283 3576 ut
3310 3525 3358 3578 ei
3386 3522 3631 3579 tradatur

2044 3609 2099 3665 in
2152 3612 2576 3679 matrimonium,
2627 3629 2735 3682 quo
2780 3611 2995 3669 facilius
3026 3630 3124 3684 pax
3178 3631 3297 3685 quae
3351 3617 3493 3675 inter
3533 3633 3630 3676 vos

2044 3703 2394 3771 promittitur,
2444 3703 2815 3761 conﬁrmetur.
2849 3705 2945 3768 Qui
2990 3705 3241 3760 dixerunt
3277 3724 3289 3759 :
3339 3707 3630 3766 Promissio

2043 3808 2229 3853 nostra
2259 3812 2323 3852 ex
2356 3796 2457 3851 hoc
2497 3798 2690 3853 habilis
2711 3797 2943 3863 dabitur,
2974 3799 3069 3853 sed
3112 3800 3228 3854 sine
3254 3803 3424 3869 patrui
3459 3778 3629 3858 nostri

2048 3886 2430 3944 Guntchrautni
2477 3890 2616 3959 regis
2658 3891 2887 3945 consilio
2935 3890 3049 3946 haec
3079 3893 3255 3947 facere
3303 3909 3410 3948 non
3459 3894 3628 3950 aude-

2046 3996 2167 4035 mus
2192 3998 2207 4034 :
2241 3982 2559 4050 promissum
2581 3985 2721 4036 enim
2761 3982 3019 4038 habemus
3048 3983 3117 4039 de
3145 3984 3434 4055 majoribus
3456 3986 3633 4046 causis

2047 4072 2181 4126 nihil
2231 4076 2348 4128 sine
2392 4074 2509 4141 ejus
2535 4073 2763 4128 consilio
2809 4088 2988 4143 agere.
3030 4076 3267 4144 Accepto
3307 4077 3485 4147 itaque
3540 4093 3631 4136 re-

2047 4184 2247 4238 sponso
2277 4169 2566 4225 redierunt.

2123 4262 2289 4317 XVII.
2338 4261 2419 4317 Eo
2450 4271 2476 4310 ε
2503 4277 2645 4317 anno
2690 4276 2859 4319 verno
2913 4271 3154 4334 tempore
3202 4265 3401 4335 pluvia:
3439 4266 3634 4324 valida

2049 4350 2286 4420 fuerunt,
2312 4364 2367 4409 et
2395 4368 2515 4408 cum
2541 4352 2651 4423 jam
2682 4355 2762 4408 vel
2791 4356 3012 4411 arbores
3037 4356 3120 4410 vel
3148 4358 3320 4413 vincte
3364 4358 3633 4417 fronduis-

2051 4458 2194 4516 sent,
2219 4447 2310 4503 nix
2336 4447 2559 4504 decidua
2582 4456 2770 4504 cuncta
2796 4451 3027 4518 aperuit.
3042 4450 3399 4524 Subsequenti
3421 4468 3637 4527 quoque

488 4626 624 4681 limo
648 4626 749 4685 fuit
771 4627 916 4681 omni
950 4635 1187 4697 tempore
1210 4626 1503 4697 catholicos
1534 4627 1671 4681 inter
1696 4634 1750 4681 et
1776 4628 1946 4683 haere-
1971 4626 2026 4687 D
2053 4633 2151 4695 let,
2182 4640 2292 4685 etc.
2342 4627 2530 4682 Tradit
2561 4627 2755 4682 Paulus
2806 4628 2951 4684 Diae.
3004 4629 3353 4684 Etueritensis
3400 4630 3451 4683 in
3503 4631 3637 4687 Vitis

373 4698 507 4753 lices
529 4697 822 4763 distinctio,
854 4696 1076 4767 utprimi
1100 4698 1369 4752 miraculis
1394 4696 1549 4752 ﬁdem
1578 4712 1725 4752 suam
1752 4714 1935 4767 appro-

371 4766 585 4831 barent,
610 4768 751 4838 Quod
792 4769 878 4823 alii
915 4766 1165 4836 praestare
1214 4784 1319 4822 non
1351 4778 1615 4837 poterant,
1650 4766 1799 4823 uteri
1825 4766 1937 4823 flre-

377 4856 515 4903 nmo,
549 4841 893 4903 Tertulliano,
924 4840 1169 4904 Eusebio,
1198 4840 1481 4909 Cypriano,
1511 4839 1732 4909 aliisque
1755 4840 1940 4895 obser—

340 4912 621 4965 fvavimus
650 4912 699 4964 in
731 4910 869 4965 nolis
916 4910 980 4963 ad
1014 4912 1153 4981 iActa
1197 4906 1487 4981 martyrum
1517 4906 1794 4981 pag.ii5l,
1836 4926 1939 4979 quo

336 5014 339 5015 ν
376 4991 691 5046 argumento
723 4983 965 5035 utebatur
1012 4980 1246 5034 Nicetius
1273 4980 1607 5034 Trevirensis
1633 4980 1684 5033 in
1714 4981 1940 5048 epistola

335 5074 345 5081 -
376 5052 448 5105 ad
476 5051 946 5105 Chlodoswindam
979 5061 1162 5104 contra
1193 5050 1439 5104 Ariauos.

386 5152 387 5155 η
453 5120 480 5160 δ
523 5119 777 5177 Videlicet
816 5125 868 5174 in
915 5121 1051 5175 libro
1084 5120 1151 5173 de
1194 5118 1373 5174 Gloria
1413 5120 1654 5174 Conless.
1704 5134 1823 5188 cap.
1857 5119 1944 5174 t5.

381 5191 517 5246 Vide
541 5203 595 5248 et
622 5208 778 5262 supra
808 5192 897 5246 lib.
930 5206 991 5260 tt,
1020 5205 1140 5259 cap.
1171 5190 1224 5246 5.
1258 5190 1333 5245 De
1371 5191 1474 5245 hoc
1502 5190 1767 5262 colloquio
1790 5190 1946 5247 Joan.

334 5284 344 5292 '
385 5262 578 5319 Dielar.
602 5265 665 5317 ad
693 5279 780 5319 an.
829 5263 953 5317 588.

333 5356 339 5369 ·
459 5345 481 5374 ε
521 5334 675 5389 Colb.
703 5351 777 5400 a.,
810 5333 911 5399 Qui
939 5340 1203 5386 narrantes
1226 5349 1376 5387 ea....
1403 5332 1743 5386 connectitur.

454 5401 483 5443 δ
523 5404 744 5461 Ruﬁnus
789 5406 1001 5460 Eusebii
1039 5404 1189 5459 libris
1236 5404 1477 5457 Historiae
1500 5403 1797 5457 ecclesiast.
1822 5404 1956 5457 duos

336 5508 343 5519 ι
378 5475 601 5544 adjecit,
647 5474 739 5531 sed
763 5492 885 5530 cum
932 5476 1218 5541 Gregorius
1258 5475 1451 5544 aliique
1483 5472 1686 5528 similes
1710 5480 1957 5528 auctores

342 5590 343 5593 η
385 5547 607 5603 Eusebii
652 5546 934 5601 Historiam
983 5546 1199 5602 aliunde
1231 5562 1333 5599 non
1380 5550 1642 5599 noverant
1684 5560 1842 5614 quant
1886 5559 1955 5599 ex

344 5648 351 5661 ι
384 5616 567 5674 Ruﬁni
590 5620 856 5681 versione,
885 5626 1055 5671 totum
1082 5618 1197 5686 ejus
1219 5633 1355 5686 opus
1375 5617 1476 5672 sub
1499 5616 1709 5669 Eusebii
1740 5617 1958 5671 nomine

386 5687 698 5746 laudabant.
725 5688 838 5743 Arii
874 5696 1052 5743 autem
1100 5690 1345 5745 interitus
1386 5686 1713 5744 describitur
1762 5687 1858 5741 lib.
1903 5700 1957 5751 x,

386 5759 718 5902 βξέέέιυη
744 5829 851 5888 Sed
872 5845 985 5885 cum
1011 5829 1090 5885 hic
1108 5829 1324 5901 populus
1339 5840 1524 5888 sectam
1542 5829 1681 5887 illius
1696 5828 1837 5896 sequi
1855 5828 1967 5884 nol-

2041 4705 2143 4761 PP.
2179 4702 2423 4764 Emerit.,
2446 4714 2561 4766 cap.
2593 4698 3013 4769 19,7Athalocum
3039 4703 3203 4769 episc.
3231 4703 3487 4754 Arianum
3512 4716 3634 4756 cum

2045 4774 2110 4829 η
2138 4771 2423 4827 comitibus
2464 4769 2602 4839 apud
2657 4768 2959 4823 Nar‘bonam
3013 4771 3332 4825 seditionem
3372 4772 3636 4827 adversus

2042 4845 2403 4899 Reccaredum
2451 4840 2825 4906 commovisse,
2861 4856 3152 4910 eorumque
3198 4854 3422 4895 conatus
3471 4843 3635 4898 fuisse

2045 4917 2249 4979 irritos,
2278 4926 2578 4981 quanquam
2626 4913 2676 4964 in
2719 4912 2799 4963 sui
2845 4910 3139 4981 subsidium
3189 4911 3426 4967 Francos
3469 4913 3637 4967 advo-

2046 4980 2468 5041 cassentCJoau.
2505 4981 2695 5034 Biclar.
2723 4994 2863 5033 anno
2900 4981 2919 5031 l
2958 4980 3247 5036 Reccaredi
3281 4983 3524 5037 meminit
3556 4984 3639 5038 vi-

2048 5055 2233 5111 ctoriae
2264 5053 2523 5106 advertens
2553 5050 2788 5123 Francos
2817 5052 2883 5104 ab
2912 5052 3075 5116 ipsius
3103 5052 3328 5123 ducibus
3356 5052 3561 5123 relatae,
3589 5055 3641 5108 in

2050 5142 2152 5197 qua
2178 5123 2507 5197 Desiderium
2539 5121 2735 5197 ducem
2758 5135 2879 5197 cum
2894 5123 3073 5197 multis
3104 5120 3326 5197 Francis
3362 5120 3639 5197 interiisse

2053 5190 2336 5252 memorat.
2368 5193 2480 5247 Alia
2502 5202 2604 5256 est,
2637 5192 2691 5264 ni
2715 5190 2892 5256 fallor,
2916 5192 3213 5264 conjuratio
3243 5194 3444 5249 Sunna:
3466 5195 3636 5264 episc.

2055 5266 2239 5325 Ariani
2264 5277 2315 5320 et
2337 5266 2564 5319 aliorum
2588 5260 2845 5317 adversus
2875 5263 3258 5326 Heccaredum,
3293 5280 3449 5333 quum
3496 5260 3641 5322 idem

2058 5338 2250 5393 Biclar.
2285 5338 2349 5390 ad
2373 5350 2462 5389 an.
2490 5345 2801 5402 sequentem
2836 5334 3016 5388 refert.
3054 5333 3179 5388 Item
3205 5350 3344 5389 anno
3375 5336 3641 5391 lteccare-

2050 5409 2113 5464 di
2137 5410 2295 5464 tertio
2324 5406 2642 5469 deprehensi
2675 5414 2800 5459 sunt
2857 5404 3028 5459 Uldila
3055 5406 3338 5475 episcopus
3365 5421 3486 5462 cum
3539 5405 3647 5463 Go-

2061 5480 2257 5543 suiuta,
2291 5482 2377 5547 qui
2400 5478 2572 5532 eidem
2606 5478 2714 5545 regi
2774 5475 2994 5529 insidias
3026 5476 3338 5545 tendebant,
3400 5487 3459 5532 ιιι
3506 5478 3644 5534 dixi-

2064 5567 2182 5606 mus
2211 5551 2274 5602 ad
2297 5566 2415 5615 cap.
2454 5552 2472 5601 l
2509 5548 2662 5615 hujus
2690 5548 2829 5599 libri.

2145 5622 2160 5659 τ
2194 5620 2329 5673 lulra
2360 5634 2477 5688 cap.
2495 5620 2564 5671 20
2585 5618 2780 5672 dicitur
2805 5616 3209 5676 Chlodosuinda.
3236 5619 3369 5678 Vide
3402 5628 3555 5677 uetas
3583 5620 3640 5677 it)

2064 5708 2182 5763 cap.
2208 5690 2299 5743 ‘25.

2141 5774 2165 5813 ε
2205 5764 2375 5833 Caput
2403 5760 2539 5817 istud
2571 5774 2691 5815 cum
2720 5775 2831 5831 seq.
2862 5761 3014 5818 deest
3043 5765 3093 5819 in
3114 5763 3266 5821 Golb.
