4096 6344
544 266 649 323 495

1571 266 1630 322 S.
1673 263 2001 322 GREGORH
2045 261 2356 322 EPISCOPI
2394 259 2824 323 TURONENSIS

3716 259 3818 331 496

541 391 684 460 gelu,
736 398 842 445 tam
892 391 1140 459 palmites
1180 393 1457 450 vinearum
1506 409 1665 466 quam
1708 393 1896 464 reliqui
1927 392 2128 449 osteusi
2157 394 2207 453 Α
2232 406 2324 448 cos
2350 391 2596 460 superius
2623 391 2854 447 diximus
2881 389 3015 459 (Lib.
3048 405 3151 459 vn,
3178 404 3295 461 cap.
3318 384 3411 462 47)
3442 393 3815 467 terminatum,

546 484 744 536 fructus
780 483 977 538 incensi
997 494 1138 539 sunt.
1162 484 1470 556 Tantttsquc
1493 487 1638 557 rigor
1660 486 1826 541 fuisse
1852 487 1998 541 visus
2017 492 2125 553 est,

541 585 600 629 ut
628 575 787 629 etiam
824 577 1137 631 hirundines
1167 588 1220 632 et
1248 578 1424 644 alites,
1458 594 1578 647 quae
1597 578 1666 633 de
1694 578 1929 633 externis
1954 578 2130 649 regio-

543 666 701 721 nibus
751 675 1027 731 venerant,
1085 666 1135 721 vi
1190 667 1389 737 algoris
1446 668 1939 737 exstinguerentur.
1989 666 2126 721 illud

540 759 701 813 etiam
725 758 1038 813 admirabile
1068 759 1188 828 fuit,
1206 759 1346 830 quod
1366 760 1452 816 ubi
1481 774 1750 829 nunquam
1775 758 1896 830 gelu
1923 758 2125 826 nocuit,

541 860 666 904 tunc
708 849 889 903 omnia
933 848 1170 919 abstulit,
1202 860 1257 906 et
1299 866 1365 906 eo
1390 850 1481 905 ubi
1529 857 1883 907 consueverat
1916 847 2129 920 ,lzedere

536 956 645 995 non
677 943 921 997 accessit.

607 1031 788 1086 XVIII.
825 1032 1061 1086 Britanni
1093 1042 1120 1071 ι
1176 1049 1387 1105 quoque
1440 1035 1707 1091 irruentes
1734 1035 1801 1104 lin
1839 1034 2130 1091 terminum

536 1123 925 1190 Namneticnm,
958 1127 1169 1195 praedas
1198 1140 1453 1197 egerunt,
1483 1130 1838 1199 pervadentes
1866 1128 2051 1197 villas,
2076 1136 2131 1184 et

536 1218 774 1287 captivos
808 1218 1153 1275 abducentes.
1184 1222 1336 1288 Quod
1382 1237 1505 1277 cum
1557 1222 1966 1278 Guntchramno
1997 1220 2132 1292 {regi

536 1312 801 1380 perlatum
834 1311 1037 1377 luisset,
1070 1313 1236 1383 jussit
1260 1317 1591 1371 commoveri
1631 1317 1951 1381 exercitum,
2002 1314 2131 1369 diri-

535 1417 666 1471 gens
698 1404 820 1457 illnc
849 1404 1089 1458 nuntium
1119 1407 1207 1475 qui
1245 1406 1325 1460 eis
1364 1407 1700 1479 loqueretur,
1733 1418 1793 1465 ut
1838 1421 2133 1478 compone-

535 1504 658 1550 rent
687 1506 875 1550 cuncta
908 1513 1027 1567 quae
1059 1499 1198 1554 male
1228 1511 1529 1570 gesserant,
1558 1510 1653 1557 aut
1695 1511 1842 1559 certe
1883 1502 2133 1558 noverint

535 1603 594 1644 se
623 1590 799 1659 gladio
824 1607 1043 1646 casuros
1070 1596 1137 1647 ab
1166 1597 1403 1650 exercitu
1447 1596 1584 1666 ejus.
1618 1598 1688 1652 At
1738 1597 1814 1651 illi
1846 1596 2093 1651 timentes
2112 1637 2129 1664 ,

536 1681 853 1749 promittunt
879 1696 937 1737 se
960 1684 1141 1738 omnia
1167 1701 1285 1754 qua:
1311 1687 1451 1740 male
1476 1696 1778 1756 gesserant,
1811 1686 2124 1743 emendare.

2232 498 2286 539 ιη
2314 484 2609 540 redivivam
2629 498 2839 539 rursum
2865 482 3127 539 insaniam
3157 484 3346 555 surgit.
3364 482 3498 541 Nam
3524 485 3817 559 Sieltarins,

2231 588 2356 630 cum
2402 584 2525 646 post
2568 574 2996 631 interfectionem
3042 584 3325 645 parentum
3370 574 3817 636 Chramnisiudi'

2231 681 2477 737 magnam
2506 680 2630 723 cum
2664 680 2733 723 eo
2768 666 3060 723 amicitiam
3102 669 3425 737 patravisset
3459 677 3516 726 et
3543 670 3597 727 in
3621 680 3822 731 tantum

2231 773 2293 815 se
2321 758 2590 815 ebaritate
2632 766 2819 815 mutua
2858 759 3175 831 diligerent,
3204 770 3262 817 ut
3308 761 3628 836 plerumque
3666 765 3825 825 simul

2228 851 2409 910 cibum
2439 862 2693 922 caperent
2733 867 2797 910 ac
2840 853 2896 910 in
2924 868 3035 910 uno
3078 855 3281 925 pariter
3324 865 3496 915 strato
3540 860 3823 917 recumbe-

2231 952 2384 1008 rent,
2432 942 2663 1014 quadam
2718 943 2809 1000 die
2855 958 3065 1001 orenam
3116 944 3219 1002 sub
3266 958 3533 1004 nocturno
3584 954 3825 1021 tempore

2236 1043 2504 1105 praeparat
2527 1033 2996 1103 Chramnisindus,
3022 1037 3255 1094 invitans
3278 1037 3580 1096 Sicharium
3609 1040 3677 1098 ad
3698 1056 3827 1114 epu-

2232 1126 2344 1184 lum
2370 1142 2528 1184 suum
2554 1144 2569 1182 :
2600 1143 2707 1198 quo
2737 1129 3011 1197 veniente,
3041 1130 3281 1188 resident
3316 1130 3518 1203 pariter
3541 1133 3611 1189 ad
3639 1135 3828 1192 convi-

2230 1218 2395 1276 vium.
2429 1218 2671 1289 Cumque
2716 1218 3017 1287 Sieharius,
3066 1221 3371 1292 crapulatus
3401 1237 3434 1278 a
3475 1222 3620 1293 vino,
3652 1224 3823 1282 multa

2228 1311 2457 1382 iactaret
2508 1310 2563 1365 in
2613 1310 3124 1382 Chramnisindum,
3174 1313 3241 1367 ad
3294 1322 3595 1372 extremum
3658 1315 3825 1391 538

2233 1399 2431 1457 dixisse
2475 1400 2679 1456 fertur:
2713 1400 2926 1472 Magnas
2956 1403 3090 1459 mihi
3120 1403 3286 1460 debes
3320 1404 3528 1463 referre
3552 1416 3761 1477 grates,
3794 1422 3828 1466 o

2233 1493 2545 1549 dulcissime
2567 1493 2754 1562 frater,
2776 1509 2842 1551 eo
2861 1496 3002 1565 quod
3023 1493 3385 1553 interfecerim
3409 1510 3660 1568 parentes
3682 1510 3825 1569 tuos,

2233 1589 2304 1645 de
2326 1587 2522 1659 quibus
2545 1599 2767 1658 accepta
2797 1585 3186 1660 compositione
3220 1605 3408 1646 aurum
3436 1604 3827 1665 argentumque

2233 1678 2674 1752 superabundant
2700 1680 2753 1735 in
2780 1680 2943 1737 domo
2970 1691 3061 1736 tua
3080 1721 3095 1748 ,
3125 1688 3181 1737 et
3210 1680 3385 1737 nudus
3416 1697 3560 1739 nunc
3588 1697 3741 1742 esses
3771 1692 3828 1742 et

538 1772 635 1827 Ills
662 1774 879 1840 auditis,
924 1791 1015 1830 rex
1044 1776 1228 1846 dirigit
1256 1777 1385 1833 illuc
1430 1778 1771 1847 legationem,
1816 1778 1870 1833 id
1899 1788 1982 1835 est
2022 1777 2129 1833 Na-
2156 1774 2207 1836 B
2232 1789 2418 1847 egens,
2447 1774 2553 1829 nisi
2585 1774 2702 1831 haec
2744 1782 2798 1831 te
2826 1788 2985 1830 causa
3017 1773 3288 1845 paululum
3330 1775 3662 1833 roborasset.
3699 1776 3827 1834 Haec

533 1866 755 1920 tnatium
805 1867 1297 1923 Aurelianensemb
1349 1878 1405 1925 et
1442 1870 1887 1926 Berlchramnum
1943 1868 2124 1926 Ceno-

533 1971 885 2013 tttannensem
926 1961 1258 2027 episconum,
1292 1977 1411 2016 eum
1435 1962 1719 2017 comitibus
1760 1971 1816 2017 et
1843 1961 1962 2017 aliis
1994 1962 2124 2017 viris

530 2049 849 2116 magnificis.
885 2050 1187 2106 Adfuerunt
1216 2053 1375 2107 etiam
1415 2062 1468 2108 et
1493 2054 1560 2108 de
1608 2068 1773 2123 regno
1813 2050 2114 2108 Chlotharii

530 2138 819 2210 Chilperici
843 2144 983 2211 regis
1006 2144 1124 2210 ﬁlii,
1145 2143 1243 2199 viri
1274 2145 1537 2216 magnifici
1578 2163 1590 2196 :
1615 2145 1705 2215 qui
1727 2154 1916 2200 euntes
1934 2145 1987 2201 in
2015 2152 2122 2200 ter-

526 2236 728 2291 minum
781 2236 1149 2294 Namneticum
1176 2240 1335 2295 locuti
1362 2251 1487 2295 sunt
1512 2254 1634 2295 cum
1660 2239 1930 2295 Warocho
1953 2255 2009 2295 et
2030 2237 2121 2294 Vi-

525 2327 759 2383 tlimaclo
786 2339 808 2368 ο
842 2330 1022 2386 omnia
1065 2348 1183 2401 qua:
1225 2348 1319 2387 rex
1345 2342 1695 2403 praeceperat.
1747 2332 1816 2387 At
1842 2331 1999 2403 437
2044 2332 2119 2387 illi

525 2417 778 2474 dixerunt
803 2438 817 2475 :
847 2420 1059 2477 Scimus
1089 2430 1146 2477 et
1190 2436 1287 2477 nos
1317 2421 1562 2478 civitates
1594 2423 1725 2478 istas
1754 2421 2120 2478 Cltlotltacha-

522 2512 589 2565 rii
638 2513 783 2582 regis
826 2512 949 2568 filiis
999 2513 1294 2580 redhiberi,
1343 2525 1397 2569 et
1431 2529 1531 2569 nos
1581 2515 1713 2585 ipsis
1749 2514 1950 2571 debere
1998 2530 2119 2571 esse

522 2605 833 2675 subjectos:
883 2617 1061 2666 tamen
1104 2626 1225 2681 quae
1273 2620 1460 2667 contra
1502 2613 1767 2669 rationem
1822 2616 2155 2685 gessimus,.

523 2708 716 2754 cuneta
745 2715 1068 2771 componere
1096 2716 1201 2757 nou
1230 2718 1528 2760 moramur.
1575 2706 1641 2760 Et
1667 2706 1810 2762 datis
1835 2706 2120 2777 fidejusso-

521 2789 671 2845 ribus
728 2798 887 2861 atque
947 2793 1267 2861 subscriptis
1321 2795 1701 2863 cautionibus,
1754 2798 2117 2867 promiserunt

522 2896 585 2939 se
626 2884 833 2955 singula
870 2884 1032 2940 millia
1087 2886 1382 2943 solidorum
1442 2888 1851 2945 Guntcltramno
1902 2893 2011 2961 regi
2063 2900 2117 2947 et

522 2975 840 3033 Chlotltario
864 2976 915 3032 in
966 2980 1412 3048 compositionem
1461 2980 1683 3037 daturos
1732 2982 2110 3052 promittentes

522 3084 792 3141 nunquam
815 3070 1099 3127 terminum
1124 3072 1396 3128 civitatum
1425 3073 1633 3130 illarum
1657 3076 1794 3131 ultra
1815 3089 1876 3132 se
1900 3090 2116 3148 aggres-

2230 1867 2320 1922 ille
2364 1865 2610 1933 audiens,
2642 1880 2829 1922 amaro
2874 1866 3110 1936 suscepit
3149 1866 3334 1924 animo
3374 1866 3516 1923 dicta
3559 1867 3823 1940 Sicharii,

2226 1959 2464 2029 dixitque
2486 1959 2540 2014 itt
2569 1958 2735 2015 corde
2756 1974 2891 2014 suo:
2920 1958 3033 2015 Nisi
3060 1958 3289 2016 ulciscar
3315 1959 3589 2016 interitum
3618 1975 3830 2033 paren-

2228 2058 2341 2105 tum
2383 2064 2659 2118 meorum,
2691 2049 2937 2108 amittere
2967 2065 3162 2108 nomen
3197 2052 3296 2109 viri
3327 2050 3519 2122 debeo,
3551 2061 3607 2109 et
3634 2053 3832 2111 mulier

2224 2142 2439 2199 infirma
2470 2144 2671 2199 vocari.
2704 2142 2772 2199 Et
2801 2143 2981 2200 statim
3013 2144 3293 2201 exstinctis
3322 2144 3701 2216 luminaribus,
3732 2160 3831 2201 ca-

2224 2243 2318 2303 put
2348 2233 2578 2290 Sicharii
2609 2234 2717 2289 sica
2744 2233 2963 2301 dividit,
3008 2236 3098 2306 qui
3129 2234 3403 2305 parvulam
3434 2236 3487 2292 in
3539 2237 3655 2308 ipso
3695 2235 3828 2295 vita:

2226 2326 2457 2382 termino
2505 2341 2692 2383 vocem
2738 2326 3025 2392 emittens,
3077 2326 3273 2382 cecidit
3319 2337 3375 2383 et
3420 2337 3668 2384 mortuus
3715 2337 3830 2387 est.

2224 2417 2386 2473 Pueri
2418 2433 2545 2475 vero
2574 2419 2662 2490 qui
2695 2433 2817 2473 cum
2848 2432 2914 2474 eo
2944 2426 3201 2473 venerant
3231 2417 3564 2475 dilabuntur.
3596 2420 3834 2477 Chram-

2222 2511 2471 2566 nisindus
2514 2511 2823 2568 exanimum
2872 2524 3097 2581 corpus,
3149 2508 3405 2565 nudatum
3456 2510 3831 2581 vestimentis,

2221 2600 2479 2670 appendit
2506 2602 2560 2657 iu
2590 2602 2735 2671 sepis
2778 2600 2980 2671 stipite,
3008 2599 3351 2669 aseensisque
3390 2599 3656 2670 equitibus
3696 2602 3835 2671 ejus

2219 2691 2287 2745 ad
2336 2706 2518 2761 regem
2566 2692 2771 2761 pergit,
2807 2691 3189 2763 ingressusque
3228 2690 3510 2747 ecclesiam
3539 2690 3606 2746 ad
3651 2691 3833 2762 pedes

2220 2784 2577 2856 prosternitur
2617 2783 2780 2854 regis,
2828 2784 3014 2839 dicens
3048 2801 3063 2838 :
3096 2785 3272 2840 Vitam
3319 2792 3462 2855 peto,
3508 2798 3542 2839 ο
3583 2784 3831 2854 gloriose

2219 2894 2342 2944 rex,
2380 2892 2446 2935 eo
2493 2877 2635 2949 quod
2676 2875 2966 2932 ceciderim
3018 2876 3264 2932 homines
3314 2874 3443 2947 qui,
3499 2876 3827 2946 parentibus

2218 2970 2355 3028 meis
2384 2969 2524 3026 clam
2565 2968 2875 3035 interfectis,
2909 2982 2996 3024 res
3039 2981 3229 3024 omnes
3257 2966 3616 3037 diripuerunt.
3650 2966 3825 3022 Cum-

2219 3080 2323 3136 que
2364 3062 2624 3135 expositis
2661 3076 2757 3131 per
2786 3060 3030 3115 ordinem
3071 3059 3268 3124 causis,
3303 3066 3359 3116 et
3386 3058 3572 3128 regina
3618 3058 3823 3115 Brnni-

522 3179 698 3223 suros.
762 3167 855 3224 His
894 3170 967 3225 ita
995 3156 1332 3241 compositis,
1366 3173 1601 3245 regressi
1632 3182 1757 3229 sunt
1804 3175 2020 3245 reliqui,
2064 3165 2192 3231 etC
2224 3156 2419 3212 Childis
2461 3154 2706 3245 ςτενὶιθιῖ
2739 3152 3072 3245 θεοθρίὲεθίν
3102 3164 3167 3245 ⁸9
3212 3150 3353 3245 (ιιιοέ
3397 3150 3450 3204 ί¹¹
3473 3149 3610 3245 Pi“?
3650 3150 3824 3245 Ϋθτδθ

520 3270 877 3316 narraverunt
905 3263 1013 3332 regi
1041 3278 1160 3332 quae
1189 3276 1486 3333 gesserant.
1534 3267 1811 3323 Natnatius
1836 3282 1968 3323 vero
1996 3266 2115 3338 epi-

524 3363 747 3419 scopus,
774 3349 899 3405 dum
942 3354 1175 3423 receptis
1220 3354 1359 3409 villis
1387 3355 1525 3411 infra
1558 3357 1847 3412 terminum
1878 3357 2113 3413 Namne-

521 3440 643 3496 ticae
668 3442 835 3509 urbis,
863 3458 995 3512 quas
1023 3445 1148 3498 olim
1182 3457 1429 3515 parentes
1460 3448 1578 3519 ejus
1609 3449 1978 3519 perdiderant,
2010 3449 2115 3504 ibi-

522 3534 642 3591 dem
675 3547 996 3602 moraretur,
1031 3539 1236 3607 pusultc
1267 3539 1421 3595 mala:
1448 3541 1496 3595 ei
1522 3548 1628 3594 tres
1657 3542 1904 3595 oriuntur
1934 3540 1990 3595 in
2018 3556 2113 3595 ca-

519 3625 649 3695 pite.
683 3626 762 3682 Ex
792 3626 894 3683 hoc
918 3627 1072 3684 valde
1092 3628 1377 3687 confectus
1400 3630 1726 3696 taedio,dnm
1750 3632 1818 3687 ad
1844 3631 2115 3688 civitatem

519 3732 669 3773 suam
702 3720 899 3775 reverti
928 3732 1170 3792 cuperet,
1222 3723 1359 3778 infra
1400 3723 1806 3794 Andegavensis
1850 3723 2114 3780 territorii

523 3809 833 3879 terminum,
863 3813 1107 3882 spiritum
1138 3815 1429 3870 exhalavit.
1462 3814 1853 3885 Corpusculum
1883 3814 2003 3885 ejus
2043 3814 2111 3870 ad

520 3904 709 3960 urbem
763 3920 919 3961 suam
976 3907 1235 3975 delatum,
1287 3909 1340 3962 in
1392 3906 1658 3964 basilicad
1691 3910 1865 3965 sancti
1915 3910 2115 3965 Aniani

519 3996 846 4053 confessoris
867 3999 1135 4067 sepultum
1167 3998 1324 4054 estin
1352 3998 1509 4069 cujus
1542 3998 1858 4057 cathedram
1900 4001 2117 4055 Austri-

521 4102 646 4155 nus,
680 4089 922 4145 Pastoris
960 4100 983 4127 ε
1015 4090 1285 4161 quondam
1336 4092 1495 4160 filius,
1546 4094 1889 4165 subrogatur.
1921 4092 2116 4150 Waro-

519 4180 655 4235 chus
685 4196 835 4248 vero,
867 4181 1063 4239 oblitus
1095 4185 1417 4241 sacramenti
1447 4195 1502 4241 et
1534 4188 1803 4243 cautionis
1845 4202 1980 4254 suae,
2002 4202 2119 4243 om-

519 4275 609 4328 nia
649 4279 952 4345 postposuit
989 4294 1109 4349 quae
1138 4282 1409 4349 promisit.
1436 4281 1636 4338 Vineas
1680 4282 2117 4339 Namneticorum

519 4364 764 4431 abstulit,
796 4376 851 4420 et
892 4370 1216 4427 vindemiam
1249 4373 1546 4441 colligens,
1584 4372 1765 4427 vinum
1813 4373 1867 4427 in
1899 4371 2118 4427 Veneti-

520 4471 642 4512 cum
667 4459 963 4513 transtulit.
994 4462 1061 4514 Et
1091 4476 1155 4516 ex
1193 4466 1292 4517 hoc
1321 4467 1516 4518 iterum
1548 4477 1644 4517 rex
1677 4462 2117 4519 Guntchramntts

520 4551 678 4608 valde
704 4551 911 4620 furens,
951 4554 1249 4610 exercitum
1283 4556 1613 4613 commoveri
1635 4555 1816 4628 jussit,
1849 4558 1943 4614 sed
1966 4559 2119 4630 quie-

518 4644 613 4700 vit.

592 4735 740 4793 XIX.
783 4736 987 4794 Bellum
1016 4753 1144 4795 vero
1186 4737 1315 4796 illud
1360 4739 1507 4812 quod
1537 4740 1677 4799 inter
1704 4742 1852 4800 cives
1880 4742 2113 4803 Turoni-

593 4907 622 4972 ξι
661 4895 773 4972 lloc
801 4906 967 4972 caput
987 4908 1042 4954 et
1067 4898 1174 4972 duo
1202 4915 1357 4972 seqq.
1389 4900 1582 4958 desunt
1603 4903 1656 4958 in
1688 4904 1806 4959 Vat.

588 4966 621 5009 1)
661 4966 902 5025 interfuit
929 4966 1093 5040 Cone.
1128 4966 1335 5028 Metisci
1358 4988 1399 5039 ι,
1432 4988 1518 5028 an.
1546 4974 1672 5039 581,
1703 4984 1757 5030 et
1787 4991 1844 5040 tt,
1866 4990 1956 5032 an.
1982 4971 2108 5033 585.

592 5050 617 5079 ο
659 5040 872 5114 Begu,
930 5039 1238 5099 Indimacle.
1268 5044 1422 5101 Colb.
1455 5062 1556 5114 m.,
1628 5039 1927 5103 Vidima’cle.
1975 5046 2109 5104 Cod.

516 5112 646 5167 Bec.
679 5113 969 5170 Vidinacle.

590 5180 619 5219 ἀ
648 5183 833 5259 Exstat
856 5186 1117 5259 hodieque
1140 5187 1518 5243 cauonicorum
1548 5189 1774 5259 collegio
1804 5189 2109 5259 nobilitata,

521 5253 590 5337 d_e
616 5256 769 5343 cujus
796 5253 1119 5343 antiquitate
1139 5266 1195 5312 et
1220 5259 1600 5343 Aprrcrogativis
1630 5253 1800 5343 νξαι.
1844 5253 2112 5343 [iubemus

518 5327 761 5395 ejusdem
785 5327 977 5385 eccles.
1003 5338 1190 5385 cantor
1216 5327 1499 5385 traetattrm
1527 5331 1850 5398 singularem
1882 5331 2073 5385 edidit.

593 5404 627 5471 °_
651 5396 848 5471 Pastor
864 5401 1022 5471 etiam
1048 5401 1373 5455 Aunacltarii
1401 5401 1569 5468 episc.
1592 5401 2111 5471 Autissiodorensis,

519 5473 575 5520 et
601 5467 957 5541 Attstregildis
987 5472 1176 5526 matris
1204 5476 1372 5525 sancti
1422 5467 1553 5537 Lupi
1602 5472 1768 5541 episc.
1802 5467 2114 5541 Senonum,

524 5546 679 5610 pater
700 5538 925 5610 Aluit,_ut
954 5554 1019 5595 ex
1045 5542 1283 5610 ejusdem
1315 5541 1449 5609 Lupi
1476 5542 1596 5598 Vita
1621 5538 1900 5600 discimus.

595 5605 617 5646 ί
653 5606 756 5679 ᾼΙὶἰ
775 5647 791 5673 ,
821 5605 1163 5667 Chramist'ttdt'
1180 5653 1197 5679 ,
1222 5621 1275 5667 et
1303 5612 1382 5668 sic
1402 5605 1569 5667 infra.

591 5678 874 5758 8_Re_gn1.,
922 5678 1519 5758 Yosagensis__territorii
1568 5702 1782 5758 pagunt.
1821 5685 1979 5743 Colb.
2009 5702 2114 5756 m.,

518 5750 759 5807 territorii
789 5750 957 5811 Biturt'
981 5750 1193 5827 pagum.
1220 5753 1486 5827 Vosagum
1505 5750 1794 5819 hunc'esse
1814 5758 1991 5820 locum
2019 5750 2115 5833 qui

2222 3249 2298 3323 [id
2320 3258 2393 3305 est
2432 3248 2539 3303 title
2563 3244 2710 3316 data]
2740 3244 3016 3301 Sicharius
3034 3241 3234 3313 positus
3264 3242 3437 3298 taliter
3466 3239 3624 3297 fuerit
3651 3243 3826 3299 inter-

2220 3344 2418 3408 fectus,
2473 3340 2722 3396 frendere
2777 3339 2829 3393 in
2874 3352 2996 3393 eum
3023 3337 3206 3406 coepit.
3239 3336 3307 3392 At
3335 3337 3423 3392 ille
3444 3350 3564 3392 cum
3593 3338 3825 3396 vidisset

2219 3449 2339 3491 eam
2364 3433 2645 3489 adversam
2687 3431 2820 3501 sibi,
2869 3430 3230 3502 Vosagensem
3280 3430 3539 3487 territorii
3591 3430 3823 3488 Biturici

2219 3540 2411 3597 pagum
2435 3533 2462 3572 κ
2492 3522 2733 3594 expetiit,
2775 3524 2826 3578 in
2866 3538 2973 3593 quo
3010 3523 3127 3593 ejus
3173 3530 3420 3594 parentes
3439 3524 3731 3596 degebant,
3754 3539 3822 3583 eo

2218 3618 2362 3686 quod
2391 3619 2446 3673 in
2474 3631 2640 3688 regno
2671 3614 3063 3673 Guntehramni
3087 3617 3230 3687 regis
3258 3616 3462 3673 invisus
3508 3619 3820 3678 haberetur.

2220 3707 2530 3778 Tranquilla
2559 3721 2773 3780 quoque
2817 3707 3014 3778 eonjux
3057 3708 3324 3777 Sicltarii,
3368 3710 3568 3766 relictis
3613 3711 3739 3767 filiis
3766 3718 3822 3769 et

2219 3799 2379 3857 rebus
2408 3800 2509 3856 viri
2552 3800 2638 3855 sui
2676 3799 2731 3855 in
2777 3799 3073 3867 Turonico,
3108 3800 3225 3856 sive
3263 3801 3317 3855 in
3347 3801 3584 3871 Pictavo,
3615 3802 3683 3857 ad
3712 3817 3814 3873 pa-

2219 3899 2400 3949 rentes
2450 3906 2575 3948 suos
2621 3890 2975 3962 Mauriopesh
3007 3892 3184 3949 vicum
3232 3894 3491 3964 expetiit,
3538 3895 3718 3965 ibique
3767 3904 3821 3954 et

2220 3983 2565 4041 matrimonio
2616 3982 2868 4053 copulata
2921 3991 3026 4040 est.
3079 3983 3225 4040 Obiit
3294 3995 3474 4041 autem
3536 3986 3816 4043 Sicbarius

2219 4075 2371 4146 quasi
2402 4088 2663 4131 annorum
2688 4075 3049 4147 quadraginta
3075 4074 3123 4131 ί.
3152 4075 3274 4132 Fuit
3295 4086 3477 4134 autem
3505 4076 3559 4133 in
3582 4081 3690 4134 vita
3720 4090 3818 4134 sua

2221 4165 2379 4234 levis,
2406 4165 2672 4233 ebriosus,
2702 4165 2992 4235 homicida,
3021 4169 3113 4239 qui
3157 4170 3424 4226 nonnullis
3458 4185 3557 4241 per
3584 4171 3819 4228 ebrieta-

2220 4268 2327 4317 tem
2356 4258 2607 4331 injuriam
2649 4259 2847 4316 intulit.
2877 4258 3319 4319 Cbramnisindus
3347 4278 3483 4318 vero
3518 4262 3719 4320 iterum
3750 4263 3817 4321 ad

2219 4366 2401 4423 regem
2422 4352 2583 4420 abiit,
2607 4350 3011 4424 judicatumque
3030 4360 3117 4410 est
3134 4352 3181 4409 ei
3205 4361 3263 4409 ut
3284 4354 3631 4412 convinceret
3650 4369 3814 4426 super

2222 4460 2281 4500 se
2305 4460 2427 4502 eum
2457 4444 2829 4502 interfecisse:
2861 4446 3002 4517 quod
3033 4448 3107 4503 ita
3136 4446 3284 4505 fecit.
3312 4448 3421 4505 Sed
3442 4449 3727 4520 quoniam,
3755 4457 3818 4508 ut

2224 4539 2482 4606 diximus,
2511 4539 2696 4608 regina
2741 4538 3099 4596 Brunicbildis
3144 4541 3199 4597 in
3227 4542 3392 4598 verbo
3420 4556 3521 4598 suo
3563 4551 3819 4614 posuerat

2226 4644 2532 4702 Sicharium
2550 4685 2567 4711 ,
2594 4643 2716 4700 ideo
2740 4659 2825 4702 res
2853 4644 3010 4715 hujus
3034 4644 3312 4703 conflscari
3339 4647 3622 4717 praecepit;
3652 4645 3817 4719 539

2223 4738 2321 4796 sed
2345 4738 2400 4795 in
2429 4748 2704 4810 posterum
2734 4752 2767 4794 a
2796 4737 3052 4796 Flaviano
3081 4738 3378 4797 domestico
3418 4739 3646 4798 reddita
3670 4748 3813 4798 sunt.

2221 4898 2425 4957 Gallice
2448 4897 2641 4972 Besage
2662 4896 2857 4972 dicitur
2878 4907 3032 4970 putat
3053 4898 3324 4972 hlarollius
3347 4899 3490 4969 apud
3512 4897 3815 4972 Valesium;

2218 4980 2395 5029 exstat
2445 4971 2498 5026 in
2546 4970 2738 5027 finibus
2778 4971 3097 5041 Biturigum.
3146 4970 3203 5028 Si
3247 4971 3456 5027 sincera
3502 4971 3574 5027 sit
3616 4970 3818 5041 codicis

2220 5043 2688 5113 Regiomontensis
2717 5041 2907 5108 lectio,
2932 5040 3125 5111 Vosagi
3155 5043 3371 5098 nomine
3398 5041 3595 5110 poterit
3622 5040 3712 5113 ltic
3732 5042 3817 5098 in-

2223 5111 2390 5196 telligi
2412 5112 2544 5170 silva
2570 5114 2765 5196 \tosagi
2789 5114 3071 5196 notissima
3088 5114 3237 5195 inter
3255 5112 3518 5196 aisatiam
3542 5120 3599 5192 et
3619 5111 3819 5168 Letha-

2222 5186 2486 5267 ringiam,
2525 5185 2686 5267 vulgo
2715 5187 2767 5240 la
2801 5183 2987 5256 Vosge,
3018 5185 3167 5265 cujus
3206 5185 3395 5239 saltem
3429 5183 3661 5237 maxima
3693 5196 3820 5251 pars

2225 5257 2294 5336 a_t_l
2316 5256 2644 5336 Chtldebertt
2676 5272 2897 5336 regnum
2930 5254 3247 5336 pertinebat.
3270 5255 3376 5336 Sed
3396 5269 3463 5335 ex
3482 5267 3822 5336 consequen-

2227 5329 2370 5384 tibus
2410 5327 2589 5410 colligi
2619 5324 2780 5399 posse
2808 5326 3021 5383 videtur
3055 5324 3143 5381 ltic
3180 5325 3249 5383 de
3286 5324 3609 5383 Bituricensi
3639 5324 3822 5398 aliquo

2227 5414 2662 5556 Ῠῗὲοεέῗμρδευς
2709 5466 3084 5556 Mauripensis‘,
3109 5468 3279 5556 'vulgo
3306 5466 3695 5556 (alias-epeia},
3728 5466 3820 5556 qui

2224 5541 2364 5624 inter
2394 5539 2993 5624 Sequanamz‘leaunam
3025 5547 3080 5620 et
3108 5539 3332 5621 iaupam,
3352 5541 3405 5624 _le
3426 5539 3616 5624 going,
3639 5539 3817 5624 jacet,

2222 5612 2363 5686 haud
2406 5612 2592 5686 procul
2640 5624 2671 5686 a
2697 5611 2917 5686 Parisiis
2961 5611 3242 5680 incipiens,
3275 5611 3370 5670 sed
3410 5613 3481 5671 ad
3508 5611 3706 5686 quem,
3737 5611 3816 5670 uti

2221 5683 2463 5756 videtur,
2476 5682 2627 5738 vicus
2656 5682 2747 5756 hic
2772 5690 3102 5756 memoratus
3119 5696 3234 5756 non
3260 5682 3725 5756 potestteme

2298 5753 2319 5796 ι
2350 5753 2505 5814 Colb.
2529 5767 2605 5812 tn.
2627 5762 2684 5813 et
2709 5751 2927 5827 Regna,
2948 5752 3153 5827 viginti.
3260 5751 3277 5756 '
3438 5754 3456 5763 ‘
