4096 6344
318 460 421 521 497

1288 455 1607 517 HISTORIA
1644 452 2094 517 FRANCORUM.
2138 459 2342 520 LIBER
2378 462 2626 525 NONUS.

3480 479 3586 536 498

314 576 426 637 Sed
447 582 503 632 et
522 573 590 631 ad
614 572 879 645 Aginnum
905 587 1221 646 properans,
1250 575 1528 645 epistolam
1551 577 1667 647 ejus
1687 577 1892 644 elicuit,
1919 575 1978 637 Α
1998 578 2433 640 Guntchramnus
2474 586 2624 655 juxta
2674 586 3001 657 pactionem,
3049 604 3208 660 quam
3254 604 3377 649 cum
3428 593 3587 653 bonae

316 679 374 726 ut
405 685 434 724 a
463 668 611 724 nullo
635 670 1054 740 contingeretur.
1082 667 1191 739 Ipsi
1218 668 1361 726 enim
1388 684 1477 728 res
1504 671 1620 740 ejus
1646 686 1679 727 a
1715 672 1900 743 regina

314 774 586 817 concessae
611 756 823 816 fuerant
845 768 896 815 ι.

388 850 506 907 XX.
552 852 630 906 Eo
658 865 801 907 anno
848 865 1060 922 quoque
1100 850 1311 908 decimo
1367 853 1527 909 tertio
1569 855 1712 926 regis
1756 854 1903 910 Chil-

312 942 555 1011 deberti,
598 956 719 998 cum
763 942 831 998 ad
878 956 1159 999 occursum
1203 944 1321 1014 ejus
1371 959 1543 1015 usque
1587 934 1900 1004 Mettensem

314 1034 502 1090 urbem
534 1048 996 1106 properassemus,
1020 1034 1157 1103 jussi
1202 1049 1388 1090 sumus
1433 1035 1502 1091 ad
1547 1036 1901 1093 Guntchram-

312 1141 439 1180 num
470 1140 653 1195 regem
688 1124 740 1179 in
770 1124 1088 1196 legationem
1128 1126 1419 1192 accedere;
1451 1141 1607 1198 quem
1643 1128 1784 1198 apud
1812 1144 1903 1183 ur-

310 1221 434 1276 bem
493 1220 923 1276 Cabillonensem
974 1220 1297 1291 reperimus,
1328 1220 1613 1277 dicentes:
1662 1220 1899 1277 Salutem

312 1311 636 1369 uberrimam
666 1311 828 1366 mittit
857 1310 953 1366 tibi
980 1310 1400 1381 gloriosissimus
1420 1326 1588 1381 nepos
1612 1320 1731 1368 tuus
1753 1312 1902 1368 Chil-

309 1400 585 1468 dehertus,
617 1416 651 1458 0
680 1401 879 1474 inclyte
921 1416 1047 1469 rex,
1078 1403 1369 1459 immensas
1417 1402 1660 1459 referens
1701 1404 1900 1475 gratias

307 1495 495 1567 pietati
528 1504 653 1565 tuac,
683 1495 827 1566 quod
872 1510 902 1549 a
948 1503 1001 1551 te
1041 1495 1241 1567 jugiter
1294 1506 1698 1565 commonetur,
1733 1507 1791 1554 ut
1836 1514 1901 1555 ea

307 1597 431 1661 agat
455 1604 574 1661 qum
600 1598 655 1648 et
679 1590 787 1647 Deo
817 1591 1090 1662 placeant,
1116 1600 1174 1648 et
1201 1593 1296 1649 tibi
1323 1594 1433 1651 sint
1452 1604 1689 1665 accepta,
1719 1604 1774 1652 et
1803 1611 1899 1666 po-

309 1678 439 1751 pulo
464 1693 717 1751 congrua.
754 1680 829 1737 De
862 1681 945 1737 his
981 1697 1111 1738 vero
1152 1698 1274 1753 quae
1304 1683 1466 1740 locuti
1512 1685 1670 1740 simul
1722 1686 1898 1742 fuistis

307 1767 486 1826 omnia
512 1768 735 1840 implere
763 1772 1054 1840 promittit,
1086 1788 1185 1829 nec
1207 1775 1498 1845 quidquam
1523 1790 1583 1831 se
1603 1776 1671 1831 de
1698 1778 1901 1847 pactio-

307 1859 470 1917 nibus
497 1875 616 1933 quas
642 1860 781 1917 inter
808 1877 904 1918 vos
927 1863 1248 1932 conscripta:
1269 1873 1430 1935 sunt,
1457 1866 1754 1938 irrumpere
1782 1868 1901 1939 pol-

2002 676 2279 730 memorias
2307 675 2506 731 domno
2532 678 2799 747 Sigiberto
2828 679 3049 746 inierat,
3082 682 3342 755 integram
3376 688 3583 755 portio-

2002 783 2126 823 nem
2144 811 2160 837 ,
2192 784 2310 839 qua:
2337 770 2511 825 estde
2540 786 2706 842 regno
2746 772 3047 829 Cbariberti
3067 815 3083 840 ,
3112 776 3215 833 illis
3258 779 3428 835 fuerat
3454 795 3588 837 cou-

2003 871 2238 930 secutus,
2268 862 2368 918 sibi
2401 863 2603 920 diceret
2642 864 2695 919 in
2739 866 3001 936 integrum
3045 868 3349 937 redhiberi;
3379 882 3431 926 et
3458 887 3588 943 pars

2002 955 2184 1011 domni
2212 956 2540 1012 Childeberti
2567 956 2617 1022 ά,
2644 972 2705 1012 ea
2746 974 2865 1028 qua:
2892 968 3042 1030 pater
3073 976 3200 1016 suus
3241 963 3585 1034 possederat,

2002 1046 2071 1101 ad
2122 1062 2183 1102 se
2222 1047 2384 1102 vellet
2430 1062 2496 1102 ex
2539 1050 2784 1105 omnibus
2825 1065 3119 1110 revocare:
3153 1054 3204 1109 id
3253 1057 3392 1112 inter
3436 1058 3586 1129 ipsos

2002 1147 2214 1193 constat
2242 1138 2350 1193 ﬁxa
2387 1138 2773 1196 deliberatione
2804 1141 3043 1211 finitum,
3087 1154 3149 1200 ut
3186 1148 3238 1202 in
3284 1148 3428 1203 illam
3469 1155 3587 1205 ter-

2004 1231 2130 1288 tiam
2162 1231 2459 1300 portionem
2502 1233 2569 1288 de
2598 1232 2886 1289 Parisiensi
2927 1236 3143 1293 civitate
3172 1254 3294 1294 cum
3341 1241 3587 1298 terminis

2001 1332 2057 1379 et
2084 1323 2279 1394 populo
2302 1338 2420 1393 suo,
2448 1340 2567 1395 quae
2597 1325 2663 1381 ad
2695 1329 2947 1383 domuum
2978 1329 3299 1401 Sigibertum
3328 1334 3396 1390 de
3420 1348 3587 1404 regno

2001 1415 2301 1495 Chariberti
2329 1419 2627 1488 conscripta
2658 1423 2904 1490 pactione
2946 1437 3295 1494 pervenerat,
3325 1444 3444 1484 cum
3492 1443 3589 1483 ca--

2003 1509 2172 1565 stellis
2200 1510 2351 1566 Duno
2373 1520 2428 1567 et
2454 1512 2776 1583 Vindocino,
2802 1524 2857 1571 et
2878 1517 3133 1588 quidquid
3157 1521 3225 1576 de
3253 1536 3386 1592 pago
3410 1524 3587 1579 Stam-

2003 1607 2202 1676 pensio
2233 1607 2319 1664 vel
2360 1608 2663 1667 Carnoteno
2716 1613 2768 1667 in
2820 1615 3003 1683 pervio
3046 1615 3137 1671 illo
3184 1616 3449 1673 antelatus
3492 1635 3590 1676 rex

2003 1710 2125 1753 cum
2167 1699 2406 1755 terminis
2444 1708 2499 1757 et
2547 1705 2742 1773 popqu
2774 1721 2871 1762 suo
2916 1718 3253 1779 perceperat,
3285 1712 3336 1765 in
3373 1712 3493 1781 jure
3532 1719 3590 1768 et

2003 1791 2371 1851 dominatione
2423 1795 2606 1851 domni
2664 1797 3086 1869 Guntchramni,
3146 1820 3268 1859 cum
3323 1819 3389 1860 eo
3443 1804 3590 1876 quod

2004 1886 2289 1954 superstite
2318 1889 2517 1944 domno
2547 1891 2814 1962 Sigiberto
2847 1894 2914 1949 de
2961 1910 3125 1966 regno
3151 1896 3451 1953 Chariberti
3491 1914 3589 1953 an-

306 1948 515 2007 Ῑίεεῑυΐ·
546 1951 610 2057 8-⁸
639 1966 735 2057 re“.
764 1951 832 2007 ad
862 1951 978 2057 ξὶκο
1004 1953 1122 2057 εἶξε
1153 1952 1268 2009 Νοη
1298 1955 1550 2057 Sillim}?
1578 1972 1678 2027 €80
1707 1958 1905 2057 Sfalias
1932 1959 1982 2022 Β
2010 1948 2091 2034 tea
2136 1980 2338 2051 tenuit,
2381 1948 2635 2038 debeant”
2658 1948 3049 2055 perpetualite:
3082 2003 3418 2057 permanere.
3465 1989 3590 2046 Pari

307 2056 425 2113 ago,
456 2044 598 2113 quod
646 2044 824 2101 taliter
868 2044 1179 2115 irrumpitur
1218 2045 1361 2115 quod
1403 2047 1532 2103 mihi
1576 2051 1895 2117 promissum

307 2145 410 2193 est.
443 2136 572 2194 Pars
603 2152 721 2194 mea
748 2137 818 2194 de
847 2137 976 2193 urbe
1003 2136 1396 2195 Silvanectensi
1432 2155 1538 2196 non
1568 2141 1807 2197 redditur
1829 2140 1893 2209 b;

307 2226 549 2284 homines
578 2242 712 2299 quos
758 2243 858 2298 pro
898 2229 1127 2284 utilitate
1169 2245 1322 2298 mea,
1355 2233 1477 2302 quia
1522 2234 1653 2289 mihi
1702 2234 1897 2291 infensi

305 2329 491 2387 erant,
517 2320 747 2392 migrare
772 2320 951 2392 volui,
988 2337 1095 2377 non
1123 2322 1504 2393 permiserunt.
1537 2326 1603 2380 Et
1628 2328 1896 2397 quomodo

305 2410 481 2467 dicitis
508 2412 649 2482 quod
677 2411 808 2468 nihil
833 2411 900 2467 de
921 2412 1258 2483 pactionibus
1281 2414 1494 2484 scriptis
1520 2418 1895 2474 transcendere

303 2505 419 2559 vult
448 2501 792 2559 dulcissimus
821 2517 987 2575 nepos
1025 2504 1210 2560 meus?
1239 2504 1306 2559 Et
1339 2521 1436 2562 nos
1466 2507 1533 2562 ad
1567 2508 1682 2565 hac
1710 2525 1723 2569 :
1755 2511 1895 2567 Nihil

304 2596 421 2651 vult
450 2603 639 2652 contra
666 2596 940 2666 pactiones
973 2610 1134 2665 agere
1167 2596 1304 2662 illas,
1335 2597 1430 2653 sed
1461 2601 1642 2655 omnia
1668 2601 1893 2672 implere

302 2691 598 2764 promittit,
626 2691 701 2747 ita
728 2699 790 2747 ut
823 2691 890 2747 de
920 2691 1208 2760 praesenti,
1234 2692 1280 2747 si
1326 2692 1394 2748 ad
1433 2694 1753 2753 divisionem
1787 2698 1893 2756 Sil—

301 2790 691 2839 vanectensem
719 2783 802 2839 vis
831 2783 1069 2851 mittere,
1104 2796 1203 2839 nec
1235 2783 1473 2843 tardetur
1500 2803 1515 2843 :
1545 2789 1725 2845 statim
1752 2790 1894 2848 enim

299 2873 535 2945 recipies
562 2881 732 2931 tuum.
760 2874 837 2930 De
867 2874 1172 2932 hominibus
1193 2891 1321 2931 vero
1342 2892 1473 2948 quos
1493 2878 1648 2949 dicis,
1677 2883 1893 2938 nomina

298 2968 500 3040 scripta
542 2967 839 3037 tradentur,
873 2976 929 3024 et
967 2968 1144 3024 omnia
1188 2983 1309 3039 quae
1338 2971 1605 3039 promissa
1633 2983 1760 3029 sunt
1789 2975 1892 3029 im-

300 3059 608 3131 plebuntur.
639 3058 766 3115 Haec
796 3058 956 3115 nobis
990 3059 1354 3130 loquentibus,
1387 3061 1694 3131 pactionem
1724 3065 1893 3135 ipsam

300 3151 462 3225 relegi
490 3166 586 3209 rex
613 3164 795 3208 coram
824 3149 1122 3207 astantibus
1147 3150 1320 3221 jubet.

792 3257 1076 3298 BIEMPLAR
1102 3256 1400 3298 PACTIONIS.

2000 2069 2305 2127 conditione
2350 2072 2594 2129 civitates
2640 2076 2826 2131 Meldis
2858 2077 2903 2139 ί.
2932 2086 2986 2134 ct
3027 2079 3160 2134 duas
3213 2084 3486 2149 portiones
3521 2082 3591 2137 de

2000 2160 2355 2229 Silvanectis,
2403 2166 2667 2235 Turonis,
2714 2168 2979 2240 Pictavis,
3030 2172 3379 2239 Abrincatas,
3422 2174 3590 2229 Vico-

1998 2253 2156 2320 Julii,
2213 2254 2576 2327 Consoranis,
2655 2259 2904 2330 Lapurdo
2956 2272 3011 2317 et
3078 2263 3301 2333 Albige,
3356 2266 3587 2322 domnus

1998 2344 2371 2405 Childebertus
2428 2366 2521 2406 rex
2593 2365 2714 2406 cum
2779 2353 3022 2408 terminis
3076 2369 3103 2406 a
3177 2358 3449 2423 prmsenti’
3498 2356 3587 2413 diu

1997 2447 2109 2492 sum
2137 2436 2367 2493 vindicet
2408 2441 2675 2508 potestati.
2711 2441 2783 2495 Ea
2826 2442 2985 2511 igitur
3012 2444 3325 2500 conditione
3352 2456 3584 2511 servata,

1999 2538 2056 2583 ut
2093 2546 2248 2598 quem
2298 2531 2438 2585 Deus
2482 2532 2550 2587 de
2604 2534 2731 2602 ipsis
2781 2534 2995 2603 regibus
3036 2538 3377 2605 superstitem
3420 2540 3579 2611 “1

1996 2635 2117 2677 esse
2163 2624 2477 2693 praeceperit
2506 2633 2563 2689 Β,
2608 2640 2829 2694 regnum
2880 2624 3042 2692 illius,
3085 2629 3171 2697 qui
3218 2630 3419 2698 absque
3464 2630 3588 2686 ﬁliis

1996 2710 2065 2768 de
2103 2714 2383 2781 praesentis
2429 2715 2612 2769 saeculi
2664 2717 2780 2771 luce
2828 2716 3177 2786 migraverit,
3209 2720 3276 2773 ad
3318 2734 3377 2776 se
3421 2721 3475 2775 in
3504 2722 3588 2775 in-

1999 2803 2296 2871 tegritatem
2323 2802 2447 2872 jure
2477 2812 2736 2874 perpetuo
2767 2805 2959 2861 debeat
2996 2822 3268 2873 revocare,
3312 2818 3365 2864 et
3406 2818 3587 2879 poste-

1995 2893 2070 2950 ris
2099 2896 2230 2963 suis,
2265 2896 2495 2950 Domino
2547 2897 2872 2963 auxiliante,
2921 2900 3249 2969 relinquere.
3287 2901 3420 2955 Illud
3459 2917 3585 2971 spe-

1994 2986 2201 3042 cialiter
2232 2986 2431 3055 placuit
2470 3002 2566 3056 per
2593 2988 2773 3042 omnia
2822 2988 3202 3047 inviolabiliter
3241 2994 3583 3061 conservari,

1994 3086 2054 3131 ut
2099 3078 2353 3148 quidquid
2404 3078 2632 3133 domnus
2675 3080 3112 3138 Guntchratnnus
3159 3099 3250 3140 rex
3298 3085 3420 3141 ﬁliae
3469 3103 3584 3143 sure

1994 3167 2320 3223 Chlothieldi
2349 3166 2379 3206 h
2418 3170 2686 3235 contulit,
2737 3182 2829 3226 aut
2876 3172 3049 3228 adhuc
3096 3174 3209 3230 Deo
3256 3179 3585 3247 propitiante

1993 3259 2311 3325 contulerit,
2344 3260 2397 3314 in
2434 3260 2685 3315 omnibus
2726 3262 2886 3316 rebus
2911 3272 3071 3332 atque
3098 3266 3435 3335 corporibus,
3469 3276 3581 3323 tam

378 3334 554 3440 «Cum
596 3333 654 3391 in
682 3333 900 3440 “Christi
937 3337 1171 3440 nomine
1196 3335 1678 3440 precellentissimi
1723 3338 1888 3412 440
1918 3347 1966 3414 c
1997 3350 2050 3407 in
2093 3350 2414 3419 civitatibus,
2445 3367 2602 3440 quam
2643 3355 2785 3423 agris
2822 3355 2904 3410 vel
2952 3333 3231 3423 reditibus,
3273 3359 3325 3412 in
3361 3358 3483 3428 jure
3526 3368 3582 3416 et

299 3427 476 3485 domni
504 3427 935 3485 Guntchramnus
964 3435 1020 3484 et
1050 3427 1431 3483 Childebertus
1460 3443 1637 3499 reges,
1671 3440 1726 3485 et
1768 3432 1887 3503 glo-

297 3520 592 3577 riosissima
635 3520 831 3577 domna
874 3518 1235 3575 Brunicbildis
1280 3520 1492 3590 regina,
1528 3520 1826 3578 Andelaum
1862 3534 1886 3564 α

298 3611 575 3670 charitatis
605 3612 783 3668 studio
821 3612 1228 3677 convenissent,
1261 3620 1319 3665 ut
1357 3611 1535 3667 omnia
1562 3627 1679 3682 quae
1719 3614 1888 3670 unde-

297 3718 509 3772 cunque
533 3703 669 3759 inter
693 3703 839 3773 ipsos
858 3702 1166 3758 scandalum
1193 3710 1443 3774 poterant
1465 3717 1744 3773 generare,
1777 3705 1888 3775 ple-

297 3796 439 3853 niori
482 3795 708 3851 consilio
738 3793 1063 3852 delinirent:
1096 3792 1150 3848 id
1198 3793 1338 3849 inter
1367 3807 1483 3858 eos,
1528 3793 1887 3850 mediantibus

298 3886 668 3944 sacerdotibus
692 3894 851 3955 atque
878 3882 1209 3954 proceribus,
1243 3881 1351 3937 Deo
1379 3881 1579 3950 medio,
1611 3882 1887 3940 charitatis

298 3977 478 4034 studio
505 3976 674 4044 sedit,
706 3974 1032 4044 complacuit
1058 3982 1217 4043 atque
1246 3972 1517 4028 convenit.
1554 3972 1620 4027 Ut
1652 3974 1888 4042 quandiu

297 4085 394 4129 eos
422 4071 563 4127 Deus
587 4066 928 4138 omnipotens
966 4066 1020 4121 in
1067 4063 1319 4134 praesenti
1369 4063 1889 4130 sreculosuperesse

298 4166 554 4230 voluerit,
597 4164 756 4219 Iidem
805 4173 859 4219 et
902 4162 1213 4218 charitatem
1257 4174 1444 4231 puram
1485 4168 1540 4215 et
1587 4162 1885 4231 simplicem

296 4258 410 4315 sibi
456 4258 691 4316 debeant
749 4270 1093 4315 conservare.
1154 4253 1417 4310 Similiter
1470 4253 1593 4322 quia
1658 4252 1887 4314 domnus

373 4424 398 4452 ο
426 4413 580 4469 Colb.
606 4428 679 4468 tn.
707 4419 762 4469 et
791 4412 947 4480 Bad.,
976 4427 1225 4468 concessae
1252 4424 1394 4471 sunt.

367 4484 398 4561 ιζ
430 4488 532 4561 aut
551 4491 698 4561 certe
724 4497 847 4561 pars
870 4484 1248 4561 Bessontensis
1276 4488 1329 4542 in
1352 4490 1846 4561 compensationem
1865 4535 1880 4561 ,

296 4564 356 4610 ut
386 4556 518 4610 inira
550 4556 604 4609 in
638 4556 878 4623 pactione
909 4554 1153 4609 habetur.

371 4637 395 4665 α
441 4626 681 4703 Castrum
715 4625 1088 4703 _Lingoue_nsis
1127 4627 1417 4703 dioecesis,
1464 4632 1622 4703 vulgo
1664 4634 1882 4691 Andelot

295 4697 527 4763 dictum,
551 4696 689 4752 inter
715 4696 882 4770 ipsam
908 4698 1092 4770 urbem
1125 4696 1469 4770 Lingonnset
1495 4696 1711 4760 Nasium
1740 4706 1879 4763 Leu-

295 4783 480 4844 corum
511 4776 765 4821 castrum.
798 4766 1252 4844 Distinguendum
1267 4773 1334 4827 ab
1363 4774 1471 4829 alio
1509 4775 1746 4844 ejusdem
1780 4792 1879 4834 no-

298 4841 456 4911 minis
482 4845 657 4911 castro
699 4846 761 4911 et
783 4838 1105 4911 monasterio
1136 4839 1326 4911 Vosagi
1363 4838 1750 4902 saltus'vcrsus
1782 4851 1881 4902 Al-

296 4910 515 4975 satiam,
541 4908 708 4981 vulgo,
729 4909 1000 4981 Andclaw;
1030 4908 1153 4966 item
1185 4923 1240 4967 et
1267 4908 1334 4967 ab
1360 4916 1618 4981 Andelao,
1645 4932 1742 4972 seu
1770 4920 1882 4974 An-

296 4981 466 5037 deleis
493 4990 547 5054 et
574 4978 875 5054 Andilegio,
900 4980 1060 5054 vulgo
1092 4982 1336 5054 Andelys,
1380 4978 1629 5042 dimcesis
1679 4988 1882 5045 Bothe-

296 5051 566 5124 magensis
595 5049 821 5124 Oppido,
843 5051 1171 5124 parthenone
1197 5049 1415 5124 an'tiquo
1438 5058 1555 5112 ord.
1580 5060 1752 5113 sancti
1780 5060 1880 5115 Be-

313 5120 493 5176 ted’icti
512 5162 527 5184 ,
556 5130 610 5175 et
638 5120 910 5188 collegiata
941 5121 1215 5187 insignito.

368 5194 392 5227 ιι
428 5191 491 5269 ΙιμΔ
508 5199 619 5258 est,
638 5191 735 5269 qui
754 5206 871 5269 pro
895 5190 1237 5269 Cltildeberto
1264 5194 1616 5264 loquebantur
1641 5213 1653 5252 :
1680 5200 1768 5269 qui
1798 5200 1877 5257 lo-

302 5264 494 5335 quendi
529 5262 721 5315 modus
752 5261 1010 5335 hodieque
1034 5263 1101 5335 in_
1119 5265 1230 5316 loro
1257 5261 1557 5335 usurpatur.

371 5344 394 5370 ε
425 5333 558 5408 Nota
588 5343 732 5408 sunt
765 5334 876 5387 haec
925 5335 1038 5408 loca
1069 5332 1325 5408 ponunt,
1357 5332 1423 5390 de
1452 5354 1558 5407 quo
1602 5354 1765 5408 supra
1808 5346 1875 5399 ad

297 5421 412 5475 rap.
454 5404 542 5466 l7,
587 5405 678 5475 lib.
710 5404 1011 5475 \‘tt,A_vnIgo
1057 5402 1417 5475 Chriteaudun,
1462 5402 1527 5462 ad
1574 5402 1876 5470 Lidcricum

298 5473 515 5529 ﬂuvium
535 5513 550 5538 ,
580 5474 717 5545 sicut
736 5483 790 5528 et
816 5473 1165 5529 Vindocinunt
1186 5516 1202 5544 ,
1231 5473 1511 5545 Vendome,
1538 5482 1623 5536 ubi
1646 5486 1876 5540 celebris

297 5545 507 5621 abbatia
534 5544 653 5599 ortl.
682 5545 1195 5621 sancti‘Benedictj;
1230 5562 1390 5621 pagus
1421 5544 1756 5621 Stampensis
1798 5556 1875 5612 sic

296 5618 469 5692 dictus
498 5624 581 5669 est
606 5630 634 5668 a
680 5614 964 5692 Stampis,_
983 5614 1245 5692 Elampcs,
1265 5619 1547 5692 Senonum
1577 5614 1783 5692 'oppido
1812 5628 1879 5681 ad

298 5687 524 5741 Junnam
554 5701 798 5749 amnem,
828 5686 967 5754 quod
1017 5686 1127 5742 fere
1158 5688 1389 5743 medium
1431 5700 1515 5746 est.
1550 5686 1688 5749 inter
1731 5696 1879 5752 Pari-

300 5758 428 5822 sies,
463 5756 799 5821 Aurt'lianos,
832 5758 1073 5812 Senonas
1102 5767 1154 5812 et
1198 5758 1481 5817 Carnutas.
1516 5763 1649 5821 Vide
1696 5766 1790 5822 lib.
1822 5783 1879 5822 tv

297 5828 365 5883 de
388 5843 447 5882 re
480 5828 845 5895 Iliplomatica.

376 5896 396 5936 ί
452 5898 547 5952 Ed.
579 5898 827 5979 quidam,
878 5899 1481 5979 illeltlontu_tses.‘Chesn.
1525 5906 1621 5975 aL,
1666 5906 1873 5979 Medus,

302 5968 557 6039 Turonas,
596 5970 853 6028 Pictuuus.
888 5970 1056 6031 Urbes
1088 5972 1173 6030 hic
1204 5984 1523 6035 enumeratio
1552 5968 1691 6038 uotae
1720 5968 1872 6055 sum;

1991 3446 2357 3502 dominatione
2405 3445 2572 3516 ipsius
2615 3446 2848 3503 debeant
2888 3463 3246 3517 permanere:
3279 3460 3333 3505 et
3371 3452 3416 3505 si
3457 3453 3582 3522 quid

1989 3540 2060 3596 de
2105 3541 2247 3612 agris
2290 3540 2561 3596 ﬁscalibus
2607 3541 2693 3597 vel
2742 3542 3023 3610 speciebus
3061 3551 3220 3615 atque
3269 3546 3520 3614 praesidio
3557 3543 3575 3582 ί

1992 3646 2089 3700 peo
2117 3631 2324 3686 arbitrii
2366 3631 2448 3687 sui
2489 3631 2765 3688 voluntate
2794 3632 2993 3701 facere,
3026 3645 3119 3689 aut
3148 3636 3437 3706 quidquam
3471 3636 3581 3709 [ΑΙ.

1989 3722 2259 3795 cuiquam]
2301 3724 2549 3779 conferre
2578 3723 2846 3790 voluerit,
2882 3726 2935 3781 in
2975 3736 3257 3796 perpetuo,
3289 3727 3601 3783 auxiliante

1992 3816 2241 3883 Domino,
2274 3826 2646 3884 conservetur,
2689 3832 2863 3887 neque
2909 3832 2940 3872 a
2977 3832 3296 3888 quocunque
3340 3820 3451 3873 ullo
3480 3835 3581 3873 un-

1989 3920 2148 3977 quam
2174 3915 2414 3975 tempore
2443 3906 2802 3973 convellatur,
2835 3918 2889 3963 et
2918 3908 3016 3964 sub
3050 3908 3273 3963 tuitioue
3304 3924 3365 3964 ac
3391 3909 3579 3964 defen-

1990 3998 2140 4054 sione
2160 3997 2341 4053 domni
2363 3998 2714 4063 Childeberti,
2736 4013 2856 4054 cum
2885 3999 2968 4052 his
2991 3999 3240 4054 omnibus
3261 4015 3379 4069 quae
3407 4001 3577 4069 ipsam

1992 4090 2245 4145 transitus
2285 4089 2547 4159 genitoris
2594 4090 2675 4143 sui
2726 4090 2996 4145 invenerit
3038 4091 3439 4160 possidentem,
3478 4093 3579 4149 sub

1990 4184 2136 4239 omni
2186 4184 2391 4239 honore
2419 4191 2474 4240 et
2501 4181 2760 4253 dignitate
2799 4196 2989 4238 secura
3038 4183 3232 4239 debeat
3274 4185 3574 4250 possidere.

1991 4275 2111 4330 Pari
2149 4274 2454 4331 conditione
2499 4274 2825 4344 repromittit
2873 4274 3100 4331 domnus
3137 4272 3572 4334 Guntchramnus

1987 4454 2106 4515 qua:
2151 4440 2417 4515 hodieque
2460 4442 2713 4515 cathedra
2751 4443 3041 4512 episcopali
3086 4446 3306 4515 pollent.
3357 4447 3571 4513 Meldaz.

1990 4513 2214 4585 Meaux,
2242 4514 2298 4585 in
2334 4513 2541 4585 Iiriegio
2569 4528 2663 4585 seu
2693 4514 2811 4568 Bria
2843 4513 3129 4583 hodierna;
3181 4518 3577 4585 Silvanectum,

1989 4583 2191 4650 Senlis;
2214 4583 2544 4652 .Abrincatm,
2576 4584 2862 4640 Avrancltes
2907 4587 2957 4640 in
2996 4586 3356 4651 Normannia;
3386 4583 3575 4644 Vicus?

1985 4654 2138 4721 Julii,
2175 4654 2333 4711 hodie
2364 4654 2563 4720 Adura,
2592 4657 2712 4711 Aire
2738 4656 2789 4710 in
2822 4656 3106 4722 Vasconia;
3141 4658 3576 4713 Consoranorum

1906 4727 1962 4788 D
1987 4740 2150 4797 pagus
2183 4726 2368 4781 urbem
2421 4726 2582 4781 habet
2607 4727 2673 4797 ad
2723 4726 2954 4783 Salatam
3003 4728 3252 4793 ﬂuvium,
3282 4729 3335 4781 la
3362 4728 3507 4794 Sale,
3539 4744 3571 4784 a

1988 4796 2175 4853 sancto
2207 4796 2435 4864 Licerio,
2463 4796 2596 4851 saint
2634 4796 2824 4865 Lizier,
2856 4798 3071 4853 dictam.
3107 4800 3155 4853 Is
3194 4807 3278 4853 est
3304 4798 3570 4854 Glicerius

1986 4867 2152 4935 cpisc.
2184 4867 2629 4939 consoranensis,
2675 4868 2783 4939 qui
2813 4869 3040 4939 concilio
3092 4868 3384 4939 Agatltensi
3436 4869 3570 4923 sub-

1985 4939 2214 5007 scripsit.
2232 4937 2558 5007 Lapurdum,
2577 4953 2668 4993 seu
2686 4938 2875 4993 civitas
2895 4937 3163 5001 Boatium,
3176 4937 3333 4993 hodie
3347 4938 3572 5005 Baiana,

1986 5007 2444 5079 vnlgogBrayonne,
2470 5008 2785 5079 appellatur,
2810 5017 2868 5063 ut
2896 5011 3084 5079 probat
3112 5009 3354 5064 Valesius
3381 5010 3433 5062 in
3455 5008 3568 5064 No-

1985 5078 2099 5131 titia
2124 5077 2444 5137 Galliarum;
2477 5078 2686 5147 Albige,
2709 5078 2863 5146 Alby,
2898 5077 3039 5147 quae,
3072 5079 3324 5135 detractis
3351 5095 3383 5133 a
3412 5079 3566 5134 Bitu-

1982 5148 2180 5218 riceusi
2211 5148 2480 5218 provincia
2518 5162 2612 5202 sex
2653 5148 2972 5216 civitatibus,
3017 5151 3072 5205 in
3120 5149 3455 5218 metropolim
3495 5148 3565 5205 ab

1918 5252 1933 5267 ι
1978 5216 2288 5272 Innocentio
2318 5217 2386 5272 XI
2417 5226 2595 5273 erecta
2625 5229 2723 5274 est.
2760 5218 3096 5275 Pontiﬁcium
3123 5216 3359 5287 diploma
3402 5234 3464 5275 ea
3494 5219 3564 5276 de

1981 5303 2040 5343 re
2068 5288 2251 5343 datum
2282 5298 2363 5343 est
2387 5303 2474 5342 an.
2504 5288 2660 5356 I678,
2688 5289 2774 5345 die
2796 5290 2830 5345 5
2855 5290 3031 5345 Nonas
3057 5290 3324 5345 Octobris.

2054 5368 2079 5406 ε
2109 5358 2308 5428 Casin.,
2340 5360 2642 5428 permiserit.
2678 5360 2825 5424 Bec.,
2854 5361 3087 5416 voluerit.

2053 5428 2078 5465 ιι
2108 5430 2275 5485 Simul
2302 5445 2422 5485 cum
2446 5445 2630 5487 sorore
2658 5446 2755 5487 sua
2780 5431 3171 5502 Cblodeberge.
3198 5447 3317 5500 qua:
3341 5432 3449 5501 jam
3475 5432 3569 5489 dea

1983 5499 2161 5555 fuitcta
2207 5510 2354 5567 erat,
2404 5510 2729 5557 memoratur
2776 5501 2830 5556 in
2877 5499 3116 5557 Concilio
3164 5499 3442 5559 valentino
3488 5518 3569 5571 Il,

1985 5587 2125 5627 anno
2146 5571 2279 5635 58L
2309 5573 2394 5626 ubi
2425 5573 2609 5642 puella'
2633 5572 2740 5627 Deo
2767 5581 2981 5626 sacrata:
3009 5573 3367 5643 appellantur.

2066 5644 2077 5679 ί
2115 5642 2451 5707 Praesidium,
2483 5654 2542 5697 ut
2582 5643 2692 5711 jam
2738 5644 2990 5709 diximus,
3021 5642 3360 5714 appellabant
3408 5644 3565 5711 hujus

1984 5715 2087 5768 ιιινί
2118 5722 2361 5768 auctores
2395 5715 2670 5783 pecuniam
2704 5728 2799 5783 pro
2827 5717 3147 5771 necessariis
3192 5731 3259 5770 ex
3304 5716 3570 5773 industria

1984 5795 2332 5840 reservatam.
2364 5784 2495 5838 Vide
2526 5785 2689 5841 Conc.
2729 5786 2898 5841 Paris.
2930 5802 2983 5853 v,
3013 5802 3135 5843 can.
3167 5787 3222 5843 8.
3252 5786 3567 5846 Praesidium

1982 5854 2364 5923 interpretatur
2392 5854 2541 5925 llugo
2568 5855 2852 5911 Menardus
2881 5857 2932 5914 in
2960 5857 3109 5918 Notis
3135 5857 3199 5913 ad
3227 5858 3569 5920 Sacratneut.

1983 5929 2152 5987 sancti
2177 5925 2415 5997 Gregorii
2445 5925 2581 5984 bona
2613 5927 2847 5983 mobilia.
