4096 6344
561 437 666 499 499

1550 440 1609 499 S.
1650 439 1981 501 GREGORII
2018 441 2321 503 EPISCOPI
2359 443 2797 507 TURONENSIS

3728 461 3836 518 500

560 570 689 626 rex,
717 561 779 613 ut
810 557 879 628 si,
906 564 964 614 ut
999 558 1159 615 habet
1201 557 1436 615 humana
1479 559 1758 629 fragilitas,
1788 562 1933 633 quod
1958 562 2137 619 divina
2168 563 2220 624 Α
2242 563 2648 621 Guntchramno
2678 575 2799 637 post
2839 569 3123 626 transitum
3170 571 3355 628 domni
3386 573 3547 646 5.53
3575 575 3833 637 Chlotha-

560 649 732 721 pietas
755 666 861 706 non
894 653 1185 722 permittat,
1214 667 1314 709 nec
1344 653 1433 708 ille
1460 652 1644 709 videre
1684 655 1975 721 desiderat,
2006 671 2134 713 con-

560 741 741 814 tigerit
777 742 1029 799 domnum
1070 742 1492 812 Childebertum,
1520 763 1586 804 eo
1614 750 1901 817 superstite
1929 750 1996 807 de
2036 751 2137 807 hac

556 831 676 890 luce
717 832 964 903 migrare,
999 833 1135 890 ﬁlios
1163 850 1289 891 suos
1313 837 1749 895 Theodobertum
1791 850 1846 897 et
1884 842 2134 898 Theodo-

557 925 726 980 ricum
757 940 935 995 reges,
960 925 1046 981 vel
1067 926 1112 981 si
1134 926 1308 983 adhuc
1333 929 1467 985 alios
1498 930 1597 1000 ipsi
1628 931 1767 986 Deus
1791 932 1923 988 dare
1947 934 2133 991 volue-

554 1016 653 1082 rit,
688 1024 745 1071 ut
783 1019 903 1086 pius
942 1025 1094 1088 pater
1119 1020 1218 1074 sub
1247 1034 1340 1075 sua
1373 1021 1593 1077 tuitione
1622 1033 1676 1079 et
1703 1023 2015 1082 defensione
2043 1041 2129 1083 re-

555 1107 746 1178 cipiat,
776 1108 847 1163 ita
879 1118 934 1171 ut
963 1125 1187 1183 regnum
1218 1113 1383 1181 patris
1410 1127 1595 1169 eorum
1639 1116 1740 1170 sub
1774 1117 1918 1171 omni
1945 1117 2129 1173 solidi-

551 1206 663 1255 tate
704 1200 1041 1269 possideant;
1071 1212 1126 1259 et
1172 1204 1482 1273 genitricem
1532 1206 1713 1261 domui
1760 1207 2122 1278 Childeberti,

548 1291 801 1349 domnam
824 1294 1217 1353 Brunichildem
1242 1297 1480 1368 reginam
1500 1339 1516 1365 ,
1540 1299 1625 1354 vel
1654 1300 1815 1357 ﬁliam
1837 1302 1951 1370 ejus
1974 1300 2128 1358 Chlo-

546 1383 899 1455 dosuindam,
956 1403 1263 1459 germanam
1318 1391 1501 1447 domni
1564 1389 1892 1450 Cliildeberti
1950 1397 2121 1466 regis,

545 1479 776 1553 quandiu
805 1480 943 1535 infra
974 1483 1246 1552 regionem
1295 1482 1622 1540 Francorum
1671 1487 1862 1554 luerit,
1892 1488 1978 1544 vel
2008 1489 2124 1560 ejus

543 1570 781 1639 reginam
812 1570 1116 1628 Faileubam
1147 1582 1196 1641 ⁸,
1227 1582 1479 1644 tanquam
1522 1591 1764 1635 sororem
1809 1579 2033 1649 bonam,
2067 1590 2125 1638 et

541 1659 680 1716 ﬁlias
730 1661 784 1716 in
823 1676 920 1718 sua
967 1665 1193 1723 tuitione
1219 1676 1273 1722 et
1317 1668 1652 1737 defensione,
1683 1672 1905 1741 spiritali
1951 1673 2122 1728 dilec-

541 1746 707 1814 tione,
740 1751 990 1822 recipiat,
1017 1761 1071 1808 et
1098 1755 1197 1810 sub
1222 1758 1367 1812 omni
1398 1759 1602 1815 honore
1625 1770 1678 1814 et
1707 1760 1967 1830 dignitate
1996 1779 2118 1819 cum

538 1841 787 1897 omnibus
831 1843 994 1904 rebus
1023 1860 1205 1901 earum
1226 1888 1240 1912 ,
1272 1863 1393 1903 cum
1422 1850 1748 1919 civitatibus,
1778 1854 1942 1922 agris,
1973 1856 2116 1911 redi-

2243 655 2415 709 charii
2443 666 2780 712 sacramenta
2810 660 3056 729 primitus
3088 661 3465 731 prmbuerunt;
3492 675 3542 721 et
3571 668 3616 724 si
3647 678 3830 737 postea

2241 749 2631 805 convincuntur
2676 750 2732 806 in
2771 760 2925 821 parte
2965 753 3069 807 alia
3114 754 3427 826 tradidisse,
3458 757 3524 813 de
3566 759 3700 815 locis
3738 764 3831 823 ubi

2240 851 2584 896 commanere
2614 842 2881 911 videntur,
2912 845 3163 901 convenit
3192 855 3249 901 ut
3275 847 3508 905 debeant
3537 855 3823 909 removeri.

2238 929 2494 986 Similiter
2523 944 2575 988 et
2605 934 2694 1003 qui
2744 943 2865 1003 post
2902 937 3182 992 transitum
3208 938 3395 994 domni
3424 940 3827 1000 Chlothacharii

2234 1024 2619 1079 convincuntur
2646 1026 2844 1082 domno
2882 1027 3149 1098 Sigiberto
3191 1042 3523 1088 sacramenta
3580 1037 3829 1105 primitus

2234 1114 2552 1183 prtebuisse,
2600 1127 2655 1172 et
2707 1130 2767 1172 se
2814 1117 2869 1171 in
2917 1119 3082 1173 aliam
3135 1130 3339 1189 partem
3395 1126 3815 1193 transtulerunt,

2233 1206 2391 1261 modo
2420 1206 2582 1261 simili
2631 1219 3026 1264 removeantur.
3063 1211 3322 1269 Similiter
3364 1215 3624 1285 quidquid
3670 1227 3821 1272 ante-

2230 1296 2323 1351 lati
2352 1312 2504 1367 reges
2536 1298 2780 1355 ecclesiis
2818 1310 2909 1355 aut
2950 1302 3195 1358 ﬁdelibus
3240 1302 3352 1359 suis
3402 1308 3745 1363 contulerunt
3775 1318 3822 1377 ο,

2229 1403 2320 1447 aut
2360 1394 2533 1450 adhuc
2578 1397 2825 1453 conferre
2863 1414 2985 1456 cum
3029 1400 3269 1469 justitia,
3311 1401 3423 1458 Deo
3470 1402 3819 1473 propitiante,

2232 1484 2522 1552 voluerint,
2574 1489 2840 1560 stabiliter
2887 1500 3269 1559 conservetur;
3314 1501 3371 1549 et
3410 1493 3672 1563 quidquid
3701 1494 3823 1547 uni—

2226 1578 2418 1649 cuique
2468 1579 2700 1634 ﬁdelium
2756 1581 2807 1635 in
2835 1582 3110 1653 utriusque
3139 1598 3305 1655 regno
3335 1599 3429 1654 per
3454 1583 3624 1653 legem
3653 1594 3707 1639 et
3729 1585 3825 1653 ju-

2225 1669 2423 1724 stitiam
2467 1669 2803 1738 redhibetur,
2836 1673 3037 1728 nullum
3061 1674 3111 1729 ei
3154 1674 3518 1743 prtejudicium
3558 1684 3821 1743 pariatur,

2223 1760 2320 1815 sed
2350 1761 2508 1815 liceat
2537 1776 2623 1816 res
2656 1763 2867 1819 debitas
2894 1765 3171 1834 possidere
3196 1774 3356 1836 atque
3384 1767 3644 1833 recipere.
3676 1765 3744 1819 Et
3772 1766 3821 1821 si

2221 1851 2423 1921 aliquid
2453 1854 2882 1927 cuicunqueper
2898 1857 3204 1927 interregna
3227 1861 3344 1913 sine
3365 1860 3530 1928 culpa-
3545 1858 3817 1913 sublatum

538 1931 682 1987 tibus
710 1935 790 1989 vel
818 1935 1025 1992 cunctis
1069 1938 1255 2005 titulis,
1284 1950 1337 1995 et
1366 1942 1511 1995 omni
1555 1957 1781 2014 corpore
1827 1944 2112 2015 facultatis,
2147 1957 2192 2016 Β
2220 1952 2331 2011 est,
2358 1944 2623 2001 audienlia
2658 1946 2844 2002 habita
2886 1958 3237 2005 restaureluf-
3266 1939 3331 2004 Et
3360 1950 3427 2003 de
3450 1964 3516 2004 θο
3546 1950 3686 2019 ειυοά
3721 1963 3820 2019 Per

537 2027 644 2077 tam
664 2022 826 2097 M2
849 2027 991 2096 quod
1014 2030 1260 2098 praesenti
1284 2030 1528 2087 videntur
1552 2044 1791 2105 tempore
1820 2040 2116 2107 possidere,

537 2128 696 2185 quam
729 2120 868 2186 quod
917 2119 1112 2190 adhuc,
1147 2121 1357 2178 Christo
1388 2126 1635 2192 praesule,
1666 2126 1805 2193 juste
1849 2131 2121 2197 potuerint

535 2220 901 2279 augmentare,
921 2213 1019 2267 sub
1037 2213 1183 2267 omni
1205 2218 1489 2271 securitate
1508 2226 1559 2271 et
1573 2218 1752 2285 quiete
1773 2221 2114 2286 possideant:

535 2299 668 2357 ut-si
714 2300 840 2370 quid
872 2301 938 2358 de
980 2303 1120 2373 agris
1164 2304 1455 2371 ﬁscalibus,
1501 2306 1580 2360 vel
1628 2309 1925 2378 speciebus,
1959 2321 2121 2381 atque

533 2391 801 2461 prtesidio,
834 2408 931 2464 pro
974 2396 1179 2465 arbitrii
1216 2399 1299 2453 sui
1333 2398 1606 2457 voluntate
1645 2400 1842 2467 facere,
1875 2410 1966 2456 aut
2005 2404 2119 2459 cui-

532 2497 691 2557 quam
717 2486 964 2544 conl‘erre
990 2489 1285 2558 voluerint,
1319 2490 1422 2545 ﬁxa
1450 2492 1740 2546 stabilitate
1771 2492 1824 2547 in
1856 2502 2115 2562 perpetuo

530 2590 900 2649 conservetur,
946 2596 1045 2637 nec
1086 2597 1117 2637 a
1162 2583 1562 2654 quibuscunque
1609 2586 1853 2641 voluntas
1901 2587 2114 2646 illarum

534 2672 647 2729 ullo
692 2684 931 2744 tempore
974 2677 1322 2735 convellatur.
1369 2678 1442 2734 De
1487 2677 1789 2734 civitatibus
1820 2695 1969 2750 vero,
2010 2681 2114 2737 hoc

532 2772 617 2825 est
644 2764 960 2837 Burdegala,
1006 2766 1311 2835 Lemovica,
1342 2769 1607 2833 Cadurco.
1656 2771 1902 2827 Benarno
1929 2782 1984 2828 et
2011 2773 2111 2828 Be-

528 2870 718 2927 gorra,
750 2874 885 2929 quas
916 2858 1314 2917 Gailesuindam
1342 2861 1368 2901 b
1401 2877 1709 2932 germanam
1738 2865 1949 2921 domum
1977 2866 2111 2922 Bru-

530 2947 801 3016 nichildis,
839 2960 945 3005 tam
974 2952 1027 3006 in
1075 2952 1200 3008 dote
1242 2968 1401 3023 quam
1428 2953 1484 3008 in
1525 2957 1898 3026 morganegiba
1930 2968 1977 3025 ε,
2009 2958 2111 3015 hoc

532 3051 650 3109 est,
677 3044 971 3100 matutinali
1000 3045 1162 3113 dono,
1188 3046 1241 3100 in
1271 3046 1549 3102 Franciam
1575 3049 1877 3105 venientem
1903 3061 2109 3108 certum

528 3140 611 3193 est
635 3136 949 3204 acquisisse.
979 3136 1121 3205 Quas
1147 3138 1306 3192 etiam
1334 3153 1427 3205 per
1448 3140 1708 3207 judicium
1736 3142 2109 3211 gloriosissimi

525 3225 706 3282 domni
740 3227 1127 3285 Guntchramni
1163 3231 1304 3301 regis
1332 3232 1417 3286 vel
1451 3230 1777 3289 Francorum
1799 3273 1816 3298 ,
1848 3236 2109 3304 supersti-

2226 2036 2616 2092 muniﬁcentias
2645 2040 3061 2107 praecedentium
3093 2055 3281 2109 regum
3329 2041 3694 2111 unusquisque
3725 2053 3822 2095 us-

2224 2142 2327 2195 que
2353 2128 2419 2181 ad
2451 2129 2731 2184 transitum
2770 2131 3016 2200 gloriosae
3045 2131 3318 2186 memoriae
3342 2132 3521 2186 domui
3553 2131 3819 2186 Chlotha-

2222 2221 2391 2276 charii
2422 2223 2567 2292 regis
2613 2222 2884 2290 possedit,
2928 2239 3050 2279 cum
3092 2224 3377 2280 securitate
3418 2222 3725 2293 possideat,
3760 2228 3820 2276 et

2221 2314 2359 2382 quod
2387 2314 2581 2369 exinde
2610 2313 2854 2369 ﬁdelibus
2885 2316 3128 2384 personis
3158 2316 3393 2369 ablatum
3424 2323 3536 2380 est,
3569 2314 3639 2368 de
3670 2326 3820 2382 pra:-

2220 2407 2357 2459 senti
2400 2406 2641 2475 recipiat.
2674 2408 2738 2461 Et
2778 2406 2899 2476 quia
2930 2406 3070 2462 inter
3110 2405 3360 2476 praefatos
3405 2419 3556 2475 reges
3588 2419 3724 2473 pura
3754 2411 3816 2460 et

2219 2499 2443 2569 simplex
2474 2510 2556 2554 est
2596 2499 2648 2554 in
2694 2499 2789 2556 Dei
2837 2501 3055 2555 nomine
3094 2500 3378 2555 concordia
3409 2500 3643 2568 illigata,
3676 2513 3821 2555 con-

2218 2590 2362 2645 venit
2402 2598 2459 2645 ut
2490 2592 2545 2644 in
2588 2600 2811 2662 utroque
2854 2606 3020 2662 regno
3065 2592 3339 2661 utriusque
3384 2591 3652 2655 ﬁdelibus,
3689 2602 3813 2647 tam

2217 2696 2314 2750 pro
2338 2684 2514 2736 causis
2542 2684 2765 2750 publicis
2790 2698 2947 2753 quam
2979 2685 3218 2753 privatis,
3242 2684 3543 2752 quicunque
3569 2684 3820 2740 voluerit

2216 2774 2513 2837 ambulare,
2546 2775 2795 2843 pervium
2827 2777 2989 2830 nullis
3018 2776 3346 2846 temporibus
3374 2776 3685 2845 denegetur.
3726 2776 3818 2832 Si-

2214 2865 2412 2921 militer
2437 2867 2719 2931 convenit,
2749 2874 2808 2920 ut
2834 2867 3012 2921 nullus
3039 2868 3261 2922 alterius
3291 2868 3473 2921 leudes
3505 2881 3605 2923 nec
3648 2866 3812 2922 solli-

2216 2955 2373 3022 citet,
2405 2970 2503 3011 nec
2540 2956 2815 3011 venientes
2858 2956 3108 3026 excipiat.
3141 2956 3293 3023 Quod
3335 2958 3382 3011 si
3429 2959 3651 3013 forsitan
3702 2971 3810 3027 pro

2215 3048 2390 3119 aliqua
2435 3049 2727 3105 amissione
2770 3056 2975 3118 partem
3027 3051 3248 3105 alteram
3301 3050 3594 3106 crediderit
3629 3066 3809 3122 expe-

2216 3140 2457 3209 tendam,
2487 3140 2634 3211 juxta
2665 3142 2968 3211 qualitatem
2998 3141 3168 3210 eulpte
3216 3143 3452 3196 excusati
3492 3142 3808 3199 reddantur.

2213 3232 2325 3287 Hoc
2351 3232 2512 3288 etiam
2544 3231 2664 3285 huic
2692 3231 2814 3285 addi
2845 3232 3040 3301 placuit
3078 3231 3342 3301 pactioni,
3380 3240 3437 3287 ut
3467 3233 3510 3285 si
3540 3247 3643 3301 qua
3674 3247 3805 3300 pars

525 3317 667 3410 tibus
694 3319 998 3389 Chilperico
1026 3332 1080 3377 et
1108 3320 1369 3391 Sigiberto
1406 3325 1639 3393 regibus,
1668 3324 1864 3381 domna
1905 3327 2104 3382 Bruni-
2133 3347 2178 3410 ρ
2212 3324 2498 3395 praesentia
2521 3332 2719 3377 statuta
2748 3324 2847 3377 sub
2871 3337 3189 3391 quacunque
3220 3322 3532 3388 calliditate,
3557 3331 3805 3392 tempore

520 3408 714 3465 childis
752 3412 989 3466 noscitur
1037 3414 1350 3483 acquisisse,
1386 3416 1457 3470 ita
1494 3417 1773 3485 convenit,
1809 3416 2018 3473 scilicet
2048 3427 2106 3473 ut

521 3500 823 3560 Cadurcum
848 3506 1119 3561 civitatem
1141 3548 1155 3571 ,
1187 3522 1307 3563 cum
1339 3510 1582 3565 terminis
1605 3518 1658 3565 et
1681 3519 1878 3565 cuncto
1910 3510 2106 3580 populo

519 3609 620 3669 suo
648 3597 842 3655 domna
874 3600 1226 3657 Brunichildis
1253 3602 1321 3658 de
1361 3604 1611 3673 praesenti
1643 3606 1695 3658 in
1736 3619 1831 3660 sua
1864 3607 2103 3676 preprie-

520 3698 633 3759 tate
676 3692 956 3764 percipiat.
986 3692 1237 3766 Reliquas
1264 3712 1390 3753 vero
1419 3698 1682 3765 civitates,
1718 3712 1783 3752 ex
1823 3697 1921 3752 hac
1967 3713 2100 3754 con-

518 3782 721 3842 ditione
765 3786 1011 3856 superius
1048 3790 1367 3854 nominatas,
1402 3788 1628 3843 domnus
1669 3787 2102 3845 Gnntchramnus

518 3874 649 3932 dum
689 3876 886 3934 advivit
932 3878 1231 3948 possideat,
1273 3881 1341 3934 ita
1385 3889 1441 3934 ut
1480 3880 1799 3949 quandoque
1833 3890 1951 3951 post
1980 3882 2102 3953 ejus

515 3970 794 4027 transitum
825 3971 878 4027 in
909 3970 1327 4028 dominationem
1353 3972 1569 4026 domnae
1619 3972 1973 4028 Brunichildis
2003 3975 2101 4029 he-

516 4061 815 4133 redumque
834 4078 1049 4121 suorum
1071 4080 1192 4120 cum
1222 4064 1367 4118 omni
1398 4063 1686 4134 soliditate,
1713 4064 1821 4120 Deo
1847 4064 2098 4136 propitio,

514 4162 886 4221 revertantur;
938 4169 1039 4210 nec
1081 4155 1367 4225 superstite
1413 4154 1610 4210 domno
1660 4154 2097 4222 Guntchramno,

512 4258 692 4316 neque
717 4263 748 4302 a
773 4247 965 4303 domna
999 4247 1358 4313 Brunichilde,
1389 4263 1564 4317 neque
1606 4262 1636 4303 a
1680 4248 1788 4304 ﬁlio
1828 4264 1926 4302 suo
1956 4249 2102 4303 Chil-

516 4335 744 4391 deberto
793 4351 942 4405 rege,
992 4337 1221 4406 ﬁliisque
1271 4340 1401 4403 suis,
1433 4338 1672 4407 quolibet
1723 4338 1967 4405 ingenio,
2014 4339 2098 4392 vel

513 4436 761 4496 tempore
783 4434 1112 4497 repetantur.
1139 4428 1312 4483 Simili
1344 4429 1503 4483 modo
1527 4428 1776 4482 convenit
1795 4465 1810 4491 ,
1846 4437 1901 4479 ut
1930 4427 2100 4481 Silva-

512 4518 689 4575 nectis
717 4518 945 4573 domnus
974 4518 1347 4574 Childebertus
1384 4520 1437 4572 in
1468 4518 1770 4587 integritate
1800 4526 2012 4584 teneat;
2042 4527 2100 4574 et

511 4619 769 4686 quantum
822 4612 975 4667 tertia
1019 4610 1202 4666 domni
1245 4609 1634 4667 Guntchramni
1682 4609 1875 4665 exinde
1920 4610 2096 4666 debita

2210 3428 2526 3483 quocunque
2558 3413 2975 3480 transcenderit,
3007 3415 3185 3468 omnia
3231 3414 3519 3480 beneﬁcia,
3552 3424 3659 3470 tam
3708 3430 3801 3472 re-

2210 3509 2470 3578 promissa
2514 3523 2671 3576 quam
2702 3508 2756 3561 in
2789 3509 3038 3576 praesenti
3069 3509 3292 3574 collata,
3342 3510 3581 3579 amittat,
3613 3519 3669 3566 et
3720 3510 3802 3567 illi

2208 3600 2448 3668 proliciat
2474 3600 2563 3668 qui
2594 3599 2970 3654 inviolabiliter
3002 3600 3181 3654 omnia
3210 3601 3583 3670 suprascripta
3612 3616 3801 3658 sem-

2177 3693 2371 3762 ‘verit,
2401 3690 2565 3762 444
2593 3699 2645 3745 ct
2674 3692 2742 3746 sit
2771 3691 2839 3745 de
2869 3701 3325 3747 sacramentorum
3369 3693 3689 3763 obligatione
3734 3696 3792 3752 in

2207 3784 2453 3839 omnibus
2496 3783 2762 3839 absoluta.
2798 3784 2891 3838 His
2920 3785 3098 3854 itaque
3141 3785 3390 3841 omnibus
3420 3786 3675 3857 deﬁnitis,
3701 3788 3797 3858 ju-

2205 3886 2327 3930 rant
2368 3890 2547 3947 partes
2594 3892 2688 3945 per
2720 3876 2815 3931 Dei
2844 3879 3225 3947 omnipotentis
3255 3894 3448 3936 nomen
3478 3883 3794 3951 et_,insepa-

2204 3969 2426 4023 rabilem
2458 3968 2800 4035 Trinitatem,
2832 3970 2913 4024 vel
2947 3969 3123 4025 divina
3152 3973 3328 4026 omnia
3359 3986 3423 4027 ac
3452 3976 3790 4031 tremendum

2205 4059 2347 4114 diem
2376 4059 2558 4127 judicii
2580 4099 2594 4124 ,
2627 4073 2685 4114 se
2726 4061 2925 4128 omnia,
2957 4076 3075 4131 qua:
3112 4062 3355 4131 superius
3401 4064 3600 4134 scripta
3629 4072 3790 4132 sunt,

2203 4153 2403 4223 absque
2428 4153 2537 4208 ullo
2561 4153 2684 4207 dolo
2727 4154 2869 4207 malo
2900 4145 2995 4208 vcl'
3013 4153 3212 4209 fraudis
3237 4154 3453 4225 ingenio
3499 4156 3785 4211 inviolabi-

2203 4244 2325 4299 liter
2352 4254 2676 4303 servaturos.
2708 4244 2867 4299 F‘acta
2898 4245 3070 4312 pactio
3092 4246 3189 4300 sub
3215 4244 3301 4300 die
3328 4256 3523 4315 quarto
3548 4244 3568 4286 ί
3603 4246 3786 4301 kalen-

2202 4338 2284 4392 dis
2329 4338 2656 4404 Decembris,
2688 4353 2828 4392 anno
2875 4339 3128 4391 vicesimo
3172 4346 3324 4392 sexto
3369 4338 3439 4409 [1.
3470 4354 3611 4393 anno
3658 4339 3784 4412 587]

2202 4430 2350 4501 regni
2374 4430 2557 4483 domui
2585 4430 2969 4485 Guntchramni
3002 4433 3139 4500 regis
3164 4439 3218 4499 Β,
3248 4431 3429 4485 domui
3457 4430 3781 4487 Childeberti

2202 4536 2327 4577 vero
2352 4524 2665 4577 duodecimo
2689 4537 2849 4575 anno.

2270 4615 2447 4670 Lectis
2490 4615 2651 4683 igitur
2681 4614 3033 4682 pactionibus,
3066 4614 3142 4669 ait
3170 4630 3264 4671 rex
3293 4635 3306 4671 :
3338 4615 3547 4670 Judicio
3575 4615 3671 4670 Dei
3705 4616 3775 4669 [θα

510 4705 801 4776 competit,
831 4704 898 4760 de
943 4703 1098 4759 tertia
1146 4702 1329 4758 domui
1370 4702 1695 4758 Childeberti
1716 4742 1732 4769 ,
1760 4718 1877 4772 quae
1916 4711 2000 4759 est
2040 4704 2090 4759 in
2122 4729 2174 4789 D
2198 4708 2328 4771 riar,
2354 4706 2396 4759 si
2428 4706 2491 4759 de
2523 4705 2607 4758 his
2646 4704 2932 4773 quidquam
2964 4706 3344 4761 transcendero
3386 4721 3502 4776 quae
3533 4707 3617 4761 hic
3649 4722 3777 4761 con-

508 4794 858 4854 Rossontensi
889 4795 951 4866 ιι,
991 4795 1172 4851 domni
1225 4792 1609 4851 Guntchramni
1664 4795 1901 4864 partibus
1944 4811 2091 4851 com-

506 4897 785 4960 pensetur.
819 4888 1073 4945 Similiter
1099 4889 1381 4960 convenit,
1412 4898 1467 4943 ut
1492 4888 1785 4944 secundum
1817 4888 2089 4959 pactiones

506 4982 653 5040 inter
700 4983 953 5037 domuum
1001 4980 1463 5037 Guntchramnum
1512 4989 1565 5036 et
1617 4980 1770 5035 bonae
1818 4981 2089 5035 memoriae

440 5150 441 5153 η
508 5073 764 5132 domuum
802 5074 1132 5146 Sigibertum
1175 5073 1352 5140 initas,
1397 5072 1580 5129 leudes
1608 5071 1715 5139 illi,
1756 5070 1848 5141 qui
1892 5070 2089 5127 domno

586 5233 1194 5311 EQolbufqgilelbem-
1522 5303 1534 5311 .
1581 5309 1588 5311 Α
1661 5301 1680 5311 -
1716 5302 1747 5311 ,Α
1996 5299 2027 5311 ..

452 5299 461 5361 ἒ
586 5302 618 5347 ι
651 5298 1140 5377 υκαι-ὈΜΓρει-ἰοὶ,
1164 5318 1282 5377 quae
1302 5303 1627 5377 strangulata
1658 5301 1785 5370 fuit,
1812 5313 1973 5371 supra
1995 5298 2088 5355 lib.

510 5390 590 5444 iv,
614 5392 734 5453 cap.
758 5377 852 5453 28_,
882 5374 975 5432 ubi
1003 5374 1196 5433 dicitur
1220 5374 1548 5453 Galauintha.
1662 5442 1674 5453 .
1724 5451 1730 5453 Α
1803 5441 1815 5453 ε

588 5441 774 5521 {tium
814 5441 989 5521 ignota
1035 5456 1177 5521 esse_t
1220 5447 1333 5502 haec
1361 5460 1461 5521 vos
1502 5441 2089 5521 exscriptoribusteam

507 5517 643 5571 varii
668 5518 818 5587 varie
832 5510 1116 5587 scripsere.
1138 5518 1325 5587 Regm.
1348 5529 1400 5572 et
1423 5515 1573 5570 Colb.
1592 5510 1693 5587 nn,
1707 5510 2087 5587 Murganeliba;

509 5588 661 5643 Colb.
687 5602 758 5660 a.,
793 5580 1175 5660 Morgimgeba;
1207 5580 1365 5644 Freh.
1395 5588 1467 5660 al.
1492 5596 1545 5641 et
1584 5584 1779 5660 Chesn.
1816 5584 1907 5643 al.,
1942 5580 2089 5633 Mor-

508 5659 760 5730 gangeba.
802 5656 1178 5734 Don'um'erat
1208 5660 1345 5734 quod
1360 5658 1462 5734 die
1511 5656 1812 5734 nuptiarum
1859 5666 2084 5734 sponsus

510 5740 670 5803 mane
706 5744 917 5803 sponsa:
945 5731 1275 5803 conferebat.
1298 5730 1438 5803 Ejus
1468 5737 1682 5803 etymon
1713 5733 1765 5777 et
1794 5730 1968 5803 varias
2015 5730 2084 5774 si-

508 5793 876 5869 gniicationes
921 5817 985 5855 ex
1031 5793 1393 5868 compluribus
1442 5793 1745 5851 auctoribus
1792 5793 1958 5847 fusius
1988 5806 2083 5846 ex-

510 5874 661 5942 ponit
688 5872 917 5939 Cangius
946 5872 997 5925 in
1030 5870 1320 5942 Glo’ssario.

579 5939 605 5979 ά
638 5932 905 5997 Ουιὺίω.
936 5954 989 5996 et
1030 5940 1226 5995 Chesn.
1257 5939 1351 6001 al.,
1397 5938 1720 6002 Ilosontisse;
1772 5934 1917 6002 Bec.,
1956 5932 2083 5988 Ros-

2200 4794 2449 4848 tinentur.
2500 4793 2564 4847 Et
2599 4808 2888 4849 conversus
2915 4794 2979 4849 ad
3026 4794 3287 4862 Felicem,
3319 4796 3407 4864 qui
3441 4802 3565 4849 tunc
3596 4794 3777 4849 nobis-

2196 4901 2314 4940 cum
2344 4884 2544 4952 legatus
2572 4884 2895 4950 advenerat,
2926 4886 3037 4940 ait:
3075 4886 3187 4952 Dic,
3219 4902 3251 4939 o
3279 4885 3427 4941 Felix
3449 4926 3465 4951 ,
3492 4884 3603 4954 jam
3634 4887 3779 4941 enim

2196 4976 2501 5046 plenissime
2528 4974 2862 5029 connexuisti
2889 4974 3156 5028 amicitias
3178 4975 3316 5029 inter
3338 4988 3579 5029 sororem
3605 4988 3777 5028 meam

2197 5068 2619 5137 Brunichildem,
2650 5077 2705 5123 et
2741 5067 3013 5122 inimicam
3046 5067 3138 5121 Dei
3178 5075 3233 5121 et
3275 5066 3545 5120 hominum
3581 5064 3777 5120 Frede-

2199 5227 2446 5301 sontisse.
2464 5225 2631 5301 Forte.
2652 5222 3101 5301 hicdesugnatun
3129 5220 3454 5301 Res-sontum,
3494 5220 3774 5301 Epngum‘,

2200 5294 2681 5365 Rosson-le-Long,
2716 5294 2863 5348 vicus
2894 5288 3039 5349 inter
3070 5293 3383 5350 Suessionas
3411 5299 3461 5345 et
3494 5288 3681 5365 vicum
3711 5288 3776 5345 ad

2197 5368 2475 5432 Axonam,
2520 5362 2922 5419 Vicisur-At'sne.
2953 5365 3053 5418 Alii
3086 5373 3262 5417 tamen
3295 5371 3515 5417 censent
3547 5362 3632 5417 hic
3660 5375 3773 5415 me-

2198 5440 2395 5493 morari
2425 5436 2735 5489 Rossontum
2760 5436 2812 5488 in
2846 5450 2976 5503 pago
3007 5434 3366 5488 Bellovacensi
3393 5434 3585 5496 situm,
3620 5434 3775 5503 vulgo

2200 5508 2426 5574 Ressou,
2459 5507 2598 5577 quod
2648 5508 2735 5559 uni
2780 5519 2811 5560 e
2852 5502 3049 5577 novem
3094 5505 3331 5559 ecclesiae
3378 5502 3775 5558 Bellovacensis

2196 5576 2583 5633 archidiacoiiis
2614 5592 2806 5630 nomen
2839 5576 3038 5629 tribuit.

2270 5661 2293 5687 υ
2326 5650 2413 5703 Sic
2444 5665 2571 5703 mss.
2602 5662 2821 5711 omnes;
2851 5645 2974 5698 editi
3005 5659 3151 5711 vero,
3183 5645 3509 5700 contulerint.

2269 5717 2287 5757 ί
2328 5722 2479 5775 Colb.
2513 5736 2586 5774 ιη.
2615 5731 2667 5772 et
2696 5719 2881 5786 Regni.
2910 5731 3028 5770 cum
3060 5716 3213 5783 llad.,
3243 5716 3326 5768 die
3355 5717 3521 5769 tertio.

2265 5800 2289 5838 Β
2320 5794 2448 5859 Qua:
2478 5783 2968 5859 sequuntur'usque
2995 5787 3063 5842 ad
3094 5788 3249 5841 linem
3290 5786 3478 5856 capitis
3532 5798 3637 5839 non
3670 5783 3767 5837 Ita-

2190 5856 2382 5923 bentu'r
2405 5862 2458 5917 in
2488 5860 2641 5915 Colb.
2668 5873 2721 5913 a.
2746 5867 2799 5914 et
2829 5856 2936 5914 Vat.
