4096 6344
328 365 429 423 501

1296 363 1612 422 HISTORIA
1653 359 2092 420 FRANCORUM.
2138 360 2345 421 LIBER
2380 359 2630 419 NONUS.

3490 355 3599 421 502

323 480 582 552 gundein.
621 479 739 548 Quo
782 488 1033 553 negante,
1062 494 1163 553 ego
1205 480 1316 537 dixi
1348 500 1362 537 :
1402 481 1516 537 Non
1562 480 1768 537 dubitet
1813 494 1911 536 rex
1935 482 1993 542 Α
2016 477 2274 536 Ecclesiae
2316 478 2455 535 lides'
2492 473 2728 547 periculo
2757 474 2869 532 ullo
2909 484 3019 532 non
3061 473 3322 546 quatitur,
3371 473 3602 531 haeresis

324 574 450 645 quia
498 573 601 628 illm
646 574 893 629 amicitiai
942 575 1080 630 inter
1120 575 1335 631 easdem
1368 575 1759 639 custodiuntur,
1789 589 1911 645 qua:

328 679 453 727 ante
499 669 600 725 bos
639 685 811 727 annos
858 672 1117 743 plurimos
1163 680 1289 729 sunt
1336 674 1529 745 ligata.
1582 672 1716 727 Nam
1763 681 1910 729 certe

326 763 467 818 scias
496 764 618 834 quia
645 764 858 829 odium,
889 765 1028 835 quod
1055 764 1196 820 inter
1218 765 1338 820 illas
1364 765 1491 820 olim
1514 772 1770 820 statutum
1796 772 1904 831 est,

328 854 511 911 adhuc
538 855 796 925 pullulat,
834 872 940 912 non
986 858 1202 914 arescit.
1232 858 1447 913 Utinam
1480 866 1534 912 tu
1554 896 1571 923 ,
1599 872 1632 912 o
1658 871 1754 912 rex
1794 857 1911 926 glo-

327 947 646 1011 riosissime.
677 949 853 1004 minus
879 964 1000 1006 cum
1031 966 1096 1006 ea
1122 951 1439 1006 cbaritatem
1469 950 1714 1005 haberes.
1748 948 1909 1016 Nam,

328 1045 392 1095 ιιι
431 1054 576 1108 saepe
600 1043 967 1111 cognovimus,
1000 1043 1216 1115 dignius
1245 1043 1361 1115 ejus
1389 1043 1710 1115 legationem
1751 1057 1913 1112 quam

330 1137 571 1183 nostram
593 1129 815 1199 excipis.
844 1130 908 1184 Et
936 1129 1025 1186 ille
1050 1147 1064 1185 :
1088 1131 1258 1197 Scias,
1289 1130 1487 1200 inquit,
1510 1129 1764 1185 sacerdos
1784 1128 1910 1194 Dei,

329 1218 456 1288 quia
482 1219 561 1275 sic
586 1219 704 1289 ejus
733 1220 1051 1289 legationem
1080 1222 1335 1291 suscipio,
1368 1230 1423 1277 ut
1460 1220 1778 1277 charitatem
1810 1235 1911 1276 ne-

330 1308 473 1378 potis
515 1311 620 1365 mei
663 1309 993 1367 Cbildeberti
1040 1313 1180 1382 regis
1226 1326 1337 1366 non
1364 1312 1631 1367 omittam.
1663 1310 1794 1369 Nam
1844 1310 1918 1366 ibi

331 1397 442 1473 [Αι.
470 1397 569 1470 illi]
591 1400 848 1456 amicitias
877 1401 1043 1471 ligare
1066 1416 1172 1458 non
1200 1416 1418 1473 possum
1438 1443 1455 1469 ,
1484 1402 1552 1458 de
1580 1417 1684 1471 qua
1715 1400 1915 1472 sacpius

330 1500 736 1560 processerunt,
767 1494 854 1564 qui
898 1494 1029 1549 mihi
1059 1495 1222 1549 vitam
1254 1504 1572 1565 praesentem
1614 1496 1915 1551 auferrent.

330 1581 460 1638 Haec
488 1597 554 1638 eo
600 1583 835 1652 dicente,
868 1584 1020 1641 Felix
1066 1585 1183 1640 ait:
1221 1586 1539 1642 Pervenisse
1584 1585 1651 1641 ad
1694 1586 1920 1656 gloriam

328 1684 564 1730 vestram
585 1675 766 1742 credo,
791 1676 933 1746 quod
959 1676 1289 1734 Richaredus
1316 1678 1636 1748 legationem
1659 1678 1726 1733 ad
1755 1693 1921 1748 nepo-

332 1773 440 1821 tem
470 1774 705 1822 vestrum
736 1768 935 1824 direxit
976 1768 1076 1841 (V.
1107 1786 1223 1841 sup.
1248 1785 1364 1839 cap.
1392 1770 1504 1837 lli),
1536 1784 1655 1839 qua:
1700 1777 1916 1839 neptem

2014 587 2155 627 nova
2200 586 2309 627 non
2345 571 2539 642 surgit.
2570 572 2700 640 Qum
2735 570 2840 628 erit
2876 570 2978 625 ista
3019 569 3333 633 necessitas,
3361 576 3423 623 ut
3462 564 3601 623 tanti

2015 661 2247 719 debeant
2284 660 2343 717 in
2387 676 2550 719 unum
2596 660 2848 733 conjungi
2896 658 3107 715 Domini
3153 655 3498 717 sacerdotes?
3528 655 3602 714 Et

2014 759 2107 815 ille
2132 775 2147 814 :
2177 758 2314 815 Sunt
2336 758 2529 826 multa,
2560 756 2762 829 inquit,
2794 771 2912 827 quas
2934 754 3164 811 debeant
3189 751 3451 819 discerni,
3483 764 3607 821 quin

2016 848 2213 919 injuste
2246 856 2395 918 gesta
2438 855 2592 913 sunt,
2633 856 2743 905 tam
2786 847 2854 904 de
2894 846 3133 912 incestis,
3165 859 3325 915 quam
3364 842 3433 898 de
3469 840 3604 912 ipsis

2016 956 2133 1011 qua:
2160 939 2297 996 inter
2327 954 2425 994 nos
2457 948 2686 1010 aguntur
2712 938 2915 997 causis.
2944 937 3052 994 Sed
3081 936 3353 1006 praecipue
3381 932 3471 989 illa
3500 931 3601 988 Dei

2017 1048 2180 1090 causa
2207 1041 2384 1090 exstat
2410 1030 2656 1087 omnibus
2697 1031 2891 1101 major,
2933 1038 2992 1086 ut
3036 1030 3304 1099 inquirere
3334 1025 3599 1094 debeatis,

2020 1143 2113 1185 cur
2144 1128 2499 1183 Prmtextatus
2534 1124 2817 1197 episcopus
2860 1124 3038 1195 gladio
3076 1122 3133 1180 in
3175 1121 3401 1180 ecclesia
3443 1120 3604 1177 fuerit

2018 1223 2393 1291 interemptus.
2420 1219 2525 1277 Sed
2552 1229 2611 1275 et.
2632 1218 2701 1274 dc
2728 1216 2794 1273 iis
2816 1216 2906 1286 qui
2932 1230 3028 1286 pro
3053 1214 3261 1270 luxuria
3286 1220 3606 1270 accusantur

2021 1313 2182 1369 debet
2209 1326 2334 1368 esse
2362 1309 2643 1376 diseussio,
2674 1318 2731 1364 ut
2760 1315 2852 1364 aut
2877 1307 3005 1363 victi
3041 1305 3318 1362 sanctione
3356 1302 3608 1361 sacerdo-

2022 1404 2114 1460 tali
2140 1402 2374 1459 debeant
2416 1399 2726 1466 emendari,
2757 1408 2850 1454 aut
2890 1403 3061 1463 certe,
3089 1396 3135 1450 si
3181 1395 3496 1451 innocentes
3524 1394 3608 1450 in-

2023 1500 2331 1567 veniuntur,
2380 1497 2594 1568 publice
2641 1511 2795 1553 error
2837 1493 3082 1553 criminis
3129 1490 3425 1548 auferatur.
3460 1488 3613 1544 Tunc

2020 1588 2179 1659 jussit
2204 1596 2269 1643 ut
2291 1589 2343 1643 in
2384 1587 2630 1647 kalendis
2657 1589 2861 1644 mensis
2882 1585 3059 1644 ouarti
3085 1583 3200 1639 haec
3224 1581 3461 1655 synodus
3491 1594 3619 1649 prop

2025 1680 2333 1751 longaretur
2355 1679 2405 1736 δ.
2438 1681 2503 1737 Et
2538 1680 2605 1735 iis
2634 1680 2816 1748 dictis,
2846 1678 2917 1734 ad
2958 1675 3241 1734 ecclesiam
3285 1673 3451 1745 556
3492 1686 3618 1741 pro-

2026 1776 2327 1830 cessimus:
2369 1782 2489 1829 erat
2528 1774 2673 1830 enim
2718 1773 2835 1829 dies
2872 1772 2961 1828 illa
3004 1768 3294 1825 Dominicis
3355 1767 3618 1822 Resurree-

331 1870 566 1923 vestram
612 1861 1097 1929 Cblodosuindam,
1128 1863 1289 1917 tiliam
1324 1862 1499 1917 fratris
1530 1864 1724 1929 vestri,
1771 1863 1820 1917 ei
1865 1862 1917 1917 in
1948 1870 2001 1931 Β
2025 1866 2218 1923 ctionis
2248 1866 2561 1921 solemnitas
2586 1875 2634 1919 ε.
2664 1866 2833 1921 Dictis
2858 1865 3017 1935 igitur
3044 1860 3505 1930 Missis,convivio
3518 1878 3631 1921 nos.

332 1952 728 2007 matrimonium
757 1954 1071 2024 postularet.
1100 1954 1206 2012 Sed
1238 1955 1325 2009 ille
1350 1956 1554 2026 absque
1582 1965 1764 2011 vestro
1792 1969 1923 2011 con-

331 2044 457 2099 silio
498 2044 628 2100 nihil
664 2047 858 2103 exinde
900 2049 1210 2117 promittere
1246 2049 1431 2105 voluit.
1466 2049 1581 2104 Rex
1607 2049 1681 2105 ait
1705 2060 1727 2088 ⁸
1757 2066 1776 2106 :
1806 2049 1925 2106 Non

334 2144 423 2192 est
453 2137 714 2206 optimum
744 2138 888 2194 enim
908 2182 923 2207 ,
953 2150 1012 2195 ut
1038 2141 1164 2196 illuc
1194 2143 1368 2210 neptis
1397 2140 1561 2213 “5
1591 2157 1705 2197 mea
1738 2143 1926 2198 ambo.

333 2227 443 2294 let,
475 2230 564 2286 ubi
585 2246 741 2288 soror
767 2249 864 2289 sua
892 2242 976 2290 est
997 2234 1277 2291 interfecta
1304 2253 1317 2302 ;
1355 2236 1449 2292 sed
1482 2251 1581 2291 nec
1607 2237 1736 2292 illud
1763 2239 1926 2293 ratio-

333 2319 586 2376 nabiliter
611 2325 944 2394 complacet,
977 2334 1035 2380 ut
1082 2342 1189 2382 non
1221 2328 1510 2385 ulciscatur
1560 2343 1705 2383 mors
1753 2331 1926 2400 neptis

333 2425 470 2467 mea:
512 2412 762 2485 lngundis
822 2416 968 2473 Felix
1020 2421 1309 2489 respondet
1340 2440 1352 2474 :
1389 2421 1608 2477 Multum
1646 2438 1705 2477 se
1733 2424 1930 2481 exinde

331 2516 596 2561 excusare
642 2505 861 2573 volunt,
907 2518 998 2565 aut
1045 2512 1417 2579 sacramentis,
1468 2522 1559 2566 aut
1603 2514 1930 2583 quibuslibet

335 2594 455 2653 aliis
485 2597 880 2656 conditionibus
902 2601 1202 2670 jusseritis;
1237 2612 1445 2659 tantum
1477 2620 1577 2661 vos
1604 2620 1930 2665 consensum

336 2691 599 2762 przebete,
632 2702 691 2747 ut
719 2695 766 2749 ei
796 2695 1212 2767 Cblodosuinda,
1243 2700 1379 2755 sicut
1408 2703 1671 2771 postulat,
1701 2702 1932 2772 despono

335 2794 511 2840 setnr.
544 2785 654 2841 Rex
685 2787 762 2842 ait
790 2805 805 2842 :
834 2787 891 2843 Si
936 2789 1078 2844 enim
1110 2806 1276 2861 nepos
1305 2807 1453 2849 meus
1503 2793 1686 2864 implet
1729 2812 1846 2863 qua:
1876 2795 1932 2851 in

340 2876 681 2947 pactionibus
723 2881 989 2936 conscribi
1020 2882 1211 2948 voluit,
1242 2893 1294 2938 et
1337 2899 1436 2954 ego
1462 2886 1528 2939 dc
1560 2887 1642 2941 bis
1674 2884 1812 2940 facio
1842 2900 1932 2941 ro-

344 2969 607 3025 luntatem
634 2971 770 3040 ejus.
801 2972 1243 3030 Promittentibus
1273 2978 1428 3031 nobis
1469 2995 1591 3034 eum
1624 2981 1802 3034 omnia
1835 2980 1934 3045 imo

343 3061 641 3130 pictorum,
676 3064 870 3135 adjecit
902 3065 1046 3120 Felix
1077 3085 1087 3118 ε
1123 3067 1455 3136 Deprecatur
1485 3071 1648 3124 etiam
1682 3071 1931 3137 pietatem

343 3162 575 3210 vestram
595 3201 610 3223 ,
644 3166 701 3211 ut
730 3158 781 3212 ei
812 3159 1060 3214 solatium
1090 3170 1277 3216 contra
1316 3163 1693 3232 Langobardos
1733 3165 1932 3219 tribua-

2027 1958 2245 2025 ascivit,
2280 1956 2422 2026 quod
2462 1956 2561 2011 luit
2587 1971 2694 2012 non
2737 1959 2913 2011 minus
2955 1963 3235 2013 oneratum
3279 1955 3335 2011 in
3376 1956 3617 2025 ferculis,

2027 2066 2186 2120 quam
2232 2050 2415 2105 laetitia
2453 2050 2789 2119 opulentum.
2824 2050 3048 2121 Semper
3075 2052 3221 2107 enim
3252 2065 3347 2106 rex
3377 2051 3445 2106 de
3486 2051 3619 2117 Deo,

2028 2145 2096 2200 de
2130 2144 2487 2199 aediﬁcatione
2524 2143 2870 2199 ecclesiarum
2894 2183 2912 2211 ,
2957 2142 3026 2199 de
3068 2142 3383 2199 defensione
3423 2158 3625 2213 paupe-

2029 2252 2150 2293 rum
2189 2252 2493 2293 sermonem
2544 2236 2780 2300 habens,
2826 2235 3036 2291 ridebat
3080 2236 3347 2292 interdum
3393 2235 3623 2305 spiritali

2024 2328 2152 2400 joco
2182 2329 2477 2396 delectans,
2506 2328 2709 2384 addens
2735 2327 2896 2384 etiam
2926 2328 3065 2384 unde
3091 2338 3148 2384 et
3174 2344 3271 2384 nos
3297 2329 3498 2399 aliquid
3528 2331 3624 2384 lae-

2033 2423 2160 2479 titiae
2191 2422 2510 2478 frueremur.
2543 2422 2761 2478 Dicebat
2787 2423 2931 2478 enim
2957 2431 3013 2478 et
3037 2421 3151 2478 hac
3178 2424 3335 2479 verba
3361 2438 3377 2478 :
3405 2423 3625 2479 Utinam

2035 2514 2167 2569 mihi
2212 2528 2382 2583 nepos
2412 2528 2565 2569 meus
2615 2514 2876 2583 promissa
2918 2515 3207 2571 custodiat.
3238 2516 3431 2570 Omnia
3474 2515 3627 2572 enim

2033 2624 2154 2679 quae
2222 2609 2393 2663 habeo
2429 2608 2544 2676 ejus
2600 2618 2744 2664 sunt.
2802 2610 3002 2665 Tamen
3042 2610 3090 2666 si
3124 2624 3247 2666 eum
3300 2608 3630 2667 scandalizat

2035 2702 2191 2772 illud,
2226 2704 2368 2770 quod
2410 2703 2614 2773 legatos
2643 2702 2938 2758 Cblotliarii
2967 2703 3173 2772 nepotis
3220 2703 3325 2758 mei
3370 2703 3625 2771 suscipio,

2036 2796 2273 2867 nunquid
2305 2795 2529 2850 demens
2559 2810 2711 2861 sum,
2753 2804 2811 2849 ut
2852 2809 2958 2850 non
2987 2795 3187 2864 possim
3213 2803 3516 2864 temperare
3546 2794 3628 2848 in-

2036 2901 2121 2948 ter
2163 2905 2274 2955 eos,
2325 2904 2391 2945 ne
2441 2888 2752 2943 scandalum
2804 2888 3160 2959 prepagetur?
3202 2888 3335 2943 Novi
3383 2889 3525 2943 enim
3573 2890 3629 2944 id

2039 2984 2212 3053 magis
2241 2980 2495 3047 incidere,
2529 2996 2685 3049 quam
2732 2981 2786 3035 in
2836 2979 3042 3049 longius
3089 2976 3447 3049 promulgare.
3480 2977 3628 3034 Dabo

2037 3075 2180 3129 enirn
2210 3070 2543 3137 Cblotbario,
2574 3071 2619 3126 si
2652 3086 2774 3125 eum
2805 3080 3055 3141 nepotem
3082 3084 3258 3126 meum
3287 3085 3408 3126 csse
3428 3085 3628 3141 cogno-

2039 3179 2190 3229 vero,
2220 3172 2311 3219 aut
2342 3165 2490 3226 duas,
2516 3171 2607 3216 aut
2654 3172 2761 3216 tres
2790 3162 2845 3217 in
2878 3172 3024 3228 parte
3052 3160 3230 3231 aliqua
3274 3161 3539 3229 civitates,
3572 3171 3632 3217 ut

346 3249 437 3319 tis,
467 3251 693 3321 qualiter
721 3253 927 3321 expulsi
961 3254 1025 3307 de
1059 3254 1199 3309 Italia
1221 3298 1235 3321 ,
1267 3271 1389 3324 pars
1418 3256 1501 3309 illa
1534 3272 1692 3325 quam
1724 3258 1933 3326 genitor
1965 3258 2010 3322 C
2042 3272 2140 3312 nec
2168 3258 2254 3311 hic
2287 3256 2523 3311 videatur
2554 3254 2886 3310 exbacredari
2917 3255 2986 3310 de
3011 3269 3175 3324 regno
3205 3269 3347 3318 meo,
3377 3270 3475 3309 nec
3509 3254 3632 3309 huic

344 3357 475 3400 suus
514 3344 804 3400 vindicavit
847 3348 1053 3413 vivens,
1087 3348 1151 3401 ad
1194 3364 1314 3402 eum
1368 3358 1693 3416 revertatur;
1730 3350 1933 3417 reliqua

345 3449 479 3491 vero
503 3450 626 3505 pars
651 3452 743 3505 per
773 3447 1007 3492 vestrum
1034 3454 1299 3504 suumque
1323 3440 1569 3494 solatium
1600 3440 1937 3511 imperatoris

346 3525 642 3583 ditionibus
673 3530 1001 3584 restituatur.
1047 3529 1339 3599 Respondit
1370 3548 1463 3585 rex
1499 3550 1510 3584 :
1542 3532 1692 3598 Non,
1735 3533 1933 3601 inquit,

349 3632 564 3688 possum
597 3621 649 3674 in
680 3619 882 3674 Italiam
909 3623 1202 3677 exercitum
1236 3639 1409 3677 meum
1435 3623 1683 3693 diligere,
1716 3633 1772 3678 ut
1800 3627 1938 3680 ultio

349 3724 443 3765 eos
497 3712 655 3765 morti
712 3713 961 3767 tradam:
1004 3715 1314 3784 gravissima
1370 3717 1511 3771 enim
1567 3720 1677 3772 lut-s
1732 3718 1937 3773 Italiam

350 3817 493 3860 nun'c
513 3806 775 3859 devastat.
806 3805 869 3859 Et
895 3820 1026 3875 ego:
1058 3806 1333 3862 lndicastis
1358 3809 1501 3863 enim
1525 3811 1703 3877 nepoti
1733 3818 1934 3875 vestro,

350 3905 413 3951 ut
439 3911 627 3953 omnes
666 3897 816 3968 regni
854 3898 936 3952 sui
977 3898 1215 3967 episc0pi
1258 3901 1310 3953 in
1356 3915 1517 3955 unum
1558 3902 1936 3967 convenirent,

354 3987 476 4057 quia
524 3986 688 4041 multa
734 3997 854 4043 sunt
900 4003 1018 4058 qua:
1062 3989 1290 4044 debeant
1335 3989 1618 4057 indagari:
1660 3991 1755 4044 sed
1788 3990 1939 4059 juxta

354 4083 795 4140 consuetudinem
828 4099 1091 4139 canonum
1112 4126 1125 4149 ,
1158 4085 1398 4155 placebat
1429 4086 1817 4155 gloriosissimo
1848 4101 1941 4139 ne-

356 4174 467 4241 poti
500 4184 697 4242 vestro,
728 4184 785 4230 ut
821 4178 1185 4249 unusquisque
1230 4179 1543 4247 metropolis
1571 4193 1690 4232 cum
1724 4178 1939 4247 provin-

357 4267 580 4325 cialibus
613 4268 727 4341 [Clu
758 4269 1314 4342 eomprovincialibus]
1345 4272 1455 4325 suis
1484 4272 1898 4342 conjungeretur
1924 4289 1936 4323 :

358 4364 413 4408 et
444 4365 571 4411 tunc
611 4372 729 4426 quae
774 4357 1208 4413 irrationabiliter
1238 4359 1292 4412 in
1339 4360 1556 4427 regione
1586 4358 1799 4428 propria
1845 4360 1941 4413 ﬁe-

358 4443 486 4500 bant
502 4489 517 4515 ,
547 4452 820 4505 sanctione
842 4451 1165 4506 sacerdo:al‘i
1188 4452 1619 4507 emcndarentur.
1646 4450 1773 4518 Qum
1796 4449 1939 4505 enim

357 4551 518 4595 causa
540 4550 745 4608 exstat,
774 4552 833 4598 ut
863 4544 915 4597 in
943 4560 1107 4599 unum
1140 4554 1281 4599 tanta
1310 4546 1596 4601 multitudo
1624 4544 1942 4601 conveniat?

432 4682 458 4712 ι
487 4675 666 4731 Editio
698 4678 844 4733 Badii
890 4679 966 4734 sic
995 4678 1154 4735 habet
1182 4698 1195 4734 :
1226 4680 1304 4734 Ad

358 4754 405 4800 et
432 4749 601 4801 animo
641 4758 865 4816 repetens
890 4766 1002 4818 quin
1026 4751 1087 4804 de
1115 4752 1331 4820 perﬁdia
1360 4750 1501 4804 illius
1535 4751 1802 4814 audierat,
1837 4766 1944 4802 mu-

360 4824 476 4869 turo
517 4820 729 4872 consilio
774 4822 1082 4889 respondit:
1115 4821 1235 4874 Non
1276 4830 1347 4874 est
1393 4822 1553 4873 visum
1597 4821 1869 4889 prudenter
1914 4838 1947 4873 α

363 4889 580 4963 ntc‘fieri
610 4891 1037 4963 siiconscntirem,
1066 4902 1117 4944 ut
1150 4894 1270 4945 illuc
1302 4893 1463 4963 neptis
1494 4908 1631 4955 mea,
1664 4908 1817 4963 quam
1841 4891 1946 4944 siu-

361 4958 609 5026 gulnritcr
638 4961 850 5030 diligere
889 4962 1064 5027 debeo,
1098 4965 1344 5027 mittatur,
1365 4958 1461 5014 ἰιὺί
1488 4978 1632 5015 soror
1663 4958 1770 5027 ejus
1800 4962 1947 5015 inuo-

363 5030 559 5102 ecntula
592 5033 886 5097 turpissima
915 5033 1097 5099 fraude
1124 5035 1273 5102 vulgo
1316 5032 1625 5099 pra‘dicatur
1656 5032 1942 5100 interfecta.

364 5100 471 5156 Sed
505 5120 591 5155 nec
624 5102 753 5154 illud
781 5104 969 5171 regiam
999 5104 1136 5157 decet
1164 5100 1507 5172 maiestatem,
1536 5111 1623 5154 aut
1666 5113 1835 5153 nostro
1863 5118 1947 5169 ge-

362 5178 465 5226 neri
500 5174 762 5225 honestum
794 5175 945 5237 (luco,
978 5184 1028 5225 ut
1062 5173 1124 5225 de
1157 5186 1312 5226 morte
1354 5173 1571 5240 nefanda
1620 5172 1778 5237 neptis
1822 5187 1944 5224 mea:

360 5244 677 5297 charissima:
708 5243 961 5312 Ingundis
1001 5244 1193 5296 nullam
1227 5261 1423 5296 sumam
1453 5242 1725 5295 vindictam
1750 5251 1836 5312 aut
1866 5242 1945 5296 ul-

362 5314 567 5367 tionsm.
600 5314 751 5367 Felix
778 5311 946 5367 autem
974 5315 1169 5384 legatus
1190 5315 1258 5367 ad
1287 5316 1380 5365 hoc
1411 5313 1709 5383 respondit:
1743 5311 1907 5367 Multa
1927 5354 1942 5377 ,

364 5400 450 5437 rei:
480 5386 781 5454 wquissime,
812 5385 1169 5438 malivolorum
1212 5384 1473 5454 hominum
1503 5383 1943 5454 linguurrasscrtre

362 5453 552 5521 solent,
587 5472 698 5525 qua:
728 5457 901 5523 procul
933 5466 1047 5509 sunt
1078 5474 1109 5509 α
1133 5457 1353 5509 veritate.
1388 5453 1610 5523 Ideoque
1640 5453 1741 5507 illis
1774 5453 1936 5525 prius-

363 5541 516 5591 quam
534 5522 679 5597 justo
711 5522 848 5596 facta
873 5527 938 5579 sit
966 5528 1258 5595 inquisitio,
1290 5526 1483 5578 nullam
1517 5522 1656 5578 decet
1702 5522 1940 5578 adhibere

364 5597 537 5661 Iidem.
572 5599 884 5651 liicharedus
913 5609 1083 5651 autem
1107 5616 1157 5651 se
1189 5597 1323 5651 omni
1352 5599 1457 5662 via,
1490 5612 1589 5666 qua
1615 5597 1783 5658 decet,
1817 5612 1939 5664 pur-

362 5684 486 5734 gare
527 5679 735 5736 paratus
767 5677 867 5733 est,
910 5670 1009 5722 sive
1048 5669 1393 5731 sacramentis,
1429 5669 1527 5721 sive
1566 5667 1941 5737 quibuscunque

363 5739 482 5791 aliis
512 5739 881 5794 conditionibus
913 5738 1191 5808 jusseritis,
1224 5757 1275 5793 se
1313 5742 1583 5792 innnuncm
1628 5753 1732 5792 esse
1779 5738 1839 5788 ab
1881 5737 1943 5791 iis

364 5821 478 5873 qua:
504 5810 809 5877 objiciuntur
838 5824 870 5860 a
909 5808 1117 5873 perditis
1146 5810 1451 5877 hominibus,
1498 5810 1675 5877 quibus
1718 5808 1939 5874 doleret,

362 5878 411 5934 si
437 5893 609 5936 veram
632 5896 691 5937 ac
718 5881 994 5949 sinceram,
1020 5887 1076 5934 ut
1101 5881 1271 5950 decet,
1301 5882 1432 5939 inter
1458 5896 1543 5938 vos
1571 5880 1796 5938 viderent
1822 5878 1946 5935 cha-

2046 3349 2470 3420 inquietudinem
2507 3354 2873 3417 praepararent
2899 3363 3019 3417 qum
3050 3348 3133 3404 isti
3168 3348 3457 3417 reliquero.
3505 3346 3632 3407 Haec

2042 3449 2099 3496 et
2124 3442 2224 3495 alia
2248 3441 2482 3506 locutus,
2514 3440 2654 3494 dulci
2682 3455 2778 3495 nos
2800 3438 2995 3495 allecti:
3018 3438 3206 3496 fovens
3227 3450 3290 3495 ac
3318 3439 3631 3495 muneribus

2042 3549 2304 3597 oncrans,
2362 3533 2638 3588 discedere
2688 3532 2869 3601 jubet,
2918 3533 3175 3589 mandans
3206 3541 3271 3587 ,ιιι
3312 3547 3375 3588 ea
3420 3546 3634 3601 semper

2043 3624 2391 3681 Cliildeberto
2437 3624 2549 3692 regi
2598 3624 2950 3690 insinuentur,
2993 3638 3111 3693 qua:
3157 3623 3280 3679 vitae
3320 3623 3438 3691 ejus
3484 3636 3634 3678 com—

2046 3721 2201 3774 moda
2232 3718 2379 3774 lient.
3113 3725 3116 3729 ‘

2120 3810 2260 3864 XXI.
2301 3810 2417 3877 Ipse
2445 3816 2622 3863 autem
2643 3822 2759 3870 rex,
2794 3817 2849 3861 ut
2868 3821 3014 3876 saepe
3033 3808 3284 3870 diximus.
3314 3808 3369 3863 in
3396 3809 3633 3863 elecmo-

2044 3901 2195 3971 synis
2246 3916 2490 3969 magnus,
2540 3899 2595 3954 in
2638 3899 2837 3967 vigiliis
2888 3907 3048 3968 atque
3095 3898 3312 3967 jejuniis
3360 3908 3636 3968 promptus

2046 4002 2181 4048 erat.
2214 3992 2345 4047 Nam
2384 4003 2507 4045 tunc
2536 3991 2802 4045 ferebatur
2837 3991 3124 4045 Massiliam
3154 4008 3180 4043 a
3212 3992 3296 4045 lue
3338 3992 3633 4060 inguinarin

2046 4082 2200 4137 valde
2230 4081 2443 4147 vastari,
2488 4088 2542 4134 et
2571 4080 2709 4133 hunc
2754 4081 2993 4134 morbum
3024 4094 3192 4149 usque
3217 4079 3284 4135 ad
3316 4081 3633 4151 Lugduneu~

2047 4187 2160 4228 sem
2185 4171 2377 4235 vicum,
2400 4173 2657 4225 Octavum
2690 4171 2926 4237 nomine,
2958 4171 3118 4226 fuisse
3160 4170 3407 4227 celeriter
3434 4187 3631 4241 propa-

2048 4265 2235 4320 latum.
2268 4264 2373 4319 Sed
2405 4279 2517 4327 rex,
2547 4278 2610 4317 ac
2638 4263 2681 4316 si
2720 4262 2887 4318 bonus
2916 4262 3192 4327 sacerdos,
3236 4261 3520 4332 providens
3548 4276 3633 4319 re-

2050 4356 2244 4424 media,
2278 4354 2467 4425 quibus
2485 4353 2761 4413 cicatrices
2789 4354 3080 4422 peccatoris
3096 4355 3238 4423 vulgi
3261 4356 3631 4418 mederentur,

2044 4445 2205 4517 jussit
2234 4461 2444 4501 omnem
2464 4446 2710 4515 populum
2729 4445 2792 4499 ad
2808 4446 3088 4500 ecclesiam
3110 4448 3418 4513 convenire,
3451 4456 3506 4501 et
3526 4447 3635 4501 Ro-

2051 4542 2292 4613 gatioues
2319 4556 2527 4597 summa
2554 4556 2675 4597 cum
2724 4541 3010 4597 devotione
3059 4541 3339 4611 celebrari,
3395 4550 3452 4596 et
3500 4543 3633 4598 nihil

1343 4679 1479 4749 quod
1518 4694 1610 4733 rex
1638 4694 1940 4747 cognoscens
1969 4685 2019 4745 D
2045 4682 2265 4734 ritatem.
2301 4678 2625 4747 Quapropter
2668 4676 2865 4749 placeat
2909 4678 3264 4747 purgationem
3310 4680 3422 4747 ejus
3470 4678 3637 4749 legiti-

2050 4768 2185 4804 mam
2214 4751 2498 4813 admittere,
2532 4759 2579 4801 et
2608 4749 2653 4801 si
2684 4747 2799 4801 talis
2828 4757 3082 4816 comperta
3125 4750 3276 4817 fuerit
3296 4788 3312 4812 ,
3342 4749 3397 4799 id
3426 4747 3632 4806 tandem

2050 4823 2303 4892 permitte,
2336 4831 2395 4892 ut
2418 4821 2462 4873 ei
2490 4818 2875 4892 Chlodosuinda
2896 4858 2910 4882 ,
2939 4818 3068 4871 sicut
3117 4821 3375 4892 postulat,
3399 4817 3637 4892 μείωμα.-

2050 4887 2209 4946 setur.
2245 4891 2354 4944 Rex
2382 4891 2551 4955 itaque
2589 4890 2801 4941 audiens
2844 4897 2945 4941 tam
2974 4895 3285 4942 constantem
3324 4887 3633 4944 oblationem

2051 4964 2112 5015 de
2156 4961 2453 5031 purgatione
2500 4958 2773 5012 Richaredi
2814 4958 3082 5031 facienda,
3127 4960 3559 5031 consideransque
3589 4962 3637 5015 si

2050 5027 2289 5085 innocens
2319 5040 2444 5084 esset
2470 5045 2674 5097 eorum,
2706 5045 2819 5093 qum
2862 5027 2961 5096 ipsi
3001 5038 3119 5081 tunc
3159 5028 3543 5099 objiciebantur,
3574 5047 3637 5085 ea

2050 5117 2163 5169 quae
2192 5119 2223 5153 a
2270 5098 2557 5152 Ilicliaredo
2604 5099 3010 5166 postulabantur,
3052 5098 3223 5151 essent
3258 5114 3412 5167 regno
3452 5102 3631 5166 utilia,

2055 5168 2189 5238 nepti
2232 5169 2544 5235 honoriﬁca,
2589 5168 2751 5241 etita
2789 5184 3104 5241 nequaquam
3138 5171 3455 5236 respuenda,
3489 5174 3635 5241 carpit

2052 5242 2276 5293 animum
2303 5241 2503 5307 ﬂectere
2523 5256 2582 5293 ac
2612 5239 2741 5295 dixit
2765 5255 2784 5294 :
2815 5239 2875 5294 Si
2896 5240 3045 5293 modo
3072 5255 3187 5293 ocra
3213 5248 3331 5291 sunt
3349 5257 3463 5308 qua:
3483 5239 3632 5309 dicis,

2050 5320 2097 5365 et
2152 5308 2470 5365 Richarcdus
2515 5312 2818 5381 [legendum
2871 5320 3012 5382 puto,
3054 5309 3428 5382 Childebertus]
3478 5308 3635 5382 nepos

2049 5398 2192 5436 meus
2222 5382 2391 5448 implet
2416 5379 2529 5450 qua}
2553 5384 2604 5434 in
2636 5380 2956 5450 pactionibus
2985 5379 3233 5451 conscribi
3260 5379 3445 5451 voluit,
3474 5379 3578 5439 etc.

2121 5452 2146 5491 δ
2186 5452 2336 5509 Nulla
2366 5467 2585 5520 usquam
2607 5452 2796 5522 synodi
2826 5451 2981 5521 hujus
3002 5450 3199 5505 mentio
3218 5450 3482 5521 occurrit;
3513 5456 3669 5511 hinc...

2048 5524 2294 5579 dubitare
2326 5524 2450 5576 licet
2478 5539 2543 5577 au
2572 5522 2731 5577 fuerit
2762 5536 2993 5590 unquam
3026 5532 3227 5579 coacta.

2121 5606 2142 5633 ο
2188 5597 2241 5649 In
2273 5596 2427 5658 Bad.,
2454 5596 2667 5649 omissis
2712 5594 3063 5657 intermediis,
3123 5593 3240 5649 haec
3291 5612 3411 5651 cum
3461 5599 3631 5652 media

2046 5674 2194 5736 parte
2219 5665 2407 5733 capitis
2427 5665 2696 5732 sequentis
2725 5666 2800 5719 sic
2824 5664 3116 5734 junguntur
3142 5682 3155 5718 :
3188 5666 3533 5734 Solemnitas,
3573 5671 3634 5722 ob

2045 5753 2196 5807 quam
2218 5736 2387 5787 omnia
2428 5737 2672 5807 devotius,
2720 5746 2763 5788 et
2796 5752 2910 5788 cum
2954 5738 3148 5805 majore
3177 5741 3427 5793 charitate
3469 5752 3635 5793 trans-

2049 5806 2162 5861 acta
2221 5816 2373 5869 sunt;
2400 5815 2446 5860 et
2474 5806 2621 5873 quasi
2668 5808 2913 5877 religione
2955 5807 3099 5875 ﬁeret
3142 5809 3389 5878 quidquid
3440 5826 3470 5862 a
3521 5825 3637 5879 rege

2048 5879 2223 5950 ﬁebat,
2249 5878 2428 5939 eodem
2456 5889 2679 5951 tempore
2700 5881 2775 5936 ita
2793 5888 2990 5949 gestum
3009 5884 3103 5935 est.
3129 5878 3231 5935 Per
3250 5880 3499 5950 triduum,
3525 5878 3634 5937 etc.
