4096 6344
415 312 526 377 505

1414 307 1476 368 S.
1518 303 1849 366 GREGORII
1884 297 2197 362 EPISCOPI
2233 294 2670 357 TURONENSIS

3606 292 3717 351 ὕοι

414 433 565 492 aliud
591 430 645 489 in
682 443 783 488 usu
809 423 1079 495 vescendi,
1115 423 1218 483 nisi
1244 430 1437 495 panem
1479 422 1840 482 hordeaceum
1886 435 2011 479 cum
2038 419 2095 481 Α
2116 417 2280 473 functi
2312 435 2326 471 :
2354 416 2449 475 sed
2477 425 2533 473 et
2551 414 2733 473 multis
2781 412 2990 471 vicibus
3036 410 3293 483 deinceps
3320 408 3391 467 ab
3420 408 3528 468 hoe
3574 408 3719 471 Inte-

419 543 558 599 aqua
612 524 809 581 munda
857 522 1096 587 assumi,
1150 518 1452 589 vigiliisque
1500 516 1696 573 adesse
1750 514 2015 569 instanter

421 635 613 677 omnes
637 617 791 689 jubet
823 631 837 670 :
867 614 1008 686 quod
1049 626 1117 668 eo
1148 619 1389 682 tempore
1426 609 1499 665 ita
1525 616 1733 679 gestum
1764 614 1869 664 est.
1914 606 2017 662 Per

419 714 654 771 triduum
681 710 847 777 enim,
872 707 1038 779 ipsius
1070 694 1428 776 eleemosyttis
1457 702 1661 774 largius
1684 700 1845 758 solito
1875 714 2017 771 pra:-

419 802 780 869 eurrentibus,
812 802 883 857 ita
911 799 978 855 de
1004 808 1197 855 cuncto
1225 796 1431 868 populo
1452 794 1801 863 formidabat,
1826 802 1883 848 ut
1901 792 2015 863 jam

421 907 550 953 tunc
577 909 684 951 non
708 908 809 950 rex
833 900 1061 961 tantum,
1094 890 1189 948 sed
1216 890 1377 947 etiam
1412 887 1664 945 sacerdos
1691 885 1905 943 Domini
1928 900 2018 955 pu-

424 997 653 1052 taretur,
682 996 849 1042 totam
890 1000 1040 1056 spem
1069 999 1222 1040 suam
1276 985 1331 1038 in
1364 982 1573 1037 Domini
1621 979 2019 1036 miserationem

426 1080 829 1149 transfundens,
853 1077 987 1135 etin
1019 1078 1135 1146 ipso
1168 1075 1380 1146 iactans
1418 1072 1789 1144 cogitationes,
1822 1085 1941 1142 qua:
1968 1071 2023 1128 ei

425 1170 894 1243 superveniebant,
916 1169 1078 1241 M7
1110 1184 1140 1223 a
1162 1182 1269 1239 quo
1297 1180 1389 1223 eas
1417 1164 1633 1221 effectui
1652 1163 1790 1220 tradi
1820 1171 1928 1218 tota
1958 1163 2020 1217 ﬁ-

429 1266 520 1321 dei
549 1265 857 1335 integritate
887 1262 1123 1333 putabat.
1155 1259 1288 1317 Nam
1317 1257 1533 1314 celebre
1558 1266 1686 1312 tunc
1714 1270 1744 1309 a
1776 1254 2025 1311 ﬁdelibus

428 1358 727 1423 ferebatur,
772 1358 916 1426 quod
948 1355 1143 1411 mulier
1190 1351 1456 1424 quaedam,
1497 1348 1651 1421 cujus
1691 1347 1832 1405 ﬁlius
1869 1362 2026 1418 quar-

432 1460 564 1508 tano
595 1460 723 1522 typo
750 1447 1077 1520 gravabatur
1104 1454 1161 1502 et
1202 1445 1259 1500 in
1288 1451 1459 1499 strato
1484 1441 1672 1498 anxius
1707 1438 2025 1507 decubabat,

431 1544 660 1601 accessit
684 1542 824 1599 inter
850 1542 1029 1598 turbas
1060 1538 1241 1611 populi
1283 1552 1456 1610 usque
1498 1538 1564 1593 ad
1607 1545 1813 1608 tergum
1861 1535 2025 1605 regis,

432 1636 781 1707 abruptisque
803 1635 938 1690 clam
964 1632 1160 1703 regalis
1180 1631 1476 1688 indumenti
1506 1627 1729 1683 fimbriis
1750 1626 1801 1681 in
1833 1640 2028 1697 aquam

432 1728 618 1799 posuit
646 1727 863 1797 ﬁlioque
893 1725 1181 1781 bibendum
1228 1721 1401 1787 dedit,
1445 1719 1731 1790 statimque
1776 1717 2029 1773 restincta

2119 511 2225 567 ritu
2254 518 2472 580 gravata
2507 517 2612 564 est.

2190 600 2381 656 XXIII.
2423 600 2680 672 Agericus
2704 613 2833 655 vero
2856 598 3230 655 Viridunensis
3256 597 3566 669 episcopus,
3588 612 3716 656 cum

2118 707 2184 748 ex
2215 692 2307 747 illo
2334 692 2603 747 diuturna:
2649 690 3023 747 amaritudinis
3056 690 3184 747 felle
3225 689 3461 762 graviter
3489 700 3723 763 aegrota—

2122 794 2227 853 ret,
2256 801 2353 857 pro
2381 801 2448 843 eo
2473 786 2615 857 quod
2647 784 3081 843 Guntchramnus
3120 787 3283 855 Boso,
3316 801 3416 858 pro
3442 801 3551 856 quo
3581 786 3720 842 ﬁde-

2117 878 2300 950 jussor
2334 880 2634 945 exstiterat,
2668 878 2980 934 interfectus
3008 887 3182 947 esset;
3212 878 3300 935 vel
3344 879 3505 935 etiam
3537 878 3725 935 abdita

2123 973 2502 1041 amaritudine,
2543 972 2685 1044 quod
2716 973 3097 1030 Berthefredus
3141 975 3274 1030 infra
3309 975 3600 1031 oratorium
3625 975 3727 1030 do-

2125 1081 2245 1124 mus
2296 1067 2673 1124 ecclesiastica:
2717 1067 2889 1124 fuerat
2939 1067 3277 1135 interfectus,
3318 1076 3375 1123 et
3416 1068 3725 1140 prmserlim

2124 1176 2245 1219 cum
2277 1162 2423 1233 ipsos
2451 1160 2841 1217 Guntchramni
2871 1160 3009 1218 ﬁlios
3037 1175 3221 1218 secum
3262 1160 3500 1218 retinens
3539 1162 3726 1218 ouoti-

2128 1255 2217 1312 die
2248 1255 2424 1323 ﬁeret,
2452 1253 2643 1310 dicens
2675 1272 2688 1308 :
2719 1253 2779 1310 In
2826 1269 2949 1310 meo
2986 1269 3084 1310 vos
3130 1254 3256 1310 odio
3294 1252 3519 1324 orphani
3551 1252 3729 1309 relicti

2128 1346 2286 1413 estis;
2319 1346 2404 1403 his
2426 1360 2707 1415 accensus,
2739 1354 2801 1403 ut
2832 1346 3087 1413 diximus,
3125 1348 3321 1414 causis,
3356 1346 3494 1403 fellis
3524 1348 3730 1402 amari-

2131 1440 2313 1497 tudine
2341 1450 2679 1509 aggravatus,
2708 1448 2763 1495 et
2790 1440 3021 1496 maxime
3049 1439 3181 1496 forti
3234 1440 3413 1497 inedia
3462 1454 3730 1496 consum-

2130 1541 2276 1601 ptus,
2300 1532 2441 1587 diem
2471 1530 2604 1587 obiit
2648 1540 2706 1600 ο,
2756 1532 3140 1603 appositusque
3192 1540 3277 1589 est
3332 1532 3387 1588 in
3440 1533 3719 1603 sepulcro.

2132 1625 2487 1681 Buciovaldus
2504 1640 2718 1696 quoque
2739 1627 2905 1683 abbas
2927 1627 3045 1697 ejus
3071 1641 3167 1695 pro
3192 1626 3506 1697 episcopatu
3529 1642 3732 1682 cucur-

2134 1720 2225 1784 rit,
2258 1718 2353 1774 sed
2385 1718 2520 1773 nihil
2545 1718 2809 1775 obtinuit:
2850 1718 3215 1775 Charimerem
3247 1720 3390 1775 enim
3420 1718 3728 1775 referenda-

432 1819 585 1876 febre
612 1826 832 1874 sanatus
856 1826 958 1873 est.
990 1815 1142 1884 Quod
1170 1829 1276 1869 non
1319 1812 1549 1869 habetur
1590 1824 1621 1863 a
1651 1823 1737 1864 me
1780 1806 2023 1878 dubium,
2055 1804 2106 1866 Β
2134 1812 2271 1867 rium
2302 1826 2423 1867 cum
2452 1826 2723 1867 consensu
2762 1812 2959 1867 civium
2996 1813 3192 1882 regalis
3217 1812 3460 1867 decrevit
3488 1813 3731 1867 auctori-

437 1927 564 1970 cutu
594 1926 694 1983 ego
722 1911 839 1981 ipse
867 1908 1065 1980 saepius
1086 1911 1261 1963 larvas
1292 1915 1316 1945 ⁸
1364 1903 1582 1975 energia
1613 1900 1905 1957 famulante
1928 1914 2035 1955 uo-

436 2021 564 2064 tucn
587 2006 706 2076 ejus
730 2004 1039 2060 invocantes
1070 1998 1351 2065 audierim,
1378 2011 1443 2052 ac
1470 1996 1751 2053 criminum
1781 1991 2035 2064 proprio-

440 2112 563 2154 rum
586 2105 759 2167 gesta,
783 2098 981 2151 virtute
1008 2093 1177 2163 ipsius
1211 2090 1570 2155 discernente,
1604 2085 1784 2141 fateri.

516 2191 684 2250 XXII.
724 2190 858 2247 Nam
899 2188 929 2230 ι’
956 2190 1095 2244 sicut
1125 2186 1370 2257 superius
1394 2183 1651 2249 diximus,
1680 2178 2032 2238 Massiliensis

448 2284 580 2341 urbs
609 2282 857 2353 contagio
910 2280 1147 2352 pessimo
1195 2286 1415 2349 aegrota,
1472 2282 1670 2345 quanta
1700 2270 2037 2339 sustinuerit,

445 2378 608 2434 altius
639 2373 904 2445 replicare
945 2371 1168 2444 placuit.
1203 2370 1299 2425 llis
1323 2369 1465 2424 enim
1514 2366 1704 2424 diebus
1728 2363 2043 2420 Theodorus

447 2470 739 2537 episcopus
767 2477 789 2505 ε
823 2465 890 2521 ad
918 2478 1099 2533 regem
1142 2462 1369 2526 abierat,
1418 2458 1569 2530 quasi
1618 2456 1819 2526 aliquid
1856 2463 2043 2512 contra

449 2560 715 2619 Nicetium
761 2558 1042 2628 patricium
1084 2562 1452 2627 suggesturus.
1508 2551 1614 2607 Sed
1668 2564 1789 2605 cum
1839 2564 1868 2602 a
1916 2562 2045 2620 rege

450 2651 793 2708 Cbildeberto
815 2649 1034 2704 minime
1072 2647 1140 2703 de
1172 2649 1271 2701 hac
1298 2658 1457 2701 causa
1487 2642 1671 2702 fuisset
1700 2640 1936 2708 auditus,
1976 2640 2046 2695 ad

454 2744 675 2817 propria
704 2741 883 2798 redire
925 2738 1208 2810 disposuit.
1242 2736 1447 2793 Interea
1475 2735 1628 2791 navis
1674 2735 1744 2788 ab
1790 2733 2045 2803 Hispania

456 2852 567 2895 una
592 2851 714 2893 cum
744 2832 957 2906 negotio
984 2832 1143 2888 solito
1178 2831 1244 2885 ad
1296 2837 1506 2901 portum
1546 2826 1664 2897 ejus
1687 2824 1915 2896 appulsa
1941 2835 2047 2894 est,

456 2945 579 3000 qua:
627 2927 788 2999 hujus
816 2924 990 2983 morbi
1037 2924 1278 2980 fomitem
1324 2936 1508 2978 secum
1564 2920 1807 2991 nequiter
1837 2918 2051 2975 defere-

458 3024 555 3082 bat
584 3040 598 3077 :
630 3022 696 3079 de
719 3037 822 3094 qua
850 3036 973 3078 cum
1004 3020 1155 3076 multi
1197 3018 1393 3074 civium
1422 3016 1632 3072 diversa
1657 3024 2045 3083 mercarentur,

460 3133 567 3173 una
596 3116 877 3173 confestim
906 3115 1122 3180 domus,
1152 3115 1205 3169 in
1235 3128 1337 3184 qua
1367 3120 1489 3168 octo
1526 3111 1720 3166 animae
1742 3118 1915 3175 erant,
1948 3108 2049 3163 hoc

2142 1912 2221 1958 tas
2249 1901 2364 1957 ﬁeri
2395 1903 2757 1970 sacerdotem,
2809 1903 3135 1958 Buciovaldo
3175 1903 3367 1959 abbate
3411 1904 3735 1973 postposito.

2140 1996 2407 2053 Ferebant
2435 1997 2577 2052 enim
2611 1996 2758 2053 hunc
2805 2011 2929 2053 esse
2964 1997 3274 2068 superbum,
3323 2006 3378 2053 et
3424 1998 3494 2052 ob
3552 1999 3651 2053 hoc
3703 2012 3739 2054 a

2141 2086 2412 2143 nonnullis
2452 2086 2871 2143 Buccusvalidus
2910 2086 3265 2142 vocitabatur.
3297 2087 3441 2142 Obiit
3473 2096 3651 2142 autem
3680 2094 3741 2142 et

2140 2178 2381 2237 Licerius
2418 2180 2747 2235 Arelatensis
2794 2180 3095 2250 episcOpus,
3154 2180 3207 2234 in
3250 2179 3405 2250 cujus
3449 2179 3741 2235 ecclesiam

2144 2272 2395 2343 Virgilius
2416 2271 2581 2328 abbas
2618 2272 3137 2342 Augustodunensis,
3165 2271 3465 2342 opitulante
3506 2271 3746 2343 Syagrio

2146 2371 2425 2441 episcopo,
2456 2370 2779 2427 substitutus
2800 2376 2883 2425 est
2905 2368 2926 2408 ί
2936 2408 2952 2425 .

2218 2466 2411 2522 XXIV.
2469 2466 2619 2522 Obiit
2670 2477 2851 2523 autem
2893 2474 2946 2523 et
2994 2464 3312 2522 Deutlterins
3374 2474 3399 2515 ε
3432 2465 3751 2522 Vinciensis

2149 2558 2450 2630 episcopus,
2480 2560 2532 2614 iu
2563 2558 2715 2629 cujus
2746 2561 2921 2615 locum
2953 2558 3258 2615 Fronimius
3288 2558 3607 2630 subrogatus
3634 2568 3753 2615 est.

2152 2652 2249 2709 llic
2272 2661 2450 2709 autem
2481 2652 2785 2708 Fronimius
2810 2653 3061 2708 Bituricae
3088 2651 3235 2707 urbis
3263 2650 3436 2705 incola
3491 2649 3616 2716 fuit,
3648 2650 3753 2706 sed

2150 2759 2315 2802 causa
2345 2745 2529 2801 nescio
2557 2745 2728 2815 quain
2763 2744 3150 2815 Septimaniam
3184 2743 3345 2809 abiit;
3378 2757 3439 2797 ac
3459 2750 3581 2813 post
3603 2756 3752 2799 mor-

2153 2848 2259 2893 tem
2288 2836 2625 2907 Athanagildi
2655 2838 2797 2907 regis
2824 2849 2855 2889 a
2884 2835 3132 2891 Leuvane
3163 2848 3480 2891 successore
3505 2833 3620 2904 ejus
3642 2849 3731 2890 ma

2152 2927 2343 3000 gniﬁce
2366 2934 2448 2982 est
2467 2934 2736 2997 receptus,
2761 2933 2921 2997 atque
2960 2927 3012 2980 in
3046 2925 3179 2980 urbe
3211 2925 3508 2996 Agathensi
3536 2925 3755 2998 episco-

2155 3037 2254 3093 pus
2282 3023 2558 3078 ordinatus
2603 3031 2705 3078 est.
2754 3022 2862 3078 Sed
2909 3032 3030 3093 post
3069 3031 3295 3078 mortem
3328 3021 3590 3079 Leuvanis
3620 3037 3753 3078 cum

2156 3114 2535 3170 Leuvichildus
2562 3113 2726 3186 M9
2760 3115 2813 3169 in
2844 3115 2927 3169 illa
2962 3115 3230 3171 haeretica:
3271 3116 3551 3185 pravitatis
3579 3115 3757 3186 perﬁ-

462 3209 710 3280 contagio
742 3206 1037 3264 interfectis
1070 3205 1481 3267 habitatoribus,
1530 3202 1714 3258 relicta
1756 3211 1837 3257 est
1865 3214 2051 3255 vacua.
2083 3193 2130 3257 C
2158 3207 2248 3263 dia
2293 3218 2665 3278 grassaretur,
2724 3215 2780 3261 et
2826 3206 3078 3276 lngundis
3126 3206 3235 3262 lilia
3293 3207 3543 3278 Sigiberti
3587 3208 3759 3279 regis,

462 3302 575 3360 Nec
595 3301 773 3357 statim
800 3300 903 3354 hoc
932 3298 1233 3354 incendium
1284 3298 1385 3352 'uis
1425 3312 1521 3367 per
1549 3296 1736 3351 domos
1782 3295 2052 3366 spargitur

464 3401 606 3448 totas
638 3410 653 3447 :
679 3392 774 3447 sed
797 3392 1097 3460 interrupto
1125 3398 1257 3445 certi
1285 3387 1546 3458 temporis
1587 3386 1781 3457 spatio,
1822 3400 1886 3441 ae
1914 3385 2058 3441 velut

466 3487 525 3543 in
554 3494 792 3556 segetem
821 3482 1037 3537 flamma
1078 3495 1325 3547 accensa,
1366 3479 1555 3535 urbem
1583 3488 1745 3533 totam
1775 3474 1948 3532 morbi
1977 3477 2059 3531 iu-

468 3576 662 3633 cendio
682 3574 1047 3646 conﬂagravit.
1100 3572 1400 3643 Episcopus
1428 3583 1607 3627 tamen
1646 3570 1795 3626 urbis
1833 3570 2061 3626 accessit

469 3670 537 3725 ad
569 3669 769 3736 locum,
799 3677 853 3724 et
879 3681 938 3722 se
967 3664 1106 3721 infra
1132 3664 1367 3721 basilicae
1394 3662 1566 3719 sancti
1600 3662 1830 3718 Victoris
1857 3658 1884 3699 (ι
1911 3666 2059 3731 septa

470 3758 735 3815 continuit
762 3772 882 3812 cum
914 3756 1096 3824 paucis
1124 3754 1214 3826 qui
1263 3761 1391 3809 tunc
1440 3767 1564 3808 cum
1619 3752 1735 3822 ipso
1784 3765 2061 3807 remanse-

470 3860 616 3917 rant,
646 3849 824 3920 ibique
867 3861 963 3918 per
988 3855 1153 3904 totam
1182 3844 1330 3902 urbis
1358 3854 1591 3914 stragem
1617 3842 1953 3900 orationibus
1989 3854 2056 3897 ac

469 3943 665 4013 vigiliis
719 3956 915 3998 vacans
966 3938 1179 3996 Domini
1227 3935 1651 3993 misericordiam
1699 3934 1972 4001 exorabat,
2007 3942 2063 3989 ut

473 4038 709 4103 tandem,
768 4043 1013 4093 cessante
1063 4032 1304 4101 interitu,
1360 4031 1557 4103 populo
1610 4029 1797 4087 liceret
1820 4030 1874 4085 in
1928 4044 2061 4100 pace

476 4131 777 4201 quiescere.
824 4128 989 4200 m
1012 4126 1267 4184 Cessante
1297 4141 1424 4182 vero
1455 4125 1553 4181 hac
1584 4124 1737 4195 plaga
1782 4123 2057 4180 mensibus

477 4222 709 4292 duobus,
731 4235 851 4277 cum
872 4220 980 4291 jam
1009 4218 1234 4290 populus
1261 4232 1482 4273 securus
1503 4216 1732 4271 redisset
1757 4215 1822 4269 ad
1851 4216 2061 4279 urbem,

480 4313 677 4369 iterum
707 4311 1029 4369 succedente
1079 4309 1288 4377 morbo,
1338 4310 1430 4380 qui
1482 4307 1755 4366 redierant
1803 4314 1930 4362 sunt
1972 4306 2065 4361 de-

562 4497 590 4528 ι
633 4485 779 4541 Idest
826 4499 1216 4553 energnmenos
1274 4485 1389 4540 sive
1438 4482 1819 4553 daemoniacos.
1860 4482 2065 4553 ANarrat

484 4557 683 4615 Paulus
716 4557 865 4613 Diae.
898 4551 990 4611 lib.
1021 4572 1072 4611 ιν
1100 4558 1238 4612 Hist.
1261 4554 1525 4625 Langob.,
1557 4568 1677 4620 cap.
1702 4552 1790 4619 53,
1824 4551 2063 4624 ejusdem

484 4631 628 4700 regis
657 4628 938 4694 visionem,
988 4642 1090 4697 qua
1120 4628 1432 4700 thesaurum
1475 4625 1704 4700 invenit,
1752 4640 1859 4694 quo
1886 4635 2073 4695 postea

484 4695 952 4755 ad'exornnndum
980 4695 1150 4753 sancti
1182 4697 1415 4752 Marcelli
1447 4695 1762 4766 :sepulcrum
1808 4710 1937 4752 usus
1965 4705 2068 4753 est.

488 4771 625 4826 Vide
648 4781 702 4826 et
733 4770 964 4825 Aimnin.
994 4768 1086 4823 lib.
1112 4785 1201 4837 nt,
1236 4783 1356 4837 cap.
1384 4770 1435 4822 5.

563 4841 587 4880 ιι
631 4841 741 4895 lloc
773 4848 933 4900 caput
973 4848 1028 4895 et
1072 4849 1299 4909 quatuor
1346 4838 1727 4909 subsequentia
1771 4837 1965 4895 desunt
2019 4838 2073 4895 in

484 4913 640 4970 Colb.
670 4928 721 4965 a.
754 4911 808 4966 In
842 4911 956 4965 Vat.
990 4921 1167 4965 autem
1197 4925 1316 4965 cum
1344 4912 1378 4965 5
1404 4926 1554 4979 seqq.

564 4997 586 5023 ο
630 4985 756 5040 Mss.
798 4983 927 5048 duo,
957 4980 1253 5036 Theodorus
1278 4981 1346 5035 ad
1372 4997 1560 5053 regem,
1592 4980 1787 5037 omissa
1820 4979 1920 5036 hac
1942 4994 2076 5037 voce

487 5073 772 5125 episcripus.

560 5125 586 5162 ἀ
634 5122 705 5181 De
750 5133 936 5180 sancto
959 5124 1175 5182 Victore
1221 5123 1537 5179 Massiliensi
1586 5132 1741 5179 mart.
1789 5123 1898 5192 agit
1945 5122 2072 5178 item

488 5197 777 5261 Gregorius
801 5197 889 5251 lib.
916 5213 929 5250 I
961 5197 1029 5251 de
1061 5195 1210 5252 Glor.
1242 5196 1417 5261 Mart.,
1439 5209 1558 5263 cap.
1588 5195 1677 5249 77.

565 5280 589 5305 ε
629 5268 807 5322 εμποιί
855 5270 1063 5337 Agerici
1096 5268 1287 5323 festum
1331 5266 1631 5320 celebratur
1673 5265 1760 5320 die
1788 5266 2073 5337 tiDcceimA-

487 5339 623 5394 bris.
666 5335 936 5392 Laudatur
966 5354 996 5390 a
1043 5338 1331 5391 Fortunato
1358 5337 1452 5390 lib.
1485 5350 1570 5399 ιιι,
1606 5350 1776 5391 carm.
1807 5336 1877 5388 Ἦ
1905 5346 1959 5390 et
1981 5335 2073 5388 28.

491 5410 744 5476 Sepultus
772 5419 855 5462 est
887 5406 1152 5462 Veroduni
1194 5408 1245 5461 iu
1268 5404 1505 5461 oratorio
1531 5406 1697 5476 sancti
1729 5405 1939 5460 Martini
1964 5421 1991 5458 a
2018 5421 2077 5460 se

491 5475 791 5541 exetrncto,
824 5478 962 5545 quod
994 5493 1135 5531 nunc
1161 5478 1228 5530 ab
1251 5479 1367 5545 ipso
1393 5475 1559 5529 Sancti
1589 5475 1798 5541 Agerici
1842 5476 2081 5544 appella-

496 5560 605 5610 tur,
635 5564 753 5602 cum
788 5549 1114 5603 monasterio
1155 5550 1202 5599 ei
1246 5546 1516 5615 adjuncto,
1550 5546 1752 5600 ordinis
1784 5550 1950 5599 sancti
1986 5547 2082 5601 lle-

494 5620 622 5745 reed.
658 5618 798 5700 quod
828 5619 1018 5673 abbate
1044 5615 1271 5687 regulari
1298 5616 1514 5687 gaudet,
1545 5631 1607 5671 ex
1634 5632 1883 5688 congreg.
1911 5617 2081 5673 sancti

546 5700 699 5744 ιιοιιι.

546 5688 699 5744 itoni.

575 5759 595 5799 ί
644 5761 785 5816 Inter
811 5768 1094 5830 utrumque
1150 5756 1727 5830 SaxiusﬂPascliasium
1777 5758 1935 5824 locat,
1986 5760 2077 5830 qui

493 5833 818 5893 brevissimo
856 5829 1111 5899 temporis
1142 5829 1421 5887 intervallo
1469 5830 1640 5897 sedit;
1672 5830 1967 5900 etquidem
2023 5832 2078 5887 in

2161 3300 2315 3371 cujus
2343 3315 2507 3371 supra
2537 3299 2877 3355 meminimus
2927 3300 3065 3371 (Lib.
3094 3315 3150 3365 v,
3198 3316 3313 3373 cap.
3368 3300 3458 3369 59,
3517 3301 3672 3371 etc.),
3702 3301 3760 3358 in

2163 3393 2473 3462 Hispaniam
2504 3393 2571 3448 ad
2599 3393 3001 3449 matrimonium
3031 3394 3344 3461 duceretur,
3384 3393 3589 3449 audivit
3618 3396 3761 3450 Leu—

2161 3483 2448 3551 vicbildus,
2473 3485 2628 3554 quasi
2675 3484 2762 3539 bic
2792 3485 3080 3555 episcopus
3112 3486 3161 3540 ei
3187 3485 3472 3542 consilium
3498 3485 3760 3555 dedisset,

2163 3584 2221 3631 ut
2250 3590 2523 3646 nunquam
2565 3589 2626 3631 se
2657 3590 2868 3631 veneno
2915 3575 3188 3632 licereticze
3218 3576 3556 3645 credulitatis
3597 3577 3763 3635 debe-

2163 3676 2249 3725 ret
2272 3666 2602 3733 admiscere;
2635 3675 2691 3723 et
2718 3667 2789 3722 ob
2833 3667 2936 3723 hoc
2969 3682 3185 3737 semper
3215 3669 3261 3724 ei
3317 3670 3574 3725 molestus
3632 3669 3764 3739 inju—

2164 3760 2365 3816 riarum
2387 3760 2608 3830 laqueos
2629 3759 2959 3826 intendebat,
2991 3774 3274 3831 quousque
3299 3774 3424 3816 eum
3452 3760 3521 3815 ab
3552 3761 3765 3829 episco-

2167 3860 2292 3922 patu
2332 3850 2609 3921 dejiceret.
2656 3850 2899 3922 Cumque
2945 3865 3052 3906 non
3101 3851 3368 3909 inveniret
3412 3853 3608 3923 quibus
3637 3868 3762 3909 cum

2175 3944 2488 4015 muscipulis
2513 3954 2695 4014 posset
2724 3945 3023 4013 innectere,
3054 3944 3119 4000 ad
3149 3956 3450 4002 extremum
3471 3948 3650 4003 emisit
3671 3948 3763 4018 qui

2170 4053 2293 4095 cum
2321 4037 2498 4109 gladio
2525 4035 2751 4092 deberet
2796 4045 3069 4106 appetere.
3117 4036 3271 4105 Quod
3308 4036 3401 4092 ille
3450 4052 3545 4108 per
3604 4038 3765 4093 inter-

2169 4130 2385 4186 nuntios
2404 4142 2753 4199 cognosceus,
2772 4127 2957 4184 relicta
2981 4127 3111 4183 urbe
3136 4118 3449 4199 Agathensi,
3481 4129 3532 4183 in
3555 4128 3764 4185 Gallias

2170 4222 2412 4291 advenit,
2438 4221 2616 4291 ibique
2644 4237 2675 4277 a
2698 4221 2884 4277 multis
2908 4220 3174 4292 episcopis
3204 4229 3451 4291 receptus
3477 4235 3543 4278 ac
3570 4237 3765 4277 mune-

2170 4324 2342 4381 ratus,
2382 4312 2450 4370 ad
2499 4313 2903 4370 Childebertum
2949 4326 3132 4383 regem
3182 4312 3514 4385 pertransiit.
3564 4313 3767 4384 Sicque

2172 4492 2447 4551 veteribus
2494 4488 2789 4562 Dyptychis
2836 4490 3167 4547 Arelatensis
3215 4492 3456 4549 ecclesias
3500 4508 3531 4550 a
3581 4504 3768 4553 nostro

2178 4562 2485 4620 Mabillonio
2510 4560 2670 4616 editis
2696 4570 2843 4616 tomo
2873 4562 2937 4616 Ill
2963 4562 3206 4619 Analect.
3239 4562 3557 4620 Paschasius
3576 4566 3769 4623 eodem

2180 4635 2368 4691 ordine
2402 4640 2730 4704 recensetur.
2755 4632 3053 4704 _Virgilium
3099 4646 3276 4689 autem
3306 4649 3371 4690 ex
3400 4635 3592 4691 abbate
3632 4637 3773 4693 Liri-

2181 4705 2332 4761 nensi
2362 4703 2670 4771 episcopum
2694 4701 2859 4761 fuisse
2877 4701 3122 4760 creatum
3153 4703 3296 4760 idem
3321 4716 3507 4762 auctor
3535 4717 3767 4763 conten-

2183 4776 2284 4847 dit,
2307 4788 2372 4830 ex
2391 4774 2685 4847 ipsiusmet
2720 4773 2929 4846 Virgilii
2964 4776 3145 4847 ,Vita‘.‘
3173 4775 3278 4832 Sed
3332 4777 3510 4847 potior
3554 4777 3774 4834 videtur

2183 4842 2425 4917 Gregorii
2452 4843 2766 4917 auctoritas,
2820 4842 2909 4917 qui
2960 4843 3186 4917 Virgilio
3228 4842 3572 4917 syn'cbronus
3628 4849 3769 4905 fuit:

2182 4913 2326 4990 unde
2357 4913 2611 4990 Bai-ralis,
2641 4916 2731 4984 qui
2760 4913 2879 4985 eju's
2908 4913 3285 4990 Vitamedidii
3328 4916 3381 4990 in
3412 4917 3773 4990 Gbronologia

2183 4986 2470 5050 Lirinensi,
2502 4986 2676 5054 ipsum
2705 5001 2769 5041 ex
2808 4986 3071 5042 monacho
3096 4985 3358 5042 Lirinensi
3389 4988 3636 5044 abbatem
3660 4985 3773 5045 A'u-

2183 5057 2657 5130 gustodunensem,
2688 5072 2750 5112 ex
2785 5059 2976 5114 abbate
3004 5072 3129 5130 vero
3157 5058 3524 5114 Arelatensem
3556 5060 3768 5130 episco-

2182 5128 2307 5201 pum
2354 5128 2519 5201 fuisse
2557 5138 2839 5201 memorat.
2891 5129 3111 5201 Virgilio
3165 5131 3479 5201 complures
3516 5128 3771 5201 epistolas

2184 5200 2399 5273 scripsit
2444 5198 2751 5273 Gregorius
2779 5198 3017 5273 Magnus.
3070 5199 3143 5273 De
3172 5213 3237 5252 eo
3267 5198 3592 5273 Bollandiani
3622 5200 3709 5256 die
3738 5201 3771 5256 5

2184 5270 2378 5333 Martii,
2410 5284 2516 5340 quo
2553 5270 2693 5338 apud
2732 5268 3038 5327 Lirin'enscs
3068 5268 3261 5324 festum
3295 5270 3411 5339 ejus
3440 5271 3769 5340 celebratur,

2185 5342 2400 5396 Arelate
2432 5354 2557 5393 vero
2586 5342 2673 5395 dic
2701 5342 2731 5393 7
2753 5342 3018 5398 Octobris.

2257 5421 2282 5459 ε
2325 5411 2473 5482 B_ec.,
2501 5408 2845 5482 peccamina;
2884 5412 3038 5468 Colb.
3082 5424 3155 5466 m.
3189 5419 3245 5466 et
3287 5410 3504 5482 Regm.,
3541 5410 3768 5467 Dect/ie-

2190 5482 2318 5536 rius.
2348 5480 2589 5554 Interfuit
2618 5480 3149 5554 ConciliuAAurelian.
3181 5496 3255 5554 ιγ,
3278 5480 3520 5554 anis“,
3548 5483 3770 5554 aliisque

2190 5551 2544 5621 iutermediis,
2590 5553 2656 5606 ad
2689 5566 2774 5606 an.
2814 5551 2941 5616 585,
2972 5568 3076 5621 quo
3124 5552 3294 5621 ipsius
3335 5553 3529 5608 missus
3555 5551 3765 5614 Matisc.

2190 5639 2265 5697 II._
2295 5620 2551 5697 interfuit
2578 5637 2697 5677 cum
2758 5624 3029 5697 Eronimio
3073 5620 3244 5697 ipsius
3288 5638 3624 5697 successore,
3682 5629 3768 5697 qui

2186 5692 2504 5823 iubscripsit
2538 5692 2677 5749 inter
2714 5695 3014 5767 episcOpos,
3069 5692 3160 5768 qui
3209 5695 3394 5756 sedem
3454 5711 3559 5753 non
3609 5692 3771 5763 habe-

2224 5781 2335 5822 an..

2224 5781 2335 5822 λιιι.
