4096 6344
323 414 432 476 505

1293 399 1620 462 HISTORIA
1658 376 2108 456 mancorum.
2147 392 2355 454 uana
2391 393 2640 457 nouus.

3502 399 3610 464 5'08

324 524 592 601 patefacto
617 520 760 586 loco,
787 519 929 592 apud
950 504 1318 590 supradictam
1348 515 1559 581 urbem,
1588 519 1911 584 potestatem
1939 513 1993 575 Α
2088 510 2301 568 XXVII.
2359 512 2549 570 Amalo
2607 526 2819 585 quoque
2867 513 2977 573 dux
3026 514 3153 576 dum
3202 516 3487 591 coniugem
3543 521 3599 578 in

324 615 683 691 pontificalem
718 627 859 671 nono
884 610 1202 684 dejectionis
1257 624 1369 666 suae
1410 621 1575 674 anno,
1626 622 1753 679 rege
1808 606 1916 662 lar-

325 710 527 784 giente,
552 708 809 777 suscepit.

397 800 639 857 Britanni
668 813 734 855 eo
764 812 906 855 anno
925 795 1160 869 graviter
1180 794 1512 852 territorium
1543 791 1915 849 Namneticum

326 895 812 962 Rhedonicumque
848 890 1045 962 praeda:
1085 889 1430 960 subiecerunt
1454 929 1468 954 ,
1524 885 1916 941 vindemiantes

326 988 509 1043 vineas
530 1026 547 1053 ,
595 983 835 1040 culturas
861 982 1200 1038 devastantes
1222 1021 1238 1047 ,
1278 995 1342 1036 ac
1388 978 1639 1050 populum
1665 977 1914 1033 villarum

325 1078 659 1135 abducentes
706 1074 978 1145 captivum
1004 1114 1019 1141 ,
1067 1072 1311 1143 nihilque
1346 1072 1414 1128 de
1453 1069 1733 1142 promissis
1760 1083 1916 1140 supec

326 1171 562 1229 tioribus
587 1167 949 1225 custodientes
971 1207 987 1234 ,
1034 1174 1091 1222 et
1131 1180 1238 1221 non
1268 1165 1441 1221 solum
1471 1178 1579 1221 non
1610 1162 1917 1218 custodien-

332 1270 418 1318 tes
446 1260 710 1333 promissa
730 1303 746 1327 ,
774 1274 960 1315 verum
987 1258 1150 1315 etiam
1189 1256 1534 1313 detrahentes
1565 1255 1779 1326 regibus
1809 1267 1919 1310 no-

326 1354 478 1409 stris.

398 1444 567 1501 XXV.
596 1443 764 1515 Igitur
790 1442 1167 1500 Childebertus
1189 1456 1283 1498 rex
1303 1455 1425 1497 cum
1458 1440 1762 1512 petentibus
1788 1440 1921 1496 Lau-

328 1537 582 1610 gobardis
608 1550 850 1593 sororem
879 1550 1030 1591 suam
1061 1535 1174 1604 regi
1196 1544 1224 1572 ει
1248 1548 1433 1590 eorum
1461 1546 1581 1588 esse
1608 1530 1914 1601 conjugem,

330 1631 569 1698 acceptis
598 1627 942 1694 muneribus,
971 1626 1336 1699 promisisset;
1365 1624 1770 1681 advenientibus
1799 1621 1920 1678 Got-

338 1724 556 1779 thorum
589 1722 778 1793 legatis
808 1721 1010 1793 ipsam,
1057 1735 1123 1777 eo
1162 1721 1302 1791 quod
1341 1730 1552 1790 gentem
1583 1720 1725 1774 illam
1756 1717 1823 1773 ad
1856 1720 1918 1771 11-

329 1814 456 1871 dem
508 1814 827 1870 catholicam
875 1826 1191 1869 conversam
1234 1812 1402 1868 fuisse
1430 1818 1798 1882 cognosceret,
1829 1825 1915 1865 re-

2016 603 2175 660 aliam
2203 605 2383 661 villam
2414 622 2512 677 pro
2539 609 2840 665 exercenda
2873 610 3101 667 utilitate
3121 612 3333 684 dirigit,
3362 613 3415 668 in
3445 627 3585 669 amo-

2018 713 2133 752 rem
2174 697 2421 768 puellula:
2450 699 2727 770 cujusdam
2753 703 2997 773 ingenuae
3025 703 3151 758 ruit.
3185 702 3252 759 Et
3279 704 3416 759 facta
3442 713 3601 763 nocte

2017 792 2329 862 crapulatus
2356 808 2387 848 a
2416 792 2541 849 vino
2570 795 2715 850 misit
2737 810 2954 866 pueros,
2990 805 3048 852 ut
3077 796 3426 853 detrahentes
3451 798 3602 868 puel-

2016 886 2203 954 lulam,
2226 900 2347 943 eam
2362 895 2480 941 toro
2502 888 2617 958 ejus
2641 889 2891 945 ascirent.
2911 889 3004 945 Illa
3021 906 3235 961 quoque
3251 902 3606 962 repugnante,

2018 990 2073 1035 et
2098 980 2359 1036 violenter
2412 980 2465 1035 in
2494 981 2611 1051 ejus
2655 982 2985 1039 mansionem
3022 984 3282 1052 deducta,
3327 985 3454 1040 dum
3484 1000 3605 1041 eam

2019 1073 2190 1144 alapis
2229 1073 2440 1130 etc-dunt
2465 1116 2481 1141 ,
2513 1074 2787 1145 sanguinis
2819 1077 2957 1130 unda
3007 1090 3071 1131 ex
3101 1077 3312 1133 narium
3341 1076 3607 1132 meatibus

2017 1166 2339 1223 deeurrente
2383 1166 2740 1238 perfunditur.
2798 1167 2954 1225 Unde
3007 1168 3204 1226 factum
3248 1178 3333 1227 est
3384 1179 3441 1225 ut
3487 1169 3604 1240 ipse

2018 1277 2230 1334 quoque
2251 1272 2450 1321 stratus
2477 1266 2628 1322 ducis
2656 1266 2911 1322 antedicti
2934 1266 3038 1323 hoc
3060 1268 3179 1323 rivo
3210 1275 3603 1335 cruentaretur,

2016 1356 2174 1432 ἀει
2209 1373 2369 1429 quam
2396 1369 2453 1417 et
2481 1362 2597 1431 ipse
2626 1362 2841 1433 pugnis,
2869 1361 3129 1432 colaphis,
3160 1362 3384 1434 aliisque
3411 1362 3605 1417 ictibus

2017 1456 2353 1510 verberatam
2385 1457 2439 1511 in
2486 1456 2665 1511 ulnam
2714 1456 2969 1525 suscepit,
3001 1464 3057 1510 et
3094 1456 3273 1511 statim
3316 1468 3607 1525 oppressus

2019 1559 2211 1602 somno
2259 1546 2495 1602 dormire
2542 1548 2728 1618 erepit.
2787 1551 2857 1602 At
2895 1548 2986 1602 illa
3018 1556 3239 1604 extensa
3270 1561 3429 1602 manu
3460 1556 3608 1601 trans

2022 1645 2185 1707 caput
2226 1637 2324 1693 viri
2368 1638 2601 1706 gladium
2649 1640 2885 1710 reperit:
2921 1653 3027 1708 quo
3073 1638 3356 1708 evaginato
3382 1680 3398 1705 ,
3448 1642 3610 1706 caput

2018 1731 2172 1787 ducis
2200 1772 2217 1799 ,
2264 1733 2411 1787 velut
2458 1732 2639 1789 Juditli
2673 1731 2979 1789 Holofernis
3001 1775 3016 1801 ,
3070 1733 3177 1789 ictu
3204 1732 3343 1788 virili
3372 1730 3608 1786 libravit.

2018 1823 2116 1880 Illo
2164 1841 2374 1897 quoque
2444 1841 2605 1883 voces
2657 1828 2966 1895 emittente,
3019 1834 3354 1883 concurrunt
3402 1824 3610 1880 famuli.

329 1905 576 1977 promisit
601 1904 656 1973 δ,
696 1919 759 1960 ac
806 1905 1122 1975 legationem
1172 1903 1237 1957 ad
1286 1903 1665 1972 imperatorem
1700 1901 1912 1968 direxit,

2025 1916 2194 1985 Quam
2247 1933 2367 1974 cum
2416 1919 2720 1976 interficere
2766 1921 3001 1987 vellent,
3032 1922 3353 1976 exclamavit
3380 1918 3496 1986 ille,
3528 1919 3611 1975 di-

336 2007 397 2054 ut
423 1996 564 2067 quod
590 2000 737 2066 prius
758 2010 865 2050 non
896 1994 1096 2051 fecerat
1125 2004 1147 2033 ε
1166 2033 1180 2059 ,
1214 2007 1354 2049 nunc
1383 2002 1566 2048 contra
1603 1991 1915 2063 Langobar-

332 2089 522 2145 dorum
554 2096 766 2158 gentem
808 2086 1085 2142 debellans
1123 2100 1243 2140 cum
1292 2084 1407 2155 ejus
1460 2082 1689 2139 consilio
1730 2096 1825 2139 eos
1849 2082 1919 2139 ab

332 2181 483 2237 ltalia
514 2190 858 2247 removeret;
890 2179 1238 2235 nihilominus
1264 2188 1319 2234 et
1344 2178 1639 2234 exercitum
1670 2190 1824 2232 suum
1850 2175 1917 2230 ad

329 2274 603 2344 regionem
629 2273 795 2342 ipsam
820 2270 1207 2339 capessendam
1237 2269 1453 2325 direxit.
1499 2268 1791 2323 Commotis
1815 2267 1917 2323 du-

329 2366 489 2422 cibus
515 2380 637 2422 cum
679 2365 917 2421 exercitu
961 2364 1088 2419 illuc
1134 2363 1452 2419 abeuntihus
1475 2400 1493 2426 .
1523 2362 1688 2435 450
1723 2359 1917 2416 confli-

329 2467 461 2529 gunt
491 2458 733 2529 pariter:
766 2456 860 2513 sed
892 2455 1090 2512 nostris
1117 2455 1274 2512 valde
1303 2456 1476 2522 caesis,
1502 2454 1653 2508 multi
1686 2460 1918 2523 prostra-

333 2553 407 2621 ti,
442 2552 686 2608 nonnulli
716 2552 885 2621 capti,
912 2551 1127 2621 plurimi
1158 2550 1317 2605 etiam
1344 2565 1438 2620 per
1460 2548 1635 2619 fugam
1667 2545 1799 2607 lapsi
1828 2546 1917 2601 vix

328 2643 384 2701 in
431 2645 657 2714 patriam
704 2642 998 2698 redierunt.
1046 2640 1321 2712 Tantaque
1369 2641 1441 2696 ibi
1482 2639 1582 2695 fuit
1615 2649 1822 2710 strages
1852 2639 1919 2697 de

334 2733 671 2790 Francorum
708 2734 947 2789 exercitu
974 2774 990 2796 ,
1036 2742 1093 2789 ut
1115 2733 1243 2789 olim
1266 2732 1457 2788 similis
1484 2746 1593 2787 non
1622 2732 1915 2790 recolatur.

402 2847 597 2904 XXVI.
658 2848 813 2903 Anno
850 2861 1059 2917 quoque
1098 2855 1287 2918 quarto
1330 2847 1540 2903 decimo
1590 2845 1919 2904 Childeberti

327 2940 471 3011 regis
500 2939 795 3011 Ingoberga
823 2939 1004 3011 regina
1027 2982 1044 3008 ,
1075 2938 1376 2995 Chariberti
1400 2938 1667 3009 quondam
1698 2942 1915 3004 relicta,
1944 2956 1947 2957 '

328 3029 579 3101 migravit
622 3045 652 3084 a
692 3029 891 3085 sarculo
914 3068 928 3094 ,
957 3029 1151 3085 mulier
1176 3029 1332 3086 valde
1359 3038 1515 3084 canta
1552 3027 1579 3066 ά
1605 3044 1667 3085 ac
1694 3030 1802 3085 vita
1832 3044 1920 3085 re-

326 3121 518 3192 ligiosa
552 3121 796 3192 praedita,
828 3119 1021 3189 vigiliis
1050 3128 1105 3176 et
1131 3119 1465 3175 orationibus
1490 3126 1652 3188 atque
1679 3120 1914 3175 eleemo-

329 3210 479 3281 synls
529 3224 634 3265 non
684 3210 904 3278 ignava:
934 3224 1092 3279 quas,
1148 3209 1355 3276 credo,
1406 3223 1502 3278 per
1530 3208 1917 3279 providentiam

2020 2024 2188 2065 cens:
2245 2010 2323 2067 Ne
2366 2011 2577 2067 faciatis
2604 2053 2619 2079 ,
2665 2027 2865 2083 quaeso.
2924 2012 3037 2083 Ego
3068 2012 3212 2068 enim
3245 2012 3491 2082 peccavi,
3521 2012 3610 2077 qui

2023 2102 2127 2157 vim
2178 2104 2411 2159 castitati
2456 2103 2655 2159 inferre
2703 2112 2926 2160 conatus
2970 2118 3111 2160 sum.
3172 2104 3304 2158 Nam
3343 2103 3457 2158 hinc
3492 2116 3611 2172 qua)

2021 2194 2328 2264 pudicitiam
2377 2194 2580 2249 studuit
2620 2210 2940 2251 conservare
2965 2236 2980 2262 ,
3010 2196 3229 2250 omnino
3257 2211 3365 2250 non
3398 2203 3609 2264 pereat.

2021 2287 2148 2342 [Iac
2176 2287 2394 2353 dicens,
2428 2287 2675 2357 spiritum
2706 2288 2999 2365 exhalavit.
3025 2286 3269 2357 Cumque
3295 2301 3459 2357 super
3484 2300 3610 2341 eum

2024 2381 2223 2438 familia
2258 2381 2543 2452 conjuncta
2580 2383 2998 2449 lamentaretur,
3028 2380 3294 2451 adiutorio
3325 2379 3419 2434 Dei
3450 2386 3605 2434 eruta

2024 2473 2198 2544 puella
2228 2473 2447 2529 domum
2471 2473 2764 2545 egreditur,
2796 2481 2851 2529 et
2880 2490 2977 2545 per
3013 2480 3227 2530 noctem
3256 2471 3603 2527 Cabillonen-

2021 2577 2134 2619 sem
2166 2564 2351 2620 urbem
2378 2563 2538 2629 adiit,
2574 2579 2695 2634 qua:
2727 2573 2809 2619 est
2838 2564 2936 2619 sita
2977 2563 3045 2619 ab
3071 2578 3136 2620 eo
3164 2563 3284 2617 loco
3314 2562 3464 2633 quasi
3491 2560 3610 2616 mil~

2020 2654 2090 2710 lia
2113 2654 2142 2692 ιι
2173 2654 2389 2726 triginta
2435 2655 2705 2725 quinque:
2740 2655 2919 2725 ibique
2956 2653 3233 2719 basilicam
3275 2651 3444 2708 sancti
3474 2650 3610 2706 Mar-

2022 2744 2149 2800 celli
2179 2744 2416 2816 ingressa
2440 2786 2455 2812 ,
2488 2746 2634 2815 regis
2674 2754 2943 2815 prostrata
2986 2744 3237 2814 pedibus,
3270 2751 3460 2798 cuncta
3490 2755 3610 2812 qua:

2019 2838 2317 2909 pertulerat
2359 2836 2566 2907 pandit.
2609 2836 2762 2892 Tunc
2805 2852 2899 2891 rex
2943 2833 3476 2891 misericordissimus
3504 2846 3609 2886 non

2022 2929 2198 2985 solum
2229 2930 2279 2985 ei
2305 2930 2467 2984 vitam
2494 2930 2741 2996 donavit,
2781 2944 2965 2985 verum
2997 2928 3161 2983 etiam
3195 2926 3609 2996 prteceptionem

2020 3020 2181 3075 tribui
2209 3019 2391 3090 jussit,
2424 3028 2481 3075 ut
2502 3020 2555 3075 in
2586 3020 2751 3076 verbo
2776 3034 2874 3075 suo
2903 3019 3076 3089 posita
3097 3058 3113 3086 ,
3136 3034 3166 3074 a
3194 3018 3344 3073 nullo
3373 3032 3607 3088 unquam

2021 3118 2306 3180 parentum
2334 3108 2571 3166 defuncti
2599 3109 2738 3166 illius
2773 3111 2826 3166 in
2858 3110 3034 3181 aliquo
3064 3110 3364 3166 molestiam
3397 3119 3609 3179 patere«

2020 3210 2128 3258 tur.
2177 3203 2555 3259 Verumtamen
2610 3202 2712 3258 hoc
2759 3202 2873 3258 Deo
2916 3210 3204 3273 praestante
3231 3201 3605 3272 cognovimus,

328 3304 427 3361 Dei
472 3304 841 3371 commonita,
904 3301 973 3358 ad
1028 3316 1114 3358 me
1165 3315 1335 3374 usque
1383 3303 1599 3359 nuntios
1640 3302 1911 3374 dirigens,
1942 3282 1992 3349 C
2022 3294 2164 3366 quod
2194 3295 2390 3366 puella:
2432 3295 2649 3352 castitas
2696 3310 2803 3351 non
2842 3304 2924 3352 est
2952 3294 3020 3352 ab
3042 3304 3292 3366 ereptore
3321 3308 3464 3351 saevo
3491 3294 3605 3368 [ΑΙ.

329 3405 389 3453 ut
434 3396 487 3451 in
528 3396 611 3451 his
662 3410 780 3467 qua:
843 3395 909 3451 de
952 3394 1229 3451 voluntate
1274 3407 1402 3463 sua,
1454 3394 1505 3451 id
1546 3402 1629 3451 est
1670 3408 1765 3465 pro
1802 3397 1917 3451 ani-

327 3503 431 3545 ma:
467 3487 705 3545 remedio
740 3488 1011 3559 cogitabat
1032 3530 1049 3557 ,
1097 3487 1311 3557 adjutor
1339 3495 1665 3552 existerem;
1722 3486 1800 3541 sic
1829 3494 1913 3541 ta-

327 3594 451 3636 men
479 3587 539 3635 ut
566 3579 633 3634 ad
660 3579 832 3650 ipsam
854 3578 1116 3635 accedens
1140 3618 1153 3645 ,
1187 3592 1307 3649 (ιοω
1334 3576 1562 3635 consilio
1587 3576 1770 3633 habito
1797 3576 1917 3634 fieri

327 3670 670 3737 decernebat,
720 3670 985 3739 scriptura
1030 3677 1396 3726 connecteret.
1428 3669 1646 3727 Accessi
1670 3711 1687 3739 ,
1718 3669 1909 3736 fateor,

326 3763 435 3819 vidi
467 3764 735 3820 hominem
767 3763 1042 3819 timentem
1074 3763 1241 3819 Deum
1267 3779 1282 3819 :
1314 3778 1433 3834 qua:
1478 3778 1603 3818 cum
1638 3777 1724 3819 me
1758 3762 1912 3819 beni-

330 3867 432 3926 gne
457 3854 803 3924 excepisset,
836 3854 1102 3910 notarium
1129 3862 1325 3925 vocat,
1356 3862 1411 3910 et
1434 3854 1620 3909 habito
1647 3896 1665 3919 ,
1693 3861 1754 3910 ut
1772 3854 1912 3925 dixi,

327 3960 539 4001 mecum
568 3946 793 4003 consilio
814 3986 833 4013 ,
875 3946 1119 4017 quaedam
1156 3946 1399 4002 ecclesia:
1430 3945 1720 4002 Turouicaa
1746 3954 1801 4002 et
1823 3946 1915 4001 ba-

327 4038 495 4095 silicae
528 4039 701 4095 sancti
746 4037 991 4107 Martini,
1024 4038 1267 4107 quaedam
1306 4035 1714 4093 Cenomanuicze
1745 4038 1915 4093 eccle-

326 4133 424 4189 sia:
449 4133 743 4204 delegavit;
783 4146 847 4187 ac
895 4140 1016 4203 post
1060 4145 1263 4201 paucos
1306 4145 1523 4187 menses
1555 4139 1607 4198 ο,
1633 4130 1913 4186 subitanea

329 4224 645 4295 egritudine
673 4224 918 4296 fatigata,
970 4224 1223 4295 migravit
1262 4238 1293 4278 a
1332 4220 1563 4290 saeculo,
1594 4223 1793 4278 multos
1817 4237 1915 4293 per

327 4316 606 4371 chartulas
634 4313 654 4354 ί
698 4315 900 4372 liberos
940 4314 1352 4385 derelinquens,
1403 4313 1825 4384 septuagesimo,
1858 4321 1917 4369 ut

325 4406 707 4475 arbitror,vitai
733 4421 895 4474 anno,
913 4406 1225 4478 relinquens
1251 4406 1415 4461 tiliam
1442 4402 1915 4476 unicam,quamin

325 4497 515 4557 Cantia
546 4501 689 4573 regis
726 4501 1006 4572 cujusdam
1046 4501 1228 4557 filiuss
1248 4500 1591 4557 matrimonio
1621 4499 1913 4571 copulavit.

2018 3387 2140 3459 suo]
2172 3386 2437 3445 ullatenus
2460 3388 2675 3443 violata.

2090 3479 2333 3536 XXVIII.
2366 3480 2725 3537 Brunichildis
2754 3479 2767 3517 ί
2808 3495 3017 3553 quoque
3047 3482 3229 3551 regina
3258 3481 3416 3551 jussit
3447 3479 3610 3537 fabri~

2019 3570 2132 3628 cari
2162 3585 2228 3627 ex
2256 3586 2388 3627 auro
2416 3587 2480 3628 ac
2508 3572 2734 3643 gemmis
2751 3573 2903 3629 miras
2929 3574 3308 3644 magnitudinis
3330 3574 3603 3647 clypeum,

2020 3665 2304 3737 ipsamque
2350 3681 2473 3723 cum
2522 3666 2731 3723 duabus
2778 3666 2979 3738 pateris
3009 3666 3242 3739 ligneis,
3286 3681 3420 3738 quas
3449 3667 3607 3737 vulgo

2018 3758 2320 3816 baccbinon
2355 3760 2370 3810 1
2407 3769 2632 3828 vocant,
2662 3760 2972 3830 eisdemque
3010 3759 3262 3815 similiter
3287 3774 3353 3814 ex
3379 3759 3605 3830 gemmis

2018 3853 2292 3910 fabricatis
2315 3861 2371 3910 et
2416 3864 2569 3925 auro,
2601 3853 2655 3909 in
2684 3852 2990 3923 Hispaniam
3036 3852 3152 3922 regi
3192 3851 3392 3907 mittit:
3421 3850 3605 3920 inqua

2018 3943 2396 4015 Ebregisilum,
2438 3946 2527 4016 qui
2552 3959 2695 4015 saepe
2728 3945 2795 3999 ad
2825 3944 2993 4012 ipsam
3021 3945 3295 4013 regionem
3324 3941 3604 4011 legationis

2016 4036 2187 4106 gratia
2216 4044 2521 4091 accesserat
2546 4077 2562 4105 ,
2589 4036 2799 4091 direxit.
2853 4035 2971 4102 Quo
3000 4034 3230 4091 abeunte
3253 4073 3272 4102 ,
3304 4035 3602 4089 nuntiatum

2022 4136 2106 4183 est
2134 4128 2247 4197 regi
2275 4126 2707 4194 Guntchramno,
2740 4127 2952 4183 dicente
2979 4126 3229 4197 quodam,
3261 4127 3387 4195 quia
3414 4128 3603 4183 Bruni-

2017 4220 2209 4276 ebildis
2237 4221 2420 4291 regina
2447 4220 2513 4275 ad
2546 4220 2685 4277 filios
2713 4220 3047 4276 Gundovaldi
3076 4218 3105 4259 ιι
3145 4236 3367 4276 munera
3397 4221 3601 4293 dirigit.

2015 4310 2170 4380 Quod
2219 4327 2312 4368 rex
2357 4311 2619 4380 audiens,
2662 4311 2823 4383 jussit
2850 4312 3122 4368 custodias
3150 4313 3346 4369 arduas
3374 4329 3469 4384 per
3492 4314 3605 4371 vias

2022 4404 2174 4475 regni
2200 4405 2280 4460 sui
2308 4404 2444 4471 fieri,
2469 4404 2541 4461 ita
2570 4412 2629 4460 ut
2652 4405 2830 4461 nullus
2860 4406 3072 4476 penitus
3097 4406 3378 4477 preterire
3407 4407 3603 4479 possit,

2015 4498 2106 4570 qui
2136 4512 2245 4554 non
2274 4497 2655 4555 discuteretur.
2688 4497 3031 4570 Inquirebant
3053 4500 3214 4557 etiam
3240 4500 3295 4557 in
3323 4501 3603 4558 hominum

396 4664 425 4747 ῗ
464 4655 515 4747 '3‘
542 4654 942 4747 θῑέεὲῗὲθέἷίε
964 4653 1288 4747 ξὲἷθὲίῗῖἷο
1304 4652 1694 4747 ,Ἶὲἓξῖἶῗὶῖτέ
1725 4652 1907 4747 1.53111"
1934 4684 1988 4747 D
2014 4651 3602 4747 “39-[“3;".‘._Hi3"_':§!‘3_1Et?“PEELE‘I'FJE‘I’PI“

473 4727 527 4792 ὃ,
561 4727 933 4796 Aptacharius,
966 4727 1055 4793 qui
1085 4724 1267 4795 postea
1298 4724 1450 4781 duxit
1478 4740 1696 4780 uxorem
1732 4724 1908 4781 Theo-
1938 4724 1986 4747 ν
2012 4735 2245 4794 stragem
2275 4724 2466 4781 iisdem
2511 4741 2647 4796 pene
2665 4724 2853 4783 'verbis
2880 4740 2941 4780 ac
2974 4726 3262 4794 Gregorius
3294 4736 3479 4780 noster
3506 4741 3599 4780 ex.

323 4798 391 4854 de
414 4798 591 4853 indam
615 4840 629 4854 .
661 4797 932 4853 Garibaldi
982 4797 1347 4854 Baioariorum
1370 4796 1521 4851 ducis
1557 4810 1651 4851 seu
1676 4796 1816 4854 regis
1845 4798 1907 4852 11-
2013 4796 2215 4854 nrimit.
2246 4796 2363 4854 eius
2378 4796 2538 4852 verba
2557 4798 2777 4854 laudans
2791 4797 2890 4853 sub
2917 4799 3134 4853 nomine
3157 4796 3408 4851 Historiae
3428 4794 3599 4851 Fran-

472 4798 591 4853 dam
615 4840 629 4863 ,
661 4797 932 4853 Garibaldi
982 4797 1347 4866 Bajoariorum
1370 4796 1521 4867 ducis
1557 4810 1651 4851 seu
1666 4796 1816 4867 regis
1845 4798 1907 4852 11-

324 4868 472 4938 liam,
500 4877 556 4923 ut
583 4868 823 4938 pluribus
853 4870 1192 4938 prosequitur
1219 4867 1413 4922 Paulus
1443 4866 1592 4938 Diae.
1618 4866 1719 4921 lib.
1746 4866 1806 4921 tu
1836 4867 1905 4923 de

324 4936 499 5009 Gestls
530 4936 791 5009 Langen,
822 4936 945 5008 cap.
974 4936 1061 4993 51.
1093 4937 1175 4993 Ad
1206 4954 1325 4994 eam
1351 4936 1657 5008 complures
1686 4945 1901 4995 exstant

322 5008 569 5078 Gregorii
601 5008 668 5063 Μ.
697 5010 961 5076 epistolae.

395 5079 424 5119 ι)
466 5080 591 5135 Ilaec
616 5080 714 5134 fuit
738 5078 1166 5145 Chlodosuinda,
1210 5093 1330 5150 quas
1360 5080 1533 5135 neutri
1562 5080 1675 5149 regi
1701 5081 1902 5150 nupsit,

322 5150 400 5205 uti
431 5151 673 5217 videtur;
704 5160 796 5206 aut
823 5151 1011 5205 saltem
1045 5150 1200 5218 paulo
1230 5159 1351 5218 post
1379 5153 1589 5218 nuptias
1619 5165 1741 5205 cum
1770 5152 1905 5206 ﬂec-

322 5222 519 5277 carcdo
543 5230 846 5277 contractas
886 5221 1083 5275 obiisse
1113 5220 1335 5274 dicenda
1368 5229 1471 5274 est.
1528 5220 1734 5275 Etenim
1766 5220 1906 5276 Rec-

322 5293 551 5348 caredus
588 5307 707 5346 cum
761 5291 1012 5347 Baddone
1055 5293 1235 5360 regina
1265 5305 1430 5345 uxore
1472 5306 1565 5345 sua
1589 5332 1604 5355 ,
1637 5306 1741 5345 mra
1773 5291 1903 5358 6’27,

321 5376 463 5417 anno
494 5365 644 5431 regni
678 5364 758 5418 sui
790 5362 846 5428 Δ,
878 5359 1192 5429 subscripsit
1222 5360 1543 5431 professioni
1563 5361 1684 5415 fidei
1714 5364 1901 5416 callio-

320 5433 457 5488 lieae.
493 5430 628 5488 Hinc
666 5433 931 5503 conjicere
996 5434 1119 5488 licet
1162 5430 1526 5487 Reccaredum
1572 5440 1898 5503 gpertzcsum,

319 5504 460 5572 quod
506 5504 666 5559 toties
710 5518 739 5558 a
772 5502 1009 5559 Francis
1050 5504 1313 5570 repulsam
1347 5516 1532 5571 passus
1561 5502 1770 5569 fuisset,
1798 5503 1902 5558 ali-

319 5590 479 5699 gnam
510 5589 542 5629 θ
570 5575 679 5629 suis
711 5576 1050 5643 popularibus
1087 5590 1307 5629 uxorem
1346 5574 1641 5643 accepisse.
1688 5574 1752 5628 Et
1789 5574 1896 5642 qui-

358 5661 441 5699 em
472 5645 636 5699 Liuha
669 5648 783 5699 eius
824 5646 963 5699 lilius
1012 5655 1066 5699 et
1130 5660 1410 5699 successor
1462 5646 1677 5699 ianobili
1734 5655 1895 5698 matre

358 5661 441 5718 em
472 5645 791 5718 Liuhaejus
824 5646 963 5718 lilius
1012 5655 1410 5718 et_successor
1462 5646 1677 5718 igngbili
1734 5655 1895 5698 matre

318 5717 529 5785 genitus
556 5716 751 5771 dicitur
780 5714 833 5768 in
862 5714 1047 5771 lsidori
1074 5716 1340 5772 Chronico
1367 5714 1629 5771 mra'639.

395 5799 417 5826 ο
461 5789 576 5842 Iluc
597 5786 951 5841 revocandum
981 5788 1123 5855 quod
1157 5785 1446 5854 Gregorius
1476 5803 1537 5843 ea
1564 5786 1632 5843 de
1672 5802 1730 5843 re
1758 5789 1895 5841 scri-

321 5860 430 5929 psit
480 5873 640 5923 supra
701 5856 795 5929 lili.
843 5871 916 5921 vt,
940 5870 1059 5925 cap.
1110 5858 1196 5912 ω.
1242 5858 1316 5914 De
1349 5860 1445 5912 hac
1470 5874 1600 5913 vero
1631 5858 1896 5927 legatione

320 5927 507 5998 agetur
537 5930 704 5985 fusius
744 5927 837 5986 lib.
887 5943 939 5996 ι,
986 5942 1103 6000 cap.
1150 5930 1182 5983 ἐξ
1225 5939 1276 5988 et
1298 5945 1451 6002 seqq.
1476 5930 1672 5989 Confer
1696 5940 1746 5989 et
1774 5944 1892 6001 cap.

2013 4796 2215 4865 primit,
2246 4796 2363 4867 ejus
2378 4794 2538 4852 verba
2557 4798 2777 4854 laudans
2791 4797 2890 4853 sub
2917 4799 3134 4853 nomine
3157 4796 3408 4851 Historiae
3428 4794 3603 4851 Fran-

2009 4882 2208 4922 eorum.

2081 4935 2109 4975 ά
2151 4939 2340 5006 Regm.
2369 4951 2490 4993 cum
2519 4937 2634 5006 ed.,
2659 4938 2885 4993 cordata.

2088 5017 2112 5046 ο
2152 5008 2306 5063 Colb.
2339 5024 2411 5064 m.
2442 5048 2458 5074 ,
2501 5025 2688 5077 paucos
2727 5009 2853 5063 dies.
2906 5007 3249 5077 Ingobergam
3295 5006 3493 5075 aliquid
3520 5021 3597 5063 ec-

2010 5077 2195 5133 clesia:
2225 5088 2423 5133 sancta:
2457 5076 2636 5131 Maria:
2681 5076 3109 5134 Cenomannensi
3138 5076 3408 5132 dimisisse
3439 5079 3595 5135 testis

2012 5156 2095 5203 est
2142 5148 2485 5203 Bertramnus
2529 5147 2769 5217 ejusdem
2801 5148 2946 5204 urbis
2989 5151 3158 5217 episc.
3206 5148 3262 5203 in
3308 5161 3407 5203 suo
3436 5159 3599 5205 testa-

2010 5226 2216 5291 mento,
2248 5228 2380 5291 tom.
2414 5218 2478 5291 Ill
2504 5218 2773 5291 Analect.,
2808 5234 2929 5291 pag.
2956 5220 3079 5275 114.

2087 5286 2105 5327 ι
2148 5289 2277 5363 Ejus
2306 5289 2381 5345 rei
2425 5289 2709 5345 formulam
2755 5286 2919 5346 habes
2956 5289 3099 5361 apud
3139 5288 3381 5345 Marculf.
3414 5289 3507 5345 lib.
3531 5306 3593 5363 u,

2008 5373 2132 5516 ea};
2147 5362 2501 5516 Efficlbertus.
2512 5431 2741 5516 scilicet,
2772 5430 2897 5516 vide
2924 5445 3081 5502 supra
3108 5430 3204 5489 lib.
3237 5446 3313 5500 tv,
3346 5446 3467 5504 cap.
3498 5432 3593 5491 20.

2079 5500 2109 5573 ξι
2146 5505 2298 5560 Colb.
2330 5519 2403 5569 a.,
2434 5503 2596 5558 millia
2623 5504 2932 5573 quindecim.

2083 5572 2101 5613 ί
2144 5575 2200 5630 In
2233 5576 2354 5632 Vat.
2390 5583 2446 5632 et
2487 5572 2642 5631 Colb.
2674 5590 2724 5629 a.
2759 5582 2917 5644 caput
2964 5573 3103 5630 istud
3145 5584 3200 5631 et
3243 5589 3474 5648 sequens
3499 5576 3596 5635 de~

2003 5653 2147 5701 sunt.

2080 5718 2092 5765 i
2140 5714 2289 5788 Coll).
2326 5731 2425 5781 m.,
2457 5717 2793 5783 baeccltinon;
2826 5717 3035 5788 Regnu,
3066 5718 3365 5774 baethinon.
3388 5719 3587 5777 Teuto-

2005 5787 2125 5843 ttice
2150 5786 2348 5851 becken,
2385 5787 2587 5843 Gallice
2618 5804 2743 5843 vero
2773 5786 3001 5845 dicimus
3032 5791 3222 5846 bassin.

2076 5856 2098 5895 ¹ί
2144 5858 2269 5927 Ejus
2294 5858 2535 5923 scilicet,
2564 5860 2652 5926 qui
2698 5875 2818 5916 sese
2844 5861 3007 5915 liliuut
3050 5861 3345 5919 Chlotharii
3374 5861 3590 5929 dicens,

2004 5931 2216 5989 occisus
2247 5940 2347 5999 est,
2382 5946 2540 6002 supra
2574 5932 2667 5989 lib.
2702 5946 2798 6001 vit,
2832 5947 2948 6003 cap.
2984 5931 3072 5987 58.
