4096 6344
536 374 636 433 507

1524 370 1585 428 S.
1625 366 1953 424 GREGORII
1993 366 2301 425 EPISCOPI
2341 364 2777 429 TURONENSIS

3701 368 3808 447 508

535 492 625 548 vel
648 490 978 548 vestimentis
1005 531 1018 555 ,
1054 488 1137 544 vel
1166 488 1553 553 calciamentis,
1593 487 1751 560 452
1780 498 1870 542 aut
1899 488 1953 542 in
1983 489 2109 543 reli-
2135 492 2188 551 Α
2214 500 2347 556 quos
2368 483 2590 552 justitize
2639 483 2875 539 conditio
2926 483 3237 540 tributarios
3285 483 3469 539 dabat.
3500 498 3671 542 censu
3704 501 3805 557 pu-

534 586 653 657 quis
683 585 873 649 rebus,
906 585 949 638 si
973 584 1178 639 occulte
1212 583 1401 637 litterae
1434 590 1793 651 portarentur.
1845 580 2111 650 Ebregisi-

538 683 620 735 lus
646 693 772 734 vero
821 678 1048 733 Parisios
1095 678 1357 732 accedens
1403 692 1523 731 cum
1562 676 1645 731 his
1689 676 1973 745 speciebus
1997 718 2011 743 ,
2044 676 2113 730 ab

540 770 861 827 Ebrachario
900 770 1037 823 duce
1066 770 1522 838 comprehensus,
1555 769 1619 823 ad
1649 768 2113 823 Guntchramnum

538 862 836 919 deducitur.
888 848 1137 931 Dixitque
1161 863 1210 916 ei
1238 878 1333 916 rex
1360 881 1371 915 :
1399 861 1515 915 Non
1543 860 1741 915 sufficit
1764 900 1777 925 ,
1810 874 1843 914 ο
1868 859 2116 914 infelicis-

536 957 671 1011 sime
698 954 1007 1020 hominum,
1039 956 1183 1024 quod
1214 954 1483 1023 impudico
1516 953 1740 1007 consilio
1766 950 2116 1007 Ballomerem

540 1047 684 1100 illum
706 1091 720 1117 ,
766 1062 923 1116 quem
956 1044 1359 1100 Gundovaldum
1398 1045 1651 1099 vocitetis
1670 1085 1686 1109 ,
1713 1043 1781 1099 ad
1809 1042 2116 1112 conjugium

536 1140 872 1207 arcessistis,
923 1156 1079 1210 quem
1129 1154 1317 1195 manus
1367 1155 1483 1195 mea
1533 1139 1785 1207 subegit,
1834 1138 1924 1207 qui
1953 1137 2118 1193 voluit

538 1228 725 1285 ditioni
755 1246 865 1285 sua:
913 1232 1062 1301 regni
1110 1231 1279 1286 nostri
1330 1244 1585 1298 superare
1622 1238 1646 1266 ⁸
1692 1229 2014 1299 potentiam;
2064 1234 2119 1285 et

540 1335 682 1377 nunc
711 1319 834 1375 filiis
881 1321 996 1390 ejus
1028 1336 1247 1376 munera
1290 1321 1520 1385 mittitis,
1555 1330 1612 1375 ut
1654 1319 1797 1389 ipsos
1848 1320 2037 1374 iterum
2065 1319 2118 1374 in

540 1412 740 1469 Gallias
770 1413 1073 1481 provocetis
1112 1412 1177 1466 ad
1222 1427 1307 1466 me
1333 1411 1721 1481 jugulandum?
1756 1411 1983 1480 ideoque
2014 1423 2122 1465 non

543 1507 771 1564 accedes
797 1522 901 1576 quo
933 1507 1190 1573 volueris,
1217 1507 1309 1562 sed
1340 1515 1511 1561 morte
1542 1507 1808 1572 morieris,
1843 1508 1965 1575 quia
1994 1520 2122 1561 con-

544 1605 705 1660 traria
733 1613 811 1659 est
842 1605 1035 1673 legatio
1065 1613 1150 1659 tua
1176 1604 1319 1674 genti
1352 1612 1568 1658 nostrae.
1600 1603 1697 1659 Illo
1725 1617 1937 1673 quoque
1968 1616 2125 1657 recu-

540 1707 714 1764 sante,
742 1712 847 1751 non
877 1712 936 1752 se
964 1697 1045 1752 his
1071 1698 1251 1753 verbis
1277 1712 1396 1753 esse
1426 1712 1762 1752 communem
1786 1738 1801 1762 ,
1832 1696 1924 1751 sed
1951 1696 2123 1764 potius

540 1789 608 1846 ad
640 1791 1031 1859 Ricliaredum,
1065 1792 1157 1862 qui
1206 1791 1659 1846 Chlodosuindam
1708 1806 1946 1845 sororem
1977 1789 2126 1844 Chil-

2217 580 2357 635 blico
2407 578 2794 644 subdiderunt,
2820 588 2877 636 et
2915 579 2993 634 sic
3050 579 3278 635 Turonis
3327 588 3453 635 sunt
3481 579 3665 635 delati.
3700 581 3809 643 Sed

2216 685 2336 726 cum
2368 670 2578 740 populis
2611 670 2940 725 tributariam
2964 670 3288 725 iunctionem
3313 669 3554 742 infligere
3580 671 3806 745 vellent,

2218 763 2460 819 dicentes
2487 764 2609 833 quia
2631 764 2826 820 librum
2856 779 2971 834 prae
3001 764 3247 819 manibus
3278 763 3557 830 haberent,
3580 766 3811 836 qualiter

2218 856 2318 913 sub
2346 858 2671 913 anteriorum
2694 873 2877 928 regum
2904 868 3007 914 tem
3015 873 3144 929 pore
3163 858 3558 925 dissolvissent,
3583 874 3802 930 respon-

2218 948 2395 1005 dimus
2424 964 2544 1017 nos,
2571 950 2815 1007 dicentes
2845 966 2859 1006 :
2888 951 3223 1022 Descriptam
3254 952 3442 1009 urbem
3480 953 3808 1009 Turonicam

2218 1040 2625 1099 Chlothacharii
2650 1045 2793 1114 regis
2823 1053 3064 1115 tempore
3080 1044 3421 1101 manifestum
3450 1054 3553 1113 est,
3581 1045 3817 1117 librique

2220 1134 2296 1190 illi
2322 1135 2389 1190 ad
2419 1136 2556 1205 regis
2584 1138 2922 1205 praesentiam
2940 1137 3187 1192 abierunt
3208 1156 3225 1205 ;
3250 1137 3344 1193 sed
3368 1146 3692 1206 compuncto
3716 1152 3814 1206 per

2224 1226 2474 1281 timorem
2506 1227 2675 1283 sancti
2707 1228 2917 1284 Martini
2939 1229 3192 1284 antistitis
3243 1242 3389 1299 rege,
3424 1228 3628 1284 incensi
3661 1236 3811 1285 sunt.

2220 1316 2349 1372 Post
2378 1327 2607 1373 mortem
2650 1333 2779 1375 vero
2815 1319 3223 1374 Chlothacharii
3273 1320 3437 1389 regis,
3490 1318 3815 1375 Chariberto

2222 1413 2333 1483 regi
2356 1412 2581 1482 populus
2611 1412 2695 1469 hic
2724 1423 3122 1470 sacramentum
3168 1412 3317 1468 dedit
3337 1429 3352 1472 ;
3373 1410 3621 1467 similiter
3645 1411 3813 1467 etiam

2224 1516 2279 1564 et
2304 1507 2395 1562 ille
2417 1521 2539 1563 cum
2560 1507 2869 1577 juramento
2907 1507 3173 1578 promisit,
3197 1515 3253 1561 ut
3279 1505 3427 1577 leges
3467 1504 3815 1562 consuetudic

2226 1612 2426 1667 nesque
2454 1613 2617 1654 novas
2664 1599 2861 1668 populo
2887 1613 2994 1655 non
3043 1596 3329 1668 indigeret,
3362 1598 3456 1652 sed
3484 1598 3539 1653 in
3586 1597 3679 1655 illo
3710 1611 3819 1667 quo

2226 1691 2493 1760 quondam
2515 1691 2617 1746 sub
2652 1692 2817 1761 patris
2874 1692 3246 1746 dominatione
3287 1699 3430 1745 statu
3468 1690 3735 1757 vixerant,
3761 1691 3818 1746 in

2229 1784 2345 1854 ipso
2374 1784 2462 1840 hic
2485 1800 2580 1841 eos
2603 1784 2855 1854 deinceps
2897 1784 3185 1847 retineret;
3218 1797 3394 1852 neque
3427 1782 3589 1838 ullam
3619 1797 3821 1848 novam

541 1882 749 1939 deberti
778 1884 918 1954 regis
952 1898 1209 1950 sponsare
1235 1883 1529 1947 debuerat,
1565 1883 1676 1937 haec
1714 1898 1931 1936 munera
1962 1880 2121 1952 mitti,
2154 1879 2202 1940 Β
2229 1877 2621 1932 ordinationem
2651 1891 2711 1931 se
2739 1874 3064 1930 inflicturum
3084 1888 3245 1951 super
3274 1872 3547 1942 eos,quod
3578 1873 3820 1943 pertine-

543 1975 771 2031 credidit
820 1990 914 2030 rex
948 1975 1219 2045 loquenti,
1262 1983 1315 2029 et
1362 1974 1563 2028 dimisit
1592 1990 1749 2037 eum;
1793 1973 2027 2043 abiitque
2071 1972 2125 2030 in

544 2065 735 2123 itinere
761 2082 867 2136 quo
892 2067 1127 2123 directus
1156 2067 1253 2124 fuit
1280 2082 1400 2122 eum
1433 2067 1560 2137 ipsis
1591 2066 1923 2122 muneribus.

618 2216 806 2272 XXlX.
835 2216 995 2287 Igitur
1032 2218 1405 2276 Childebertus
1450 2235 1545 2276 rex
1577 2220 1834 2275 invitante
1881 2219 2126 2290 Sigiber-

544 2317 600 2369 to
622 2307 650 2349 ι’
679 2311 1119 2368 Momoeiacensis
1145 2312 1325 2384 oppidi
1348 2312 1644 2378 sacerdote,
1673 2313 1787 2368 dies
1818 2312 2033 2367 Pascha:
2062 2310 2128 2367 ad

545 2403 904 2473 supradictam
934 2405 1195 2460 celebrari
1227 2405 1412 2459 statuit
1462 2405 1669 2460 urbem.
1724 2404 1968 2460 Graviter
2004 2413 2130 2459 tunc

544 2494 952 2552 Theodobertus
986 2496 1128 2551 [ilius
1154 2498 1272 2564 ejus
1299 2499 1502 2563 senior,
1535 2498 1670 2567 gula:
1700 2498 1929 2551 afﬂictus
1958 2505 2130 2551 tumo-

544 2602 607 2641 re
633 2588 913 2654 laboravit,
941 2588 1035 2644 sed
1066 2589 1358 2643 convaluit.
1390 2588 1599 2643 Interea
1627 2588 2005 2643 Childebertus
2037 2604 2132 2644 rex

547 2679 842 2734 exercitum
872 2689 1213 2744 commovet,
1254 2688 1309 2734 et
1351 2681 1403 2734 in
1434 2679 1637 2734 Italiam
1669 2680 1733 2734 ad
1761 2680 2130 2735 debellandam

546 2769 1018 2840 Langobardorum
1048 2779 1260 2840 gentem
1282 2812 1298 2837 ,
1327 2786 1448 2826 cum
1479 2770 1679 2826 eisdem
1712 2786 1932 2841 pergere
1960 2780 2129 2840 parat.

547 2861 655 2919 Sed
686 2862 1019 2931 Langobardi
1052 2864 1133 2919 his
1164 2864 1393 2933 auditis,
1431 2865 1631 2933 legatos
1671 2880 1790 2918 cum
1824 2864 2133 2920 muneribus

548 2956 790 3033 mittunt,
818 2956 1057 3012 dicentes
1084 2976 1095 3011 :
1128 2957 1208 3014 Sit
1239 2959 1469 3013 amicitia
1496 2959 1635 3011 inter
1661 2968 1841 3024 nos,et
1874 2972 1977 3011 non
2010 2974 2135 3029 per-

552 3061 761 3113 eamus,
819 3063 881 3103 ac
909 3048 1264 3103 dissolvanius
1286 3058 1490 3104 certum
1513 3049 1699 3104 ditioni
1726 3058 1828 3104 tuae
1856 3050 2132 3105 tributum.

547 3136 626 3190 Ac
674 3135 980 3209 ubicunque
1028 3138 1395 3192 necessarium
1443 3146 1629 3192 contra
1683 3138 1927 3193 inimicos
1954 3139 2131 3206 fuerit,

2231 1976 2315 2023 ret
2342 1967 2409 2022 ad
2432 1968 2682 2038 Spolium,
2700 1966 3003 2036 spopondit.
3030 1965 3192 2021 Gaiso
3220 1980 3347 2021 vero
3368 1979 3553 2022 comes
3573 1965 3821 2034 ejusdem

2232 2062 2487 2130 temporis
2508 2068 2726 2128 accepto
2752 2058 3090 2128 capitulario,
3139 2058 3283 2127 quod
3330 2057 3630 2113 anteriores
3683 2057 3824 2111 scri-

2231 2161 2412 2221 ptores
2444 2150 2635 2206 fecisse
2663 2149 3220 2214 commemoravimus,
3265 2148 3463 2203 tributa
3503 2148 3664 2219 coepit
3707 2147 3826 2203 exi-

2230 2258 2356 2313 gere
2398 2261 2411 2296 :
2456 2242 2550 2297 sed
2602 2241 2671 2295 ab
2714 2240 2973 2295 Eufronio
3024 2241 3277 2308 episcopo
3322 2238 3643 2308 prohibitus,
3696 2251 3827 2292 cum

2232 2346 2421 2391 exacta
2452 2336 2713 2404 pravitate
2747 2335 2814 2389 ad
2846 2334 2991 2404 regis
3018 2333 3212 2389 direxit
3246 2334 3606 2401 pratsentiam,
3638 2341 3827 2387 osten-

2231 2431 2366 2487 dens
2399 2430 2773 2499 capitularium
2809 2429 2861 2483 in
2884 2442 2991 2498 quo
3019 2427 3215 2482 tributa
3255 2426 3684 2482 continebantur.
3714 2424 3829 2484 Sed

2234 2542 2330 2582 rex
2367 2525 2746 2595 ingemiscens,
2773 2538 2835 2578 ac
2856 2530 3104 2579 metuens
3120 2523 3363 2577 virtutem
3389 2520 3560 2575 sancti
3582 2519 3830 2587 Martini,

2234 2617 2411 2687 ipsum
2452 2615 2700 2672 incendio
2742 2614 2962 2670 tradidit
3015 2630 3032 2668 :
3085 2627 3278 2669 aureos
3313 2619 3534 2668 exactos
3582 2612 3833 2668 basilica

2235 2712 2407 2767 sancti
2438 2710 2647 2765 Martini
2692 2709 2922 2775 remisit,
2952 2708 3229 2764 obtestans
3254 2714 3312 2763 ut
3342 2705 3517 2760 nullus
3546 2704 3613 2760 de
3643 2718 3834 2775 popu-

2237 2802 2288 2857 lo
2315 2800 2478 2874 [.54
2504 2802 2772 2855 Turonico
2802 2800 2967 2855 ullum
3000 2802 3256 2856 tributum
3306 2798 3520 2869 publico
3549 2797 3829 2873 redderet.

2240 2892 2366 2949 Post
2387 2894 2540 2961 cujus
2564 2893 2766 2949 obitum
2797 2893 3096 2964 Sigibertus
3126 2908 3223 2948 rex
3253 2892 3388 2946 hanc
3412 2889 3595 2946 urbem
3630 2890 3830 2958 tenuit,

2239 3002 2338 3042 nec
2367 2988 2526 3043 ullius
2553 2988 2738 3042 tributi
2772 2986 2976 3057 pondus
3018 2985 3240 3041 invexit.
3266 2984 3357 3040 Sic
3377 2993 3432 3039 et
3458 2996 3595 3038 nunc
3630 2991 3832 3053 quarto

2238 3082 2449 3137 decimo
2473 3096 2612 3137 anno
2634 3080 3006 3137 Childebertus
3027 3088 3148 3149 post
3164 3078 3331 3149 patris
3353 3076 3555 3132 obitum
3573 3090 3833 3147 regnans,

2242 3176 2378 3231 nihil
2403 3177 2601 3246 exegit,
2630 3192 2730 3231 nec
2760 3177 2869 3231 ullo
2900 3174 3082 3231 tributi
3129 3187 3292 3229 onere
3334 3171 3451 3227 haec
3486 3170 3612 3226 urbs
3642 3184 3833 3240 aggra-

857 3229 906 3238 ..
1246 3229 1256 3238 .
1375 3230 1385 3239 .
1728 3232 1737 3242 .
2406 3225 2601 3246 ---ση
2630 3225 2728 3231 ----
2764 3225 2863 3231 --η
2902 3225 3082 3231 ---__--
3360 3225 3363 3226 ν
3400 3225 3443 3227 ,-
3675 3225 3742 3240 νυ

1458 3229 1603 3341 life
1643 3229 2132 3341 CI'A'A'W’CTEE'S'S"
2164 3265 2211 3330 (Ξ
2243 3278 2361 3325 vata
2383 3269 2708 3341 congemuit.
2742 3268 2892 3323 Nunc
2935 3277 3114 3322 autem
3162 3265 3441 3337 potestatis
3486 3272 3677 3317 vestrae
3725 3269 3832 3326 est,

551 3318 774 3373 audiens
803 3359 818 3383 ,
866 3321 933 3375 ad
965 3319 1426 3374 Guntcltramnum
1458 3337 1637 3393 regem
1682 3322 1885 3393 legatos
1926 3323 2131 3391 dirigit,

552 3410 641 3477 qui
670 3424 732 3464 ea
764 3426 881 3479 qua:
911 3410 979 3464 ab
1007 3410 1089 3463 his
1119 3406 1505 3477 offerebantur,
1552 3416 1601 3468 in
1645 3414 1761 3485 ejus
1807 3415 2028 3469 auribus
2054 3417 2134 3470 itt—

551 3498 822 3555 timarent.
879 3501 983 3557 Sed
1010 3504 1099 3558 ille
1127 3518 1229 3558 non
1261 3505 1448 3560 obvius
1482 3508 1548 3561 de
1580 3508 1679 3561 hac
1708 3507 2048 3562 conniventia
2083 3518 2129 3576 ο,

551 3591 829 3646 consilium
858 3594 920 3647 ad
951 3596 1368 3652 confirmandam
1406 3615 1588 3669 pacem
1614 3601 1857 3666 praebuit.
1911 3600 2135 3657 Childe-

552 3682 737 3737 bertus
769 3699 895 3739 vero
944 3703 1037 3742 rex
1080 3688 1238 3757 jussit
1279 3690 1572 3744 exercitum
1623 3691 1675 3743 in
1708 3692 1826 3747 loco
1857 3693 2132 3747 residere:

552 3775 804 3844 misitque
850 3779 1049 3850 legatos
1101 3783 1166 3835 ad
1215 3782 1593 3852 Langobardos
1615 3824 1629 3851 ,
1664 3783 1823 3856 453
1857 3794 1913 3839 ut
1944 3784 1988 3840 si
2023 3785 2137 3840 haec

556 3883 676 3939 quae
707 3873 1064 3941 promiserant
1094 3874 1504 3939 confirmarent,
1541 3876 1811 3932 exercitus
1846 3885 2137 3934 revertere-

466 3986 477 3997 κ
554 3971 642 4019 tur
665 3964 731 4018 ad
756 3967 1002 4036 propria;
1031 3967 1125 4022 sed
1152 3967 1370 4022 minime
1392 3976 1475 4023 est
1497 3968 1797 4037 impletum.

626 4098 799 4156 XXX.
826 4100 1199 4158 Cliildebertus
1244 4115 1370 4157 vero
1399 4117 1491 4158 rex
1521 4102 1877 4173 descriptores
1946 4105 1997 4159 in
2050 4104 2137 4159 Pi—

551 4199 760 4259 ctavos,
788 4193 1049 4249 invitante
1088 4194 1337 4249 Maroveo
1377 4196 1646 4264 episcOpo,
1696 4196 1853 4264 jussit
1883 4197 2050 4259 abire,
2086 4197 2139 4251 id

551 4292 638 4340 eet
663 4284 1065 4341 Florentianum
1089 4288 1345 4356 majorem
1375 4286 1565 4342 domus
1587 4288 1744 4357 regiae
1777 4286 1827 4353 ά,
1851 4297 1906 4343 et
1934 4289 2144 4343 Romul-

556 4372 670 4427 {um
698 4375 880 4442 palatii
907 4378 989 4431 sui
1017 4380 1290 4445 comitem,
1316 4389 1374 4433 ut
1397 4380 1601 4435 scilicet
1649 4380 1877 4448 populus
1896 4394 2139 4447 censum,

555 4480 720 4534 quem
748 4476 989 4537 tempore
1024 4473 1186 4539 patris
1227 4473 1554 4538 reddiderat,
1584 4471 1717 4527 facta
1745 4473 1951 4529 ratione
1988 4474 2140 4529 inno-

557 4567 765 4613 vatura:
818 4567 863 4623 ε,
902 4560 1127 4616 reddere
1163 4562 1401 4617 deberet.
1436 4562 1583 4617 Multi
1633 4562 1777 4617 enim
1827 4579 1893 4618 ex
1942 4564 2023 4620 his
2050 4565 2141 4620 de-

2241 3372 2418 3417 utrum
2458 3361 2729 3417 censeatis
2784 3360 3152 3426 tributum,an
3198 3372 3301 3412 non
3336 3356 3480 3429 :fsed
3528 3355 3709 3411 videte
3765 3368 3834 3407 ne

2235 3455 2438 3525 aliquid
2471 3456 2728 3519 noceatis,
2758 3455 2802 3509 si
2836 3463 3020 3510 contra
3055 3452 3173 3524 ejus
3210 3458 3609 3506 sacramentum
3642 3448 3833 3503 ambu-

2239 3549 2350 3601 lare
2374 3547 2678 3618 disponitis.
2714 3547 2839 3601 Haec
2861 3561 2946 3601 me
2989 3545 3203 3600 dicente
3233 3542 3627 3615 responderunt
3653 3558 3667 3595 :
3692 3540 3835 3597 Ecce

2240 3638 2437 3693 librum
2467 3654 2576 3707 pra:
2619 3637 2866 3692 manibus
2910 3636 3193 3702 habemus,
3225 3636 3277 3690 in
3320 3649 3427 3703 quo
3455 3647 3654 3690 census
3706 3630 3836 3687 huic

2240 3732 2436 3802 populo
2464 3741 2547 3786 est
2576 3730 2828 3786 iullictus.
2859 3730 2926 3785 Et
2946 3744 3045 3800 ego
3099 3729 3183 3785 aio
3225 3747 3237 3783 :
3270 3729 3429 3784 Liber
3468 3726 3557 3782 hic
3606 3741 3635 3779 a
3692 3726 3836 3797 regis

2242 3824 2495 3880 thesauro
2524 3825 2735 3880 delatus
2788 3840 2893 3877 non
2923 3834 3041 3892 est,
3073 3838 3171 3878 nec
3203 3837 3432 3892 unquam
3469 3835 3567 3890 per
3598 3828 3676 3875 tot
3704 3834 3835 3875 con-

2240 3918 2407 3973 valuit
2427 3933 2616 3974 annos.
2647 3917 2763 3971 Non
2787 3927 2872 3972 est
2908 3916 3103 3970 mirum
3134 3916 3276 3970 enim
3328 3914 3371 3968 si
3405 3927 3501 3979 pro
3529 3911 3830 3967 inimicitiis

2244 4010 2434 4066 horum
2467 4010 2679 4073 civium,
2714 4009 2768 4064 in
2791 4009 3155 4078 cujuscunque
3202 4005 3362 4061 domo
3390 4013 3701 4061 reservatus
3729 4012 3833 4059 cst.

2241 4104 2505 4161 Judicabit
2525 4104 2666 4158 enim
2689 4102 2831 4158 Deus
2853 4117 3013 4170 super
3033 4115 3149 4166 eos,
3180 4099 3270 4169 qui
3295 4113 3390 4169 pro
3422 4097 3609 4167 spoliis
3629 4096 3835 4151 civium

2243 4204 2552 4253 nostrorum
2626 4195 2769 4250 hunc
2816 4202 2936 4265 post
2984 4193 3117 4248 tanti
3182 4187 3440 4259 temporis
3499 4196 3837 4243 transactum

2242 4291 2473 4359 Spatium
2498 4289 2857 4358 protulerunt.
2884 4286 3020 4347 Dum
3054 4293 3233 4339 autem
3264 4283 3378 4337 haec
3399 4291 3709 4352 agerentur,
3738 4285 3838 4334 Auv

2242 4381 2356 4438 dini
2388 4383 2547 4445 ﬁlius,
2597 4381 2687 4451 qui
2728 4379 2923 4435 librum
2968 4379 3141 4448 ipsum
3174 4376 3489 4447 protulerat,
3523 4375 3643 4442 ipsa
3688 4372 3778 4428 die
3803 4386 3837 4428 a

2245 4474 2394 4530 febre
2439 4480 2747 4541 correptus,
2773 4471 2859 4526 die
2908 4471 3065 4527 tertia
3114 4466 3422 4539 exspiravit.
3459 4464 3708 4519 Posthmc
3736 4476 3837 4517 nos

2246 4566 2639 4622 transmisimus
2666 4565 2879 4619 nuntios
2904 4564 2968 4617 ad
2992 4577 3196 4632 regem,
3220 4570 3276 4615 ut
3304 4558 3429 4630 quid
3451 4560 3519 4614 de
3551 4556 3653 4613 hac
3674 4570 3838 4611 causa

560 4647 731 4705 functi
763 4649 973 4706 fuerant
1016 4662 1069 4707 et
1119 4652 1188 4707 ob
1220 4654 1319 4707 Itoc
1347 4654 1546 4720 viduis,
1572 4654 1931 4726 orphanisque
1961 4672 2021 4712 ac
2052 4658 2144 4713 de-
2169 4655 2223 4719 Ι)
2242 4658 2475 4731 juberet,
2510 4657 2757 4711 mandata
2790 4655 3112 4711 remitteret.
3144 4654 3249 4711 Sed
3281 4652 3525 4724 protinus
3549 4648 3837 4719 epistolam

560 4741 760 4800 bilibus
787 4746 968 4802 tributi
1000 4746 1206 4816 pondus
1238 4748 1510 4804 insederat
1540 4767 1553 4803 :
1584 4750 1725 4816 quod
1773 4751 1823 4805 lii
1846 4750 2139 4808 discutien-

560 4841 642 4890 tes
661 4849 755 4905 per
770 4834 1035 4896 ordinem.
1056 4838 1355 4893 relaxantes
1380 4854 1640 4908 pauperes
1660 4855 1722 4896 ac
1745 4840 1986 4898 infirmos
1999 4843 2139 4912 illos,

639 4981 668 5045 μ
701 4970 917 5045 Regni”
949 4972 1223 5045 subjugate
1262 4976 1559 5043 potentiam.

634 5041 663 5116 ξι
705 5042 794 5116 Sic
822 5059 951 5099 mss.
979 5041 1171 5113 praeter
1202 5041 1322 5100 Bec.
1349 5047 1437 5116 qui
1468 5063 1586 5103 cum
1614 5048 1773 5106 editis
1796 5059 1920 5107 ante
1942 5050 2145 5108 Cltesn.

563 5113 727 5189 habet
751 5113 1074 5189 Sigimundo.
1132 5113 1393 5172 Chesnius
1424 5131 1706 5189 utramque
1733 5120 2019 5177 lectionem
2055 5140 2150 5177 ex-

566 5182 733 5259 hibet.
776 5182 887 5259 Non
919 5186 1095 5259 minor
1115 5197 1197 5241 est
1226 5191 1291 5243 de
1332 5190 1474 5243 Sedis
1511 5182 1633 5259 ejus
1664 5194 1878 5247 nomine
1915 5193 2144 5249 difficul-

565 5262 665 5309 tas.
696 5256 823 5329 Bad.
858 5258 1015 5311 habet
1042 5257 1487 5324 Noviociacensis;
1516 5256 1725 5329 liegm.,
1755 5261 2146 5320 Noviomt’nsis:

565 5339 683 5401 quae
712 5328 867 5401 lectio
911 5328 953 5401 si
994 5329 1201 5401 sincera
1233 5333 1329 5394 sit,
1372 5333 1520 5401 nulla
1552 5328 1800 5401 superest
1830 5336 2140 5390 difficultas.

568 5392 808 5473 Valesius
836 5408 887 5473 et
916 5398 1155 5473 Quintius
1194 5392 1473 5473 legendum
1515 5392 1634 5473 esse
1672 5404 1979 5458 existimant
2024 5403 2141 5459 Μο-

568 5469 927 5543 guntiarensia.
960 5469 1097 5522 Nihil
1140 5472 1277 5543 lucis
1314 5471 1434 5525 huic
1465 5472 1764 5527 difficultati
1810 5474 2024 5543 aliulget
2067 5491 2136 5531 ex

568 5535 794 5609 vulgatis
825 5539 1191 5608 episcoporum
1214 5540 1658 5609 .Moguutiuorum
1689 5558 1781 5596 seu
1814 5535 2135 5600 Noviomen-

567 5606 704 5687 sium
748 5606 1019 5687 catalogis.
1078 5606 1339 5687 Sidonius
1367 5613 1507 5665 circa
1554 5613 1642 5687 iga
1694 5618 2139 5687 temporaqecele-

567 5679 702 5733 siam
760 5679 1112 5752 Mogontinam
1168 5683 1387 5751 regebat
1449 5697 1511 5736 ex
1571 5679 1862 5739 Fortunato
1913 5685 2004 5740 lib.
2065 5703 2138 5752 tx,

568 5762 736 5820 carm.
768 5750 821 5814 9.
852 5751 942 5804 sed
964 5750 1072 5817 jam
1107 5760 1231 5806 tunc
1262 5752 1397 5807 forte
1425 5753 1650 5820 obierat,
1686 5762 1741 5807 ut
1768 5768 1951 5811 censet
1981 5750 2145 5812 Coin-

570 5817 691 5894 tius,
723 5822 807 5891 qui
840 5822 936 5887 ipsi
970 5821 1210 5889 Gregorii
1253 5824 1424 5894 nostri
1457 5817 1850 5893 Sigiinundum,
1882 5842 1975 5882 seu
2006 5826 2143 5894 Sigi-

569 5889 800 5964 bertutn,
825 5894 937 5950 sive
966 5894 1154 5963 etiam,
1190 5892 1267 5951 uti
1294 5908 1417 5951 eum
1455 5889 1684 5964 appellat
1710 5889 2142 5967 Serarius,Wili-

2216 4764 2371 4806 'cum
2412 4749 2726 4805 auctoritate
2769 4746 2787 4785 τ
2825 4746 3106 4809 miserunt,
3172 4760 3236 4800 ne
3278 4743 3506 4812 p0pulus
3535 4740 3838 4795 Turonicus

2254 4855 2350 4908 pro
2383 4839 2682 4895 reverentia
2705 4839 2873 4895 sancti
2922 4836 3130 4892 Martini
3181 4831 3602 4891 describeretur.
3634 4831 3839 4899 Quibus

2256 4976 2465 5030 bertam
2507 4990 2836 5030 successrsse
2875 4972 3079 5028 scribit.
3128 4970 3488 5026 Thaumastus
3530 4984 3623 5022 seu
3660 4967 3839 5024 Theo-

2258 5058 2463 5121 mastus
2482 5046 2927 5121 _Momaciat.:ensis
2980 5045 3443 5121 item___epi5c0pus
3495 5039 3741 5094 laudatur
3787 5040 3837 5092 iu

2259 5118 2352 5173 lib.
2379 5119 2445 5174 de
2470 5118 2619 5173 Glor.
2652 5116 2927 5180 Confess.,
2959 5130 3077 5184 cap.
3112 5112 3201 5169 53.

2329 5200 2350 5227 ε
2392 5189 2595 5253 Casin.,
2621 5187 2987 5242 convenientia.

2322 5259 2345 5295 ἀ
2380 5260 2530 5314 (Jolb.
2561 5249 2611 5313 a'.
2644 5258 2835 5313 Domus
2881 5256 3108 5326 Regium.
3138 5255 3327 5323 Regm.
3357 5267 3486 5326 vero
3518 5249 3830 5326 liomulfu‘m

2228 5332 2427 5401 palatii
2458 5332 2801 5384 vicecomitem
2823 5371 2837 5394 ,
2858 5321 3111 5401 appellat.
3150 5321 3333 5401 Ile—his
3360 5322 3603 5401 vide__lib.
3639 5337 3708 5376 Iv.
3742 5321 3838 5375 Mi-

2248 5393 2356 5525 :ac.
2384 5404 2554 5525 sagati
2582 5401 2789 5457 Martini
2824 5393 2945 5469 cap.
2978 5400 3031 5453 6.
3065 5408 3117 5453 et
3157 5397 3436 5452 Fortunat.
3472 5393 3565 5448 lib.
3588 5410 3640 5447 x.
3667 5406 3837 5446 carm.

2302 5474 2387 5525 iet
2491 5513 2505 5525 .

2248 5474 2313 5526 iii
2335 5481 2387 5526 et
2419 5473 2505 5526 18.

2324 5554 2345 5580 θ
2369 5543 2508 5597 Editi
2540 5544 2744 5612 aliquot
2772 5556 2893 5598 eum
2933 5539 3056 5594 Bec.
3088 5542 3328 5593 iuno-vald
3350 5553 3425 5591 re.

2324 5612 2342 5650 ί
2379 5606 2686 5669 Auctoritas
2714 5613 2969 5680 diploma,
2994 5626 3089 5666 seu
3121 5606 3673 5680 prmceptunrregittm
3700 5612 3838 5669 erat,

2248 5684 2387 5753 quod
2423 5687 2615 5739 ceteris
2652 5678 2939 5753 pracStabat
2965 5723 2989 5753 ,Α
3030 5682 3274 5753 ideoque,
3312 5678 3640 5753 utividetttr,
3679 5689 3841 5753 manu

2249 5745 2389 5823 regis
2408 5745 2789 5824 subscriptum,
2807 5769 2868 5808 ac
2890 5751 3059 5824 ipsius
3070 5745 3266 5806 annulo
3289 5750 3610 5824 δὶξςὶηίὶιυιη,⁵
3626 5745 3841 5824 uti_c_o_l—

2250 5814 2431 5896 ligitur
2454 5840 2517 5879 ex
2544 5814 2703 5893 epist.
2756 5814 2814 5879 S.
2876 5814 3251 5896 R'adegttntlis_
3276 5814 3411 5875 infra
3439 5834 3557 5896 cap.
3584 5817 3677 5874 42.
3708 5814 3842 5872 Vide

2248 5888 2497 5968 Bignoni't
2519 5888 2672 5955 notus
2698 5897 2753 5957 in
2782 5896 2877 5956 lib.
2909 5888 3189 5953 tMarculli
3212 5892 3396 5950 Form.
3427 5890 3481 5946 4.
