4096 6344
386 448 493 507 509

1340 430 1666 492 HISTORIA
1707 421 2155 488 FRANCORUM.
2198 422 2403 481 LIBER
2440 421 2685 481 NONUS.

3544 421 3654 483 510

385 557 622 624 “lectis,
645 554 827 614 statim
862 554 965 615 viri
989 552 1082 624 qui
1100 551 1167 611 ad
1198 551 1315 611 hac
1338 549 1488 609 missi
1516 548 1749 614 fuerant,
1775 545 1843 601 ad
1866 557 1960 614 pa-
1984 542 2039 604 Α
2064 538 2305 610 reginam
2336 539 2624 610 opprobria
2646 536 2900 607 jactabat,
2931 534 3118 591 dicens
3142 534 3261 606 ejus
3286 535 3510 591 consilio
3531 522 3651 599 haec

383 654 542 710 triam
572 660 698 708 sunt
719 651 968 722 regressi.
1128 712 1138 723 .

458 746 653 806 XXXI.
686 744 1125 802 Guntcbramnus
1154 751 1183 783 ι
1210 754 1339 798 vero
1370 755 1463 796 rex
1502 739 1793 796 exercitum
1816 750 1963 792 com-

384 839 552 896 movit
580 840 635 893 in
674 837 1058 908 Septimaniam
1086 835 1151 904 δε
1193 832 1583 890 Austroualdus
1628 839 1804 886 autem
1855 828 1961 884 dux

383 932 534 1002 prius
570 930 954 989 Carcassonam
983 928 1246 987 accedens
1271 932 1602 983 sacramenta
1635 928 1963 990 susceperat,

381 1027 639 1096 ipsosque
668 1025 893 1096 populos
918 1023 1107 1079 ditioni
1154 1023 1441 1092 subegerat
1489 1019 1667 1089 regiae.
1703 1016 1819 1071 Rex
1871 1030 1966 1070 au-

378 1127 491 1179 tem
511 1118 578 1175 ad
600 1116 833 1184 reliquas
856 1114 1101 1171 civitates
1114 1112 1402 1182 capiendas
1428 1111 1688 1165 Bosonem
1710 1121 1831 1163 cum
1856 1108 1963 1161 An-

379 1211 542 1267 testio
553 1209 854 1267 destinavit.
883 1206 1260 1274 Quiaccedcns
1283 1220 1403 1262 cum
1425 1201 1693 1273 superbia,
1708 1201 1963 1270 despecto

373 1299 741 1365 Aitstroualdo
766 1299 926 1367 duce,
959 1308 1118 1368 atque
1145 1297 1525 1363 condemnato,
1556 1309 1650 1350 cur
1670 1294 1873 1359 absque
1898 1304 1964 1347 eo

383 1396 773 1451 Carcassonam
812 1392 1015 1462 ingredi
1055 1391 1505 1460 praesumpsisset,
1532 1388 1645 1457 ipse
1673 1401 1795 1443 cum
1826 1385 1960 1441 San-

390 1485 608 1551 tonicis,
644 1483 1018 1555 Petragoricis,
1047 1480 1655 1553 Burdegalensibusque,
1679 1480 1963 1546 Agennen-

372 1579 529 1639 sibus
548 1576 709 1639 etiam
750 1592 813 1632 ac
858 1576 1138 1632 Tolosanis
1191 1576 1316 1630 illuc
1365 1574 1558 1630 direxit
1621 1568 1961 1645 [perrexit].

374 1667 679 1741 Cumquein
700 1668 798 1723 hac
816 1668 1073 1738 jactantia
1100 1668 1347 1731 ferretur,
1377 1675 1430 1721 et
1456 1664 1668 1721 Gottbis
1695 1664 1810 1719 haec
1840 1676 1964 1718 nun«

375 1760 507 1815 tiata
526 1759 768 1826 fuissent,
791 1767 1112 1828 paraverunt
1126 1772 1184 1812 se
1201 1758 1252 1811 in
1280 1757 1505 1812 insidiis.
1534 1756 1630 1810 IIic
1650 1769 1779 1810 vero
1802 1769 1964 1822 super

375 1849 596 1909 ﬂuvium
612 1850 889 1918 parvulum
908 1847 1070 1920 5.55
1091 1849 1443 1917 propinquum
1468 1847 1767 1901 nrbicastra
1790 1846 1958 1915 ponit,

2066 648 2093 687 a
2128 633 2237 693 ﬁlio
2267 633 2405 698 ﬁeri,
2436 633 2635 687 addens
2659 633 2818 687 etiam
2851 630 2991 700 quod
3022 628 3353 685 Gundovaldi
3379 630 3651 699 quondam

2058 724 2232 781 utilium
2257 725 2533 779 invitatum
2563 724 2807 793 conjugio
2833 722 3084 792 c0pnlare
3107 721 3284 777 vellet.
3310 721 3461 778 Unde
3484 723 3648 781 etiam

2063 816 2324 889 synodum
2352 816 2513 887 456
2532 816 2901 885 episcoporum
2926 815 2977 868 itt
3001 813 3240 869 kalendis
3257 814 3649 873 Novembribul

2065 911 2376 982 congregari
2409 911 2680 979 praecepit.
2713 910 2966 979 Multique
2992 908 3059 964 de
3102 908 3361 964 extremis
3407 908 3647 978 partibus

2067 1004 2360 1061 Galliarum
2414 1005 2479 1058 ad
2529 1006 2671 1059 Itunc
2715 1013 3033 1059 conventum
3081 1012 3450 1073 properantes,
3472 1003 3539 1059 de
3564 1002 3650 1058 via

2065 1098 2295 1167 regressi
2325 1105 2467 1164 sunt,
2502 1112 2598 1167 pro
2620 1112 2686 1151 eo
2717 1096 2856 1165 quod
2902 1095 3262 1150 Brunicbildis
3286 1096 3469 1164 regina
3497 1110 3557 1150 se
3580 1094 3648 1151 ab

2065 1190 2166 1257 hoc
2195 1190 2417 1247 crimine
2444 1194 2592 1247 exuit
2628 1189 2980 1245 sacramentis
3015 1207 3028 1242 :
3053 1198 3108 1245 et
3124 1189 3203 1249 sic
3223 1189 3324 1244 viis
3342 1188 3535 1244 iterum
3562 1201 3650 1244 re-

2063 1284 2277 1350 seratis,
2310 1285 2544 1353 pervium
2601 1282 2847 1353 patefecit
2884 1282 3183 1339 volentibus
3206 1283 3273 1338 ad
3301 1296 3483 1355 regem
3503 1281 3648 1339 Chil-

2064 1375 2346 1437 deberlunt
2372 1377 2650 1432 accedere.

2137 1467 2376 1523 XXXIII.
2409 1470 2499 1526 IIis
2524 1469 2714 1524 diebus
2744 1467 3088 1540 lngeltrudis,
3120 1482 3239 1538 quae
3266 1465 3651 1523 monasterium

2064 1560 2118 1615 in
2140 1562 2275 1618 atrio
2302 1564 2472 1617 sancti
2513 1563 2726 1618 Martini
2769 1570 3033 1619 statuerat
3072 1559 3123 1626 ά,
3157 1561 3222 1617 ad
3276 1574 3458 1630 regem
3496 1558 3650 1631 quasi

2063 1655 2229 1709 filiam
2253 1666 2565 1711 accusatum
2597 1657 2857 1721 processit
2890 1675 2904 1711 :
2941 1657 2990 1710 in
3031 1670 3134 1723 quo
3156 1656 3483 1710 monasterio
3515 1653 3645 1708 Ber-

2072 1745 2339 1815 tbeﬂedis,
2372 1748 2477 1803 tilia
2518 1750 2783 1819 quondam
2816 1750 3117 1805 Chariberti
3167 1750 3325 1819 regis,
3361 1747 3651 1804 residebat.

2066 1840 2169 1898 Sed
2202 1843 2303 1898 ista
2330 1842 2654 1912 egredientc,
2685 1845 2800 1899 haec
2823 1845 2874 1898 in
2910 1843 3361 1899 Cenomannicum
3400 1852 3423 1881 θ
3453 1850 3534 1897 est
3568 1842 3652 1896 in—

330 2004 339 2013 ,
374 1942 548 2012 epulis
570 1940 784 2009 insedit,
804 1919 1446 2004 ebrietatibusiucumbit,
1464 1940 1717 1995 conviciis
1738 1950 1791 1996 et
1822 1941 1961 1996 blas-
1996 1919 2046 1985 Β
2070 1948 2272 2003 gressa.
2309 1934 2436 1989 Erat
2471 1934 2614 1989 enim
2649 1936 2788 2006 gulae
2832 1943 2885 1991 et
2927 1950 3117 1991 somno
3142 1934 3342 1999 dedita,
3371 1942 3424 1988 et
3452 1934 3654 1991 nullam

373 2034 605 2106 pbemiis
651 2035 879 2090 Gottbos
918 2048 1264 2105 exaggerans.
1297 2032 1480 2103 Illique
1508 2034 1774 2088 irruentes
1801 2048 1963 2102 super

375 2128 557 2195 ipsos,
602 2128 876 2198 reperiunt
919 2129 1199 2198 epulantes
1236 2127 1702 2198 inopinantesque.
1731 2127 1879 2183 Tunc
1909 2129 1963 2185 bi

372 2217 564 2274 dantes
584 2233 770 2287 voces,
799 2227 1089 2289 exsurgunt
1133 2228 1320 2275 contra
1341 2234 1457 2275 eos.
1496 2222 1563 2274 At
1590 2220 1664 2276 illi
1690 2220 1962 2290 paululum

370 2311 710 2377 resistentes,
739 2312 917 2383 fugam
940 2312 1223 2380 simulant,
1262 2311 1817 2383 prosequentibusque
1846 2313 1963 2370 istis

368 2411 699 2471 consurgunt
739 2403 833 2471 qui
866 2404 1143 2471 praeparati
1197 2411 1351 2458 erant
1378 2402 1447 2459 de
1492 2402 1720 2471 insidiis,
1746 2404 1963 2460 conclu-

367 2493 666 2565 dentesque
711 2510 803 2551 eos
832 2495 886 2550 in
908 2495 1086 2552 medio
1102 2538 1116 2563 ,
1143 2510 1312 2566 usque
1334 2496 1398 2551 ad
1419 2496 1842 2554 internecionem
1868 2514 1960 2554 ce-

367 2588 638 2647 ciderunt.
670 2589 772 2658 Qui
806 2597 983 2646 autem
1036 2584 1265 2645 evadere
1317 2598 1625 2659 potuerunt,
1651 2591 1738 2646 vix
1783 2593 1963 2662 equite

378 2678 487 2752 [AL
510 2678 673 2750 equo]
703 2694 929 2735 ascenso
953 2690 975 2719 ε
1004 2695 1097 2749 per
1127 2680 1304 2751 fugam
1354 2680 1545 2750 dilapsi
1575 2691 1719 2745 sunt,
1746 2695 1961 2738 omnem

366 2769 761 2840 supellectilem
793 2770 1151 2841 relinquentes
1174 2770 1225 2825 in
1252 2770 1431 2840 campi
1449 2771 1690 2841 planitie,
1721 2772 1962 2843 nihilque

369 2876 557 2933 secum
588 2862 655 2917 de
694 2861 857 2917 rebus
890 2861 1115 2932 propriis
1145 2860 1473 2929 auferentes,
1506 2863 1604 2919 hoc
1630 2878 1727 2932 pro
1765 2878 1962 2934 magno

366 2957 620 3017 ducentes
646 2959 692 3014 si
735 2957 816 3013 vel
838 2958 946 3013 vita
989 2957 1340 3015 donarentur.
1382 2959 1732 3028 Insequentes
1780 2968 1959 3015 autem

365 3047 552 3106 Go‘tthi
583 3064 672 3105 res
701 3063 886 3105 eorum
910 3063 1097 3106 omnes
1120 3050 1420 3120 reperiunt,
1444 3050 1829 3119 diripiuntque,
1866 3064 1954 3119 pe-

367 3140 581 3207 destres
611 3155 797 3197 omnes
838 3142 1084 3211 eaptivos
1129 3141 1462 3198 abducentes
1498 3141 1960 3211 :cccideruntque

367 3229 446 3287 ibi
476 3232 626 3303 quasi
650 3230 887 3303 quinque
910 3231 1076 3287 millia
1118 3232 1386 3297 virorum;
1411 3230 1605 3300 captivi
1637 3240 1816 3287 autem
1842 3249 1958 3289 am-

2068 2026 2135 2081 de
2165 2024 2345 2081 ofﬁcio
2372 2026 2471 2082 Dei
2498 2041 2681 2083 curam
2723 2028 2947 2083 habens.
2981 2027 3260 2097 Negotium
3318 2041 3446 2082 vero
3476 2027 3654 2097 Inget-

2070 2118 2243 2173 trudis
2268 2128 2321 2175 et
2370 2119 2495 2179 filiae
2537 2118 2653 2189 ejus
2705 2120 2863 2175 altius
2918 2119 3268 2189 repetendum
3313 2128 3459 2188 puto.
3492 2118 3653 2189 Igitur

2067 2219 2190 2266 ante
2213 2210 2311 2266 Itos
2340 2225 2513 2266 annos
2538 2227 2658 2267 cum
2695 2211 3017 2282 Ingeltrudis
3042 2213 3425 2267 monasterium
3455 2212 3655 2281 puella.

2067 2316 2184 2357 rum
2212 2302 2349 2357 infra
2376 2304 2567 2358 atrium
2619 2304 2790 2358 sancti
2831 2302 3067 2370 Martini,
3099 2311 3157 2358 ut
3196 2302 3451 2365 diximus,
3481 2302 3656 2357 collo-

2067 2407 2191 2450 care
2214 2396 2487 2462 crepisset,
2523 2394 2644 2449 filim
2673 2409 2784 2451 suae
2812 2395 3059 2449 mandata
3079 2395 3258 2459 mittit,
3286 2393 3513 2450 dicens».
3548 2394 3653 2449 Re-

2068 2483 2246 2554 linque
2276 2487 2449 2542 virum
2478 2494 2651 2555 tuum,
2680 2496 2735 2543 et
2762 2490 2881 2543 veni
2910 2498 2969 2543 ut
2997 2488 3192 2543 faciam
3221 2496 3275 2543 te
3322 2488 3651 2543 abbatissam

2065 2578 2211 2646 gregi
2246 2578 2370 2634 huic
2399 2593 2556 2649 quem
2579 2578 2934 2650 congregavi.
2962 2580 3030 2634 At
3058 2578 3145 2634 illa
3168 2622 3181 2645 ,
3214 2580 3395 2635 audito
3423 2580 3654 2638 levitatis

2066 2672 2317 2738 consilio,
2366 2687 2485 2728 cum
2543 2673 2659 2728 viro
2716 2673 2949 2728 Turonis
3002 2672 3250 2739 advenit;
3303 2674 3654 2745 ingressaque

2066 2768 2452 2822 monasterium
2489 2768 2696 2835 matris,
2725 2768 2941 2823 dicebat
2968 2768 3086 2823 viro
3116 2785 3129 2821 :
3173 2767 3477 2837 Regredere
3506 2765 3653 2832 hinc,

2070 2864 2125 2909 et
2152 2858 2387 2925 guberna
2422 2874 2509 2914 res
2533 2860 2839 2928 liberosque
2890 2868 3123 2923 nostros,
3150 2874 3270 2913 nam
3299 2873 3398 2925 ego
3430 2872 3536 2911 non
3564 2870 3653 2913 re-

2063 2961 2241 3008 vertar
2266 2962 2459 3008 tecum.
2494 2950 2608 3008 Non
2634 2952 2777 3007 enim
2809 2951 3009 3006 videbit
3036 2966 3253 3020 regnum
3282 2950 3376 3005 Dei
3405 2949 3653 3020 conjugio

2062 3046 2359 3116 copulatus.
2392 3043 2489 3100 Ille
2514 3059 2644 3100 vero
2689 3045 2756 3099 ad
2802 3060 2889 3100 me
2916 3045 3157 3110 veniens,
3202 3042 3468 3099 nuntiavit
3516 3043 3650 3101 mihi

2066 3139 2248 3194 omnia
2288 3154 2407 3208 qua:
2455 3155 2484 3194 a
2524 3138 2750 3209 conjuge
2792 3138 3051 3195 audierat.
3081 3139 3231 3193 Tunc
3259 3154 3357 3210 ego
3387 3138 3652 3197 accedens

2065 3229 2130 3285 ad
2162 3231 2568 3295 monasterium,
2617 3246 2879 3286 canonum
2906 3231 3243 3286 Nicmnorum
3300 3233 3520 3287 decreta
3567 3245 3651 3287 rec

367 3298 509 3394 ι)ὶίυᾷ
533 3298 692 3395 quam
726 3298 832 3379 duo
860 3310 1025 3378 millia
1071 3322 1335 3379 abierunt.
1369 3298 1517 3378 Multi
1564 3330 1745 3379 tamen
1775 3325 1840 3379 ab
1873 3324 1957 3381 Itis
1984 3298 2030 3361 Ο
2062 3320 2186 3393 legi,
2220 3322 2272 3375 in
2302 3323 2495 3392 quibus
2541 3323 2881 3378 continetur:
2912 3324 3044 3391 Quia
3091 3325 3135 3378 si
3162 3340 3276 3395 qua:
3308 3322 3327 3362 ί
3376 3324 3641 3385 reliquerit

364 3412 548 3480 laxati,
584 3418 861 3474 redierunt
886 3418 941 3472 in
971 3418 1214 3486 patriam.

438 3508 658 3566 XXXII.
692 3511 1007 3567 Commotus
1026 3521 1203 3566 autem
1254 3526 1351 3567 rex
1378 3511 1496 3566 v3as
1526 3511 1703 3567 claudi
1746 3526 1843 3582 per
1869 3528 1954 3569 re-

364 3613 533 3673 gnum
569 3616 723 3655 suum
754 3602 1032 3671 praecepit,
1067 3617 1133 3656 ne
1159 3601 1298 3657 ullus
1323 3601 1389 3656 de
1427 3600 1757 3658 Cbiltleberti
1791 3618 1956 3673 regno

362 3706 462 3763 per
491 3693 605 3763 ejus
640 3697 787 3765 regni
841 3696 1170 3749 territorium
1220 3694 1461 3764 pervium
1505 3704 1689 3764 posset
1735 3695 1955 3763 habere,

362 3782 551 3841 dicens
579 3802 591 3839 :
620 3785 753 3851 Quia
781 3801 872 3854 per
899 3785 1195 3856 nequitiam
1227 3786 1364 3855 ejus,
1397 3786 1486 3855 qui
1524 3802 1644 3841 cum
1685 3803 1809 3859 rege
1858 3789 1955 3845 Hi-

361 3876 577 3948 spania:
604 3876 777 3933 ftedus
801 3878 941 3943 iniit,
976 3878 1243 3933 exercitus
1288 3878 1488 3934 corruit
1529 3896 1700 3947 meus,
1723 3891 1780 3936 et
1815 3890 1955 3937 utse

364 3981 478 4023 non
500 3966 735 4022 subdant
768 3968 928 4023 urbes
976 3969 1082 4022 illa)
1128 3969 1313 4025 ditioni
1361 3985 1520 4037 meae,
1552 3971 1667 4040 ejus
1708 3971 1809 4027 hoc
1856 3973 1955 4028 im-

366 4060 553 4116 tnissio
584 4060 729 4116 facit.
765 4060 1015 4116 Additum
1031 4070 1111 4118 est
1130 4062 1289 4119 etiam
1319 4061 1439 4117 huic
1467 4063 1792 4118 causaealiud
1809 4078 1955 4120 ama-

365 4156 619 4212 ritudinis
649 4156 992 4222 incendium,
1038 4156 1178 4226 quod
1209 4154 1583 4211 Childebertus
1632 4172 1729 4213 rex
1785 4156 1953 4213 filium

367 4264 525 4305 suum
557 4251 844 4314 seniorem,
881 4250 1314 4305 Tlteodobertum
1368 4251 1605 4319 nomine,
1634 4250 1954 4307 Suessionas

361 4344 597 4414 dirigere
639 4343 909 4415 cogitabat
954 4362 967 4399 :
1026 4358 1145 4412 quae
1198 4358 1285 4398 res
1344 4343 1704 4413 suspicionem
1752 4343 1954 4399 fecerat

361 4436 768 4495 Guntcbramno
805 4437 940 4507 regi,
981 4437 1191 4491 dicente
1227 4450 1293 4491 eo
1319 4453 1331 4489 :
1356 4436 1489 4503 Quia
1540 4434 1591 4490 in
1622 4437 1722 4491 hoe
1780 4435 1951 4490 filium

359 4544 520 4599 suum
545 4546 712 4601 nepos
744 4546 894 4588 meus
922 4530 1241 4589 Suessionas
1284 4530 1484 4599 dirigit,
1520 4538 1575 4584 ut
1604 4528 1835 4585 Parisios
1864 4530 1950 4584 in-

356 4622 513 4694 gredi
540 4620 719 4689 faciat,
748 4636 1080 4693 regnumque
1109 4637 1286 4677 meum
1312 4620 1524 4677 auferre
1546 4620 1724 4691 cupiat
1758 4638 1770 4673 :
1805 4621 1947 4691 quod

359 4729 634 4784 nunquam
679 4713 1055 4770 Childebertus
1081 4714 1164 4768 vel
1208 4715 1261 4768 in
1302 4714 1643 4783 cogitatione,
1670 4714 1714 4768 si
1741 4712 1843 4768 dici
1868 4713 1946 4769 fas

359 4814 467 4873 est,
500 4807 701 4871 habere
723 4808 917 4878 potuit.
940 4806 1100 4862 Multa
1136 4816 1313 4862 autem
1356 4815 1411 4864 et
1458 4808 1512 4862 in
1544 4806 1946 4863 Brunicbildem

431 4968 459 4997 ἰ
486 4961 543 5034 In
592 4961 714 5017 Vat.
741 4970 796 5017 et
822 4961 973 5017 Colb‘.
1005 4976 1056 5017 a.
1087 4961 1423 5017 desideratur
1463 4963 1563 5018 hoc
1600 4972 1757 5034 caput
1784 4965 1945 5021 simul

355 5044 480 5102 cum
499 5032 708 5088 duobus
736 5034 1099 5102 sequentibus.

431 5100 457 5140 δ
494 5102 680 5173 Regni.
716 5100 1047 5169 Hispaniam.
1084 5107 1149 5157 At
1179 5119 1298 5158 cum
1330 5104 1653 5174 Septimania
1683 5105 1939 5173 Wisigot-

357 5172 571 5246 tborum
597 5176 810 5246 regibus
838 5176 888 5227 in
917 5175 1167 5246 Hispania
1195 5172 1437 5244 pareret,
1471 5192 1574 5230 non
1605 5178 1773 5231 semel
1801 5172 1938 5232 alias

354 5257 386 5298 a
415 5243 679 5314 Gregorio
705 5246 897 5300 dicitur
925 5244 1201 5313 Hispania.

436 5325 457 5352 ε
488 5312 700 5387 Keng
733 5316 979 5382 equitibus
998 5312 1239 5371 ascensis.
1275 5315 1398 5379 Ed.,
1429 5332 1555 5387 equo
1576 5334 1803 5374 ascenso.
1824 5320 1937 5377 Hoc

353 5382 410 5447 in
435 5382 622 5455 praelio
643 5385 876 5443 Francos
896 5388 959 5440 ad
975 5387 1244 5455 sexaginta
1264 5387 1424 5442 millia
1448 5382 1754 5456 profligatae
1770 5390 1933 5447 fuisse

353 5455 587 5524 aftirtnat
610 5458 845 5511 Isidorus
883 5459 933 5511 in
978 5456 1274 5523 Chronico,
1300 5474 1405 5513 mra
1436 5459 1559 5524 (iis,
1586 5463 1671 5514 ubi
1705 5462 1780 5516 ait
1813 5464 1932 5517 nul—

352 5522 459 5579 Iam
490 5542 719 5600 unquam
752 5530 849 5582 ista
873 5529 1130 5597 majorem
1160 5531 1432 5585 victoriam
1456 5546 1483 5584 a
1515 5522 1725 5586 Gotthis
1758 5549 1924 5600 repon

352 5603 517 5650 latam
544 5599 724 5653 fuisse.
750 5600 895 5652 Idem
909 5601 1065 5653 habet
1090 5601 1322 5655 Joannes
1354 5600 1671 5656 Biclarensis
1690 5604 1743 5657 in
1770 5599 1934 5659 Chro—

351 5666 496 5720 nico.
531 5668 817 5722 IIeccaretli
850 5670 1117 5724 exercitus
1162 5673 1351 5725 ductor
1393 5682 1510 5727 erat
1545 5671 1797 5729 Claudius
1822 5676 1932 5731 dux

349 5734 663 5814 Lusitaniae,
688 5740 774 5793 cui
816 5750 1031 5814 sanctus
1073 5740 1358 5814 gregarius
1382 5743 1448 5798 Μ.
1490 5744 1773 5814 Cyriacum
1812 5762 1929 5800 mo-

350 5809 583 5885 nacltum
626 5809 1048 5885 commendavit.
1075 5809 1368 5885 E_umdem_,
1396 5809 1621 5883 ejusque
1668 5817 1719 5870 in
1749 5818 1930 5885 Septi-

348 5880 583 5956 maniam
608 5884 856 5956 primum,
888 5881 1160 5956 et_exindc
1207 5883 1259 5956 in
1316 5880 1594 5956 Francia’tn
1632 5880 1934 5956 expedi-tio-

348 5960 477 6006 nem
502 5949 685 6009 laudat
728 5949 922 6008 Paulus
949 5951 1215 6012 Diaconos
1237 5953 1293 6013 in
1334 5954 1424 6012 lib.
1450 5956 1519 6015 de
1548 5956 1680 6018 Vitis
1704 5949 1928 6017 Patrum

2059 3415 2251 3479 uirum,
2284 3424 2331 3469 et
2360 3423 2527 3468 torum
2572 3416 2624 3468 in
2672 3432 2769 3480 quo
2818 3417 2937 3472 bene
2966 3416 3089 3470 vixit
3119 3418 3390 3485 spreverit,
3424 3418 3599 3473 dicens
3627 3431 3650 3471 :

2062 3508 2198 3577 Quia
2227 3526 2330 3563 non
2363 3511 2427 3563 sit
2457 3511 2503 3564 ei
2535 3511 2696 3578 portio
2723 3510 2776 3563 in
2804 3510 2897 3564 illa
2945 3512 3158 3566 rte/estis
3189 3512 3329 3581 regni
3359 3512 3529 3582 gloria
3556 3510 3648 3581 qui

2057 3602 2208 3671 fuerit
2230 3602 2473 3672 conjugio
2518 3601 2812 3669 capillatus,
2844 3603 3117 3656 anathema
3147 3605 3233 3657 sit.
3268 3604 3473 3669 Quibus
3494 3602 3648 3658 audi-

2057 3692 2125 3746 tis
2156 3690 2547 3763 Bcrtbegundis
2571 3704 2813 3748 metuens
2846 3707 2912 3747 ne
2933 3710 2961 3747 a
2985 3692 3352 3748 sacerdotibus
3388 3693 3479 3749 Dei
3498 3707 3649 3749 com-

2057 3785 2311 3844 munione
2364 3785 2704 3854 privaretur,
2755 3799 2973 3854 egressa
3030 3785 3434 3852 monasterium,
3490 3782 3650 3843 rediit

2058 3892 2177 3933 cum
2207 3876 2322 3931 viro
2352 3892 2468 3931 suo.
2496 3875 2831 3944 Interpositis
2863 3885 3041 3930 autem
3085 3874 3254 3929 tribus
3296 3874 3378 3929 vel
3420 3882 3648 3943 quatuor

2056 3968 2229 4034 annis,
2257 3968 2447 4024 iterum
2492 3967 2743 4021 mandata
2794 3968 2964 4021 mittit
2992 3967 3059 4022 ad
3087 3982 3205 4022 eam
3229 3976 3423 4033 mater,
3448 3966 3644 4035 depre-

2062 4073 2192 4113 cans
2215 4073 2331 4114 eam
2367 4057 2436 4113 ad
2467 4072 2524 4114 se
2570 4058 2852 4113 accedere.
2884 4059 2953 4137 A‘t
3003 4058 3087 4111 illa
3139 4060 3376 4114 oneratis
3417 4058 3645 4114 navibus

2058 4151 2215 4227 457
2243 4161 2349 4206 tam
2369 4151 2437 4207 de
2460 4151 2619 4206 rebus
2647 4150 2902 4220 propriis,
2935 4165 3092 4221 quam
3117 4152 3213 4206 viri
3239 4153 3342 4217 sui,
3366 4161 3641 4221 assumpto

2054 4260 2238 4315 secum
2263 4262 2368 4302 uno
2398 4246 2541 4311 ﬁlio,
2591 4249 2705 4304 viro
2732 4247 2973 4314 absente,
3020 4245 3250 4301 Turonis
3270 4251 3354 4299 est
3398 4243 3642 4315 appulsa.

2054 4342 2160 4399 Sed
2180 4356 2301 4398 cum
2331 4356 2362 4396 a
2388 4348 2560 4397 matre
2616 4350 2833 4411 propter
2862 4340 3256 4409 improbitatem
3278 4338 3376 4393 viri
3422 4337 3644 4394 retineri

2055 4450 2162 4491 non
2193 4443 2393 4504 posset,
2423 4433 2630 4488 scilicet
2660 4449 2727 4489 ne
2756 4433 3082 4489 calumniam
3127 4446 3245 4501 quae
3277 4431 3393 4501 ejus
3418 4430 3545 4485 dolo
3567 4432 3643 4485 fa-

2054 4528 2253 4584 bricata
2283 4526 2457 4583 fuerat
2483 4526 2776 4598 exciperet,
2808 4526 2873 4581 ad
2933 4525 3373 4596 Bertcbramnum
3422 4538 3640 4595 gertna~

2057 4634 2187 4675 num
2211 4618 2354 4689 ejus,
2381 4615 2544 4673 lilium
2568 4619 2813 4674 videlicet
2836 4633 3010 4686 suum,
3059 4616 3467 4686 Burdegalensis
3489 4617 3642 4672 urbis

2049 4713 2381 4783 episcopum,
2414 4728 2531 4767 eam
2557 4713 2777 4768 direxit.
2804 4712 3165 4782 Prosequente
3194 4711 3356 4780 igitur
3379 4725 3497 4765 eam
3524 4711 3641 4767 viro

2048 4805 2163 4877 ejus
2190 4805 2435 4862 dicebat:
2471 4806 2603 4872 Quia
2630 4805 2745 4860 sine
2792 4805 3015 4860 consilio
3046 4811 3327 4873 parentum
3351 4816 3471 4859 eam
3505 4815 3639 4858 cou-

2049 4968 2462 5023 Emeritensium
2475 5007 2488 5021 .

2120 5038 2147 5077 ἀ
2175 5040 2283 5092 Hoc
2308 5036 2690 5092 monasterium
2734 5037 2869 5090 intra
2919 5037 3088 5090 sancti
3120 5034 3331 5089 Martini
3358 5041 3507 5103 septa
3529 5032 3620 5087 diu

2049 5110 2436 5172 stetit,sanct:e
2467 5108 2647 5161 Mariae
2693 5108 2759 5160 de
2810 5106 3075 5160 Scriniolo
3121 5107 3435 5170 dictum;at
3485 5105 3628 5159 circa

2049 5180 2230 5235 saeculi
2262 5179 2526 5234 undecimi
2546 5178 2753 5231 initium
2781 5177 2847 5230 ab
2868 5176 3076 5231 Ilerveo
3100 5176 3430 5231 thesaurario
3455 5182 3627 5231 trans-

2047 5252 2211 5307 latum
2242 5257 2326 5304 est
2385 5252 2437 5303 in
2466 5250 2693 5302 vicinum
2743 5249 2955 5313 collem,
3010 5249 3097 5315 qui
3127 5248 3196 5300 ob
3239 5246 3374 5301 situs
3401 5246 3628 5302 amoeni-

2048 5332 2242 5383 tatem,
2265 5328 2581 5389 gratumque
2630 5330 2972 5389 prospectum
3012 5317 3354 5389 Bellusmons
3390 5317 3630 5389 appella-

2047 5403 2150 5459 tur,
2185 5387 2290 5448 ubi'
2318 5391 2581 5461 hodieque
2619 5387 2831 5456 visitur,
2861 5389 3030 5443 sancti
3084 5388 3358 5443 Benedicti
3408 5387 3631 5460 Regulae

2042 5466 2331 5520 addictum.

2120 5547 2143 5574 ο
2178 5537 2389 5603 Regm.,
2424 5532 2851 5589 Cenomannicum
2874 5530 3266 5595 monasterium;
3289 5531 3489 5600 aliquot
3515 5530 3631 5586 edi-

2043 5606 2082 5661 ti
2126 5623 2250 5676 cunt
2280 5607 2707 5676 Bec.,_regressa.

2112 5675 2135 5715 ί
2166 5678 2378 5747 Regm.,
2414 5674 2474 5747 Si
2503 5672 2617 5744 qua:
2642 5674 2823 5747 mulier
2850 5682 3067 5747 uxorata
3095 5672 3629 5747 reliqueritaYidctur

2039 5763 2158 5804 esse
2184 5742 2358 5803 canon
2385 5744 2451 5797 Ill
2494 5742 2647 5801 conc.
2674 5746 3024 5815 Gangrensis,
3052 5742 3505 5816 quod‘concilium
3532 5760 3626 5816 ve-

2038 5828 2182 5876 teres
2206 5818 2419 5873 Nicteuo
2464 5814 3081 5886 subiungere’solebant'
3100 5834 3114 5884 ;
3148 5818 3304 5888 idque
3330 5817 3525 5872 indicat
3554 5814 3627 5869 ti-

2038 5893 2180 5953 tulus
2208 5891 2261 5947 in
2294 5889 2569 5946 veteribus
2595 5888 2825 5960 scriptis.

2006 6078 2065 6091 ιιι-ον·-
2088 6082 2098 6087 ε
