4096 6344
496 429 600 491 διι

1459 427 1520 485 8.
1561 422 1888 485 GREGORII
1925 416 2235 481 EPISGOPI
2272 417 2713 481 TURONENSIS

3668 421 3787 481 εισι

498 543 647 619 jugio
684 540 970 614 copulasti,
995 555 1103 598 non
1131 541 1236 599 erit
1285 555 1421 598 uxor
1447 549 1560 598 tua.
1595 543 1761 598 Erant
1808 541 1950 598 enim
1974 540 2083 611 jam
2112 540 2163 599 Α
2187 550 2370 608 regem
2391 537 2544 607 abiit,
2573 536 2728 611 quasi
2752 535 2919 595 ﬁliam
2974 535 3320 597 exhaeredeut
3367 535 3560 595 datura
3580 533 3651 595 de
3699 539 3789 596 fa-

505 641 620 699 fere
643 640 854 711 triginta
875 638 1021 707 anni,
1057 652 1122 692 ex
1144 652 1252 708 quo
1296 638 1573 707 conjuncti
1613 637 1811 706 pariter
1851 636 2084 692 fuerant.

501 732 647 790 Adiit
675 733 818 787 enim
849 732 930 786 vir
959 729 1075 801 ejus
1120 730 1438 802 plerumque
1486 730 1676 786 urbem
1730 728 2088 799 Burdegalen-

501 838 646 891 sem;
679 825 771 878 sed
804 824 972 878 noluit
993 838 1110 879 eam
1153 825 1439 895 episcopus
1494 824 1793 879 restituere.
1827 822 1960 878 Cum
1989 837 2086 877 au-

500 924 610 972 tem
637 931 735 970 rex
778 914 1211 971 Guntchramnus
1256 915 1324 971 ad
1378 915 1818 972 Aurelianensem
1872 915 2083 982 urbem,

501 1008 642 1063 sicut
672 1010 724 1062 in
751 1009 1028 1078 superiore
1049 1008 1187 1063 libro
1234 1009 1646 1064 memoravimus
1678 1017 1728 1074 ⁸,
1759 1007 2085 1075 advenisset,

502 1102 577 1158 ibi
607 1116 729 1156 eum
760 1102 937 1157 acrius
967 1100 1056 1156 hic
1099 1101 1180 1155 vir
1212 1102 1523 1171 impugnare
1582 1100 1761 1156 verbis
1792 1102 1973 1171 coepit,
2007 1101 2088 1156 di-

500 1203 632 1247 cens
663 1207 678 1246 :
711 1191 992 1247 Abstulisti
1024 1204 1246 1246 uxorem
1272 1205 1444 1246 meam
1467 1206 1590 1247 cum
1615 1190 1829 1247 famulis
1857 1192 1996 1263 ejus.
2022 1194 2088 1250 Et

501 1297 651 1351 ecce,
677 1284 817 1353 quod
844 1282 1177 1339 sacerdotem
1230 1299 1338 1339 non
1391 1284 1570 1353 decet,
1604 1294 1659 1339 ιιι
1702 1299 1826 1340 cum
1880 1285 2087 1351 ancillis

512 1376 671 1442 meis,
705 1386 758 1433 et
798 1377 883 1432 illa
912 1392 1034 1431 cum
1067 1376 1277 1432 famulis
1307 1378 1409 1434 tuis
1434 1377 1670 1434 dedecus
1694 1377 1944 1434 adulterii
1973 1392 2092 1448 per-

508 1468 1135 1539 petratis.Tuncfurore
1159 1479 1462 1526 commotus
1516 1486 1633 1539 rex,
1677 1470 1925 1525 astrinxit
1970 1470 2086 1539 epi-

506 1575 754 1630 scopum,
786 1568 845 1616 ut
890 1561 1235 1632 polliceretur
1254 1578 1372 1620 eam
1406 1563 1631 1621 reddere
1676 1566 1814 1633 viro,
1861 1565 2084 1621 dicens:

501 1652 635 1719 Quia
661 1666 853 1722 parens
885 1668 1003 1710 mea
1033 1653 1149 1711 hmc
1187 1665 1268 1711 est
1304 1674 1317 1709 :
1349 1656 1393 1711 si
1425 1657 1714 1727 quidquam
1757 1656 1885 1711 mali
1934 1671 2088 1713 exer-

499 1744 611 1799 cuit
633 1743 686 1799 in
730 1744 893 1799 domo
938 1745 1039 1801 viri
1071 1747 1175 1814 sui,
1226 1763 1325 1818 ego
1382 1748 1753 1816 nlciscar;sin
1801 1747 1964 1817 aliud,
1993 1764 2089 1805 cur

503 1836 605 1892 sub
633 1837 779 1891 omni
806 1818 1153 1893 deformitate
1185 1839 1433 1894 redactus
1465 1839 1546 1894 vir
1570 1838 1598 1878 δ
1625 1840 1823 1910 conjux
1851 1840 1967 1910 ejus
1994 1854 2087 1895 au-

2189 632 2386 688 cultate
2408 641 2646 704 paterna.
2678 633 2829 690 Acin
2853 633 3141 704 praesentia
3169 632 3313 705 regis
3339 647 3619 704 exponens
3642 647 3786 690 cau-

2188 739 2297 791 sas,
2328 726 2431 781 filia
2463 726 2710 793 absente,
2742 727 3036 797 iudicatum
3084 734 3169 784 est
3212 726 3348 783 eiut
3392 737 3583 798 quarta
3629 735 3787 796 parte

2188 816 2311 874 ﬁlia:
2332 820 2601 889 restituta,
2629 832 2739 879 tres
2764 837 2885 879 cum
2928 824 3216 895 nepotibus
3237 824 3371 892 suis,
3393 836 3530 893 quos
3574 821 3643 878 de
3667 822 3786 879 ﬁlio

2190 925 2297 965 uno
2331 912 2582 983 habebat,
2632 915 2894 986 reciperet
2928 933 2943 971 :
2973 916 3031 974 in
3073 931 3176 987 qua
3206 930 3369 973 causa
3414 914 3785 973 Theutharius

2190 1004 2489 1077 presbyter,
2513 1007 2604 1077 qui
2630 1023 2803 1078 nuper
2844 1022 2911 1065 ex
2940 1008 3309 1066 referendario
3338 1007 3591 1080 Sigiberti
3634 1010 3786 1079 regis

2188 1110 2479 1153 conversus
2499 1139 2513 1163 ,
2545 1099 2867 1171 presbyterii
2896 1100 3157 1157 honorem
3186 1100 3418 1171 accepit,
3447 1101 3698 1171 accessit,
3724 1110 3788 1157 ut

2190 1186 2329 1244 hanc
2362 1188 2680 1247 divisionem
2724 1191 2877 1261 juxta
2930 1193 3074 1263 regis
3122 1192 3407 1264 imperium
3453 1192 3781 1250 celebraret.

2187 1276 2295 1334 Sed
2324 1279 2614 1337 resistente
2639 1281 2769 1352 ﬁlia,
2802 1298 2904 1342 nec
2931 1284 3125 1342 divisio
3152 1284 3313 1353 facta,
3342 1300 3443 1344 nec
3465 1286 3785 1343 scandalum

2190 1370 2491 1427 resedatum
2517 1382 2606 1428 est
2630 1371 2680 1430 ά.
3484 1374 3487 1377 ’

2261 1461 2503 1521 XXXIV.
2544 1465 2831 1539 Rigunthis
2858 1478 3036 1527 autem
3058 1470 3164 1527 ﬁlia
3183 1468 3505 1543 Chilperici,
3526 1484 3652 1529 cum
3678 1484 3785 1529 se-

2193 1554 2311 1627 pius
2349 1559 2509 1615 matri
2546 1560 2843 1618 calumnias
2892 1564 3152 1637 inferret,
3200 1566 3516 1637 diceretque
3558 1581 3620 1624 se
3661 1581 3789 1627 esse

2190 1649 2500 1720 dominam,
2545 1655 2967 1728 genitricemque
3008 1672 3161 1714 suam
3204 1659 3426 1716 servitio
3463 1658 3740 1717 redhiberi
3767 1703 3786 1732 ,

2191 1751 2245 1800 et
2274 1745 2458 1800 multis
2489 1760 2606 1802 eam
2636 1755 2693 1804 et
2719 1747 2914 1804 crebro
2939 1750 3201 1807 conviciis
3239 1750 3553 1819 lacessiret,
3594 1765 3660 1808 ac
3700 1750 3789 1807 in-

2195 1840 2405 1896 terdum
2448 1842 2640 1912 pugnis
2679 1856 2740 1899 se
2786 1843 3065 1917 alapisque
3102 1845 3405 1911 caaderent,
3434 1846 3511 1901 ait
3551 1844 3619 1901 ad
3659 1859 3789 1901 eam

497 1925 707 1984 fertur?
737 1930 888 1984 Tunc
916 1930 1334 1985 Bertchramnus
1374 1932 1657 2001 episcOpus
1685 1931 1957 2003 pollicitus
1980 1942 2085 2001 est,
2116 1930 2167 1993 B
2192 1943 2396 1990 mater:
2426 1932 2564 2000 Quid
2592 1934 2721 1990 mihi
2753 1936 2982 1992 molesta
3015 1951 3106 2005 es,
3140 1937 3294 1993 ﬁlia?
3324 1938 3465 1996 Ecce
3492 1951 3581 1993 res
3610 1937 3791 2008 patris

499 2018 685 2073 dicens
708 2034 723 2073 :
749 2018 911 2073 Venit
933 2019 999 2075 ad
1030 2035 1135 2085 me,
1172 2018 1363 2089 fateor,
1396 2036 1551 2077 soror
1576 2036 1694 2077 mea
1751 2030 1869 2092 post
1892 2023 2085 2080 multo-

395 2176 402 2184 δ
499 2124 621 2167 rum
649 2125 912 2167 annorum
937 2112 1225 2178 curricula,
1256 2128 1414 2183 quam
1441 2128 1537 2184 pro
1561 2114 1837 2171 charitatis
1857 2130 1920 2171 ac
1943 2116 2085 2174 desi-

497 2203 635 2260 derii
660 2204 838 2260 studio
870 2205 1014 2260 tenui
1044 2218 1255 2260 mecum
1304 2214 1361 2260 ut
1390 2204 1569 2262 libuit.
1602 2205 1757 2262 Nunc
1800 2215 1977 2263 autem
2000 2224 2086 2264 re-

496 2296 664 2352 cessit
699 2310 731 2352 a
784 2311 898 2362 me;
944 2297 1183 2368 requirat
1229 2312 1371 2353 nunc
1420 2312 1560 2366 eam,
1617 2308 1936 2370 revocetque
1977 2312 2085 2370 quo

502 2389 770 2457 voluerit;
811 2405 898 2446 me
925 2390 1143 2446 obvium
1172 2405 1280 2447 non
1334 2390 1568 2447 habebit.
1598 2391 1665 2447 Et
1710 2391 1828 2449 haec
1876 2392 2083 2461 dicens,

501 2482 651 2539 misit
671 2485 812 2540 clam
835 2486 1049 2540 nuntios
1069 2484 1134 2539 ad
1154 2500 1293 2553 eam,
1320 2484 1579 2541 mandans
1605 2493 1686 2550 ut,
1715 2493 1863 2541 veste
1882 2493 2084 2541 mutata

500 2590 562 2631 ac
595 2576 909 2644 poenitentia
939 2586 1180 2645 accepta,
1208 2575 1481 2631 basilicam
1513 2576 1682 2630 sa'ncti
1724 2577 1937 2632 Martini
1984 2592 2086 2633 ex-

498 2675 707 2738 peteret
731 2685 746 2722 :
770 2669 915 2730 quod
943 2668 1120 2725 facere
1166 2670 1256 2724 illa
1286 2685 1393 2725 non
1444 2670 1671 2726 distulit.
1696 2671 1960 2742 Venitque
1999 2674 2085 2728 vir

499 2761 617 2832 ejus
646 2777 767 2819 cum
790 2762 974 2819 multis
1005 2763 1409 2835 insequentibus
1436 2764 1588 2833 viris,
1616 2774 1672 2820 ut
1724 2780 1842 2822 eam
1875 2782 1941 2823 ex
1963 2766 2083 2837 ipso

500 2853 623 2910 loco
644 2863 830 2912 sancto
854 2853 1096 2925 ejiceret.
1130 2855 1260 2911 Erat
1303 2856 1449 2914 enim
1503 2857 1556 2912 in
1602 2866 1753 2914 veste
1806 2859 2077 2930 religiosa,

497 2959 746 3003 asserens
773 2960 833 3004 se
872 2948 1145 3019 accepisse
1183 2948 1574 3015 paenitentiam.
1605 2959 1629 2989 ο
1661 2949 1769 3005 Sed
1798 2950 1971 3006 virum
1998 2964 2081 3006 se

498 3038 588 3108 qui
609 3038 873 3109 despexit.
912 3039 1119 3096 Interea
1148 3041 1401 3098 defuncto
1444 3042 1584 3113 apud
1629 3042 2081 3115 Burdegalensem

496 3131 680 3189 urbem
706 3132 1090 3191 Bertchramno
1113 3135 1383 3206 episcopo,
1410 3135 1526 3193 haec
1545 3137 1612 3193 ad
1637 3152 1695 3194 se
1722 3151 1935 3194 reversa
1962 3138 2077 3195 ait:

496 3225 590 3283 Va:
616 3227 746 3283 mihi
773 3243 893 3299 qua:
921 3228 1098 3284 audivi
1127 3230 1412 3286 consilium
1454 3231 1641 3286 matris
1670 3231 1899 3302 iniquae!
1941 3231 2081 3289 Ecce

2190 2023 2264 2078 tui
2284 2064 2298 2090 ,
2331 2038 2451 2093 quae
2481 2038 2648 2093 penes
2676 2041 2764 2082 me
2796 2026 3083 2096 habentur,
3112 2028 3327 2098 accipe,
3355 2036 3411 2084 et
3439 2036 3592 2085 utere
3616 2027 3697 2085 eis
3724 2034 3794 2083 ut

2188 2112 2339 2169 libet.
2395 2114 2462 2170 Et
2503 2115 2741 2185 ingressa
2782 2117 2835 2173 in
2869 2127 3139 2189 regestum
3168 2119 3425 2175 reseravit
3451 2132 3631 2175 arcam
3661 2131 3789 2172 mo-

2188 2205 2390 2262 nilibus
2429 2208 2874 2280 ornamentisque
2914 2210 3168 2281 pretiosis
3207 2212 3461 2267 refertam
3500 2228 3511 2264 :
3561 2211 3631 2267 de
3679 2224 3796 2279 qua

2191 2313 2315 2354 cum
2366 2299 2672 2384 diutissime
2719 2317 2807 2359 res
2854 2302 3096 2359 diversas
3143 2303 3435 2361 extrahens
3462 2304 3628 2377 559
3656 2301 3798 2359 tilia:

2190 2390 2392 2446 astanti
2431 2393 2761 2463 porrigeret.
2806 2394 2880 2449 ait
2917 2395 2983 2450 ad
3022 2410 3180 2451 eam:
3219 2396 3337 2451 Jam
3388 2394 3533 2452 enim
3584 2395 3800 2450 lassata

2189 2496 2332 2538 sum.
2368 2484 2601 2540 immitte
2636 2493 2687 2538 tu
2708 2525 2723 2551 ,
2752 2484 2959 2555 inquit,
2994 2500 3247 2554 manum,
3276 2494 3331 2542 et
3358 2484 3495 2555 ejice
3524 2485 3671 2554 quod
3703 2485 3801 2539 in—

2189 2576 2429 2632 veneris.
2470 2577 2711 2648 Cumque
2752 2577 2847 2633 illa
2885 2578 3130 2633 immisso
3168 2576 3387 2633 brachio
3420 2590 3511 2633 res
3548 2574 3617 2631 de
3654 2589 3803 2634 arca

2191 2669 2555 2737 abstraheret,
2584 2670 2925 2740 apprehenso
2954 2680 3126 2727 mater
3150 2670 3423 2741 opertorio
3450 2681 3588 2724 arcae
3613 2681 3803 2738 super

2186 2762 2452 2818 cervicem
2498 2762 2616 2833 ejus
2670 2763 2842 2818 illisit.
2895 2764 3048 2832 Quod
3076 2778 3198 2817 cum
3229 2762 3282 2818 in
3312 2760 3622 2817 fortitudine
3659 2773 3802 2830 pre-

2185 2861 2393 2918 meret,
2434 2862 2596 2926 atque
2624 2854 2803 2926 gulam
2834 2854 2952 2925 ejus
2980 2854 3099 2909 axis
3126 2852 3351 2909 inferior
3380 2853 3453 2908 ita
3481 2858 3738 2908 attereret
3776 2892 3794 2922 ,

2188 2956 2246 3003 ut
2276 2949 2440 3006 etiam
2470 2950 2615 3006 oculi
2652 2949 2718 3005 ad
2759 2950 3089 3021 crepandum
3132 2948 3301 3019 parati
3343 2955 3563 3011 essent,
3604 2944 3795 3002 excla—

2185 3040 2358 3097 mavit
2386 3057 2494 3098 una
2523 3042 2825 3113 puellarum
2852 3057 2974 3112 quae
3004 3048 3124 3097 erat
3149 3040 3478 3096 intrinsecus
3505 3052 3640 3095 voce
3669 3051 3793 3092 ma-

2188 3149 2291 3207 gna
2311 3174 2326 3202 ,
2358 3135 2583 3192 dicens:
2617 3132 2865 3203 Currite,
2891 3147 3108 3205 quaeso,
3140 3131 3343 3189 currite
3369 3147 3383 3185 :
3413 3143 3541 3186 ecce
3569 3127 3793 3187 domina

2188 3242 2308 3284 mea
2336 3242 2365 3281 a
2399 3227 2658 3298 genitrice
2700 3239 2797 3283 sua
2825 3225 3062 3297 graviter
3105 3223 3434 3295 suggillatur.
3477 3221 3545 3277 Et
3582 3221 3792 3276 irrum-

496 3320 662 3377 frater
688 3336 842 3377 meus
862 3321 1018 3391 obiit,
1051 3322 1217 3396 458
1241 3339 1369 3380 ecce
1391 3341 1417 3379 a
1453 3325 1570 3381 viro
1596 3325 1849 3382 derelicta
1881 3342 2024 3393 sum,
2051 3341 2082 3383 ιι
2106 3316 2156 3382 C
2188 3329 2378 3391 pentes
2403 3320 2655 3375 cellulam
2680 3359 2695 3384 ,
2722 3318 2813 3389 qui
2841 3331 3025 3373 coram
3054 3316 3260 3374 foribus
3283 3329 3469 3372 eorum
3500 3312 3790 3380 praestola-

496 3415 621 3471 ﬁliis
650 3425 892 3486 separata
926 3436 939 3471 :
971 3425 1028 3472 et
1051 3434 1157 3488 quo
1201 3420 1288 3473 ibo
1318 3417 1526 3489 infelix,
1551 3420 1634 3475 vel
1682 3420 1809 3491 quid
1857 3419 2084 3476 faciam?

497 3507 648 3565 Tunc
669 3507 851 3564 habito
875 3510 1105 3565 consilio
1126 3509 1399 3567 Pictavum
1430 3512 1626 3582 pergit,
1661 3512 1941 3584 voluitque
1965 3528 2085 3570 eam

495 3609 666 3657 mater
684 3601 916 3659 retinere
943 3616 1147 3668 secum,
1172 3602 1265 3657 sed
1290 3605 1505 3673 penitus
1529 3619 1632 3659 non
1658 3604 1848 3674 potuit.
1877 3605 1951 3659 Ex
1978 3603 2083 3661 hoc

495 3690 769 3751 inimicitia
789 3693 1066 3760 orta,dum
1098 3694 1295 3764 saepius
1317 3696 1458 3763 regis
1476 3695 1815 3764 prtesentiam
1847 3695 2069 3765 adeunt,

494 3793 551 3841 et
570 3784 685 3841 ιιωο
706 3799 795 3841 res
824 3786 995 3856 patris
1035 3785 1325 3841 defensare
1379 3785 1625 3856 cupiens,
1656 3785 1772 3840 haec
1796 3786 1919 3854 viri,
1946 3787 2081 3844 Ber-

497 3878 786 3951 thegundis
813 3876 1161 3934 donationem
1211 3878 1587 3934 Bertchramni
1618 3879 1855 3951 germani
1885 3881 1968 3936 sui
1996 3894 2084 3937 os-

496 3971 687 4039 tendit,
709 3971 927 4027 dicens:
948 3969 1081 4040 Quia
1105 3969 1223 4028 hate
1251 3980 1305 4028 et
1327 3971 1441 4028 haec
1468 3970 1600 4028 mihi
1622 3986 1909 4043 germanus
1933 3988 2084 4031 meus

496 4063 741 4120 contulit.
775 4062 881 4119 Sed
906 4072 1076 4119 mater
1098 4063 1215 4134 ejus
1246 4078 1349 4119 non
1393 4062 1684 4119 admittens
1714 4061 2081 4133 donationem,

497 4153 676 4211 omnia
697 4153 798 4209 sibi
820 4154 1093 4210 vindicare
1120 4155 1362 4226 cupiens,
1388 4155 1533 4211 misit
1558 4154 1650 4227 qui
1674 4154 1893 4211 effracta
1922 4156 2085 4214 domo

496 4244 614 4316 ejus
639 4259 826 4301 omnes
855 4259 944 4300 res
972 4245 1117 4301 illius
1141 4261 1259 4303 eum
1289 4246 1392 4303 hac
1444 4247 1734 4303 donatione
1776 4249 2035 4320 diriperet
2065 4266 2081 4305 :

497 4338 640 4393 unde
668 4336 899 4406 seipsam
944 4339 1176 4407 genitrix
1216 4338 1454 4394 reddidit
1499 4339 1928 4410 comprobatam,
1959 4356 2084 4398 cum

495 4425 564 4482 de
587 4422 749 4480 rebus
778 4424 908 4492 ipsis
929 4425 1229 4496 insequenti
1261 4428 1388 4483 ﬁliae
1416 4429 1661 4496 quaedam
1690 4432 1958 4500 repetenti
1977 4432 2087 4488 dis-

498 4518 654 4575 tricta
684 4518 940 4573 restituit.
973 4519 1077 4575 Sed
1106 4536 1230 4576 cum
1263 4523 1457 4592 saepius
1488 4539 1609 4593 ego,
1652 4524 1737 4579 vel
1777 4525 1942 4582 frater
1982 4543 2083 4583 no-

498 4621 609 4676 ster
638 4612 922 4675 Maruveus
951 4613 1257 4689 episcopus,
1276 4616 1508 4689 acceptis
1533 4616 1801 4690 regalibus
1817 4620 2083 4693 epistolis,

2186 3411 2383 3468 bantur
2424 3411 2745 3478 adventum,
2791 3418 3000 3466 erutam
3034 3420 3058 3447 ο
3098 3409 3167 3466 ab
3210 3409 3512 3465 imminenti
3561 3404 3790 3463 interitu

2188 3504 2420 3575 puellam
2448 3503 2753 3560 eduxerunt
2777 3501 2944 3559 foras.
2974 3502 3104 3558 Post
3126 3506 3227 3558 ista
3248 3517 3380 3559 vero
3403 3502 3544 3557 inter
3564 3500 3788 3557 easdem

2186 3596 2481 3653 inimicitia:
2527 3596 2902 3653 vehementius
2944 3596 3302 3667 pullulantes,
3339 3607 3395 3653 et
3436 3611 3544 3652 non
3579 3596 3649 3652 de
3678 3595 3788 3655 alia

2192 3704 2358 3749 causa
2400 3689 2665 3757 maxime,
2700 3690 2804 3745 nisi
2828 3688 2954 3760 quia
2982 3688 3269 3761 Rigunthis
3297 3689 3559 3746 adulteria
3586 3703 3789 3760 seque-

2192 3784 2374 3853 batur,
2406 3796 2625 3853 semper
2652 3796 2775 3839 cum
2806 3781 3013 3838 eisdem
3044 3783 3176 3837 rixa:
3206 3788 3261 3837 et
3289 3781 3465 3837 credes
3494 3787 3669 3836 erant.

2258 3874 2479 3934 XXXV.
2525 3874 2834 3933 Beretrudis
2890 3874 2910 3915 ί
2969 3889 3097 3931 vero
3135 3875 3376 3931 moriens
3416 3873 3583 3931 filiam
3624 3889 3781 3931 suam

2186 3971 2459 4029 haeredem
2486 3968 2753 4036 instituit,
2798 3968 3109 4040 relinquens
3153 3967 3419 4039 quaepiam
3460 3966 3545 4025 vel
3584 3981 3773 4024 mona-

2185 4065 2370 4123 steriis
2398 4064 2696 4136 puellarum
2727 4078 2849 4135 qua:
2889 4062 3006 4132 ipsa
3048 4060 3382 4132 instituerat,
3406 4062 3494 4116 vel
3533 4059 3781 4117 ecclesiis

2185 4158 2302 4215 sive
2330 4157 2566 4214 basilicis
2606 4155 2977 4213 confessorum
3030 4162 3360 4211 sanctorum.
3393 4152 3503 4211 Sed
3530 4151 3775 4223 Waddo,

2186 4252 2340 4319 cujus
2366 4249 2420 4304 in
2448 4248 2730 4320 superiore
2757 4246 2893 4303 lihro
2924 4244 3265 4301 meminimus
3294 4253 3349 4312 s,
3390 4243 3718 4315 querebatur
3746 4257 3777 4297 a

2188 4356 2386 4413 genero
2414 4341 2533 4411 ejus
2561 4354 2728 4411 equos
2756 4354 2883 4395 suos
2908 4336 3075 4394 fuisse
3113 4337 3389 4407 direptos:
3418 4334 3781 4407 cogitavitquo

2188 4434 2454 4489 accedere
2480 4432 2548 4487 ad
2578 4432 2758 4487 villam
2784 4432 2903 4501 ejus
2932 4444 3129 4497 unam,
3176 4443 3339 4500 quam
3381 4427 3674 4500 reliquerat
3711 4426 3779 4481 ﬁ-

2188 4526 2304 4590 lim,
2345 4540 2463 4596 quae
2504 4525 2638 4581 infra
2680 4523 2957 4579 Pictavum
3006 4522 3299 4580 terminum
3349 4528 3499 4588 erat,
3549 4519 3777 4575 dicens:

2187 4616 2288 4673 ilic
2324 4631 2354 4671 a
2393 4631 2562 4687 regno
2601 4615 2825 4671 alterius
2865 4614 3089 4672 veniens
3126 4614 3353 4685 diripuit
3390 4626 3558 4684 equos
3580 4598 3776 4680 meos,

496 4720 556 4768 ut
579 4726 672 4769 eas
698 4709 985 4783 paciﬁcare
1036 4710 1380 4779 deberemus,
1426 4711 1817 4783 Berthegundis
1863 4715 2082 4771 advenit
2110 4706 2158 4770 ι)
2183 4715 2239 4768 et
2267 4721 2367 4781 ego
2394 4706 2638 4764 auferam
2674 4705 2852 4763 villam
2883 4705 3021 4777 ejus.
3055 4704 3266 4761 Interea
3311 4704 3623 4760 mandatum
3654 4701 3780 4759 mit-

496 4804 839 4873 Turonis;in
878 4802 1138 4874 judicium
1180 4818 1391 4876 quoque
1434 4804 1779 4861 accedentem
1806 4809 2081 4879 coegimus

495 4912 643 4965 eam,
684 4898 1001 4968 inquantum
1049 4896 1342 4967 potuimus,
1395 4897 1660 4952 rationem
1709 4900 1880 4970 sequi,
1913 4909 2082 4957 mater

495 5006 629 5053 vero
646 4991 762 5064 ejus
788 4989 928 5047 flecti
964 5003 1068 5046 non
1111 4988 1302 5060 potuit.
1352 4989 1506 5046 Tunc
1558 5004 1786 5047 accensa
1833 4990 1981 5061 felle,
2012 4993 2080 5051 ad

576 5172 733 5231 sLib.
750 5187 864 5239 Vill,
878 5186 999 5242 cap.
1019 5170 1042 5224 l
1064 5180 1120 5227 et
1146 5169 1201 5238 2,
1218 5169 1307 5226 ubi
1324 5169 1686 5227 Guntramnus
1703 5172 2075 5231 Bertramnum

498 5245 601 5301 sibi
641 5260 705 5301 ex
746 5254 909 5316 mgtre
936 5253 1196 5316 parentem
1231 5243 1509 5316 agnoscit,
1539 5243 1681 5316 quod
1714 5245 2032 5314 lngeltrudis
2057 5284 2075 5312 ,

498 5326 556 5372 ut
584 5323 769 5371 censet
800 5311 1040 5371 Valesius
1060 5357 1075 5383 ,
1109 5328 1226 5382 quae
1258 5311 1557 5383 Bcrtramni
1598 5311 1951 5383 mater—erat,
1981 5311 2077 5371 so;

499 5402 590 5441 ror
617 5387 776 5441 fuerit
807 5385 862 5442 In
903 5386 1057 5442 undis
1086 5395 1140 5441 et
1166 5384 1466 5454 Aregundis
1486 5382 1747 5440 Chlotarii
1772 5384 1794 5439 l
1823 5382 2072 5454 uxorum,

499 5456 831 5513 uroindenue
858 5402 1173 5513 (Eruntramni
1213 5464 1520 5510 matertera.

498 5456 831 5527 proindeque
858 5455 1173 5513 Guntramni
1213 5464 1520 5527 matertera.

570 5527 595 5566 δ
635 5527 725 5584 Sic
749 5525 903 5583 Colh.
938 5543 1009 5599 nt.
1042 5538 1101 5599 et
1121 5527 1247 5583 Bec.
1276 5525 1446 5591 Editi,
1470 5526 1679 5581 redacta
1705 5526 1832 5580 viro.
1859 5527 2072 5599 Regm.,

494 5600 729 5654 redactus
756 5599 831 5651 vir
851 5597 1041 5664 conjux
1056 5597 1102 5650 ei
1128 5602 1393 5668 auferatur
1416 5599 1440 5651 ?

572 5681 593 5709 ε
639 5671 1098 5742 l‘ostsusceptam
1138 5670 1342 5742 quippe
1374 5669 1743 5738 paenitentiam
1769 5669 1849 5742 ad
1887 5673 2070 5727 smculi

494 5739 804 5810 illecebras,
858 5748 915 5810 ut
977 5739 1262 5810 loquuntur
1321 5740 1508 5798 Patres
1565 5756 1720 5797 conc.
1767 5740 1967 5799 Turon.
2020 5760 2067 5810 ι,

491 5828 611 5867 can.
658 5809 726 5877 8,
773 5809 950 5866 redire
996 5823 1100 5863 non
1148 5809 1364 5865 licebat.
1419 5813 1554 5868 llinc
1602 5814 1653 5867 in
1695 5827 1849 5867 conc.
1899 5809 2069 5869 Aure4

491 5884 620 5939 lian.
656 5899 744 5951 ιιι,
771 5882 990 5937 vetitum
1015 5890 1097 5953 est
1118 5896 1233 5936 can.
1260 5880 1359 5945 «ξι,
1386 5886 1589 5952 nequis
1618 5884 1940 5953 conjngatis,
1968 5885 2067 5941 nisi

489 5969 553 6011 ex
602 5970 873 6014 consensu
902 5952 1165 6023 partium,
1199 5954 1562 6022 paenitentiam
1598 5952 1729 6011 dare
1756 5952 2065 6023 praesumat.

2187 4805 2253 4861 tit
2290 4803 2469 4873 agenti
2498 4801 2549 4870 ιι,
2592 4810 2649 4857 ιιι
2686 4816 2746 4857 se
2783 4800 3103 4857 adveniente
3141 4796 3479 4869 omnia_qure
3517 4804 3673 4852 erant
3708 4795 3778 4852 ad

2185 4910 2480 4968 expensam
2531 4895 2649 4965 ejus
2694 4894 3031 4964 necessaria,
3078 4900 3437 4964 praepararet.
3481 4891 3638 4960 Quod
3684 4889 3778 4949 ille

2186 4988 2440 5057 audiens,
2469 4988 2775 5060 conjunctis
2808 5001 2993 5045 secum
3022 4985 3332 5044 hominibus
3369 5000 3440 5044 ex
3477 4986 3644 5043 domo
3680 4983 3779 5040 illa

2258 5166 2288 5208 ἀ
2328 5168 2463 5224 Vide
2492 5167 2686 5223 librum
2714 5181 2855 5237 seq.,
2885 5180 3005 5237 cap.
3038 5167 3125 5223 i2.

2260 5250 2283 5278 θ
2322 5239 2455 5295 Cod.
2502 5240 2712 5308 llegm.,
2756 5235 3101 5309 Irrumpentes
3129 5245 3299 5293 autem
3328 5254 3444 5293 cum
3475 5235 3774 5308 festinatio-

2184 5326 2248 5367 ne
2272 5355 2287 5377 ,
2312 5312 2366 5364 Ιιὶ
2392 5311 2476 5381 qui
2507 5312 2633 5381 foris
2658 5320 2801 5365 erant
2832 5311 3066 5381 caltulam
3088 5352 3102 5371 ,
3132 5319 3331 5364 erutam
3356 5351 3372 5377 ,
3403 5320 3507 5364 etc.

2260 5381 2282 5421 ί
2327 5377 2489 5438 Deest
2507 5377 2621 5437 hoc
2646 5392 2805 5450 caput
2834 5381 2886 5436 in
2912 5380 3028 5438 Vat.
3057 5390 3114 5435 et
3137 5381 3290 5436 Colb.
3324 5397 3376 5436 a.
3409 5381 3577 5436 Porro
3608 5377 3774 5434 Bere-

2186 5453 2360 5509 trudis
2384 5468 2520 5509 uxor
2547 5460 2665 5507 erat
2693 5451 2998 5523 Launehodi
3032 5450 3183 5507 ducis
3203 5494 3218 5516 ,
3247 5467 3406 5523 quem
3441 5451 3771 5523 Fortunatus

2188 5526 2368 5580 laudat
2395 5527 2464 5578 oh
2487 5531 2848 5579 constructam
2875 5522 3084 5577 Tolosae
3106 5522 3279 5577 sancti
3303 5523 3570 5577 Saturnini
3594 5522 3772 5576 eccle-

2182 5596 2349 5665 siam,
2383 5597 2519 5651 libro
2548 5612 2623 5662 ιι,
2655 5610 2822 5649 carm.
2853 5594 2886 5649 9
2907 5637 2920 5661 ,
2954 5592 3043 5648 ubi
3070 5595 3375 5650 Beretrudis
3409 5608 3619 5665 quoque
3651 5593 3770 5661 pie-

2182 5676 2344 5722 tatem
2376 5668 2555 5721 multis
2585 5666 2811 5722 extollit.

2255 5749 2280 5787 ες
2323 5739 2401 5795 De
2427 5738 2707 5794 Waddone
2733 5736 2841 5806 jam
2861 5736 3056 5807 saepius
3085 5737 3191 5809 egit
3212 5737 3521 5809 Gregorius.
3546 5734 3622 5791 De
3646 5734 3770 5792 ﬁliis

2181 5820 2363 5867 autem
2393 5813 2509 5879 ejus
2538 5809 2658 5863 vide
2690 5809 2782 5863 lib.
2811 5823 2951 5873 seq.,
2984 5825 3104 5879 cap.
3128 5808 3225 5862 ⁷21.

2252 5881 2279 5918 ιι
2320 5877 2532 5951 Agens,
2578 5881 2666 5949 qui
2705 5888 2759 5934 et
2803 5880 2939 5933 infra
2994 5877 3163 5943 actor,
3209 5881 3491 5937 dicebatur
3540 5877 3767 5951 illequi

2181 5954 2321 6010 villae
2352 5950 2412 6008 ac
2445 5954 2705 6009 bonorum
2737 5952 2802 6007 ab
2841 5966 2901 6007 ea
2935 5952 3277 6021 pendentium
3309 5968 3489 6010 curam
3520 5950 3760 6023 gerebat.
