4096 6344
325 239 433 297 5ίῦ

1245 225 1569 288 HISTORIA
1607 219 2056 283 FRANCORUM.
2099 222 2307 281 LIBER
2349 221 2576 279 NONUS

3488 222 3592 280 514

322 369 386 410 se
424 349 491 406 ad
530 345 730 405 bellum
771 351 1076 418 praeparat,
1116 342 1343 400 dicens:
1385 342 1500 398 Nisi
1538 340 1759 407 moriar,
1801 354 1909 396 non
1937 341 2136 404 Aeum
2167 337 2394 409 populus
2432 337 2671 410 gaudens
2709 350 2773 392 ac
2813 335 3143 410 deprecans,
3184 347 3242 396 ut
3278 339 3440 398 vitam
3479 345 3596 415 ejus

323 441 656 513 ingredietur
684 436 892 493 Waddo
947 437 1000 492 iu
1032 436 1250 492 domum
1277 435 1482 491 domini
1513 435 1640 490 mei.
1669 432 1910 488 Audiens

324 542 508 590 autem
538 545 678 588 uxor
705 528 1002 586 Waddonis
1047 538 1362 599 apparatum
1418 526 1626 584 scilicet
1662 526 1792 584 belli
1831 526 1914 580 in-

328 626 562 684 staurari
586 634 775 682 contra
805 623 977 678 virum
1009 636 1164 678 suum
1183 664 1197 690 ,
1231 621 1310 676 ait
1337 619 1405 676 ad
1434 635 1554 677 eum
1578 635 1595 675 :
1623 619 1702 676 Ne
1731 632 1914 675 acces-

326 717 466 774 seris
494 716 656 785 illuc,
684 716 850 772 chare
880 715 1076 785 conjux
1102 732 1119 770 :
1153 714 1403 771 morieris
1432 713 1576 770 enim
1604 713 1650 768 si
1679 711 1878 766 abieris
1896 749 1915 776 ,

328 820 383 864 et
410 822 511 877 ego
533 821 655 863 cum
681 805 805 863 ﬁliis
831 807 1028 862 misera
1056 820 1172 862 ero.
1207 805 1276 862 Et
1303 805 1499 876 injecta
1527 817 1685 859 manu
1706 843 1722 864 .
1753 801 1921 858 voluit

329 917 455 957 eum
487 900 720 957 retinere
743 942 757 966 ,
783 900 995 957 dicente
1027 909 1286 970 praeterea
1316 907 1426 954 tum
1456 898 1569 953 ﬁlio
1597 912 1614 952 :
1643 897 1701 952 Si
1723 894 1921 951 abieris

338 992 506 1064 [‘60
556 991 760 1063 pariter
808 992 1142 1058 moriemur,
1191 999 1246 1046 et
1294 989 1564 1060 relinques
1609 987 1921 1058 genitricem

333 1101 510 1142 meam
553 1085 804 1153 viduam,
851 1085 1232 1155 orphanosquc
1274 1095 1563 1153 germanos
1602 1093 1775 1135 meos.
1817 1076 1924 1133 Sed

339 1194 465 1235 cum
492 1193 615 1235 eum
657 1178 773 1234 haec
808 1178 974 1233 verba
1019 1178 1233 1247 penitus
1260 1176 1496 1231 retinere
1523 1189 1630 1230 non
1665 1180 1922 1243 possent,

343 1274 528 1329 furore
556 1286 815 1329 accensus
836 1280 1023 1328 contra
1053 1271 1219 1326 ﬁlium
1241 1310 1258 1338 ,
1288 1278 1343 1324 et
1370 1267 1612 1323 timidum
1640 1282 1762 1322 eum
1789 1264 1929 1321 mol-

338 1368 559 1440 lemque
586 1366 931 1434 exclamans,
963 1363 1202 1434 projecta
1232 1376 1423 1418 secure
1459 1375 1599 1432 pene
1643 1359 1927 1416 cerebrum

336 1461 458 1532 ejus
488 1458 657 1515 illisit.
687 1457 797 1516 Sed
825 1456 915 1514 ille
943 1458 1001 1512 in
1029 1464 1182 1527 parte
1210 1468 1467 1512 excussus
1492 1496 1509 1524 ,
1540 1454 1706 1509 ictum
1733 1450 1929 1507 ferien-

342 1552 418 1608 tis
441 1549 633 1608 evasit.
660 1549 915 1608 Ascensis
937 1548 1167 1620 denique
1191 1546 1459 1619 equitibus
1484 1544 1755 1610 abierunt,
1780 1557 1932 1598 man-

341 1646 479 1703 dans
509 1647 706 1703 iterum
738 1643 943 1714 actori,
977 1650 1036 1698 ut
1071 1643 1234 1699 domo
1277 1641 1456 1713 scopis
1499 1639 1750 1696 mundata
1793 1648 1931 1695 stra-

2014 433 2283 504 patrisque
2330 433 2410 488 sui
2461 448 2574 488 aevo
2617 432 2908 503 prolixiore
2954 435 3129 504 pietas
3181 435 3356 494 divina
3400 452 3595 496 Conce-

2015 526 2186 584 deret.

2089 619 2355 676 XXXVII.
2378 621 2501 677 Erat
2526 629 2548 658 θ
2580 627 2754 677 autem
2786 621 2922 693 apud
2951 622 3136 680 urbem
3166 624 3482 682 Suessionas
3513 627 3596 684 his

2019 711 2208 768 diebus
2234 712 2603 782 Drocﬁgisilus
2623 711 2669 779 ί,
2693 715 2781 785 qui
2808 725 3024 786 propter
3050 717 3288 785 nimiam,
3311 727 3370 773 ut
3399 719 3596 788 ferunt,

2021 805 2370 875 potationem,
2392 814 2582 874 quarto
2611 806 2840 863 instante
2866 821 3006 862 anno
3031 822 3248 864 sensum
3276 809 3600 879 perdiderat.

2023 898 2351 955 Asserebant
2378 897 2519 954 enim
2543 898 2694 954 multi
2719 899 2934 967 civium,
2957 901 3101 971 quod
3129 901 3231 957 hoc
3257 901 3306 958 ei
3331 903 3608 960 maleﬁciis

2025 994 2361 1062 accessisset,
2395 1010 2487 1064 per
2539 995 2884 1051 emissionem
2931 997 3293 1053 archidiaconi
3334 1013 3492 1068 quem
3536 1000 3604 1055 ab

2027 1089 2235 1144 honore
2259 1087 2542 1157 repulerat,
2561 1087 2822 1142 intantum
2850 1096 2908 1142 ut
2928 1088 3065 1142 infra
3091 1104 3270 1146 muros
3295 1090 3443 1146 urbis
3469 1089 3608 1148 hanc

2028 1178 2316 1235 amentiam
2359 1178 2526 1247 magis
2567 1177 2818 1243 haberet;
2853 1179 2898 1234 si
2927 1193 3056 1234 vero
3084 1179 3151 1235 de
3176 1179 3392 1235 civitate
3423 1179 3611 1236 fuisset

2029 1286 2298 1343 egressus,
2316 1272 2501 1342 agebat
2525 1271 2876 1328 commodius.
2899 1272 3140 1340 Cumque
3161 1289 3252 1328 rex
3279 1275 3612 1344 supradictus

2032 1364 2100 1420 ad
2131 1364 2315 1420 urbem
2343 1364 2598 1432 venisset,
2623 1373 2674 1419 et
2704 1363 2792 1418 hic
2822 1364 3015 1420 melius
3039 1374 3237 1434 ageret,
3260 1381 3366 1419 non
3396 1367 3613 1435 permit-

2033 1457 2246 1514 tebatur
2276 1468 2300 1504 κ
2334 1457 2540 1529 ingredi
2573 1457 2757 1513 urbem
2792 1468 3010 1528 propter
3037 1473 3217 1528 regem
3256 1461 3343 1528 qui
3381 1458 3615 1515 advene-

2033 1561 2136 1608 rat.
2167 1553 2237 1606 Et
2285 1551 2408 1606 licet
2443 1560 2587 1607 esset
2625 1566 2790 1606 vorax
2831 1550 2935 1607 cibi
2976 1567 3040 1607 ac
3077 1559 3289 1622 potator
3319 1552 3425 1606 vini
3465 1561 3617 1608 extra

2035 1645 2279 1710 modum,
2307 1653 2360 1699 et
2389 1644 2528 1699 ultra
2559 1659 2717 1714 quam
2748 1644 3132 1700 sacerdotalem
3159 1645 3420 1702 cautelam
3443 1645 3616 1715 decet,

342 1739 482 1811 gulis
511 1753 734 1796 scamna
763 1737 1020 1809 operiret.
1047 1734 1152 1793 Sed
1182 1735 1270 1791 ille
1293 1732 1687 1804 parvipendens
1711 1733 1934 1787 manda-

2045 1745 2217 1793 lamen
2243 1736 2443 1791 nullum
2468 1737 2536 1792 de
2563 1751 2629 1792 eo
2655 1736 2976 1792 adulterium
3000 1738 3261 1807 quispiam
3286 1747 3368 1794 est
3390 1738 3617 1794 locutus.

343 1841 460 1889 tum
504 1833 658 1904 ejus,
703 1846 826 1888 cum
880 1830 1086 1898 turbis,
1135 1830 1273 1885 sicut
1300 1825 1564 1892 diximus,
1601 1826 1838 1880 virorum
1869 1837 1933 1878 ac

345 1925 631 1982 mulierum
709 1932 833 1979 ante
880 1922 1026 1978 fores
1078 1919 1280 1977 domini
1327 1920 1408 1974 sui
1456 1917 1635 1983 stetit,
1687 1917 1938 1986 operiens

352 2019 645 2075 adventum
693 2018 871 2087 hujus.
905 2016 1005 2084 Qui
1049 2015 1299 2081 veniens,
1339 2011 1517 2069 statim
1547 2011 1818 2079 ingressus
1851 2008 1941 2062 do-

349 2127 528 2180 mum,
559 2113 678 2169 ait:
721 2111 830 2167 Cur
860 2126 965 2167 non
1007 2119 1133 2166 sunt
1168 2121 1384 2164 scamna
1424 2105 1538 2161 haec
1577 2113 1760 2172 operta
1802 2111 1942 2157 stra-

351 2206 524 2276 gulis.
573 2214 665 2260 aut
706 2204 896 2259 domus
937 2202 1113 2271 scopis
1153 2199 1448 2255 mundata?
1478 2197 1545 2251 Et
1574 2197 1786 2251 elevans
1826 2207 1940 2247 ma-

353 2311 481 2351 num
521 2310 641 2351 cum
683 2297 827 2361 sica,
869 2300 1029 2363 caput
1059 2290 1293 2347 hominis
1336 2289 1594 2352 libravit;
1640 2284 1941 2354 ceciditque

351 2398 405 2446 et
439 2397 685 2444 mortuus
719 2396 821 2442 est.
852 2385 1004 2454 Quod
1036 2399 1265 2440 cernens
1295 2383 1434 2436 ﬁlius
1464 2379 1694 2434 hominis
1721 2377 1938 2444 mortui,

353 2483 556 2539 emissa
595 2497 661 2538 ex
700 2481 930 2536 adverso
961 2479 1147 2533 lancea
1169 2519 1184 2544 ,
1215 2484 1404 2532 contra
1430 2472 1764 2528 Waddonem
1812 2470 1942 2525 diri-

352 2577 476 2646 git:
517 2574 667 2645 cujus
709 2573 944 2628 mediam
983 2573 1162 2626 alvum
1205 2570 1312 2623 ictu
1363 2567 1664 2638 penetravit
1709 2579 1738 2618 a
1793 2572 1942 2632 tergo

351 2679 575 2737 egressa
603 2663 822 2720 falarica
857 2671 909 2731 α,
942 2671 998 2717 et
1026 2674 1191 2716 ruens
1230 2659 1297 2714 ad
1348 2668 1578 2724 terram,
1626 2656 1943 2712 adveniente

352 2755 702 2813 multitudine
755 2770 872 2825 qua:
926 2753 1149 2809 collecta
1203 2751 1405 2816 fuerat,
1467 2748 1736 2818 lapidibus
1788 2747 1942 2803 obrui

354 2849 539 2920 coepit.
581 2848 733 2904 Tune
771 2847 985 2918 quidam
1027 2846 1095 2903 de
1135 2845 1220 2902 his
1258 2845 1349 2916 qui
1390 2853 1653 2900 venerant
1688 2858 1811 2899 cum
1840 2857 1940 2908 eo,

356 2943 500 3000 inter
537 2941 741 2999 imbres
779 2956 970 2998 saxeos
1011 2940 1333 2997 accedentes
1359 2981 1376 3008 ,
1419 2949 1733 3010 coopertum
1772 2951 1940 3009 sago,

359 3051 423 3094 ac
452 3037 647 3109 popqu
682 3035 959 3106 mitigato,
989 3033 1224 3105 ejulante
1256 3033 1364 3087 ﬁlio
1407 3033 1556 3101 ejus,
1600 3046 1830 3100 eumque
1855 3046 1944 3085 su—

359 3143 457 3198 per
485 3143 679 3197 equum
711 3127 932 3183 elevans
953 3165 969 3189 ,
1003 3124 1179 3180 adhuc
1208 3124 1478 3179 viventem
1499 3122 1681 3178 domui
1710 3121 1943 3177 reduxit.

359 3218 463 3276 Sed
491 3221 730 3291 protinus
769 3219 871 3276 sub
913 3217 1166 3288 lacrymis
1207 3214 1393 3271 uxoris
1423 3231 1488 3271 ac
1518 3215 1747 3269 ﬁliorum
1787 3215 1948 3284 spiri-

359 3320 476 3369 tum
515 3310 807 3368 exhalavit.
852 3309 1116 3382 Explicita
1156 3308 1318 3379 igitur
1350 3316 1456 3363 tam
1487 3306 1774 3364 infeliciter
1803 3317 1945 3372 vita,

361 3403 502 3461 ﬁlius
533 3404 653 3474 ejus
682 3402 748 3458 ad
778 3416 961 3473 regem
990 3401 1154 3468 abiit,
1190 3413 1386 3471 resque
1412 3399 1530 3468 ejus
1561 3398 1812 3455 obtinuit.

437 3494 680 3553 XXXVI.
711 3496 873 3567 Igitur
898 3509 1041 3550 anno
1067 3509 1172 3564 quo
1207 3508 1365 3564 supra
1395 3493 1545 3559 regni
1575 3493 1654 3548 sui
1679 3536 1700 3555 ,
1729 3492 1947 3548 Childe-

365 3587 549 3645 bertus
580 3603 677 3645 rex
722 3586 1039 3643 morabatur
1068 3601 1189 3642 cum
1215 3600 1444 3657 conjuge
1472 3596 1525 3643 et
1551 3595 1721 3640 matre
1747 3600 1844 3640 sua
1869 3589 1952 3641 in-

364 3680 443 3736 fra
483 3680 769 3735 terminum
809 3677 988 3746 urbis,
1028 3691 1189 3748 quam
1229 3676 1636 3747 Strataburgum
1675 3675 1704 3715 ι)
1735 3685 1949 3732 vocant.

368 3771 522 3827 Tunc
558 3770 660 3826 viri
699 3771 948 3827 fortiores
971 3814 984 3839 ,
1029 3771 1120 3841 qui
1159 3771 1212 3827 in
1251 3771 1383 3826 urbe
1421 3777 1576 3826 erant
1613 3768 1952 3824 Suessionica

370 3865 487 3922 sive
521 3863 778 3920 Meldensi
813 3875 861 3931 ε,
891 3872 1156 3921 venerunt
1181 3864 1247 3918 ad
1277 3878 1399 3918 eum
1439 3864 1718 3919 dicentes:
1753 3862 1827 3915 Da
1858 3876 1954 3916 no-

367 3959 452 4015 bis
482 3973 648 4014 unum
676 3957 744 4013 de
775 3955 903 4012 ﬁliis
935 3956 1068 4024 tuis,
1101 3964 1157 4010 ut
1196 3955 1497 4010 serviamus
1536 3953 1584 4007 ei
1609 3992 1623 4018 ,
1665 3951 1870 4006 scilicet
1897 3960 1955 4006 ut

368 4054 436 4108 de
465 4050 721 4122 progenie
751 4058 838 4104 tua
873 4048 1062 4119 pignus
1088 4048 1384 4104 retinentes
1414 4045 1722 4112 nobiscum,
1748 4043 1956 4100 facilius

374 4143 694 4201 resistentes
721 4141 986 4209 inimicis,
1022 4140 1283 4195 terminos
1314 4138 1460 4192 urbis
1489 4147 1592 4192 tuac
1620 4134 1647 4172 ἀ
1678 4135 1958 4191 defensare

374 4236 702 4292 Studeamus.
759 4234 825 4291 At
861 4232 952 4289 ille
991 4232 1207 4302 gavisus
1257 4231 1478 4296 nuntio,
1520 4228 1958 4284 Theodobertum

376 4330 543 4385 ﬁlium
575 4343 732 4385 suum
777 4326 1050 4383 seniorem
1081 4323 1241 4396 46],
1273 4323 1402 4377 illuc
1430 4321 1764 4392 dirigendum
1796 4320 1958 4376 desti-

378 4430 502 4486 nat;
554 4420 640 4475 cui
684 4418 1010 4485 comitibus,
1054 4414 1399 4480 domesticis,
1454 4412 1749 4484 majoribus
1798 4421 1960 4482 atque

2046 1829 2425 1884 Verumtamen
2451 1828 2506 1882 in
2537 1832 2783 1897 sequenti
2813 1845 2933 1884 cum
2961 1831 3098 1899 apud
3137 1830 3497 1886 Sauriciacum
3526 1833 3621 1887 vil«

2042 1923 2148 1977 Iam
2172 1919 2198 1958 ιι
2221 1922 2592 1991 episcoporum
2620 1922 2851 1992 synodus
2878 1933 3158 1995 aggregata
3186 1923 3389 1992 fuisset,
3409 1924 3621 1994 jussum

2041 2023 2127 2070 est
2155 2022 2213 2069 ut
2241 2015 2426 2070 liceret
2453 2013 2503 2070 ei
2531 2015 2735 2084 ingredi
2769 2017 2954 2071 urbem
2985 2032 3159 2071 suam.

2113 2108 2404 2164 XXXVIII.
2433 2108 2565 2163 Cum
2594 2117 2771 2164 autem
2805 2109 3054 2164 Faileuba
3087 2110 3268 2181 regina
3295 2109 3622 2167 Childeberti

2043 2202 2207 2273 regis,
2240 2209 2394 2271 partu
2437 2201 2580 2257 edito
2624 2217 2747 2257 mox
2794 2202 3081 2268 exstincto,
3112 2211 3421 2272 aegrotaret,
3452 2203 3626 2273 attigit

2049 2313 2209 2353 aures
2239 2297 2356 2365 ejus
2387 2311 2594 2361 sermo,
2625 2296 2765 2366 quod
2797 2295 3008 2366 quidam
3042 2295 3124 2351 vel
3153 2305 3334 2352 contra
3366 2312 3481 2352 eam
3501 2337 3515 2362 ,
3543 2296 3627 2353 vel

2044 2398 2229 2444 contra
2254 2388 2650 2444 Brunichildem
2673 2389 2911 2458 reginam
2937 2403 3097 2458 agere
3119 2398 3456 2444 conarentur.
3471 2390 3629 2444 Cum-

2044 2501 2148 2556 que
2179 2484 2479 2542 confortata
2511 2484 2578 2538 ab
2608 2483 2947 2539 incommodo
2967 2524 2983 2552 ,
3015 2483 3080 2538 ad
3109 2485 3251 2554 regis
3282 2485 3624 2553 praasentiam

2047 2578 2408 2643 accessisset,
2460 2577 2634 2630 omnia
2685 2585 2790 2631 tam
2839 2577 2886 2631 ei
2936 2590 3094 2646 quam
3141 2576 3297 2630 matri
3345 2576 3462 2646 ejus
3513 2592 3632 2646 quin

2046 2667 2284 2723 audierat
2313 2668 2589 2723 reseravit.
2625 2667 2796 2723 Verba
2839 2675 3017 2721 autem
3061 2666 3428 2735 hujuscemodi
3459 2674 3634 2732 erant,

2047 2762 2191 2832 quod
2220 2762 2431 2818 scilicet
2463 2761 2757 2830 Scpliitlilla
2784 2759 2801 2797 ί
2840 2760 3018 2815 nutrix
3045 2759 3304 2813 infantum
3333 2759 3478 2826 ejus,
3503 2773 3634 2813 con-

2046 2854 2169 2908 silio
2198 2853 2429 2908 suadere
2457 2853 2614 2906 vellet
2641 2852 2774 2921 regi,
2801 2860 2857 2904 ut
2887 2850 3055 2919 ejecta
3087 2858 3277 2913 matre,
3303 2848 3635 2918 conjugeque

2046 2943 2264 3007 relicta,
2297 2944 2453 2997 aliam
2483 2943 2764 2996 sortiretur
2792 2955 3041 3007 uxorem,
3076 2950 3130 2996 et
3170 2941 3249 2996 sic
3290 2955 3410 2994 cum
3442 2939 3632 2996 eodem

2049 3048 2378 3104 quaecunque
2397 3033 2613 3100 vellent,
2630 3032 2713 3087 vel
2735 3042 2852 3089 actu
2875 3040 3113 3103 agerent,
3130 3033 3212 3086 vel
3237 3032 3481 3102 precibus
3497 3033 3637 3088 obti-

1975 3113 2022 3179 C
2053 3136 2264 3183 nerent.
2287 3125 2448 3198 462
2474 3124 2624 3192 Quod
2658 3123 2700 3179 si
2732 3124 2813 3178 his
2839 3139 2932 3178 rex
2964 3123 3129 3179 nollet
3157 3125 3494 3194 acquiescere
3520 3141 3639 3194 qua:

2055 3217 2337 3284 suadebat,
2378 3217 2494 3286 ipso
2541 3214 2820 3270 maleﬁciis
2869 3215 3209 3284 interempto,
3248 3215 3469 3269 elevatis
3518 3214 3641 3271 ﬁliis

2053 3313 2168 3384 ejus
2197 3312 2251 3367 in
2283 3327 2528 3383 regnum,
2562 3310 2776 3379 repulsa
2807 3308 3149 3364 nihilominus
3177 3316 3349 3364 matre
3378 3322 3560 3363 eorum
3589 3315 3643 3364 et

2053 3405 2169 3460 avia
2195 3447 2207 3470 ,
2242 3405 2339 3474 ipsi
2385 3410 2631 3472 regerent
2663 3416 2908 3472 regnum.
2942 3400 3111 3469 Hujus
3143 3401 3284 3454 enim
3317 3399 3527 3455 consilii
3554 3414 3644 3454 so-

2055 3498 2165 3553 cios
2195 3496 2506 3566 pronuntiat
2527 3509 2645 3550 esse
2673 3493 3108 3563 Sunnegisilumi
3142 3493 3392 3548 comitem
3421 3491 3643 3559 stabuli,

2058 3599 2112 3645 et
2144 3588 2553 3658 Gallomagnum
2593 3587 3042 3653 referendarium,
3072 3586 3239 3657 'atque
3282 3584 3643 3652 Droctulfum,

2056 3683 2146 3753 qui
2176 3682 2240 3737 ad
2271 3684 2518 3736 solatium
2551 3681 2861 3749 Septimium
2887 3680 2951 3734 ad
2983 3679 3320 3735 nutriendum
3350 3679 3488 3746 regis
3520 3692 3645 3746 par-

2055 3773 2211 3829 vulos
2238 3773 2407 3827 fuerat
2429 3773 2602 3827 datus.
2622 3772 2858 3841 Denique
2880 3771 3240 3839 corripiuntur
3258 3770 3308 3823 hi
3329 3768 3647 3838 duo,Scpti-

2060 3866 2206 3920 mina
2238 3864 2485 3919 videlicet
2513 3873 2564 3918 et
2596 3863 2922 3919 Droctulfus.
2944 3861 3052 3917 Nec
3081 3875 3251 3929 mora,
3276 3859 3483 3915 extensi
3507 3859 3649 3915 inter

2060 3957 2271 4026 stipites
2300 3971 2418 4011 cum
2448 3955 2820 4010 vehementius
2849 3953 3208 4019 caederentur,
3241 3950 3522 4022 proﬁtetur
3549 3949 3649 4007 Se-

2059 4050 2282 4121 ptimina
2311 4063 2369 4105 se
2398 4049 2564 4104 virum
2600 4064 2754 4103 suum
2781 4047 2991 4103 Jovium
3018 4045 3295 4102 maleﬁciis
3319 4045 3651 4102 interfecisse

2062 4145 2130 4199 ob
2155 4159 2392 4199 amorem
2418 4143 2694 4210 Droetulﬁ,
2712 4144 2990 4213 ipsumque
3013 4156 3193 4198 secum
3215 4151 3394 4198 scorto
3416 4138 3652 4197 misceri.

2064 4236 2143 4292 De
2174 4235 2257 4290 his
2286 4251 2404 4306 qua:
2434 4250 2591 4305 supra
2623 4235 2855 4290 diximus
2881 4234 3057 4291 causis
3084 4233 3281 4304 pariter
3305 4234 3652 4300 conﬁtentur,

2063 4339 2118 4386 et
2148 4339 2477 4385 memoratos
2502 4329 2647 4384 viros
2677 4329 2730 4384 in
2765 4327 2868 4383 hoc
2898 4327 3126 4384 consilio
3159 4327 3368 4383 habitos
3395 4325 3651 4382 indicant.

2063 4421 2174 4479 Nec
2205 4437 2390 4490 mora,
2423 4423 2764 4492 inquiruntur
2795 4429 2850 4477 et
2879 4419 2977 4490 ipsi
3011 4437 3023 4473 :
3057 4418 3149 4474 sed
3181 4416 3508 4474 conscientia
3541 4425 3654 4471 ter-

377 4511 616 4568 ηυιτίιὶίε
636 4551 652 4580 ι
680 4519 734 4568 ει
765 4511 1016 4566 omnibus
1049 4507 1137 4580 qui
1179 4509 1244 4563 ad
1283 4506 1641 4564 exercendum
1682 4506 1959 4561 semle
1987 4507 2042 4570 D
2069 4526 2255 4583 rente,
2287 4515 2544 4570 latebram
2577 4514 2712 4568 infra
2740 4511 3090 4569 ecclesiarum
3139 4519 3290 4579 septa
3322 4510 3546 4578 petiere.
3573 4506 3656 4563 Ad

377 4608 560 4677 regale
588 4615 744 4662 erant
773 4604 1063 4663 necessarii
1090 4603 1350 4674 delegatis
1368 4645 1384 4674 ,
1410 4618 1596 4659 mense
1624 4609 1778 4658 sexto
1806 4602 1962 4672 hujus

379 4709 507 4756 aunt
530 4700 728 4758 direxit
751 4715 872 4756 eum
897 4699 1048 4771 juxta
1080 4699 1408 4754 voluntatem
1429 4699 1666 4754 virorum
1682 4740 1697 4767 ,
1721 4697 1812 4769 qui
1840 4713 1963 4754 eum

378 4806 410 4849 a
457 4807 585 4863 rege
637 4791 1004 4863 ﬂagitaverant
1059 4789 1573 4846 transmittendum:
1621 4789 1966 4860 suscepitque

451 4895 479 4926 ι
508 4885 815 4950 Phalarica,
843 4898 939 4941 seu
969 4883 1206 4940 Falarica
1231 4926 1246 4951 ,
1275 4884 1492 4953 proprie
1518 4890 1601 4938 est
1628 4882 1796 4938 telum
1826 4882 1959 4937 mis-

381 4956 484 5014 sile
524 4971 630 5028 quo
678 4957 900 5012 turrium
945 4963 1365 5028 propugnatores
1413 4953 1493 5010 uti
1540 4954 1824 5028 solebant,
1877 4953 1950 5010 sic

381 5023 644 5098 dictuma
669 5029 826 5098 phata
845 5070 859 5093 ,
889 5023 1032 5096 quod
1048 5023 1252 5082 turrim
1279 5025 1512 5098 ligneam
1532 5023 1807 5098 designat.

451 5098 480 5137 ι’
523 5095 730 5154 Primus
762 5095 1034 5162 omnium,
1081 5105 1138 5151 ut
1177 5095 1338 5166 putat
1373 5095 1613 5150 Valesius
1632 5135 1657 5166 ,ν
1691 5096 1955 5163 Argento-

381 5178 556 5243 ratum
582 5167 896 5243 _Qregorius
943 5176 1126 5224 noster
1152 5166 1438 5243 appellavit
1468 5165 1871 5235 Strataburgum
1922 5204 1946 5222 .

388 5240 540 5296 Unde
579 5236 851 5295 infra'lib.
890 5255 925 5294 x
947 5281 960 5303 ,
1003 5252 1121 5307 cap.
1157 5238 1238 5304 l9,
1270 5236 1344 5291 ait
1367 5238 1846 5306 Argentoratensem
1876 5252 1960 5290 ur-

385 5313 518 5377 bem,
566 5327 896 5381 quamnunc
943 5310 1569 5381 Strateburguptvocant.
1620 5307 1710 5381 Sic
1755 5309 1957 5381 dictum

385 5392 497 5446 est,
548 5377 690 5450 quod
734 5379 875 5436 forte
921 5390 1048 5436 tunc
1084 5382 1169 5434 via
1213 5377 1416 5448 publica
1458 5379 1569 5433 sive
1599 5377 1850 5434 militaris
1880 5379 1953 5436 ibi

384 5460 526 5507 esset
550 5453 770 5506 multum
795 5452 1147 5522 frequentata.
1174 5450 1379 5507 Etenim
1404 5465 1501 5505 vox
1526 5450 1954 5522 Strataburgum,

387 5522 640 5592 oppidum
672 5523 723 5576 in
753 5521 949 5590 strata,
985 5525 1033 5576 id
1062 5533 1144 5577 est
1170 5525 1220 5576 in
1255 5521 1340 5575 via
1373 5524 1603 5590 positum
1633 5531 1809 5578 sonat.

465 5604 494 5663 ξ
531 5593 743 5662 Regm.,
779 5593 881 5658 Qui
907 5594 962 5645 in
991 5593 1113 5648 urbe
1139 5593 1412 5663 Meldensi.

469 5652 494 5690 ¹¹
527 5652 678 5717 (ῖυῘὶ).
709 5652 1050 5729 εί.,”ιεπήιὶηοδ
1076 5666 1209 5719 orbis
1244 5667 1339 5719 lui.

455 5754 478 5787 e
518 5731 579 5791 la
597 5734 714 5799 Vat.
736 5743 790 5793 et
815 5733 964 5796 Coll).
987 5749 1037 5790 a.
1061 5736 1268 5808 reliqua
1300 5735 1458 5809 hujus
1488 5735 1608 5796 libri
1635 5751 1758 5796 cum
1784 5735 1961 5809 capite

2073 4625 2210 4682 quos
2242 4624 2336 4665 rex
2374 4609 2489 4676 ipse
2531 4608 2858 4678 procedens,
2887 4606 2965 4661 ait
2999 4623 3012 4658 :
3047 4601 3372 4674 Egredimini
3419 4602 3470 4655 in
3507 4598 3654 4668 judi-

2073 4706 2214 4759 cium
2233 4743 2248 4769 ,
2276 4710 2335 4757 ut
2363 4713 2749 4771 cognoscamus
2775 4700 2841 4753 de
2869 4697 2950 4752 his
2980 4713 3098 4767 quae
3131 4695 3284 4750 vobis
3308 4691 3655 4762 objiciuntur,

2073 4793 2120 4848 si
2167 4807 2293 4849 vera
2340 4792 2447 4848 sint
2492 4805 2558 4844 an
2604 4790 2759 4846 falsa.
2785 4789 2916 4844 Nam
2959 4803 3079 4858 ego,
3109 4796 3168 4843 ut
3194 4785 3404 4857 opinor,
3432 4785 3489 4839 in
3520 4780 3659 4838 hanc

2066 4887 2240 4958 primo
2267 4886 2541 4955 sequentis
2573 4882 2696 4937 libri
2729 4882 2942 4938 desunt.

2139 4956 2160 4996 ί
2199 4958 2412 5010 Restm.
2439 4953 2785 5010 Docliaisilus.

2245 4971 2363 5012 θείη
2373 4994 2386 5008 .
2397 4995 2412 5012 ,
2439 4970 2785 5012 υοοιισιειιιιδ.

2139 4971 2156 4996 ι
2199 4971 2412 5025 Hegm.,
2439 4971 2785 5022 uocugzsuus.

2139 5037 2164 5075 Β
2197 5027 2288 5082 Sic
2315 5027 2440 5080 Bec.
2466 5035 2521 5079 et
2550 5024 2771 5095 Regm.;
2803 5021 2985 5078 caeteri
3019 5036 3146 5078 vero
3176 5016 3508 5087 econtrario,
3536 5031 3656 5088 pcr-

2061 5097 2352 5183 ntitLte‘b'afur
2374 5095 2592 5183 ii‘t‘gredi:

2133 5165 2164 5206 ιι
2194 5167 2365 5237 Vulgo
2396 5158 2614 5232 S'ourci,
2646 5180 2741 5223 seu
2771 5166 2960 5223 Saurci
2979 5208 2995 5235 ,
3023 5162 3170 5220 vicus
3201 5160 3342 5219 haud
3373 5158 3558 5232 procul
3588 5158 3658 5216 ab

2062 5240 2253 5297 Axona
2283 5238 2445 5293 ﬁuvio
2478 5239 2704 5308 positus.

2142 5311 2157 5348 ί
2197 5313 2384 5380 ltegm.
2433 5303 2493 5365 et
2535 5310 2686 5365 Colb.
2732 5324 2830 5375 m.,
2880 5308 3220 5380 Septimana;
3263 5303 3432 5361 semel
3479 5310 3657 5358 tamen

2064 5383 2441 5455 Septimaniam
2469 5381 2884 5455 et_Septiminam
2908 5379 3193 5455 appellant.

2141 5447 2155 5504 ἶ
2195 5453 2344 5508 Colb.
2373 5469 2468 5518 m.,
2507 5447 2895 5522 Soninigisilum
2936 5447 2990 5506 et
3018 5448 3408 5522 Callomauum.
3434 5447 3652 5522 Regum,

2066 5517 2526 5596 Domnigisr’lum...
2559 5517 2951 5596 Gallaiitagum;
2994 5531 3048 5576 et
3087 5522 3166 5596 sic
3196 5518 3448 5596 inferius.
3477 5517 3657 5596 Gallo-

2068 5588 2293 5673 magnus
2319 5605 2469 5673 pater
2498 5595 2595 5673 fuit
2627 5588 2909 5673 Palatina},
2936 5608 3058 5663 quae
3089 5591 3406 5673 nGodegisilo
3445 5588 3657 5662 nupsit,

2066 5679 2128 5728 ut
2158 5661 2786 5740 refert'Fortunatuinb.
2816 5679 2913 5738 vn,
2936 5661 3056 5739 cap.
3085 5661 3138 5723 6.
