4096 6344
487 320 509 335 α
570 267 682 334 sis

1548 277 1605 337 s.
1644 270 1980 335 anconu
2020 262 2328 332 EPISCOPI
2366 262 2798 337 ruRoNENsr's

3740 282 3842 350 816

573 397 855 455 ecclesiam
880 394 999 465 loga
1021 391 1208 463 dilapsi
1239 404 1343 447 non
1369 390 1627 459 fuissetis,
1642 390 1743 447 nisi
1766 405 1862 448 vos
1883 390 2157 445 conscien-
2185 389 2234 447 A
2265 398 2509 444 nostrum
2539 390 2839 447 Maroveum
2871 392 3212 465 episcopum,
3240 398 3298 453 et
3332 395 3606 468 conjuncti
3650 412 3841 474 argue-

574 493 651 549 tia
681 490 980 548 terruisset.
1008 487 1387 543 Verumtamen
1432 485 1837 552 promissionem
1871 484 2062 541 habete
2086 484 2154 541 de

575 587 718 653 vita,
744 580 949 639 etiamsi
981 577 1275 648 culpabiles
1302 577 1665 633 inveniamini.
1692 574 1984 631 Christiani
2008 578 2148 632 enim

575 694 788 741 sumus;
811 675 961 730 nefas
984 682 1067 729 est
1084 672 1226 729 enim
1250 672 1333 726 vel
1358 671 1673 725 criminosos
1698 670 1765 724 ab
1777 672 1999 726 ecclesia
2024 672 2147 727 edu-

574 785 691 829 Cios
730 770 939 841 punire.
970 768 1119 824 Tunc
1160 767 1335 823 educti
1376 765 1536 827 foras,
1570 780 1689 820 cum
1732 779 1855 835 rege
1892 776 2151 822 venerunt

572 863 640 917 ad
666 861 925 931 judicium
962 878 973 912 ε
1008 857 1338 927 discussique
1364 856 1673 919 reclamant,
1701 855 1938 910 dicentes
1972 874 1983 909 :
2017 857 2151 923 Quia

573 955 867 1024 Septimina
895 969 1013 1008 cum
1046 951 1316 1008 Droctullo
1344 950 1443 1004 hoc
1471 949 1622 1003 nobis
1648 948 1927 1003 consilium
1955 951 2154 1019 patefe-

570 1048 663 1103 cit.
689 1046 793 1102 Sed
824 1061 921 1100 nos
944 1053 1288 1101 exsecrantes
1312 1056 1374 1097 ac
1403 1040 1697 1111 fugientes,
1723 1056 1994 1110 nunquam
2027 1057 2154 1098 con-

570 1140 773 1195 sentire
803 1139 1069 1193 voluimus
1100 1137 1199 1191 hoc
1227 1136 1420 1190 scelus.
1452 1135 1512 1188 Et
1544 1150 1638 1188 rex
1672 1151 1686 1187 :
1719 1134 1808 1197 Si,
1834 1133 2032 1203 inquit,
2057 1149 2154 1189 vos

571 1232 769 1287 nullam
817 1230 1211 1285 conniventiam
1260 1227 1660 1297 praebuissetis,
1695 1228 1891 1281 nostris
1936 1227 2153 1283 auribus

569 1326 754 1395 utique
776 1319 1384 1379 intulissetis.\lerunme
1406 1334 1531 1388 ergo
1554 1327 1657 1383 est,
1676 1333 1771 1372 vos
1791 1318 1842 1371 in
1871 1319 1968 1373 hac
1994 1332 2153 1373 causa

568 1416 865 1488 praebuisse
892 1427 1243 1477 consensum,
1277 1426 1399 1465 cum
1433 1410 1534 1467 hoc
1565 1422 1763 1467 nostra:
1791 1412 2029 1467 scientiae
2058 1425 2149 1467 oc-

566 1512 671 1567 culi
698 1508 972 1565 voluistis?
996 1508 1061 1562 Et
1086 1507 1260 1560 statim
1287 1506 1443 1575 ejecti
1470 1505 1634 1571 foras,
1655 1506 1842 1560 iterum
1871 1504 2151 1561 ecclesiam

567 1604 856 1676 petierunt.
876 1600 1168 1671 Septimina
1199 1613 1323 1653 vero
1352 1613 1472 1653 cum
1500 1597 1776 1653 Droctulfo
1803 1598 2154 1652 vehementer

566 1708 731 1763 caesa,
754 1712 816 1751 ac
840 1694 1092 1751 cauteriis
1121 1693 1365 1748 accensis
1394 1693 1447 1747 in
1477 1692 1612 1748 facie
1641 1692 1937 1758 vulnerata,
1963 1689 2151 1745 ablatis

566 1790 817 1845 omnibus
843 1803 960 1857 quae
994 1786 1243 1853 habebat,
1275 1786 1325 1839 in
1355 1785 1682 1855 Marilegium
1712 1793 1739 1822 ι
1769 1784 1949 1837 villam
1980 1783 2151 1838 dedu-
2185 1770 2231 1829 Β

565 1883 744 1949 citur,
776 1890 832 1935 ut
871 1880 1075 1936 scilicet
1112 1878 1272 1951 5.63
1316 1878 1534 1933 trahens
1572 1878 1801 1942 molam,
1832 1876 1914 1931 his
1945 1892 2063 1945 quae
2100 1876 2151 1931 in

573 1975 816 2048 gynmcio
860 1981 1013 2028 erant
1055 1975 1277 2041 positae,
1312 1986 1408 2039 per.
1434 1970 1548 2026 dies
1578 1970 1817 2040 singulos
1845 1970 2045 2025 farinas
2087 1969 2152 2024 ad

574 2069 743 2124 victus
770 2067 1099 2124 necessarias
1131 2074 1476 2136 praepararet.
1505 2063 1833 2118 Droctulfum
1864 2070 2042 2118 autem
2073 2063 2151 2117 in-

562 2159 697 2216 cisis
734 2159 945 2230 capillis
978 2166 1033 2214 et
1061 2159 1307 2223 auribus,
1337 2158 1400 2212 ad
1436 2156 1648 2212 vineam
1679 2155 2023 2210 excolendam
2055 2154 2151 2210 de-

558 2250 907 2324 legaverant,
938 2252 1034 2308 sed
1081 2260 1200 2322 post
1241 2251 1354 2305 dies
1388 2264 1584 2318 paucos
1615 2248 1737 2318 fuga
1768 2248 2041 2313 dilabitur,
2072 2248 2154 2302 in-

562 2347 897 2418 quisitusque
933 2347 1001 2399 ab
1047 2354 1229 2401 actore
1253 2343 1279 2383 δ
1312 2346 1503 2399 iterum
1548 2343 1612 2397 ad
1644 2356 1819 2411 regem
1850 2340 2149 2409 deducitur,

566 2439 748 2509 ibique
789 2439 1013 2495 multum
1059 2453 1232 2494 caesus
1273 2439 1466 2492 iterum
1494 2437 1560 2490 ad
1591 2437 1801 2490 vineam
1832 2450 1989 2504 quam
2023 2435 2151 2490 reli-

566 2541 755 2598 querat
797 2530 1121 2585 destinatur.
1166 2532 1232 2583 At
1276 2544 1403 2584 vero
1451 2528 1825 2597 Sunnegisilus
1871 2539 1925 2582 et
1973 2529 2152 2583 Gallo-

566 2635 795 2691 magnus
839 2624 1031 2689 privati
1075 2635 1102 2671 a
1147 2620 1306 2674 rebus
1348 2633 1478 2689 quas
1509 2634 1537 2672 a
1568 2619 1698 2673 ﬁsco
1730 2628 2063 2686 meruerant,
2094 2620 2150 2675 in

564 2712 814 2770 exsilium
849 2711 1218 2767 retruduntur.
1250 2710 1356 2766 Sed
1391 2710 1726 2767 venientibus
1758 2711 1947 2781 legatis
1968 2755 1981 2779 ,
2011 2713 2152 2768 inter

564 2820 701 2876 quos
726 2804 960 2875 episcopi
992 2812 1167 2870 erant,
1193 2818 1222 2857 a
1249 2818 1372 2874 rege
1400 2801 1822 2873 Guntchramno,
1841 2815 1895 2861 et
1923 2808 2151 2876 petenti-

563 2897 666 2955 bus
694 2912 789 2968 pro
814 2897 1004 2968 bis,ab
1028 2896 1217 2952 exsilio
1244 2906 1599 2952 revocantur:
1626 2899 1817 2968 quibus
1846 2898 1976 2953 nihil
2004 2899 2149 2954 aliud

558 3000 648 3051 est
675 2993 941 3060 relictum,
971 2993 1076 3048 nisi
1106 2991 1249 3060 quod
1280 2992 1477 3049 habere
1507 2993 1778 3064 prOprium
1806 2993 2143 3050 videbantur.

2260 499 2380 540 mus
2423 501 2541 540 eam
2593 502 2607 541 :
2663 487 3068 558 emendatisque
3116 492 3344 561 negotiis
3390 492 3747 551 restituamiui
3788 499 3843 555 in

2240 578 2641 634 monasterium
2672 588 2931 648 vestrum,
2961 597 3028 637 ne
3058 581 3397 654 dispergatur
3424 581 3659 654 luxuria,
3685 587 3845 664 ω

2259 672 2400 742 quod
2442 682 2623 729 sancta
2668 673 3009 745 Badegundis
3034 674 3249 747 jejuniis
3278 686 3333 734 et
3358 680 3690 737 orationibus
3729 698 3844 741 cre-

2256 763 2389 831 bris,
2419 766 2879 838 eleemosynisque
2909 767 3277 838 frequentibus
3304 774 3633 844 aggregavit.
3664 775 3729 832 Et
3757 777 3844 834 illa

2256 858 2529 927 respondit
2556 876 2569 912 :
2594 858 3072 931 Nequaquam,sed
3100 861 3167 917 ad
3191 878 3345 935 reges
3371 866 3583 922 ibimus.
3610 867 3676 923 Et
3705 883 3839 938 ego:

2256 950 2432 1015 Quare
2466 952 2656 1006 rationi
2686 950 2710 988 ἀ
2744 954 3033 1009 resistitis?
3063 954 3132 1008 ob
3161 972 3318 1025 quam
3350 972 3464 1012 rem
3509 960 3842 1017 sacerdotale

2256 1043 2514 1097 monitum
2544 1059 2648 1099 non
2678 1046 2906 1101 auditis?
2924 1046 3124 1101 Vereor
3147 1062 3214 1103 ne
3238 1050 3510 1119 conjuncti
3537 1052 3843 1107 sacerdotes

2256 1133 2612 1190 Ecclesiarum
2642 1152 2736 1192 vos
2766 1153 2796 1191 a
2828 1141 3207 1195 communione
3237 1143 3681 1200 removeant.Sic
3704 1145 3841 1199 enim

2255 1236 2309 1282 et
2335 1227 2401 1281 ab
2430 1229 2859 1285 antecessoribus
2892 1231 2942 1285 in
2974 1230 3204 1301 epistola
3231 1249 3389 1303 quam
3414 1237 3478 1289 ad
3507 1237 3717 1290 beatam
3742 1236 3845 1290 Ra-

2255 1318 2553 1389 degundein
2585 1320 2637 1375 in
2668 1320 2820 1375 initio
2849 1321 3006 1388 huius
3032 1326 3462 1395 congregationis
3490 1327 3843 1396 scripserunt,

2256 1409 2484 1466 habetur
2522 1415 2783 1468 insertum
2834 1430 2850 1469 :
2900 1414 3052 1485 cujus
3099 1417 3431 1488 exemplaria
3470 1418 3598 1476 huic
3632 1419 3844 1477 lectioni.

2254 1503 2491 1560 inserere
2524 1506 2743 1573 placuit.

2758 1639 3037 1678 EXEKPLAR
3068 1638 3356 1679 EPISTOLE.

2335 1749 2355 1783 ‹
2395 1731 2633 1788 Domina:
2665 1734 2987 1790 beatissimus
3019 1744 3073 1789 ct
3104 1738 3157 1789 in
3185 1735 3400 1791 Christo
3433 1736 3693 1793 Ecclesia:
3725 1739 3845 1794 filis:

2258 1821 2591 1893 Radegundi,
2611 1825 2919 1895 Eufronius,
2940 1826 3315 1894 Praetextatus,
3337 1829 3656 1896 Germanus,
3674 1830 3843 1899 Felix,

2258 1915 2613 1983 Domitianus,
2636 1918 2921 1985 Victorius,
2948 1928 3000 1973 ct
3032 1920 3321 1975 Domnulus
3352 1920 3587 1993 episcopi
3616 1931 3663 1977 θ.
3689 1922 3848 1979 Solli-

2256 2010 2360 2065 cita
2390 2021 2511 2065 sunt
2541 2011 2737 2082 jugiter
2767 2014 2907 2067 circa
2937 2029 3106 2083 genus
3137 2015 3427 2070 lmmanum
3462 2016 3742 2073 immensa:
3771 2018 3849 2071 di-

2256 2103 2497 2158 vinitatis
2524 2106 2799 2173 provisura
2832 2107 3089 2174 remedia,
3118 2123 3214 2162 nec
3241 2107 3309 2162 ab
3338 2108 3652 2164 assiduitate
3680 2110 3849 2165 bene-

2254 2196 2497 2251 liciorum
2520 2211 2737 2252 suorum
2756 2214 3075 2268 quocunque
3097 2200 3215 2256 loco
3236 2200 3317 2255 vel
3342 2210 3580 2271 tempore
3596 2200 3848 2256 videntur

2255 2290 2540 2360 aliquando
2570 2290 2841 2360 seiuncta,
2874 2305 2994 2347 cum
3030 2291 3143 2359 pius
3171 2306 3348 2347 rerum
3382 2292 3595 2349 Arbiter
3626 2292 3768 2348 tales
3797 2293 3847 2348 in

2255 2381 2568 2437 haereditate
2590 2383 2811 2438 culturae
2836 2383 3212 2439 ecclesiasticae
3234 2399 3491 2453 personas
3514 2385 3717 2453 ubique
3740 2384 3847 2439 dis-

2254 2478 2518 2543 seminat,
2550 2478 2739 2547 quibus
2768 2492 2950 2548 agrum
2993 2476 3107 2548 ejus
3147 2478 3347 2533 intenta
3379 2479 3695 2548 operatione
3724 2479 3851 2535 fidei

2254 2580 2429 2625 rastro
2461 2571 2777 2639 colentibus,
2802 2574 2868 2628 ad
2894 2573 3099 2629 felicem
3130 2576 3337 2628 centeni
3369 2575 3573 2628 numeri
3594 2576 3851 2632 reditum

2254 2663 2430 2717 divina
2465 2666 2721 2733 temperie
2750 2664 2945 2721 Christi
2978 2682 3131 2737 svges
3166 2667 3339 2722 valeat
3368 2665 3667 2735 pervenire.
3694 2665 3851 2721 Tau-

2253 2763 2363 2809 tum
2412 2753 2571 2823 igitur
2616 2756 2958 2826 benignitatis
3002 2758 3118 2826 ejus
3165 2774 3223 2813 se
3270 2759 3467 2828 passim
3514 2757 3850 2827 diSpensatio

2252 2845 2529 2916 profutura
2574 2846 2855 2913 diffundit,
2888 2859 2942 2902 ut
2976 2849 3101 2903 illud
3149 2865 3409 2920 nusquam
3441 2849 3668 2921 deneget
3699 2849 3847 2923 quod

2249 2937 2505 3008 prodesse
2528 2938 2709 2992 multis
2734 2938 2994 3008 agnoscit.
3014 2940 3248 3006 Quarum
3276 2955 3624 3009 personarum
3648 2955 3848 2996 exent-

2253 3027 2337 3096 plo
2365 3030 2701 3084 sanctissimo
2727 3044 2845 3085 cum
2872 3030 3205 3099 judicaturus
3233 3031 3535 3099 advenerit,
3565 3032 3767 3090 habeat
3794 3034 3844 3089 in

634 3130 877 3187 XXXIX.
904 3129 961 3186 ln
994 3132 1321 3185 monasterio
1351 3145 1475 3187 vero
1504 3130 1833 3200 Pictavensi,
1864 3131 2146 3190 insidiante

2250 3119 2493 3190 plurimis
2536 3122 2677 3191 quod
2726 3132 2966 3178 coronet.
3000 3122 3181 3193 itaque
3222 3140 3346 3179 cum
3395 3125 3512 3195 ipso
3562 3126 3842 3181 catholicae

561 3224 774 3282 diabolo
798 3224 850 3278 in
873 3222 1034 3277 corde
1059 3221 1415 3290 Chrodieldis,
1434 3239 1553 3294 quae
1573 3239 1632 3281 se
1652 3226 1955 3282 Chariberti
1976 3241 2145 3296 quon-

561 3316 683 3371 dam
714 3316 853 3385 regis
883 3313 1041 3369 filiam
1073 3313 1377 3382 asserebat,
1407 3324 1526 3370 orto
1551 3318 1833 3386 seandalo,
1859 3318 1969 3387 ipsa
2009 3335 2145 3389 quo-

562 3422 671 3477 que
699 3408 852 3476 quasi
880 3407 947 3462 de
974 3406 1289 3476 parentibus
1319 3408 1521 3464 confisa
1552 3412 1799 3479 regibus,
1829 3413 2031 3466 exactis
2061 3427 2147 3467 sa-

564 3501 858 3555 cramentis
889 3514 919 3553 a
952 3500 1471 3569 sanctimonialibus,
1507 3511 1563 3556 ut
1593 3503 1799 3573 injectis
1832 3504 1880 3557 in
1911 3503 2145 3557 abbatis-

560 3605 675 3647 sam
708 3590 1070 3646 Leuboveram
1097 3593 1431 3659 criminibus,
1461 3608 1519 3648 ea
1551 3596 1882 3650 monasterio
1912 3596 2140 3664 dejecm,

558 3681 727 3754 ipsam
751 3684 1135 3739 substituerunt
1162 3684 1528 3753 principalem.
1554 3684 1886 3755 Egressaque
1916 3693 1999 3739 est
2021 3700 2142 3740 cum

559 3777 907 3849 quadraginta
938 3789 1029 3833 aut
1052 3792 1117 3833 eo
1144 3777 1371 3851 amplius
1399 3770 1607 3846 puellis,
1627 3784 1681 3830 et
1702 3777 2017 3833 consobrina
2048 3792 2143 3831 sua

559 3869 751 3926 Basina
785 3871 891 3925 filia
921 3868 1236 3940 Chilperici,
1268 3869 1453 3943 dicens
1483 3886 1495 3921 :
1529 3869 1660 3937 Quia
1692 3868 1827 3923 vado
1857 3870 1923 3925 ad
1954 3885 2143 3940 paren-

557 3971 640 4020 tes
670 3980 821 4021 meos
848 3980 1025 4034 reges,
1058 3970 1115 4017 ut
1143 3962 1221 4018 eis
1250 3962 1633 4017 contumeliam
1666 3972 1900 4018 nostram
1932 3964 2141 4020 innote-

556 4072 710 4114 scere
739 4058 945 4112 valeam
980 4075 990 4109 :
1026 4056 1150 4126 quia
1182 4069 1287 4111 non
1320 4062 1378 4110 ut
1408 4055 1527 4109 filia:
1568 4071 1750 4125 regum
1773 4097 1790 4125 ,
1819 4056 1913 4112 sed
1946 4064 2002 4110 ut
2031 4072 2143 4111 ma-

558 4150 728 4207 larum
750 4148 1060 4204 ancillarum
1089 4146 1281 4219 genitae
1307 4147 1357 4201 in
1392 4149 1493 4201 hoc
1519 4148 1637 4203 loco
1663 4148 2025 4204 humiliamur.
2052 4149 2139 4203 ln-

556 4243 686 4297 fclix
718 4255 779 4295 ac
809 4240 978 4294 facilis
1008 4248 1030 4277 α
1065 4254 1171 4293 non
1204 4239 1510 4306 recordans,
1544 4240 1596 4293 in
1626 4254 1727 4308 qua
1759 4255 1816 4295 se
1850 4240 2143 4295 humilitate

557 4332 711 4388 beata
755 4329 1119 4399 Radegundis,
1151 4344 1270 4398 qua:
1319 4331 1418 4386 hoc
1465 4332 1693 4385 instituit
1735 4332 2139 4397 monasterium,

556 4425 864 4481 exhibebat.
888 4424 1113 4493 Egressa
1142 4439 1269 4495 ergo
1300 4425 1368 4479 ab
1396 4441 1459 4480 eo
1480 4424 1707 4480 Turonis
1732 4426 1966 4492 advenit,
1991 4426 2144 4481 data-

2256 3217 2529 3287 religionis
2567 3232 2760 3275 exortu
2793 3220 3086 3289 coepissent
3117 3218 3404 3274 Gallicanis
3434 3221 3487 3275 in
3520 3220 3717 3277 finibus
3750 3236 3842 3277 ve-

2214 3316 2503 3385 nerandae
2554 3316 2675 3371 fidei
2724 3317 3014 3383 primordia
3052 3314 3071 3354 τ
3126 3317 3418 3385 respirare,
3448 3327 3505 3373 et
3549 3318 3731 3376 adhuc
3776 3318 3839 3375 ad

2251 3422 2546 3477 paucorum
2574 3421 2816 3462 normam
2846 3417 2971 3464 tunc
2998 3408 3285 3465 ineffabilia
3321 3412 3695 3481 pervenissent
3723 3414 3839 3469 Τεῖ-

2248 3500 2428 3554 nitatis
2480 3500 2771 3556 Dominica:
2818 3512 3188 3571 sacramenta;
3239 3519 3307 3559 ne
3354 3505 3479 3574 quid
3531 3505 3618 3560 hic
3662 3504 3838 3563 minus

2246 3592 2568 3661 acquireret,
2596 3606 2750 3661 quam
2783 3592 2834 3645 in
2866 3592 3013 3647 urbis
3043 3594 3240 3649 circulo
3270 3594 3682 3665 prmdicantibus
3710 3610 3837 3667 am-

2247 3683 2402 3737 stolis
2423 3683 2713 3747 obtineret,
2730 3683 2941 3738 beatum
2966 3684 3246 3739 Martinum
3277 3684 3557 3757 peregrina
3581 3686 3648 3741 de
3667 3686 3836 3756 stirpe

2245 3774 2311 3829 ad
2338 3775 2782 3830 illuminationem
2812 3777 2996 3845 patriae
3022 3776 3269 3847 dignatus
3290 3787 3373 3833 est
3393 3776 3650 3847 dirigere,
3673 3778 3835 3833 misc-

2246 3868 2477 3923 ricurdia
2508 3872 2844 3923 consulente.
2875 3868 2973 3934 Qui
3014 3869 3136 3923 licet
3178 3869 3543 3939 apostolorum
3588 3879 3833 3940 tempore

2245 3977 2350 4018 non
2386 3962 2574 4027 fuerit,
2605 3973 2780 4016 tamen
2815 3962 3159 4030 apostolicam
3205 3962 3430 4031 gratiam
3479 3978 3583 4017 non
3626 3961 3829 4034 effugit.

2242 4056 2374 4112 Nam
2407 4056 2545 4127 quod
2581 4056 2748 4111 defuit
2778 4056 2831 4109 in
2865 4056 3071 4122 ordine,
3094 4055 3395 4126 suppletum
3424 4068 3504 4110 eSt
3538 4056 3587 4110 iu
3620 4071 3830 4111 merce-

2244 4150 2312 4205 de
2345 4167 2357 4203 :
2392 4149 2645 4207 uuoniarn
2678 4148 2839 4221 465
2884 4162 3111 4217 sequens
3139 4148 3333 4214 gradus
3359 4147 3431 4202 illi
3463 4144 3592 4202 nihil
3624 4149 3830 4205 subtra-

2248 4242 2345 4309 hit,
2373 4246 2459 4311 qui
2493 4242 2697 4297 meritis
2730 4242 3019 4296 antecellit.
3050 4241 3217 4310 Hujus
3246 4256 3478 4311 quoque,
3510 4242 3829 4298 reverentis-

2242 4333 2379 4387 sima
2412 4332 2547 4398 filia,
2582 4333 2634 4387 in
2666 4332 2814 4385 vobis
2856 4331 3293 4401 congratulamur
3330 4332 3563 4387 rediviva
3609 4347 3827 4402 surgere

2245 4438 2492 4491 superum
2540 4421 2840 4491 dilectionis
2888 4422 3161 4491 exempla,
3209 4422 3581 4492 propitiatione
3626 4422 3824 4480 divina.

555 4533 658 4591 que
681 4515 833 4571 nobis
857 4514 1201 4581 salutatione,
1219 4517 1325 4570 ait:
1353 4516 1636 4586 Deprecor,
1659 4527 1840 4571 sancte
1866 4518 2139 4582 sacerdos,
2168 4528 2222 4589 ι)
2250 4517 2379 4571 Nam
2410 4517 2708 4570 declinante
2740 4523 2979 4586 tempore
3008 4518 3185 4572 saeculi
3210 4525 3492 4583 vetustate,
3517 4518 3677 4573 veSIri
3705 4532 3823 4574 sen-

555 4621 612 4668 ut
640 4611 734 4665 has
766 4608 1124 4682 puellas,qua2
1154 4610 1207 4664 in
1238 4624 1482 4680 magnam
1506 4609 1859 4665 humilitatem
1884 4610 1949 4665 ab
1977 4611 2138 4667 abba-

556 4706 682 4761 tissa
715 4702 1017 4759 Pictavensi
1051 4702 1282 4757 redacta:
1313 4712 1458 4768 sunt,
1489 4701 1759 4756 custodire
1788 4703 2043 4773 digneris,
2075 4716 2137 4756 ac

552 4800 733 4856 cibum
777 4799 1037 4869 praebere,
1067 4799 1236 4851 donec
1276 4810 1373 4863 ego
1416 4810 1533 4848 eam
1579 4793 1645 4847 ad
1692 4808 1845 4864 reges
1887 4802 2136 4862 parentes

556 4902 799 4957 nostros,
830 4904 1209 4961 exponamque
1239 4889 1317 4941 eis
1349 4901 1467 4957 quae
1497 4886 1748 4955 patimur,
1780 4896 1833 4940 et
1869 4894 2129 4941 revertar.

552 4990 755 5058 Quibus
786 5001 884 5056 ego
911 4986 1035 5041 aio:
1068 4984 1124 5041 Si
1155 4982 1419 5038 abbatissa
1448 4981 1799 5051 deliquit,aut
1824 4982 2130 5039 canonicam

546 5081 788 5153 regulam
815 5080 868 5136 in
896 5078 1075 5149 aliquo
1098 5075 1459 5148 praetermisit,
1479 5076 1796 5132 accedamus
1820 5076 1888 5132 ad
1916 5076 2131 5131 fratrem

625 5248 651 5280 κ
680 5240 845 5309 Vulgo
887 5228 1125 5309 Marleim
1170 5232 1329 5309 hodie
1366 5232 1571 5309 dicitur
1599 5235 1648 5309 in
1692 5231 1926 5309 Alsat_i_a_,
1955 5235 2130 5290 media

550 5312 665 5369 fere
692 5304 945 5369 via'inter
976 5306 1346 5363 Molshemium
1367 5343 1385 5370 ,
1416 5304 1714 5373 Molsheim,
1741 5315 1794 5359 et
1822 5304 2125 5373 Tabernas,

552 5384 797 5449 Saverne,
826 5380 922 5435 ubi
946 5381 1188 5434 visuntur
1218 5378 1378 5431 etiam
1397 5390 1549 5449 nunc
1579 5377 1717 5430 villae
1748 5376 1908 5449 regia}
1937 5376 2128 5449 rudera

552 5455 689 5510 inter
716 5444 968 5523 oppidum
996 5449 1234 5523 ejusdem
1268 5445 1498 5523 nominis
1524 5455 1577 5499 et
1598 5449 1767 5523 vicum
1792 5444 2023 5523 ΚὶτλΙςεηι,
2041 5446 2129 5516 (ιυί

550 5527 708 5581 etiam
740 5516 864 5579 olim
894 5516 1048 5578 suum
1080 5518 1313 5573 habebat
1340 5516 1591 5585 palatium
1621 5518 1847 5585 regium.
1878 5517 1953 5572 De
1984 5527 2128 5574 utro-

546 5598 652 5669 ’quc
684 5599 736 5652 in
769 5596 859 5650 lib.
884 5611 936 5649 1v
966 5594 1033 5647 de
1060 5605 1119 5645 re
1152 5588 1520 5669 Diplomatica.

612 5668 649 5732 μ»
682 5668 736 5723 Id
764 5675 845 5720 est
875 5672 1222 5732 procuratore
1252 5662 1437 5716 domus
1466 5659 1627 5728 regim
1657 5658 1816 5713 illius.

552 5724 648 5870 c'e
682 5738 772 5815 Sic
797 5724 956 5788 codd.
976 5740 1104 5796 mss.
1131 5735 1198 5789 At
1219 5731 1365 5800 editi,
1383 5724 1865 5804 [nauigandum
1891 5740 1975 5790 est
1994 5732 2132 5805 apud

606 5821 888 5870 regortum.

606 5821 888 5871 regormm.

2246 4624 2340 4664 sus
2371 4607 2663 4662 certamine
2695 4607 2827 4662 fides
2857 4609 3135 4664 revirescit
3170 4610 3221 4663 in
3254 4609 3383 4666 flore
3413 4628 3425 4663 :
3457 4620 3509 4665 et
3536 4606 3721 4685 [Forte
3749 4607 3823 4681 ut]

2249 4701 2389 4771 σιωκῖ
2422 4708 2641 4754 veterno
2689 4710 2933 4770 tepuerat
2967 4703 3147 4772 algore
3175 4712 3438 4769 senectae,
3474 4704 3687 4759 tandem
3723 4703 3823 4759 fer-

2245 4803 2375 4848 vent
2397 4808 2422 4847 s
2450 4793 2611 4847 animi
2644 4810 2826 4849 rursus
2858 4795 3144 4851 incalescat
3167 4795 3378 4852 ardore.
3400 4797 3504 4852 Sed
3538 4812 3659 4852 cum
3686 4811 3821 4866 pene

2244 4885 2430 4940 eadem
2465 4885 2678 4939 veneris
2707 4900 2773 4940 ex
2807 4894 2990 4953 parte,
3020 4901 3119 4955 qua
3151 4886 3365 4941 beatum
3398 4887 3685 4942 Martinum
3720 4888 3820 4942 huc

2239 4977 2523 5034 didicimus
2548 4981 2842 5034 accessisse
2865 4989 2909 5043 8,
2929 4992 3034 5033 non
3061 4988 3142 5033 est
3168 4979 3362 5034 mirum
3386 4978 3432 5033 si
3455 4979 3602 5034 illum
3627 4979 3819 5035 imitari

2239 5071 2472 5128 videaris
2502 5071 2557 5126 in
2583 5085 2764 5141 opere,
2789 5084 2943 5140 quem
2975 5069 3066 5124 tibi
3095 5070 3285 5125 ducem
3315 5070 3583 5126 credimus
3612 5070 3819 5127 itineris

2309 5226 2337 5267 ἀ
2371 5230 2547 5298 Editi,
2578 5229 2907 5299 responsioni.
2954 5220 3142 5299 Regni.
3188 5229 3361 5301 infra,
3404 5230 3648 5286 monitum
3692 5247 3817 5287 con-

2238 5303 2477 5356 temnitis.

2311 5382 2335 5411 °
2366 5372 2651 5428 Eufronius
2675 5369 3393 5443 Turonensis,Prmtextatus
3424 5372 3816 5443 Rothomagen-

2236 5443 2330 5510 sis,
2354 5446 2649 5498 Germanus
2673 5442 3009 5507 l‘arisiensis,
3036 5442 3179 5496 Felix
3216 5443 3605 5508 Namnetensis,
3637 5442 3815 5498 Domi-

2237 5516 2414 5569 tianus
2439 5512 2855 5582 Andegavensis,
2874 5512 3137 5567 Victorius
3166 5512 3558 5579 Rbedonensis,
3578 5526 3632 5570 et
3656 5515 3812 5569 Dom-

2243 5586 2394 5640 nolus
2425 5585 2875 5638 (chomannensis
2905 5584 3137 5652 episcopi
3170 5585 3337 5638 fuere.

2317 5655 2335 5694 τ
2373 5656 2562 5711 Mirum
2596 5654 2681 5724 hic
2714 5652 2998 5720 primordia
3035 5655 3155 5709 fidei
3186 5655 3499 5712 Christiana:
3537 5655 3590 5711 in
3623 5656 3813 5712 Galliis

2239 5728 2305 5785 ad
2335 5738 2569 5796 tempora
2599 5725 2773 5796 sancti
2797 5724 3001 5796 Martini
3033 5727 3296 5796 revocari.

2312 5807 2337 5848 ε
2369 5792 2708 5867 Radegundis
2749 5794 2850 5850 ﬁlia
2878 5804 2993 5851 erat
3023 5792 3281 5852 Bertharii
3310 5795 3700 5868 Thoringoruui
3726 5813 3809 5856 ro.
