4096 6344
342 449 449 509 5l7

1270 439 1600 502 HISTORIA
1636 430 2075 495 FRANCORUM.
2117 436 2323 495 LIBER
2361 434 2586 496 NONUS

3507 432 3613 489 518

339 564 617 620 exstitisse
659 576 673 614 :
716 566 773 615 ut
812 554 965 629 cujus
1015 569 1076 613 es
1127 563 1311 611 secuta
1350 552 1595 622 vestigia,
1623 548 1764 605 felici
1806 556 1930 603 veto
1956 553 2007 613 Α
2032 561 2175 607 ctum
2207 560 2310 617 est,
2337 552 2541 607 caelesti
2568 548 2792 621 judicio,
2824 547 2977 604 nobis
3008 546 3333 618 optantibus,
3358 548 3619 618 percella-

339 654 618 722 compleas
644 660 699 707 et
723 649 992 719 exempla,
1015 654 1071 704 et
1099 645 1469 704 beatissimum
1498 644 1670 698 virum
1702 641 1757 695 in
1786 648 1931 694 tanto

343 746 443 800 tibi
472 744 632 799 facias
660 758 781 799 esse
811 742 1019 798 socium
1040 780 1055 806 ,
1089 741 1143 794 in
1181 746 1441 809 quantum
1484 745 1686 805 partem
1734 733 1935 802 refugis

345 835 551 893 habere
573 835 643 890 de
672 835 891 889 mundo.
911 833 1076 901 Cujus
1104 831 1370 902 opinionis
1393 828 1544 884 radio
1572 827 1933 895 praemicante,

347 928 424 983 ita
448 926 629 982 reddis
648 926 976 981 audientium
1006 934 1219 994 pectora
1251 921 1456 978 ctelesd
1485 920 1688 990 fulgore
1715 918 1934 981 suffusa,

347 1028 414 1076 ut
460 1022 656 1088 passim
705 1019 982 1087 provocati
1029 1018 1319 1087 puellarum
1370 1012 1555 1078 animi,
1586 1011 1752 1067 divini
1804 1012 1939 1080 ignis

348 1114 581 1170 scintilla
610 1114 878 1179 succensi,
901 1114 1093 1182 raptim
1124 1110 1378 1167 festinent
1404 1107 1560 1165 avide
1591 1106 1645 1160 in
1674 1104 1936 1159 cltaritate

348 1201 554 1259 Christi
595 1203 742 1260 fonte
768 1204 944 1271 _vestri
989 1201 1220 1272 pectoris
1260 1199 1505 1270 irrigari,
1532 1207 1582 1251 et
1613 1196 1813 1251 relictis
1845 1210 1940 1263 pa-

352 1297 603 1355 rentibus
636 1307 687 1352 te
714 1296 817 1351 sibi
849 1295 1017 1366 magis
1046 1293 1277 1363 eligant,
1309 1306 1468 1361 quam
1512 1298 1756 1342 matrem.
1790 1285 1938 1340 Facit

359 1388 464 1444 hoc
492 1387 662 1457 gratia
680 1427 697 1453 ,
726 1403 830 1441 non
861 1394 1071 1440 natura.
1101 1383 1262 1454 Igitur
1284 1390 1311 1419 ι
1340 1379 1496 1450 hujus
1522 1377 1682 1433 studii
1718 1385 1837 1430 vota
1864 1376 1943 1430 vi-

351 1481 579 1549 dentes,
621 1482 821 1551 gratias
866 1478 1165 1535 clementiae
1209 1490 1455 1545 supernae
1500 1472 1820 1536 referimus,
1853 1482 1944 1540 qut

353 1579 662 1634 voluntates
707 1576 984 1632 hominum
1028 1589 1140 1629 suae
1179 1572 1307 1628 facit
1344 1568 1604 1626 voluntati
1646 1563 1941 1622 connecti:

353 1669 610 1741 quoniam
643 1669 965 1723 confidimus
996 1681 1128 1736 quas
1158 1664 1298 1735 apud
1324 1678 1420 1717 vos
1446 1662 1595 1732 jubet
1622 1656 1827 1728 colligi,
1851 1671 1947 1711 suo

357 1765 477 1819 vult
501 1763 751 1832 amplexu
782 1762 1006 1816 servari.
1033 1762 1097 1814 Et
1123 1759 1247 1830 quia
1273 1756 1529 1827 quasdam
1559 1752 1943 1821 comperimus,

352 1856 636 1912 divinitate
667 1854 914 1925 propitia,
939 1853 1005 1910 de
1030 1852 1228 1907 nostris
1257 1848 1543 1905 territoriis
1571 1846 1635 1900 ad
1664 1842 1948 1899 institutio—

2040 656 2145 713 tur,
2169 646 2338 700 donec
2365 646 2702 713 separatione
2730 643 2891 711 facta,
2916 657 3012 712 per
3038 650 3433 713 competentem
3463 656 3619 698 exse-

2037 740 2222 796 crandi
2246 738 2486 794 criminis
2516 738 2907 807 paenitentiam,
2926 752 2954 790 a
2982 736 3100 791 loco
3129 750 3234 805 quo
3261 749 3474 805 egressa
3503 734 3617 789 fuc-

2040 842 2144 896 rat,
2178 829 2344 899 recipi
2377 829 2629 883 meruerit
2657 839 2709 883 et
2738 828 2972 884 adnecti.
3005 825 3333 898 Adjicientes
3359 826 3537 887 etiam.
3567 834 3622 880 ut

2040 938 2226 989 eorum
2257 924 2348 992 qui
2379 921 2532 977 nobis
2556 921 2872 991 quandoque
2903 919 3199 975 successuri
3224 929 3346 973 sunt
3371 920 3621 973 sacerdo-

2042 1024 2144 1081 tes,
2165 1016 2362 1071 similis
2384 1015 2847 1069 condemnationis
2875 1021 3155 1069 teneantur
3174 1013 3407 1067 astricta:
3437 1020 3622 1077 reatu;
3646 988 3662 1007 λ

2044 1116 2101 1163 et
2125 1108 2189 1168 si.
2209 1106 2351 1175 quod
2382 1122 2487 1160 non
2520 1106 2811 1171 credimus,
2833 1105 3032 1175 aliquid
3061 1104 3160 1175 ipsi
3181 1104 3447 1159 voluerint
3473 1104 3626 1158 aliter

2043 1216 2202 1271 quam
2235 1207 2416 1254 nostra
2448 1198 2764 1253 deliberatio
2793 1198 3049 1262 continet,
3080 1199 3343 1259 relaxare,
3374 1195 3627 1250 noverint

2044 1307 2105 1348 se
2148 1291 2425 1345 nobiscum
2474 1298 2676 1344 aeterno
2717 1288 2904 1343 Judice
2940 1286 3225 1341 deﬁniente
3263 1294 3623 1340 causaturos:

2045 1386 2168 1454 quia
2198 1384 2496 1439 communis
2527 1391 2608 1438 est
2635 1381 2822 1435 salutis
2848 1378 3215 1445 instructio,si
3246 1377 3385 1447 quod
3417 1376 3629 1431 Christo

2055 1477 2381 1548 promittitur
2430 1475 2804 1530 inviolabiliter
2850 1475 3183 1528 observetur.
3234 1471 3384 1539 Quod
3433 1480 3631 1525 nostra:

2046 1569 2510 1627 determinationis
2530 1570 2825 1634 decretum,
2850 1583 2948 1637 pro
2977 1565 3246 1621 firmitatis
3274 1565 3490 1628 intuitu,
3508 1576 3632 1633 pro-

2052 1668 2189 1736 pria:
2236 1680 2422 1719 manus
2470 1663 2867 1732 subscriptione
2915 1660 3183 1715 credimus
3229 1656 3632 1724 roborandum,

2051 1757 2437 1829 perpetualiter
2457 1771 2486 1809 a
2514 1755 2665 1809 nobis
2693 1755 2906 1807 Christo
2927 1752 3142 1821 auspice
3163 1759 3502 1806 servaturum
3524 1744 3575 1802 ά.
3606 1763 3628 1799 ι

2124 1849 2284 1903 Lecta
2328 1847 2484 1916 igitur
2512 1848 2608 1900 hac
2637 1844 2882 1914 epistola,
2906 1841 3244 1897 Chrodieldis
3265 1841 3396 1893 dixit
3438 1856 3451 1892 ε
3485 1838 3634 1893 Nun-

357 1965 485 2007 netn
516 1960 709 2006 vestra:
737 1950 933 2019 regulae
958 1945 1386 2004 desiderabiliter
1415 1942 1751 2003 convolasse,
1779 1936 1943 2007 inspi-
1973 1936 2022 1997 B
2048 1956 2203 2012 quam
2246 1954 2344 1993 nos
2388 1939 2492 1993 ulla
2543 1935 2795 1991 retinebit
2844 1949 3014 1998 mura,
3048 1933 3147 1987 nisi
3187 1932 3253 1986 ad
3298 1946 3470 2001 reges,
3500 1944 3635 1999 quos

356 2043 564 2097 cientes
593 2042 756 2097 etiam
786 2052 981 2096 vestrae
1012 2038 1289 2109 petitionis
1318 2034 1599 2105 epistolam
1617 2075 1632 2100 ,
1661 2033 1887 2086 libenter
1914 2046 1943 2082 a

362 2136 521 2191 nobis
550 2144 828 2205 exceptam
847 2175 862 2201 ,
886 2134 990 2189 hoc
1016 2131 1233 2187 Christo
1262 2140 1482 2185 auctore
1509 2137 1564 2183 et
1590 2125 1946 2182 remediatore

358 2226 637 2282 firmamus
669 2244 681 2277 :
717 2236 775 2280 ut
805 2227 927 2280 licet
952 2239 1141 2279 omnes
1170 2221 1448 2291 aequaliter
1477 2235 1595 2290 quae
1638 2218 1709 2273 ibi
1750 2231 1949 2271 convea

358 2320 539 2385 niunt,
568 2319 622 2374 in
652 2318 865 2374 Domini
892 2317 1153 2373 charitate
1182 2329 1449 2369 mansurae
1476 2312 1709 2366 debeant
1730 2308 1950 2364 inviola-

360 2409 542 2465 biliter
583 2409 853 2465 custodire
873 2448 887 2473 ,
915 2408 1057 2478 quod
1088 2407 1336 2463 videntur
1378 2402 1736 2460 libentissime
1766 2402 1947 2455 animo

358 2503 705 2571 suscepisse,
734 2502 986 2571 quoniam
1016 2497 1368 2554 contaminari
1401 2512 1506 2551 non
1539 2495 1702 2549 debet
1732 2493 1947 2547 Christo

360 2595 497 2653 fides
535 2596 675 2651 coelo
722 2605 859 2651 teste
903 2594 1189 2663 promissa,
1219 2591 1305 2647 ubi
1350 2605 1453 2644 non
1502 2589 1617 2643 leve
1656 2587 1832 2642 scelus
1869 2594 1955 2640 est

361 2690 620 2757 teniplum
655 2686 785 2753 Dei,
816 2685 959 2755 quod
988 2684 1155 2748 absit,
1180 2682 1381 2753 pollui,
1412 2691 1470 2735 ut
1499 2680 1565 2733 ab
1591 2694 1657 2734 eo
1685 2677 1851 2747 possit
1876 2678 1953 2733 ira

361 2780 725 2835 succendente
748 2778 1007 2848 disperdi.
1028 2778 1226 2832 Tamen
1254 2774 1557 2845 specialiter
1578 2774 1882 2837 definimus,
1908 2768 1954 2825 si

360 2884 489 2940 qua,
520 2871 658 2925 sicut
684 2870 885 2925 dictum
915 2879 1018 2935 est,
1051 2868 1120 2924 de
1150 2867 1285 2922 locis
1318 2864 1727 2921 sacerdotaliter
1756 2868 1956 2917 nostrae

360 2963 769 3035 gubernationi,
799 2961 1025 3017 Dowino
1056 2960 1369 3030 providente
1388 3001 1401 3023 ,
1429 2957 1762 3021 commissis,
1785 2954 1841 3009 in
1870 2954 1959 3009 Pi-

366 3064 521 3112 ctava
555 3054 581 3093 ι)
614 3054 833 3111 civitate
880 3066 1062 3110 veStro
1110 3051 1436 3107 monasterio
1485 3049 1648 3119 466
1700 3046 1956 3101 meruerit

340 3151 595 3217 sociari,
624 3149 919 3205 secundum
971 3150 1139 3203 beatm
1188 3144 1462 3199 inemoriae
1509 3141 1694 3195 domni
1740 3138 1958 3193 Caesarii

338 3242 695 3307 Arelatensis
725 3241 959 3310 episcopi
990 3239 1311 3303 Constituta,
1338 3234 1468 3289 nulli
1499 3234 1569 3288 sit
1595 3232 1817 3287 ulterius
1842 3230 1925 3286 dis

366 3335 591 3391 cedendi
614 3335 850 3399 licentia,
869 3349 1008 3400 qum,
1039 3332 1178 3386 sicut
1197 3330 1437 3385 continet
1458 3328 1660 3397 reguia,
1683 3326 1959 3381 voluntate

369 3426 583 3497 propria
611 3427 630 3447 ⁸
662 3425 870 3479 videtur
902 3424 1142 3493 ingressa
1171 3437 1186 3473 :
1218 3436 1289 3475 ne
1320 3419 1475 3474 unius
1528 3418 1668 3488 turpi
1698 3416 1960 3472 dedecore

366 3522 597 3578 ducatur
638 3522 692 3575 in
734 3522 937 3575 crimen
978 3519 1084 3589 lAl.
1113 3514 1381 3589 crimine],
1408 3516 1550 3586 quod
1590 3514 1729 3582 apud
1769 3528 1960 3569 omnes

370 3611 566 3669 emicat
616 3612 669 3667 in
716 3612 941 3667 honore.
977 3610 1045 3665 Et
1095 3610 1216 3665 ideo
1253 3608 1321 3673 si,
1352 3607 1497 3678 quod
1546 3616 1752 3662 avertat
1796 3606 1958 3673 Deus,

341 3768 346 3779 ,
378 3706 558 3776 aliqua
592 3706 794 3761 insanae
823 3705 1022 3760 mentis
1052 3704 1382 3760 illicitatione
1413 3716 1667 3757 succensa
1690 3741 1707 3768 ,
1738 3700 1804 3755 ad
1836 3700 1963 3756 tanti

379 3797 656 3867 opprobrii
690 3798 952 3851 maculam
985 3796 1321 3865 praecipitare
1361 3809 1510 3848 suam
1542 3794 1769 3849 voluerit
1801 3794 1966 3848 disci-

372 3891 599 3961 plinam,
625 3887 849 3963 gloriam
878 3898 934 3944 et
956 3902 1232 3954 coronam,
1259 3895 1313 3940 ut
1332 3884 1537 3940 inimici
1566 3885 1810 3949 consilio,
1830 3885 1967 3939 sicut

376 3984 490 4041 Eva
532 3988 704 4054 ejecta
734 3984 802 4039 de
842 3982 1091 4053 paradiso
1111 4020 1125 4047 ,
1150 3995 1246 4050 per
1272 3980 1697 4049 qualemcunque
1724 3978 1793 4031 de
1819 3978 1967 4032 clau-

375 4085 504 4141 stris
528 4084 693 4153 ipsius
718 4079 1054 4145 monasterii,
1074 4078 1238 4132 immo
1255 4077 1321 4131 de
1337 4076 1457 4131 (εωΙὶ
1486 4090 1650 4144 regno
1673 4072 1823 4127 exire
1850 4088 1967 4140 per—

379 4175 597 4241 tulerit,
631 4174 923 4242 mergenda
970 4181 1024 4228 et
1065 4169 1427 4227 conculcanda
1458 4168 1548 4222 vili
1591 4167 1885 4237 platearmn
1914 4165 1967 4220 in

378 4267 519 4333 luto,
552 4274 801 4335 separata
832 4280 861 4319 a
891 4262 1266 4319 communione
1296 4272 1496 4324 nostra,
1527 4258 1627 4312 diri
1658 4258 1969 4311 anathema-

340 4402 345 4407 .
380 4359 448 4415 tis
476 4360 695 4414 vulnere
718 4356 966 4412 feriatur.
992 4355 1067 4409 ita
1101 4364 1158 4409 ut
1189 4352 1233 4407 si
1266 4352 1505 4407 fortassis
1532 4348 1751 4404 Christo
1776 4347 1965 4404 relicto

383 4450 587 4507 homini
620 4441 857 4505 voluerit
887 4449 1110 4514 nubere,
1140 4445 1353 4501 diabolo
1382 4443 1627 4512 captivan
1641 4449 1713 4506 te,
1744 4456 1850 4495 non
1881 4456 1970 4495 so-

383 4544 498 4599 lum
528 4546 640 4614 ipsa
666 4558 784 4612 quae
814 4541 1028 4611 refugit,
1047 4539 1141 4594 sed
1166 4536 1326 4593 etiam
1357 4536 1446 4591 ille
1471 4536 1561 4605 qui
1586 4534 1635 4589 ei
1659 4534 1975 4603 conjunctus

385 4648 505 4704 est,
538 4638 712 4706 turpis
743 4636 977 4702 adulter,
999 4643 1053 4689 et
1086 4633 1259 4701 potius
1288 4629 1579 4698 sacrilegus
1608 4642 1766 4696 quam
1808 4625 1973 4681 mari-

2050 2040 2297 2104 parcntes
2320 2040 2530 2084 nostros
2559 2043 2679 2082 esse
2710 2026 2974 2087 novimus,
3000 2023 3335 2079 accedamus.
3368 2022 3638 2078 Veneram

2049 2127 2190 2181 enim
2226 2124 2458 2193 pedestri
2504 2122 2696 2175 itinere
2740 2136 2767 2171 a
2813 2120 3049 2182 Pictavo,
3100 2131 3198 2171 nec
3246 2116 3404 2171 ullius
3442 2112 3638 2185 equitis

2050 2216 2126 2289 [Ι.
2156 2214 2301 2286 equi]
2339 2213 2652 2269 beneficium
2684 2211 2842 2282 467
2879 2210 3173 2263 habuerant
3214 2224 3227 2261 :
3265 2209 3402 2263 unde
3431 2206 3639 2263 anhelis

2050 2319 2106 2365 et.
2149 2306 2279 2362 satis
2324 2307 2533 2375 exiguae
2581 2313 2753 2358 erant.
2810 2302 2915 2357 Sed
2968 2316 3065 2356 nec
3113 2302 3284 2355 victus
3330 2300 3637 2354 alimoniam

2051 2399 2212 2455 ullam
2248 2398 2326 2451 eis
2371 2397 2422 2449 in
2456 2398 2536 2450 via
2583 2395 2861 2465 quisquam
2905 2392 3223 2462 praebuerat.
3280 2392 3640 2445 Accesserunt

2053 2494 2198 2548 enim
2247 2492 2313 2545 ad
2346 2490 2532 2545 urbem
2583 2498 2820 2543 nosu‘am
2872 2486 2959 2541 die
2991 2484 3160 2555 prima
3208 2482 3410 2537 mensis
3454 2481 3640 2551 primi;

2052 2591 2208 2639 erant
2259 2582 2404 2637 enim
2458 2577 2648 2648 pluvia:
2698 2592 2928 2647 magnae,
2986 2574 3081 2629 scd
3137 2585 3190 2629 et
3240 2573 3341 2628 vim
3370 2572 3643 2629 dissoluta

2053 2684 2212 2732 erant
2237 2688 2268 2729 a
2298 2672 2459 2728 nimia
2490 2670 2848 2727 immensitate
2877 2681 3155 2739 aquarum.

2128 2763 2238 2818 XL.
2284 2762 2649 2818 Detrahebant
2684 2771 2862 2815 autem
2899 2768 2954 2814 et
2980 2759 3047 2814 de
3077 2757 3352 2828 episcopo,
3384 2754 3645 2825 dicentes,

2055 2858 2180 2927 quia
2212 2855 2355 2909 illius
2389 2854 2512 2909 dolo
2544 2863 2597 2908 et
2628 2852 2709 2906 ha:
2756 2851 3001 2914 turbam,
3030 2856 3085 2902 et
3111 2846 3501 2923 monasterium,
3527 2854 3645 2903 erat

2057 2948 2405 3009 derelictum;
2440 2945 2534 2999 sed
2583 2943 2858 2997 materiam
2890 2940 3046 3009 hujus
3078 2939 3313 2995 scandali
3343 2939 3502 2994 altius
3527 2937 3645 3009 pla-

2057 3044 2167 3099 cuit
2200 3040 2511 3095 memorari.
2565 3037 2830 3105 Tempore
2875 3033 3270 3089 Clilothacliarii
3314 3032 3472 3101 regis,
3520 3045 3642 3087 cum

2057 3134 2213 3191 beata
2234 3129 2572 3200 Radegundis
2601 3129 2700 3182 hoc
2724 3127 3104 3180 monasterium
3134 3123 3473 3191 instituisset,
3502 3136 3647 3179 sem.

2062 3241 2156 3296 per
2201 3224 2441 3293 subjecta
2488 3230 2543 3276 et
2582 3219 2842 3275 obediens
2879 3232 2998 3271 cum
3040 3216 3185 3272 omni
3226 3215 3646 3286 congregatione

1985 3306 2036 3373 Ω
2065 3332 2160 3373 sua
2199 3315 2559 3371 anterioribus
2591 3313 2689 3366 fuit
2714 3310 3001 3380 episcopis.
3055 3309 3321 3377 Tempore
3349 3322 3476 3361 vero
3505 3303 3646 3375 Sigi-

2062 3410 2220 3476 berti,
2249 3419 2527 3479 postquam
2552 3407 2827 3460 Maroveus
2849 3402 3218 3471 episcopatum
3251 3400 3398 3455 urbis
3425 3399 3649 3468 adeptus

2062 3514 2165 3569 est,
2200 3500 2435 3571 acceptis
2472 3498 2712 3568 epistolis
2740 3496 2988 3568 Sigiberti
3029 3494 3167 3565 regis
3198 3510 3291 3563 pro
3320 3492 3424 3548 fide
3466 3507 3529 3547 ac
3554 3489 3647 3547 de-

2062 3601 2282 3655 votione
2309 3594 2654 3665 Radegundis
2697 3591 2888 3656 beatae,
2923 3591 2974 3644 in
3014 3598 3189 3659 partes
3221 3587 3458 3643 Orientis
3489 3596 3510 3624 θ
3544 3586 3649 3641 (ιιθο

2064 3694 2207 3750 ricos
2255 3691 2510 3757 destinat,
2554 3703 2651 3758 pro
2683 3684 2978 3741 Dominicac
3021 3682 3197 3739 crucis
3243 3682 3405 3751 ligno,
3437 3694 3499 3733 ac
3528 3694 3649 3734 san~

2064 3796 2275 3842 ctorum
2314 3782 2678 3853 apostolorum
2716 3790 3141 3844 caeterorutnque
3186 3784 3481 3843 martyrum
3525 3770 3650 3825 reli-

2066 3880 2227 3951 quiis.
2272 3880 2373 3944 Qui
2419 3883 2607 3930 euntes
2651 3870 2954 3926 detulerunt
2999 3870 3111 3921 haec
3142 3866 3357 3935 pignora
3404 3880 3418 3917 :
3460 3861 3650 3932 quibus

2066 3972 2283 4035 delatis,
2334 3968 2485 4037 petiit
2531 3968 2714 4033 regina
2762 3962 3105 4030 episcopum,
3166 3966 3220 4011 ut
3266 3970 3387 4011 cum
3448 3954 3653 4008 honore

2069 4064 2253 4120 debito
2287 4059 2582 4129 grandique
2624 4055 2907 4123 psallentio
2946 4054 2999 4104 in
3039 4049 3365 4105 monasterio
3409 4047 3652 4101 locaren-

2070 4154 2221 4213 turf.
2254 4154 2361 4210 Sed
2389 4152 2477 4206 ille
2507 4149 2807 4218 despiciens
2832 4144 3225 4214 suggestionem
3248 4142 3384 4210 ejus,
3414 4151 3653 4192 ascensrs

2040 4292 2043 4293 ν
2071 4247 2376 4317 equitibus,
2419 4242 2559 4297 villae
2601 4255 2660 4296 se
2691 4238 2936 4295 contulit.
2971 4235 3121 4289 Tunc
3157 4234 3338 4303 regina
3369 4231 3561 4286 iterato
3587 4227 3655 4298 ad

2073 4354 2253 4410 regem
2285 4335 2611 4406 Sigibertum
2640 4331 2863 4394 direxit,
2896 4327 3191 4397 deprecans
3229 4334 3286 4378 ut
3328 4320 3657 4392 injunctions

2073 4448 2171 4489 sua
2221 4432 2522 4500 quicunque
2562 4439 2629 4479 ex
2660 4420 2928 4491 cpiscotiis
2956 4420 3071 4472 haec
3113 4418 3365 4486 pignora,
3414 4427 3534 4470 cum
3565 4411 3656 4468 illo

2075 4541 2181 4598 quo
2211 4522 2442 4579 decebat
2491 4519 2715 4579 honore,
2745 4523 3034 4580 votumque
3070 4510 3186 4580 ejus
3233 4507 3576 4579 exposcebat,
3606 4506 3660 4561 in

2078 4614 2403 4674 monasterio
2449 4611 2761 4666 collocaret.
2828 4604 2903 4659 Ad
2956 4603 3056 4658 hoc
3102 4602 3244 4656 enim
3291 4614 3428 4669 Opus
3474 4598 3661 4653 beatus

386 4739 510 4786 tus:
542 4729 625 4787 vel
655 4728 897 4799 quisquis
925 4736 981 4780 ut
1007 4725 1109 4780 hoc
1139 4724 1309 4787 fieret,
1334 4736 1595 4777 venenum
1619 4722 1787 4789 magis
1813 4735 1972 4789 quam
2000 4694 2052 4759 Ῐ)
2082 4708 2369 4768 Eufronius
2397 4704 2546 4759 urbis
2577 4700 2857 4754 Turonicae
2889 4697 3176 4765 episcopus
3206 4690 3518 4761 injungitur.
3560 4687 3663 4799 Qui

352 4882 357 4886 ,
389 4822 679 4880 consilium
710 4819 1054 4884 ministravit,
1081 4816 1241 4873 simili
1274 4814 1499 4880 uitione,
1523 4814 1660 4868 sicut
1684 4811 1752 4867 de
1781 4812 1867 4868 illa
1892 4811 1972 4867 ἀί-

389 4965 492 5035 gis,
530 4977 592 5017 ex
624 4960 740 5032 ipso
765 4958 1022 5035 Gregorio
1050 4972 1211 5035 supra
1244 4957 1334 5035 lib.
1368 4969 1447 5020 ιιι,
1476 4968 1599 5035 cap.
1621 4951 1683 5035 ΔΔ.
1718 4950 1978 5004 Martinus

396 5025 573 5089 autem
601 5025 756 5088 natus
785 5025 1134 5087 est'Sabarim
1166 5029 1220 5081 in
1250 5025 1547 5090 Pannonia,
1580 5031 1638 5077 ut
1666 5034 1852 5075 omnes
1883 5033 1980 5073 no-

394 5114 542 5162 runt.

470 5159 736 5246 είῐὶθςιιιη
776 5171 944 5245 Igitur
980 5171 1034 5224 in
1064 5168 1157 5223 tali
1194 5167 1361 5223 studio
1401 5180 1637 5232 manens,
1682 5169 1730 5215 et
1770 5159 1866 5213 hoc
1893 5174 1983 5213 nos

393 5249 777 5319 comperientgs.

468 5306 663 5374 b'ISec.
696 5315 847 5372 Colb.
876 5329 951 5369 m.
976 5321 1031 5367 et
1053 5310 1278 5374 Chesn.,
1303 5306 1592 5361 Pictnuina.

474 5402 496 5429 ε
538 5371 635 5446 ξιξ
655 5371 861 5450 Casin.;
893 5384 1008 5451 alii,
1036 5371 1469 5455 proditm'Locus
1495 5389 1621 5455 vero
1646 5374 1737 5455 qui
1766 5372 1851 5427 hic
1880 5371 1987 5426 lau-

396 5460 574 5528 datur,
605 5459 826 5515 habetur
850 5446 974 5526 cap.
995 5446 1273 5524 [Regulae
1305 5449 1474 5506 sancti
1500 5446 1716 5503 Caesarii
1743 5458 1845 5516 pro
1872 5458 1984 5497 mo-

400 5532 648 5589 nialibns.

473 5601 498 5640 d
536 5601 698 5666 Editi,
736 5601 1061 5653 duraturum.
1128 5666 1131 5667 ν
1605 5660 1616 5667 _
1724 5656 1776 5667 η,
1819 5656 1829 5666 ,

476 5685 500 5712 ο
524 5654 617 5729 liis
638 5654 816 5727 verbis
838 5669 1077 5723 innuitur
1089 5666 1390 5721 Maroveum
1413 5660 1650 5728 acceptis
1672 5672 1699 5711 a
1724 5654 1990 5725 Sigiberto

402 5744 594 5801 litteris
625 5745 675 5796 in
701 5740 971 5796 Orientem
1004 5739 1213 5792 misisse
1239 5735 1305 5790 ad
1336 5732 1610 5789 habendas
1639 5729 1909 5801 reliquias,
1933 5733 1991 5777 ut

404 5797 603 5872 sancta:
653 5809 993 5880 Radegundis
1028 5804 1315 5880 devotioni
1367 5803 1718 5880 satisfaceret.
1758 5797 1983 5877 Tamen

390 5869 610 5943 certum
647 5890 729 5938 est
757 5869 879 5937 illos
910 5877 1137 5935 clericos
1176 5876 1244 5931 ab
1289 5878 1399 5943 ipsa
1432 5872 1774 5943 ltadegtmde
1798 5869 1994 5943 missos

640 5937 804 6026 quare
850 5951 929 6010 sic
965 5962 1163 6008 censeo
1201 5937 1631 6004 restituendum:
1662 5937 1991 6005 liadeyundis

2080 4822 2201 4863 cum
2244 4800 2454 4858 clericis
2502 4795 2616 4850 suis
2659 4793 2932 4849 Pictavum
2976 4787 3262 4856 accedens,
3311 4798 3429 4839 cum
3476 4778 3663 4852 grandi

2086 4948 2229 5002 bcata
2274 4944 2327 4996 in
2382 4945 2548 5006 partes
2602 4931 2824 5006 Orientis
2878 4927 3091 5006 clericos
3143 4924 3539 5006 destinantem.
3589 4919 3666 5003 De

2087 4990 2653 5071 hoc—viilesisd’itani
2714 5004 2880 5057 beata:
2929 4994 3269 5072 Radegupdis
3314 5009 3344 5046 a
3398 4990 3665 5072 Bgudoni-

2087 5062 2190 5144 ilia”
2231 5062 2480 5146 scriptam
2535 5091 2680 5129 num.
2744 5074 2811 5126 18
2862 5077 2915 5146 et
2955 5062 3105 5137 seqq}
3138 5066 3281 5121 Idem
3310 5062 3553 5146 versibus.
3578 5076 3668 5146 ex:

2089 5131 2631 5228 prcss'itvlt‘rortunatus
2658 5145 2707 5197 in
2738 5131 3109 5228 supplemento
3137 5150 3303 5228 carm.
3326 5133 3384 5199 2,
3417 5131 3556 5228 quod
3587 5141 3669 5187 est

2088 5204 2450 5285 adviu-s'ti'num
2500 5219 2631 5283 imp.
2672 5224 2726 5270 et
2774 5204 3029 5285 S—o'pbiam
3076 5214 3385 5285 augustam;
3427 5204 3667 5285 hymnos

2089 5274 2301 5354 iErB'éi
2324 5274 2424 5346 alia
2468 5274 2702 5344 carmina
2735 5274 2865 5355 quae
2893 5281 2996 5337 bac
3022 5274 3303 5334 occasione
3331 5274 3547 5343 cecinit,
3578 5274 3670 5330 Ita-

2091 5371 2285 5427 bentur
2315 5364 2449 5419 libro
2474 5376 2534 5417 tt.

2167 5418 2482 5505 fuit—eliquite
2508 5432 2611 5485 illa:
2636 5428 2880 5505 Turonos
2908 5418 3455 5505 delatte,_.a.liquandi_u
3488 5418 3539 5501 in
3568 5431 3673 5473 mo-

2092 5489 2588 5569 nasteriovirorum
2621 5517 2649 5555 a
2681 5499 2737 5552 Β.
2763 5492 3089 5569 Radegunde
3121 5492 3191 5545 ibi
3223 5490 3465 5569 instituto
3489 5489 3673 5569 jactte-

2092 5559 2439 5648 iiiiifdbnéc
2468 5574 2682 5648 tandem
2717 5559 2962 5648 Pictavos
2993 5564 3184 5643 delatae
3227 5569 3373 5616 sunt.
3419 5560 3548 5648 Haec
3576 5559 3673 5648 fuit

2094 5630 2613 5716 BEEiiiB'cisgorio,
2629 5640 2903 5716 _non.tlum_
2925 5647 3049 5689 tunc
3093 5633 3343 5716 episcopo
3358 5672 3375 5699 ,
3407 5630 3673 5716 condendi

2094 5702 2313 5781 oratorii
2354 5702 2566 5775 Sanctae
2601 5702 2820 5774 Crucis,
2874 5707 2947 5781 de
2983 5720 3092 5781 quo
3138 5702 3459 5759 Fortunatus
3486 5702 3583 5781 lib.
3611 5715 3674 5767 ιι,

2366 5771 2500 5843 Vide
2526 5795 2676 5840 notas
2700 5771 2948 5834 Brouveri
2981 5771 3041 5852 in
3060 5777 3159 5831 hoc
3188 5790 3423 5852 carmen,
3442 5771 3676 5852 et

2092 5836 2669 5931 ἔέἓιῐὶὲέιιεὲιιέιξιῆίιιιέ
2695 5869 2724 5908 a
2758 5849 3081 5907 Baudonivia
3108 5847 3388 5917 scriptam,
3410 5836 3474 5900 ἰι.
3504 5836 3588 5898 19.
