4096 6344
544 375 648 434 519

1506 368 1566 429 S.
1608 362 1939 425 GREGORII
1978 356 2291 422 EPISCOPI
2329 356 2765 422 TURONENSIS

3713 356 3812 415 520

544 489 851 564 pSallentio,
881 496 936 544 et
982 501 1259 547 cereorum
1307 492 1616 542 micantium
1661 499 1727 541 ac
1773 486 2120 541 thimiamatts
2146 480 2196 540 Δ
2223 495 2363 537 mus.
2394 480 2501 537 Sed
2531 492 2813 550 postquam
2852 476 2907 534 in
2950 475 3335 535 monasterium
3360 488 3457 547 per
3484 486 3609 532 eum
3637 471 3813 533 locum

541 590 826 653 apparatu,
874 588 1057 635 saneta
1087 579 1326 649 pignora,
1368 575 1591 633 absente
1630 575 1731 633 loci
1761 577 2038 647 episcopo,
2070 574 2125 631 in

539 671 924 730 monasterium
954 670 1161 726 detulit.
1191 668 1437 725 Posthtec
1463 682 1582 724 cum
1614 668 1885 738 pontificis
1914 667 1996 723 sui
2022 680 2126 722 sre-

540 766 656 838 pius
682 763 903 835 gratiam
932 771 1217 834 quaereret,
1258 775 1356 817 nec
1387 768 1567 832 posset
1607 759 1853 830 adipisci,
1882 758 2123 815 necessi-

539 865 647 913 tate
677 864 947 911 eommota
991 869 1115 910 cum
1160 853 1432 909 abbatissa
1469 867 1565 909 sua
1594 867 1753 923 quam
1796 852 2121 920 instituerat,

537 949 909 1005 Arelatensem
954 948 1144 1005 urbem
1174 957 1466 1020 expetunt:
1502 947 1568 1003 de
1597 962 1701 1018 qua
1742 947 1922 1017 regula
1954 946 2125 1002 sancti

537 1040 758 1096 Cmsarii
787 1049 947 1111 atque
977 1039 1221 1096 Cresarim
1253 1041 1420 1096 beata:
1448 1048 1693 1109 suscepta
1716 1079 1731 1106 ,
1761 1041 1904 1109 regis
1932 1053 1992 1095 se
2022 1038 2126 1093 tui-

538 1131 685 1187 tione
732 1131 1071 1198 munierunt,
1101 1130 1265 1203 568
1290 1131 1495 1187 scilicet
1542 1130 1669 1201 quia
1715 1130 1768 1185 in
1816 1131 1999 1198 illum,
2033 1131 2123 1202 qui

538 1232 717 1293 pastor
743 1238 864 1279 esse
900 1222 1176 1289 debuerat,
1212 1223 1414 1277 nullam
1444 1237 1629 1277 curam
1656 1220 1986 1278 defensionis
2012 1235 2124 1277 sua:

539 1323 785 1385 poterant
811 1315 1073 1385 reperire.
1120 1313 1195 1367 Ex
1231 1313 1333 1369 ltoc
1361 1313 1619 1368 seandalo
1659 1312 1725 1367 de
1753 1312 1841 1368 die
1886 1314 1939 1367 in
1980 1312 2121 1368 diem

537 1414 831 1479 propagato
859 1447 875 1473 ,
926 1412 1140 1475 tempus
1183 1403 1517 1475 migrationis
1561 1404 1733 1459 beata:
1784 1403 2123 1474 Radegundis

536 1500 797 1554 advenit:
829 1513 931 1569 qua
957 1499 1245 1569 migrante,
1292 1498 1486 1553 iterum
1531 1495 1689 1567 petiit
1731 1496 2021 1565 abbatissa,
2063 1511 2123 1553 se

537 1592 638 1647 sub
674 1592 971 1648 sacerdotis
1020 1592 1101 1647 sui
1134 1600 1396 1662 potestate
1423 1590 1639 1661 degere.
1686 1590 1837 1660 Quod
1868 1591 1959 1647 ille
1998 1605 2121 1648 cum

536 1685 767 1755 primum
806 1700 1057 1757 respuere
1086 1685 1359 1752 voluisset,
1384 1685 1611 1741 consilio
1636 1699 1851 1740 suorum
1878 1686 2123 1756 promisit

537 1792 599 1833 se
630 1788 833 1847 patrem
862 1794 1069 1847 earum,
1116 1780 1253 1836 sicut
1293 1780 1514 1851 dignum
1564 1786 1700 1847 erat,
1734 1778 1882 1848 fieri,
1933 1787 1987 1835 et
2030 1780 2119 1835 ubi

2225 574 2368 632 unde
2392 589 2453 632 se
2476 575 2903 646 praecipitaverat
2940 573 3157 631 funibus
3183 583 3269 630 est
3293 580 3543 639 attracta,
3573 572 3731 641 petiit
3759 579 3815 629 ut

2225 681 2287 724 se
2327 667 2384 724 in
2408 667 2655 725 cellulam
2702 677 2965 725 secretam
3013 665 3372 732 reclauderet,
3420 664 3611 720 dicens
3642 679 3657 717 :
3684 663 3815 731 Quia

2225 759 2447 814 multum
2489 760 2706 829 peccavi
2747 758 2800 813 in
2832 757 3113 814 Dominum
3144 767 3196 813 et
3226 757 3480 812 domnam
3508 768 3686 811 meam
3718 754 3818 809 Ra-

2225 850 2549 921 degundem,
2580 867 2699 924 qua:
2724 850 2831 908 illis
2853 851 3045 907 diebus
3069 858 3347 921 superstes
3375 857 3525 915 erat;
3556 848 3682 902 volo
3710 862 3813 915 nte,

2225 942 2318 1010 ait,
2347 943 2415 998 ab
2444 944 2543 1000 bac
2571 942 2869 1015 frequentia
2898 943 3328 1015 congregationis
3360 942 3524 998 totius
3544 929 3816 1006 amovere,

2225 1043 2281 1091 et
2305 1037 2677 1106 paenitentiam
2709 1052 2805 1106 pro
2848 1037 3107 1106 neglectis
3135 1038 3270 1092 meis
3308 1049 3491 1107 agere.
3525 1034 3652 1089 Scio
3678 1032 3817 1087 enim

2225 1129 2349 1199 quia
2374 1129 2682 1185 misericors
2706 1138 2788 1185 est
2811 1129 3091 1195 Dominus,
3114 1138 3169 1185 et
3192 1129 3415 1185 remittit
3437 1125 3817 1183 confitentibus

2225 1235 2285 1276 se
2319 1233 2556 1291 peccata.
2588 1223 2654 1279 Et
2686 1224 2921 1295 ingressa
2953 1232 3038 1280 est
3082 1223 3135 1278 in
3176 1222 3442 1279 cellulam.
3480 1221 3615 1277 Cum
3644 1228 3819 1275 autem

2226 1313 2329 1368 hoc
2365 1314 2672 1371 scandalum
2710 1324 3037 1372 commotum
3080 1316 3300 1383 fuisset,
3331 1326 3387 1371 et
3419 1312 3763 1370 Cbrodieldis
3788 1328 3818 1368 a

2226 1404 2629 1465 Guntchramno
2659 1424 2788 1478 rege
2816 1425 3064 1481 regressa
3094 1419 3259 1480 esset,
3301 1410 3415 1466 haec
3442 1408 3694 1478 disrupto
3726 1422 3818 1463 no-

2225 1501 2430 1556 cturnis
2456 1501 2602 1558 horis
2641 1502 2848 1559 cellulae
2877 1504 3018 1558 ostio
3046 1517 3264 1573 egressa
3294 1512 3377 1560 est
3406 1517 3438 1557 a
3465 1502 3815 1571 monasterio,

2224 1598 2282 1646 et
2317 1590 2381 1645 ad
2403 1591 2785 1649 Cltrodieldem
2832 1594 2984 1661 abiit,
3017 1596 3207 1663 multa,
3233 1594 3375 1653 sicut
3400 1595 3546 1666 prius
3598 1594 3816 1659 fecerat,

2225 1687 2449 1742 crimina
2476 1688 2543 1743 de
2568 1689 2835 1745 abbatissa
2869 1703 3243 1761 prorumpens.

2298 1778 2432 1835 XLI.
2486 1780 2620 1837 Dum
2676 1792 2852 1840 autem
2903 1784 3017 1839 haec
3060 1764 3385 1854 agerentur,
3433 1783 3818 1854 Gundegtsilus

535 1872 829 1927 necessitas
857 1870 1065 1939 fuisset,
1096 1886 1247 1927 suam
1278 1872 1520 1942 praebere
1551 1870 1937 1927 defensionem.
1973 1870 2124 1928 Unde
2152 1874 2202 1937 B
2230 1870 2662 1941 Burdegalensis,
2684 1873 2955 1944 adjunctis
2976 1888 3159 1931 secum
3183 1874 3396 1931 Nicasio
3414 1874 3770 1945 Egolismensi
3793 1884 3815 1913 ε

538 1960 740 2016 factum
772 1970 857 2018 est
885 1970 941 2018 ut
972 1962 1157 2019 abiens
1186 1963 1252 2017 ad
1280 1962 1677 2019 Cltildebertum
1709 1977 1892 2034 regem
1922 1977 2127 2033 praece-

536 2056 771 2126 ptionem
802 2055 1052 2126 eliceret,
1082 2064 1141 2111 ut
1169 2056 1221 2111 ei
1250 2055 1352 2112 hoc
1379 2057 1763 2112 monasterium
1784 2097 1801 2125 ,
1831 2056 1971 2113 sicut
1995 2056 2124 2113 reli-

536 2164 667 2219 quas
697 2150 1000 2219 parochias,
1029 2149 1347 2220 regulariter
1392 2149 1551 2205 liceat
1579 2150 1883 2220 gubernare
1915 2159 1961 2204 ο.
2019 2150 2127 2208 Sed

536 2245 721 2298 nescio
748 2244 900 2313 quid,
937 2242 1130 2307 credo,
1176 2242 1351 2298 adhuc
1378 2241 1431 2297 in
1462 2241 1580 2312 ejus
1608 2241 1802 2297 animis
1831 2241 2124 2311 residebat,

533 2342 595 2390 ut
632 2334 713 2390 hte
754 2336 945 2405 puellae
991 2343 1260 2403 asserunt,
1311 2333 1453 2404 quod
1501 2344 1741 2389 moveret
1789 2333 2122 2389 scandalum.

534 2425 631 2481 His
678 2441 805 2482 vero
835 2426 1270 2492 intendentibus,
1312 2437 1370 2483 ut
1406 2427 1472 2482 ad
1500 2428 1661 2499 regis,
1694 2427 1834 2484 sicut
1871 2428 2125 2497 diximus,

536 2518 879 2586 praesentiam
912 2527 1280 2587 properarent,
1306 2518 1554 2573 dedimus
1582 2521 1662 2574 eis
1708 2520 2011 2585 consilium,
2044 2519 2128 2574 di-

534 2617 763 2663 centes:
794 2606 1074 2662 lntenditis
1124 2617 1310 2663 contra
1360 2608 1643 2674 rationem,
1677 2616 1730 2662 et
1771 2606 1919 2662 nullo
1966 2608 2127 2665 modo

534 2700 688 2755 vobis
718 2713 781 2755 ea
809 2700 979 2755 series
1028 2698 1192 2755 inseri
1223 2707 1422 2769 potest,
1451 2714 1571 2769 quae
1598 2698 1990 2770 blasphemium
2039 2713 2128 2754 ar-

532 2798 672 2846 ceat.
695 2790 810 2872 Sed.
825 2790 891 2857 si,
923 2801 978 2846 ut
1002 2790 1258 2858 diximus,
1283 2793 1543 2848 rationem
1572 2792 1999 2862 praetermittitis,
2028 2809 2127 2849 nec

533 2880 749 2937 salubre
794 2881 1073 2938 consilium
1119 2884 1278 2938 vultis
1323 2884 1586 2953 accipere,
1626 2884 1709 2941 vel
1742 2884 1843 2940 hoc
1873 2884 2125 2956 eonjicite

532 2969 590 3027 in
618 2970 810 3027 anituis
855 2972 1072 3041 vestris,
1104 2982 1164 3027 ut
1203 2973 1476 3042 praeterito
1524 2973 1733 3030 hiberni
1783 2974 1942 3045 hujus
1988 2984 2125 3031 tem-

467 3094 471 3105 ι
530 3078 683 3133 pore,
730 3063 870 3135 quod
918 3064 970 3119 in
1012 3064 1113 3119 hoc
1148 3078 1314 3120 verno
1343 3064 1592 3135 accessit,
1623 3082 1746 3123 cum
1794 3082 1939 3121 aurae
1970 3081 2121 3123 com-

529 3155 803 3212 modiores
845 3155 1065 3224 fuerint,
1112 3170 1218 3224 quo
1262 3155 1404 3212 ducit
1447 3157 1712 3225 voluntas,
1760 3172 1983 3228 pergere
2026 3172 2121 3213 va-

2230 1972 2286 2020 et
2312 1962 2540 2021 Saliario
2580 1964 2951 2036 Petragorico,
2990 1981 3054 2021 ac
3092 1966 3209 2036 ipso
3247 1966 3492 2022 Maroveo
3520 1964 3819 2022 Pictavensi

2228 2052 2521 2123 episc0pis,
2552 2068 2620 2109 eo
2648 2054 2791 2124 quod
2836 2054 2995 2126 hujus
3023 2056 3174 2113 urbis
3202 2055 3514 2126 metropolis
3549 2066 3717 2124 esset,
3751 2053 3819 2109 ad

2226 2144 2507 2200 basilicam
2533 2146 2703 2202 sancti
2738 2146 2929 2203 Hilarii
2960 2147 3195 2215 advenit,
3229 2164 3455 2220 arguens
3475 2150 3572 2203 has
3591 2147 3818 2218 puellas,

2229 2243 2282 2291 et
2322 2235 2375 2291 in
2406 2234 2795 2295 monasterium
2825 2240 3082 2297 reducere
3120 2244 3360 2312 cupiens.
3412 2241 3517 2296 Scd
3549 2255 3672 2295 cum
3711 2239 3821 2294 illa:

2227 2327 2551 2384 obstinatius
2583 2330 2997 2398 reluctarentur,
3040 2342 3095 2388 et
3133 2332 3219 2388 hic
3259 2348 3379 2389 cum
3421 2332 3639 2403 reliquis
3664 2332 3820 2402 juxta

2227 2420 2510 2491 epistolam
2541 2424 2788 2492 superius
2816 2424 3142 2481 nominatam
3188 2426 3266 2481 eis
3305 2425 3824 2480 excommunicatio-

2230 2534 2351 2576 nem
2404 2519 2684 2589 indiceret,
2728 2537 3022 2593 exsurgens
3070 2522 3217 2577 turba
3266 2520 3828 2589 murionumsprasfa-

2232 2621 2430 2682 torum,
2462 2621 2607 2669 tanta
2648 2627 2741 2669 eos
2770 2615 2822 2670 in
2856 2616 2972 2684 ipsa
3003 2614 3172 2670 sancti
3200 2613 3383 2669 Hilarii
3416 2612 3634 2666 basilica
3665 2611 3829 2667 caede

2228 2707 2504 2773 mactavit,
2531 2715 2589 2761 ut
2612 2707 2988 2763 corruentibus
3010 2708 3064 2762 in
3088 2706 3389 2777 pavimento
3406 2703 3700 2773 episcopis,
3724 2703 3823 2757 vix

2228 2811 2556 2867 consurgere
2588 2807 2847 2867 possent;
2880 2798 2973 2854 sed
2999 2808 3054 2853 et
3083 2798 3291 2854 diaconi
3324 2806 3378 2853 ct
3404 2795 3592 2864 reliqui
3634 2793 3826 2851 clerici

2227 2890 2488 2959 sanguine
2512 2890 2747 2959 perfusi,
2784 2904 2905 2945 cum
2937 2888 3171 2945 effractis
3197 2889 3462 2959 capitibus
3482 2887 3645 2959 470
3670 2886 3823 2941 basi-

2228 2979 2385 3035 licam
2420 2988 2546 3036 sunt
2573 2981 2801 3050 egressi.
2840 2979 2973 3035 Tam
3003 2979 3299 3035 immensus
3328 2980 3472 3035 enim
3511 2992 3623 3043 eos,
3653 2987 3731 3045 et,
3757 2986 3826 3034 ut

2227 3074 2415 3143 credo,
2442 3074 2657 3133 diabolo
2685 3085 3029 3146 cooperante,
3060 3092 3225 3146 pavor
3251 3075 3563 3143 obsederat,
3588 3083 3647 3131 ut
3667 3089 3824 3144 egre-

2226 3166 2437 3225 dientes
2475 3184 2505 3223 a
2549 3168 2668 3224 loco
2697 3177 2918 3236 sancto,
2952 3182 3053 3223 nec
3083 3169 3186 3224 sibi
3216 3169 3600 3231 valedicentes,
3648 3180 3820 3222 unus-

529 3248 708 3305 leatis.
760 3247 912 3316 Quod
959 3248 1240 3303 consilium
1290 3259 1471 3318 aptum
1521 3249 1891 3319 suscipientes,
1931 3249 2200 3322 subse-c
2229 3262 2453 3334 quisque
2497 3277 2593 3333 per
2619 3263 2759 3319 viam
2788 3279 2945 3334 quam
2982 3265 3221 3334 arripere
3261 3263 3453 3333 potuit,
3508 3259 3819 3332 repedaret.

526 3349 727 3410 quente
774 3346 983 3406 testate,
1032 3339 1235 3394 relictis
1264 3338 1518 3404 Turonis,
1569 3339 1784 3396 caeteris
1831 3341 2121 3397 sanctimo-

525 3434 756 3490 nialibus
791 3432 1174 3489 commendatis
1206 3434 1542 3489 consobrina:
1571 3448 1702 3500 suae,
1729 3432 2070 3490 Cltrodieldis
2090 3432 2120 3478 ι)

524 3525 592 3579 ad
634 3537 813 3593 regem
844 3523 1303 3580 Guntchramnum
1347 3525 1595 3582 accessit.
1647 3527 1692 3580 A
1722 3541 1827 3596 quo
1868 3536 2119 3596 suscepta

525 3631 589 3671 ac
617 3617 932 3673 muneribus
962 3616 1244 3685 honorata,
1277 3618 1506 3674 Turonis
1552 3626 1637 3673 est
1675 3632 1941 3689 regressa,
1972 3618 2117 3676 Con-

523 3709 754 3764 Stantina
786 3707 892 3764 tilia
920 3707 1189 3781 Burgolini
1221 3709 1271 3765 in
1304 3710 1630 3765 monasterio
1662 3709 2119 3778 Augustidunensi

522 3800 733 3868 relicta,
765 3810 1090 3871 exspectans
1118 3802 1399 3873 episcopos
1427 3803 1516 3871 qui
1545 3815 1573 3855 a
1598 3815 1724 3872 rege
1750 3799 1961 3858 fuerant
1979 3800 2118 3873 jussi

521 3892 798 3960 advenire,
828 3901 883 3948 et
920 3906 1138 3949 causam
1185 3892 1419 3963 ipsarum
1461 3907 1582 3947 cum
1616 3892 1889 3950 abbatissa
1928 3892 2115 3951 discu-

519 3996 656 4043 tere.
708 3986 883 4043 Multae
931 3994 1108 4043 tamen
1156 4000 1224 4041 ex
1271 3985 1354 4041 his
1396 4000 1426 4041 a
1463 3985 1690 4043 diversis
1736 3987 2118 4047 circumventae

525 4081 868 4136 matrimonio
916 4082 1175 4152 copulata
1219 4091 1365 4151 sunt,
1418 4082 1729 4154 priusquam
1760 4082 1877 4141 hare
1916 4100 1947 4142 a
1988 4100 2117 4157 rege

526 4172 921 4244 regrederetur.
977 4173 1215 4243 Cumque
1245 4175 1619 4242 praestolantes
1647 4175 1960 4244 adventum,
1994 4177 2117 4234 ttul-

518 4262 625 4319 lum
654 4265 961 4333 episcopum
985 4263 1241 4320 advenire
1268 4264 1585 4334 sensissent,
1604 4265 1879 4324 Pictavum
1907 4282 2117 4338 regres-

516 4368 592 4409 sa:
630 4362 775 4423 sunt,
810 4365 864 4411 et
904 4368 967 4409 se
997 4356 1132 4411 infra
1166 4357 1439 4413 basilicam
1469 4360 1639 4415 sancti
1672 4360 1859 4416 Hilarii
1904 4369 2114 4419 tutave-

515 4451 660 4507 runt,
708 4445 1046 4514 congregatis
1084 4446 1249 4519 469
1289 4462 1471 4504 secum
1526 4450 1754 4515 furibus,
1804 4452 2111 4521 ltomieidis,

515 4533 795 4601 adulteris,
827 4533 1173 4607 omniumque
1203 4538 1485 4594 criminum
1515 4542 1624 4596 reis
1644 4584 1659 4609 ,
1694 4544 2029 4604 stabilientes
2051 4561 2113 4605 se

2224 3352 2407 3409 Adfuit
2455 3352 2581 3409 huic
2611 3354 2903 3409 calamitati
2941 3364 2995 3410 et
3037 3353 3343 3411 Desiderius
3388 3354 3646 3411 diaconus
3676 3352 3818 3423 Sya-

2223 3444 2325 3514 grii
2372 3443 2859 3515 Augustidunensis
2911 3446 3193 3517 episcopi,
3252 3446 3341 3517 qui
3395 3460 3499 3501 non
3561 3444 3819 3516 inquisito

2222 3535 2412 3595 Cletmi
2438 3548 2460 3578 ο
2488 3538 2723 3595 fluminis
2754 3540 2911 3608 vado,
2961 3557 3068 3612 quo
3098 3541 3325 3611 primum
3360 3542 3504 3598 littus
3532 3542 3713 3613 attigit
3737 3549 3819 3598 est

2222 3629 2517 3703 ingressus,
2570 3646 2634 3687 ac
2676 3642 2896 3689 natante
2947 3648 3086 3703 equo
3131 3634 3262 3704 ripa:
3304 3634 3576 3691 ulterioris
3620 3649 3817 3704 campo

2223 3733 2440 3781 evectus
2488 3734 2589 3781 est.
2627 3726 2704 3781 Ex
2747 3726 2850 3783 hoc
2884 3726 3228 3784 Cltrodieldis
3266 3728 3602 3785 ordinatores
3642 3728 3814 3799 eligit,

2223 3814 2377 3871 villas
2403 3817 2714 3873 monasterii
2742 3817 3001 3887 pervadit,
3028 3826 3082 3874 et
3105 3818 3528 3889 quoscunquede
3543 3828 3817 3874 monaste-

2223 3911 2306 3967 rio
2338 3911 2580 3981 arripere
2604 3912 2884 3981 potuisset,
2920 3913 3088 3983 plagis
3117 3926 3180 3967 ac
3209 3912 3444 3969 caedibus
3473 3912 3694 3968 affectos
3716 3926 3815 3968 suo

2220 4002 2436 4060 servitio
2467 4004 2807 4075 subjugabat,
2835 4006 3041 4060 minans
3069 4006 3188 4061 utsi
3213 4006 3598 4062 monasterium
3626 4014 3813 4077 posset

2222 4096 2433 4169 ingredi
2478 4097 2800 4154 abbatissam
2840 4098 2909 4155 de
2939 4113 3097 4155 muro
3137 4097 3430 4169 projectam
3472 4106 3630 4155 terra:
3676 4096 3814 4167 deji-

2221 4198 2391 4248 ceret.
2423 4188 2577 4259 Quod
2602 4205 2725 4247 eum
2755 4190 3102 4246 Childeberto
3130 4190 3244 4262 regi
3271 4190 3571 4246 nuntiatum
3598 4188 3811 4258 fuisset,

2218 4281 2397 4339 statim
2439 4280 2642 4338 directa
2692 4277 3017 4337 auctoritate
3063 4282 3315 4352 praecepit
3357 4277 3812 4340 Macconicomitl

2219 4383 2279 4433 ut
2303 4376 2420 4434 hzec
2449 4379 2748 4447 reprimere
2791 4377 2935 4433 omni
2983 4378 3281 4435 intentione
3319 4377 3561 4435 deberet.
3595 4375 3813 4435 Gunde-

2217 4470 2405 4541 gisilns
2432 4480 2612 4526 autem
2640 4486 2761 4526 cum
2794 4471 2891 4525 has
2912 4486 2942 4526 a
2965 4469 3345 4527 communione
3372 4484 3811 4541 suspensas-eunt

2217 4562 2449 4630 exteris,
2480 4571 2539 4617 ut
2566 4560 2820 4630 diximus,
2854 4562 3160 4633 reliquisset
3197 4563 3486 4635 episcopis,
3527 4562 3811 4635 epistolam

515 4626 835 4726 “liba-lum.
866 4636 1027 4697 alque
1056 4628 1303 4726 limitum
1331 4648 1344 4684 τ
1376 4632 1509 4699 (lilia
1539 4633 1740 4706 τεεῖιιω
1776 4650 1981 4707 Sumus.
2010 4654 2111 4697 nec
2139 4649 2195 4714 D
2217 4669 2284 4709 ex
2328 4626 3178 4726 suo-fratrumquepraesentium
3226 4626 3444 4713 nomine
3472 4626 3810 4726 conscripsit

513 4721 664 4793 prius
693 4723 746 4777 in
776 4722 1161 4778 monasterium
1190 4732 1431 4779 nostrum
1484 4726 1836 4799 ingredimur,
1881 4732 1985 4790 nisi
2012 4734 2110 4792 ab.

512 4815 710 4874 batissa
757 4815 1006 4887 ejiciatur
1034 4801 1201 4875 foras.
1235 4819 1363 4875 Erat
1408 4820 1479 4876 ibi
1528 4831 1654 4879 tunc
1685 4827 1928 4884 reclausa
1956 4844 2106 4900 qua:-

513 4911 657 4983 dam,
680 4928 801 4983 qum
822 4922 947 4969 ante
971 4928 1168 4984 paucos
1193 4929 1364 4972 annos
1384 4931 1481 4987 per
1510 4934 1718 4976 murum
1743 4935 1803 4979 se
1823 4920 2104 4996 dejiciens,

513 5006 581 5061 ad
614 5006 891 5063 basilicam
936 5006 1107 5062 sancti
1141 5008 1324 5064 Hilarii
1354 5009 1617 5083 confugit,
1644 5014 1812 5070 multa
1858 5014 1915 5071 in
1941 5016 2107 5073 abba-

513 5098 696 5157 tissam
744 5100 973 5175 crimina
1000 5115 1278 5173 evomens,
1310 5118 1431 5175 quae
1477 5114 1657 5163 tamen
1687 5106 1821 5163 falsa
1848 5108 2102 5179 cognovi-

584 5246 609 5274 ⁸
645 5236 941 5317 Specialem
972 5238 1130 5312 hujus
1156 5241 1378 5313 insignis
1408 5241 1510 5298 loci
1532 5258 1722 5317 curam
1746 5260 1912 5317 reges
1935 5248 2103 5306 nostri

511 5320 725 5390 semper
762 5309 1020 5390 habuere,
1044 5309 1118 5367 'ut
1149 5309 1395 5390 p_at_e't_er
1428 5315 1707 5390 capitulari
1739 5309 1997 5390 Ludovici
2026 5320 2105 5377 Pii

512 5383 654 5454 circa
684 5395 878 5435 annum
906 5383 1012 5438 822
1052 5383 1192 5453 apud
1218 5383 1516 5451 Baluzium',
1546 5387 1689 5454 quod
1722 5388 1894 5443 totum
1923 5399 2006 5445 est
2035 5392 2105 5448 de

514 5446 616 5503 hoc
643 5446 1237 5531 tttottasterio.___l.ocum
1262 5446 1520 5531 _habebat
1564 5446 1727 5531 inter,
1749 5446 2101 5531 monasteria,

511 5533 633 5600 quae
668 5522 1122 5600 ab‘omnimilitia
1155 5538 1209 5582 et
1247 5527 1389 5583 dono
1428 5528 1620 5600 libera,
1653 5530 1795 5584 solas
1827 5522 2104 5589 orationes

515 5594 825 5673 imperatori
850 5594 1136 5673 debebant,
1167 5607 1227 5654 ut
1252 5607 1491 5673 patetgex
1524 5594 1725 5673 Notitia
1753 5615 1816 5655 ea
1842 5600 1911 5657 de
1940 5618 2001 5660 re
2031 5605 2110 5661 fa-

513 5670 599 5738 cta
623 5668 683 5738 in
704 5678 979 5738 conventu
1004 5668 1448 5738 Aquisgranensi,
1479 5686 1567 5726 an.
1599 5672 1724 5727 817.

583 5729 614 5772 δ
642 5734 802 5802 Editi,
830 5739 1027 5792 steteris
1053 5729 1447 5795 accommodatis
1479 5744 1793 5803 consobrina:
1817 5762 1924 5803 sua:
1945 5746 2110 5805 Chro-

518 5802 1213 5882 dield_i_sanct_imoniqlibus,
1248 5813 1316 5865 ad
1344 5829 1533 5882 regem,
1555 5826 1661 5870 etc.

589 5886 614 5918 ο
642 5876 777 5950 A1,,
838 5876 1209 5937 Ecclesinensi.
1261 5876 1589 5956 Subscripsit
1647 5901 1800 5947 conc.
1858 5889 2126 5974 Matiscw,

2215 4744 2282 4801 ad
2315 4745 2627 4803 sacerdotes
2656 4746 2804 4818 illos,
2833 4747 2925 4818 qui
2958 4754 3085 4804 tunc
3109 4763 3235 4804 cum
3256 4764 3382 4820 rege
3406 4747 3811 4807 Guntchramno

2211 4837 2424 4897 fuerant
2448 4841 2718 4911 aggregati
2752 4839 2771 4881 ί
2794 4859 2807 4895 :
2849 4840 3087 4913 aquibus
3115 4843 3232 4900 haec
3257 4843 3516 4915 rescripta
3545 4842 3802 4915 suscepit.

2717 4991 2999 5035 EXEIIPLAR
3028 4991 3322 5035 RESCMP’I‘I.

2292 5111 2547 5170 (Domnis
2575 5126 2789 5183 semper
2815 5113 2926 5170 suis
2950 5122 2998 5181 κ,
3032 5121 3193 5185 atque
3222 5112 3513 5184 apostolica
3527 5113 3658 5171 sede
3688 5113 3807 5185 dig-

2214 5249 2367 5321 nensi
2400 5265 2458 5316 tt,
2488 5249 2579 5305 ubi
2608 5249 2801 5305 dicitur
2845 5249 3090 5306 Nicasius
3126 5251 3560 5321 Aquilinensium.
3590 5252 3809 5308 Gunde-

2213 5320 2402 5446 Fisilus
2450 5332 2626 5377 autem
2679 5321 3089 5394 Burdegalensis
3130 5320 3378 5379 laudatur
3419 5339 3450 5379 a
3490 5322 3810 5391 Fortunato,

2235 5390 2309 5446 ib.
2337 5408 2430 5446 vn.
2461 5407 2630 5446 carm.
2655 5391 2743 5446 5|.

2235 5390 2309 5447 ib.
2337 5408 2430 5457 vn,
2461 5407 2630 5447 carm.
2655 5391 2743 5447 51.

2285 5460 2313 5501 ἀ
2346 5464 2655 5526 Muriones,
2705 5479 2837 5529 seu,
2891 5474 2950 5518 ut
2997 5463 3157 5519 habet
3208 5473 3429 5521 sanctus
3484 5465 3809 5534 Augustinus

2215 5535 2374 5599 epist.
2398 5535 2511 5590 145
2538 5534 2607 5589 ad
2654 5535 3041 5602 Marcellinum,
3096 5536 3404 5598 moriones.
3435 5536 3489 5592 id
3530 5545 3615 5591 est
3654 5535 3806 5600 fatui,

2212 5605 2293 5660 sic
2321 5607 2450 5680 dicti
2474 5624 2506 5680 _a
2538 5605 2723 5661 Grmca
2751 5621 2892 5680 voce
2916 5608 3120 5680 μορρὸς.

2287 5685 2310 5713 °
2344 5677 2628 5748 Editicum
2657 5681 2779 5731 Bec.
2801 5717 2816 5743 ,
2854 5675 3023 5745 Cleni,
3053 5675 3212 5748 vulgo
3250 5694 3289 5733 ιο
3316 5678 3502 5747 Claiit,
3534 5677 3729 5735 ﬂuvius
3751 5678 3805 5733 in

2214 5748 2508 5861 Vigennam
2535 5746 2787 5803 influens.

2339 5818 2703 5861 Attonslndnni
2764 5835 2787 5861 ιι

2334 5818 2729 5888 Augustodnni,
2764 5826 2823 5873 ut
2852 5820 3121 5875 existimat
3149 5819 3419 5878 Valesius.

2284 5900 2312 5943 s
2340 5890 2565 5962 Regna,
2605 5889 2838 5948 Dominis
2885 5893 3027 5965 suis,
3070 5901 3241 5975 atque.
3267 5891 3609 5974 “Legenda!!!
3664 5888 3809 5957 ιοτω·

2162 5974 2233 5991 η..
