  <div class='ocr_page' id='page_1' title='image "/cluster/home/n/w/nwhite01/storage/ocr_20150623/71/hvd.32044020096954/266.png"; bbox 0 0 4096 6344; ppageno 0'>
   <div class='ocr_carea' id='block_1_1' title="bbox 300 454 405 513">
    <p class='ocr_par' dir='ltr' id='par_1_1' title="bbox 300 454 405 513">
     <span class='ocr_line' id='line_1_1' title="bbox 300 454 405 513; baseline -0.019 0"><span class='ocrx_word' id='word_1_1' title='bbox 300 454 405 513; x_wconf 70' lang='grc'><strong>521</strong></span> 
     </span>
    </p>
   </div>
   <div class='ocr_carea' id='block_1_2' title="bbox 1262 444 2600 511">
    <p class='ocr_par' dir='ltr' id='par_1_2' title="bbox 1262 444 2600 511">
     <span class='ocr_line' id='line_1_2' title="bbox 1262 444 2600 511; baseline -0.003 -2"><span class='ocrx_word' id='word_1_2' title='bbox 1262 447 1586 511; x_wconf 80' lang='lat' dir='ltr'><strong>HISTORIA</strong></span> <span class='ocrx_word' id='word_1_3' title='bbox 1622 444 2067 508; x_wconf 80' lang='lat' dir='ltr'><strong>FBANCORUM.</strong></span> <span class='ocrx_word' id='word_1_4' title='bbox 2112 446 2318 507; x_wconf 85' lang='lat' dir='ltr'><strong>LIBER</strong></span> <span class='ocrx_word' id='word_1_5' title='bbox 2354 447 2600 507; x_wconf 82' lang='lat' dir='ltr'><strong>NONUS.</strong></span> 
     </span>
    </p>
   </div>
   <div class='ocr_carea' id='block_1_3' title="bbox 3481 459 3589 518">
    <p class='ocr_par' dir='ltr' id='par_1_3' title="bbox 3481 459 3589 518">
     <span class='ocr_line' id='line_1_3' title="bbox 3481 459 3589 518; baseline 0 0"><span class='ocrx_word' id='word_1_6' title='bbox 3481 459 3589 518; x_wconf 64' lang='lat'><strong>52$</strong></span> 
     </span>
    </p>
   </div>
   <div class='ocr_carea' id='block_1_4' title="bbox 300 569 3589 644">
    <p class='ocr_par' dir='ltr' id='par_1_4' title="bbox 300 569 3589 644">
     <span class='ocr_line' id='line_1_4' title="bbox 300 569 3589 644; baseline 0.001 -10"><span class='ocrx_word' id='word_1_7' title='bbox 300 573 563 641; x_wconf 78' lang='lat' dir='ltr'><strong>nissimis,</strong></span> <span class='ocrx_word' id='word_1_8' title='bbox 616 573 963 644; x_wconf 81' lang='lat' dir='ltr'><strong>Gundegisilo</strong></span> <span class='ocrx_word' id='word_1_9' title='bbox 998 615 1013 641; x_wconf 95' lang='lat'><strong>,</strong></span> <span class='ocrx_word' id='word_1_10' title='bbox 1044 573 1257 632; x_wconf 86' lang='lat' dir='ltr'><strong>Nicasio</strong></span> <span class='ocrx_word' id='word_1_11' title='bbox 1286 584 1341 632; x_wconf 90' lang='lat' dir='ltr'><strong>et</strong></span> <span class='ocrx_word' id='word_1_12' title='bbox 1370 575 1596 631; x_wconf 79' lang='lat' dir='ltr'><strong>Saﬂ&#39;ario</strong></span> <span class='ocrx_word' id='word_1_13' title='bbox 1617 584 1668 640; x_wconf 83' lang='grc' dir='ltr'><strong>ι,</strong></span> <span class='ocrx_word' id='word_1_14' title='bbox 1700 574 1895 629; x_wconf 65' lang='grc' dir='ltr'><strong>Ᾱτῖιιιθ-</strong></span> <span class='ocrx_word' id='word_1_15' title='bbox 1926 577 1975 636; x_wconf 78' lang='grc' dir='ltr'><strong>Α</strong></span> <span class='ocrx_word' id='word_1_16' title='bbox 2000 584 2101 640; x_wconf 88' lang='lat' dir='ltr'><strong>pus</strong></span> <span class='ocrx_word' id='word_1_17' title='bbox 2130 578 2440 627; x_wconf 79' lang='lat' dir='ltr'><strong>reverenter</strong></span> <span class='ocrx_word' id='word_1_18' title='bbox 2486 571 2681 627; x_wconf 87' lang='lat' dir='ltr'><strong>saluto.</strong></span> <span class='ocrx_word' id='word_1_19' title='bbox 2730 569 2981 629; x_wconf 88' lang='lat' dir='ltr'><strong>Famulns</strong></span> <span class='ocrx_word' id='word_1_20' title='bbox 3020 580 3199 630; x_wconf 87' lang='lat' dir='ltr'><strong>vester</strong></span> <span class='ocrx_word' id='word_1_21' title='bbox 3237 574 3388 632; x_wconf 83' lang='lat' dir='ltr'><strong>Felix</strong></span> <span class='ocrx_word' id='word_1_22' title='bbox 3437 580 3589 638; x_wconf 86' lang='lat' dir='ltr'><strong>salu-</strong></span> 
     </span>
    </p>
   </div>
   <div class='ocr_carea' id='block_1_5' title="bbox 302 665 1888 739">
    <p class='ocr_par' dir='ltr' id='par_1_5' title="bbox 302 665 1888 739">
     <span class='ocr_line' id='line_1_5' title="bbox 302 665 1888 739; baseline -0.004 -14"><span class='ocrx_word' id='word_1_23' title='bbox 302 668 439 733; x_wconf 86' lang='lat' dir='ltr'><strong>l&#39;ius,</strong></span> <span class='ocrx_word' id='word_1_24' title='bbox 474 667 751 738; x_wconf 83' lang='lat' dir='ltr'><strong>Syagrius,</strong></span> <span class='ocrx_word' id='word_1_25' title='bbox 782 665 1185 733; x_wconf 78' lang='lat' dir='ltr'><strong>Aunacharius,</strong></span> <span class='ocrx_word' id='word_1_26' title='bbox 1230 666 1554 739; x_wconf 82' lang='lat' dir='ltr'><strong>Hesychius,</strong></span> <span class='ocrx_word' id='word_1_27' title='bbox 1588 665 1888 735; x_wconf 75' lang='lat' dir='ltr'><strong>Agrtecola,</strong></span> 
     </span>
    </p>
   </div>
   <div class='ocr_carea' id='block_1_6' title="bbox 302 757 1894 828">
    <p class='ocr_par' dir='ltr' id='par_1_6' title="bbox 302 757 1894 828">
     <span class='ocr_line' id='line_1_6' title="bbox 302 757 1894 828; baseline -0.003 -13"><span class='ocrx_word' id='word_1_28' title='bbox 302 757 557 825; x_wconf 81' lang='lat' dir='ltr'><strong>Urbicus,</strong></span> <span class='ocrx_word' id='word_1_29' title='bbox 588 758 767 825; x_wconf 84' lang='lat' dir='ltr'><strong>Felix,</strong></span> <span class='ocrx_word' id='word_1_30' title='bbox 799 759 1061 828; x_wconf 83' lang='lat' dir='ltr'><strong>Veranus,</strong></span> <span class='ocrx_word' id='word_1_31' title='bbox 1099 761 1225 814; x_wconf 91' lang='lat' dir='ltr'><strong>item</strong></span> <span class='ocrx_word' id='word_1_32' title='bbox 1256 758 1429 824; x_wconf 81' lang='lat' dir='ltr'><strong>Felix,</strong></span> <span class='ocrx_word' id='word_1_33' title='bbox 1468 767 1524 814; x_wconf 80' lang='lat' dir='ltr'><strong>et</strong></span> <span class='ocrx_word' id='word_1_34' title='bbox 1554 757 1894 814; x_wconf 86' lang='lat' dir='ltr'><strong>Bertchram-</strong></span> 
     </span>
    </p>
   </div>
   <div class='ocr_carea' id='block_1_7' title="bbox 305 849 1895 920">
    <p class='ocr_par' dir='ltr' id='par_1_7' title="bbox 305 849 1895 920">
     <span class='ocr_line' id='line_1_7' title="bbox 305 849 1895 920; baseline -0.002 -14"><span class='ocrx_word' id='word_1_35' title='bbox 305 864 412 906; x_wconf 88' lang='lat' dir='ltr'><strong>nus</strong></span> <span class='ocrx_word' id='word_1_36' title='bbox 443 850 707 920; x_wconf 83' lang='lat' dir='ltr'><strong>episcopi.</strong></span> <span class='ocrx_word' id='word_1_37' title='bbox 748 849 979 907; x_wconf 87' lang='lat' dir='ltr'><strong>Litteras</strong></span> <span class='ocrx_word' id='word_1_38' title='bbox 1004 861 1195 906; x_wconf 72' lang='lat' dir='ltr'><strong>vestra:</strong></span> <span class='ocrx_word' id='word_1_39' title='bbox 1225 849 1591 917; x_wconf 84' lang='lat' dir='ltr'><strong>beatitudinis,</strong></span> <span class='ocrx_word' id='word_1_40' title='bbox 1639 857 1895 920; x_wconf 89' lang='lat' dir='ltr'><strong>quantum</strong></span> 
     </span>
    </p>
   </div>
   <div class='ocr_carea' id='block_1_8' title="bbox 302 940 1895 1014">
    <p class='ocr_par' dir='ltr' id='par_1_8' title="bbox 302 940 1895 1014">
     <span class='ocr_line' id='line_1_8' title="bbox 302 940 1895 1014; baseline -0.001 -17"><span class='ocrx_word' id='word_1_41' title='bbox 302 940 585 997; x_wconf 71' lang='lat' dir='ltr'><strong>reserante</strong></span> <span class='ocrx_word' id='word_1_42' title='bbox 611 942 800 996; x_wconf 91' lang='lat' dir='ltr'><strong>nuntio</strong></span> <span class='ocrx_word' id='word_1_43' title='bbox 846 942 915 998; x_wconf 92' lang='lat' dir='ltr'><strong>de</strong></span> <span class='ocrx_word' id='word_1_44' title='bbox 952 951 1125 997; x_wconf 88' lang='lat' dir='ltr'><strong>vestra</strong></span> <span class='ocrx_word' id='word_1_45' title='bbox 1157 944 1419 1014; x_wconf 77' lang='lat' dir='ltr'><strong>SOSpitate</strong></span> <span class='ocrx_word' id='word_1_46' title='bbox 1446 941 1633 1013; x_wconf 78' lang='lat' dir='ltr'><strong>gavisi,</strong></span> <span class='ocrx_word' id='word_1_47' title='bbox 1682 940 1895 1009; x_wconf 87' lang='lat' dir='ltr'><strong>excepi-</strong></span> 
     </span>
    </p>
   </div>
   <div class='ocr_carea' id='block_1_9' title="bbox 300 1031 1896 1104">
    <p class='ocr_par' dir='ltr' id='par_1_9' title="bbox 300 1031 1896 1104">
     <span class='ocr_line' id='line_1_9' title="bbox 300 1031 1896 1104; baseline -0.002 -16"><span class='ocrx_word' id='word_1_48' title='bbox 300 1047 445 1100; x_wconf 86' lang='lat' dir='ltr'><strong>mus,</strong></span> <span class='ocrx_word' id='word_1_49' title='bbox 479 1039 683 1087; x_wconf 90' lang='lat' dir='ltr'><strong>tantum</strong></span> <span class='ocrx_word' id='word_1_50' title='bbox 715 1034 784 1088; x_wconf 92' lang='lat' dir='ltr'><strong>de</strong></span> <span class='ocrx_word' id='word_1_51' title='bbox 822 1033 1015 1104; x_wconf 88' lang='lat' dir='ltr'><strong>injuria</strong></span> <span class='ocrx_word' id='word_1_52' title='bbox 1054 1050 1212 1104; x_wconf 90' lang='lat' dir='ltr'><strong>quam</strong></span> <span class='ocrx_word' id='word_1_53' title='bbox 1258 1049 1356 1089; x_wconf 88' lang='lat' dir='ltr'><strong>vos</strong></span> <span class='ocrx_word' id='word_1_54' title='bbox 1388 1033 1676 1103; x_wconf 84' lang='lat' dir='ltr'><strong>pertulisse</strong></span> <span class='ocrx_word' id='word_1_55' title='bbox 1718 1031 1896 1101; x_wconf 83' lang='lat' dir='ltr'><strong>signa-</strong></span> 
     </span>
    </p>
   </div>
   <div class='ocr_carea' id='block_1_10' title="bbox 302 1124 1895 1197">
    <p class='ocr_par' dir='ltr' id='par_1_10' title="bbox 302 1124 1895 1197">
     <span class='ocr_line' id='line_1_10' title="bbox 302 1124 1895 1197; baseline 0.002 -20"><span class='ocrx_word' id='word_1_56' title='bbox 302 1124 423 1188; x_wconf 85' lang='lat' dir='ltr'><strong>stis,</strong></span> <span class='ocrx_word' id='word_1_57' title='bbox 479 1139 587 1178; x_wconf 91' lang='lat' dir='ltr'><strong>non</strong></span> <span class='ocrx_word' id='word_1_58' title='bbox 620 1124 832 1181; x_wconf 91' lang='lat' dir='ltr'><strong>modico</strong></span> <span class='ocrx_word' id='word_1_59' title='bbox 863 1140 1097 1182; x_wconf 64' lang='lat' dir='ltr'><strong>maerore</strong></span> <span class='ocrx_word' id='word_1_60' title='bbox 1140 1126 1517 1197; x_wconf 86' lang='lat' dir='ltr'><strong>astringimur;</strong></span> <span class='ocrx_word' id='word_1_61' title='bbox 1549 1125 1675 1179; x_wconf 92' lang='lat' dir='ltr'><strong>dum</strong></span> <span class='ocrx_word' id='word_1_62' title='bbox 1714 1132 1767 1179; x_wconf 92' lang='lat' dir='ltr'><strong>et</strong></span> <span class='ocrx_word' id='word_1_63' title='bbox 1805 1127 1895 1180; x_wconf 75' lang='lat' dir='ltr'><strong>te-</strong></span> 
     </span>
    </p>
   </div>
   <div class='ocr_carea' id='block_1_11' title="bbox 302 1213 1890 1284">
    <p class='ocr_par' dir='ltr' id='par_1_11' title="bbox 302 1213 1890 1284">
     <span class='ocr_line' id='line_1_11' title="bbox 302 1213 1890 1284; baseline 0.001 -18"><span class='ocrx_word' id='word_1_64' title='bbox 302 1213 427 1284; x_wconf 76' lang='lat' dir='ltr'><strong>gula</strong></span> <span class='ocrx_word' id='word_1_65' title='bbox 460 1215 877 1283; x_wconf 88' lang='lat' dir='ltr'><strong>transcenditur,</strong></span> <span class='ocrx_word' id='word_1_66' title='bbox 910 1226 967 1271; x_wconf 93' lang='lat' dir='ltr'><strong>et</strong></span> <span class='ocrx_word' id='word_1_67' title='bbox 996 1216 1141 1272; x_wconf 91' lang='lat' dir='ltr'><strong>nulla</strong></span> <span class='ocrx_word' id='word_1_68' title='bbox 1164 1216 1466 1271; x_wconf 87' lang='lat' dir='ltr'><strong>reverentia</strong></span> <span class='ocrx_word' id='word_1_69' title='bbox 1498 1214 1743 1284; x_wconf 77' lang='lat' dir='ltr'><strong>religioni</strong></span> <span class='ocrx_word' id='word_1_70' title='bbox 1768 1227 1890 1269; x_wconf 89' lang='lat' dir='ltr'><strong>ser-</strong></span> 
     </span>
    </p>
   </div>
   <div class='ocr_carea' id='block_1_12' title="bbox 302 1304 1899 1375">
    <p class='ocr_par' dir='ltr' id='par_1_12' title="bbox 302 1304 1899 1375">
     <span class='ocr_line' id='line_1_12' title="bbox 302 1304 1899 1375; baseline -0.001 -16"><span class='ocrx_word' id='word_1_71' title='bbox 302 1311 484 1359; x_wconf 81' lang='lat' dir='ltr'><strong>vatur.</strong></span> <span class='ocrx_word' id='word_1_72' title='bbox 532 1305 637 1361; x_wconf 85' lang='lat' dir='ltr'><strong>Sed</strong></span> <span class='ocrx_word' id='word_1_73' title='bbox 668 1307 791 1374; x_wconf 88' lang='lat' dir='ltr'><strong>quia</strong></span> <span class='ocrx_word' id='word_1_74' title='bbox 836 1306 1110 1361; x_wconf 85' lang='lat' dir='ltr'><strong>indicastis</strong></span> <span class='ocrx_word' id='word_1_75' title='bbox 1160 1305 1477 1369; x_wconf 85' lang='lat' dir='ltr'><strong>menachas,</strong></span> <span class='ocrx_word' id='word_1_76' title='bbox 1522 1320 1641 1375; x_wconf 74' lang='lat' dir='ltr'><strong>quae</strong></span> <span class='ocrx_word' id='word_1_77' title='bbox 1679 1304 1747 1360; x_wconf 86' lang='lat' dir='ltr'><strong>de</strong></span> <span class='ocrx_word' id='word_1_78' title='bbox 1783 1319 1899 1359; x_wconf 85' lang='lat' dir='ltr'><strong>mo-</strong></span> 
     </span>
    </p>
   </div>
   <div class='ocr_carea' id='block_1_13' title="bbox 302 1396 1899 1470">
    <p class='ocr_par' dir='ltr' id='par_1_13' title="bbox 302 1396 1899 1470">
     <span class='ocr_line' id='line_1_13' title="bbox 302 1396 1899 1470; baseline 0.001 -21"><span class='ocrx_word' id='word_1_79' title='bbox 302 1397 544 1451; x_wconf 87' lang='lat' dir='ltr'><strong>nasterio</strong></span> <span class='ocrx_word' id='word_1_80' title='bbox 574 1396 729 1452; x_wconf 74' lang='lat' dir='ltr'><strong>bona:</strong></span> <span class='ocrx_word' id='word_1_81' title='bbox 760 1397 1037 1454; x_wconf 77' lang='lat' dir='ltr'><strong>memoriae</strong></span> <span class='ocrx_word' id='word_1_82' title='bbox 1076 1397 1437 1470; x_wconf 71' lang='lat' dir='ltr'><strong>Radcgunilis,</strong></span> <span class='ocrx_word' id='word_1_83' title='bbox 1475 1396 1758 1468; x_wconf 80' lang='lat' dir='ltr'><strong>instigante</strong></span> <span class='ocrx_word' id='word_1_84' title='bbox 1786 1397 1899 1451; x_wconf 91' lang='lat' dir='ltr'><strong>dia-</strong></span> 
     </span>
    </p>
   </div>
   <div class='ocr_carea' id='block_1_14' title="bbox 303 1489 1899 1565">
    <p class='ocr_par' dir='ltr' id='par_1_14' title="bbox 303 1489 1899 1565">
     <span class='ocr_line' id='line_1_14' title="bbox 303 1489 1899 1565; baseline 0.001 -20"><span class='ocrx_word' id='word_1_85' title='bbox 303 1490 453 1556; x_wconf 81' lang='lat' dir='ltr'><strong>bolo,</strong></span> <span class='ocrx_word' id='word_1_86' title='bbox 482 1489 703 1547; x_wconf 90' lang='lat' dir='ltr'><strong>fuerunt</strong></span> <span class='ocrx_word' id='word_1_87' title='bbox 729 1493 1008 1565; x_wconf 67' lang='lat' dir='ltr'><strong>digressm,</strong></span> <span class='ocrx_word' id='word_1_88' title='bbox 1045 1494 1187 1563; x_wconf 92' lang='lat' dir='ltr'><strong>quod</strong></span> <span class='ocrx_word' id='word_1_89' title='bbox 1218 1494 1420 1549; x_wconf 88' lang='lat' dir='ltr'><strong>nullam</strong></span> <span class='ocrx_word' id='word_1_90' title='bbox 1450 1508 1481 1547; x_wconf 91' lang='lat' dir='ltr'><strong>a</strong></span> <span class='ocrx_word' id='word_1_91' title='bbox 1503 1492 1654 1547; x_wconf 85' lang='lat' dir='ltr'><strong>vobis</strong></span> <span class='ocrx_word' id='word_1_92' title='bbox 1684 1492 1899 1561; x_wconf 83' lang='lat' dir='ltr'><strong>acquie—</strong></span> 
     </span>
    </p>
   </div>
   <div class='ocr_carea' id='block_1_15' title="bbox 304 1583 1897 1659">
    <p class='ocr_par' dir='ltr' id='par_1_15' title="bbox 304 1583 1897 1659">
     <span class='ocr_line' id='line_1_15' title="bbox 304 1583 1897 1659; baseline -0.001 -20"><span class='ocrx_word' id='word_1_93' title='bbox 304 1585 481 1640; x_wconf 82' lang='lat' dir='ltr'><strong>verint</strong></span> <span class='ocrx_word' id='word_1_94' title='bbox 528 1588 920 1642; x_wconf 86' lang='lat' dir='ltr'><strong>correctionem</strong></span> <span class='ocrx_word' id='word_1_95' title='bbox 951 1587 1157 1652; x_wconf 91' lang='lat' dir='ltr'><strong>audire,</strong></span> <span class='ocrx_word' id='word_1_96' title='bbox 1198 1586 1358 1659; x_wconf 63' lang='lat'><strong>471</strong></span> <span class='ocrx_word' id='word_1_97' title='bbox 1394 1601 1493 1641; x_wconf 91' lang='lat' dir='ltr'><strong>nec</strong></span> <span class='ocrx_word' id='word_1_98' title='bbox 1539 1583 1675 1639; x_wconf 89' lang='lat' dir='ltr'><strong>infra</strong></span> <span class='ocrx_word' id='word_1_99' title='bbox 1708 1598 1897 1638; x_wconf 90' lang='lat' dir='ltr'><strong>mona-</strong></span> 
     </span>
    </p>
   </div>
   <div class='ocr_carea' id='block_1_16' title="bbox 306 1675 1898 1749">
    <p class='ocr_par' dir='ltr' id='par_1_16' title="bbox 306 1675 1898 1749">
     <span class='ocr_line' id='line_1_16' title="bbox 306 1675 1898 1749; baseline 0 -19"><span class='ocrx_word' id='word_1_100' title='bbox 306 1675 457 1730; x_wconf 80' lang='lat' dir='ltr'><strong>sterii</strong></span> <span class='ocrx_word' id='word_1_101' title='bbox 485 1675 569 1731; x_wconf 83' lang='lat' dir='ltr'><strong>sui</strong></span> <span class='ocrx_word' id='word_1_102' title='bbox 595 1686 771 1746; x_wconf 90' lang='lat' dir='ltr'><strong>septa,</strong></span> <span class='ocrx_word' id='word_1_103' title='bbox 813 1678 880 1733; x_wconf 91' lang='lat' dir='ltr'><strong>de</strong></span> <span class='ocrx_word' id='word_1_104' title='bbox 909 1693 1016 1747; x_wconf 90' lang='lat' dir='ltr'><strong>quo</strong></span> <span class='ocrx_word' id='word_1_105' title='bbox 1053 1692 1285 1749; x_wconf 68' lang='lat' dir='ltr'><strong>egressae</strong></span> <span class='ocrx_word' id='word_1_106' title='bbox 1320 1678 1555 1743; x_wconf 81' lang='lat' dir='ltr'><strong>fuerant,</strong></span> <span class='ocrx_word' id='word_1_107' title='bbox 1601 1675 1898 1730; x_wconf 90' lang='lat' dir='ltr'><strong>voluissent</strong></span> 
     </span>
    </p>
   </div>
   <div class='ocr_carea' id='block_1_17' title="bbox 306 1767 1897 1840">
    <p class='ocr_par' dir='ltr' id='par_1_17' title="bbox 306 1767 1897 1840">
     <span class='ocr_line' id='line_1_17' title="bbox 306 1767 1897 1840; baseline 0.001 -18"><span class='ocrx_word' id='word_1_108' title='bbox 306 1769 508 1823; x_wconf 83' lang='lat' dir='ltr'><strong>reverti</strong></span> <span class='ocrx_word' id='word_1_109' title='bbox 544 1786 557 1821; x_wconf 92' lang='lat'>:</span> <span class='ocrx_word' id='word_1_110' title='bbox 590 1770 813 1840; x_wconf 91' lang='lat' dir='ltr'><strong>insuper</strong></span> <span class='ocrx_word' id='word_1_111' title='bbox 851 1770 1088 1825; x_wconf 64' lang='lat' dir='ltr'><strong>basilicae</strong></span> <span class='ocrx_word' id='word_1_112' title='bbox 1127 1768 1309 1825; x_wconf 85' lang='lat' dir='ltr'><strong>domui</strong></span> <span class='ocrx_word' id='word_1_113' title='bbox 1360 1769 1544 1824; x_wconf 88' lang='lat' dir='ltr'><strong>Hilarii</strong></span> <span class='ocrx_word' id='word_1_114' title='bbox 1584 1783 1679 1837; x_wconf 88' lang='lat' dir='ltr'><strong>per</strong></span> <span class='ocrx_word' id='word_1_115' title='bbox 1721 1767 1897 1823; x_wconf 82' lang='lat' dir='ltr'><strong>caedes</strong></span> 
     </span>
    </p>
   </div>
   <div class='ocr_carea' id='block_1_18' title="bbox 304 1861 1898 1933">
    <p class='ocr_par' dir='ltr' id='par_1_18' title="bbox 304 1861 1898 1933">
     <span class='ocr_line' id='line_1_18' title="bbox 304 1861 1898 1933; baseline -0.001 -16"><span class='ocrx_word' id='word_1_116' title='bbox 304 1871 514 1918; x_wconf 83' lang='lat' dir='ltr'><strong>vestras</strong></span> <span class='ocrx_word' id='word_1_117' title='bbox 538 1874 953 1933; x_wconf 88' lang='lat' dir='ltr'><strong>vestrorumque</strong></span> <span class='ocrx_word' id='word_1_118' title='bbox 975 1863 1227 1932; x_wconf 90' lang='lat' dir='ltr'><strong>injuriam</strong></span> <span class='ocrx_word' id='word_1_119' title='bbox 1260 1863 1524 1917; x_wconf 87' lang='lat' dir='ltr'><strong>intulisse.</strong></span> <span class='ocrx_word' id='word_1_120' title='bbox 1561 1861 1898 1930; x_wconf 83' lang='lat' dir='ltr'><strong>Quapmpter</strong></span> 
     </span>
    </p>
   </div>
   <div class='ocr_carea' id='block_1_19' title="bbox 1998 663 3591 739">
    <p class='ocr_par' dir='ltr' id='par_1_19' title="bbox 1998 663 3591 739">
     <span class='ocr_line' id='line_1_19' title="bbox 1998 663 3591 739; baseline 0.007 -20"><span class='ocrx_word' id='word_1_121' title='bbox 1998 674 2113 719; x_wconf 90' lang='lat' dir='ltr'><strong>tare</strong></span> <span class='ocrx_word' id='word_1_122' title='bbox 2147 678 2437 734; x_wconf 64' lang='lat' dir='ltr'><strong>praesumo.</strong></span> <span class='ocrx_word' id='word_1_123' title='bbox 2479 663 2705 719; x_wconf 87' lang='lat' dir='ltr'><strong>Humilis</strong></span> <span class='ocrx_word' id='word_1_124' title='bbox 2748 672 2929 720; x_wconf 81' lang='lat' dir='ltr'><strong>vester</strong></span> <span class='ocrx_word' id='word_1_125' title='bbox 2973 674 3134 735; x_wconf 85' lang='lat' dir='ltr'><strong>atque</strong></span> <span class='ocrx_word' id='word_1_126' title='bbox 3175 665 3340 739; x_wconf 72' lang='grc'><strong>472</strong></span> <span class='ocrx_word' id='word_1_127' title='bbox 3381 677 3591 730; x_wconf 76' lang='lat' dir='ltr'><strong>amator</strong></span> 
     </span>
    </p>
   </div>
   <div class='ocr_carea' id='block_1_20' title="bbox 1998 755 3589 827">
    <p class='ocr_par' dir='ltr' id='par_1_20' title="bbox 1998 755 3589 827">
     <span class='ocr_line' id='line_1_20' title="bbox 1998 755 3589 827; baseline 0.003 -14"><span class='ocrx_word' id='word_1_128' title='bbox 1998 756 2150 813; x_wconf 81' lang='lat' dir='ltr'><strong>Felix</strong></span> <span class='ocrx_word' id='word_1_129' title='bbox 2180 756 2356 812; x_wconf 87' lang='lat' dir='ltr'><strong>audeo</strong></span> <span class='ocrx_word' id='word_1_130' title='bbox 2383 755 2644 813; x_wconf 91' lang='lat' dir='ltr'><strong>salutare.</strong></span> <span class='ocrx_word' id='word_1_131' title='bbox 2674 756 2900 812; x_wconf 85' lang='lat' dir='ltr'><strong>Humilis</strong></span> <span class='ocrx_word' id='word_1_132' title='bbox 2927 767 3086 827; x_wconf 91' lang='lat' dir='ltr'><strong>atque</strong></span> <span class='ocrx_word' id='word_1_133' title='bbox 3115 759 3377 823; x_wconf 89' lang='lat' dir='ltr'><strong>obediens</strong></span> <span class='ocrx_word' id='word_1_134' title='bbox 3408 774 3589 824; x_wconf 81' lang='lat' dir='ltr'><strong>vester</strong></span> 
     </span>
    </p>
   </div>
   <div class='ocr_carea' id='block_1_21' title="bbox 1996 849 3347 922">
    <p class='ocr_par' dir='ltr' id='par_1_21' title="bbox 1996 849 3347 922">
     <span class='ocr_line' id='line_1_21' title="bbox 1996 849 3347 922; baseline 0.001 -16"><span class='ocrx_word' id='word_1_135' title='bbox 1996 849 2416 906; x_wconf 87' lang='lat' dir='ltr'><strong>Bertchramnus</strong></span> <span class='ocrx_word' id='word_1_136' title='bbox 2444 851 2728 920; x_wconf 88' lang='lat' dir='ltr'><strong>episcopus</strong></span> <span class='ocrx_word' id='word_1_137' title='bbox 2757 850 2992 907; x_wconf 89' lang='lat' dir='ltr'><strong>salutare</strong></span> <span class='ocrx_word' id='word_1_138' title='bbox 3014 867 3298 922; x_wconf 87' lang='lat' dir='ltr'><strong>praesumo.</strong></span> <span class='ocrx_word' id='word_1_139' title='bbox 3327 874 3347 908; x_wconf 72' lang='grc' dir='ltr'><strong><em>ι</em></strong></span> 
     </span>
    </p>
   </div>
   <div class='ocr_carea' id='block_1_22' title="bbox 2070 942 3591 1019">
    <p class='ocr_par' dir='ltr' id='par_1_22' title="bbox 2070 942 3591 1019">
     <span class='ocr_line' id='line_1_22' title="bbox 2070 942 3591 1019; baseline 0.005 -21"><span class='ocrx_word' id='word_1_140' title='bbox 2070 942 2231 1000; x_wconf 68' lang='grc' dir='ltr'><strong>χιιι.</strong></span> <span class='ocrx_word' id='word_1_141' title='bbox 2274 943 2379 1000; x_wconf 89' lang='lat' dir='ltr'><strong>Sed</strong></span> <span class='ocrx_word' id='word_1_142' title='bbox 2415 952 2469 999; x_wconf 91' lang='lat' dir='ltr'><strong>et</strong></span> <span class='ocrx_word' id='word_1_143' title='bbox 2510 943 2776 999; x_wconf 86' lang='lat' dir='ltr'><strong>abbatissa</strong></span> <span class='ocrx_word' id='word_1_144' title='bbox 2818 945 3064 999; x_wconf 86' lang='lat' dir='ltr'><strong>recitavit</strong></span> <span class='ocrx_word' id='word_1_145' title='bbox 3102 946 3383 1016; x_wconf 87' lang='lat' dir='ltr'><strong>epistolam</strong></span> <span class='ocrx_word' id='word_1_146' title='bbox 3429 963 3591 1019; x_wconf 88' lang='lat' dir='ltr'><strong>quam</strong></span> 
     </span>
    </p>
   </div>
   <div class='ocr_carea' id='block_1_23' title="bbox 2000 1034 3592 1109">
    <p class='ocr_par' dir='ltr' id='par_1_23' title="bbox 2000 1034 3592 1109">
     <span class='ocr_line' id='line_1_23' title="bbox 2000 1034 3592 1109; baseline 0.003 -19"><span class='ocrx_word' id='word_1_147' title='bbox 2000 1035 2160 1091; x_wconf 91' lang='lat' dir='ltr'><strong>beata</strong></span> <span class='ocrx_word' id='word_1_148' title='bbox 2188 1034 2532 1105; x_wconf 84' lang='lat' dir='ltr'><strong>Radegundis</strong></span> <span class='ocrx_word' id='word_1_149' title='bbox 2556 1035 2826 1106; x_wconf 88' lang='lat' dir='ltr'><strong>episcopis</strong></span> <span class='ocrx_word' id='word_1_150' title='bbox 2846 1074 2862 1102; x_wconf 92' lang='lat'><strong>,</strong></span> <span class='ocrx_word' id='word_1_151' title='bbox 2894 1035 2985 1105; x_wconf 89' lang='lat' dir='ltr'><strong>qui</strong></span> <span class='ocrx_word' id='word_1_152' title='bbox 3013 1050 3112 1092; x_wconf 89' lang='lat' dir='ltr'><strong>suo</strong></span> <span class='ocrx_word' id='word_1_153' title='bbox 3145 1044 3388 1109; x_wconf 87' lang='lat' dir='ltr'><strong>tempore</strong></span> <span class='ocrx_word' id='word_1_154' title='bbox 3414 1047 3592 1108; x_wconf 84' lang='lat' dir='ltr'><strong>erant,</strong></span> 
     </span>
    </p>
   </div>
   <div class='ocr_carea' id='block_1_24' title="bbox 2000 1124 3594 1197">
    <p class='ocr_par' dir='ltr' id='par_1_24' title="bbox 2000 1124 3594 1197">
     <span class='ocr_line' id='line_1_24' title="bbox 2000 1124 3594 1197; baseline 0.004 -16"><span class='ocrx_word' id='word_1_155' title='bbox 2000 1124 2157 1195; x_wconf 84' lang='lat' dir='ltr'><strong>dirigi</strong></span> <span class='ocrx_word' id='word_1_156' title='bbox 2222 1125 2411 1180; x_wconf 91' lang='lat' dir='ltr'><strong>voluit.</strong></span> <span class='ocrx_word' id='word_1_157' title='bbox 2468 1124 2634 1195; x_wconf 86' lang='lat' dir='ltr'><strong>Cujus</strong></span> <span class='ocrx_word' id='word_1_158' title='bbox 2687 1140 2830 1180; x_wconf 90' lang='lat' dir='ltr'><strong>nunc</strong></span> <span class='ocrx_word' id='word_1_159' title='bbox 2885 1127 3079 1182; x_wconf 89' lang='lat' dir='ltr'><strong>iterum</strong></span> <span class='ocrx_word' id='word_1_160' title='bbox 3141 1128 3253 1197; x_wconf 89' lang='lat' dir='ltr'><strong>ipsa</strong></span> <span class='ocrx_word' id='word_1_161' title='bbox 3316 1129 3594 1187; x_wconf 86' lang='lat' dir='ltr'><strong>abbatissa</strong></span> 
     </span>
    </p>
   </div>
   <div class='ocr_carea' id='block_1_25' title="bbox 1999 1216 3590 1291">
    <p class='ocr_par' dir='ltr' id='par_1_25' title="bbox 1999 1216 3590 1291">
     <span class='ocr_line' id='line_1_25' title="bbox 1999 1216 3590 1291; baseline 0.004 -18"><span class='ocrx_word' id='word_1_162' title='bbox 1999 1216 2329 1285; x_wconf 79' lang='lat' dir='ltr'><strong>exemplaria</strong></span> <span class='ocrx_word' id='word_1_163' title='bbox 2355 1217 2421 1272; x_wconf 91' lang='lat' dir='ltr'><strong>ad</strong></span> <span class='ocrx_word' id='word_1_164' title='bbox 2451 1216 2748 1272; x_wconf 89' lang='lat' dir='ltr'><strong>vicinarum</strong></span> <span class='ocrx_word' id='word_1_165' title='bbox 2774 1217 2985 1274; x_wconf 88' lang='lat' dir='ltr'><strong>urbium</strong></span> <span class='ocrx_word' id='word_1_166' title='bbox 3015 1220 3322 1278; x_wconf 87' lang='lat' dir='ltr'><strong>sacerdotes</strong></span> <span class='ocrx_word' id='word_1_167' title='bbox 3351 1222 3548 1280; x_wconf 87' lang='lat' dir='ltr'><strong>direxit</strong></span> <span class='ocrx_word' id='word_1_168' title='bbox 3574 1241 3590 1291; x_wconf 92' lang='lat'><strong>;</strong></span> 
     </span>
    </p>
   </div>
   <div class='ocr_carea' id='block_1_26' title="bbox 1999 1311 2716 1382">
    <p class='ocr_par' dir='ltr' id='par_1_26' title="bbox 1999 1311 2716 1382">
     <span class='ocr_line' id='line_1_26' title="bbox 1999 1311 2716 1382; baseline -0.003 -16"><span class='ocrx_word' id='word_1_169' title='bbox 1999 1312 2154 1382; x_wconf 88' lang='lat' dir='ltr'><strong>cujus</strong></span> <span class='ocrx_word' id='word_1_170' title='bbox 2183 1311 2286 1368; x_wconf 90' lang='lat' dir='ltr'><strong>hoc</strong></span> <span class='ocrx_word' id='word_1_171' title='bbox 2312 1319 2396 1368; x_wconf 90' lang='lat' dir='ltr'><strong>est</strong></span> <span class='ocrx_word' id='word_1_172' title='bbox 2422 1312 2716 1380; x_wconf 81' lang='lat' dir='ltr'><strong>exemplar.</strong></span> 
     </span>
    </p>
   </div>
   <div class='ocr_carea' id='block_1_27' title="bbox 2486 1417 3103 1458">
    <p class='ocr_par' dir='ltr' id='par_1_27' title="bbox 2486 1417 3103 1458">
     <span class='ocr_line' id='line_1_27' title="bbox 2486 1417 3103 1458; baseline 0.003 -2"><span class='ocrx_word' id='word_1_173' title='bbox 2486 1417 2769 1458; x_wconf 67' lang='lat' dir='ltr'><strong>EXEIIPLAB</strong></span> <span class='ocrx_word' id='word_1_174' title='bbox 2807 1417 3103 1458; x_wconf 62' lang='lat' dir='ltr'><strong>EPISTOLE.</strong></span> 
     </span>
    </p>
   </div>
   <div class='ocr_carea' id='block_1_28' title="bbox 2078 1492 3592 1565">
    <p class='ocr_par' dir='ltr' id='par_1_28' title="bbox 2078 1492 3592 1565">
     <span class='ocr_line' id='line_1_28' title="bbox 2078 1492 3592 1565; baseline 0.007 -22"><span class='ocrx_word' id='word_1_175' title='bbox 2078 1509 2097 1542; x_wconf 78' lang='grc' dir='ltr'>ι</span> <span class='ocrx_word' id='word_1_176' title='bbox 2137 1492 2355 1548; x_wconf 89' lang='lat' dir='ltr'><strong>Domnis</strong></span> <span class='ocrx_word' id='word_1_177' title='bbox 2383 1494 2582 1548; x_wconf 87' lang='lat' dir='ltr'><strong>sanctis</strong></span> <span class='ocrx_word' id='word_1_178' title='bbox 2629 1503 2682 1549; x_wconf 91' lang='lat' dir='ltr'><strong>et</strong></span> <span class='ocrx_word' id='word_1_179' title='bbox 2728 1494 3020 1562; x_wconf 89' lang='lat' dir='ltr'><strong>apostolica</strong></span> <span class='ocrx_word' id='word_1_180' title='bbox 3065 1494 3194 1551; x_wconf 90' lang='lat' dir='ltr'><strong>sede</strong></span> <span class='ocrx_word' id='word_1_181' title='bbox 3240 1497 3592 1565; x_wconf 83' lang='lat' dir='ltr'><strong>dignissimis,</strong></span> 
     </span>
    </p>
   </div>
   <div class='ocr_carea' id='block_1_29' title="bbox 2001 1584 3591 1658">
    <p class='ocr_par' dir='ltr' id='par_1_29' title="bbox 2001 1584 3591 1658">
     <span class='ocr_line' id='line_1_29' title="bbox 2001 1584 3591 1658; baseline 0.003 -19"><span class='ocrx_word' id='word_1_182' title='bbox 2001 1584 2054 1640; x_wconf 92' lang='lat' dir='ltr'><strong>in</strong></span> <span class='ocrx_word' id='word_1_183' title='bbox 2081 1584 2297 1640; x_wconf 88' lang='lat' dir='ltr'><strong>Christo</strong></span> <span class='ocrx_word' id='word_1_184' title='bbox 2326 1587 2589 1655; x_wconf 86' lang='lat' dir='ltr'><strong>patribus,</strong></span> <span class='ocrx_word' id='word_1_185' title='bbox 2620 1586 2871 1640; x_wconf 90' lang='lat' dir='ltr'><strong>omnibus</strong></span> <span class='ocrx_word' id='word_1_186' title='bbox 2898 1587 3168 1655; x_wconf 88' lang='lat' dir='ltr'><strong>episcopis</strong></span> <span class='ocrx_word' id='word_1_187' title='bbox 3190 1628 3203 1652; x_wconf 93' lang='lat'><strong>,</strong></span> <span class='ocrx_word' id='word_1_188' title='bbox 3244 1587 3591 1658; x_wconf 81' lang='lat' dir='ltr'><strong>Radegundis</strong></span> 
     </span>
    </p>
   </div>
   <div class='ocr_carea' id='block_1_30' title="bbox 2003 1676 3596 1748">
    <p class='ocr_par' dir='ltr' id='par_1_30' title="bbox 2003 1676 3596 1748">
     <span class='ocr_line' id='line_1_30' title="bbox 2003 1676 3596 1748; baseline 0.003 -17"><span class='ocrx_word' id='word_1_189' title='bbox 2003 1679 2303 1746; x_wconf 86' lang='lat' dir='ltr'><strong>peccatrix.</strong></span> <span class='ocrx_word' id='word_1_190' title='bbox 2352 1677 2616 1746; x_wconf 79' lang='lat' dir='ltr'><strong>Congruze</strong></span> <span class='ocrx_word' id='word_1_191' title='bbox 2662 1676 2991 1748; x_wconf 89' lang='lat' dir='ltr'><strong>provisionis</strong></span> <span class='ocrx_word' id='word_1_192' title='bbox 3044 1688 3168 1732; x_wconf 90' lang='lat' dir='ltr'><strong>tunc</strong></span> <span class='ocrx_word' id='word_1_193' title='bbox 3221 1678 3596 1735; x_wconf 86' lang='lat' dir='ltr'><strong>roborabiliter</strong></span> 
     </span>
    </p>
   </div>
   <div class='ocr_carea' id='block_1_31' title="bbox 2003 1770 3596 1843">
    <p class='ocr_par' dir='ltr' id='par_1_31' title="bbox 2003 1770 3596 1843">
     <span class='ocr_line' id='line_1_31' title="bbox 2003 1770 3596 1843; baseline 0.003 -19"><span class='ocrx_word' id='word_1_194' title='bbox 2003 1770 2070 1824; x_wconf 91' lang='lat' dir='ltr'><strong>ad</strong></span> <span class='ocrx_word' id='word_1_195' title='bbox 2104 1770 2353 1826; x_wconf 78' lang='lat' dir='ltr'><strong>effectum</strong></span> <span class='ocrx_word' id='word_1_196' title='bbox 2400 1772 2569 1825; x_wconf 91' lang='lat' dir='ltr'><strong>tendit</strong></span> <span class='ocrx_word' id='word_1_197' title='bbox 2608 1770 2923 1838; x_wconf 83' lang='lat' dir='ltr'><strong>exordium,</strong></span> <span class='ocrx_word' id='word_1_198' title='bbox 2970 1786 3094 1827; x_wconf 89' lang='lat' dir='ltr'><strong>cum</strong></span> <span class='ocrx_word' id='word_1_199' title='bbox 3135 1772 3473 1842; x_wconf 81' lang='lat' dir='ltr'><strong>generalibus</strong></span> <span class='ocrx_word' id='word_1_200' title='bbox 3501 1789 3596 1843; x_wconf 88' lang='lat' dir='ltr'><strong>pa-</strong></span> 
     </span>
    </p>
   </div>
   <div class='ocr_carea' id='block_1_32' title="bbox 2003 1859 3595 1930">
    <p class='ocr_par' dir='ltr' id='par_1_32' title="bbox 2003 1859 3595 1930">
     <span class='ocr_line' id='line_1_32' title="bbox 2003 1859 3595 1930; baseline 0.004 -18"><span class='ocrx_word' id='word_1_201' title='bbox 2003 1859 2197 1929; x_wconf 87' lang='lat' dir='ltr'><strong>tribus,</strong></span> <span class='ocrx_word' id='word_1_202' title='bbox 2246 1860 2472 1915; x_wconf 87' lang='lat' dir='ltr'><strong>medicis</strong></span> <span class='ocrx_word' id='word_1_203' title='bbox 2511 1875 2576 1917; x_wconf 89' lang='lat' dir='ltr'><strong>ac</strong></span> <span class='ocrx_word' id='word_1_204' title='bbox 2607 1862 2932 1930; x_wconf 89' lang='lat' dir='ltr'><strong>pastoribus,</strong></span> <span class='ocrx_word' id='word_1_205' title='bbox 2977 1862 3132 1916; x_wconf 90' lang='lat' dir='ltr'><strong>ovilis</strong></span> <span class='ocrx_word' id='word_1_206' title='bbox 3175 1862 3282 1917; x_wconf 87' lang='lat' dir='ltr'><strong>sibi</strong></span> <span class='ocrx_word' id='word_1_207' title='bbox 3322 1864 3595 1921; x_wconf 89' lang='lat' dir='ltr'><strong>commissi</strong></span> 
     </span>
    </p>
   </div>
   <div class='ocr_carea' id='block_1_33' title="bbox 303 1952 3596 2028">
    <p class='ocr_par' dir='ltr' id='par_1_33' title="bbox 303 1952 3596 2028">
     <span class='ocr_line' id='line_1_33' title="bbox 303 1952 3596 2028; baseline 0.001 -19"><span class='ocrx_word' id='word_1_208' title='bbox 303 1954 449 2025; x_wconf 89' lang='lat' dir='ltr'><strong>ipsas</strong></span> <span class='ocrx_word' id='word_1_209' title='bbox 472 1971 503 2011; x_wconf 90' lang='lat' dir='ltr'><strong>a</strong></span> <span class='ocrx_word' id='word_1_210' title='bbox 533 1957 929 2012; x_wconf 89' lang='lat' dir='ltr'><strong>communionis</strong></span> <span class='ocrx_word' id='word_1_211' title='bbox 956 1957 1125 2028; x_wconf 89' lang='lat' dir='ltr'><strong>gratia</strong></span> <span class='ocrx_word' id='word_1_212' title='bbox 1156 1956 1257 2011; x_wconf 87' lang='lat' dir='ltr'><strong>visi</strong></span> <span class='ocrx_word' id='word_1_213' title='bbox 1304 1955 1514 2011; x_wconf 85' lang='lat' dir='ltr'><strong>fueritis</strong></span> <span class='ocrx_word' id='word_1_214' title='bbox 1542 1952 1897 2024; x_wconf 88' lang='lat' dir='ltr'><strong>suspendere,</strong></span> <span class='ocrx_word' id='word_1_215' title='bbox 1929 1957 1977 2017; x_wconf 91' lang='lat' dir='ltr'><strong>B</strong></span> <span class='ocrx_word' id='word_1_216' title='bbox 2004 1968 2164 2010; x_wconf 82' lang='lat' dir='ltr'><strong>causa</strong></span> <span class='ocrx_word' id='word_1_217' title='bbox 2195 1953 2414 2009; x_wconf 86' lang='lat' dir='ltr'><strong>auribus</strong></span> <span class='ocrx_word' id='word_1_218' title='bbox 2458 1956 2720 2022; x_wconf 86' lang='lat' dir='ltr'><strong>traditur,</strong></span> <span class='ocrx_word' id='word_1_219' title='bbox 2760 1954 2915 2023; x_wconf 89' lang='lat' dir='ltr'><strong>cujus</strong></span> <span class='ocrx_word' id='word_1_220' title='bbox 2960 1955 3207 2010; x_wconf 88' lang='lat' dir='ltr'><strong>sensibus</strong></span> <span class='ocrx_word' id='word_1_221' title='bbox 3246 1957 3596 2011; x_wconf 86' lang='lat' dir='ltr'><strong>commenda-</strong></span> 
     </span>
    </p>
   </div>
   <div class='ocr_carea' id='block_1_34' title="bbox 301 2044 1896 2115">
    <p class='ocr_par' dir='ltr' id='par_1_34' title="bbox 301 2044 1896 2115">
     <span class='ocr_line' id='line_1_34' title="bbox 301 2044 1896 2115; baseline -0.001 -15"><span class='ocrx_word' id='word_1_222' title='bbox 301 2060 365 2101; x_wconf 85' lang='lat' dir='ltr'><strong>ac</strong></span> <span class='ocrx_word' id='word_1_223' title='bbox 408 2062 504 2115; x_wconf 87' lang='lat' dir='ltr'><strong>per</strong></span> <span class='ocrx_word' id='word_1_224' title='bbox 544 2047 645 2103; x_wconf 88' lang='lat' dir='ltr'><strong>hoc</strong></span> <span class='ocrx_word' id='word_1_225' title='bbox 675 2056 912 2104; x_wconf 87' lang='lat' dir='ltr'><strong>nostram</strong></span> <span class='ocrx_word' id='word_1_226' title='bbox 956 2048 1149 2104; x_wconf 86' lang='lat' dir='ltr'><strong>exinde</strong></span> <span class='ocrx_word' id='word_1_227' title='bbox 1188 2046 1606 2102; x_wconf 84' lang='lat' dir='ltr'><strong>mediocritatem</strong></span> <span class='ocrx_word' id='word_1_228' title='bbox 1652 2044 1896 2114; x_wconf 79' lang='lat' dir='ltr'><strong>elegistis</strong></span> 
     </span>
    </p>
   </div>
   <div class='ocr_carea' id='block_1_35' title="bbox 301 2134 1894 2211">
    <p class='ocr_par' dir='ltr' id='par_1_35' title="bbox 301 2134 1894 2211">
     <span class='ocr_line' id='line_1_35' title="bbox 301 2134 1894 2211; baseline -0.002 -18"><span class='ocrx_word' id='word_1_229' title='bbox 301 2138 605 2195; x_wconf 86' lang='lat' dir='ltr'><strong>consulere.</strong></span> <span class='ocrx_word' id='word_1_230' title='bbox 656 2134 825 2210; x_wconf 66' lang='lat' dir='ltr'><strong>Igitur&#39;</strong></span> <span class='ocrx_word' id='word_1_231' title='bbox 851 2142 976 2211; x_wconf 89' lang='lat' dir='ltr'><strong>quia</strong></span> <span class='ocrx_word' id='word_1_232' title='bbox 1027 2141 1228 2211; x_wconf 88' lang='lat' dir='ltr'><strong>optime</strong></span> <span class='ocrx_word' id='word_1_233' title='bbox 1262 2155 1360 2195; x_wconf 90' lang='lat' dir='ltr'><strong>vos</strong></span> <span class='ocrx_word' id='word_1_234' title='bbox 1401 2139 1647 2194; x_wconf 88' lang='lat' dir='ltr'><strong>novimus</strong></span> <span class='ocrx_word' id='word_1_235' title='bbox 1696 2145 1894 2193; x_wconf 88' lang='lat' dir='ltr'><strong>statuta</strong></span> 
     </span>
    </p>
   </div>
   <div class='ocr_carea' id='block_1_36' title="bbox 302 2230 1897 2301">
    <p class='ocr_par' dir='ltr' id='par_1_36' title="bbox 302 2230 1897 2301">
     <span class='ocr_line' id='line_1_36' title="bbox 302 2230 1897 2301; baseline 0.002 -16"><span class='ocrx_word' id='word_1_236' title='bbox 302 2243 573 2286; x_wconf 88' lang='lat' dir='ltr'><strong>canonum</strong></span> <span class='ocrx_word' id='word_1_237' title='bbox 603 2234 934 2301; x_wconf 90' lang='lat' dir='ltr'><strong>percurrisse</strong></span> <span class='ocrx_word' id='word_1_238' title='bbox 956 2230 1006 2296; x_wconf 69' lang='grc' dir='ltr'><strong>ι),</strong></span> <span class='ocrx_word' id='word_1_239' title='bbox 1037 2246 1101 2287; x_wconf 92' lang='lat' dir='ltr'><strong>ac</strong></span> <span class='ocrx_word' id='word_1_240' title='bbox 1128 2232 1325 2301; x_wconf 68' lang='lat' dir='ltr'><strong>regula:</strong></span> <span class='ocrx_word' id='word_1_241' title='bbox 1355 2232 1742 2301; x_wconf 89' lang='lat' dir='ltr'><strong>plenitudinem</strong></span> <span class='ocrx_word' id='word_1_242' title='bbox 1765 2248 1897 2288; x_wconf 88' lang='lat' dir='ltr'><strong>con-</strong></span> 
     </span>
    </p>
   </div>
   <div class='ocr_carea' id='block_1_37' title="bbox 302 2322 1898 2395">
    <p class='ocr_par' dir='ltr' id='par_1_37' title="bbox 302 2322 1898 2395">
     <span class='ocr_line' id='line_1_37' title="bbox 302 2322 1898 2395; baseline 0.002 -19"><span class='ocrx_word' id='word_1_243' title='bbox 302 2322 511 2389; x_wconf 82' lang='lat' dir='ltr'><strong>tinere,</strong></span> <span class='ocrx_word' id='word_1_244' title='bbox 558 2325 732 2395; x_wconf 90' lang='lat' dir='ltr'><strong>utqui</strong></span> <span class='ocrx_word' id='word_1_245' title='bbox 766 2326 818 2379; x_wconf 93' lang='lat' dir='ltr'><strong>in</strong></span> <span class='ocrx_word' id='word_1_246' title='bbox 851 2325 1048 2380; x_wconf 88' lang='lat' dir='ltr'><strong>talibus</strong></span> <span class='ocrx_word' id='word_1_247' title='bbox 1076 2325 1388 2380; x_wconf 84' lang='lat' dir='ltr'><strong>excessibus</strong></span> <span class='ocrx_word' id='word_1_248' title='bbox 1419 2325 1667 2379; x_wconf 83' lang='lat' dir='ltr'><strong>videntur</strong></span> <span class='ocrx_word' id='word_1_249' title='bbox 1706 2326 1898 2393; x_wconf 85' lang='lat' dir='ltr'><strong>depre-</strong></span> 
     </span>
    </p>
   </div>
   <div class='ocr_carea' id='block_1_38' title="bbox 300 2414 1893 2481">
    <p class='ocr_par' dir='ltr' id='par_1_38' title="bbox 300 2414 1893 2481">
     <span class='ocr_line' id='line_1_38' title="bbox 300 2414 1893 2481; baseline 0 -12"><span class='ocrx_word' id='word_1_250' title='bbox 300 2414 489 2481; x_wconf 85' lang='lat' dir='ltr'><strong>hendi,</strong></span> <span class='ocrx_word' id='word_1_251' title='bbox 524 2432 631 2471; x_wconf 93' lang='lat' dir='ltr'><strong>non</strong></span> <span class='ocrx_word' id='word_1_252' title='bbox 662 2416 837 2471; x_wconf 90' lang='lat' dir='ltr'><strong>solum</strong></span> <span class='ocrx_word' id='word_1_253' title='bbox 879 2415 1462 2481; x_wconf 89' lang='lat' dir='ltr'><strong>excommunicatione,</strong></span> <span class='ocrx_word' id='word_1_254' title='bbox 1505 2430 1691 2469; x_wconf 89' lang='lat' dir='ltr'><strong>verum</strong></span> <span class='ocrx_word' id='word_1_255' title='bbox 1731 2417 1893 2469; x_wconf 79' lang='lat' dir='ltr'><strong>etiam</strong></span> 
     </span>
    </p>
   </div>
   <div class='ocr_carea' id='block_1_39' title="bbox 298 2505 1891 2576">
    <p class='ocr_par' dir='ltr' id='par_1_39' title="bbox 298 2505 1891 2576">
     <span class='ocr_line' id='line_1_39' title="bbox 298 2505 1891 2576; baseline 0 -14"><span class='ocrx_word' id='word_1_256' title='bbox 298 2508 633 2576; x_wconf 71' lang='lat' dir='ltr'><strong>poenitentiae</strong></span> <span class='ocrx_word' id='word_1_257' title='bbox 667 2508 1031 2564; x_wconf 82' lang='lat' dir='ltr'><strong>satisfactione</strong></span> <span class='ocrx_word' id='word_1_258' title='bbox 1059 2508 1287 2563; x_wconf 86' lang='lat' dir='ltr'><strong>debeant</strong></span> <span class='ocrx_word' id='word_1_259' title='bbox 1315 2506 1555 2563; x_wconf 88' lang='lat' dir='ltr'><strong>coerceri</strong></span> <span class='ocrx_word' id='word_1_260' title='bbox 1586 2524 1599 2559; x_wconf 90' lang='lat'><strong>:</strong></span> <span class='ocrx_word' id='word_1_261' title='bbox 1637 2520 1701 2561; x_wconf 90' lang='lat' dir='ltr'><strong>ea</strong></span> <span class='ocrx_word' id='word_1_262' title='bbox 1731 2505 1798 2561; x_wconf 89' lang='lat' dir='ltr'><strong>de</strong></span> <span class='ocrx_word' id='word_1_263' title='bbox 1826 2521 1891 2563; x_wconf 90' lang='lat' dir='ltr'><strong>re</strong></span> 
     </span>
    </p>
   </div>
   <div class='ocr_carea' id='block_1_40' title="bbox 299 2598 1897 2657">
    <p class='ocr_par' dir='ltr' id='par_1_40' title="bbox 299 2598 1897 2657">
     <span class='ocr_line' id='line_1_40' title="bbox 299 2598 1897 2657; baseline 0.001 -3"><span class='ocrx_word' id='word_1_264' title='bbox 299 2598 563 2656; x_wconf 85' lang='lat' dir='ltr'><strong>addentes</strong></span> <span class='ocrx_word' id='word_1_265' title='bbox 594 2616 716 2657; x_wconf 86' lang='lat' dir='ltr'><strong>eum</strong></span> <span class='ocrx_word' id='word_1_266' title='bbox 763 2601 1129 2656; x_wconf 90' lang='lat' dir='ltr'><strong>venerationis</strong></span> <span class='ocrx_word' id='word_1_267' title='bbox 1174 2600 1317 2655; x_wconf 90' lang='lat' dir='ltr'><strong>cultu</strong></span> <span class='ocrx_word' id='word_1_268' title='bbox 1358 2614 1585 2655; x_wconf 89' lang='lat' dir='ltr'><strong>summae</strong></span> <span class='ocrx_word' id='word_1_269' title='bbox 1626 2598 1897 2655; x_wconf 88' lang='lat' dir='ltr'><strong>aviditatis</strong></span> 
     </span>
    </p>
   </div>
   <div class='ocr_carea' id='block_1_41' title="bbox 299 2685 1895 2762">
    <p class='ocr_par' dir='ltr' id='par_1_41' title="bbox 299 2685 1895 2762">
     <span class='ocr_line' id='line_1_41' title="bbox 299 2685 1895 2762; baseline 0.004 -20"><span class='ocrx_word' id='word_1_270' title='bbox 299 2685 608 2745; x_wconf 86' lang='lat' dir='ltr'><strong>dilectionis</strong></span> <span class='ocrx_word' id='word_1_271' title='bbox 658 2690 993 2755; x_wconf 77' lang='lat' dir='ltr'><strong>inStinctum,</strong></span> <span class='ocrx_word' id='word_1_272' title='bbox 1046 2692 1344 2746; x_wconf 89' lang='lat' dir='ltr'><strong>indicamus</strong></span> <span class='ocrx_word' id='word_1_273' title='bbox 1382 2706 1446 2746; x_wconf 92' lang='lat' dir='ltr'><strong>ea</strong></span> <span class='ocrx_word' id='word_1_274' title='bbox 1486 2706 1604 2762; x_wconf 70' lang='lat' dir='ltr'><strong>quae</strong></span> <span class='ocrx_word' id='word_1_275' title='bbox 1630 2690 1895 2748; x_wconf 86' lang='lat' dir='ltr'><strong>definistis</strong></span> 
     </span>
    </p>
   </div>
   <div class='ocr_carea' id='block_1_42' title="bbox 297 2769 1889 2848">
    <p class='ocr_par' dir='ltr' id='par_1_42' title="bbox 297 2769 1889 2848">
     <span class='ocr_line' id='line_1_42' title="bbox 297 2769 1889 2848; baseline 0.001 -13"><span class='ocrx_word' id='word_1_276' title='bbox 297 2795 401 2836; x_wconf 91' lang='lat' dir='ltr'><strong>nos</strong></span> <span class='ocrx_word' id='word_1_277' title='bbox 467 2769 865 2838; x_wconf 78' lang='lat' dir='ltr'><strong>concerdanter</strong></span> <span class='ocrx_word' id='word_1_278' title='bbox 918 2791 1112 2839; x_wconf 65' lang='lat' dir='ltr'><strong>vestrm</strong></span> <span class='ocrx_word' id='word_1_279' title='bbox 1187 2784 1469 2837; x_wconf 88' lang='lat' dir='ltr'><strong>sententiae</strong></span> <span class='ocrx_word' id='word_1_280' title='bbox 1540 2783 1889 2848; x_wconf 87' lang='lat' dir='ltr'><strong>consentire,</strong></span> 
     </span>
    </p>
   </div>
   <div class='ocr_carea' id='block_1_43' title="bbox 297 2875 1895 2949">
    <p class='ocr_par' dir='ltr' id='par_1_43' title="bbox 297 2875 1895 2949">
     <span class='ocr_line' id='line_1_43' title="bbox 297 2875 1895 2949; baseline 0 -20"><span class='ocrx_word' id='word_1_281' title='bbox 297 2876 653 2949; x_wconf 86' lang='lat' dir='ltr'><strong>quoadusque</strong></span> <span class='ocrx_word' id='word_1_282' title='bbox 698 2878 753 2933; x_wconf 91' lang='lat' dir='ltr'><strong>in</strong></span> <span class='ocrx_word' id='word_1_283' title='bbox 793 2878 1037 2948; x_wconf 84' lang='lat' dir='ltr'><strong>synodali</strong></span> <span class='ocrx_word' id='word_1_284' title='bbox 1085 2876 1314 2934; x_wconf 88' lang='lat' dir='ltr'><strong>concilio</strong></span> <span class='ocrx_word' id='word_1_285' title='bbox 1353 2876 1610 2933; x_wconf 86' lang='lat' dir='ltr'><strong>Kalendis</strong></span> <span class='ocrx_word' id='word_1_286' title='bbox 1662 2875 1895 2932; x_wconf 87' lang='lat' dir='ltr'><strong>Novem-</strong></span> 
     </span>
    </p>
   </div>
   <div class='ocr_carea' id='block_1_44' title="bbox 298 2966 1897 3037">
    <p class='ocr_par' dir='ltr' id='par_1_44' title="bbox 298 2966 1897 3037">
     <span class='ocr_line' id='line_1_44' title="bbox 298 2966 1897 3037; baseline 0.001 -17"><span class='ocrx_word' id='word_1_287' title='bbox 298 2966 486 3023; x_wconf 89' lang='lat' dir='ltr'><strong>bribus</strong></span> <span class='ocrx_word' id='word_1_288' title='bbox 533 2968 735 3037; x_wconf 89' lang='lat' dir='ltr'><strong>pariter</strong></span> <span class='ocrx_word' id='word_1_289' title='bbox 785 2968 969 3035; x_wconf 90' lang='lat' dir='ltr'><strong>positi,</strong></span> <span class='ocrx_word' id='word_1_290' title='bbox 1024 2968 1317 3023; x_wconf 89' lang='lat' dir='ltr'><strong>debeamus</strong></span> <span class='ocrx_word' id='word_1_291' title='bbox 1354 2967 1582 3023; x_wconf 90' lang='lat' dir='ltr'><strong>consilio</strong></span> <span class='ocrx_word' id='word_1_292' title='bbox 1623 2966 1741 3036; x_wconf 90' lang='lat' dir='ltr'><strong>pari</strong></span> <span class='ocrx_word' id='word_1_293' title='bbox 1788 2976 1897 3021; x_wconf 79' lang='lat' dir='ltr'><strong>tra—</strong></span> 
     </span>
    </p>
   </div>
   <div class='ocr_carea' id='block_1_45' title="bbox 299 3059 1895 3131">
    <p class='ocr_par' dir='ltr' id='par_1_45' title="bbox 299 3059 1895 3131">
     <span class='ocr_line' id='line_1_45' title="bbox 299 3059 1895 3131; baseline 0 -17"><span class='ocrx_word' id='word_1_294' title='bbox 299 3068 463 3124; x_wconf 83' lang='lat' dir='ltr'><strong>ctare,</strong></span> <span class='ocrx_word' id='word_1_295' title='bbox 498 3060 729 3131; x_wconf 84' lang='lat' dir='ltr'><strong>qualiter</strong></span> <span class='ocrx_word' id='word_1_296' title='bbox 759 3061 941 3115; x_wconf 91' lang='lat' dir='ltr'><strong>talium</strong></span> <span class='ocrx_word' id='word_1_297' title='bbox 973 3061 1249 3115; x_wconf 89' lang='lat' dir='ltr'><strong>temeritas</strong></span> <span class='ocrx_word' id='word_1_298' title='bbox 1297 3060 1507 3115; x_wconf 88' lang='lat' dir='ltr'><strong>frenum</strong></span> <span class='ocrx_word' id='word_1_299' title='bbox 1537 3059 1895 3114; x_wconf 88' lang='lat' dir='ltr'><strong>districtionis</strong></span> 
     </span>
    </p>
   </div>
   <div class='ocr_carea' id='block_1_46' title="bbox 299 3152 1898 3223">
    <p class='ocr_par' dir='ltr' id='par_1_46' title="bbox 299 3152 1898 3223">
     <span class='ocr_line' id='line_1_46' title="bbox 299 3152 1898 3223; baseline 0 -15"><span class='ocrx_word' id='word_1_300' title='bbox 299 3153 468 3222; x_wconf 85' lang='lat' dir='ltr'><strong>possit</strong></span> <span class='ocrx_word' id='word_1_301' title='bbox 514 3160 777 3221; x_wconf 84' lang='lat' dir='ltr'><strong>accipere,</strong></span> <span class='ocrx_word' id='word_1_302' title='bbox 826 3167 884 3209; x_wconf 88' lang='lat' dir='ltr'><strong>ut</strong></span> <span class='ocrx_word' id='word_1_303' title='bbox 925 3154 1183 3223; x_wconf 90' lang='lat' dir='ltr'><strong>deinceps</strong></span> <span class='ocrx_word' id='word_1_304' title='bbox 1230 3154 1361 3209; x_wconf 90' lang='lat' dir='ltr'><strong>nulli</strong></span> <span class='ocrx_word' id='word_1_305' title='bbox 1418 3154 1578 3207; x_wconf 84' lang='lat' dir='ltr'><strong>lit-eat</strong></span> <span class='ocrx_word' id='word_1_306' title='bbox 1603 3152 1704 3207; x_wconf 91' lang='lat' dir='ltr'><strong>sub</strong></span> <span class='ocrx_word' id='word_1_307' title='bbox 1756 3152 1898 3208; x_wconf 88' lang='lat' dir='ltr'><strong>hunc</strong></span> 
     </span>
    </p>
   </div>
   <div class='ocr_carea' id='block_1_47' title="bbox 299 3244 1898 3313">
    <p class='ocr_par' dir='ltr' id='par_1_47' title="bbox 299 3244 1898 3313">
     <span class='ocr_line' id='line_1_47' title="bbox 299 3244 1898 3313; baseline 0 -16"><span class='ocrx_word' id='word_1_308' title='bbox 299 3244 509 3313; x_wconf 89' lang='lat' dir='ltr'><strong>lapsum</strong></span> <span class='ocrx_word' id='word_1_309' title='bbox 561 3244 793 3298; x_wconf 79' lang='lat' dir='ltr'><strong>faciente</strong></span> <span class='ocrx_word' id='word_1_310' title='bbox 838 3246 1093 3311; x_wconf 87' lang='lat' dir='ltr'><strong>jactantia</strong></span> <span class='ocrx_word' id='word_1_311' title='bbox 1126 3245 1318 3299; x_wconf 90' lang='lat' dir='ltr'><strong>similia</strong></span> <span class='ocrx_word' id='word_1_312' title='bbox 1367 3254 1694 3313; x_wconf 82' lang='lat' dir='ltr'><strong>perpetrare.</strong></span> <span class='ocrx_word' id='word_1_313' title='bbox 1746 3246 1898 3299; x_wconf 82' lang='lat' dir='ltr'><strong>Atta-</strong></span> 
     </span>
    </p>
   </div>
   <div class='ocr_carea' id='block_1_48' title="bbox 2001 2046 3592 2117">
    <p class='ocr_par' dir='ltr' id='par_1_48' title="bbox 2001 2046 3592 2117">
     <span class='ocr_line' id='line_1_48' title="bbox 2001 2046 3592 2117; baseline 0.003 -18"><span class='ocrx_word' id='word_1_314' title='bbox 2001 2053 2087 2100; x_wconf 92' lang='lat' dir='ltr'><strong>tur</strong></span> <span class='ocrx_word' id='word_1_315' title='bbox 2117 2064 2130 2101; x_wconf 87' lang='lat'><strong>:</strong></span> <span class='ocrx_word' id='word_1_316' title='bbox 2163 2062 2390 2117; x_wconf 89' lang='lat' dir='ltr'><strong>quorum</strong></span> <span class='ocrx_word' id='word_1_317' title='bbox 2424 2046 2766 2116; x_wconf 74' lang='lat' dir='ltr'><strong>pat-ticipatio</strong></span> <span class='ocrx_word' id='word_1_318' title='bbox 2795 2048 2863 2101; x_wconf 84' lang='lat' dir='ltr'><strong>de</strong></span> <span class='ocrx_word' id='word_1_319' title='bbox 2893 2046 3173 2113; x_wconf 89' lang='lat' dir='ltr'><strong>charitate,</strong></span> <span class='ocrx_word' id='word_1_320' title='bbox 3207 2047 3491 2102; x_wconf 85' lang='lat' dir='ltr'><strong>consilium</strong></span> <span class='ocrx_word' id='word_1_321' title='bbox 3523 2048 3592 2104; x_wconf 90' lang='lat' dir='ltr'><strong>de</strong></span> 
     </span>
    </p>
   </div>
   <div class='ocr_carea' id='block_1_49' title="bbox 1999 2137 3597 2209">
    <p class='ocr_par' dir='ltr' id='par_1_49' title="bbox 1999 2137 3597 2209">
     <span class='ocr_line' id='line_1_49' title="bbox 1999 2137 3597 2209; baseline 0.001 -17"><span class='ocrx_word' id='word_1_322' title='bbox 1999 2147 2287 2209; x_wconf 87' lang='lat' dir='ltr'><strong>potestate,</strong></span> <span class='ocrx_word' id='word_1_323' title='bbox 2332 2137 2645 2208; x_wconf 73' lang='lat' dir='ltr'><strong>suifragiutn</strong></span> <span class='ocrx_word' id='word_1_324' title='bbox 2677 2140 2744 2194; x_wconf 91' lang='lat' dir='ltr'><strong>de</strong></span> <span class='ocrx_word' id='word_1_325' title='bbox 2770 2140 3012 2193; x_wconf 90' lang='lat' dir='ltr'><strong>oratione</strong></span> <span class='ocrx_word' id='word_1_326' title='bbox 3042 2138 3357 2194; x_wconf 89' lang='lat' dir='ltr'><strong>ministrare</strong></span> <span class='ocrx_word' id='word_1_327' title='bbox 3397 2141 3597 2209; x_wconf 87' lang='lat' dir='ltr'><strong>poterit</strong></span> 
     </span>
    </p>
   </div>
   <div class='ocr_carea' id='block_1_50' title="bbox 1998 2218 3597 2299">
    <p class='ocr_par' dir='ltr' id='par_1_50' title="bbox 1998 2218 3597 2299">
     <span class='ocr_line' id='line_1_50' title="bbox 1998 2218 3597 2299; baseline 0.001 -15"><span class='ocrx_word' id='word_1_328' title='bbox 1998 2231 2382 2285; x_wconf 85' lang='lat' dir='ltr'><strong>interventum.</strong></span> <span class='ocrx_word' id='word_1_329' title='bbox 2422 2230 2492 2283; x_wconf 90' lang='lat' dir='ltr'><strong>Et</strong></span> <span class='ocrx_word' id='word_1_330' title='bbox 2519 2230 2772 2299; x_wconf 91' lang='lat' dir='ltr'><strong>quoniam</strong></span> <span class='ocrx_word' id='word_1_331' title='bbox 2806 2230 2935 2284; x_wconf 93' lang='lat' dir='ltr'><strong>olim</strong></span> <span class='ocrx_word' id='word_1_332' title='bbox 2965 2230 3158 2285; x_wconf 90' lang='lat' dir='ltr'><strong>vinclis</strong></span> <span class='ocrx_word' id='word_1_333' title='bbox 3194 2218 3597 2286; x_wconf 53' lang='lat' dir='ltr'><strong>laicalibus‘ab—</strong></span> 
     </span>
    </p>
   </div>
   <div class='ocr_carea' id='block_1_51' title="bbox 1998 2320 3595 2391">
    <p class='ocr_par' dir='ltr' id='par_1_51' title="bbox 1998 2320 3595 2391">
     <span class='ocr_line' id='line_1_51' title="bbox 1998 2320 3595 2391; baseline 0.004 -17"><span class='ocrx_word' id='word_1_334' title='bbox 1998 2320 2200 2386; x_wconf 84' lang='lat' dir='ltr'><strong>soluta,</strong></span> <span class='ocrx_word' id='word_1_335' title='bbox 2224 2321 2401 2376; x_wconf 75' lang='lat' dir='ltr'><strong>divina</strong></span> <span class='ocrx_word' id='word_1_336' title='bbox 2433 2322 2751 2391; x_wconf 88' lang='lat' dir='ltr'><strong>providente</strong></span> <span class='ocrx_word' id='word_1_337' title='bbox 2781 2331 2834 2377; x_wconf 93' lang='lat' dir='ltr'><strong>et</strong></span> <span class='ocrx_word' id='word_1_338' title='bbox 2864 2321 3161 2390; x_wconf 89' lang='lat' dir='ltr'><strong>inspirante</strong></span> <span class='ocrx_word' id='word_1_339' title='bbox 3189 2323 3497 2389; x_wconf 88' lang='lat' dir='ltr'><strong>clementia,</strong></span> <span class='ocrx_word' id='word_1_340' title='bbox 3527 2325 3595 2381; x_wconf 90' lang='lat' dir='ltr'><strong>ad</strong></span> 
     </span>
    </p>
   </div>
   <div class='ocr_carea' id='block_1_52' title="bbox 2001 2412 3597 2485">
    <p class='ocr_par' dir='ltr' id='par_1_52' title="bbox 2001 2412 3597 2485">
     <span class='ocr_line' id='line_1_52' title="bbox 2001 2412 3597 2485; baseline 0.002 -18"><span class='ocrx_word' id='word_1_341' title='bbox 2001 2412 2274 2485; x_wconf 78' lang='lat' dir='ltr'><strong>religionis</strong></span> <span class='ocrx_word' id='word_1_342' title='bbox 2322 2427 2567 2467; x_wconf 83' lang='lat' dir='ltr'><strong>normam</strong></span> <span class='ocrx_word' id='word_1_343' title='bbox 2598 2414 2711 2467; x_wconf 88' lang='lat' dir='ltr'><strong>visa</strong></span> <span class='ocrx_word' id='word_1_344' title='bbox 2749 2427 2871 2467; x_wconf 89' lang='lat' dir='ltr'><strong>sum</strong></span> <span class='ocrx_word' id='word_1_345' title='bbox 2904 2414 3226 2481; x_wconf 88' lang='lat' dir='ltr'><strong>voluntarie,</strong></span> <span class='ocrx_word' id='word_1_346' title='bbox 3278 2414 3415 2470; x_wconf 88' lang='lat' dir='ltr'><strong>duce</strong></span> <span class='ocrx_word' id='word_1_347' title='bbox 3438 2415 3597 2470; x_wconf 86' lang='lat' dir='ltr'><strong>Chri-</strong></span> 
     </span>
    </p>
   </div>
   <div class='ocr_carea' id='block_1_53' title="bbox 1997 2506 3579 2578">
    <p class='ocr_par' dir='ltr' id='par_1_53' title="bbox 1997 2506 3579 2578">
     <span class='ocr_line' id='line_1_53' title="bbox 1997 2506 3579 2578; baseline 0.001 -16"><span class='ocrx_word' id='word_1_348' title='bbox 1997 2515 2105 2576; x_wconf 86' lang='lat' dir='ltr'><strong>sto,</strong></span> <span class='ocrx_word' id='word_1_349' title='bbox 2163 2506 2445 2572; x_wconf 89' lang='lat' dir='ltr'><strong>translata,</strong></span> <span class='ocrx_word' id='word_1_350' title='bbox 2491 2506 2606 2561; x_wconf 73' lang='lat' dir='ltr'><strong>[nec</strong></span> <span class='ocrx_word' id='word_1_351' title='bbox 2642 2521 2828 2576; x_wconf 88' lang='lat' dir='ltr'><strong>pronae</strong></span> <span class='ocrx_word' id='word_1_352' title='bbox 2875 2507 3072 2562; x_wconf 91' lang='lat' dir='ltr'><strong>mentis</strong></span> <span class='ocrx_word' id='word_1_353' title='bbox 3123 2507 3303 2563; x_wconf 89' lang='lat' dir='ltr'><strong>studio</strong></span> <span class='ocrx_word' id='word_1_354' title='bbox 3337 2510 3579 2578; x_wconf 85' lang='lat' dir='ltr'><strong>cogitans</strong></span> 
     </span>
    </p>
   </div>
   <div class='ocr_carea' id='block_1_54' title="bbox 1998 2597 3595 2668">
    <p class='ocr_par' dir='ltr' id='par_1_54' title="bbox 1998 2597 3595 2668">
     <span class='ocr_line' id='line_1_54' title="bbox 1998 2597 3595 2668; baseline 0.002 -15"><span class='ocrx_word' id='word_1_355' title='bbox 1998 2599 2160 2653; x_wconf 89' lang='lat' dir='ltr'><strong>etiam</strong></span> <span class='ocrx_word' id='word_1_356' title='bbox 2190 2597 2260 2653; x_wconf 88' lang='lat' dir='ltr'><strong>de</strong></span> <span class='ocrx_word' id='word_1_357' title='bbox 2298 2598 2522 2653; x_wconf 89' lang='lat' dir='ltr'><strong>aliarum</strong></span> <span class='ocrx_word' id='word_1_358' title='bbox 2566 2598 2898 2668; x_wconf 87' lang='lat' dir='ltr'><strong>profectibus</strong></span> <span class='ocrx_word' id='word_1_359' title='bbox 2924 2639 2939 2665; x_wconf 96' lang='lat'><strong>,</strong></span> <span class='ocrx_word' id='word_1_360' title='bbox 2983 2607 3060 2667; x_wconf 91' lang='lat' dir='ltr'><strong>ut,</strong></span> <span class='ocrx_word' id='word_1_361' title='bbox 3105 2599 3455 2656; x_wconf 88' lang='lat' dir='ltr'><strong>annuntiante</strong></span> <span class='ocrx_word' id='word_1_362' title='bbox 3486 2601 3595 2656; x_wconf 82' lang='lat' dir='ltr'><strong>Do-</strong></span> 
     </span>
    </p>
   </div>
   <div class='ocr_carea' id='block_1_55' title="bbox 1999 2689 3590 2761">
    <p class='ocr_par' dir='ltr' id='par_1_55' title="bbox 1999 2689 3590 2761">
     <span class='ocr_line' id='line_1_55' title="bbox 1999 2689 3590 2761; baseline 0.003 -17"><span class='ocrx_word' id='word_1_363' title='bbox 1999 2690 2169 2755; x_wconf 87' lang='lat' dir='ltr'><strong>mino,</strong></span> <span class='ocrx_word' id='word_1_364' title='bbox 2207 2705 2328 2746; x_wconf 90' lang='lat' dir='ltr'><strong>mea</strong></span> <span class='ocrx_word' id='word_1_365' title='bbox 2357 2690 2624 2746; x_wconf 89' lang='lat' dir='ltr'><strong>desideria</strong></span> <span class='ocrx_word' id='word_1_366' title='bbox 2656 2689 3001 2745; x_wconf 80' lang='lat' dir='ltr'><strong>efficerentur</strong></span> <span class='ocrx_word' id='word_1_367' title='bbox 3038 2689 3257 2759; x_wconf 89' lang='lat' dir='ltr'><strong>reliquis</strong></span> <span class='ocrx_word' id='word_1_368' title='bbox 3291 2692 3590 2761; x_wconf 88' lang='lat' dir='ltr'><strong>profutura,</strong></span> 
     </span>
    </p>
   </div>
   <div class='ocr_carea' id='block_1_56' title="bbox 1999 2780 3596 2851">
    <p class='ocr_par' dir='ltr' id='par_1_56' title="bbox 1999 2780 3596 2851">
     <span class='ocr_line' id='line_1_56' title="bbox 1999 2780 3596 2851; baseline 0.003 -15"><span class='ocrx_word' id='word_1_369' title='bbox 1999 2780 2313 2838; x_wconf 90' lang='lat' dir='ltr'><strong>instituente</strong></span> <span class='ocrx_word' id='word_1_370' title='bbox 2343 2792 2505 2851; x_wconf 89' lang='lat' dir='ltr'><strong>atque</strong></span> <span class='ocrx_word' id='word_1_371' title='bbox 2550 2793 2933 2839; x_wconf 86' lang='lat' dir='ltr'><strong>remunerante</strong></span> <span class='ocrx_word' id='word_1_372' title='bbox 2972 2784 3469 2851; x_wconf 53' lang='lat' dir='ltr'><strong>praecellentissimo</strong></span> <span class='ocrx_word' id='word_1_373' title='bbox 3493 2788 3596 2841; x_wconf 91' lang='lat' dir='ltr'><strong>do-</strong></span> 
     </span>
    </p>
   </div>
   <div class='ocr_carea' id='block_1_57' title="bbox 2000 2873 3593 2944">
    <p class='ocr_par' dir='ltr' id='par_1_57' title="bbox 2000 2873 3593 2944">
     <span class='ocr_line' id='line_1_57' title="bbox 2000 2873 3593 2944; baseline 0.003 -15"><span class='ocrx_word' id='word_1_374' title='bbox 2000 2888 2128 2929; x_wconf 89' lang='lat' dir='ltr'><strong>mno</strong></span> <span class='ocrx_word' id='word_1_375' title='bbox 2144 2889 2267 2944; x_wconf 88' lang='lat' dir='ltr'><strong>rege</strong></span> <span class='ocrx_word' id='word_1_376' title='bbox 2289 2873 2625 2940; x_wconf 87' lang='lat' dir='ltr'><strong>Chlothario,</strong></span> <span class='ocrx_word' id='word_1_377' title='bbox 2650 2874 3037 2937; x_wconf 84' lang='lat' dir='ltr'><strong>monasterium</strong></span> <span class='ocrx_word' id='word_1_378' title='bbox 3062 2877 3360 2944; x_wconf 87' lang='lat' dir='ltr'><strong>puellarum</strong></span> <span class='ocrx_word' id='word_1_379' title='bbox 3375 2877 3593 2934; x_wconf 88' lang='lat' dir='ltr'><strong>Pictava</strong></span> 
     </span>
    </p>
   </div>
   <div class='ocr_carea' id='block_1_58' title="bbox 2001 2965 3596 3036">
    <p class='ocr_par' dir='ltr' id='par_1_58' title="bbox 2001 2965 3596 3036">
     <span class='ocr_line' id='line_1_58' title="bbox 2001 2965 3596 3036; baseline 0.003 -16"><span class='ocrx_word' id='word_1_380' title='bbox 2001 2967 2134 3020; x_wconf 83' lang='lat' dir='ltr'><strong>urbe</strong></span> <span class='ocrx_word' id='word_1_381' title='bbox 2157 2966 2435 3033; x_wconf 90' lang='lat' dir='ltr'><strong>constitui,</strong></span> <span class='ocrx_word' id='word_1_382' title='bbox 2474 2965 2887 3035; x_wconf 84' lang='lat' dir='ltr'><strong>conditumque,</strong></span> <span class='ocrx_word' id='word_1_383' title='bbox 2930 2980 3185 3036; x_wconf 90' lang='lat' dir='ltr'><strong>quantum</strong></span> <span class='ocrx_word' id='word_1_384' title='bbox 3216 2967 3345 3022; x_wconf 90' lang='lat' dir='ltr'><strong>tnibi</strong></span> <span class='ocrx_word' id='word_1_385' title='bbox 3379 2971 3596 3025; x_wconf 79' lang='lat' dir='ltr'><strong>munifi-</strong></span> 
     </span>
    </p>
   </div>
   <div class='ocr_carea' id='block_1_59' title="bbox 2002 3056 3596 3127">
    <p class='ocr_par' dir='ltr' id='par_1_59' title="bbox 2002 3056 3596 3127">
     <span class='ocr_line' id='line_1_59' title="bbox 2002 3056 3596 3127; baseline 0.003 -17"><span class='ocrx_word' id='word_1_386' title='bbox 2002 3058 2178 3110; x_wconf 89' lang='lat' dir='ltr'><strong>centia</strong></span> <span class='ocrx_word' id='word_1_387' title='bbox 2202 3058 2400 3126; x_wconf 86' lang='lat' dir='ltr'><strong>regalis</strong></span> <span class='ocrx_word' id='word_1_388' title='bbox 2430 3066 2516 3111; x_wconf 88' lang='lat' dir='ltr'><strong>est</strong></span> <span class='ocrx_word' id='word_1_389' title='bbox 2544 3056 2754 3127; x_wconf 86' lang='lat' dir='ltr'><strong>largita,</strong></span> <span class='ocrx_word' id='word_1_390' title='bbox 2789 3057 2925 3111; x_wconf 85' lang='lat' dir='ltr'><strong>facta</strong></span> <span class='ocrx_word' id='word_1_391' title='bbox 2951 3058 3239 3113; x_wconf 88' lang='lat' dir='ltr'><strong>donatione</strong></span> <span class='ocrx_word' id='word_1_392' title='bbox 3271 3058 3448 3113; x_wconf 86' lang='lat' dir='ltr'><strong>dotavi</strong></span> <span class='ocrx_word' id='word_1_393' title='bbox 3471 3077 3487 3114; x_wconf 88' lang='lat'><strong>:</strong></span> <span class='ocrx_word' id='word_1_394' title='bbox 3513 3061 3596 3115; x_wconf 87' lang='lat' dir='ltr'><strong>itt-</strong></span> 
     </span>
    </p>
   </div>
   <div class='ocr_carea' id='block_1_60' title="bbox 2001 3148 3594 3219">
    <p class='ocr_par' dir='ltr' id='par_1_60' title="bbox 2001 3148 3594 3219">
     <span class='ocr_line' id='line_1_60' title="bbox 2001 3148 3594 3219; baseline 0.001 -16"><span class='ocrx_word' id='word_1_395' title='bbox 2001 3163 2164 3216; x_wconf 84' lang='lat' dir='ltr'><strong>super</strong></span> <span class='ocrx_word' id='word_1_396' title='bbox 2202 3149 2604 3219; x_wconf 84' lang='lat' dir='ltr'><strong>congregationi</strong></span> <span class='ocrx_word' id='word_1_397' title='bbox 2648 3162 2744 3217; x_wconf 90' lang='lat' dir='ltr'><strong>per</strong></span> <span class='ocrx_word' id='word_1_398' title='bbox 2782 3164 2871 3203; x_wconf 89' lang='lat' dir='ltr'><strong>me</strong></span> <span class='ocrx_word' id='word_1_399' title='bbox 2908 3148 3122 3203; x_wconf 86' lang='lat' dir='ltr'><strong>Christo</strong></span> <span class='ocrx_word' id='word_1_400' title='bbox 3153 3159 3440 3219; x_wconf 84' lang='lat' dir='ltr'><strong>praestante</strong></span> <span class='ocrx_word' id='word_1_401' title='bbox 3478 3150 3594 3205; x_wconf 85' lang='lat' dir='ltr'><strong>col-</strong></span> 
     </span>
    </p>
   </div>
   <div class='ocr_carea' id='block_1_61' title="bbox 2001 3241 3591 3312">
    <p class='ocr_par' dir='ltr' id='par_1_61' title="bbox 2001 3241 3591 3312">
     <span class='ocr_line' id='line_1_61' title="bbox 2001 3241 3591 3312; baseline 0 -15"><span class='ocrx_word' id='word_1_402' title='bbox 2001 3242 2184 3310; x_wconf 87' lang='lat' dir='ltr'><strong>lectae,</strong></span> <span class='ocrx_word' id='word_1_403' title='bbox 2228 3244 2467 3312; x_wconf 88' lang='lat' dir='ltr'><strong>regulam</strong></span> <span class='ocrx_word' id='word_1_404' title='bbox 2509 3242 2609 3297; x_wconf 91' lang='lat' dir='ltr'><strong>sub</strong></span> <span class='ocrx_word' id='word_1_405' title='bbox 2650 3256 2754 3311; x_wconf 92' lang='lat' dir='ltr'><strong>qua</strong></span> <span class='ocrx_word' id='word_1_406' title='bbox 2800 3251 2983 3297; x_wconf 89' lang='lat' dir='ltr'><strong>sancta</strong></span> <span class='ocrx_word' id='word_1_407' title='bbox 3027 3241 3266 3295; x_wconf 67' lang='lat' dir='ltr'><strong>Caesarie</strong></span> <span class='ocrx_word' id='word_1_408' title='bbox 3311 3242 3491 3312; x_wconf 90' lang='lat' dir='ltr'><strong>deguit</strong></span> <span class='ocrx_word' id='word_1_409' title='bbox 3517 3254 3591 3297; x_wconf 73' lang='grc' dir='ltr'><strong>ετ</strong></span> 
     </span>
    </p>
   </div>
   <div class='ocr_carea' id='block_1_62' title="bbox 299 3331 3595 3419">
    <p class='ocr_par' dir='ltr' id='par_1_62' title="bbox 299 3331 3595 3419">
     <span class='ocr_line' id='line_1_62' title="bbox 299 3331 3595 3419; baseline 0.001 -32"><span class='ocrx_word' id='word_1_410' title='bbox 299 3348 424 3389; x_wconf 86' lang='lat' dir='ltr'><strong>men</strong></span> <span class='ocrx_word' id='word_1_411' title='bbox 456 3335 579 3402; x_wconf 82' lang='lat' dir='ltr'><strong>quia</strong></span> <span class='ocrx_word' id='word_1_412' title='bbox 608 3348 707 3388; x_wconf 90' lang='lat' dir='ltr'><strong>nos</strong></span> <span class='ocrx_word' id='word_1_413' title='bbox 737 3348 830 3388; x_wconf 88' lang='lat' dir='ltr'><strong>sua</strong></span> <span class='ocrx_word' id='word_1_414' title='bbox 858 3333 1093 3388; x_wconf 89' lang='lat' dir='ltr'><strong>dictione</strong></span> <span class='ocrx_word' id='word_1_415' title='bbox 1120 3333 1349 3387; x_wconf 90' lang='lat' dir='ltr'><strong>domnus</strong></span> <span class='ocrx_word' id='word_1_416' title='bbox 1396 3335 1591 3419; x_wconf 72' lang='lat' dir='ltr'><strong>Paulus</strong></span> <span class='ocrx_word' id='word_1_417' title='bbox 1620 3336 1893 3405; x_wconf 79' lang='lat' dir='ltr'><strong>apostolus</strong></span> <span class='ocrx_word' id='word_1_418' title='bbox 1923 3346 1970 3409; x_wconf 77' lang='grc' dir='ltr'>ο</span> <span class='ocrx_word' id='word_1_419' title='bbox 2001 3350 2160 3403; x_wconf 83' lang='lat' dir='ltr'><strong>quam</strong></span> <span class='ocrx_word' id='word_1_420' title='bbox 2200 3334 2507 3389; x_wconf 86' lang='lat' dir='ltr'><strong>sollicitudo</strong></span> <span class='ocrx_word' id='word_1_421' title='bbox 2542 3333 2685 3389; x_wconf 91' lang='lat' dir='ltr'><strong>beati</strong></span> <span class='ocrx_word' id='word_1_422' title='bbox 2715 3331 2936 3387; x_wconf 67' lang='lat' dir='ltr'><strong>Caesarii</strong></span> <span class='ocrx_word' id='word_1_423' title='bbox 2976 3332 3230 3388; x_wconf 90' lang='lat' dir='ltr'><strong>antistitis</strong></span> <span class='ocrx_word' id='word_1_424' title='bbox 3264 3335 3595 3394; x_wconf 76' lang='lat' dir='ltr'><strong>Arelatensis</strong></span> 
     </span>
    </p>
   </div>
   <div class='ocr_carea' id='block_1_63' title="bbox 302 3422 1895 3498">
    <p class='ocr_par' dir='ltr' id='par_1_63' title="bbox 302 3422 1895 3498">
     <span class='ocr_line' id='line_1_63' title="bbox 302 3422 1895 3498; baseline 0.002 -22"><span class='ocrx_word' id='word_1_425' title='bbox 302 3422 389 3491; x_wconf 79' lang='grc' dir='ltr'><strong>ιιι</strong></span> <span class='ocrx_word' id='word_1_426' title='bbox 416 3423 553 3479; x_wconf 88' lang='lat' dir='ltr'><strong>Tim.</strong></span> <span class='ocrx_word' id='word_1_427' title='bbox 589 3441 661 3492; x_wconf 89' lang='lat' dir='ltr'><strong>tv,</strong></span> <span class='ocrx_word' id='word_1_428' title='bbox 689 3424 748 3495; x_wconf 76' lang='lat'><strong>2)</strong></span> <span class='ocrx_word' id='word_1_429' title='bbox 787 3424 1163 3481; x_wconf 88' lang='lat' dir='ltr'><strong>indesinenter</strong></span> <span class='ocrx_word' id='word_1_430' title='bbox 1192 3425 1405 3481; x_wconf 85' lang='lat' dir='ltr'><strong>videtur</strong></span> <span class='ocrx_word' id='word_1_431' title='bbox 1431 3443 1649 3483; x_wconf 90' lang='lat' dir='ltr'><strong>monere</strong></span> <span class='ocrx_word' id='word_1_432' title='bbox 1670 3469 1685 3495; x_wconf 94' lang='lat'><strong>,</strong></span> <span class='ocrx_word' id='word_1_433' title='bbox 1716 3438 1771 3483; x_wconf 91' lang='lat' dir='ltr'><strong>ut</strong></span> <span class='ocrx_word' id='word_1_434' title='bbox 1793 3444 1895 3498; x_wconf 87' lang='lat' dir='ltr'><strong>0p-</strong></span> 
     </span>
    </p>
   </div>
   <div class='ocr_carea' id='block_1_64' title="bbox 301 3517 1896 3588">
    <p class='ocr_par' dir='ltr' id='par_1_64' title="bbox 301 3517 1896 3588">
     <span class='ocr_line' id='line_1_64' title="bbox 301 3517 1896 3588; baseline 0.004 -21"><span class='ocrx_word' id='word_1_435' title='bbox 301 3524 533 3585; x_wconf 87' lang='lat' dir='ltr'><strong>portune</strong></span> <span class='ocrx_word' id='word_1_436' title='bbox 569 3517 1035 3588; x_wconf 88' lang='lat' dir='ltr'><strong>inopportuneque</strong></span> <span class='ocrx_word' id='word_1_437' title='bbox 1081 3518 1375 3573; x_wconf 88' lang='lat' dir='ltr'><strong>debeamus</strong></span> <span class='ocrx_word' id='word_1_438' title='bbox 1424 3533 1771 3588; x_wconf 89' lang='lat' dir='ltr'><strong>quoscunque</strong></span> <span class='ocrx_word' id='word_1_439' title='bbox 1803 3536 1896 3574; x_wconf 78' lang='lat' dir='ltr'><strong>cx-</strong></span> 
     </span>
    </p>
   </div>
   <div class='ocr_carea' id='block_1_65' title="bbox 303 3608 1893 3683">
    <p class='ocr_par' dir='ltr' id='par_1_65' title="bbox 303 3608 1893 3683">
     <span class='ocr_line' id='line_1_65' title="bbox 303 3608 1893 3683; baseline 0.003 -20"><span class='ocrx_word' id='word_1_440' title='bbox 303 3608 556 3664; x_wconf 87' lang='lat' dir='ltr'><strong>cedentes</strong></span> <span class='ocrx_word' id='word_1_441' title='bbox 584 3609 771 3663; x_wconf 84' lang='lat' dir='ltr'><strong>sedula</strong></span> <span class='ocrx_word' id='word_1_442' title='bbox 814 3610 1194 3679; x_wconf 87' lang='lat' dir='ltr'><strong>praedicatione</strong></span> <span class='ocrx_word' id='word_1_443' title='bbox 1224 3612 1521 3683; x_wconf 82' lang='lat' dir='ltr'><strong>corrigere,</strong></span> <span class='ocrx_word' id='word_1_444' title='bbox 1561 3619 1616 3665; x_wconf 87' lang='lat' dir='ltr'><strong>et</strong></span> <span class='ocrx_word' id='word_1_445' title='bbox 1647 3613 1893 3681; x_wconf 85' lang='lat' dir='ltr'><strong>pietatem</strong></span> 
     </span>
    </p>
   </div>
   <div class='ocr_carea' id='block_1_66' title="bbox 300 3700 1893 3774">
    <p class='ocr_par' dir='ltr' id='par_1_66' title="bbox 300 3700 1893 3774">
     <span class='ocr_line' id='line_1_66' title="bbox 300 3700 1893 3774; baseline 0.003 -21"><span class='ocrx_word' id='word_1_446' title='bbox 300 3708 632 3768; x_wconf 79' lang='lat' dir='ltr'><strong>pretestatur</strong></span> <span class='ocrx_word' id='word_1_447' title='bbox 672 3700 738 3754; x_wconf 90' lang='lat' dir='ltr'><strong>ad</strong></span> <span class='ocrx_word' id='word_1_448' title='bbox 770 3702 950 3755; x_wconf 90' lang='lat' dir='ltr'><strong>omnia</strong></span> <span class='ocrx_word' id='word_1_449' title='bbox 982 3703 1165 3757; x_wconf 89' lang='lat' dir='ltr'><strong>utilem</strong></span> <span class='ocrx_word' id='word_1_450' title='bbox 1200 3717 1356 3771; x_wconf 91' lang='lat' dir='ltr'><strong>esse,</strong></span> <span class='ocrx_word' id='word_1_451' title='bbox 1399 3704 1518 3758; x_wconf 91' lang='lat' dir='ltr'><strong>ideo</strong></span> <span class='ocrx_word' id='word_1_452' title='bbox 1558 3706 1893 3774; x_wconf 85' lang='lat' dir='ltr'><strong>suggerimus</strong></span> 
     </span>
    </p>
   </div>
   <div class='ocr_carea' id='block_1_67' title="bbox 302 3789 1897 3855">
    <p class='ocr_par' dir='ltr' id='par_1_67' title="bbox 302 3789 1897 3855">
     <span class='ocr_line' id='line_1_67' title="bbox 302 3789 1897 3855; baseline 0.004 -10"><span class='ocrx_word' id='word_1_453' title='bbox 302 3789 498 3855; x_wconf 86' lang='lat' dir='ltr'><strong>adhuc,</strong></span> <span class='ocrx_word' id='word_1_454' title='bbox 529 3804 583 3845; x_wconf 89' lang='lat' dir='ltr'><strong>ut</strong></span> <span class='ocrx_word' id='word_1_455' title='bbox 608 3793 854 3846; x_wconf 88' lang='lat' dir='ltr'><strong>oratione</strong></span> <span class='ocrx_word' id='word_1_456' title='bbox 879 3793 1095 3847; x_wconf 88' lang='lat' dir='ltr'><strong>assidua</strong></span> <span class='ocrx_word' id='word_1_457' title='bbox 1127 3793 1334 3848; x_wconf 86' lang='lat' dir='ltr'><strong>Domini</strong></span> <span class='ocrx_word' id='word_1_458' title='bbox 1360 3795 1783 3850; x_wconf 86' lang='lat' dir='ltr'><strong>misericordiam</strong></span> <span class='ocrx_word' id='word_1_459' title='bbox 1814 3795 1897 3851; x_wconf 84' lang='lat' dir='ltr'><strong>de-</strong></span> 
     </span>
    </p>
   </div>
   <div class='ocr_carea' id='block_1_68' title="bbox 302 3880 1890 3955">
    <p class='ocr_par' dir='ltr' id='par_1_68' title="bbox 302 3880 1890 3955">
     <span class='ocr_line' id='line_1_68' title="bbox 302 3880 1890 3955; baseline 0.003 -21"><span class='ocrx_word' id='word_1_460' title='bbox 302 3882 597 3949; x_wconf 88' lang='lat' dir='ltr'><strong>precemini</strong></span> <span class='ocrx_word' id='word_1_461' title='bbox 632 3880 697 3952; x_wconf 89' lang='grc' dir='ltr'><strong>(Ι</strong></span> <span class='ocrx_word' id='word_1_462' title='bbox 729 3881 863 3936; x_wconf 88' lang='lat' dir='ltr'><strong>Tim.</strong></span> <span class='ocrx_word' id='word_1_463' title='bbox 899 3898 972 3948; x_wconf 92' lang='lat' dir='ltr'><strong>tv,</strong></span> <span class='ocrx_word' id='word_1_464' title='bbox 1004 3883 1101 3951; x_wconf 88' lang='lat'><strong>8),</strong></span> <span class='ocrx_word' id='word_1_465' title='bbox 1152 3893 1209 3938; x_wconf 91' lang='lat' dir='ltr'><strong>ut</strong></span> <span class='ocrx_word' id='word_1_466' title='bbox 1240 3886 1353 3953; x_wconf 53' lang='lat' dir='ltr'><strong>ipse</strong></span> <span class='ocrx_word' id='word_1_467' title='bbox 1381 3887 1600 3953; x_wconf 80' lang='lat' dir='ltr'><strong>Spiritus</strong></span> <span class='ocrx_word' id='word_1_468' title='bbox 1627 3901 1890 3955; x_wconf 87' lang='lat' dir='ltr'><strong>compun-</strong></span> 
     </span>
    </p>
   </div>
   <div class='ocr_carea' id='block_1_69' title="bbox 301 3972 1898 4045">
    <p class='ocr_par' dir='ltr' id='par_1_69' title="bbox 301 3972 1898 4045">
     <span class='ocr_line' id='line_1_69' title="bbox 301 3972 1898 4045; baseline 0.003 -19"><span class='ocrx_word' id='word_1_469' title='bbox 301 3972 496 4028; x_wconf 72' lang='lat' dir='ltr'><strong>Itiouis</strong></span> <span class='ocrx_word' id='word_1_470' title='bbox 547 3973 693 4043; x_wconf 90' lang='lat' dir='ltr'><strong>ipsas</strong></span> <span class='ocrx_word' id='word_1_471' title='bbox 736 3974 1071 4031; x_wconf 83' lang='lat' dir='ltr'><strong>inflammare</strong></span> <span class='ocrx_word' id='word_1_472' title='bbox 1111 3976 1379 4045; x_wconf 83' lang='lat' dir='ltr'><strong>dignetur,</strong></span> <span class='ocrx_word' id='word_1_473' title='bbox 1422 3986 1480 4030; x_wconf 91' lang='lat' dir='ltr'><strong>ut</strong></span> <span class='ocrx_word' id='word_1_474' title='bbox 1528 3976 1581 4030; x_wconf 90' lang='lat' dir='ltr'><strong>id</strong></span> <span class='ocrx_word' id='word_1_475' title='bbox 1611 3979 1751 4045; x_wconf 89' lang='lat' dir='ltr'><strong>quod</strong></span> <span class='ocrx_word' id='word_1_476' title='bbox 1803 3991 1898 4045; x_wconf 87' lang='lat' dir='ltr'><strong>per</strong></span> 
     </span>
    </p>
   </div>
   <div class='ocr_carea' id='block_1_70' title="bbox 303 4064 1897 4141">
    <p class='ocr_par' dir='ltr' id='par_1_70' title="bbox 303 4064 1897 4141">
     <span class='ocr_line' id='line_1_70' title="bbox 303 4064 1897 4141; baseline 0.004 -20"><span class='ocrx_word' id='word_1_477' title='bbox 303 4064 554 4123; x_wconf 75' lang='lat' dir='ltr'><strong>deliCtum</strong></span> <span class='ocrx_word' id='word_1_478' title='bbox 607 4071 734 4124; x_wconf 70' lang='lat' dir='ltr'><strong>visae</strong></span> <span class='ocrx_word' id='word_1_479' title='bbox 770 4079 895 4125; x_wconf 91' lang='lat' dir='ltr'><strong>sunt</strong></span> <span class='ocrx_word' id='word_1_480' title='bbox 923 4071 1279 4137; x_wconf 82' lang='lat' dir='ltr'><strong>contraxisse,</strong></span> <span class='ocrx_word' id='word_1_481' title='bbox 1329 4071 1487 4141; x_wconf 86' lang='lat' dir='ltr'><strong>digna</strong></span> <span class='ocrx_word' id='word_1_482' title='bbox 1530 4072 1897 4127; x_wconf 87' lang='lat' dir='ltr'><strong>satisfactione</strong></span> 
     </span>
    </p>
   </div>
   <div class='ocr_carea' id='block_1_71' title="bbox 303 4158 1900 4235">
    <p class='ocr_par' dir='ltr' id='par_1_71' title="bbox 303 4158 1900 4235">
     <span class='ocr_line' id='line_1_71' title="bbox 303 4158 1900 4235; baseline 0.005 -21"><span class='ocrx_word' id='word_1_483' title='bbox 303 4158 635 4229; x_wconf 64' lang='lat' dir='ltr'><strong>paruiteant;</strong></span> <span class='ocrx_word' id='word_1_484' title='bbox 671 4173 728 4216; x_wconf 91' lang='lat' dir='ltr'><strong>ut</strong></span> <span class='ocrx_word' id='word_1_485' title='bbox 750 4164 801 4218; x_wconf 75' lang='lat' dir='ltr'><strong>in</strong></span> <span class='ocrx_word' id='word_1_486' title='bbox 829 4165 1158 4219; x_wconf 89' lang='lat' dir='ltr'><strong>monasterio</strong></span> <span class='ocrx_word' id='word_1_487' title='bbox 1188 4181 1287 4219; x_wconf 88' lang='lat' dir='ltr'><strong>suo</strong></span> <span class='ocrx_word' id='word_1_488' title='bbox 1314 4175 1489 4220; x_wconf 86' lang='lat' dir='ltr'><strong>vestra</strong></span> <span class='ocrx_word' id='word_1_489' title='bbox 1523 4166 1900 4235; x_wconf 88' lang='lat' dir='ltr'><strong>praedicatione</strong></span> 
     </span>
    </p>
   </div>
   <div class='ocr_carea' id='block_1_72' title="bbox 304 4247 1900 4325">
    <p class='ocr_par' dir='ltr' id='par_1_72' title="bbox 304 4247 1900 4325">
     <span class='ocr_line' id='line_1_72' title="bbox 304 4247 1900 4325; baseline 0.005 -20"><span class='ocrx_word' id='word_1_490' title='bbox 304 4251 522 4319; x_wconf 79' lang='lat' dir='ltr'><strong>animae,</strong></span> <span class='ocrx_word' id='word_1_491' title='bbox 545 4263 664 4319; x_wconf 73' lang='lat' dir='ltr'><strong>quae</strong></span> <span class='ocrx_word' id='word_1_492' title='bbox 687 4247 1083 4318; x_wconf 81' lang='lat' dir='ltr'><strong>quodammodo</strong></span> <span class='ocrx_word' id='word_1_493' title='bbox 1105 4257 1405 4323; x_wconf 71' lang='lat' dir='ltr'><strong>perierunt,</strong></span> <span class='ocrx_word' id='word_1_494' title='bbox 1436 4258 1663 4325; x_wconf 73' lang='grc' dir='ltr'><strong>ριόιιὶιίο</strong></span> <span class='ocrx_word' id='word_1_495' title='bbox 1685 4256 1900 4313; x_wconf 88' lang='lat' dir='ltr'><strong>Christo</strong></span> 
     </span>
    </p>
   </div>
   <div class='ocr_carea' id='block_1_73' title="bbox 304 4338 1900 4407">
    <p class='ocr_par' dir='ltr' id='par_1_73' title="bbox 304 4338 1900 4407">
     <span class='ocr_line' id='line_1_73' title="bbox 304 4338 1900 4407; baseline -0.001 -12"><span class='ocrx_word' id='word_1_496' title='bbox 304 4348 674 4406; x_wconf 86' lang='lat' dir='ltr'><strong>revertantur;</strong></span> <span class='ocrx_word' id='word_1_497' title='bbox 714 4346 773 4393; x_wconf 89' lang='lat' dir='ltr'><strong>ut</strong></span> <span class='ocrx_word' id='word_1_498' title='bbox 810 4339 902 4394; x_wconf 90' lang='lat' dir='ltr'><strong>ille</strong></span> <span class='ocrx_word' id='word_1_499' title='bbox 942 4339 1035 4407; x_wconf 88' lang='lat' dir='ltr'><strong>qui</strong></span> <span class='ocrx_word' id='word_1_500' title='bbox 1068 4352 1226 4393; x_wconf 87' lang='lat' dir='ltr'><strong>unam</strong></span> <span class='ocrx_word' id='word_1_501' title='bbox 1273 4338 1519 4393; x_wconf 86' lang='lat' dir='ltr'><strong>humeris</strong></span> <span class='ocrx_word' id='word_1_502' title='bbox 1565 4349 1771 4393; x_wconf 81' lang='lat' dir='ltr'><strong>illatam</strong></span> <span class='ocrx_word' id='word_1_503' title='bbox 1815 4364 1900 4394; x_wconf 80' lang='lat' dir='ltr'><strong>cr—</strong></span> 
     </span>
    </p>
   </div>
   <div class='ocr_carea' id='block_1_74' title="bbox 306 4427 1904 4494">
    <p class='ocr_par' dir='ltr' id='par_1_74' title="bbox 306 4427 1904 4494">
     <span class='ocr_line' id='line_1_74' title="bbox 306 4427 1904 4494; baseline -0.001 -8"><span class='ocrx_word' id='word_1_504' title='bbox 306 4440 516 4486; x_wconf 86' lang='lat' dir='ltr'><strong>rautem</strong></span> <span class='ocrx_word' id='word_1_505' title='bbox 549 4444 704 4485; x_wconf 86' lang='lat' dir='ltr'><strong>ovem</strong></span> <span class='ocrx_word' id='word_1_506' title='bbox 736 4428 803 4483; x_wconf 92' lang='lat' dir='ltr'><strong>ad</strong></span> <span class='ocrx_word' id='word_1_507' title='bbox 832 4427 973 4484; x_wconf 93' lang='lat' dir='ltr'><strong>ovile</strong></span> <span class='ocrx_word' id='word_1_508' title='bbox 1018 4428 1265 4494; x_wconf 85' lang='lat' dir='ltr'><strong>reduxit,</strong></span> <span class='ocrx_word' id='word_1_509' title='bbox 1295 4439 1349 4484; x_wconf 93' lang='lat' dir='ltr'><strong>et</strong></span> <span class='ocrx_word' id='word_1_510' title='bbox 1375 4430 1443 4484; x_wconf 94' lang='lat' dir='ltr'><strong>de</strong></span> <span class='ocrx_word' id='word_1_511' title='bbox 1472 4430 1693 4484; x_wconf 89' lang='lat' dir='ltr'><strong>istarum</strong></span> <span class='ocrx_word' id='word_1_512' title='bbox 1727 4441 1904 4486; x_wconf 84' lang='lat' dir='ltr'><strong>trans—</strong></span> 
     </span>
    </p>
   </div>
   <div class='ocr_carea' id='block_1_75' title="bbox 306 4523 1904 4597">
    <p class='ocr_par' dir='ltr' id='par_1_75' title="bbox 306 4523 1904 4597">
     <span class='ocr_line' id='line_1_75' title="bbox 306 4523 1904 4597; baseline 0 -18"><span class='ocrx_word' id='word_1_513' title='bbox 306 4523 608 4597; x_wconf 89' lang='lat' dir='ltr'><strong>gressione,</strong></span> <span class='ocrx_word' id='word_1_514' title='bbox 655 4524 806 4594; x_wconf 90' lang='lat' dir='ltr'><strong>quasi</strong></span> <span class='ocrx_word' id='word_1_515' title='bbox 846 4523 1111 4592; x_wconf 91' lang='lat' dir='ltr'><strong>acquisito</strong></span> <span class='ocrx_word' id='word_1_516' title='bbox 1141 4523 1289 4594; x_wconf 83' lang='lat' dir='ltr'><strong>gregi</strong></span> <span class='ocrx_word' id='word_1_517' title='bbox 1338 4524 1675 4593; x_wconf 88' lang='lat' dir='ltr'><strong>congaudere</strong></span> <span class='ocrx_word' id='word_1_518' title='bbox 1720 4523 1904 4593; x_wconf 89' lang='lat' dir='ltr'><strong>digne-</strong></span> 
     </span>
    </p>
   </div>
   <div class='ocr_carea' id='block_1_76' title="bbox 1998 3423 3597 3482">
    <p class='ocr_par' dir='ltr' id='par_1_76' title="bbox 1998 3423 3597 3482">
     <span class='ocr_line' id='line_1_76' title="bbox 1998 3423 3597 3482; baseline 0.002 -3"><span class='ocrx_word' id='word_1_519' title='bbox 1998 3438 2065 3479; x_wconf 86' lang='lat' dir='ltr'><strong>ex</strong></span> <span class='ocrx_word' id='word_1_520' title='bbox 2098 3425 2436 3479; x_wconf 86' lang='lat' dir='ltr'><strong>institutione</strong></span> <span class='ocrx_word' id='word_1_521' title='bbox 2472 3432 2779 3479; x_wconf 87' lang='lat' dir='ltr'><strong>sanctorum</strong></span> <span class='ocrx_word' id='word_1_522' title='bbox 2821 3423 3039 3477; x_wconf 79' lang='lat' dir='ltr'><strong>Patrum</strong></span> <span class='ocrx_word' id='word_1_523' title='bbox 3070 3426 3454 3482; x_wconf 89' lang='lat' dir='ltr'><strong>convenienter</strong></span> <span class='ocrx_word' id='word_1_524' title='bbox 3486 3428 3597 3482; x_wconf 89' lang='lat' dir='ltr'><strong>col-</strong></span> 
     </span>
    </p>
   </div>
   <div class='ocr_carea' id='block_1_77' title="bbox 2000 3514 3596 3586">
    <p class='ocr_par' dir='ltr' id='par_1_77' title="bbox 2000 3514 3596 3586">
     <span class='ocr_line' id='line_1_77' title="bbox 2000 3514 3596 3586; baseline 0.003 -17"><span class='ocrx_word' id='word_1_525' title='bbox 2000 3514 2147 3586; x_wconf 84' lang='lat' dir='ltr'><strong>legit,</strong></span> <span class='ocrx_word' id='word_1_526' title='bbox 2181 3516 2371 3570; x_wconf 90' lang='lat' dir='ltr'><strong>ascivi.</strong></span> <span class='ocrx_word' id='word_1_527' title='bbox 2400 3515 2503 3571; x_wconf 88' lang='lat' dir='ltr'><strong>Cui</strong></span> <span class='ocrx_word' id='word_1_528' title='bbox 2534 3516 2994 3571; x_wconf 89' lang='lat' dir='ltr'><strong>consentientibus</strong></span> <span class='ocrx_word' id='word_1_529' title='bbox 3016 3516 3343 3571; x_wconf 90' lang='lat' dir='ltr'><strong>beatissimis</strong></span> <span class='ocrx_word' id='word_1_530' title='bbox 3376 3519 3461 3573; x_wconf 89' lang='lat' dir='ltr'><strong>vel</strong></span> <span class='ocrx_word' id='word_1_531' title='bbox 3493 3518 3596 3574; x_wconf 58' lang='lat' dir='ltr'><strong>hu.</strong></span> 
     </span>
    </p>
   </div>
   <div class='ocr_carea' id='block_1_78' title="bbox 1992 3608 3598 3679">
    <p class='ocr_par' dir='ltr' id='par_1_78' title="bbox 1992 3608 3598 3679">
     <span class='ocr_line' id='line_1_78' title="bbox 1992 3608 3598 3679; baseline 0.005 -18"><span class='ocrx_word' id='word_1_532' title='bbox 1992 3608 2082 3679; x_wconf 90' lang='lat' dir='ltr'><strong>jus</strong></span> <span class='ocrx_word' id='word_1_533' title='bbox 2133 3610 2414 3677; x_wconf 89' lang='lat' dir='ltr'><strong>civitatis,</strong></span> <span class='ocrx_word' id='word_1_534' title='bbox 2474 3610 2560 3664; x_wconf 92' lang='lat' dir='ltr'><strong>vel</strong></span> <span class='ocrx_word' id='word_1_535' title='bbox 2622 3609 2845 3679; x_wconf 89' lang='lat' dir='ltr'><strong>reliquis</strong></span> <span class='ocrx_word' id='word_1_536' title='bbox 2895 3609 3276 3677; x_wconf 79' lang='lat' dir='ltr'><strong>pontificibus,</strong></span> <span class='ocrx_word' id='word_1_537' title='bbox 3333 3611 3598 3669; x_wconf 91' lang='lat' dir='ltr'><strong>electione</strong></span> 
     </span>
    </p>
   </div>
   <div class='ocr_carea' id='block_1_79' title="bbox 1998 3702 3594 3772">
    <p class='ocr_par' dir='ltr' id='par_1_79' title="bbox 1998 3702 3594 3772">
     <span class='ocr_line' id='line_1_79' title="bbox 1998 3702 3594 3772; baseline 0.002 -15"><span class='ocrx_word' id='word_1_538' title='bbox 1998 3702 2161 3757; x_wconf 87' lang='lat' dir='ltr'><strong>etiam</strong></span> <span class='ocrx_word' id='word_1_539' title='bbox 2221 3713 2419 3757; x_wconf 66' lang='lat' dir='ltr'><strong>nostrae</strong></span> <span class='ocrx_word' id='word_1_540' title='bbox 2469 3702 2901 3772; x_wconf 80' lang='lat' dir='ltr'><strong>congregationis</strong></span> <span class='ocrx_word' id='word_1_541' title='bbox 2948 3703 3198 3757; x_wconf 86' lang='lat' dir='ltr'><strong>domnam</strong></span> <span class='ocrx_word' id='word_1_542' title='bbox 3250 3712 3305 3757; x_wconf 87' lang='lat' dir='ltr'><strong>et</strong></span> <span class='ocrx_word' id='word_1_543' title='bbox 3350 3719 3594 3760; x_wconf 80' lang='lat' dir='ltr'><strong>sororem</strong></span> 
     </span>
    </p>
   </div>
   <div class='ocr_carea' id='block_1_80' title="bbox 1998 3794 3600 3867">
    <p class='ocr_par' dir='ltr' id='par_1_80' title="bbox 1998 3794 3600 3867">
     <span class='ocr_line' id='line_1_80' title="bbox 1998 3794 3600 3867; baseline 0.002 -17"><span class='ocrx_word' id='word_1_544' title='bbox 1998 3811 2175 3850; x_wconf 87' lang='lat' dir='ltr'><strong>meam</strong></span> <span class='ocrx_word' id='word_1_545' title='bbox 2214 3800 2501 3867; x_wconf 85' lang='lat' dir='ltr'><strong>Agnetem,</strong></span> <span class='ocrx_word' id='word_1_546' title='bbox 2544 3813 2703 3866; x_wconf 83' lang='lat' dir='ltr'><strong>quam</strong></span> <span class='ocrx_word' id='word_1_547' title='bbox 2736 3798 2804 3850; x_wconf 92' lang='lat' dir='ltr'><strong>ab</strong></span> <span class='ocrx_word' id='word_1_548' title='bbox 2834 3794 3052 3850; x_wconf 75' lang='lat' dir='ltr'><strong>ibeunte</strong></span> <span class='ocrx_word' id='word_1_549' title='bbox 3099 3805 3259 3851; x_wconf 68' lang='lat' dir='ltr'><strong>aetate</strong></span> <span class='ocrx_word' id='word_1_550' title='bbox 3303 3798 3425 3853; x_wconf 91' lang='lat' dir='ltr'><strong>loco</strong></span> <span class='ocrx_word' id='word_1_551' title='bbox 3471 3800 3600 3853; x_wconf 75' lang='lat' dir='ltr'><strong>tiliae</strong></span> 
     </span>
    </p>
   </div>
   <div class='ocr_carea' id='block_1_81' title="bbox 2000 3885 3600 3958">
    <p class='ocr_par' dir='ltr' id='par_1_81' title="bbox 2000 3885 3600 3958">
     <span class='ocr_line' id='line_1_81' title="bbox 2000 3885 3600 3958; baseline 0.002 -17"><span class='ocrx_word' id='word_1_552' title='bbox 2000 3888 2141 3942; x_wconf 90' lang='lat' dir='ltr'><strong>colui</strong></span> <span class='ocrx_word' id='word_1_553' title='bbox 2172 3896 2226 3941; x_wconf 88' lang='lat' dir='ltr'><strong>et</strong></span> <span class='ocrx_word' id='word_1_554' title='bbox 2254 3889 2476 3942; x_wconf 89' lang='lat' dir='ltr'><strong>educavi</strong></span> <span class='ocrx_word' id='word_1_555' title='bbox 2507 3885 2558 3953; x_wconf 70' lang='grc' dir='ltr'><strong>ἀ,</strong></span> <span class='ocrx_word' id='word_1_556' title='bbox 2590 3887 2919 3943; x_wconf 90' lang='lat' dir='ltr'><strong>abbatissam</strong></span> <span class='ocrx_word' id='word_1_557' title='bbox 2962 3888 3196 3951; x_wconf 88' lang='lat' dir='ltr'><strong>institui,</strong></span> <span class='ocrx_word' id='word_1_558' title='bbox 3245 3903 3309 3943; x_wconf 92' lang='lat' dir='ltr'><strong>ac</strong></span> <span class='ocrx_word' id='word_1_559' title='bbox 3352 3904 3439 3943; x_wconf 90' lang='lat' dir='ltr'><strong>tne</strong></span> <span class='ocrx_word' id='word_1_560' title='bbox 3478 3896 3600 3958; x_wconf 84' lang='lat' dir='ltr'><strong>post</strong></span> 
     </span>
    </p>
   </div>
   <div class='ocr_carea' id='block_1_82' title="bbox 2002 3977 3600 4048">
    <p class='ocr_par' dir='ltr' id='par_1_82' title="bbox 2002 3977 3600 4048">
     <span class='ocr_line' id='line_1_82' title="bbox 2002 3977 3600 4048; baseline -0.001 -14"><span class='ocrx_word' id='word_1_561' title='bbox 2002 3979 2171 4034; x_wconf 90' lang='lat' dir='ltr'><strong>Deum</strong></span> <span class='ocrx_word' id='word_1_562' title='bbox 2203 3980 2320 4048; x_wconf 89' lang='lat' dir='ltr'><strong>ejus</strong></span> <span class='ocrx_word' id='word_1_563' title='bbox 2367 3978 2691 4034; x_wconf 89' lang='lat' dir='ltr'><strong>ordinationi</strong></span> <span class='ocrx_word' id='word_1_564' title='bbox 2726 3978 3044 4048; x_wconf 86' lang='lat' dir='ltr'><strong>regulariter</strong></span> <span class='ocrx_word' id='word_1_565' title='bbox 3083 3977 3419 4033; x_wconf 90' lang='lat' dir='ltr'><strong>obedituram</strong></span> <span class='ocrx_word' id='word_1_566' title='bbox 3449 3994 3600 4034; x_wconf 90' lang='lat' dir='ltr'><strong>com-</strong></span> 
     </span>
    </p>
   </div>
   <div class='ocr_carea' id='block_1_83' title="bbox 2001 4071 3600 4143">
    <p class='ocr_par' dir='ltr' id='par_1_83' title="bbox 2001 4071 3600 4143">
     <span class='ocr_line' id='line_1_83' title="bbox 2001 4071 3600 4143; baseline 0.001 -16"><span class='ocrx_word' id='word_1_567' title='bbox 2001 4073 2146 4127; x_wconf 86' lang='lat' dir='ltr'><strong>misi.</strong></span> <span class='ocrx_word' id='word_1_568' title='bbox 2179 4072 2407 4143; x_wconf 87' lang='lat' dir='ltr'><strong>Cuique,</strong></span> <span class='ocrx_word' id='word_1_569' title='bbox 2440 4074 2664 4127; x_wconf 89' lang='lat' dir='ltr'><strong>formam</strong></span> <span class='ocrx_word' id='word_1_570' title='bbox 2704 4071 3050 4141; x_wconf 85' lang='lat' dir='ltr'><strong>apostolicam</strong></span> <span class='ocrx_word' id='word_1_571' title='bbox 3084 4071 3453 4141; x_wconf 85' lang='lat' dir='ltr'><strong>observantes,</strong></span> <span class='ocrx_word' id='word_1_572' title='bbox 3487 4083 3600 4129; x_wconf 87' lang='lat' dir='ltr'><strong>tam</strong></span> 
     </span>
    </p>
   </div>
   <div class='ocr_carea' id='block_1_84' title="bbox 2002 4164 3598 4238">
    <p class='ocr_par' dir='ltr' id='par_1_84' title="bbox 2002 4164 3598 4238">
     <span class='ocr_line' id='line_1_84' title="bbox 2002 4164 3598 4238; baseline 0.002 -19"><span class='ocrx_word' id='word_1_573' title='bbox 2002 4179 2102 4235; x_wconf 83' lang='lat' dir='ltr'><strong>ego</strong></span> <span class='ocrx_word' id='word_1_574' title='bbox 2130 4180 2287 4235; x_wconf 86' lang='lat' dir='ltr'><strong>quam</strong></span> <span class='ocrx_word' id='word_1_575' title='bbox 2308 4180 2526 4220; x_wconf 89' lang='lat' dir='ltr'><strong>sorores</strong></span> <span class='ocrx_word' id='word_1_576' title='bbox 2548 4165 2615 4219; x_wconf 92' lang='lat' dir='ltr'><strong>de</strong></span> <span class='ocrx_word' id='word_1_577' title='bbox 2635 4164 2929 4220; x_wconf 85' lang='lat' dir='ltr'><strong>substantia</strong></span> <span class='ocrx_word' id='word_1_578' title='bbox 2954 4174 3165 4220; x_wconf 87' lang='lat' dir='ltr'><strong>terrena</strong></span> <span class='ocrx_word' id='word_1_579' title='bbox 3185 4181 3303 4236; x_wconf 69' lang='lat' dir='ltr'><strong>qua:</strong></span> <span class='ocrx_word' id='word_1_580' title='bbox 3319 4168 3598 4238; x_wconf 84' lang='lat' dir='ltr'><strong>possidere</strong></span> 
     </span>
    </p>
   </div>
   <div class='ocr_carea' id='block_1_85' title="bbox 2004 4255 3600 4325">
    <p class='ocr_par' dir='ltr' id='par_1_85' title="bbox 2004 4255 3600 4325">
     <span class='ocr_line' id='line_1_85' title="bbox 2004 4255 3600 4325; baseline 0.003 -14"><span class='ocrx_word' id='word_1_581' title='bbox 2004 4257 2340 4325; x_wconf 88' lang='lat' dir='ltr'><strong>videbamur,</strong></span> <span class='ocrx_word' id='word_1_582' title='bbox 2368 4257 2519 4311; x_wconf 89' lang='lat' dir='ltr'><strong>factis</strong></span> <span class='ocrx_word' id='word_1_583' title='bbox 2540 4256 2740 4311; x_wconf 89' lang='lat' dir='ltr'><strong>chartis</strong></span> <span class='ocrx_word' id='word_1_584' title='bbox 2767 4255 3107 4315; x_wconf 88' lang='lat' dir='ltr'><strong>tradidimus.</strong></span> <span class='ocrx_word' id='word_1_585' title='bbox 3132 4268 3275 4306; x_wconf 83' lang='lat' dir='ltr'><strong>metu</strong></span> <span class='ocrx_word' id='word_1_586' title='bbox 3293 4255 3515 4311; x_wconf 72' lang='lat' dir='ltr'><strong>Ananiae</strong></span> <span class='ocrx_word' id='word_1_587' title='bbox 3541 4266 3600 4314; x_wconf 79' lang='lat' dir='ltr'><strong>et</strong></span> 
     </span>
    </p>
   </div>
   <div class='ocr_carea' id='block_1_86' title="bbox 2006 4338 3598 4416">
    <p class='ocr_par' dir='ltr' id='par_1_86' title="bbox 2006 4338 3598 4416">
     <span class='ocr_line' id='line_1_86' title="bbox 2006 4338 3598 4416; baseline 0.006 -22"><span class='ocrx_word' id='word_1_588' title='bbox 2006 4348 2270 4409; x_wconf 69' lang='lat' dir='ltr'><strong>saphim,</strong></span> <span class='ocrx_word' id='word_1_589' title='bbox 2300 4348 2461 4410; x_wconf 58' lang='lat'><strong>573</strong></span> <span class='ocrx_word' id='word_1_590' title='bbox 2493 4348 2545 4392; x_wconf 89' lang='lat' dir='ltr'><strong>in</strong></span> <span class='ocrx_word' id='word_1_591' title='bbox 2592 4338 2920 4393; x_wconf 86' lang='lat' dir='ltr'><strong>monasterio</strong></span> <span class='ocrx_word' id='word_1_592' title='bbox 2943 4340 3129 4409; x_wconf 89' lang='lat' dir='ltr'><strong>positae</strong></span> <span class='ocrx_word' id='word_1_593' title='bbox 3158 4342 3290 4396; x_wconf 89' lang='lat' dir='ltr'><strong>nihil</strong></span> <span class='ocrx_word' id='word_1_594' title='bbox 3322 4348 3598 4416; x_wconf 90' lang='lat' dir='ltr'><strong>proprium</strong></span> 
     </span>
    </p>
   </div>
   <div class='ocr_carea' id='block_1_87' title="bbox 2006 4431 3600 4500">
    <p class='ocr_par' dir='ltr' id='par_1_87' title="bbox 2006 4431 3600 4500">
     <span class='ocr_line' id='line_1_87' title="bbox 2006 4431 3600 4500; baseline 0.005 -13"><span class='ocrx_word' id='word_1_595' title='bbox 2006 4441 2366 4488; x_wconf 84' lang='lat' dir='ltr'><strong>reservantes.</strong></span> <span class='ocrx_word' id='word_1_596' title='bbox 2400 4431 2508 4487; x_wconf 88' lang='lat' dir='ltr'><strong>Sed</strong></span> <span class='ocrx_word' id='word_1_597' title='bbox 2532 4431 2787 4500; x_wconf 90' lang='lat' dir='ltr'><strong>quoniam</strong></span> <span class='ocrx_word' id='word_1_598' title='bbox 2817 4431 3022 4487; x_wconf 88' lang='lat' dir='ltr'><strong>incerta</strong></span> <span class='ocrx_word' id='word_1_599' title='bbox 3049 4441 3175 4489; x_wconf 91' lang='lat' dir='ltr'><strong>sunt</strong></span> <span class='ocrx_word' id='word_1_600' title='bbox 3198 4435 3445 4493; x_wconf 64' lang='lat' dir='ltr'><strong>humana:</strong></span> <span class='ocrx_word' id='word_1_601' title='bbox 3466 4454 3600 4496; x_wconf 87' lang='lat' dir='ltr'><strong>con-</strong></span> 
     </span>
    </p>
   </div>
   <div class='ocr_carea' id='block_1_88' title="bbox 2008 4523 3597 4595">
    <p class='ocr_par' dir='ltr' id='par_1_88' title="bbox 2008 4523 3597 4595">
     <span class='ocr_line' id='line_1_88' title="bbox 2008 4523 3597 4595; baseline -0.003 -16"><span class='ocrx_word' id='word_1_602' title='bbox 2008 4523 2227 4579; x_wconf 90' lang='lat' dir='ltr'><strong>ditionis</strong></span> <span class='ocrx_word' id='word_1_603' title='bbox 2253 4530 2524 4578; x_wconf 88' lang='lat' dir='ltr'><strong>momenta</strong></span> <span class='ocrx_word' id='word_1_604' title='bbox 2555 4523 2636 4579; x_wconf 89' lang='lat' dir='ltr'><strong>vel</strong></span> <span class='ocrx_word' id='word_1_605' title='bbox 2680 4532 2945 4591; x_wconf 87' lang='lat' dir='ltr'><strong>tempora,</strong></span> <span class='ocrx_word' id='word_1_606' title='bbox 2972 4527 3171 4595; x_wconf 89' lang='lat' dir='ltr'><strong>quippe</strong></span> <span class='ocrx_word' id='word_1_607' title='bbox 3214 4530 3415 4585; x_wconf 86' lang='lat' dir='ltr'><strong>mundo</strong></span> <span class='ocrx_word' id='word_1_608' title='bbox 3446 4531 3499 4586; x_wconf 91' lang='lat' dir='ltr'><strong>in</strong></span> <span class='ocrx_word' id='word_1_609' title='bbox 3532 4531 3597 4587; x_wconf 85' lang='lat' dir='ltr'><strong>fi-</strong></span> 
     </span>
    </p>
   </div>
   <div class='ocr_carea' id='block_1_89' title="bbox 264 4615 3598 4691">
    <p class='ocr_par' dir='ltr' id='par_1_89' title="bbox 264 4615 3598 4691">
     <span class='ocr_line' id='line_1_89' title="bbox 264 4615 3598 4691; baseline 0.001 -16"><span class='ocrx_word' id='word_1_610' title='bbox 264 4688 267 4691; x_wconf 14' lang='grc' dir='ltr'><em>Α</em></span> <span class='ocrx_word' id='word_1_611' title='bbox 308 4627 415 4675; x_wconf 89' lang='lat' dir='ltr'><strong>tur.</strong></span> <span class='ocrx_word' id='word_1_612' title='bbox 454 4617 567 4673; x_wconf 89' lang='lat' dir='ltr'><strong>Hoc</strong></span> <span class='ocrx_word' id='word_1_613' title='bbox 607 4615 892 4687; x_wconf 90' lang='lat' dir='ltr'><strong>specialius</strong></span> <span class='ocrx_word' id='word_1_614' title='bbox 926 4617 1289 4687; x_wconf 90' lang='lat' dir='ltr'><strong>postulantes,</strong></span> <span class='ocrx_word' id='word_1_615' title='bbox 1335 4626 1397 4672; x_wconf 92' lang='lat' dir='ltr'><strong>ut</strong></span> <span class='ocrx_word' id='word_1_616' title='bbox 1426 4633 1522 4688; x_wconf 91' lang='lat' dir='ltr'><strong>pro</strong></span> <span class='ocrx_word' id='word_1_617' title='bbox 1556 4617 1712 4674; x_wconf 92' lang='lat' dir='ltr'><strong>nobis</strong></span> <span class='ocrx_word' id='word_1_618' title='bbox 1743 4619 1905 4674; x_wconf 88' lang='lat' dir='ltr'><strong>inter-</strong></span> <span class='ocrx_word' id='word_1_619' title='bbox 2010 4631 2131 4672; x_wconf 91' lang='lat' dir='ltr'><strong>nem</strong></span> <span class='ocrx_word' id='word_1_620' title='bbox 2166 4625 2437 4683; x_wconf 88' lang='lat' dir='ltr'><strong>currente,</strong></span> <span class='ocrx_word' id='word_1_621' title='bbox 2463 4630 2586 4672; x_wconf 91' lang='lat' dir='ltr'><strong>cum</strong></span> <span class='ocrx_word' id='word_1_622' title='bbox 2609 4616 2774 4685; x_wconf 85' lang='lat' dir='ltr'><strong>aliqui</strong></span> <span class='ocrx_word' id='word_1_623' title='bbox 2803 4618 2971 4686; x_wconf 86' lang='lat' dir='ltr'><strong>magis</strong></span> <span class='ocrx_word' id='word_1_624' title='bbox 3004 4620 3233 4687; x_wconf 87' lang='lat' dir='ltr'><strong>propriae</strong></span> <span class='ocrx_word' id='word_1_625' title='bbox 3264 4637 3422 4690; x_wconf 88' lang='lat' dir='ltr'><strong>quam</strong></span> <span class='ocrx_word' id='word_1_626' title='bbox 3458 4621 3598 4678; x_wconf 85' lang='lat' dir='ltr'><strong>divi-</strong></span> 
     </span>
    </p>
   </div>
   <div class='ocr_carea' id='block_1_90' title="bbox 264 4700 3600 4779">
    <p class='ocr_par' dir='ltr' id='par_1_90' title="bbox 264 4700 3600 4779">
     <span class='ocr_line' id='line_1_90' title="bbox 264 4700 3600 4779; baseline 0.001 -12"><span class='ocrx_word' id='word_1_627' title='bbox 264 4700 285 4777; x_wconf 54' lang='grc' dir='ltr'>ί</span> <span class='ocrx_word' id='word_1_628' title='bbox 312 4710 617 4767; x_wconf 85' lang='lat' dir='ltr'><strong>cessiouum</strong></span> <span class='ocrx_word' id='word_1_629' title='bbox 648 4717 945 4763; x_wconf 88' lang='lat' dir='ltr'><strong>vestrarum</strong></span> <span class='ocrx_word' id='word_1_630' title='bbox 978 4706 1230 4779; x_wconf 80' lang='lat' dir='ltr'><strong>suffragia</strong></span> <span class='ocrx_word' id='word_1_631' title='bbox 1260 4708 1646 4776; x_wconf 84' lang='lat' dir='ltr'><strong>indesinenter,</strong></span> <span class='ocrx_word' id='word_1_632' title='bbox 1682 4717 1742 4765; x_wconf 92' lang='lat' dir='ltr'><strong>ut</strong></span> <span class='ocrx_word' id='word_1_633' title='bbox 1775 4725 1907 4767; x_wconf 92' lang='lat' dir='ltr'><strong>con-</strong></span> <span class='ocrx_word' id='word_1_634' title='bbox 1932 4716 1987 4777; x_wconf 88' lang='lat' dir='ltr'><strong><em>D</em></strong></span> <span class='ocrx_word' id='word_1_635' title='bbox 2013 4725 2097 4765; x_wconf 85' lang='lat' dir='ltr'><strong>nae</strong></span> <span class='ocrx_word' id='word_1_636' title='bbox 2137 4710 2354 4778; x_wconf 90' lang='lat' dir='ltr'><strong>cupiant</strong></span> <span class='ocrx_word' id='word_1_637' title='bbox 2382 4708 2647 4763; x_wconf 88' lang='lat' dir='ltr'><strong>voluntati</strong></span> <span class='ocrx_word' id='word_1_638' title='bbox 2693 4712 2931 4775; x_wconf 88' lang='lat' dir='ltr'><strong>servire,</strong></span> <span class='ocrx_word' id='word_1_639' title='bbox 2960 4709 3079 4766; x_wconf 87' lang='lat' dir='ltr'><strong>zelo</strong></span> <span class='ocrx_word' id='word_1_640' title='bbox 3117 4710 3275 4767; x_wconf 90' lang='lat' dir='ltr'><strong>ducta</strong></span> <span class='ocrx_word' id='word_1_641' title='bbox 3321 4712 3415 4767; x_wconf 88' lang='lat' dir='ltr'><strong>Dei</strong></span> <span class='ocrx_word' id='word_1_642' title='bbox 3458 4712 3600 4771; x_wconf 80' lang='lat' dir='ltr'><strong>lianc</strong></span> 
     </span>
    </p>
   </div>
   <div class='ocr_carea' id='block_1_91' title="bbox 224 4796 3596 4891">
    <p class='ocr_par' dir='ltr' id='par_1_91' title="bbox 224 4796 3596 4891">
     <span class='ocr_line' id='line_1_91' title="bbox 224 4796 3596 4891; baseline 0.001 -33"><span class='ocrx_word' id='word_1_643' title='bbox 224 4870 237 4891; x_wconf 29' lang='grc' dir='ltr'><strong><em>λ</em></strong></span> <span class='ocrx_word' id='word_1_644' title='bbox 276 4796 550 4890; x_wconf 69' lang='grc' dir='ltr'><strong>μίόίωυε,</strong></span> <span class='ocrx_word' id='word_1_645' title='bbox 589 4801 857 4857; x_wconf 89' lang='lat' dir='ltr'><strong>tribuatis.</strong></span> <span class='ocrx_word' id='word_1_646' title='bbox 903 4801 1193 4859; x_wconf 86' lang='lat' dir='ltr'><strong>Peculiaris</strong></span> <span class='ocrx_word' id='word_1_647' title='bbox 1243 4811 1424 4859; x_wconf 83' lang='lat' dir='ltr'><strong>vester</strong></span> <span class='ocrx_word' id='word_1_648' title='bbox 1465 4803 1745 4861; x_wconf 66' lang='lat' dir='ltr'><strong>Aitherius</strong></span> <span class='ocrx_word' id='word_1_649' title='bbox 1779 4819 1901 4874; x_wconf 89' lang='lat' dir='ltr'><strong>pec-</strong></span> <span class='ocrx_word' id='word_1_650' title='bbox 2005 4800 2364 4872; x_wconf 88' lang='lat' dir='ltr'><strong>suggestionis</strong></span> <span class='ocrx_word' id='word_1_651' title='bbox 2412 4814 2546 4856; x_wconf 88' lang='lat' dir='ltr'><strong>meae</strong></span> <span class='ocrx_word' id='word_1_652' title='bbox 2596 4801 2877 4871; x_wconf 83' lang='lat' dir='ltr'><strong>paginam,</strong></span> <span class='ocrx_word' id='word_1_653' title='bbox 2933 4802 3265 4870; x_wconf 90' lang='lat' dir='ltr'><strong>apostolatus</strong></span> <span class='ocrx_word' id='word_1_654' title='bbox 3325 4804 3490 4859; x_wconf 90' lang='lat' dir='ltr'><strong>vestri</strong></span> <span class='ocrx_word' id='word_1_655' title='bbox 3539 4807 3596 4863; x_wconf 92' lang='lat' dir='ltr'><strong>in</strong></span> 
     </span>
    </p>
   </div>
   <div class='ocr_carea' id='block_1_92' title="bbox 210 4891 3597 4969">
    <p class='ocr_par' dir='ltr' id='par_1_92' title="bbox 210 4891 3597 4969">
     <span class='ocr_line' id='line_1_92' title="bbox 210 4891 3597 4969; baseline 0.001 -18"><span class='ocrx_word' id='word_1_656' title='bbox 210 4898 231 4950; x_wconf 67' lang='grc' dir='ltr'><em>ἰ</em></span> <span class='ocrx_word' id='word_1_657' title='bbox 313 4904 466 4951; x_wconf 88' lang='lat' dir='ltr'><strong>calor</strong></span> <span class='ocrx_word' id='word_1_658' title='bbox 512 4892 747 4948; x_wconf 88' lang='lat' dir='ltr'><strong>salutare</strong></span> <span class='ocrx_word' id='word_1_659' title='bbox 804 4906 1093 4961; x_wconf 63' lang='lat' dir='ltr'><strong>praesumo.</strong></span> <span class='ocrx_word' id='word_1_660' title='bbox 1147 4894 1332 4951; x_wconf 89' lang='lat' dir='ltr'><strong>Cliens</strong></span> <span class='ocrx_word' id='word_1_661' title='bbox 1381 4905 1557 4951; x_wconf 88' lang='lat' dir='ltr'><strong>vester</strong></span> <span class='ocrx_word' id='word_1_662' title='bbox 1603 4896 1903 4965; x_wconf 83' lang='lat' dir='ltr'><strong>Hesychius</strong></span> <span class='ocrx_word' id='word_1_663' title='bbox 2006 4891 2206 4949; x_wconf 86' lang='lat' dir='ltr'><strong>Christi</strong></span> <span class='ocrx_word' id='word_1_664' title='bbox 2233 4893 2451 4948; x_wconf 90' lang='lat' dir='ltr'><strong>nomine</strong></span> <span class='ocrx_word' id='word_1_665' title='bbox 2479 4902 2754 4963; x_wconf 88' lang='lat' dir='ltr'><strong>superstes</strong></span> <span class='ocrx_word' id='word_1_666' title='bbox 2784 4895 2999 4965; x_wconf 83' lang='lat' dir='ltr'><strong>porrigo</strong></span> <span class='ocrx_word' id='word_1_667' title='bbox 3030 4895 3112 4950; x_wconf 90' lang='lat' dir='ltr'><strong>vel</strong></span> <span class='ocrx_word' id='word_1_668' title='bbox 3141 4895 3349 4953; x_wconf 91' lang='lat' dir='ltr'><strong>devota.</strong></span> <span class='ocrx_word' id='word_1_669' title='bbox 3378 4899 3442 4952; x_wconf 87' lang='lat' dir='ltr'><strong>Et</strong></span> <span class='ocrx_word' id='word_1_670' title='bbox 3471 4900 3597 4969; x_wconf 84' lang='lat' dir='ltr'><strong>quia</strong></span> 
     </span>
    </p>
   </div>
   <div class='ocr_carea' id='block_1_93' title="bbox 313 4987 1906 5059">
    <p class='ocr_par' dir='ltr' id='par_1_93' title="bbox 313 4987 1906 5059">
     <span class='ocr_line' id='line_1_93' title="bbox 313 4987 1906 5059; baseline 0.001 -13"><span class='ocrx_word' id='word_1_671' title='bbox 313 4997 628 5046; x_wconf 86' lang='lat' dir='ltr'><strong>reverenter</strong></span> <span class='ocrx_word' id='word_1_672' title='bbox 674 4987 848 5045; x_wconf 89' lang='lat' dir='ltr'><strong>audeo</strong></span> <span class='ocrx_word' id='word_1_673' title='bbox 889 4990 1147 5045; x_wconf 87' lang='lat' dir='ltr'><strong>salutare.</strong></span> <span class='ocrx_word' id='word_1_674' title='bbox 1189 4990 1410 5045; x_wconf 85' lang='lat' dir='ltr'><strong>Amator</strong></span> <span class='ocrx_word' id='word_1_675' title='bbox 1443 4998 1624 5046; x_wconf 89' lang='lat' dir='ltr'><strong>vester</strong></span> <span class='ocrx_word' id='word_1_676' title='bbox 1650 4990 1906 5059; x_wconf 87' lang='lat' dir='ltr'><strong>Syagrius</strong></span> 
     </span>
    </p>
   </div>
   <div class='ocr_carea' id='block_1_94' title="bbox 314 5084 1908 5154">
    <p class='ocr_par' dir='ltr' id='par_1_94' title="bbox 314 5084 1908 5154">
     <span class='ocr_line' id='line_1_94' title="bbox 314 5084 1908 5154; baseline -0.001 -15"><span class='ocrx_word' id='word_1_677' title='bbox 314 5096 628 5142; x_wconf 81' lang='lat' dir='ltr'><strong>reverenter</strong></span> <span class='ocrx_word' id='word_1_678' title='bbox 677 5089 875 5144; x_wconf 89' lang='lat' dir='ltr'><strong>saluto.</strong></span> <span class='ocrx_word' id='word_1_679' title='bbox 919 5085 1106 5142; x_wconf 90' lang='lat' dir='ltr'><strong>Cultor</strong></span> <span class='ocrx_word' id='word_1_680' title='bbox 1148 5094 1326 5141; x_wconf 86' lang='lat' dir='ltr'><strong>vester</strong></span> <span class='ocrx_word' id='word_1_681' title='bbox 1377 5084 1605 5141; x_wconf 87' lang='lat' dir='ltr'><strong>Urbicus</strong></span> <span class='ocrx_word' id='word_1_682' title='bbox 1658 5092 1908 5154; x_wconf 90' lang='lat' dir='ltr'><strong>peccator</strong></span> 
     </span>
    </p>
   </div>
   <div class='ocr_carea' id='block_1_95' title="bbox 314 5172 1908 5238">
    <p class='ocr_par' dir='ltr' id='par_1_95' title="bbox 314 5172 1908 5238">
     <span class='ocr_line' id='line_1_95' title="bbox 314 5172 1908 5238; baseline 0.001 -8"><span class='ocrx_word' id='word_1_683' title='bbox 314 5172 639 5235; x_wconf 87' lang='lat' dir='ltr'><strong>famulanter</strong></span> <span class='ocrx_word' id='word_1_684' title='bbox 675 5178 873 5238; x_wconf 86' lang='lat' dir='ltr'><strong>saluto.</strong></span> <span class='ocrx_word' id='word_1_685' title='bbox 902 5179 1204 5236; x_wconf 83' lang='lat' dir='ltr'><strong>Venerator</strong></span> <span class='ocrx_word' id='word_1_686' title='bbox 1227 5185 1407 5235; x_wconf 88' lang='lat' dir='ltr'><strong>vester</strong></span> <span class='ocrx_word' id='word_1_687' title='bbox 1434 5176 1674 5233; x_wconf 82' lang='lat' dir='ltr'><strong>Veranus</strong></span> <span class='ocrx_word' id='word_1_688' title='bbox 1708 5175 1908 5234; x_wconf 75' lang='lat' dir='ltr'><strong>episco-</strong></span> 
     </span>
    </p>
   </div>
   <div class='ocr_carea' id='block_1_96' title="bbox 315 5356 1903 5485">
    <p class='ocr_par' dir='ltr' id='par_1_96' title="bbox 315 5356 1903 5485">
     <span class='ocr_line' id='line_1_96' title="bbox 315 5356 1903 5485; baseline 0 -71"><span class='ocrx_word' id='word_1_689' title='bbox 315 5359 533 5485; x_wconf 56' lang='grc' dir='ltr'><strong>ροηιηῖε</strong></span> <span class='ocrx_word' id='word_1_690' title='bbox 560 5361 752 5416; x_wconf 76' lang='lat' dir='ltr'><strong>sanctis</strong></span> <span class='ocrx_word' id='word_1_691' title='bbox 787 5368 939 5431; x_wconf 75' lang='lat' dir='ltr'><strong>atque</strong></span> <span class='ocrx_word' id='word_1_692' title='bbox 958 5399 974 5429; x_wconf 97' lang='lat'><strong>,</strong></span> <span class='ocrx_word' id='word_1_693' title='bbox 1005 5368 1111 5416; x_wconf 92' lang='lat' dir='ltr'><strong>etc.</strong></span> <span class='ocrx_word' id='word_1_694' title='bbox 1151 5356 1278 5414; x_wconf 88' lang='lat' dir='ltr'><strong>Haec</strong></span> <span class='ocrx_word' id='word_1_695' title='bbox 1318 5356 1461 5413; x_wconf 90' lang='lat' dir='ltr'><strong>enim</strong></span> <span class='ocrx_word' id='word_1_696' title='bbox 1489 5364 1572 5414; x_wconf 91' lang='lat' dir='ltr'><strong>est</strong></span> <span class='ocrx_word' id='word_1_697' title='bbox 1604 5356 1903 5414; x_wconf 89' lang='lat' dir='ltr'><strong>communis</strong></span> 
     </span>
     <span class='ocr_line' id='line_1_97' title="bbox 336 5446 562 5485; baseline -0.004 0"><span class='ocrx_word' id='word_1_698' title='bbox 336 5446 488 5485; x_wconf 91' lang='lat' dir='ltr'><strong>ormu</strong></span> <span class='ocrx_word' id='word_1_699' title='bbox 512 5448 562 5485; x_wconf 88' lang='lat' dir='ltr'><strong>a.</strong></span> 
     </span>
    </p>
   </div>
   <div class='ocr_carea' id='block_1_97' title="bbox 336 5434 562 5487">
    <p class='ocr_par' dir='ltr' id='par_1_97' title="bbox 336 5434 562 5487">
     <span class='ocr_line' id='line_1_98' title="bbox 336 5434 562 5487; baseline 0 0"><span class='ocrx_word' id='word_1_700' title='bbox 336 5434 562 5487; x_wconf 68' lang='lat' dir='ltr'><strong>’ormula.</strong></span> 
     </span>
    </p>
   </div>
   <div class='ocr_carea' id='block_1_98' title="bbox 388 5500 1905 5571">
    <p class='ocr_par' dir='ltr' id='par_1_98' title="bbox 388 5500 1905 5571">
     <span class='ocr_line' id='line_1_99' title="bbox 388 5500 1905 5571; baseline 0 -14"><span class='ocrx_word' id='word_1_701' title='bbox 388 5511 416 5539; x_wconf 70' lang='grc' dir='ltr'><strong><em>λ</em></strong></span> <span class='ocrx_word' id='word_1_702' title='bbox 449 5503 712 5557; x_wconf 78' lang='lat' dir='ltr'><strong>Lalandus</strong></span> <span class='ocrx_word' id='word_1_703' title='bbox 758 5503 810 5556; x_wconf 86' lang='lat' dir='ltr'><strong>in</strong></span> <span class='ocrx_word' id='word_1_704' title='bbox 856 5501 1130 5571; x_wconf 89' lang='lat' dir='ltr'><strong>Supplem.</strong></span> <span class='ocrx_word' id='word_1_705' title='bbox 1185 5500 1390 5555; x_wconf 91' lang='lat' dir='ltr'><strong>Concil.</strong></span> <span class='ocrx_word' id='word_1_706' title='bbox 1437 5500 1622 5557; x_wconf 64' lang='lat' dir='ltr'><strong>Gallia:</strong></span> <span class='ocrx_word' id='word_1_707' title='bbox 1673 5500 1816 5555; x_wconf 89' lang='lat' dir='ltr'><strong>addit</strong></span> <span class='ocrx_word' id='word_1_708' title='bbox 1858 5510 1905 5557; x_wconf 87' lang='lat' dir='ltr'><strong>et</strong></span> 
     </span>
    </p>
   </div>
   <div class='ocr_carea' id='block_1_99' title="bbox 316 5572 1903 5643">
    <p class='ocr_par' dir='ltr' id='par_1_99' title="bbox 316 5572 1903 5643">
     <span class='ocr_line' id='line_1_100' title="bbox 316 5572 1903 5643; baseline -0.001 -15"><span class='ocrx_word' id='word_1_709' title='bbox 316 5574 585 5628; x_wconf 72' lang='lat' dir='ltr'><strong>Maroveo.</strong></span> <span class='ocrx_word' id='word_1_710' title='bbox 631 5573 770 5628; x_wconf 84' lang='lat' dir='ltr'><strong>Infra</strong></span> <span class='ocrx_word' id='word_1_711' title='bbox 808 5583 985 5628; x_wconf 89' lang='lat' dir='ltr'><strong>autem</strong></span> <span class='ocrx_word' id='word_1_712' title='bbox 1016 5574 1069 5627; x_wconf 91' lang='lat' dir='ltr'><strong>in</strong></span> <span class='ocrx_word' id='word_1_713' title='bbox 1114 5572 1264 5627; x_wconf 88' lang='lat' dir='ltr'><strong>Colb.</strong></span> <span class='ocrx_word' id='word_1_714' title='bbox 1316 5588 1388 5626; x_wconf 84' lang='lat' dir='ltr'><strong>ut.</strong></span> <span class='ocrx_word' id='word_1_715' title='bbox 1421 5582 1475 5627; x_wconf 91' lang='lat' dir='ltr'><strong>et</strong></span> <span class='ocrx_word' id='word_1_716' title='bbox 1513 5572 1704 5643; x_wconf 82' lang='lat' dir='ltr'><strong>Hegm.</strong></span> <span class='ocrx_word' id='word_1_717' title='bbox 1752 5572 1903 5627; x_wconf 88' lang='lat' dir='ltr'><strong>deest</strong></span> 
     </span>
    </p>
   </div>
   <div class='ocr_carea' id='block_1_100' title="bbox 316 5643 1901 5713">
    <p class='ocr_par' dir='ltr' id='par_1_100' title="bbox 316 5643 1901 5713">
     <span class='ocr_line' id='line_1_101' title="bbox 316 5643 1901 5713; baseline 0.002 -17"><span class='ocrx_word' id='word_1_718' title='bbox 316 5645 710 5708; x_wconf 79' lang='lat' dir='ltr'><strong>Aunachart&#39;us;</strong></span> <span class='ocrx_word' id='word_1_719' title='bbox 749 5653 803 5698; x_wconf 87' lang='lat' dir='ltr'><strong>et</strong></span> <span class='ocrx_word' id='word_1_720' title='bbox 829 5643 1043 5713; x_wconf 90' lang='lat' dir='ltr'><strong>quidem</strong></span> <span class='ocrx_word' id='word_1_721' title='bbox 1075 5643 1212 5698; x_wconf 88' lang='lat' dir='ltr'><strong>inter</strong></span> <span class='ocrx_word' id='word_1_722' title='bbox 1233 5658 1326 5698; x_wconf 89' lang='lat' dir='ltr'><strong>eos</strong></span> <span class='ocrx_word' id='word_1_723' title='bbox 1355 5644 1442 5713; x_wconf 87' lang='lat' dir='ltr'><strong>qui</strong></span> <span class='ocrx_word' id='word_1_724' title='bbox 1472 5644 1901 5706; x_wconf 86' lang='lat' dir='ltr'><strong>subscripserunt</strong></span> 
     </span>
    </p>
   </div>
   <div class='ocr_carea' id='block_1_101' title="bbox 319 5714 1897 5785">
    <p class='ocr_par' dir='ltr' id='par_1_101' title="bbox 319 5714 1897 5785">
     <span class='ocr_line' id='line_1_102' title="bbox 319 5714 1897 5785; baseline 0.003 -20"><span class='ocrx_word' id='word_1_725' title='bbox 319 5727 428 5766; x_wconf 90' lang='lat' dir='ltr'><strong>non</strong></span> <span class='ocrx_word' id='word_1_726' title='bbox 455 5715 689 5785; x_wconf 88' lang='lat' dir='ltr'><strong>occurrit</strong></span> <span class='ocrx_word' id='word_1_727' title='bbox 714 5755 730 5780; x_wconf 90' lang='lat'><strong>,</strong></span> <span class='ocrx_word' id='word_1_728' title='bbox 779 5714 913 5767; x_wconf 90' lang='lat' dir='ltr'><strong>sicut</strong></span> <span class='ocrx_word' id='word_1_729' title='bbox 944 5728 1045 5769; x_wconf 90' lang='lat' dir='ltr'><strong>nec</strong></span> <span class='ocrx_word' id='word_1_730' title='bbox 1074 5715 1372 5785; x_wconf 75' lang='lat' dir='ltr'><strong>Agrteeula.</strong></span> <span class='ocrx_word' id='word_1_731' title='bbox 1414 5714 1605 5770; x_wconf 72' lang='lat' dir='ltr'><strong>Cameri</strong></span> <span class='ocrx_word' id='word_1_732' title='bbox 1634 5729 1761 5769; x_wconf 91' lang='lat' dir='ltr'><strong>vero</strong></span> <span class='ocrx_word' id='word_1_733' title='bbox 1790 5730 1897 5770; x_wconf 90' lang='lat' dir='ltr'><strong>non</strong></span> 
     </span>
    </p>
   </div>
   <div class='ocr_carea' id='block_1_102' title="bbox 318 5784 1896 5852">
    <p class='ocr_par' dir='ltr' id='par_1_102' title="bbox 318 5784 1896 5852">
     <span class='ocr_line' id='line_1_103' title="bbox 318 5784 1896 5852; baseline 0.001 -13"><span class='ocrx_word' id='word_1_734' title='bbox 318 5797 388 5839; x_wconf 84' lang='lat' dir='ltr'><strong>eo</strong></span> <span class='ocrx_word' id='word_1_735' title='bbox 416 5784 601 5838; x_wconf 88' lang='lat' dir='ltr'><strong>ordine</strong></span> <span class='ocrx_word' id='word_1_736' title='bbox 631 5786 1204 5852; x_wconf 79' lang='lat' dir='ltr'><strong>sutiscripserutit,quo</strong></span> <span class='ocrx_word' id='word_1_737' title='bbox 1235 5788 1319 5840; x_wconf 90' lang='lat' dir='ltr'><strong>hic</strong></span> <span class='ocrx_word' id='word_1_738' title='bbox 1352 5800 1536 5841; x_wconf 89' lang='lat' dir='ltr'><strong>eorum</strong></span> <span class='ocrx_word' id='word_1_739' title='bbox 1571 5788 1783 5841; x_wconf 90' lang='lat' dir='ltr'><strong>nomina</strong></span> <span class='ocrx_word' id='word_1_740' title='bbox 1811 5800 1896 5841; x_wconf 88' lang='lat' dir='ltr'><strong>re-</strong></span> 
     </span>
    </p>
   </div>
   <div class='ocr_carea' id='block_1_103' title="bbox 320 5856 1893 5923">
    <p class='ocr_par' dir='ltr' id='par_1_103' title="bbox 320 5856 1893 5923">
     <span class='ocr_line' id='line_1_104' title="bbox 320 5856 1893 5923; baseline 0.004 -17"><span class='ocrx_word' id='word_1_741' title='bbox 320 5866 631 5923; x_wconf 76' lang='lat' dir='ltr'><strong>censentur.</strong></span> <span class='ocrx_word' id='word_1_742' title='bbox 688 5856 935 5923; x_wconf 83' lang='lat' dir='ltr'><strong>Episcopi</strong></span> <span class='ocrx_word' id='word_1_743' title='bbox 994 5864 1171 5908; x_wconf 81' lang='lat' dir='ltr'><strong>autem</strong></span> <span class='ocrx_word' id='word_1_744' title='bbox 1221 5856 1297 5911; x_wconf 87' lang='lat' dir='ltr'><strong>illi</strong></span> <span class='ocrx_word' id='word_1_745' title='bbox 1352 5856 1567 5912; x_wconf 86' lang='lat' dir='ltr'><strong>fuerunt</strong></span> <span class='ocrx_word' id='word_1_746' title='bbox 1615 5856 1893 5912; x_wconf 66' lang='lat' dir='ltr'><strong>Etherius</strong></span> 
     </span>
    </p>
   </div>
   <div class='ocr_carea' id='block_1_104' title="bbox 218 5921 1891 6017">
    <p class='ocr_par' dir='ltr' id='par_1_104' title="bbox 218 5921 1891 6017">
     <span class='ocr_line' id='line_1_105' title="bbox 218 5921 1891 6017; baseline 0.005 -35"><span class='ocrx_word' id='word_1_747' title='bbox 218 6008 231 6017; x_wconf 39' lang='lat'><strong>.</strong></span> <span class='ocrx_word' id='word_1_748' title='bbox 320 5921 1019 5997; x_wconf 51' lang='lat' dir='ltr'><strong>Lugdunensisr&#39;Syagrius</strong></span> <span class='ocrx_word' id='word_1_749' title='bbox 1049 5925 1565 5999; x_wconf 77' lang='lat' dir='ltr'><strong>Augustodtutensis,</strong></span> <span class='ocrx_word' id='word_1_750' title='bbox 1607 5930 1891 5991; x_wconf 59' lang='lat' dir='ltr'><strong>Aunacltar</strong></span> 
     </span>
    </p>
   </div>
   <div class='ocr_carea' id='block_1_105' title="bbox 563 6019 1119 6087">
    <p class='ocr_par' dir='ltr' id='par_1_105' title="bbox 563 6019 1119 6087">
     <span class='ocr_line' id='line_1_106' title="bbox 563 6019 1119 6087; baseline -0.002 -2"><span class='ocrx_word' id='word_1_751' title='bbox 563 6022 837 6085; x_wconf 65' lang='lat' dir='ltr'><strong>Panos.</strong></span> <span class='ocrx_word' id='word_1_752' title='bbox 884 6019 1119 6087; x_wconf 81' lang='lat' dir='ltr'><strong>LXXI.</strong></span> 
     </span>
    </p>
   </div>
   <div class='ocr_carea' id='block_1_106' title="bbox 2009 4986 3596 5060">
    <p class='ocr_par' dir='ltr' id='par_1_106' title="bbox 2009 4986 3596 5060">
     <span class='ocr_line' id='line_1_107' title="bbox 2009 4986 3596 5060; baseline 0.003 -19"><span class='ocrx_word' id='word_1_753' title='bbox 2009 5000 2248 5058; x_wconf 89' lang='lat' dir='ltr'><strong>praesens</strong></span> <span class='ocrx_word' id='word_1_754' title='bbox 2274 5000 2382 5042; x_wconf 93' lang='lat' dir='ltr'><strong>non</strong></span> <span class='ocrx_word' id='word_1_755' title='bbox 2408 4986 2546 5041; x_wconf 91' lang='lat' dir='ltr'><strong>valui</strong></span> <span class='ocrx_word' id='word_1_756' title='bbox 2570 5028 2584 5052; x_wconf 93' lang='lat'><strong>,</strong></span> <span class='ocrx_word' id='word_1_757' title='bbox 2615 4986 2767 5056; x_wconf 89' lang='lat' dir='ltr'><strong>quasi</strong></span> <span class='ocrx_word' id='word_1_758' title='bbox 2800 4986 2992 5042; x_wconf 84' lang='lat' dir='ltr'><strong>vestris</strong></span> <span class='ocrx_word' id='word_1_759' title='bbox 3023 4988 3301 5056; x_wconf 91' lang='lat' dir='ltr'><strong>provoluta</strong></span> <span class='ocrx_word' id='word_1_760' title='bbox 3330 4990 3596 5060; x_wconf 88' lang='lat' dir='ltr'><strong>vestigiis,</strong></span> 
     </span>
    </p>
   </div>
   <div class='ocr_carea' id='block_1_107' title="bbox 2011 5079 3593 5151">
    <p class='ocr_par' dir='ltr' id='par_1_107' title="bbox 2011 5079 3593 5151">
     <span class='ocr_line' id='line_1_108' title="bbox 2011 5079 3593 5151; baseline 0.003 -17"><span class='ocrx_word' id='word_1_761' title='bbox 2011 5079 2257 5147; x_wconf 82' lang='lat' dir='ltr'><strong>epistola:</strong></span> <span class='ocrx_word' id='word_1_762' title='bbox 2307 5079 2620 5134; x_wconf 88' lang='lat' dir='ltr'><strong>vicarietate</strong></span> <span class='ocrx_word' id='word_1_763' title='bbox 2666 5088 2996 5147; x_wconf 78' lang='lat' dir='ltr'><strong>prOSternor,</strong></span> <span class='ocrx_word' id='word_1_764' title='bbox 3043 5082 3334 5150; x_wconf 85' lang='lat' dir='ltr'><strong>conjurans</strong></span> <span class='ocrx_word' id='word_1_765' title='bbox 3363 5097 3457 5151; x_wconf 90' lang='lat' dir='ltr'><strong>per</strong></span> <span class='ocrx_word' id='word_1_766' title='bbox 3493 5082 3593 5139; x_wconf 85' lang='lat' dir='ltr'><strong>Pa-</strong></span> 
     </span>
    </p>
   </div>
   <div class='ocr_carea' id='block_1_108' title="bbox 2014 5167 3594 5238">
    <p class='ocr_par' dir='ltr' id='par_1_108' title="bbox 2014 5167 3594 5238">
     <span class='ocr_line' id='line_1_109' title="bbox 2014 5167 3594 5238; baseline 0.003 -12"><span class='ocrx_word' id='word_1_767' title='bbox 2014 5177 2150 5228; x_wconf 85' lang='lat' dir='ltr'><strong>trem</strong></span> <span class='ocrx_word' id='word_1_768' title='bbox 2178 5177 2232 5227; x_wconf 90' lang='lat' dir='ltr'><strong>et</strong></span> <span class='ocrx_word' id='word_1_769' title='bbox 2269 5167 2462 5225; x_wconf 87' lang='lat' dir='ltr'><strong>Filium</strong></span> <span class='ocrx_word' id='word_1_770' title='bbox 2507 5177 2560 5225; x_wconf 88' lang='lat' dir='ltr'><strong>et</strong></span> <span class='ocrx_word' id='word_1_771' title='bbox 2601 5168 2858 5238; x_wconf 86' lang='lat' dir='ltr'><strong>Spiritum</strong></span> <span class='ocrx_word' id='word_1_772' title='bbox 2889 5180 3165 5237; x_wconf 86' lang='lat' dir='ltr'><strong>sanctum,</strong></span> <span class='ocrx_word' id='word_1_773' title='bbox 3208 5185 3272 5227; x_wconf 92' lang='lat' dir='ltr'><strong>ac</strong></span> <span class='ocrx_word' id='word_1_774' title='bbox 3301 5172 3439 5227; x_wconf 88' lang='lat' dir='ltr'><strong>diem</strong></span> <span class='ocrx_word' id='word_1_775' title='bbox 3487 5182 3594 5231; x_wconf 90' lang='lat' dir='ltr'><strong>tre-</strong></span> 
     </span>
    </p>
   </div>
   <div class='ocr_carea' id='block_1_109' title="bbox 2013 5352 3589 5425">
    <p class='ocr_par' dir='ltr' id='par_1_109' title="bbox 2013 5352 3589 5425">
     <span class='ocr_line' id='line_1_110' title="bbox 2013 5352 3589 5425; baseline 0 -12"><span class='ocrx_word' id='word_1_776' title='bbox 2013 5358 2126 5413; x_wconf 91' lang='lat' dir='ltr'><strong>rius</strong></span> <span class='ocrx_word' id='word_1_777' title='bbox 2157 5353 2663 5419; x_wconf 81' lang='lat' dir='ltr'><strong>Autissiodurensis,</strong></span> <span class='ocrx_word' id='word_1_778' title='bbox 2686 5424 2693 5425; x_wconf 16' lang='grc' dir='ltr'>ί</span> <span class='ocrx_word' id='word_1_779' title='bbox 2714 5352 2993 5408; x_wconf 83' lang='lat' dir='ltr'><strong>liesichius</strong></span> <span class='ocrx_word' id='word_1_780' title='bbox 3040 5352 3589 5425; x_wconf 82' lang='lat' dir='ltr'><strong>Gratianopolitanus,</strong></span> 
     </span>
    </p>
   </div>
   <div class='ocr_carea' id='block_1_110' title="bbox 2013 5424 3593 5498">
    <p class='ocr_par' dir='ltr' id='par_1_110' title="bbox 2013 5424 3593 5498">
     <span class='ocr_line' id='line_1_111' title="bbox 2013 5424 3593 5498; baseline 0.001 -16"><span class='ocrx_word' id='word_1_781' title='bbox 2013 5428 2257 5498; x_wconf 74' lang='lat' dir='ltr'><strong>Agricola</strong></span> <span class='ocrx_word' id='word_1_782' title='bbox 2284 5426 2645 5498; x_wconf 73' lang='lat' dir='ltr'><strong>Nivernensis,</strong></span> <span class='ocrx_word' id='word_1_783' title='bbox 2680 5424 2902 5498; x_wconf 70' lang='lat' dir='ltr'><strong>Urbicus</strong></span> <span class='ocrx_word' id='word_1_784' title='bbox 2935 5424 3229 5498; x_wconf 69' lang='lat' dir='ltr'><strong>Regieitsis,</strong></span> <span class='ocrx_word' id='word_1_785' title='bbox 3264 5425 3414 5498; x_wconf 71' lang='lat' dir='ltr'><strong>Felix</strong></span> <span class='ocrx_word' id='word_1_786' title='bbox 3450 5424 3593 5485; x_wconf 60' lang='lat' dir='ltr'><strong>Beli.</strong></span> 
     </span>
    </p>
   </div>
   <div class='ocr_carea' id='block_1_111' title="bbox 2012 5495 3594 5571">
    <p class='ocr_par' dir='ltr' id='par_1_111' title="bbox 2012 5495 3594 5571">
     <span class='ocr_line' id='line_1_112' title="bbox 2012 5495 3594 5571; baseline 0.003 -19"><span class='ocrx_word' id='word_1_787' title='bbox 2012 5495 2229 5571; x_wconf 77' lang='lat' dir='ltr'><strong>ciettsis,</strong></span> <span class='ocrx_word' id='word_1_788' title='bbox 2278 5499 2513 5571; x_wconf 78' lang='lat' dir='ltr'><strong>Veratius</strong></span> <span class='ocrx_word' id='word_1_789' title='bbox 2539 5496 2939 5571; x_wconf 71' lang='lat' dir='ltr'><strong>(Iavellieensis,</strong></span> <span class='ocrx_word' id='word_1_790' title='bbox 2976 5495 3123 5549; x_wconf 80' lang='lat' dir='ltr'><strong>Felix</strong></span> <span class='ocrx_word' id='word_1_791' title='bbox 3163 5496 3594 5571; x_wconf 85' lang='lat' dir='ltr'><strong>Catalannensis,</strong></span> 
     </span>
    </p>
   </div>
   <div class='ocr_carea' id='block_1_112' title="bbox 2011 5567 3365 5635">
    <p class='ocr_par' dir='ltr' id='par_1_112' title="bbox 2011 5567 3365 5635">
     <span class='ocr_line' id='line_1_113' title="bbox 2011 5567 3365 5635; baseline -0.009 -10"><span class='ocrx_word' id='word_1_792' title='bbox 2011 5570 2355 5625; x_wconf 87' lang='lat' dir='ltr'><strong>Bertramnus</strong></span> <span class='ocrx_word' id='word_1_793' title='bbox 2385 5567 2824 5624; x_wconf 87' lang='lat' dir='ltr'><strong>Cenomanensis.</strong></span> <span class='ocrx_word' id='word_1_794' title='bbox 3356 5628 3365 5635; x_wconf 31' lang='grc' dir='ltr'><em>υ</em></span> 
     </span>
    </p>
   </div>
   <div class='ocr_carea' id='block_1_113' title="bbox 2082 5638 3591 5708">
    <p class='ocr_par' dir='ltr' id='par_1_113' title="bbox 2082 5638 3591 5708">
     <span class='ocr_line' id='line_1_114' title="bbox 2082 5638 3591 5708; baseline 0.001 -14"><span class='ocrx_word' id='word_1_795' title='bbox 2082 5640 2108 5680; x_wconf 75' lang='lat' dir='ltr'><strong>b</strong></span> <span class='ocrx_word' id='word_1_796' title='bbox 2145 5640 2349 5694; x_wconf 82' lang='lat' dir='ltr'><strong>Exinde</strong></span> <span class='ocrx_word' id='word_1_797' title='bbox 2395 5647 2557 5708; x_wconf 87' lang='lat' dir='ltr'><strong>patet,</strong></span> <span class='ocrx_word' id='word_1_798' title='bbox 2614 5638 2832 5708; x_wconf 89' lang='lat' dir='ltr'><strong>verbum</strong></span> <span class='ocrx_word' id='word_1_799' title='bbox 2889 5653 3185 5704; x_wconf 84' lang='lat' dir='ltr'><strong>percurrere</strong></span> <span class='ocrx_word' id='word_1_800' title='bbox 3234 5653 3337 5692; x_wconf 88' lang='lat' dir='ltr'><strong>non</strong></span> <span class='ocrx_word' id='word_1_801' title='bbox 3386 5642 3591 5697; x_wconf 87' lang='lat' dir='ltr'><strong>assumi</strong></span> 
     </span>
    </p>
   </div>
   <div class='ocr_carea' id='block_1_114' title="bbox 2006 5707 3590 5781">
    <p class='ocr_par' dir='ltr' id='par_1_114' title="bbox 2006 5707 3590 5781">
     <span class='ocr_line' id='line_1_115' title="bbox 2006 5707 3590 5781; baseline 0.001 -15"><span class='ocrx_word' id='word_1_802' title='bbox 2006 5727 2100 5781; x_wconf 93' lang='lat' dir='ltr'><strong>pro</strong></span> <span class='ocrx_word' id='word_1_803' title='bbox 2142 5712 2370 5766; x_wconf 91' lang='lat' dir='ltr'><strong>lectione</strong></span> <span class='ocrx_word' id='word_1_804' title='bbox 2400 5707 2807 5776; x_wconf 56' lang='lat' dir='ltr'><strong>praecipitanter</strong></span> <span class='ocrx_word' id='word_1_805' title='bbox 2852 5709 3008 5762; x_wconf 78' lang='lat' dir='ltr'><strong>facta.</strong></span> <span class='ocrx_word' id='word_1_806' title='bbox 3046 5708 3177 5762; x_wconf 63' lang='lat' dir='ltr'><strong>Vtile</strong></span> <span class='ocrx_word' id='word_1_807' title='bbox 3218 5709 3494 5767; x_wconf 87' lang='lat' dir='ltr'><strong>Mabillon.</strong></span> <span class='ocrx_word' id='word_1_808' title='bbox 3537 5711 3590 5768; x_wconf 90' lang='lat' dir='ltr'><strong>in</strong></span> 
     </span>
    </p>
   </div>
   <div class='ocr_carea' id='block_1_115' title="bbox 2002 5781 3388 5843">
    <p class='ocr_par' dir='ltr' id='par_1_115' title="bbox 2002 5781 3388 5843">
     <span class='ocr_line' id='line_1_116' title="bbox 2002 5781 3388 5843; baseline -0.001 -6"><span class='ocrx_word' id='word_1_809' title='bbox 2002 5783 2325 5838; x_wconf 77' lang='lat' dir='ltr'><strong>Defensione</strong></span> <span class='ocrx_word' id='word_1_810' title='bbox 2354 5781 2653 5835; x_wconf 77' lang='lat' dir='ltr'><strong>studiorum</strong></span> <span class='ocrx_word' id='word_1_811' title='bbox 2687 5782 3126 5843; x_wconf 84' lang='lat' dir='ltr'><strong>tuonasticorum,</strong></span> <span class='ocrx_word' id='word_1_812' title='bbox 3160 5790 3263 5835; x_wconf 85' lang='lat' dir='ltr'><strong>art.</strong></span> <span class='ocrx_word' id='word_1_813' title='bbox 3302 5782 3388 5836; x_wconf 80' lang='lat' dir='ltr'><strong>l9.</strong></span> 
     </span>
    </p>
   </div>
   <div class='ocr_carea' id='block_1_116' title="bbox 2075 5849 3163 5921">
    <p class='ocr_par' dir='ltr' id='par_1_116' title="bbox 2075 5849 3163 5921">
     <span class='ocr_line' id='line_1_117' title="bbox 2075 5849 3163 5921; baseline -0.003 -12"><span class='ocrx_word' id='word_1_814' title='bbox 2075 5866 2097 5893; x_wconf 71' lang='grc' dir='ltr'>ε</span> <span class='ocrx_word' id='word_1_815' title='bbox 2128 5854 2217 5909; x_wconf 91' lang='lat' dir='ltr'><strong>Sic</strong></span> <span class='ocrx_word' id='word_1_816' title='bbox 2244 5867 2373 5908; x_wconf 87' lang='lat' dir='ltr'><strong>mss.</strong></span> <span class='ocrx_word' id='word_1_817' title='bbox 2406 5851 2546 5907; x_wconf 86' lang='lat' dir='ltr'><strong>Editi</strong></span> <span class='ocrx_word' id='word_1_818' title='bbox 2567 5866 2693 5921; x_wconf 84' lang='lat' dir='ltr'><strong>vero</strong></span> <span class='ocrx_word' id='word_1_819' title='bbox 2720 5849 2979 5921; x_wconf 83' lang='lat' dir='ltr'><strong>plerique,</strong></span> <span class='ocrx_word' id='word_1_820' title='bbox 3006 5850 3163 5921; x_wconf 78' lang='lat' dir='ltr'><strong>degit.</strong></span> 
     </span>
    </p>
   </div>
   <div class='ocr_carea' id='block_1_117' title="bbox 2067 5920 2769 5993">
    <p class='ocr_par' dir='ltr' id='par_1_117' title="bbox 2067 5920 2769 5993">
     <span class='ocr_line' id='line_1_118' title="bbox 2067 5920 2769 5993; baseline -0.013 -8"><span class='ocrx_word' id='word_1_821' title='bbox 2067 5923 2095 5965; x_wconf 72' lang='grc' dir='ltr'><strong>(ί</strong></span> <span class='ocrx_word' id='word_1_822' title='bbox 2127 5925 2215 5984; x_wconf 86' lang='lat' dir='ltr'><strong>Sic</strong></span> <span class='ocrx_word' id='word_1_823' title='bbox 2242 5924 2375 5984; x_wconf 84' lang='lat' dir='ltr'><strong>Bad.</strong></span> <span class='ocrx_word' id='word_1_824' title='bbox 2402 5940 2415 5953; x_wconf 85' lang='lat'><strong>&#39;</strong></span> <span class='ocrx_word' id='word_1_825' title='bbox 2440 5923 2565 5993; x_wconf 87' lang='lat' dir='ltr'><strong>alii,</strong></span> <span class='ocrx_word' id='word_1_826' title='bbox 2595 5920 2769 5979; x_wconf 70' lang='lat' dir='ltr'><strong>eduxi.</strong></span> 
     </span>
    </p>
   </div>
   <div class='ocr_carea' id='block_1_118' title="bbox 3083 6011 3158 6074">
    <p class='ocr_par' dir='ltr' id='par_1_118' title="bbox 3083 6011 3158 6074">
     <span class='ocr_line' id='line_1_119' title="bbox 3083 6011 3158 6074; baseline 0 0"><span class='ocrx_word' id='word_1_827' title='bbox 3083 6011 3158 6074; x_wconf 85' lang='grc'><strong>17</strong></span> 
     </span>
    </p>
   </div>
  </div>
