2048 3172
276 161 326 190 59.5

774 158 803 187 s.
823 146 1157 187 enucdit'n'mscopt
1177 141 1394 188 rationalisrs

1859 159 1913 189 5M

276 216 364 246 mendi
384 215 493 252 judicii,
517 217 556 245 sic
576 220 784 252 repraesentatos
803 223 852 245 vos
871 224 923 245 non
937 221 1066 252 tyrannus
1080 217 1186 254 Aquos
1212 222 1340 254 pltronds
1360 219 1388 247 in
1414 223 1492 246 causa
1508 217 1556 246 Dei
1571 217 1713 253 diligenter
1736 215 1852 250 ascisco,
1875 218 1913 254 at,

276 267 421 299 oppugnet,
430 263 483 295 ,sed
497 263 632 299 legitimus
647 271 694 292 rex
709 268 821 292 coronet
835 272 840 291 :
853 268 883 293 ut
895 265 917 293 si
930 272 994 294 casu
1006 270 1066 301 post

275 317 365 339 meum
379 310 479 353 obitum
495 317 660 346 quaecunque
674 318 790 347 persona
801 331 809 346 ,
825 311 867 340 vel
883 312 932 340 loci
945 312 1066 348 ejusdem

275 355 413 391 pontifex,
428 354 475 383 seu
498 359 617 390 potestas
632 355 760 391 principis
772 376 780 390 ,
801 356 843 385 vel
869 357 936 386 alius
956 358 1064 395 aliquis.

277 402 348 438 quod
362 409 411 430 nec
423 401 481 430 ﬁeri
495 402 630 431 credimus
641 422 649 436 ,
665 403 900 439 congregationem
909 424 916 437 ,
928 404 970 432 vel
984 412 1064 433 suasu

276 448 415 483 malivolo,
435 448 477 477 vel
501 449 615 485 impulsu
639 448 778 485 judiciario
802 450 961 485 perturbare
981 454 1066 478 tenta-

277 495 357 529 verit,
389 499 435 523 aut
447 494 574 531 regulam
597 495 729 531 frangere,
751 503 799 524 seu
820 497 982 524 abbatissam
1001 496 1065 525 alte-

275 547 334 569 ram
360 548 439 576 quam
466 548 586 569 sororem
614 549 700 569 meam
727 541 871 577 Agnetem,
892 549 970 578 quam
1001 542 1064 570 bea-

275 586 372 614 tissimi
393 586 523 614 Germani-
543 587 720 622 prmsentibus
748 588 803 616 suis
829 588 957 617 fratribus
980 589 1064 617 bene-

275 631 357 660 dictio
374 632 560 665 consecravit;
574 638 620 661 aut
641 633 698 668 ipsa
712 634 901 669 congregatio,
922 634 992 670 quod
1008 634 1066 662 fieri

274 685 329 706 non
344 682 441 713 potest,
456 678 546 706 habita
570 679 779 707 murmuratione
801 685 902 707 mutare
918 680 1065 708 contende-

275 722 323 756 rit,
338 723 381 751 vel
402 723 530 759 quasdam
553 724 748 752 dominationes
771 725 797 752 in
820 726 998 759 monasterio,
1024 726 1066 754 vel

273 770 356 799 rebus
378 769 552 804 monasterii,
569 778 737 806 quaecunque
763 778 876 806 persona
891 773 933 800 vel
947 772 1066 808 pontifex

274 814 338 849 loci,
354 820 451 851 praeter
465 823 532 851 quas
546 820 732 844 antecessores
746 817 864 852 episcopi
876 837 884 850 ,
903 822 949 845 aut
962 818 1006 846 alii
1021 825 1065 847 me

275 862 420 896 superstite
434 860 604 895 habuerunt,
621 869 690 890 novo
705 862 845 898 privilegio
859 863 1011 900 quicunque
1025 863 1065 891 af-

1118 265 1191 301 quod
1203 265 1281 300 absit,
1296 265 1428 294 exstiterit
1442 265 1487 300 qui
1507 267 1599 292 contra
1626 263 1683 291 haec
1699 262 1800 298 aliquid
1821 262 1910 292 moliri

1118 312 1275 346 tentaverit,
1286 320 1335 348 pro
1359 311 1514 348 repellenda
1534 314 1562 338 et
1575 309 1739 338 eoufutando
1752 309 1801 337 Dei
1813 309 1908 345 hoste,

1118 365 1173 386 non
1185 358 1274 394 pigeat
1290 358 1325 387 ad
1347 365 1452 393 regem,
1473 364 1552 392 quem
1573 363 1606 385 eo
1621 361 1743 391 tempore
1766 355 1843 383 locus
1859 355 1911 385 isto

1117 403 1280 438 respexerit,
1295 403 1337 432 vel
1350 403 1384 431 ad
1398 402 1533 431 Pictavam
1549 401 1700 435 civitatem,
1723 408 1773 436 pro
1788 407 1819 429 re
1834 400 1910 428 vobis

1118 454 1180 477 ante
1195 448 1337 477 Dominum
1353 448 1539 477 commendata
1559 454 1718 483 percurrere
1730 468 1738 482 ,
1765 450 1793 475 et
1816 451 1910 476 contra

1118 494 1232 522 aliorum
1248 494 1408 530 injustitiam
1424 497 1600 522 exsecutores
1613 497 1641 521 et
1655 493 1812 521 defensores
1830 492 1909 528 justi-

1119 539 1162 568 tiac
1175 540 1297 569 laborare
1311 549 1317 573 ;
1334 545 1363 568 ut
1379 540 1432 568 tale
1447 539 1522 568 nefas
1542 539 1616 568 nullo
1632 538 1711 567 modo
1733 539 1789 566 suis
1805 538 1909 566 admitti

1117 588 1283 624 temporibus
1296 595 1342 616 rex
1355 587 1470 624 patiatur
1484 586 1642 618 catholicus,
1655 592 1704 612 nec
1718 585 1834 613 convelli
1850 592 1909 621 per-

1118 633 1286 669 mittatquod
1302 633 1395 668 Dei,et
1411 640 1480 666 mea,
1494 637 1623 667 etregum
1637 631 1755 666 ipsorum
1771 630 1910 658 voluntate

1118 680 1254 709 ﬁrmatum
1269 684 1321 708 est.
1338 679 1423 707 Simul
1437 679 1518 708 etiam
1531 678 1676 714 principes,
1692 685 1759 712 quos
1774 677 1847 705 Deus
1861 684 1909 713 pro

1117 726 1311 763 gubernatione
1326 725 1415 761 populi
1430 729 1492 760 post
1506 724 1647 752 decessum
1662 730 1752 751 meum
1765 729 1908 758 superesse

1117 771 1286 807 prmceperit,
1301 770 1413 805 conjuro
1428 777 1476 805 per
1496 776 1586 805 regem
1600 768 1678 804 cujus
1693 768 1769 804 regni
1784 774 1837 795 nun
1860 767 1909 795 erit

1118 817 1233 851 ﬂnis,‘et
1247 816 1280 844 ad
1301 816 1376 851 cujus
1401 820 1496 843 nutum
1518 822 1600 851 regna
1623 815 1794 848 consistunt,
1811 813 1857 848 qui
1871 813 1908 841 eis

1118 862 1226 890 donavit
1243 862 1330 897 ipsum
1348 862 1437 889 vivere
1451 861 1495 888 vel
1518 867 1632 895 regnare
1643 882 1651 894 ,
1673 864 1702 888 ut
1716 859 1907 887 monasterium

274 907 376 936 fectare
401 908 526 941 voluerit,
542 911 588 935 aut
613 913 689 936 extra
715 908 833 945 regulam
854 909 950 938 exinde
973 910 1065 946 egredi
1080 907 1104 937 B
1118 909 1189 945 quod
1203 916 1237 937 ex
1253 908 1387 947 permisso
1409 913 1436 936 ct
1450 907 1547 935 solatio
1563 908 1721 934 damnorum
1745 913 1849 942 regum,
1865 912 1908 941 pa-

273 953 333 989 quis
348 953 501 988 tentaverit,
518 961 564 981 seu
576 953 610 982 de
622 953 714 988 rebus,
728 961 794 990 quas
808 954 836 982 in
848 961 890 983 me
904 955 1064 991 praecellen-

273 999 393 1027 tissimus
417 999 530 1028 domnus
547 999 732 1034 Chlotharius,
756 1000 799 1028 vel
824 1001 1065 1036 praecellentissimi

273 1044 364 1073 domni
380 1053 457 1081 reges
470 1045 524 1083 ῘΑΙ.
541 1046 623 1083 regis]
638 1046 684 1075 lilii
698 1047 738 1076 sui
753 1047 926 1076 contulerunt
941 1056 948 1075 ε
965 1053 992 1076 et
1013 1056 1064 1083 ego

272 1097 307 1118 ex
329 1090 387 1126 ejus
410 1092 599 1128 praeceptionis
613 1092 762 1128 permisso,
779 1093 943 1121 monasterio
968 1092 1065 1121 tradidi

271 1136 480 1172 possidendum,
496 1142 523 1166 et
538 1145 585 1173 per
607 1138 778 1166 auctoritates
803 1139 1064 1174 praecellentissimo-

270 1189 331 1211 rum
348 1182 506 1211 damnorum
535 1191 637 1219 regum,
653 1184 823 1218 Chariberti,
848 1184 1064 1217 Guntchramni,‘

271 1227 415 1263 Chilperici
430 1233 456 1256 et
480 1228 627 1264 Sigiberti,
643 1236 704 1257 cum
728 1229 891 1257 sacramenti
914 1229 1066 1264 interposi-

272 1275 345 1301 tione
356 1292 365 1306 ,
389 1277 417 1301 et
430 1281 539 1302 suarum
557 1282 683 1302 manuum
700 1274 946 1311 subscriptionibus
959 1275 1067 1303 obtinui

273 1318 430 1346 conﬁrmari
447 1328 453 1346 :
475 1323 521 1346 aut
544 1326 577 1347 ex
594 1319 636 1347 bis
652 1327 711 1355 qua:
724 1320 770 1347 alii
783 1327 831 1355 pro
846 1320 994 1348 animarum
1005 1328 1067 1349 sua-

271 1371 333 1391 rum
353 1364 484 1398 remedio,
498 1364 542 1392 vel
560 1371 667 1393 sorores
686 1365 785 1393 ibidem
809 1366 842 1394 de
856 1366 936 1395 rebus
951 1367 1067 1402 propriis

272 1411 457 1445 contulerunt,
484 1411 581 1447 aliquis
596 1413 734 1448 princeps,
749 1417 792 1441 aut
807 1413 938 1448 pontifex,
955 1418 1000 1441 aut
1015 1421 1062 1449 po«

271 1460 342 1489 tens,
355 1461 402 1484 aut
417 1461 430 1476 α
446 1456 480 1485 dc
493 1458 633 1485 sororibus
647 1458 792 1493 cujuslibet
810 1466 934 1494 personae
946 1460 1001 1487 ausi
1018 1460 1066 1488 mi-

272 1509 366 1535 nuere,
379 1507 426 1530 aut
445 1502 552 1531 sibimet
573 1503 606 1530 ad
623 1504 817 1539 prbprietatem
837 1511 967 1532 revocare
983 1505 1066 1533 sacri-

272 1542 334 1583 lego
358 1552 421 1575 voto
446 1548 635 1581 contenderit,
658 1549 693 1576 ita
720 1553 838 1577 vestram
867 1550 1034 1577 sanctitatem
1051 1549 1064 1569 δ

1117 956 1165 984 tris
1172 955 1213 983 vel
1222 955 1264 982 avi
1276 962 1369 983 eorum
1383 954 1565 982 construxissc
1580 954 1635 980 visa
1648 960 1718 985 sum,
1730 956 1757 979 et
1769 952 1910 979 ordinasse

1118 1002 1286 1038 regulariter,
1303 1001 1346 1029 vel
1371 1001 1489 1034 dotasse,
1510 1000 1589 1036 475
1614 999 1663 1026 sub
1687 1005 1734 1026 sua
1749 998 1863 1026 tuitione
1881 1001 1909 1025 et

1116 1054 1251 1082 sermone,
1265 1054 1317 1075 una
1341 1054 1400 1075 cum
1415 1046 1517 1081 Agnete
1535 1046 1668 1073 abbatissa
1681 1045 1794 1079 jubeant
1808 1044 1909 1079 guber-

1118 1101 1195 1129 nare,
1210 1098 1237 1123 et
1250 1102 1265 1122 a
1281 1093 1355 1122 nullo
1370 1100 1456 1128 neque
1471 1100 1544 1127 saepe
1559 1092 1656 1120 dictam
1672 1091 1837 1119 abbatissam
1859 1096 1910 1118 no-

1117 1144 1213 1173 stram,
1226 1138 1426 1175 nequealiquid
1443 1138 1476 1165 ad
1491 1143 1611 1165 nostrum
1623 1137 1815 1164 monasterium
1831 1135 1911 1171 perti-

1117 1192 1185 1214 nens
1200 1178 1406 1218 molestari,aut
1426 1183 1584 1219 inquietari,
1600 1183 1643 1210 vel
1657 1182 1755 1210 exinde
1776 1181 1911 1215 imminui,

1117 1235 1164 1259 aut
1186 1230 1288 1266 aliquid
1311 1230 1408 1258 mutari
1429 1229 1602 1265 permittant;
1622 1228 1668 1256 sed
1689 1228 1774 1263 magis
1797 1235 1846 1263 pro
1861 1227 1910 1255 Dei

1117 1277 1215 1305 intuitu
1229 1284 1281 1304 una
1296 1283 1357 1304 cum
1379 1276 1484 1304 domnis
1502 1274 1645 1310 episcopis,
1661 1274 1730 1309 ipsi,
1746 1281 1791 1312 me
1810 1272 1910 1308 suppli-

1118 1327 1196 1351 cante
1215 1329 1306 1350 coram
1330 1321 1502 1356 redemptore
1525 1321 1660 1356 gentium,
1677 1320 1745 1348 sicut
1770 1319 1809 1348 eis
1832 1326 1911 1348 com-

1117 1368 1227 1402 mendo,
1244 1367 1378 1396 defensari
1391 1367 1501 1403 jubeant
1518 1371 1546 1394 et
1558 1366 1672 1401 muniri,
1686 1370 1715 1393 ut
1730 1366 1758 1393 in
1771 1365 1850 1400 cujus
1862 1364 1910 1392 ho-

1118 1423 1184 1444 nore
1203 1415 1250 1443 Dei
1276 1415 1390 1442 famulas
1413 1418 1570 1451 protegunt,
1591 1421 1652 1441 cum
1676 1413 1820 1442 defensore
1842 1420 1908 1448 pau-

1117 1469 1212 1499 perum
1234 1465 1262 1490 et
1288 1461 1394 1497 Sponso
1424 1460 1783 1496 Virginumlperpetualiter
1809 1463 1910 1486 aeterno

1123 1508 1259 1536 socientur
1272 1508 1298 1535 in
1313 1515 1407 1542 regno.
1425 1507 1490 1534 lllud
1504 1506 1517 1525 ά
1533 1514 1638 1542 quoque
1652 1513 1700 1533 vos
1718 1509 1826 1534 sanctos
1842 1513 1911 1540 pon«

1117 1554 1214 1588 titiccs,
1239 1558 1265 1582 et
1287 1553 1552 1593 prpzcellentissimos
1566 1552 1681 1580 domnos
1707 1559 1792 1587 reges,
1810 1555 1838 1579 et
1851 1551 1911 1578 uni-

273 1601 515 1629 successorumqne
534 1594 617 1630 4⁵14
630 1598 780 1622 vestrorum
802 1598 864 1630 post
888 1595 988 1630 Deum,
1015 1602 1066 1631 pro
1080 1594 1103 1626 C
1119 1607 1225 1627 versum
1246 1600 1373 1635 populum
1395 1598 1575 1626 Christianum
1590 1619 1597 1631 ,
1621 1598 1734 1631 conjuro
1757 1604 1805 1631 per
1830 1596 1911 1625 ﬁdem

272 1648 332 1668 mea
348 1640 545 1675 supplicatiorfe
559 1646 587 1668 et
609 1640 710 1668 Christi
724 1641 870 1675 voluntate,
884 1641 1001 1670 incurrat
1015 1651 1021 1669 :
1037 1646 1067 1670 ut

272 1687 342 1714 sicut
355 1686 498 1721 praedones
523 1691 551 1713 et
572 1686 730 1721 spoliatores
745 1694 897 1724 pauperum
913 1692 987 1715 extra
1003 1695 1065 1723 gra-

273 1734 338 1761 tiam
352 1738 469 1761 vestram
480 1733 642 1768 habeantur,
659 1740 793 1768 nunquam
806 1733 839 1761 de
855 1738 945 1761 nostra
961 1735 1065 1769 regula,

273 1780 316 1807 vel
331 1779 364 1807 de
378 1780 458 1808 rebus
472 1779 641 1813 monasterii,
657 1780 850 1808 obsistentibus
871 1781 957 1814 vobis,
976 1781 1066 1808 immi-

274 1835 359 1856 nuere
372 1828 462 1856 valeat
486 1827 586 1863 aliquid
603 1830 649 1855 aut
670 1831 783 1855 mutare.
808 1827 864 1855 Hoc
875 1828 955 1855 etiam
970 1828 1067 1863 depre-

274 1882 338 1903 cans
353 1878 382 1902 ut
396 1881 456 1902 eum
471 1874 543 1902 Deus
557 1873 714 1908 praedictam
731 1873 857 1901 domnam
882 1881 1003 1902 sororem
1018 1880 1067 1901 no-

273 1923 357 1947 stram
371 1918 504 1955 Agnelem
525 1918 558 1947 de
582 1918 681 1946 saeculo
705 1918 821 1953 migrare
835 1918 965 1951 voluerit,
981 1917 1025 1946 illa
1040 1918 1068 1946 in

273 1965 334 1993 loco
349 1965 408 2001 ejus
429 1965 564 1993 abbatissa
580 1965 614 1993 de
638 1969 731 1993 nostra
751 1965 959 2000 congregatione
971 1964 1068 1992 debeat

273 2011 407 2045 ordinari,
430 2019 490 2048 quae
506 2011 561 2040 Deo
586 2015 613 2039 et
627 2011 678 2046 ipsi
693 2011 834 2047 placuerit,
850 2011 1005 2039 custodiens
1023 2017 1067 2038 re-

273 2058 381 2093 gulam,
397 2062 424 2085 et
442 2057 508 2084 nihil
531 2057 565 2084 de
590 2057 729 2092 proposito
752 2057 900 2085 sanctitatis
915 2056 1066 2084 imminuat.

274 2102 342 2130 Nam
358 2109 370 2124 °
388 2112 523 2139 nunquam
546 2104 653 2139 propria
680 2108 726 2132 aut
748 2104 930 2139 cujuscunque
944 2104 1068 2132 voluntas

274 2147 434 2184 praecipitet.
446 2147 523 2181 Quod
535 2150 569 2179 si,
589 2150 660 2181 qund
677 2150 762 2182 absit,
780 2154 873 2191 contra
895 2150 941 2177 Dei
958 2149 1069 2177 manda-

276 2198 333 2221 tum
349 2199 375 2221 et
390 2193 577 2220 auctoritatem
594 2199 688 2227 regum
711 2191 807 2227 aliquis
822 2191 856 2218 de
879 2193 1068 2226 suprascriptis

278 2239 474 2269 conditionibus
488 2246 578 2266 coram
593 2238 709 2265 Domino
723 2241 749 2265 et
762 2237 862 2265 sanctis
872 2236 931 2272 ejus
948 2236 1068 2271 precabi-

1118 1645 1278 1673 catholicam
1292 1646 1384 1688 iniqua
1413 1644 1540 1678 baptizati
1556 1642 1631 1675 estis,
1645 1647 1671 1670 et
1688 1641 1822 1669 Ecclesias
1845 1649 1911 1676 quas

1118 1691 1293 1723 conservatis,
1318 1694 1347 1716 ut
1362 1690 1388 1716 in
1412 1689 1523 1716 basilica
1544 1695 1623 1724 quam
1647 1688 1674 1716 in
1697 1692 1796 1715 sanctas
1820 1687 1911 1715 Maria:

1119 1736 1265 1764 Dominicze
1290 1735 1427 1770 genitricis
1455 1734 1584 1762 honorem
1609 1735 1741 1768 coepimus
1765 1733 1910 1768 mditicare,

1119 1782 1164 1810 ubi
1178 1783 1259 1810 etiam
1283 1782 1375 1809 multas
1402 1788 1510 1809 sorores
1536 1785 1636 1808 nostra:
1661 1780 1777 1808 conditae
1802 1780 1912 1808 suntin

1119 1829 1223 1864 requie,
1236 1829 1294 1857 sive
1308 1828 1438 1866 perfecta,
1454 1827 1511 1856 sive
1525 1827 1690 1862 imperfecta,
1705 1834 1767 1854 cum
1783 1833 1827 1854 me
1843 1826 1913 1853 Deus

1119 1873 1153 1903 de
1168 1875 1219 1903 hac
1231 1874 1289 1902 luce
1302 1874 1419 1909 migrare
1433 1873 1602 1908 praeceperit,
1619 1872 1809 1907 corpusculum
1821 1879 1913 1900 meum

1119 1919 1157 1949 ibi
1173 1921 1270 1948 debeat
1284 1920 1402 1955 sepeliri.
1417 1919 1494 1953 Quod
1514 1918 1537 1946 si
1557 1918 1617 1954 quis
1638 1919 1710 1946 aliud
1722 1917 1784 1947 inde
1797 1918 1914 1947 voluerit

1120 1970 1166 1994 aut
1178 1966 1236 1994 ﬁeri
1250 1966 1405 2000 tentaverit,
1422 1965 1560 1993 obtinente
1573 1971 1653 1992 cruce
1669 1964 1769 1992 Christi
1793 1968 1820 1992 et
1835 1965 1914 1992 beata

1121 2011 1213 2047 Maria,
1228 2012 1347 2040 divinam
1358 2012 1488 2040 ultionem
1504 2012 1639 2045 incurrat,
1656 2015 1683 2038 et
1696 2010 1770 2038 vobis
1785 2011 1905 2039 intercur

1120 2058 1252 2091 rentibus,
1270 2058 1296 2092 in
1312 2052 1371 2086 loco
1394 2057 1477 2092 ipsius
1499 2056 1622 2085 basilicae
1644 2063 1751 2085 merear
1766 2063 1826 2084 cum
1843 2061 1913 2082 soro

1120 2111 1180 2132 rum
1194 2092 1402 2139 congregatione
1425 2103 1548 2131 obtinere
1563 2102 1680 2130 loculum
1707 2098 1862 2134 sepulturae.
1882 2100 1914 2128 Et

1120 2154 1150 2178 ιιι
1174 2149 1233 2177 hac
1248 2149 1408 2179 supplicatio
1430 2151 1508 2177 mea,
1533 2151 1614 2179 quam
1630 2152 1710 2172 manu
1732 2146 1839 2180 propria
1855 2145 1915 2173 sub-

1121 2190 1232 2225 scripsi,
1256 2189 1284 2218 in
1307 2189 1465 2217 universalis
1488 2189 1616 2217 Ecclesiae
1641 2189 1751 2217 archivo
1779 2195 1913 2224 servetur,

1120 2235 1211 2264 ell‘usis
1226 2243 1287 2263 cum
1313 2235 1439 2271 laerymis
1465 2234 1597 2270 deprecor
1611 2243 1618 2261 :
1634 2240 1765 2270 quatenus
1779 2236 1803 2263 si
1821 2240 1914 2264 contra

278 2287 341 2314 liter
351 2285 547 2313 commendatis
557 2291 647 2319 agere,
659 2287 704 2311 aut
716 2283 749 2311 de
760 2289 873 2318 persona
889 2287 934 2310 aut
944 2283 1067 2311 substan-
1082 2282 1109 2314 D
1121 2282 1258 2318 improbos
1272 2280 1376 2318 aliq‘uos
1397 2281 1543 2311 necessitas
1565 2282 1696 2316 exegerit,
1712 2286 1740 2309 ut
1754 2286 1845 2309 vestra
1868 2282 1914 2310 de-

278 2333 316 2360 tia
337 2330 480 2360 minuenda
495 2330 621 2363 voluerit,
639 2333 684 2357 aut
708 2332 862 2357 memoratae
888 2328 975 2356 sorori
999 2336 1068 2357 mere

279 2377 375 2414 Agneti
398 2376 541 2405 abbatissze
554 2374 692 2402 moleSIias
714 2374 817 2409 aliquas
833 2373 934 2402 inferre
948 2377 1068 2401 tentavc-

277 2424 323 2456 rit,
338 2423 396 2455 Dei,
410 2426 438 2450 et
451 2425 551 2450 sanctae
566 2420 653 2449 crucis
663 2440 671 2453 .
687 2424 715 2448 et
727 2420 813 2448 beatae
835 2419 926 2447 Mariae
948 2419 1069 2447 incurrat

279 2469 422 2507 judicium,
440 2472 466 2496 et
479 2468 572 2497 beatos
588 2466 755 2495 confessores
777 2465 908 2493 Hilarium
936 2469 963 2493 et
976 2465 1069 2492 Marti-

279 2523 355 2550 num,
369 2514 465 2551 quibus
477 2517 539 2549 post
553 2513 636 2541 Deum
648 2519 756 2541 sorores
771 2519 852 2539 meas.
862 2511 958 2539 tradidi
974 2511 1069 2539 defen-

280 2563 393 2596 dendas,
408 2563 480 2597 ipsos
493 2561 590 2589 habeat
602 2559 815 2588 contradictores
829 2563 856 2587 et
871 2563 1067 2594 persecutores.

280 2609 320 2638 'l'e
334 2616 451 2645 quoque,
466 2609 547 2636 beate
567 2606 697 2642 pontifex,
715 2611 939 2639 successoresque
952 2607 1069 2636 vestros,

318 2683 332 2697 ι
344 2678 450 2713 Regm.,
467 2680 511 2713 aut
532 2675 619 2713 aliqua
645 2674 676 2701 de
693 2673 824 2713 sororibus
836 2673 891 2713 here
907 2671 1068 2713 ivnminucre,

283 2718 307 2741 et
320 2714 347 2740 in
361 2707 407 2739 ειᾶι
419 2707 528 2745 propria
550 2707 681 2737 traducere
702 2710 787 2743 quavis
803 2707 993 2735 ntacht'nalione
1016 2711 1070 2733 ten-

287 2749 385 2780 taverit,
402 2747 570 2774 anathemati:
581 2746 640 2782 jttgi
655 2745 742 2780 gladio
757 2744 890 2779 feriantur.

320 2783 333 2802 δ
350 2778 514 2819 Legendurn,
531 2789 558 2809 ut
573 2778 645 2816 puto,
656 2778 727 2807 iram
738 2784 826 2807 vestra:
847 2778 1000 2812 sanctitatis,
1017 2782 1070 2808 etc.

1123 2329 1246 2358 fensione
1261 2335 1339 2356 soror
1353 2335 1413 2355 mea
1428 2328 1519 2363 Agnes
1532 2326 1678 2360 abbatissa,
1698 2326 1742 2354 vel
1765 2333 1913 2364 congrega-

1123 2376 1159 2404 tio
1173 2375 1242 2410 ejus,
1253 2375 1328 2410 quo“
1337 2373 1456 2402 succurri
1468 2374 1524 2402 sibi.
1534 2374 1713 2410 poposcerint,
1723 2376 1818 2402 vestras
1833 2374 1914 2402 mise-

1127 2420 1247 2448 ricordia:
1269 2420 1311 2454 pia
1329 2420 1478 2447 consolatio
1497 2426 1575 2454 opem
1590 2419 1717 2454 pastorali
1733 2419 1914 2448 sollicitudine

1122 2466 1321 2500 subministret;
1336 2473 1386 2494 nec
1399 2466 1434 2494 de
1458 2473 1501 2494 me
1519 2465 1660 2493 destitutas
1681 2472 1710 2494 se
1724 2465 1893 2501 proclament
1914 2487 1916 2489 μ

1124 2514 1220 2549 quibus
1236 2514 1304 2541 Deus
1329 2513 1483 2548 praesidium
1508 2517 1607 2541 vestrm
1629 2513 1722 2548 gratiae
1744 2515 1914 2550 przeparaviti

1123 2559 1189 2587 Illud
1205 2559 1279 2586 vobis
1293 2558 1320 2586 in
1335 2559 1458 2587 omnibus
1482 2562 1544 2586 ante
1558 2558 1651 2587 oculos
1672 2565 1847 2594 revocantes,
1867 2567 1913 2595 per

1123 2605 1223 2640 ipsum,
1239 2605 1284 2639 qui
1300 2605 1334 2633 de
1349 2612 1430 2633 cruce
1453 2605 1569 2640 gloriosa
1585 2604 1722 2640 Virginem
1744 2612 1820 2633 suam
1839 2605 1914 2640 geni-

1144 2671 1297 2713 ‘f’liegmq
1331 2679 1392 2699 nam
1424 2678 1608 2707 nonnunquam
1636 2678 1791 2706 promum...
1820 2670 1911 2705 praci-

1123 2712 1253 2805 fmtibum
1275 2746 1423 2778 sequuntur
1443 2743 1476 2770 ad
1500 2743 1578 2770 tinem
1595 2741 1689 2777 capitis
1702 2745 1838 2771 contracta
1853 2743 1917 2770 sun‘l

1124 2786 1150 2805 ιη
1190 2786 1260 2805 eum.
1495 2796 1497 2799 ι

1124 2786 1150 2806 ιη
1166 2786 1260 2814 negm.
1495 2796 1497 2799 ι

316 2850 413 2883 fRecte
421 2850 630 2877 omittitvoculam
648 2856 695 2881 quo
707 2850 849 2878 Dominicus
865 2850 1006 2883 Mansi,qul
1038 2850 1102 2876 lianc
1114 2850 1240 2882 epistolam
1264 2856 1313 2877 sum
1332 2849 1494 2876 Concdiorum
1514 2848 1654 2883 collectioni
1666 2848 1779 2878 inseruit,
1802 2849 1858 2874 tom.
1870 2842 1912 2875 l3.

286 2881 328 2909 tul.
339 2886 354 2906 ὅ
362 2884 365 2906 ι
372 2883 391 2907 0.

1560 2880 1624 2905 Ευιτ.
