4096 6344
320 334 441 392 535

1230 310 1555 372 HISTORIA
1597 308 2047 366 FBANCORUM.
2091 306 2297 362 LIBER
2333 304 2657 363 DECIMUS.

3498 311 3601 367 526

330 451 518 505 tricem
544 447 699 503 beato
725 439 915 497 Joanni
961 435 1202 506 apostolo
1230 427 1657 493 comn‘uendavit,
1698 434 1759 481 ut
1784 438 1914 495 qua-
1945 424 1995 486 Α
2021 438 2126 477 non
2158 421 2468 476 differimus.
2500 420 2625 474 Haec
2656 418 2876 474 audiens
2908 418 3017 485 ille,
3044 420 3107 475 ad
3132 420 3413 498 episcopos
3435 421 3601 490 abiit;

332 543 455 599 liter
484 540 551 593 ab
595 539 683 593 illo
711 535 1032 604 completum
1067 536 1149 584 est
1197 524 1410 582 Domini
1446 520 1790 585 mandatum,
1833 517 1909 572 sic

332 635 403 690 sit
432 632 571 703 apud
602 642 697 683 vos
736 626 876 696 quod
908 623 1123 692 indigna
1156 627 1210 674 et
1260 615 1475 671 humilis
1520 612 1733 668 domuis
1777 609 1910 665 meis

335 725 588 782 Ecclesia:
617 723 859 792 patribus
882 715 1046 787 476
1073 721 1128 769 et
1158 711 1287 766 viris
1310 706 1619 777 apostolicis
1641 716 1917 758 commen-

331 818 446 875 do:
488 812 632 884 quod
679 825 801 866 eum
853 808 1135 875 dignanter
1181 798 1527 858 servaveritis
1571 794 1911 865 depositum,

326 907 541 964 meritis
572 903 856 974 participes
896 898 1050 968 cujus
1093 894 1328 965 impletis
1357 889 1666 947 mandatum
1698 892 1917 955 aposto-

330 998 523 1061 licum,
546 993 706 1063 digne
736 990 1005 1059 reparetis
1024 985 1328 1054 exemplum
1359 992 1408 1037 ει.
1446 1000 1467 1034 ι

406 1087 593 1144 XLII].
621 1086 867 1142 Posthaec
904 1084 1182 1139 Maroveus
1222 1079 1508 1148 episcopus
1548 1088 1669 1130 cum
1710 1072 1920 1126 diversa

336 1176 659 1248 improperia
692 1175 759 1229 ab
790 1174 872 1228 his
896 1173 1133 1237 audiret,
1167 1168 1475 1225 Porcarimn
1507 1164 1751 1219 abbatem
1781 1159 1923 1215 basi-

336 1271 456 1325 licae
478 1267 617 1323 beati
644 1263 854 1329 Hilarii,
877 1262 940 1315 ad
966 1259 1361 1329 Gundegisilum
1390 1256 1720 1325 episcopum,
1750 1258 1805 1307 et
1833 1264 1921 1304 re—

336 1363 512 1433 liquos
550 1356 1024 1428 comprovinciales
1054 1354 1169 1423 ejus
1217 1350 1476 1413 destinat,
1509 1353 1567 1402 ut
1605 1346 1729 1399 data
1772 1356 1920 1397 corn-

338 1455 595 1511 munioue
632 1450 852 1522 puellis,
903 1448 969 1502 ad
1011 1445 1333 1501 audientiam
1377 1437 1625 1496 veniendi
1657 1435 1923 1493 licentiam

340 1546 613 1616 indulgere
643 1544 1018 1613 dignarentur;
1051 1539 1147 1595 sed
1192 1550 1527 1605 nequaquam
1556 1532 1729 1602 potuit
1779 1529 1925 1586 obti-

338 1652 492 1696 nere.
526 1634 898 1691 Childebertus
926 1639 1101 1686 autem
1131 1645 1245 1695 rex,
1277 1642 1398 1682 cum
1429 1623 1672 1680 assiduas
1694 1620 1759 1676 de
1782 1628 1927 1675 utra-

339 1742 448 1797 que
476 1732 625 1795 parte
648 1767 663 1792 ,
696 1721 1004 1776 monasterii
1040 1718 1283 1783 scilicet,
1330 1716 1413 1770 vel
1460 1712 1756 1784 puellarum
1810 1724 1927 1779 quae

2019 528 2243 583 cumque
2268 527 2387 567 cum
2414 511 2495 565 his
2527 511 2593 565 de
2622 510 2722 565 hac
2745 525 2902 565 causa
2927 511 3135 566 locutus
3165 511 3369 578 fuisset,
3396 514 3603 569 nullum

2018 607 2261 661 ellectum
2289 603 2529 657 obtinere
2578 604 2746 671 potuit
2792 603 2857 657 de
2897 605 3269 658 communione
3295 619 3501 671 earum,
3550 615 3603 663 et

2016 700 2095 754 sic
2126 697 2191 751 ad
2224 697 2407 751 urbem
2456 695 2721 749 i‘ictavam
2753 709 3030 764 regressus
3078 705 3179 751 est.
3233 696 3427 752 Puellae
3474 712 3602 756 vero

2018 797 2278 861 separata:
2300 787 2366 841 ab
2396 785 2643 851 invicem,
2668 786 2786 840 alia:
2806 784 2870 839 ad
2896 793 3166 855 parentes,
3190 786 3308 840 alia:
3330 786 3392 840 ad
3415 788 3605 849 domos

2018 881 2269 954 proprias
2296 920 2313 947 ,
2366 877 2634 932 nonnullae
2668 878 2720 931 in
2770 876 2885 931 haec
2935 877 3287 942 monasteria,
3317 877 3370 931 in
3414 879 3605 946 quibus

2018 975 2171 1047 prius
2199 974 2437 1037 fuerant,
2469 978 2594 1026 sunt
2624 984 2917 1040 regressae;
2946 970 3069 1039 quia
3102 970 3330 1025 hiemem
3376 971 3605 1026 validam

2022 1069 2183 1124 simul
2224 1067 2411 1137 positae
2460 1072 2677 1134 propter
2708 1065 2984 1132 penuriam
3043 1064 3167 1133 ligni
3222 1066 3453 1120 tolerare
3500 1080 3606 1120 non

2023 1170 2293 1233 poterant.
2342 1159 2530 1214 Paucae
2578 1167 2755 1211 tamen
2808 1172 2925 1209 eum
2966 1155 3287 1211 Chrodielde
3328 1167 3382 1213 et
3419 1159 3606 1214 Basina

2025 1258 2423 1309 remanserunt.
2455 1250 2582 1305 Erat
2602 1248 2744 1303 enim
2780 1257 2903 1302 tunc
2923 1256 2976 1303 et
3004 1249 3142 1303 inter
3169 1264 3258 1303 eas
3284 1264 3472 1321 magna
3502 1251 3607 1307 dis-

2024 1345 2229 1411 cordia,
2246 1358 2341 1413 pro
2356 1358 2420 1398 eo
2434 1342 2574 1412 quod
2596 1341 2759 1395 altera
2773 1340 2921 1395 alteri
2938 1355 2996 1394 se
3011 1354 3327 1409 praeponere
3338 1343 3608 1411 cupiebat.

2098 1435 2282 1490 XLIV.
2318 1435 2395 1489 Eo
2426 1449 2565 1487 anno
2592 1442 2714 1503 post
2757 1432 2995 1486 clausum
3032 1432 3233 1486 Pascha
3274 1445 3319 1498 ε,
3368 1444 3471 1487 tam
3513 1436 3611 1489 im-

2031 1541 2218 1585 mensa
2247 1542 2367 1582 cum
2394 1526 2659 1596 grandine
2691 1524 2865 1594 pluvia
2896 1522 3014 1588 fuit,
3039 1530 3098 1576 ut
3118 1524 3250 1577 infra
3282 1524 3504 1579 duarum
3522 1534 3611 1581 aut

2028 1622 2188 1676 trium
2216 1620 2468 1673 horarum
2498 1617 2726 1686 spatium
2749 1656 2763 1683 ,
2810 1617 2969 1670 etiam
3001 1629 3097 1683 per
3129 1616 3363 1671 minores
3388 1618 3608 1671 vallium

2030 1720 2262 1779 meatus,
2286 1709 2516 1780 ingentia
2538 1723 2752 1765 currere
2777 1709 2995 1763 ﬂumina
3028 1709 3370 1775 viderentur;
3394 1710 3614 1766 arbores

348 1831 581 1888 egressa:
618 1813 860 1877 fuerant,
904 1810 1177 1866 molestias
1220 1815 1511 1878 pateretur,
1544 1802 1927 1860 Theutharium
1959 1804 2007 1866 Β
2032 1808 2086 1862 in
2119 1814 2373 1861 autumno
2401 1804 2732 1869 ﬂoruerunt,
2778 1812 2832 1857 et
2874 1816 3063 1871 poma,
3095 1802 3231 1857 sicut
3270 1802 3415 1871 prius
3454 1804 3614 1858 dedo.

341 1909 709 1981 presbyterum
758 1903 824 1958 ad
868 1900 1195 1957 dirimendas
1229 1896 1588 1968 querimonias
1623 1909 1743 1965 qum
1787 1894 1925 1948 inter

343 2002 558 2059 easdem
610 1998 924 2068 agebantur,
975 1992 1224 2048 destinat.
1267 1992 1368 2057 Qui
1398 1987 1702 2060 provocatis
1747 1984 1922 2041 Chro-

343 2095 520 2151 dieide
536 2096 560 2131 δ
576 2106 695 2149 cum
717 2088 936 2160 reliquis
965 2087 1159 2157 puellis
1185 2086 1250 2141 ad
1268 2084 1611 2148 audientiam,
1637 2082 1919 2137 dixerunt:

342 2187 459 2244 Non
488 2185 753 2251 venimus,
786 2182 909 2254 quia
941 2197 970 2236 a
999 2180 1374 2237 communione
1415 2190 1690 2248 suspensae
1716 2189 1923 2231 sumus.

344 2281 402 2339 Si
427 2279 759 2338 reconciliari
788 2290 1074 2342 meremur,
1108 2284 1233 2332 tunc
1273 2274 1340 2330 ad
1391 2272 1713 2329 audientiam
1743 2269 1926 2325 venire

414 2425 442 2454 ι
470 2417 551 2471 Ad
579 2416 779 2471 calcem
812 2412 1057 2468 Historiae
1088 2410 1384 2480 Aquitania
1415 2409 1614 2465 editum
1663 2414 1745 2463 est
1778 2406 1921 2461 istud

344 2487 515 2542 beatae
547 2484 886 2556 Radegundis
917 2491 1294 2556 testamentum
1328 2496 1461 2556 cum
1486 2480 1922 2556 aliquot‘episeo-

344 2570 533 2627 porum
564 2548 1041 2624 subscriptionibus
1062 2594 1077 2618 ,
1109 2553 1202 2608 sed
1234 2568 1352 2622 quae
1378 2551 1627 2606 videntur
1653 2548 1721 2605 ab
1742 2549 1924 2619 aliquo

345 2626 450 2682 alio
478 2627 851 2697 superaddita}.

414 2697 442 2737 ⁸³
471 2691 561 2753 Sic
590 2698 739 2763 Bec.;
770 2695 882 2763 alii,
912 2698 999 2767 qui
1028 2703 1317 2765 provocatur
1340 2691 1682 2747 Chrodieldis.

2033 1906 2174 1966 rant,
2207 1899 2511 1955 ediderunt.
2536 1897 2718 1953 Mense
2742 1911 2882 1951 nono
2908 1910 3047 1952 rosas
3080 1906 3459 1966 apparuerunt.
3487 1896 3613 1952 Flu-

2030 1994 2173 2047 mina
2203 2006 2333 2047 vero
2359 1992 2497 2045 ultra
2523 1992 2738 2045 modum
2763 1997 3141 2059 excreverpnt,
3166 1989 3239 2042 ita
3266 1996 3321 2043 ut
3350 1990 3616 2044 exceden-

2030 2085 2101 2139 tia
2134 2084 2314 2138 littora
2348 2084 2495 2151 loca,
2544 2097 2665 2153 quae
2710 2097 2982 2153 nunquam
3012 2082 3324 2153 contingere
3361 2090 3616 2138 consueta

2029 2176 2261 2243 fuerant,
2288 2177 2583 2246 aperirent,
2614 2189 2723 2231 non
2746 2175 3025 2235 minimum
3054 2175 3351 2231 sationibus
3377 2175 3618 2232 inferen-

2030 2270 2100 2326 tia
2137 2269 2413 2325 damnum.

2106 2415 2128 2443 ο
2162 2401 2437 2458 Dominica
2468 2400 2520 2454 in
2549 2399 2705 2465 albis,
2736 2413 2831 2453 seu
2876 2398 3043 2467 prima
3081 2406 3199 2467 post
3226 2395 3448 2461 Pascha,
3466 2394 3617 2467 dici-

2022 2482 2112 2529 tur
2141 2472 2340 2542 passim
2374 2472 2425 2524 in
2455 2471 2637 2539 ,veteri
2672 2464 2984 2542 lectionario
3013 2477 3066 2523 et
3086 2464 3432 2542 EMissalibush
3452 2464 3619 2542 Galli.

2024 2535 2176 2601 canis
2202 2560 2231 2599 a
2264 2535 2575 2599 Mabillbuio
2626 2550 2812 2595 nostro
2842 2540 2999 2596 editis
3019 2584 3034 2607 ,
3088 2538 3333 2593 Clausum
3389 2535 3610 2593 Pascha.

2026 2617 2117 2685 Sic
2163 2618 2327 2672 etiam
2380 2629 2410 2667 a
2449 2612 2801 2684 popularibus
2853 2612 3050 2667 nostris
3112 2610 3272 2679 vulgo
3318 2607 3611 2678 appellatur

2024 2685 2205 2759 quue
2229 2685 2385 2741 close.

349 2832 3622 2887 ψ

672 2970 1042 3099 ινφ-ωε
1078 2994 1697 3082 INCIPIUNT
1763 2989 2353 3078 CAPITULA
2422 2989 2729 3073 LIBRI
2805 2990 3264 3075 DECIMI.

350 3190 398 3263 ζ.
438 3192 517 3247 De
543 3191 797 3263 Gregorio
820 3207 962 3263 papa
994 3191 1245 3245 Romano.
1286 3186 1467 3263 Oratio
1501 3186 1563 3241 S.
1592 3182 1827 3263 Gregprii
1849 3182 1921 3263 ad
1949 3178 2168 3251 plebem.

350 3261 441 3343 I_._
474 3263 551 3343 De
574 3254 738 3343 reditu
764 3254 1058 3343 Grip-ponis.
1070 3264 1224 3343 legati
1255 3260 1316 3340 ab
1346 3254 1959 3343 imperatprenMattr'it-io.

350 3331 464 3389 III.
512 3334 659 3400 Quod
689 3324 937 3388 exercitus
965 3324 1275 3386 Childeberti
1308 3324 1443 3396 regis
1471 3329 1525 3379 in
1562 3326 1767 3400 Italiam
1794 3324 1939 3376 abiit.

349 3404 368 3456 I
390 3404 453 3458 γ.
496 3389 646 3469 ὧιοά
676 3405 958 3457 Mauricius
986 3404 1263 3471 imperator
1292 3389 1572 3471 legatorum
1600 3397 1946 3471 interfectores
1973 3392 2027 3471 i_n
2058 3389 2258 3446 Gallias
2289 3391 2474 3445 direxit

356 3474 431 3553 [.-
643 3472 958 3553 ϐιιρριι-[ΑΙἶ
987 3463 1225 3553 Cli'uppa]
1254 3463 1465 3525 limitem
1498 3463 1808 3523 Turonicum
1838 3463 2046 3534 irrupit.

350 3544 450 3599 VI.
495 3546 570 3600 De
597 3547 894 3600 carcerariis
923 3544 1183 3597 Arvernis.

357 3614 492 3669 VII.
538 3616 687 3669 Ouod
716 3616 767 3669 in
794 3617 906 3669 ipsa
936 3614 1059 3667 urbe
1084 3629 1172 3665 rea:

350 3684 523 3740 VIII.
558 3679 641 3739 De
668 3679 877 3741 Eulalia
906 3694 951 3738 et
980 3683 1246 3747 Tetradio,
1278 3697 1393 3751 qua:
1421 3698 1550 3733 uror
1579 3682 1687 3751 ejus
1714 3679 1835 3751 fuit.

538 3616 687 3682 Quod
716 3616 767 3669 in
794 3617 906 3685 ipsa
936 3614 1059 3685 urbe
1084 3610 1551 3685 resCIiildebcrtus
1573 3609 1800 3685 clericis,
1831 3621 1893 3659 ne
1924 3605 2167 3660 tributum
2191 3604 2483 3675 redderent,
2514 3604 2769 3673 prastitit.

346 3756 453 3812 IX.
496 3755 572 3813 De
599 3757 821 3812 exercitu
846 3745 1404 3821 Guntchramni'regis,
1432 3752 1517 3819 qui
1545 3745 1612 3805 ἐπ’
1628 3747 1957 3805 Britanniam
1981 3745 2122 3803 abiit.

346 3826 401 3883 Χ
415 3868 430 3884 .
472 3826 559 3883 De‘
572 3829 780 3883 interitu
808 3826 1099 3882 Chundonis
1130 3824 1428 3877 cubicularii
1457 3825 1589 3893 ejus.

347 3898 456 3953 XI.
500 3898 577 3968 De
617 3899 917 3968 inﬁrmitate
949 3894 1505 3968 Cltlothariijunioris.

348 3968 491 4023 XII.
531 3966 609 4023 De
636 3966 835 4023 malitia
861 3966 1256 4036 Berthegundis.

348 4038 525 4098 XIII.
566 4040 841 4094 Altercatio
865 4039 926 4092 de
952 4037 1345 4091 resurrectione.

350 4109 512 4165 XIV.
556 4110 629 4165 De
650 4112 858 4167 interitu
880 4107 1205 4176 Theodulphi
1226 4115 1256 4176 fi
1287 4104 1513 4158 diaconi.

350 4178 475 4236 XV.
516 4177 595 4231 De
621 4182 868 4235 seandalo
891 4174 1181 4233 monasterii
1215 4174 1571 4229 Pictaviensis.

352 4247 513 4318 XVI.
557 4246 634 4318 De
654 4246 854 4318 judicio
881 4260 1053 4318 contra
1085 4246 1444 4318 Qhrodieldem
1471 4251 1517 4297 et
1540 4241 1785 4296 Basinam
1814 4237 2235 4296 lato.Ea:emnlar
2253 4237 2468 4311 judicii.

353 4321 403 4375 X
420 4317 521 4377 γη
533 4358 549 4372 .
594 4311 670 4371 De
694 4311 1218 4370 excommunicatione
1238 4326 1433 4361 eorum.

356 4388 585 4445 XVIII.
628 4387 705 4443 De
734 4380 1205 4455 percussonjusad
1224 4377 1808 4455 gbildebertumregem
1830 4382 2020 4433 missis.

356 4460 515 4515 XIX.
558 4458 635 4513 De
668 4448 965 4523 expulsioue
994 4451 1171 4523 Egidii
1214 4448 1512 4523 Rhemensis
1542 4449 1784 4523 episcopi.

358 4531 482 4585 XX.
525 4529 601 4584 De
634 4516 815 4595 puellis
853 4542 1009 4592 supra
1040 4516 1335 4595 metueretis
1376 4522 1429 4595 in
1458 4519 1552 4572 hac
1572 4516 1925 4574 reconciliatis
1948 4516 2147 4590 synodo

356 4600 515 4657 XXI.
558 4592 642 4653 De
660 4599 866 4652 interitu
897 4597 1121 4663 ﬁliorum
1158 4592 1468 4663 thddouis.

357 4669 553 4726 XXII.
593 4669 674 4727 De
700 4669 910 4723 interitu
946 4664 1221 4719 Childerici
1250 4662 1277 4701 δ
1307 4662 1551 4719 Saxonis.

359 4738 592 4811 XXIII.
638 4740 713 4795 De
744 4740 922 4811 signis,
948 4748 992 4811 et
1025 4735 1293 4811 dubietate
1310 4732 1546 4811 Ρᾳδεζιατ.

360 4810 578 4869 XXIV.
623 4811 699 4865 De
730 4803 1071 4864 destructione
1092 4805 1229 4859 urbis
1260 4803 1612 4858 Antiocheam.

361 4875 463 4937 XX
475 4883 541 4938 V.
580 4881 659 4937 De
684 4882 891 4935 interitu
915 4882 1023 4948 ejus
1047 4880 1133 4945 qui
1158 4893 1212 4930 se
1242 4874 1499 4948 Christum
1520 4874 1747 4948 dicebat.

362 4954 407 5009 Χ
416 4954 465 5008 Χ
476 4954 553 5009 VI
564 4994 577 5008 .
623 4952 696 5009 De
723 4952 861 5006 obitu
890 4944 1210 5019 Ragnemodi
1236 4962 1296 4998 ac
1322 4944 1955 5019 Sulpiciiepiscoporum.

364 5024 623 5080 XXVII.
654 5023 731 5077 De
760 5022 841 5074 his
865 5015 994 5091 quos
1022 5017 1374 5091 Fredegundis
1407 5015 1623 5091 inter/isi
1640 5016 1820 5086 jussit.

366 5092 645 5149 XXVIII.
690 5092 764 5146 De
794 5085 1043 5159 baptismo
1076 5085 1494 5159 Clilothariiﬁlii
1523 5085 1653 5159 ejus.

367 5148 577 5222 XXIX.
620 5163 697 5217 De
727 5148 1049 5216 conveiﬁionc
1078 5175 1136 5211 ac
1170 5148 1450 5219 miraculis,
1483 5148 1557 5207 vel
1588 5157 1728 5207 obitu
1760 5151 1933 5205 Aredii
1963 5150 2158 5222 abbatis
2192 5148 2523 5222 Lemovicini.

368 5220 545 5299 XX.
568 5220 663 5289 De
690 5233 925 5303 temperie
952 5232 1073 5303 anni
1100 5229 1456 5303 prtesentisuet
1479 5225 1541 5277 de
1569 5226 1669 5303 diei
1702 5223 1983 5278 Dominicaz
2013 5220 2367 5276 celebratione.

371 5296 579 5363 XXXI.
624 5296 997 5374 Recapitulatio
1023 5302 1083 5354 de
1101 5296 1363 5354 'eniscoois
1385 5296 1675 5349 ’I'uronicis.

445 5458 473 5489 α
507 5448 662 5506 Colb.
689 5464 765 5504 m.
795 5456 847 5504 et
872 5448 1090 5517 Βρεμι..
1148 5440 1432 5517 Gundom's.
1462 5439 1669 5517 _Agunt
1699 5444 1874 5490 tamen
1902 5450 1952 5490 in

373 5518 489 5591 ipso
518 5522 694 5591 capite
718 5521 784 5578 de
817 5510 1136 5583 Theovdulfo,
1174 5522 1231 5569 ut
1262 5513 1311 5567 in
1346 5510 1523 5565 editis.

2136 5432 2163 5471 ι’
2187 5431 2354 5514 βοῇ).
2382 5446 2456 5486 m.
2487 5439 2543 5487 ct
2587 5430 2799 5514 begun,
2833 5430 3140 5514 ,
3172 5440 3227 5489 et
3251 5433 3302 5490 in
3330 5431 3503 5506 capite
3530 5430 3654 5505 ipso

2066 5503 2423 5558 Chuldericum
2452 5506 2737 5574 appellant,
2770 5513 2858 5561 aut
2884 5503 3247 5561 Childericum.
