4096 6344
292 360 402 420 ω

1179 366 1504 430 HISTORIA
1541 363 1991 429 FRANCORUM.
2032 365 2236 425 LIBER
2272 364 2585 428 DECIMUS.

3445 370 3550 432 5’50

293 478 502 547 luoulo,
532 478 899 551 septiformem
926 481 1203 542 Letaulam
1234 486 1387 560 juxta
1426 490 1859 548 distributionem
1886 489 1939 552 Α
1965 487 2197 560 qualiter
2262 484 2599 553 imperatoris
2645 485 2986 555 praesentiam
3029 486 3177 545 adire
3242 487 3544 559 deberent,

294 573 517 630 inferius
542 573 895 647 designatam,
924 578 1113 635 devota
1143 581 1208 636 ad
1238 580 1502 655 lacrymas
1526 593 1551 621 η
1577 594 1754 642 mente
1773 602 1868 642 ve-

293 666 503 721 niamus
523 710 540 729 ,
582 675 641 721 ut
666 668 943 726 districtus
971 670 1143 727 Judex
1169 686 1294 728 cum
1320 675 1505 744 culpas
1537 685 1747 731 nostras
1774 691 1872 735 nos

293 756 485 827 punire
531 759 857 825 considerat,
908 762 1023 831 ipse
1066 777 1096 817 a
1144 766 1408 820 sententia
1449 768 1735 836 propositae
1758 767 1867 840 [ΑΙ.

293 849 588 922 proposita]
635 853 991 911 damnationis
1032 866 1230 923 parcat.
1282 858 1470 914 Clerus
1517 861 1675 929 igitur
1713 876 1871 931 egre-

293 939 472 996 diatur
504 942 575 996 ab
609 943 830 1000 ecclesia
874 956 1181 1003 sanctorum
1227 957 1525 1019 martyrum
1568 950 1776 1005 Cosma:
1818 960 1874 1009 et

294 1032 561 1099 Damiani,
592 1053 711 1092 cum
734 1041 1058 1112 presbyteris
1080 1042 1310 1110 regionis
1324 1055 1509 1100 sextae.
1535 1045 1730 1103 Omnes
1745 1060 1873 1103 vero

292 1122 513 1181 abbates
559 1142 679 1183 cum
722 1133 997 1188 monachis
1023 1135 1170 1203 suis,
1201 1136 1268 1191 ab
1314 1138 1537 1193 ecclesia
1568 1154 1871 1195 sanC'orum

291 1225 588 1286 martyrum
630 1221 874 1277 Cervasii
904 1234 957 1279 et
980 1226 1237 1293 Protasii,
1273 1244 1393 1284 cum
1423 1231 1753 1303 presbyteris
1782 1248 1871 1287 re-

294 1311 467 1382 gionis
488 1324 709 1382 quarttr.
755 1318 953 1374 Omnes
984 1319 1267 1376 abbatissae
1290 1336 1408 1377 cum
1439 1326 1872 1394 congregationi-

294 1402 395 1459 bus
425 1407 539 1463 suis
560 1450 575 1473 ,
607 1411 949 1470 egrediantur
977 1413 1044 1467 ab
1073 1415 1301 1471 ecclesia
1336 1425 1644 1471 sanctorum
1676 1432 1876 1490 marty-

294 1510 413 1551 rum
445 1498 732 1555 llarrelliui
782 1513 833 1558 et
874 1502 1050 1573 Petri,
1095 1519 1215 1560 cum
1254 1509 1579 1579 presbyteris
1626 1510 1870 1579 regionis

291 1586 501 1655 primae.
536 1590 733 1647 Omnes
762 1592 1008 1661 infantes,
1041 1596 1110 1651 ab
1133 1597 1359 1653 ecclesia
1390 1608 1695 1654 sanctorum
1728 1616 1872 1656 mar-

291 1682 471 1744 tyrum
496 1678 715 1736 Joannis
744 1693 797 1737 et
825 1683 975 1740 Pauli
1003 1701 1124 1741 cum
1157 1690 1484 1760 presbyteris
1513 1691 1748 1761 regionis
1784 1709 1872 1749 se-

291 1767 505 1823 cundae.
549 1770 747 1827 Omnes
785 1788 916 1831 vero
953 1776 1096 1847 laici,
1128 1780 1195 1833 ab
1220 1781 1446 1836 ecclesia
1477 1783 1647 1838 sancti
1686 1792 1869 1853 proto-

1973 593 2111 635 unus
2137 592 2448 647 puerorum,
2479 578 2688 634 Evantii
2715 578 2937 646 scilicet,
2966 581 3055 652 qui
3083 595 3205 637 cum
3236 582 3426 639 eodem
3450 582 3549 639 ab-

1972 671 2131 739 ierat,
2164 671 2429 739 direptam
2484 672 2718 741 speciem
2759 671 2826 727 de
2869 687 3028 728 manu
3056 673 3333 742 cujusdam
3375 689 3550 745 nego-

1970 763 2175 817 tiatoris
2205 761 2271 815 ad
2323 769 2579 817 metatum
2628 762 2839 818 detulit.
2888 764 3056 831 Quem
3102 765 3190 821 ille
3231 775 3549 836 prosecutus

1971 851 2123 923 cujus
2151 866 2237 908 res
2265 862 2440 915 erant,
2473 853 2621 908 reddi
2654 854 2756 909 sibi
2797 871 2908 910 rem
2939 858 3206 927 propriam
3238 856 3547 927 ﬂagitabat;

1971 946 2066 997 sed
2116 943 2219 997 isto
2265 942 2567 1008 dill‘erente,
2598 958 2716 998 cum
2747 946 2812 1000 de
2844 946 2932 1000 die
2980 948 3031 1001 in
3080 947 3222 1002 dietn
3256 949 3355 1002 hoc
3384 943 3551 1018 m

1968 1033 2200 1103 jurgium
2238 1034 2288 1088 iu
2319 1036 2492 1103 majus
2539 1046 2939 1105 propagaretur,
2971 1042 3196 1108 quadam
3245 1039 3333 1094 die
3380 1054 3549 1109 nego-

1973 1123 2132 1179 tiator
2164 1140 2386 1194 puerum
2418 1126 2569 1180 illtttu
2604 1129 2655 1181 in
2689 1128 2861 1197 platea
2909 1131 3147 1199 reperit,
3181 1131 3548 1199 apprehenso-

1971 1233 2075 1288 que
2101 1228 2413 1275 vcstuneuto
2443 1220 2578 1291 ejus,
2611 1230 2791 1276 tenere
2822 1223 2982 1291 οωρίι
3014 1224 3198 1277 dicens
3226 1241 3241 1277 :
3267 1224 3401 1290 Quia
3435 1239 3542 1279 non

1972 1327 2004 1365 a
2037 1328 2121 1367 me
2153 1313 2451 1379 laxaberis,
2504 1315 2808 1383 priusquam
2857 1331 2944 1370 res
2979 1332 3109 1384 quas
3136 1317 3394 1371 violenter
3422 1316 3552 1370 diri-

1973 1406 2130 1475 puisti
2151 1446 2167 1469 ,
2204 1421 2338 1461 meae
2368 1408 2563 1462 ditioni
2597 1411 2874 1465 restituas.
2907 1412 2974 1462 At
3004 1398 3092 1462 ille
3121 1418 3369 1463 excutere
3399 1423 3456 1463 se
3484 1409 3552 1464 de

1973 1497 2090 1565 ejus
2120 1498 2371 1552 manibus
2414 1510 2670 1567 conatus,
2705 1516 2811 1554 non
2845 1499 3107 1554 dubitavit
3149 1508 3335 1569 erepto
3376 1499 3553 1569 gladio

1974 1585 2243 1642 hominem
2277 1588 2566 1655 trucidare,
2600 1600 2653 1648 et
2682 1590 2860 1644 statim
2891 1590 2957 1643 ad
2982 1596 3237 1644 metatum
3271 1603 3553 1658 regressus

1972 1687 2074 1744 est,
2106 1693 2205 1733 nec
2231 1681 2440 1749 aperuit
2460 1681 2619 1735 sociis
2646 1698 2764 1751 quae
2787 1691 2933 1753 gesta
2959 1683 3184 1735 fuerant.
3219 1682 3385 1736 Erant
3408 1680 3556 1738 enim

1974 1766 2045 1821 ibi
2078 1778 2223 1837 tunc,
2257 1778 2315 1822 ut
2341 1768 2592 1833 diximus,
2617 1771 2812 1840 legati,
2846 1771 3183 1842 Bodegisilus
3216 1772 3355 1827 filius
3386 1773 3555 1827 Illum-

292 1863 548 1932 martyris
599 1864 887 1936 Stephani,
926 1884 1046 1925 cum
1106 1874 1435 1943 presbyteris
1482 1878 1715 1945 resimis
1750 1860 1947 1949 sep,B
1978 1859 2171 1914 moleni
2227 1858 2247 1898 ΐ
2303 1861 2665 1929 Suessiouici,
2714 1872 2769 1916 et
2821 1863 3081 1941 Evantius
3127 1864 3265 1917 illius
3312 1863 3555 1932 Dynamii

293 1951 459 2008 limae.
509 1954 708 2013 Omnes
761 1960 1013 2017 mulieres
1054 1963 1264 2029 viduae,
1298 1967 1365 2021 ab
1404 1967 1629 2023 ecclesia
1674 1981 1871 2025 sanctae

293 2041 553 2102 Eufemia:
596 2062 716 2105 cum
762 2053 1091 2126 presbyteris
1134 2058 1367 2127 regionis
1412 2060 1630 2129 quintae.
1673 2062 1871 2119 Omnes

292 2144 469 2191 autem
520 2139 771 2197 mulieres
820 2147 1114 2217 conjngataa
1160 2150 1501 2219 egrediantur
1541 2153 1610 2207 ab
1646 2153 1871 2209 ecclesia

293 2228 461 2282 sancti
483 2227 643 2301 A83
667 2236 913 2304 martyris
938 2239 1247 2308 Clementis,
1277 2256 1397 2297 cum
1430 2244 1758 2315 presbyteris
1780 2262 1869 2301 re—

294 2315 468 2385 gionis
520 2323 691 2378 tertius
740 2323 787 2381 δ.
837 2325 906 2383 Ut
947 2328 1016 2384 de
1058 2319 1285 2401 singulis
1330 2335 1571 2391 ecclesiis
1614 2347 1874 2395 exeuntes

292 2425 412 2467 cum
446 2416 691 2480 precibus
734 2434 796 2475 ac
826 2421 1074 2494 lacrymis
1097 2467 1113 2487 ,
1154 2427 1221 2481 ad
1250 2428 1419 2482 beata:
1450 2429 1624 2485 Mariae
1660 2446 1875 2502 semper

291 2506 513 2576 virginis
539 2512 811 2581 genitricis
843 2517 1051 2573 Domini
1086 2519 1179 2575 Dei
1208 2523 1377 2577 nostri
1400 2524 1528 2579 Jesu
1557 2524 1754 2583 Christi
1782 2530 1877 2585 ba-

291 2596 497 2655 silicam
526 2617 931 2681 congregemur,
965 2618 1024 2663 ut
1049 2609 1123 2665 ibi
1149 2610 1353 2667 diutius
1376 2628 1497 2670 cum
1531 2615 1661 2672 ﬂetu
1686 2633 1749 2673 ac
1773 2635 1873 2691 ge-

291 2689 428 2744 mitu
469 2691 695 2749 Domino
734 2696 1126 2765 supplicantes,
1179 2714 1520 2771 peccatorum
1563 2689 1871 2767 nostrorum

292 2781 511 2837 veniam
540 2788 835 2854 promereri
863 2792 1150 2850 valeamus.
1181 2813 1203 2849 ι

365 2870 494 2928 Hac
522 2889 587 2929 eo
613 2876 845 2944 dicente,
878 2884 1207 2955 congregatis
1256 2887 1570 2947 clericorum
1611 2896 1871 2964 catervis,

293 2963 525 3033 psallere
549 2967 708 3035 jussit
733 2986 828 3041 per
857 2972 1111 3041 tridnttm,
1140 2992 1204 3034 ac
1224 2980 1496 3050 deprecari
1530 2985 1739 3041 Domini
1769 2988 1875 3043 mi-

295 3056 665 3114 sericordiam.
701 3062 775 3118 De
804 3062 935 3120 hora
973 3082 1185 3137 quoque
1228 3073 1385 3126 tertia
1414 3075 1699 3131 veniebant
1739 3079 1875 3133 utri-

296 3159 401 3216 que
428 3147 575 3204 chori
609 3152 952 3219 pSalleutium
995 3156 1062 3211 ad
1108 3158 1389 3216 ecclesiam
1410 3202 1427 3229 ,
1459 3163 1752 3221 clamantes
1780 3181 1878 3236 per

1974 1952 2329 2017 Arelatensis,
2362 1963 2417 2009 et
2450 1954 2534 2010 hic
2574 1955 2773 2024 Grippo
2808 1971 3004 2027 genere
3035 1956 3299 2023 Francus,
3331 1959 3419 2025 qui
3448 1958 3557 2013 ele-

1973 2055 2159 2099 vantes
2180 2046 2246 2100 de
2273 2047 2653 2117 epulo,sopori
2671 2063 2729 2101 se
2755 2047 3015 2102 deder.th
3041 2064 3137 2117 pro
3157 2049 3356 2119 quiete.
3380 2050 3558 2115 Quare

1972 2151 2093 2190 cum
2125 2137 2320 2191 seniori
2350 2138 2495 2191 urbis
2522 2136 3021 2195 nuntiatal‘uissent
3047 2154 3165 2208 quae
3197 2154 3329 2208 puer
3365 2139 3560 2195 horum

1975 2236 2244 2295 gesserat,
2272 2228 2515 2288 collectis
2544 2230 2825 2294 militibus,
2859 2232 2937 2285 vel
2970 2231 3113 2285 omni
3158 2232 3356 2301 ponulo
3386 2231 3557 2287 armis

1979 2319 2333 2385 circumdato,
2367 2320 2431 2374 ad
2468 2328 2721 2375 metatum
2774 2336 2962 2375 eorum
2994 2321 3193 2395 dirigit.
3228 2323 3299 2377 At
3339 2323 3412 2377 illi
3444 2324 3557 2376 ino-

1976 2410 2223 2478 pinantes
2251 2411 2635 2480 expcrgefacti,
2679 2412 3099 2481 obstupescunt,
3131 2422 3413 2468 cernentes
3443 2413 3558 2470 haec

1977 2513 2098 2568 quae
2128 2500 2474 2569 gerebantur.
2505 2501 2656 2557 Tunc
2685 2501 2774 2558 ille
2800 2505 2888 2572 qui
2934 2510 3078 2572 prior
3112 2513 3255 2570 erat,
3290 2505 3559 2560 exclama-

1976 2590 2070 2646 bat
2099 2591 2285 2647 dicens
2312 2610 2324 2646 :
2350 2594 2512 2649 Arma
2560 2596 2831 2664 deponite,
2872 2605 2926 2651 et
2965 2596 3031 2650 ad
3064 2613 3162 2652 nos
3205 2595 3561 2667 egredimini,

1979 2690 2038 2738 ut
2065 2697 2452 2753 cognoscamus
2484 2686 2703 2754 pacilice
2736 2687 2963 2755 qualiter
2992 2687 3338 2742 homicidium
3363 2688 3561 2742 factum

1979 2783 2084 2831 est.
2138 2776 2264 2831 Haec
2312 2776 2387 2831 illi
2438 2778 2753 2843 audientes,
2805 2780 2998 2835 timore
3047 2779 3356 2849 perterriti,
3385 2778 3562 2834 adhuc

1980 2862 2289 2932 ignorantes
2319 2882 2439 2937 quas
2488 2878 2637 2936 ge5ta
2688 2868 2925 2938 fuerant,
2970 2870 3129 2925 fidem
3173 2878 3469 2937 expetunt,
3502 2878 3561 2924 ut

1979 2959 2152 3013 securi
2184 2959 2300 3014 sine
2328 2961 2496 3014 armis
2519 2960 2926 3029 egrederentur.
2958 2960 3287 3016 Juraverunt
3314 2960 3560 3018 homines

1978 3049 2089 3117 illi,
2133 3051 2275 3122 quod
2312 3052 2582 3108 custodire
2629 3053 2962 3122 impatientia
3004 3069 3111 3109 non
3152 3054 3415 3125 permisit.
3450 3052 3560 3111 Sed

1980 3155 2100 3196 mox
2133 3143 2498 3212 egredientem
2539 3144 2896 3213 Bodegisilum
2928 3145 3102 3217 gladio
3132 3147 3455 3216 percutiunt,
3487 3146 3561 3202 si-

295 3236 506 3309 plateas
536 3244 707 3309 urbis,
738 3245 900 3318 nyrae
920 3247 1151 3305 ειθίεοη,
1180 3251 1471 3310 Αεεετεδδι
1497 3267 1674 3312 amem
1697 3235 1878 3314 diam,
1901 3250 1951 3317 α
1984 3235 2185 3290 militer
2231 3244 2285 3291 et
2336 3236 2640 3293 Evantium.
2670 3238 2871 3307 Quibus
2920 3248 3045 3295 ante
3082 3240 3274 3296 ostium
3328 3248 3561 3296 metatus

298 3344 403 3386 nus
435 3343 617 3391 noster
644 3339 735 3407 qui
767 3337 989 3405 aderat,
1020 3342 1074 3397 in
1121 3344 1278 3401 unius
1318 3346 1465 3403 hora:
1510 3352 1682 3419 Spatio
1704 3392 1721 3418 ,
1750 3351 1876 3409 dum

299 3433 463 3479 voces
492 3426 642 3495 plebs
668 3430 734 3484 ad
767 3430 1047 3489 Dominuru
1071 3438 1480 3506 supplicationis
1504 3442 1703 3509 emisit,
1729 3455 1879 3501 octo-

297 3512 441 3582 ginta
471 3516 711 3576 homines
738 3521 804 3575 ad
848 3532 1045 3579 terram
1076 3529 1379 3598 corruisse,
1414 3539 1470 3586 et
1497 3532 1743 3602 spiritum
1780 3550 1879 3592 ex-

300 3603 533 3665 halasse.
562 3611 670 3667 Sed
700 3629 805 3669 non
837 3614 1040 3674 destitit
1066 3621 1321 3678 sacerdos
1361 3633 1539 3682 tantus
1587 3632 1880 3697 praedicare

296 3700 517 3769 populo,
549 3717 617 3759 ne
641 3705 707 3761 ab
733 3708 974 3765 oratione
1004 3722 1303 3770 cessarent.
1336 3717 1418 3772 Ab
1444 3716 1548 3773 hoc
1578 3719 1739 3775 etiam
1764 3721 1881 3777 dia-

298 3803 463 3848 conus
493 3804 677 3851 noster
707 3799 963 3870 reliquias
993 3815 1329 3868 sanctorum,
1356 3815 1413 3862 ut
1439 3808 1696 3878 diximus,
1727 3826 1881 3867 sum-

298 3883 424 3952 psit,
456 3885 582 3942 dum
610 3889 783 3947 adhuc
813 3891 866 3947 iu
895 3892 1175 3951 diaconatu
1201 3897 1440 3969 degeret.
1472 3901 1714 3971 Cumque
1754 3902 1878 3958 lati-

296 3971 421 4030 bula
453 3977 589 4049 fugae
616 3997 957 4053 praepararet,
988 3988 1214 4057 capitur,
1269 3990 1520 4059 trahitur,
1547 4002 1603 4046 et
1642 3995 1707 4050 ad
1738 3993 1882 4050 beati

300 4072 526 4158 apostoli
558 4073 699 4131 Petri
729 4076 1005 4135 basilicam
1046 4082 1351 4158 deducitur,
1382 4085 1561 4155 ibique
1591 4086 1657 4141 ad
1702 4087 1880 4156 ponti-

298 4155 470 4215 ﬁcalis
517 4166 700 4232 gratia:
738 4171 973 4227 officium
1018 4155 1371 4232 consecratus
1403 4192 1535 4247 papa
1578 4155 1881 4235 urbidatus

303 4258 409 4306 est.
440 4252 545 4308 Sed
575 4271 677 4311 nec
707 4258 913 4315 des'titit
934 4263 1194 4320 diaconus
1221 4278 1426 4335 noster,
1459 4271 1558 4323 nisi
1581 4271 1646 4323 ad
1676 4269 1884 4339 episco-

299 4350 482 4412 patum
513 4346 632 4417 ejus
658 4349 727 4404 de
768 4350 928 4406 Porto
958 4362 982 4392 ο
1017 4354 1233 4423 rediret,
1267 4366 1318 4411 et
1347 4359 1576 4427 qualiter
1604 4361 1882 4420 ordinatus

302 4433 487 4503 fuerit,
521 4442 770 4506 praesenti
801 4447 1253 4516 contemplatione
1280 4451 1597 4520 suspiceret.

372 4526 444 4584 ll.
483 4529 683 4600 Grippo
720 4530 749 4571 ἀ
794 4544 971 4592 autem
1012 4538 1081 4594 ab
1126 4540 1446 4610 imperatore
1492 4544 1749 4602 Mauricio
1790 4562 1881 4605 re-

1983 3328 2291 3399 prostratis,
2332 3329 2536 3400 Grippo
2584 3331 2812 3400 arreptis
2858 3330 3025 3386 armis
3071 3346 3191 3387 cum
3241 3332 3421 3400 pueris
3467 3331 3561 3402 qui

1979 3431 2162 3475 secum
2194 3428 2384 3486 erant,
2420 3420 2682 3490 processit
2716 3421 2783 3475 ad
2823 3436 2916 3477 eos
2942 3462 2957 3486 ,
3004 3421 3191 3477 dicens
3216 3438 3230 3478 :
3254 3423 3384 3489 Quae
3410 3431 3561 3493 gesta

1980 3512 2195 3566 fuerunt
2218 3526 2321 3566 non
2353 3510 2661 3582 ignoramus
2685 3553 2701 3577 ,
2745 3522 2799 3567 et
2829 3526 2958 3567 ecce
2992 3514 3120 3568 socii
3169 3514 3378 3570 itineris
3405 3515 3551 3586 mei,

1983 3603 2072 3673 qui
2103 3602 2169 3658 ad
2201 3604 2581 3672 imperatorem
2611 3604 2800 3659 directi
2834 3605 3059 3670 fuerant,
3084 3605 3262 3674 gladio
3291 3615 3413 3660 sunt
3438 3620 3561 3673 pro-

1982 3694 2155 3749 strati.
2183 3694 2456 3750 Judicabit
2483 3695 2621 3749 Deus
2652 3694 2902 3765 injuriam
2932 3708 3196 3759 nosuam,
3232 3705 3287 3751 et
3330 3706 3557 3750 mortem

1982 3785 2196 3842 illorum
2225 3786 2293 3841 de
2325 3787 2545 3841 interitu
2575 3795 2776 3853 vestro,
2802 3787 2923 3856 quia
2953 3801 3052 3842 nos
3082 3786 3394 3842 innocentes
3425 3797 3477 3842 et
3501 3788 3553 3842 iu

1982 3891 2117 3947 pace
2148 3877 2426 3931 venientes
2470 3878 2646 3932 taliter
2673 3878 2951 3933 trucidatis
2976 3895 2989 3931 :
3014 3892 3113 3933 nec
3152 3880 3288 3933 ultra
3325 3882 3425 3932 erit
3461 3894 3561 3944 pax

1982 3968 2124 4024 inter
2167 3983 2321 4038 reges
2363 3980 2577 4025 nostros
2624 3970 3107 4039 imperatoremque
3152 3980 3408 4025 vestrum.
3448 3971 3557 4026 Nos

1984 4059 2126 4114 enim
2157 4073 2256 4128 pro
2284 4072 2413 4127 pace
2445 4059 2713 4125 venimus,
2740 4070 2795 4114 et
2823 4075 2921 4130 pro
2949 4059 3215 4128 adjutorio
3243 4060 3558 4129 reipublicae

1984 4149 2363 4218 impertietmo.
2382 4151 2595 4205 TeSIem
2621 4150 2780 4205 hodie
2809 4150 2996 4206 invoco
3026 4151 3213 4219 Deum,
3237 4152 3359 4222 quia
3387 4160 3564 4210 vestra

1982 4243 2233 4299 excitavit
2260 4259 2420 4309 noxa,
2452 4254 2509 4299 ut
2548 4258 2655 4299 non
2688 4243 2847 4316 485
2877 4244 3212 4300 custodiatur
3235 4232 3387 4300 'inter
3419 4245 3563 4315 prin-

1984 4347 2130 4416 cipes
2156 4361 2258 4415 pax
2288 4347 2571 4416 promissa.
2620 4346 2743 4401 [hcc
2782 4356 2838 4401 et
2879 4345 3245 4416 hujuscemodi
3294 4347 3573 4416 Grippone

1982 4451 2141 4506 verba
2175 4450 2502 4519 proferente,
2550 4449 2725 4504 soluto
2753 4447 3189 4521 Carthaginensis
3224 4460 3248 4500 ε
3280 4451 3401 4507 belli
3428 4466 3563 4521 pro-

1987 4550 2185 4614 cinctu,
2217 4563 2498 4620 regressus
2540 4558 2624 4605 est
2653 4552 3017 4622 unusquisque
3051 4552 3117 4606 ad
3152 4552 3386 4622 propria.
3417 4552 3569 4607 Pras-

302 4615 479 4684 dieus,
506 4621 621 4678 haec
647 4626 929 4695 nuntiavit,
958 4630 1102 4699 quod
1132 4646 1272 4687 anno
1300 4636 1578 4704 superiore
1607 4654 1729 4694 cum
1756 4639 1884 4696 ade-
1910 4632 1962 4696 D
1987 4640 2161 4696 fectus
2188 4615 2319 4695 vero
2348 4641 2415 4696 ad
2444 4640 2769 4711 Gripponem
2806 4642 3089 4708 accedens,
3124 4643 3362 4698 mulcere
3401 4642 3567 4713 cmpit

302 4720 397 4781 pto
418 4712 634 4787 navigio
667 4732 788 4774 cum
815 4721 975 4777 sociis
998 4724 1110 4779 suis
1132 4725 1325 4781 Africae
1357 4738 1567 4797 portnut
1595 4734 1877 4804 attigisset,

301 4801 677 4878 Carthaginem
702 4825 949 4881 magnam
976 4811 1204 4884 ingressi
1235 4824 1380 4874 sunt.
1416 4818 1515 4874 Ubi
1546 4819 1672 4875 dum
1698 4801 1883 4879 mora-'-

305 4905 511 4964 rentur,
538 4899 830 4969 jussionem
859 4906 1197 4975 opperientes
1226 4910 1463 4980 praefecti
1493 4913 1582 4983 qui
1613 4914 1800 4972 aderat
1830 4926 1880 4990 ο,

379 5080 407 5153 ξ
443 5072 553 5153 μ..
582 5085 745 5132 mente
763 5095 879 5134 cum
898 5080 1156 5153 lacrymis.

377 5139 407 5179 ι)
445 5139 803 5230 μετέφυν-αλιι
846 5139 1194 5230 locorumque
1240 5158 1487 5214 ordinem
1534 5160 1696 5230 paulo
1724 5161 1882 5218 aliter

308 5218 560 5298 enxprimit
590 5218 704 5298 ipse
735 5219 1024 5298 Gregorius
1054 5218 1149 5298 lib.
1170 5242 1249 5298 ill,
1279 5233 1438 5298 epist.
1468 5218 1620 5297 2,'et
1646 5233 1880 5289 Joannes

308 5284 586 5372 ilia-celius,
614 5284 711 5372 lib.
743 5305 760 5345 ι
789 5284 922 5372 vitae
954 5297 1123 5372 saucii
1152 5284 1394 5372 Gregtirii
1740 5284 1880 5372 φιῶ

307 5352 447 5438 forte
473 5361 776 5438 complures
808 5366 1067 5432 ejusmodi
1104 5352 1545 5435 fuerinutlitauite,
1562 5352 1673 5427 ﬁuii—
1693 5352 1882 5429 ce‘nsve‘t

310 5423 853 5501 Darooinsngaulus'
879 5450 1008 5490 vero
1052 5438 1309 5493 diaconus
1355 5440 1448 5494 lib.
1483 5423 1543 5497 iii
1585 5423 1659 5499 de
1698 5423 1879 5501 Cernis

312 5492 869 5578 Langobard._nostro
899 5505 1158 5578 Gregorio
1188 5492 1608 5567 cottforniisest:

454 5568 602 5651 Bec.,
634 5571 923 5653 defertu.
944 5568 1061 5643 Indi,
1095 5582 1165 5653 de
1185 5592 1353 5653 porta.
1384 5585 1464 5637 An
1509 5584 1593 5637 hic
1624 5587 1887 5641 indicatur

313 5634 477 5720 locus.
494 5639 545 5724 in
574 5634 681 5724 quo
702 5640 1013 5724 Gregorius
1025 5634 1891 5724 pontificatutu—l'ugicusula

310 5715 631 5793 quaesierat?
659 5716 846 5793 attt_de
874 5715 1240 5793 ipsoGregorii
1271 5724 1401 5779 Tur.
1428 5715 1677 5793 diacono,
1704 5734 1793 5792 qut
1824 5728 1891 5781 ad

313 5788 537 5914 ἔξιαέηὸ
553 5796 722 5855 usque
748 5786 1009 5846 deductus
1035 5786 1231 5851 dicitur
1258 5793 1352 5852 lib.
1382 5810 1401 5852 ι
1426 5797 1493 5853 de
1524 5786 1675 5855 Glor.
1707 5786 1894 5869 Marc,

314 5862 437 5920 cat).
468 5862 557 5915 δῦ.
1878 5862 1907 5895 ὀ

1987 4733 2196 4787 animos
2220 4732 2338 4797 ejus
2368 4732 2434 4786 de
2463 4731 2529 4786 iis
2558 4748 2677 4803 quae
2704 4741 2854 4800 gesta
2888 4735 3114 4799 fuerant,
3148 4734 3402 4788 ordinans
3432 4750 3567 4803 qua-

1985 4823 2110 4879 liter
2138 4823 2203 4877 ad
2243 4824 2585 4893 praesentiam
2634 4824 2974 4894 imperatoris
3010 4826 3307 4881 accederet.
3336 4826 3435 4891 Qui
3472 4841 3566 4880 ve~

1988 4917 2139 4973 uicus
2166 4927 2378 4970 narrata
2406 4915 2670 4986 legatione
2698 4931 2792 4986 pro
2820 4932 2923 4987 qua
2950 4916 3183 4972 directus
3215 4918 3404 4985 fuerat,
3437 4916 3555 4972 exi-

2059 5088 2089 5129 ά
2120 5090 2267 5145 Colb.
2302 5103 2378 5158 a.,
2399 5088 2683 5157 Griplto,et
2704 5088 2779 5143 sic
2803 5089 2958 5145 infra.
2982 5089 3095 5145 Hoc
3115 5097 3272 5160 caput
3294 5089 3345 5144 in
3374 5090 3565 5146 eodem

1988 5161 2109 5217 cod.
2145 5161 2447 5231 immediate
2476 5160 2811 5231 sulijungitur
2832 5163 2991 5229 capiti
3020 5162 3089 5215 56
3117 5162 3466 5227 praecedentis
3492 5164 3559 5214 li-

1989 5233 2072 5287 bri
2089 5277 2101 5298 ,
2127 5232 2340 5285 omissis
2362 5230 2719 5295 intermediis,
2744 5234 2813 5284 ita
2837 5246 2890 5283 ut
2914 5232 3053 5285 nulla
3077 5232 3146 5285 sit
3168 5234 3218 5285 ιιι
3246 5232 3348 5284 isto
3372 5232 3562 5287 codice

1988 5303 2247 5359 librorum
2279 5317 2329 5355 Ix
2346 5312 2401 5355 et
2433 5318 2459 5354 tt
2490 5302 2755 5355 distinctio
2779 5319 2793 5355 :
2817 5304 2956 5369 quod
2988 5314 3146 5355 etiam
3178 5302 3236 5355 [it
3267 5302 3317 5354 iu
3344 5302 3483 5368 Vat.,
3511 5304 3563 5357 in

1988 5388 2096 5444 quo
2126 5385 2301 5425 tamen
2335 5373 2421 5425 hic
2448 5382 2502 5427 et
2531 5371 2583 5426 itt
2613 5372 2963 5441 capitulouun
2998 5373 3172 5426 indice
3202 5387 3370 5427 novus
3401 5374 3559 5427 habe-

1991 5454 2076 5499 tur
2104 5458 2445 5498 numerorum
2496 5445 2663 5506 ordo,
2697 5445 2769 5495 ita
2801 5455 2856 5495 ut
2889 5445 2989 5495 huc.
3033 5454 3226 5511 caput,
3272 5445 3410 5497 trulla
3445 5446 3553 5499 licet

1990 5516 2112 5569 libri
2140 5531 2169 5569 χ
2201 5518 2335 5568 facta
2369 5514 2636 5568 mentione
2661 5554 2676 5577 ,
2705 5514 2914 5566 dicatur
2939 5524 3095 5580 etput
3128 5515 3178 5576 l,
3212 5524 3265 5568 et
3293 5515 3369 5568 sic
3406 5515 3548 5569 deiu-

1993 5601 2141 5650 ceps.
2177 5586 2233 5638 In
2267 5600 2487 5652 utroque
2520 5595 2635 5651 post
2664 5585 2803 5636 httuc
2835 5584 3027 5637 librum
3052 5585 3274 5638 habetur
3304 5584 3566 5654 Fredega.

1994 5656 2059 5711 rii
2091 5656 2389 5725 Chronicon
2422 5656 2521 5707 sub
2550 5654 2699 5725 titulo
2726 5655 2844 5706 libri
2880 5670 2911 5706 κ
2944 5655 3188 5709 Historia:
3220 5654 3491 5725 Gregorii.

2070 5736 2095 5764 ε
2134 5728 2219 5778 Sic
2247 5724 2397 5778 Coib.
2420 5740 2434 5789 ;
2461 5724 2672 5785 c.-rteri,
2702 5728 2787 5793 qui
2814 5725 3042 5779 aderant.

2076 5794 2097 5835 ί
2120 5794 3076 5872 bjntitmlolenumlandatFortunatus,
3095 5796 3463 5864 lib.vu,cartu.
3479 5793 3572 5872 14Δ

2072 5875 2099 5918 ε
2128 5865 2283 5934 BatL,
2308 5864 2750 5937 Carthaginem”.
