4096 6344
504 280 612 339 555

1508 282 1569 339 S.
1609 280 1941 341 GREGORII
1978 278 2288 341 EPISCOPI
2322 271 2758 340 TURONENSIS

3674 287 3781 345 536

504 405 669 449 omne
697 392 957 450 tributum
1001 402 1111 452 tam
1141 394 1383 452 ecclesiis
1413 407 1573 473 quam
1604 395 1973 463 monasteriis,
2004 410 2091 452 vei
2117 398 2171 459 Α
2196 402 2379 451 scorto
2420 401 2805 462 reverteretur,
2834 391 3179 464 gravissimis
3218 406 3339 450 eam
3382 394 3557 468 plagis
3582 401 3782 471 sepius

500 483 723 554 reliquis
764 484 997 552 clericis,
1048 487 1138 556 qui
1177 486 1245 541 ad
1292 485 1586 540 Ecclesiam
1635 486 1904 555 pertinere
1947 486 2095 542 video

500 574 719 642 bantur,
749 585 841 632 aut
869 578 1166 647 quicunque
1193 575 1451 632 Ecclesia:
1481 576 1716 631 ofﬁcium
1746 577 2092 646 excolebant,

500 666 650 739 larga
683 668 882 739 pietate
908 670 1190 724 concessit.
1237 668 1457 723 Multum
1489 670 1632 724 enim
1669 668 1777 737 jam
1808 679 2094 725 exactores

502 758 666 830 hujus
708 760 892 815 tributi
921 761 1201 830 exspoliati
1248 769 1422 829 erant,
1468 774 1534 816 eo
1577 760 1718 830 quod
1749 776 1844 830 per
1874 762 2089 831 longum

500 860 715 922 tempus
743 860 797 907 et
841 853 1239 908 succedentium
1288 854 1692 925 generationes,
1724 867 1786 906 ac
1821 854 2006 909 divisis
2036 854 2091 910 in

497 945 699 1000 multas
724 954 901 1011 partes
931 945 1059 1014 ipsis
1088 946 1535 1013 possessionibus,
1562 944 1738 1014 colligi
1768 945 1855 998 vix
1882 954 2091 1009 poterat

499 1036 606 1093 hoc
633 1037 909 1093 tributum.
935 1038 1085 1107 Quod
1118 1040 1224 1102 hic,
1256 1040 1365 1093 Deo
1393 1039 1708 1109 inspirante,
1742 1040 1810 1093 ita
1836 1041 2089 1109 praecepit

500 1129 798 1196 emendari,
832 1138 889 1183 ut
932 1130 1073 1199 quod
1120 1144 1281 1198 super
1323 1129 1435 1183 hare
1466 1127 1594 1183 fisco
1625 1129 1947 1195 deberetur,
1989 1145 2088 1186 nec

497 1234 804 1279 exactorem
828 1224 1021 1279 damna
1050 1232 1409 1294 percuterent,
1435 1239 1533 1280 nec
1556 1224 1812 1280 Ecclesiae
1828 1224 2087 1281 cultorem

494 1316 719 1371 tarditas
745 1316 813 1371 de
834 1316 1013 1371 ofﬁcio
1043 1317 1215 1387 aliqua
1243 1325 1538 1371 revocaret.

568 1406 702 1461 Vlll.
751 1408 807 1462 In
842 1418 869 1446 ι
898 1408 1133 1464 conﬁnio
1159 1422 1286 1463 vero
1318 1406 1527 1463 termini
1573 1407 1821 1473 Arverni,
1872 1404 2087 1461 Gabali-

494 1500 605 1554 tani
636 1509 795 1571 atque
837 1500 1098 1568 Rutheni,
1142 1501 1378 1573 synodus
1422 1500 1795 1570 episeoporum
1828 1501 1964 1555 facta
2002 1509 2085 1556 est

491 1602 677 1649 contra
720 1594 1048 1661 Tetradiam,
1082 1595 1320 1649 relictam
1372 1594 1638 1663 quondam
1683 1593 1961 1660 Desiderii,
2016 1608 2083 1648 eo

490 1684 635 1751 quod
677 1692 947 1753 repeteret
972 1684 1039 1737 ab
1087 1698 1149 1738 ea
1180 1684 1417 1738 Eulalius
1458 1698 1639 1738 comes
1667 1698 1754 1738 res
1794 1682 1821 1721 δ
1848 1697 1980 1752 quas
2010 1682 2079 1736 ab

2199 487 2488 543 afﬁciebat.
2520 486 2626 542 Sed
2654 494 2709 541 et
2734 499 2832 556 pro
2860 485 3039 541 multis
3088 485 3386 543 sceleribus
3422 489 3598 546 debita
3644 507 3784 549 non-

2198 578 2341 632 nulla
2389 584 2751 643 contraxerat,
2804 577 2858 631 in
2908 576 3098 647 quibus
3147 590 3465 634 ornamenta
3494 588 3550 635 et
3589 594 3779 639 aurum

2197 670 2384 725 uxoris
2429 670 2728 739 saepissime
2756 670 3052 725 evertebat.
3104 669 3344 739 Denique
3375 672 3515 728 inter
3544 673 3641 728 has
3685 689 3779 731 an-

2194 764 2395 833 gustias
2440 762 2638 818 mulier
2686 763 2964 830 collocata,
3020 777 3140 818 cum
3198 768 3455 821 honorem
3510 781 3726 824 omnem
3757 810 3776 837 ,

2194 868 2351 923 quem
2383 853 2435 908 in
2466 853 2629 908 domo
2658 853 2755 907 viri
2786 854 3043 910 habuerat
3072 855 3415 924 perdidisset,
3445 866 3499 913 et
3519 859 3607 914 ille
3633 860 3779 916 abis-

2192 956 2274 1001 set
2302 949 2369 1001 ad
2418 963 2622 1017 regem,
2655 946 2771 1003 haec
2814 964 2843 1001 a
2877 947 3005 1003 Viro
3031 948 3140 1023 [Αι.
3174 948 3358 1022 Vero],
3387 953 3465 1006 sic
3487 953 3634 1007 enim
3665 960 3782 1010 erat

2192 1053 2389 1093 nomen
2440 1037 2692 1106 hominis,
2747 1039 2927 1094 mariti
2978 1042 3058 1093 sui
3112 1050 3308 1110 nepote
3359 1043 3779 1113 concupiscitur,

2191 1130 2401 1185 scilicet
2430 1139 2488 1184 ut
2517 1132 2639 1199 quia
2671 1131 2759 1186 ille
2788 1131 3093 1200 perdiderat
3129 1134 3434 1205 conjugem,
3470 1136 3629 1204 hujus
3669 1152 3784 1191 ma-

2190 1224 2444 1278 trimonio
2468 1225 2807 1293 jungeretur.
2845 1225 3002 1279 Virus
3034 1238 3210 1281 autem
3245 1232 3440 1284 timens
3472 1231 3781 1288 inimicitias

2190 1313 2457 1378 avunculi,
2491 1315 2769 1369 mulierem
2820 1314 3098 1370 Desiderio
3126 1316 3248 1371 duci
3281 1319 3593 1386 transmisit,
3627 1320 3781 1377 vide-

2188 1405 2312 1461 licet
2360 1415 2417 1461 ut
2470 1408 2792 1462 succedente
2838 1418 3080 1478 tempore
3125 1410 3471 1478 copularetur
3498 1413 3549 1467 ei
3594 1433 3611 1469 :
3662 1426 3781 1483 qua

2188 1512 2401 1551 omnem
2445 1499 2795 1552 subsnantiam
2829 1499 2927 1551 viri
2972 1499 3077 1565 sui,
3112 1510 3218 1554 tarn
3269 1504 3321 1555 in
3349 1518 3479 1555 auro
3523 1516 3682 1571 quam
3729 1504 3779 1559 in

2187 1599 2427 1659 argento,
2453 1600 2507 1644 et
2533 1589 2886 1653 vestimentis,
2908 1600 2963 1646 et
2989 1606 3107 1659 quae
3136 1594 3336 1646 moveri
3367 1602 3637 1662 poterant,
3658 1608 3780 1648 cum

2185 1684 2399 1737 seniore
2430 1681 2541 1735 tilio
2572 1697 2752 1737 secum
2784 1682 3022 1750 sustulit,
3054 1684 3242 1738 relicto
3286 1684 3340 1737 in
3370 1686 3532 1739 domo
3554 1685 3660 1739 alio
3695 1685 3779 1753 ju<

491 1789 557 1829 eo
590 1775 797 1845 fugiens
827 1789 1008 1831 seciim
1037 1775 1260 1831 tulisset.
1290 1775 1393 1830 Sed
1423 1774 1559 1829 hanc
1580 1789 1816 1840 causam,
1842 1775 1924 1828 vel
1948 1789 2077 1843 qua-
2110 1782 2158 1841 Β
2188 1774 2357 1828 niore.
2415 1774 2646 1828 Rediens
2693 1790 2823 1828 vero
2856 1774 3093 1828 Eulalius
3139 1791 3203 1829 ex
3246 1775 3462 1843 itinere,
3515 1776 3779 1847 comperit

489 1862 616 1920 liter
646 1865 904 1920 Eulalium
929 1866 1225 1936 reliquerit,
1251 1867 1331 1921 vel
1356 1866 1808 1936 quemadmodum
1836 1866 1902 1921 ad
1936 1866 2085 1921 Desi—

489 1958 696 2013 derium
726 1958 1025 2027 confugerit
1052 1960 1213 2014 altius
1244 1960 1647 2014 memorandum
1684 1960 1886 2026 putavi.
1923 1957 2085 2013 Eula-

490 2047 591 2104 lius
619 2060 817 2116 autem,
852 2061 907 2104 ut
950 2050 1200 2120 juvenilis
1230 2060 1359 2107 satas
1392 2051 1569 2117 habet,
1602 2051 1787 2117 agebat
1818 2049 2081 2120 quaepiam

490 2140 936 2195 irrationabiliter
963 2157 979 2197 :
1014 2143 1152 2197 unde
1182 2142 1376 2197 factum
1410 2152 1513 2211 est,
1544 2153 1599 2197 ut
1629 2158 1657 2196 a
1691 2151 1862 2196 matre
1884 2143 2080 2210 saepius

490 2231 799 2301 increpitus,
836 2232 1056 2288 haberet
1088 2235 1140 2287 in
1169 2249 1287 2290 eam
1317 2236 1497 2289 odium
1548 2249 1709 2304 quam
1759 2249 1942 2288 amare
1982 2232 2081 2290 de-

400 2382 407 2388 ,
491 2323 703 2379 bucrat.
740 2324 977 2395 Denique
1007 2340 1126 2381 cum
1155 2327 1209 2380 in
1249 2328 1484 2381 oratorio
1511 2327 1702 2382 domus
1736 2340 1845 2380 suae
1872 2327 1985 2380 haec
2024 2326 2079 2381 in

490 2417 737 2472 oratione
782 2417 1089 2488 frequenter
1118 2420 1476 2487 incumberet,
1525 2429 1578 2475 et
1626 2428 1916 2473 nocturnas
1944 2418 2080 2488 vigi-

488 2506 589 2561 lias
619 2523 861 2577 persaepe
907 2510 1298 2569 dormientibus
1326 2508 1558 2575 famulis,
1594 2510 1643 2561 in
1675 2507 1918 2563 oratione
1957 2523 2079 2562 cum

486 2597 737 2669 lacrymis
767 2601 1031 2670 expleret,
1059 2604 1108 2656 in
1138 2601 1313 2657 cilicio
1343 2616 1449 2671 quo
1476 2601 1659 2656 orabat
1690 2599 1968 2671 suggillata
1994 2616 2079 2657 re-

486 2691 709 2759 peritur.
743 2692 849 2749 Sed
881 2696 1243 2749 nescientibus
1272 2694 1479 2749 eunetis
1524 2694 1644 2763 quis
1677 2692 1789 2747 haec
1821 2692 2077 2762 fecisset;

486 2784 693 2841 crimen
725 2796 902 2842 tamen
933 2788 1203 2858 parricidii
1235 2786 1465 2842 refertur
1491 2786 1555 2840 ad
1591 2786 1778 2840 ﬁlium.
1806 2785 1931 2839 Haec
1952 2799 2075 2840 cum

489 2879 747 2937 Cautinus
774 2884 1062 2953 episcopus
1092 2887 1346 2939 Arverna:
1380 2882 1526 2937 urbis
1553 2883 1925 2951 comperisset,
1950 2898 2073 2939 eum

486 2984 518 3025 a
548 2974 926 3029 communione
953 2974 1245 3029 submovit.
1296 2973 1753 3029 Convenientibus
1784 2984 1962 3029 autem
1993 2975 2075 3029 ci-

484 3062 642 3118 vibus
663 3063 822 3136 ἀει
850 3080 969 3120 cum
1000 3065 1281 3119 sacerdote
1308 3064 1375 3118 ad
1406 3064 1744 3119 festivitatem
1773 3065 1909 3119 beati
1936 3080 2079 3119 mar-

2186 1881 2305 1934 qnte
2336 1865 2661 1919 acciderant.
2696 1865 2801 1921 Sed
2832 1880 2953 1920 cum
2987 1864 3228 1936 mitigato
3269 1867 3456 1922 dolore
3503 1868 3778 1937 paululum

2186 1960 2500 2027 quievisset,
2530 1973 2693 2027 super
2724 1958 2906 2012 Virum
2936 1967 3186 2025 nepotem
3229 1975 3384 2013 suum
3414 1958 3589 2026 irruit,
3621 1975 3778 2015 eum-

2184 2068 2287 2123 que
2326 2054 2468 2108 inter
2497 2062 2643 2107 arcta
2670 2053 2883 2106 vallium
2931 2054 3289 2107 Arvernarum
3322 2052 3615 2106 interemit.
3663 2054 3775 2107 Au-

2185 2144 2337 2200 diens
2379 2156 2554 2199 autem
2585 2145 2746 2216 5,92
2799 2143 3141 2209 Desiderius,
3173 2144 3261 2213 qui
3307 2152 3363 2198 et
3406 2144 3521 2213 ipse
3552 2158 3777 2199 uxorem

2186 2253 2357 2306 nuper
2376 2237 2707 2306 perdiderat,
2730 2237 2873 2307 quod
2904 2235 3109 2290 scilicet
3133 2235 3292 2289 Virus
3309 2235 3622 2290 interfectus
3646 2233 3776 2291 fuis-

2183 2338 2285 2395 set,
2334 2328 2583 2399 conjugio
2612 2344 2710 2383 suo
2739 2327 3043 2384 Tetradiam
3077 2326 3323 2380 sociavit.
3374 2325 3616 2381 Eulalius
3644 2339 3775 2381 vero

2184 2423 2415 2492 puellam
2440 2422 2508 2477 de
2535 2422 2858 2476 munasterio
2886 2420 3230 2488 Lugdunensi
3262 2418 3506 2485 diripuit.
3548 2430 3775 2487 eamque

2182 2517 2410 2583 accepit.
2461 2515 2566 2570 Sed
2596 2514 2909 2569 concubina:
2940 2514 3077 2583 ejus,
3128 2513 3436 2583 instigante,
3468 2521 3523 2565 ut
3551 2512 3775 2581 quidam

2183 2616 2453 2674 asserunt,
2498 2606 2723 2673 invidia,
2770 2606 3048 2662 maleﬁciis
3097 2620 3315 2662 sensum
3346 2604 3464 2673 eius
3492 2605 3772 2674 oppilare-

2182 2708 2328 2751 runt.
2363 2698 2489 2751 Post
2511 2698 2738 2751 multum
2762 2712 2891 2752 vero
2922 2700 3198 2767 temporis,
3228 2697 3471 2752 Eulalius
3501 2696 3773 2752 Emerium

2183 2788 2341 2859 hujus
2372 2790 2565 2858 puella:
2593 2789 2974 2844 consobrinum
3005 2789 3143 2845 clam
3181 2789 3425 2859 appetiit,
3446 2789 3769 2860 occiditque.

2183 2880 2441 2936 Similiter
2465 2878 2763 2935 Socratium
2795 2880 3011 2934 fratrem
3043 2880 3245 2935 sororis
3271 2894 3387 2935 sua:
3417 2890 3441 2917 ο
3484 2895 3641 2949 quem
3672 2894 3767 2950 pa-

2183 2982 2266 3027 ter
2302 2990 2367 3028 ex
2395 2973 2692 3028 concubina
2735 2972 3014 3041 habuerat,
3052 2976 3344 3030 interemit.
3377 2975 3442 3029 Et
3466 2974 3567 3029 alia
3594 2973 3765 3030 multa

2183 3066 2323 3121 mala
2351 3066 2502 3132 fecit,
2534 3082 2653 3134 quae
2681 3081 2934 3122 enarrare
2966 3067 3276 3139 perlongum
3307 3076 3411 3123 est.
3451 3066 3687 3121 Joannes
3707 3064 3770 3119 fl-

484 3154 617 3223 tyris
647 3152 866 3222 Juliani,
899 3155 965 3210 ad
996 3156 1157 3226 pedes
1187 3155 1423 3224 episcopi
1449 3155 1689 3211 Eulalius
1720 3156 1809 3211 ille
1835 3167 2069 3225 proster-
2101 3154 2147 3217 C
2184 3160 2284 3214 lius
2309 3160 2449 3228 ejus,
2478 3162 2568 3229 qu'i
2597 3174 2717 3214 cum
2745 3173 2839 3214 sua
2869 3159 3192 3214 discesserat
3221 3158 3502 3228 genitrice,
3542 3171 3572 3211 a
3604 3156 3769 3214 domo

481 3246 650 3313 nitur,
697 3264 928 3318 querens
957 3264 1016 3304 se
1062 3249 1360 3304 inauditum
1408 3263 1438 3302 a
1485 3251 1865 3303 communione
1896 3262 2075 3303 remo-

481 3345 620 3393 tum.
652 3340 801 3395 Tunc
832 3342 1116 3412 episcopus
1142 3342 1387 3411 permisit
1410 3356 1530 3397 eum
1562 3356 1683 3397 cum
1715 3342 1923 3396 caneris
1947 3341 2073 3397 Mis-

484 3446 666 3489 sarum
690 3444 933 3504 spectare
964 3446 987 3475 ε
1017 3437 1305 3492 solemnia.
1336 3436 1531 3491 Verum
1575 3436 1665 3491 ubi
1715 3434 1781 3489 ad
1824 3451 2070 3491 commu-

482 3527 772 3583 nicandum
800 3539 1016 3585 ventum
1046 3540 1149 3595 est,
1180 3540 1232 3585 et
1260 3530 1493 3585 Eulalius
1522 3529 1589 3584 ad
1619 3529 1863 3583 altarium
1890 3544 2072 3584 acces-

482 3619 665 3687 sisset,
696 3619 772 3675 ait
818 3621 1099 3691 episcopus
1141 3640 1153 3675 :
1188 3621 1390 3677 Rumor
1431 3621 1609 3692 populi
1646 3620 1967 3690 parricidam
2017 3628 2071 3677 te

479 3714 779 3784 proclamat
818 3729 957 3771 esse.
990 3716 1101 3785 Ego
1143 3731 1272 3771 vero
1320 3726 1499 3770 utrum
1530 3712 1925 3784 perpetraveris
1968 3712 2071 3769 hoc

476 3808 677 3875 scelus,
710 3824 776 3864 an
821 3823 951 3874 non,
982 3809 1168 3880 ignoro
1214 3826 1226 3860 :
1262 3808 1462 3863 idcirco
1492 3806 1544 3861 in
1580 3805 1673 3861 Dei
1704 3807 1807 3861 hoc
1846 3814 1901 3861 et
1926 3805 2068 3862 beati

478 3901 735 3973 martyris
764 3900 962 3956 Juliani
1002 3909 1180 3955 statuo
1202 3898 1427 3968 judicio.
1473 3898 1551 3953 Tu
1583 3912 1733 3968 vero,
1765 3898 1814 3952 si
1844 3898 2068 3954 idoneus

478 4006 561 4060 es,
593 4001 652 4048 ut
689 3994 910 4061 asseris,
941 3992 1136 4049 accede
1186 3991 1423 4062 propius,
1472 3998 1527 4046 et
1553 4004 1707 4046 sume
1733 3989 1825 4045 tibi
1857 3989 2070 4047 Eucha-

472 4086 1008 4153 ristiaeparticulam,
1041 4093 1201 4155 atque
1232 4082 1445 4153 impone
1473 4081 1551 4138 uri
1581 4090 1673 4137 tuo
1694 4079 1743 4136 ἀ.
1778 4080 1897 4137 Erit
1921 4080 2069 4137 enim

472 4175 614 4231 Deus
643 4186 923 4248 respector
947 4175 1292 4231 conscientia:
1321 4186 1444 4230 tute.
1472 4176 1542 4230 At
1571 4174 1663 4229 ille
1689 4181 1910 4243 accepta
1953 4171 2067 4226 Eu-

474 4269 747 4335 cliaristia,
817 4270 1220 4324 communicans
1278 4266 1559 4321 abscessit.
1622 4265 1863 4319 Habebat
1922 4263 2065 4317 enim

471 4376 700 4417 uxorem
729 4362 1038 4417 Tetradiam
1068 4362 1300 4417 nobilem
1350 4377 1417 4416 ex
1446 4368 1636 4423 matre,
1668 4370 1819 4427 patre
1848 4358 2065 4412 inferio-

470 4466 607 4507 rem.
636 4450 743 4507 Sed
771 4466 892 4506 cum
922 4452 975 4504 in
1016 4450 1176 4506 domo
1205 4465 1301 4505 sua
1329 4451 1410 4505 vir
1430 4450 1743 4504 ancillarum
1772 4450 2060 4504 concubitu

2178 3252 2439 3307 Desiderii
2491 3251 2761 3321 dilapsus,
2814 3253 3116 3321 Arvernum
3163 3250 3329 3304 venit.
3380 3250 3621 3316 Cumque
3655 3249 3769 3319 jam

2174 3344 2521 3401 Innocentius
2567 3344 2937 3413 episcopatum
2987 3341 3254 3397 Rutbens:
3284 3341 3433 3396 urbis
3470 3341 3767 3407 ambisset,

2174 3435 2486 3491 mandatum
2517 3437 2565 3490 ei
2586 3434 2749 3487 mittit
2776 3433 3037 3501 Eulalius,
3070 3447 3123 3487 ut
3146 3448 3232 3487 res
3254 3448 3372 3503 quae
3402 3432 3501 3501 ipsi
3525 3432 3578 3486 in
3609 3430 3767 3500 hujus

2174 3529 2405 3584 civitatis
2439 3526 2710 3582 territorio
2754 3525 3111 3591 debebantur,
3155 3540 3251 3595 per
3298 3524 3457 3593 hujus
3504 3524 3766 3579 auxilium

2172 3619 2413 3689 recipere
2444 3626 2643 3687 posset.
2678 3618 2785 3675 Sed
2808 3618 3149 3673 Innocentius
3180 3618 3254 3672 ait
3280 3634 3292 3669 :
3327 3618 3384 3673 Si
3411 3617 3481 3672 de
3513 3618 3638 3672 filiis
3664 3616 3767 3674 tuis

2173 3725 2335 3764 unum
2374 3709 2599 3779 accipio,
2630 3725 2787 3779 quem
2823 3710 3074 3765 clericum
3105 3709 3302 3764 factum
3334 3709 3387 3764 in
3420 3709 3610 3765 solatio
3643 3722 3766 3765 meo

2172 3802 2457 3867 retineam,
2506 3800 2695 3855 faciam
2744 3815 2862 3870 quae
2908 3800 3167 3869 precaris.
3216 3797 3284 3853 At
3326 3798 3421 3854 ille
3467 3798 3766 3853 transmisit

2172 3908 2419 3965 puerum,
2450 3893 2709 3950 Joannem
2736 3892 2974 3959 nomine,
3022 3892 3329 3962 recepitque
3367 3905 3455 3946 res
3483 3904 3630 3944 suas.
3662 3890 3766 3945 Su-

2171 3997 2467 4058 sceptoque
2494 3985 2838 4042 innocentius
2863 3984 3152 4054 episcopus
3185 3997 3372 4054 puero,
3416 3982 3648 4037 totondit
3676 3995 3765 4037 co-

2171 4096 2314 4137 mam
2344 4080 2535 4151 capitis
2566 4081 2703 4150 ejus,
2736 4077 2988 4148 deditque
3017 4092 3140 4132 eum
3169 4075 3552 4131 archidiacono
3581 4074 3763 4130 eccle-

2172 4173 2267 4229 sia:
2295 4188 2437 4240 suae;
2469 4173 2561 4241 qui
2590 4171 2645 4226 in
2677 4178 2821 4224 tanta
2851 4184 2911 4224 se
2938 4168 3262 4224 abstinentia
3301 4166 3555 4232 subdidit,
3585 4174 3644 4220 ut
3667 4179 3762 4236 pro

2171 4267 2347 4321 tritico
2376 4265 2633 4319 hordeum
2663 4271 2920 4329 sumeret,
2959 4276 3058 4331 pro
3094 4262 3220 4317 vino
3252 4276 3443 4333 aquam
3498 4262 3761 4330 hauriret,

2170 4365 2225 4410 et
2250 4372 2345 4426 pro
2372 4372 2510 4424 equo
2554 4356 2706 4408 asino
2736 4363 2995 4423 uteretur,
3020 4354 3336 4408 vestimenta
3368 4353 3627 4408 vilissima
3665 4356 3760 4409 ha-

2169 4448 2324 4503 bens.
2374 4447 2538 4518 Igitur
2567 4445 2892 4515 conjunctis,
2926 4452 2982 4499 ut
3009 4444 3265 4509 diximus,
3308 4444 3681 4501 sacerdotibus
3708 4453 3760 4503 et

471 4544 814 4610 misceretur,
847 4541 1131 4612 conjugem
1181 4543 1454 4612 negligere
1501 4542 1698 4613 coepit,
1729 4550 1785 4598 et
1830 4557 1951 4598 cum
1998 4532 2301 4599 abDviris
2331 4538 2628 4610 magniﬁcis
2676 4544 2730 4595 in
2782 4538 3016 4595 confinio
3066 4536 3493 4610 supradictaruin
3523 4539 3758 4596 urbium.

469 4707 775 4767 celebratur
815 4703 1097 4774 :sepultus
1144 4710 1229 4759 est
1280 4699 1611 4774 inhecclesia
1661 4700 1830 4756 beatae
1874 4702 2051 4774 Mariae

468 4779 802 4848 Principalis,
834 4772 937 4849 Aut'
957 4776 1183 4849 habetur
1228 4774 1286 4849 in_
1338 4772 1830 4849 libro__de_eecles._
1858 4773 2050 4849 Claro-

466 4844 792 4918 muntfcap.
824 4847 879 4914 2,
908 4860 1027 4916 qua:
1053 4848 1247 4918 dicitur
1272 4844 1440 4899 beatae
1472 4844 1759 4918 Mar_ia:_'de
1800 4845 1969 4918 Portug
1996 4845 2050 4899 in

466 4922 707 4994 ejusdem
740 4915 926 4994 'sancti
958 4918 1058 4994 viri
1112 4916 1247 4981 Vita,
1296 4929 1452 4983 quam
1484 4915 1762 4994 ecclesiam
1789 4916 2052 4994 ancatlicf

467 4986 607 5050 d'rali
655 4989 1083 5058 distinguendam
1130 5001 1249 5042 esse
1288 4993 1472 5058 monet
1522 4988 1742 5058 Savaro.
1775 4986 1922 5058 Atius
1967 4991 2053 5058 est

466 5065 677 5130 Avitus,
710 5055 883 5131 quiin
912 5059 1138 5115 ecclesia
1170 5060 1340 5131 sancti
1376 5055 1679 5131 venerandi
1711 5055 1958 5125 quiescit,
1995 5055 2052 5109 in

465 5135 560 5193 lib.
589 5126 803 5189 laudato
831 5146 949 5201 cap.
986 5132 1075 5196 l0,
1104 5128 1273 5184 sancti
1303 5126 1478 5181 Boniti
1506 5128 1695 5201 frater.

540 5216 569 5244 ι
593 5207 703 5262 lloc
732 5195 1069 5272 caput'deest
1094 5201 1142 5254 in
1174 5198 1541 5272 utroquecod.
1576 5196 1729 5250 Colb.
1760 5205 1814 5250 et
1842 5195 1965 5250 Vat.

540 5276 567 5315 δ
592 5268 810 5346 Regnu,
833 5280 1073 5346 repeteret
1104 5286 1213 5325 eam
1238 5268 1473 5346 Eulalius
1500 5282 1666 5346 comes
1690 5277 1737 5320 et
1764 5283 1865 5321 res.

544 5336 701 5401 cllae
756 5336 898 5399 voce"
920 5345 1087 5397 utitur
1134 5340 1328 5408 saepius
1382 5336 1691 5405 Gregorius,
1742 5351 1861 5405 qua:
1890 5337 2051 5392 etiam

469 5417 698 5472 habetur
728 5416 781 5469 in
808 5429 929 5469 can.
960 5414 1029 5465 29
1055 5412 1263 5465 concilii
1294 5424 1356 5462 ιιι
1389 5409 1663 5462 Aurelian.
1697 5408 1802 5462 Sed
1842 5422 1908 5461 ex
1950 5410 2053 5462 isto

470 5487 727 5555 Gregorii,
754 5487 871 5540 loco
898 5484 1406 5555 suspicaturuoster
1436 5480 1779 5555 Mabillonius
1806 5478 1900 5531 lib.
1933 5493 1949 5531 ι
1980 5479 2045 5531 de

470 5550 674 5623 Liturg.
699 5554 916 5620 Gallic.,
940 5550 1060 5622 cap.
1091 5551 1144 5615 6,
1178 5550 1281 5623 ubi
1300 5551 1446 5623 plura
1476 5552 1633 5602 habet
1662 5561 1724 5601 ea
1749 5550 1815 5601 de
1843 5563 1922 5623 re,
1951 5563 2043 5601 eos

466 5618 660 5681 missas
716 5618 1022 5691 spectasse,
1053 5623 1140 5690 qui
1194 5619 1406 5689 quidem
1455 5626 1751 5687 praesentes
1798 5618 2041 5686 aderant,

463 5697 562 5754 sed
589 5712 693 5749 non
719 5694 1201 5749 conununicaliaut.

539 5762 568 5807 ⁸
582 5765 817 5834 Quatuor
837 5780 907 5824 ex
926 5764 1028 5823 hoc
1041 5759 1282 5829 Gregorii
1294 5760 1410 5824 loco
1431 5757 1645 5829 collegit
1665 5758 2046 5836 nostcrllabil-

2156 4705 2332 4761 ionius
2362 4705 2398 4759 l.
2424 4717 2441 4758 ι
2464 4701 2529 4755 de
2556 4700 2760 4771 Liturg.
2787 4700 2928 4763 Gal..
2950 4717 3001 4755 c.
3018 4700 3081 4755 ὗε
3103 4700 3163 4754 1ο
3180 4698 3527 4756 Eucharistiae
3543 4699 3758 4757 nomine

2156 4779 2324 4830 solam
2356 4774 2506 4843 panis
2520 4775 2751 4841 speciem
2769 4772 3031 4841 designari
3051 4791 3065 4838 ;
3095 4771 3161 4825 2°
3183 4788 3249 4827 ex
3268 4772 3550 4843 particula,
3567 4786 3758 4843 none:

2155 4842 2365 4914 integra
2391 4845 2613 4897 formula
2646 4846 3074 4898 communionem
3090 4844 3267 4896 datam
3288 4859 3302 4907 ;
3324 4842 3381 4897 3°
3420 4842 3757 4897 communio-

2156 4932 2278 4971 nem
2299 4918 2398 4969 sub
2415 4916 2526 4968 sola
2554 4915 2700 4981 panis
2722 4917 2938 4982 specie;
2969 4915 3313 4983 4”antiquum
3345 4928 3549 4966 morem
3579 4926 3756 4983 usque

2156 4987 2222 5040 ad
2246 4984 2490 5056 Gregorii
2515 4996 2757 5054 tempora
2808 4999 3201 5056 perseverasse,
3231 4992 3288 5036 ut
3317 4984 3418 5056 viri
3441 4994 3659 5051 accepta
3701 4986 3755 5040 in

2158 5054 2405 5111 manibus
2439 5057 2794 5122 iiucliaristia,
2839 5056 3008 5122 ipsam
3039 5056 3138 5108 sibi
3171 5055 3223 5108 in
3249 5068 3343 5108 ore
3390 5054 3754 5123 imponerent.

2158 5127 2413 5182 Mulieres
2443 5137 2641 5192 tamen,
2673 5136 2726 5179 ut
2758 5141 2825 5180 ex
2852 5140 3062 5180 canone
3106 5123 3177 5179 42
3206 5124 3501 5178 Antissiod.
3536 5122 3752 5179 concilii

2157 5208 2325 5266 patet,
2359 5214 2464 5252 non
2494 5199 2633 5252 nuda
2666 5211 2848 5262 manu,
2879 5198 2971 5250 sed
2998 5196 3048 5249 iu
3081 5196 3247 5249 linteo
3281 5194 3597 5266 Dominicali
3627 5208 3747 5266 eam

2156 5264 2509 5336 recipiebant.
2552 5270 2629 5322 Ex
2659 5270 2850 5321 eodem
2884 5274 3032 5320 testu
3063 5265 3321 5320 discimus
3370 5265 3524 5320 laicis
3562 5266 3631 5318 ad
3664 5264 3746 5318 al-

2156 5347 2271 5394 tare
2301 5341 2622 5409 permissum
2653 5337 2818 5392 fuisse
2847 5351 3123 5393 accessum
3167 5352 3263 5405 pro
3308 5350 3463 5390 sacra
3506 5351 3752 5409 cominu-

2156 5407 2335 5463 nione.
2371 5410 2449 5463 De
2499 5412 2658 5463 modo
2711 5410 3004 5476 recipiendi
3049 5422 3256 5463 sacram
3312 5407 3750 5464 communionem

2154 5481 2340 5550 primis
2366 5481 2619 5534 Ecclesiae
2646 5479 2858 5533 saeculis
2886 5480 3081 5533 usitato
3120 5478 3356 5550 pluribus
3384 5477 3602 5532 disserit
3638 5493 3747 5550 bu-

2152 5548 2262 5605 stor
2303 5550 2453 5619 llugo
2507 5552 2786 5604 Meuar‘dus
2837 5551 2889 5603 in
2914 5550 3101 5619 gnotis
3140 5548 3208 5603 ad
3256 5548 3746 5606 Sacratneutariutn

2155 5617 2563 5691 Gregoriauum.
2595 5636 2713 5690 pag.
2747 5620 2872 5691 578,
2913 5617 3039 5686 379,
3073 5618 3198 5673 591.

2229 5701 2252 5730 θ
2270 5689 2501 5763 'Aliquut
2524 5692 2651 5749 editi
2672 5689 2802 5749 cum
2830 5689 2981 5761 Bec.,
3009 5705 3193 5747 εοεενω
3218 5705 3342 5750 sum.

2174 5820 2243 5839 ,κν
2288 5808 2334 5835 λυ
