4096 6344
291 325 392 382 5'57

1179 296 1502 373 nts'romit
1539 305 1992 369 FRANCORUM.
2032 306 2236 365 LIBER
2274 303 2597 365 DECIMUS.

290 425 541 499 Tetradta
573 434 659 494 ab
701 431 874 507 Agino
928 439 1361 505 repraesentetur,
1417 439 1576 501 atque
1631 428 1867 485 Eulalius
1893 427 1950 488 Α
1972 424 2194 479 navibus
2223 423 2455 480 oneratis
2485 436 2638 489 auro,
2669 427 2994 492 argentoque
3035 426 3092 477 et
3132 419 3355 493 reliquis
3390 422 3553 480 rebus

291 541 476 590 contra
504 543 621 586 eam
651 534 965 584 causaturus
994 525 1238 581 accessit.
1272 524 1512 592 Cumque
1540 535 1626 576 res
1649 534 1783 591 quas
1809 518 1878 573 de

293 627 436 696 ejus,
467 624 653 677 abiens
680 621 745 676 ad
783 619 1142 686 Desiderium,
1173 618 1333 673 domo
1361 615 1671 683 abstulerat,
1705 612 1879 681 inqui-

292 727 456 780 reret,
483 714 774 784 judicatum
810 720 892 767 est
922 711 1174 767 Tetradia
1203 719 1253 777 ⁸,
1297 718 1354 764 ut
1393 707 1684 778 quadrupla
1725 705 1879 760 satis-

293 806 525 864 factione
553 810 728 862 ablata
761 807 1089 872 restitueret,
1126 807 1373 875 liliosque
1399 819 1535 872 quos
1564 801 1631 855 de
1659 799 1878 855 Deside-

292 901 378 957 rio
408 909 750 970 conceperat,
782 901 1016 955 incertos
1058 897 1084 936 ιι
1121 898 1304 953 haberi
1340 915 1352 948 :
1386 895 1512 950 illud
1542 896 1698 948 etiam
1730 891 1879 946 ordi-

294 1004 506 1058 nantes,
533 1001 592 1046 ut
620 993 663 1046 si
695 992 808 1046 haec
837 1007 955 1062 quae
990 992 1199 1046 Eulalio
1226 1000 1308 1047 est
1350 990 1496 1059 jussa
1528 989 1875 1052 dissolveret,

294 1083 587 1138 accedendi
632 1085 682 1138 in
711 1084 1008 1139 Arvernum
1052 1083 1266 1138 licentia
1311 1083 1662 1151 praeberetur,
1695 1079 1879 1132 rebus-

289 1189 400 1243 que
428 1175 562 1239 suis,
594 1188 712 1243 quae
739 1175 787 1229 ei
820 1189 882 1230 ex
916 1183 1134 1243 paterna
1161 1174 1501 1227 successione
1527 1170 1686 1240 493
1716 1169 1878 1220 obve-

295 1276 484 1322 nerant
524 1268 724 1337 absque
749 1267 1012 1324 calumnia
1043 1267 1310 1322 lrueretur
1340 1283 1354 1318 :
1389 1263 1529 1326 quod
1563 1265 1630 1317 ita
1674 1261 1875 1315 factum

293 1370 396 1416 εει.

365 1451 457 1506 IX.
499 1450 631 1506 Cum
669 1451 785 1506 haec
813 1459 1116 1520 agerentur,
1161 1456 1214 1502 et
1243 1447 1476 1501 Britanni
1508 1445 1648 1499 circa
1681 1443 1863 1508 urbes,

293 1543 659 1598 Namneticam
684 1544 863 1612 utique
892 1554 943 1598 et
987 1541 1374 1604 Rhedonicam,
1422 1538 1575 1591 valde
1604 1539 1875 1600 saevirent,

294 1636 727 1690 Guntcltramnus
757 1650 848 1689 rex
878 1635 1170 1688 exercitum
1200 1641 1386 1685 contra
1426 1646 1518 1682 COS
1545 1628 1875 1682 commoveri

288 1726 490 1794 jussit;
535 1726 584 1778 in
617 1741 840 1794 quorum
871 1725 1042 1791 capite
1093 1723 1456 1790 Beppolenum
1498 1729 1554 1774 et
1602 1719 1873 1773 Ebracba-

1979 515 2117 586 ejus,
2149 531 2269 570 cum
2318 515 2423 570 alta
2467 513 2627 571 maris
2657 513 2911 582 cepisset,
2954 524 3222 571 commoto
3252 527 3434 582 vento,
3462 516 3559 573 de-

1980 615 2173 670 mersis
2203 614 2447 676 navibus,
2497 627 2586 668 res
2632 624 2763 682 quas
2791 610 3137 681 imposuerat,
3187 609 3555 680 perdidisset:

1981 717 2155 764 tamen
2184 706 2249 761 ad
2280 706 2662 761 Ebracltarium
2709 705 2948 770 veniens,
2975 719 3158 774 pacem
3191 703 3361 773 petiit,
3414 703 3560 758 obsi-

1981 801 2184 870 desque
2212 815 2331 855 cum
2376 799 2553 854 multis
2601 798 2909 854 muneribus
2950 796 3188 863 tradidit,
3238 797 3563 866 promittens

1980 910 2039 950 se
2085 909 2353 963 nunquam
2414 901 2598 948 contra
2651 894 2927 948 utilitatem
2983 890 3368 947 Guntchramni
3423 891 3565 960 regis

1981 1001 2100 1040 esse
2131 996 2432 1040 venturum.
2468 984 2584 1051 Quo
2605 985 2908 1048 recedente,
2943 994 2998 1039 et
3043 983 3238 1054 regalis
3276 983 3566 1052 episcopus

1980 1093 2099 1132 cum
2125 1079 2334 1132 clericis
2365 1090 2417 1133 et
2447 1078 2768 1148 pagensibns
2799 1079 2942 1132 urbis
2972 1092 3102 1144 suae,
3149 1077 3343 1132 similia
3381 1091 3562 1132 sacra-

1981 1180 2156 1226 menta
2185 1170 2353 1231 dedit.
2387 1171 2570 1225 dicens
2600 1189 2613 1223 :
2648 1170 2781 1237 Quia
2809 1169 2935 1224 nihil
2981 1186 3078 1224 nos
3108 1170 3336 1224 dominis
3365 1169 3565 1224 nostris

1980 1266 2192 1334 regibus
2214 1264 2500 1332 culpabiles
2530 1278 2737 1325 sumus,
2769 1279 2866 1318 nec
2893 1280 3121 1334 unquam
3144 1273 3329 1319 contra
3357 1263 3562 1319 utilita-

1981 1364 2086 1409 tem
2139 1371 2324 1409 eorum
2371 1355 2588 1424 superbi
2635 1355 2960 1421 exstitimus,
3015 1355 3109 1409 sed
3154 1355 3207 1409 in
3264 1355 3567 1424 captivitate

1981 1445 2350 1499 Britannorum
2394 1445 2575 1515 positi,
2603 1448 2747 1514 gravi
2775 1446 2902 1513 jugo
2924 1445 3122 1499 subditi
3169 1460 3373 1499 sumus.
3425 1443 3565 1501 Pace

1980 1538 2139 1604 igitur
2168 1539 2433 1591 celebrata
2465 1540 2600 1591 inter
2625 1536 2944 1590 Warochum
2973 1546 3130 1606 atque
3157 1535 3562 1604 Ebracltarium,

1978 1628 2114 1682 dixit
2156 1629 2451 1682 Warochus
2482 1647 2493 1682 :
2531 1629 2791 1684 Discedite
2821 1645 2959 1684 nunc
2987 1642 3039 1685 et
3089 1631 3410 1695 renuntiate,
3440 1630 3564 1699 quia

1979 1721 2154 1773 omnia
2207 1737 2324 1790 qua:
2366 1721 2588 1788 jusserit
2636 1738 2754 1787 rex,
2804 1733 2995 1792 sponte
3050 1723 3272 1792 implere
3315 1724 3562 1778 curabo:

289 1818 426 1871 rium
457 1818 618 1870 duces
639 1817 850 1886 delegit.
883 1817 984 1871 Sed
1014 1815 1360 1868 Ebricharius
1389 1820 1694 1880 suspectus,
1725 1811 1868 1880 quod
1902 1809 1949 1869 B
1979 1812 2116 1880 quod
2150 1821 2204 1864 ut
2236 1813 2441 1879 plenius
2492 1813 2713 1868 credere
2758 1814 3019 1879 debeatis,
3076 1824 3326 1882 nepotem
3387 1829 3563 1869 ntcuttt

290 1911 334 1964 si
365 1911 584 1964 victoria
621 1926 739 1964 cum
773 1910 1074 1978 Bcppolcno
1106 1916 1423 1977 patraretttr,
1470 1908 1582 1975 ipse
1613 1906 1864 1959 ducatum

291 2001 408 2072 ejus
443 2004 758 2071 acqttirerct,
791 2003 1095 2056 inimicitias
1121 2018 1241 2056 cum
1281 2002 1469 2056 eodem
1498 2004 1786 2063 connectit,
1813 2014 1874 2056 ac

293 2110 388 2162 per
415 2095 551 2147 viam
590 2103 748 2148 totam
803 2109 860 2148 se
890 2095 1253 2162 blaSphemiis,
1289 2095 1546 2148 conviciis
1575 2103 1732 2162 atque
1755 2108 1866 2147 ma-

292 2185 663 2240 ledictionibtts
693 2187 975 2241 lacessunt.
1021 2185 1215 2240 Verum
1257 2201 1351 2255 per
1398 2187 1536 2240 viam
1580 2200 1682 2255 qua
1727 2186 1873 2238 abie—

293 2290 441 2344 runt,
491 2280 754 2347 incendia,
792 2280 1093 2344 homicidia,
1127 2280 1296 2348 spolia
1342 2294 1402 2334 ac
1450 2280 1612 2333 multa
1667 2279 1871 2334 scelera

291 2379 532 2439 egerunt.
567 2371 771 2425 Interea
819 2380 1078 2425 venerunt
1132 2371 1195 2424 ad
1247 2370 1576 2424 Vicinoniam
1633 2387 1868 2438 amnem,

293 2475 450 2529 quam
480 2462 799 2525 transmissi,
833 2462 897 2515 ad
936 2461 1122 2517 Uldam
1154 2461 1368 2514 ﬂuvium
1402 2471 1423 2498 ο
1479 2471 1866 2530 pervenerunt;

291 2553 468 2621 ibique
497 2553 766 2622 dissipatis
796 2553 1076 2606 vicinitatis
1103 2554 1260 2617 casis,
1284 2561 1470 2621 pontes
1505 2553 1732 2620 des’uper
1759 2562 1872 2605 sta-

289 2651 468 2708 tuunt,
513 2645 698 2711 sicque
741 2646 1010 2698 exercitus
1038 2642 1212 2696 omnis
1247 2644 1506 2696 transivit.
1541 2642 1869 2711 Conjunctus

288 2735 431 2789 enim
459 2734 630 2788 fuerat
650 2749 714 2788 eo
737 2745 973 2802 tempore
1002 2735 1302 2802 Bo-ppuleno
1326 2737 1603 2804 presbyter
1626 2737 1865 2804 quidam,

290 2827 480 2880 dicens
514 2844 526 2878 :
572 2827 628 2880 Si
655 2835 872 2880 secutus
920 2841 1006 2880 me
1033 2825 1213 2890 l'uerts,
1247 2841 1345 2894 ego
1391 2838 1439 2881 te
1470 2841 1636 2893 usque
1677 2825 1868 2882 Waro-

291 2920 447 2974 cltum
479 2919 689 2981 ducam,
722 2933 784 2972 ac
835 2918 1113 2971 Britannos
1161 2918 1253 2971 tibi
1298 2918 1349 2971 itt
1399 2933 1561 2972 unum
1609 2917 1865 2972 collectos

292 3009 587 3065 ostendam.
633 3008 991 3075 Fredegundis
1015 3009 1154 3063 enim
1186 3024 1306 3062 cum
1351 3008 1608 3074 audisset,
1641 3009 1780 3076 quod
1813 3011 1866 3062 in

296 3100 401 3153 hoc
429 3101 699 3168 procinctu
730 3100 1060 3166 Beppolenus
1089 3099 1278 3163 abiret,
1305 3104 1427 3168 quia
1457 3100 1506 3152 ei
1533 3101 1641 3167 jam
1670 3115 1735 3152 ex
1769 3114 1863 3152 an-

1975 1903 2212 1958 obsidctn
2245 1906 2494 1959 tribuam.
2560 1906 2626 1958 Et
2677 1907 2745 1959 ita
2799 1905 2944 1968 fecit,
2993 1916 3367 1974 cessatumqtte
3399 1915 3480 1960 est
3531 1920 3562 1959 a

1973 1997 2115 2051 bello
2147 2006 2193 2048 ο.
2225 1997 2603 2050 Verumtamen
2650 1995 2932 2050 multitudo
2964 2012 3174 2066 magna,
3204 1997 3343 2051 sicut
3369 1997 3436 2051 de
3474 2012 3563 2051 re-

1973 2090 2076 2159 guli
2099 2091 2356 2155 exercitu,
2383 2091 2450 2144 ita
2474 2099 2527 2144 et
2558 2091 2624 2144 de
2656 2089 2918 2142 Britannis
2942 2103 3078 2143 caesa
3102 2097 3201 2142 est.
3235 2090 3561 2158 Egrediente

1973 2193 2151 2237 autem
2183 2184 2424 2238 exercitu
2455 2197 2484 2236 a
2539 2182 2851 2244 Britanniis.
2899 2196 2962 2235 ac
3007 2184 3404 2236 transeuntibus
3452 2197 3564 2236 am-

1974 2291 2096 2331 nem
2130 2275 2542 2340 robustiortbus,
2594 2273 2872 2328 inferiores
2915 2283 2967 2328 et
3018 2287 3277 2342 pauperes
3320 2273 3409 2342 qui
3441 2288 3563 2328 cum

1973 2370 2057 2424 bis
2085 2381 2238 2425 erant
2259 2371 2415 2424 simul
2462 2368 2687 2423 transire
2715 2382 2819 2421 non
2851 2374 3156 2436 potuerunt.
3209 2365 3450 2433 Cumque
3501 2365 3554 2417 in

1975 2459 2123 2515 littus
2154 2461 2281 2514 illud
2325 2459 2620 2514 Vicinoniae
2657 2460 2832 2512 amnis
2871 2457 3216 2524 restitissent,
3261 2455 3564 2511 Warocltus

1972 2551 2168 2605 oblitus
2189 2552 2508 2606 sacramenti
2537 2559 2696 2620 atque
2725 2550 2968 2604 obsidum
2998 2564 3133 2618 quos
3181 2548 3424 2616 dederat,
3457 2548 3563 2602 mi-

1972 2645 2038 2701 sit
2073 2647 2379 2700 Canaonem
2413 2645 2580 2699 ﬁlium
2624 2659 2778 2698 suum
2821 2657 2941 2698 cum
2972 2642 3233 2706 exercitu,
3268 2639 3564 2711 apprehen-

1971 2738 2152 2807 sisque
2172 2739 2300 2792 viris
2329 2752 2463 2806 quos
2493 2738 2545 2791 in
2579 2737 2760 2792 littore
2787 2738 2876 2790 illo
2905 2738 3128 2805 reperit,
3175 2734 3403 2789 vinculis
3430 2733 3556 2787 alli-

1970 2837 2080 2898 gat,
2115 2829 2425 2885 resistentes
2454 2828 2723 2891 interﬁcit,
2755 2827 3021 2882 nonnullis
3060 2827 3147 2896 qui
3177 2841 3296 2880 cum
3342 2824 3564 2878 caballis

1971 2929 2262 2976 torrentem
2292 2930 2621 2974 transmeare
2649 2923 2954 2983 voluerunt,
2983 2918 3051 2972 ab
3096 2918 3261 2986 ipsius
3303 2915 3563 2969 torrentis

1971 3014 2168 3082 impetu
2199 3014 2251 3066 in
2284 3027 2430 3066 mare
2457 3009 2698 3079 dejeCtis.
2736 3010 2945 3064 Dimissi
2974 3017 3099 3062 sunt
3133 3018 3317 3077 postea
3353 3007 3504 3060 tnulti
3535 3002 3556 3045 ί

1972 3121 2001 3160 a
2027 3107 2252 3176 conjuge
2284 3105 2533 3160 Warochi
2559 3120 2676 3159 cum
2708 3104 2881 3159 cereis
2901 3111 2956 3158 et
2983 3102 3177 3157 tabulis
3201 3100 3352 3170 quasi
3381 3099 3560 3164 liberi,

294 3192 488 3245 teriore
519 3200 759 3260 tempore
788 3190 990 3244 invisus
1019 3198 1154 3256 erat,
1197 3189 1565 3257 Bajocassiuos
1604 3189 1864 3258 Saxones,

1981 3215 2026 3257 et
2053 3202 2117 3255 ad
2148 3199 2356 3270 propria
2379 3207 2504 3253 sunt
2540 3196 2794 3268 regressi.
2826 3195 3104 3251 Exercitus
3133 3209 3259 3250 vero
3283 3194 3448 3265 ipsius
3472 3194 3564 3264 qui

293 3283 440 3356 juxta
465 3282 618 3336 ritum
653 3280 1022 3337 Britannorum
1053 3292 1233 3336 tensos
1263 3279 1289 3318 ἀ
1315 3324 1330 3347 ,
1356 3293 1516 3350 atque
1544 3284 1688 3338 cultu
1716 3284 1881 3339 vesti-

298 3378 464 3430 menti
507 3380 858 3448 compositos,
905 3379 956 3432 in
989 3380 1233 3432 solatium
1282 3377 1533 3434 Waroclti
1563 3380 1708 3434 abire
1739 3395 1878 3449 pra:-

296 3469 456 3537 cepit.
487 3469 814 3526 Adveniente
838 3480 1012 3525 autem
1046 3471 1348 3540 Beppoleno
1376 3487 1496 3525 cum
1538 3473 1603 3527 iis
1635 3474 1722 3542 qui
1755 3487 1878 3528 eum

297 3561 446 3629 sequi
481 3562 779 3629 voluerunt,
811 3573 1079 3618 certamen
1132 3564 1269 3630 iniit,
1328 3566 1630 3634 multosque
1677 3581 1772 3634 per
1802 3567 1882 3620 bi-

298 3648 461 3703 duum
491 3650 558 3704 de
589 3652 850 3706 Britannis
879 3668 940 3706 ac
970 3653 1267 3708 Saxonibus
1295 3655 1673 3722 suprascriptis
1715 3655 1882 3709 inter-

300 3743 452 3796 emit.
507 3743 820 3798 Recesserat
859 3748 999 3798 enim
1043 3745 1110 3799 ab
1138 3760 1203 3800 eo
1230 3746 1591 3802 Ebracharius
1623 3763 1742 3801 cum
1774 3758 1882 3801 ma-

296 3829 402 3900 jori
430 3847 588 3886 manu
610 3876 624 3900 ,
666 3849 765 3888 nec
791 3834 854 3888 ad
887 3849 1006 3890 eum
1035 3837 1292 3891 accedere
1332 3838 1522 3903 voluit,
1545 3838 1718 3893 donec
1749 3840 1885 3894 inte-

298 3935 563 3996 remptum
593 3927 818 3982 audiret.
851 3928 944 3982 Die
968 3936 1146 3984 autem
1178 3929 1336 3984 tertio
1361 3944 1481 3984 cum
1505 3929 1617 3999 jam
1641 3931 1730 3998 qui
1762 3945 1882 3985 cum

297 4030 363 4071 eo
384 4028 536 4072 erant
559 4018 1009 4087 interﬁcerentur,
1035 4027 1194 4087 atque
1241 4023 1354 4090 ipse
1388 4023 1658 4075 sauciatus
1691 4021 1879 4079 lancea

298 4121 633 4178 repugnaret,
681 4112 1004 4167 irruentibus
1055 4128 1216 4183 super
1261 4129 1383 4169 eum
1437 4114 1704 4168 Waroclto
1755 4129 1877 4170 cum

299 4201 647 4269 supradictis,
686 4202 1070 4258 interfecerunt
1095 4219 1255 4258 eum:
1296 4205 1585 4258 incluserat
1613 4204 1754 4258 enim
1785 4219 1880 4261 eos

301 4293 440 4349 inter
467 4295 738 4365 angustias
764 4296 966 4350 viarum
989 4304 1146 4365 atque
1182 4296 1421 4364 paludes,
1454 4296 1506 4350 in
1535 4297 1729 4365 quibus
1757 4311 1874 4351 ma-

300 4391 378 4461 gis
406 4392 516 4445 luto
541 4392 698 4457 necti,
724 4407 881 4461 quam
909 4391 1085 4460 gladio
1111 4390 1357 4446 trucidati
1405 4397 1558 4447 sunt.
1608 4390 1883 4445 Ebraclta-

300 4481 412 4535 rius
459 4496 586 4536 vero
626 4498 798 4551 usque
829 4481 1068 4537 Venetos
1113 4482 1302 4537 urbem
1352 4481 1618 4536 accessit:
1669 4483 1883 4538 miserat

1982 3299 2128 3368 prius
2160 3298 2463 3364 transierat,
2495 3309 2741 3351 metuens
2770 3311 2865 3366 per
2886 3294 3023 3348 viam
3051 3295 3195 3349 illam
3222 3307 3324 3363 qua
3349 3295 3568 3346 venerat

1982 3389 2216 3460 regredi,
2249 3404 2315 3443 ne
2342 3388 2477 3443 forte
2502 3389 2637 3442 mala
2661 3403 2778 3459 quae
2822 3387 3020 3442 fecerat
3048 3393 3337 3456 pateretur,
3366 3382 3432 3437 ad
3460 3380 3569 3436 Δη-

1981 3482 2234 3552 degavam
2263 3481 2450 3538 urbem
2480 3483 2684 3553 dirigit,
2717 3481 2994 3536 Meduanae
3043 3479 3298 3535 torrentis
3337 3486 3362 3525 κ
3397 3490 3569 3546 expe-

1984 3584 2101 3631 tens
2135 3575 2296 3646 A95
2337 3588 2596 3644 pontem:
2640 3575 2733 3630 sed
2781 3589 2941 3642 parva
2996 3588 3116 3643 qua:
3161 3572 3307 3642 prius
3364 3568 3572 3626 transiit

1982 3683 2192 3732 manus,
2225 3669 2288 3722 ad
2314 3670 2485 3737 ipsum
2513 3683 2670 3738 quem
2713 3666 2918 3737 praelati
2960 3681 3145 3722 sumus
3177 3675 3418 3736 pontem,
3447 3676 3573 3734 spo-

1982 3758 2117 3828 liati,
2143 3761 2268 3814 caesi
2297 3767 2352 3814 et
2381 3761 2446 3814 ad
2478 3775 2637 3815 omne
2662 3759 2895 3815 dedecus
2922 3768 3050 3814 sunt
3072 3757 3293 3813 redacti.
3327 3757 3428 3811 Per
3463 3756 3570 3809 Tu-

1984 3849 2226 3904 ronicum
2255 3865 2386 3905 vero
2429 3858 2789 3916 transeuntes,
2850 3851 3056 3919 praedas
3101 3856 3322 3918 agentes
3375 3845 3570 3901 multos

1984 3940 2446 4007 exspoliaverunt;
2486 3941 2828 4011 inopinantes
2853 3939 2994 3995 enim
3024 3945 3340 4009 repereraut
3367 3935 3573 3991 incolas

1988 4030 2111 4086 loci.
2148 4031 2292 4086 Multi
2321 4041 2497 4086 tamen
2529 4032 2597 4087 de
2625 4034 2726 4086 hoc
2748 4031 2988 4087 exercitu
3019 4031 3085 4086 ad
3110 4027 3572 4084 Guntchramnum

1986 4136 2169 4192 regem
2217 4132 2583 4190 accesserunt,
2617 4123 2857 4180 dicentes
2885 4123 3010 4193 quia
3060 4121 3418 4177 Ebracbarius
3466 4119 3572 4177 dux

1986 4228 2049 4269 ac
2078 4214 2463 4270 Uviliacbarius
2504 4230 2708 4282 comes,
2751 4225 2969 4286 accepta
3013 4214 3238 4283 pecunia
3277 4215 3346 4267 ab
3378 4209 3572 4266 Waro-

1987 4311 2110 4375 clto,
2135 4309 2428 4364 exercitum
2463 4309 2640 4379 perire
2675 4308 2949 4364 fecissent.
2981 4307 3094 4375 Qua
3126 4307 3196 4363 de
3222 4320 3382 4362 causa
3410 4304 3576 4360 Ebra-

1987 4399 2202 4455 charius
2236 4412 2610 4470 praesentatus,
2646 4401 2871 4456 multum
2900 4401 3159 4456 conviciis
3180 4408 3331 4455 actus
3369 4414 3401 4453 a
3425 4409 3575 4467 rege,

1984 4508 2017 4559 _a
2049 4497 2332 4563 praesentia
2360 4494 2476 4564 ejus
2507 4495 2787 4550 discedere
2827 4495 3010 4567 jussus
3056 4504 3160 4563 est,
3213 4487 3577 4550 Uviliachario

301 4574 442 4627 enim
473 4576 537 4626 ad
565 4589 684 4628 eum
714 4575 922 4628 obviam
955 4577 1237 4644 episcOpus
1280 4576 1474 4644 regalis
1505 4575 1730 4630 clericos
1760 4591 1888 4632 suos
1913 4568 1968 4630 D
1993 4590 2188 4642 comite
2221 4603 2315 4657 per
2344 4588 2491 4658 ωερε
2532 4588 2795 4644 laniante,

303 4681 422 4720 cum
451 4666 614 4737 494
659 4667 905 4721 crucibus
949 4677 1003 4722 et
1033 4669 1331 4737 psallentio,
1386 4684 1474 4738 qm
1505 4684 1597 4724 eos
1623 4685 1793 4740 usque
1819 4670 1886 4725 ad

303 4757 486 4811 urbem
531 4757 885 4812 deduxerunt.
917 4759 1184 4813 Fercbant
1223 4763 1386 4815 etiam
1416 4761 1632 4829 quidam
1661 4777 1726 4816 eo
1750 4772 1887 4818 tem-

304 4861 455 4916 pore,
488 4846 627 4916 quod
660 4846 958 4903 Warochus
987 4849 1040 4903 in
1075 4850 1275 4906 insulas
1305 4849 1488 4921 fugere
1517 4853 1738 4922 cupiens
1764 4868 1885 4911 cum

378 5007 404 5074 ξι
431 5002 580 5074 Bec.,
602 5003 897 5074 judicatum
925 5012 995 5059 est
1024 5005 1291 5063 Tetradiaz.

378 5069 407 5107 ι
434 5073 558 5152 Bec.
590 5069 644 5127 et
674 5074 885 5152 Regtn.,
914 5076 1148 5132 incestos.
1181 5079 1329 5134 Colb.
1363 5094 1461 5147 m.,
1488 5083 1686 5142 incesti.
1711 5087 1888 5144 Incer-

309 5149 414 5201 tos,
448 5143 499 5194 id
526 5149 606 5197 est
631 5146 862 5213 spurios.

384 5221 406 5249 ε
446 5214 627 5287 Oritur
653 5231 815 5287 prope
862 5214 1189 5271 Robauniam
1221 5218 1274 5273 in
1309 5219 1593 5279 Venetensi
1641 5228 1858 5287 dimcesi

307 5289 467 5364 atque
494 5285 546 5371 in
576 5276 927 5371 Vicinoniant,
949 5300 1076 5371 .seu,
1118 5298 1190 5371 ut‘
1217 5291 1373 5371 hodie
1420 5276 1886 5371 uiéiii‘rfvi'gzﬁi

308 5353 647 5442 anflltllfl‘ld
684 5358 913 5442 procula
945 5356 1112 5412 Ponte
1153 5357 1384 5442 gotbino
1411 5353 1700 5442 tleﬂttit,'ct
1729 5353 1882 5442 {fulgo

309 5423 504 5510 dicitur
532 5425 745 5479 l‘Aoust.
792 5426 942 5510 Unde
971 5429 1212 5510 nonnulli
1253 5441 1580 5510 reCetttjores
1605 5423 1878 5510 antiquiu'in

309 5509 508 5549 nomen
556 5507 922 5566 mutaverunt,
970 5499 1108 5554 hunc
1150 5499 1370 5555 ﬂuvium
1408 5502 1691 5575 Augustum
1735 5499 1883 5570 voci-

333 5576 506 5620 antes.

301 5664 309 5672 -
372 5631 602 5721 {Quod
652 5637 853 5692 scilicet
894 5639 1165 5721 primoﬂin
1223 5639 1542 5721 Britanniam
1600 5651 1875 5721 majorem,

311 5706 454 5790 unde
487 5708 626 5761 hunc
658 5722 858 5790 morem
876 5711 1107 5790 mutuati
1131 5706 1712 5790 inerantuirrupisseut'.
1741 5706 1877 5790 Qui};

295 5777 376 5880 ’ct
399 5776 661 5850 Saxones,
702 5787 759 5836 ut
803 5787 947 5851 patet.
972 5794 1035 5836 ex
1065 5783 1222 5851 epist.
1247 5783 1281 5857 9_
1307 5784 1402 5845 lib.
1435 5776 1526 5846 Vill
1557 5776 1878 5863 Apollitiaris

2064 4678 2130 4733 X.
2173 4683 2330 4734 Anno
2358 4676 2387 4715 h
2411 4679 2571 4749 igitur
2595 4681 2804 4734 decimo
2833 4678 3022 4750 quinto
3040 4674 3372 4732 Childeberti
3404 4671 3571 4741 regis.

1992 4772 2085 4842 qtti
2108 4779 2193 4826 est
2220 4772 2607 4827 Guutcltramni
2659 4787 2831 4826 nonus
2885 4781 3044 4840 atque
3089 4768 3393 4830 vicesimus,
3447 4764 3576 4818 dum

1991 4860 2108 4932 ipse
2135 4861 2569 4918 Guntchramnus
2611 4877 2704 4918 rex
2745 4877 2842 4934 per
2872 4861 3136 4932 Vosagum
3184 4859 3373 4916 silvam
3413 4867 3576 4910 vena-

1992 5018 2218 5085 Sidonii,
2247 5037 2396 5076 more
2426 5022 2722 5076 Brittonum
2752 5021 2890 5075 tonsi
2928 5028 3099 5076 erant.
3151 5019 3227 5074 De
3270 5017 3570 5071 Brittonum

1993 5099 2209 5146 tonsura
2242 5092 2325 5144 adi
2360 5093 2624 5146 Mabillon.
2662 5094 2711 5146 in
2745 5089 2890 5156 praef.
2925 5106 3051 5144 sazc.
3082 5105 3142 5144 nt
3171 5092 3289 5144 Act.
3323 5089 3417 5144 SS.
3449 5085 3569 5142 0rd.

1993 5163 2177 5226 nostri,
2211 5173 2345 5230 part.
2380 5179 2425 5228 l,
2471 5177 2530 5216 ea
2559 5163 2624 5214 rlc
2651 5178 2708 5215 re
2735 5161 2900 5215 fusius
2922 5162 3295 5216 disserentem.

2025 5242 2087 5356 b0
2129 5229 2421 5316 Sic’Casin.
2443 5249 2456 5299 ;
2479 5234 2681 5297 czcteri,
2710 5242 3060 5302 certatumque
3089 5241 3162 5286 est
3189 5230 3382 5284 abillo.
3417 5229 3571 5297 Bec.,

2080 5319 2157 5356 eo.

1988 5318 2052 5356 an
2080 5319 2157 5358 εο.

2063 5372 2084 5413 ι
2128 5375 2181 5428 In
2206 5373 2392 5443 Regni.
2419 5374 2593 5436 deest,
2622 5375 2771 5429 multi

2065 5454 2090 5492 ι
2133 5440 2410 5509 Meduana,
2453 5448 2502 5498 la
2536 5445 2805 5517 Mayenne,
2842 5443 3028 5497 ﬂuvius
3055 5451 3157 5517 est,
3184 5440 3452 5517 quem‘ob
3479 5454 3569 5517 ra-

1990 5515 2264 5582 piditatem
2316 5517 2602 5580 Gregorius
2626 5513 2934 5570 'torrentem
2983 5515 3235 5581 appellat.
3281 5513 3459 5582 Oritur
3511 5513 3566 5566 in

1987 5581 2331 5650 Cenomanis,
2376 5597 2429 5641 et
2469 5589 2670 5655 aliquot
2697 5587 2814 5641 aliis
2846 5585 3021 5640 ﬂuviis
3051 5595 3259 5649 auctus,
3291 5581 3426 5638 infra
3455 5584 3567 5639 An-

1991 5657 2252 5723 degavum
2278 5659 2449 5725 Ligeri
2483 5667 2758 5713 miser-tur.

1995 5727 2093 5855 val;
2108 5730 2174 5785 -ιε
2201 5738 2286 5786 est
2311 5744 2399 5785 an.
2431 5729 2557 5787 590.
2609 5728 2770 5785 Deest
2814 5727 2929 5787 ltoc
2954 5734 3112 5800 caput
3150 5728 3205 5786 in
3246 5725 3401 5786 σου).
3435 5737 3487 5780 a.
3516 5729 3572 5784 et

2039 5808 2112 5855 at.
