4096 6344
403 321 505 378 541

1295 321 1613 381 HISTORIA
1656 320 2107 381 FRANCORUM.
2148 276 2356 378 usus
2394 319 2712 380 oremus.

3579 327 3682 385 512

404 442 517 491 tum
550 435 649 489 luit
700 432 1115 492 resurrectionis
1160 434 1435 503 indicium,
1480 438 1620 507 quod
1664 437 1843 494 Elisaei
1887 435 1994 508 (IV
2024 435 2177 500 Adit
2209 436 2550 505 Unigenitum
2593 436 2786 493 Filium
2821 437 2942 505 Dei,
2975 445 3155 496 tamen
3190 446 3587 498 resurrecturus
3629 442 3685 497 in

407 527 539 597 Reg.
575 542 687 593 xm,
716 526 808 597 ‘21)
863 541 983 581 ossa
1014 535 1237 597 tangens
1265 519 1583 583 exsainctum
1608 529 1856 593 cadaver,
1890 528 1993 585 vir-

406 619 532 673 tutis
558 618 745 672 t-fi'ectu
781 619 1029 673 revixerit
1061 637 1073 675 :
1106 619 1246 689 quod
1268 618 1433 689 ipsius
1460 620 1688 685 Domini,
1712 621 1877 692 498
1904 620 1995 690 qui

406 720 491 767 est
526 712 913 782 primogenitus
946 720 1302 781 mortuorum,
1336 724 1659 770 resurrectio
1689 714 1998 770 manifesta-

406 803 480 858 vit
507 820 518 857 :
552 804 643 874 qui
673 806 830 859 morti
862 816 1091 861 mortem
1120 806 1319 873 intulit,
1364 816 1416 863 et
1446 806 1514 861 de
1542 806 1789 876 sepulcro
1832 805 1996 861 vitam

404 896 631 952 mortuis
661 896 967 953 reformavit
996 898 1178 969 (Apoc.
1227 914 1266 967 ι,
1300 896 1377 969 5).
1405 898 1486 955 Ad
1532 898 1645 954 hch
1672 899 1948 969 presbyter
1980 916 1993 953 :

405 990 561 1056 Quod
594 990 852 1048 Dominus
896 991 951 1047 in
982 1001 1261 1062 assumpto
1292 993 1511 1057 homine
1553 1000 1794 1049 mortuus
1836 992 1999 1047 fuerit

404 1096 465 1135 ac
495 1083 867 1146 resurrexcrit,
898 1097 1004 1138 non
1035 1083 1249 1154 ambigo
1280 1100 1292 1139 :
1324 1084 1456 1138 illud
1483 1092 1680 1151 tamen,
1710 1083 1850 1153 quod
1874 1081 1999 1138 reli-

403 1174 491 1242 qui
524 1182 808 1243 resurgant
836 1175 1058 1242 mortui,
1089 1190 1195 1229 non
1223 1172 1469 1230 admitto.
1496 1175 1562 1231 Et
1583 1190 1681 1243 ego
1713 1191 1725 1228 :
1776 1174 1842 1229 Et
1880 1188 1999 1243 qua:

404 1266 503 1321 fuit
543 1267 836 1322 necessitas
858 1266 997 1321 Filio
1030 1266 1124 1321 Dei
1153 1266 1221 1322 de
1248 1266 1386 1322 cmlo
1408 1264 1755 1332 descendere,
1782 1279 2000 1321 carnem

403 1373 706 1423 assumere,
758 1370 986 1415 mortem
1018 1359 1188 1425 adire,
1222 1356 1431 1415 inferna
1459 1367 1762 1430 penetrare,
1795 1358 1898 1415 nisi
1945 1367 2002 1419 ut

402 1451 678 1507 hominem
738 1466 896 1521 quem
950 1453 1337 1522 plasmavcrat,
1399 1466 1504 1506 non
1558 1452 1894 1521 permitteret
1945 1451 1998 1507 in

402 1552 577 1599 tnorte
607 1552 866 1615 perpetua
896 1543 1236 1613 derelinqui?
1271 1542 1376 1600 Sed
1405 1551 1459 1598 et
1486 1542 1753 1613 justorum
1784 1542 1999 1619 animae,

401 1652 523 1707 quae
545 1652 713 1706 usque
744 1637 1047 1706 passionem
1081 1636 1196 1706 ejus
1239 1635 1487 1692 infernali
1540 1635 1809 1705 ergastulo
1853 1643 2001 1689 tene-

400 1730 598 1784 bantur
620 1729 865 1799 inclusae,
888 1745 952 1785 eo
976 1730 1222 1784 veniente
1246 1728 1435 1783 laxatae
1460 1735 1601 1784 sunt.
1628 1726 1760 1780 Nam
1786 1726 2001 1781 descen-

2099 545 2343 598 corpore,
2372 541 2431 585 ut
2459 530 2634 597 ipsum
2660 531 2999 601 supplicium,
3035 534 3087 588 in
3122 548 3230 603 quo
3270 534 3512 603 peccavit
3562 538 3684 589 eor-

2100 638 2249 693 pore,
2286 625 2535 690 patiatur.
2563 622 2673 679 Nec
2716 624 2856 680 enim
2888 632 3063 695 potest
3086 624 3344 695 judicium
3390 625 3527 693 ﬁeri,
3578 624 3686 682 nisi

2098 715 2247 785 prius
2272 723 2552 786 resurgant
2580 717 2777 773 mortui
2806 733 2822 773 :
2848 718 2973 788 quia
2999 719 3136 774 sicut
3158 719 3279 775 illos
3322 720 3412 790 qui
3443 718 3686 776 defuncti

2100 816 2226 864 sunt
2254 809 2446 874 sancti,
2481 809 2697 877 coelum,
2733 818 2792 866 ut
2811 809 3097 873 credimus,
3128 810 3340 878 retinet,
3365 810 3434 866 de
3454 824 3685 889 quorum

2100 901 2363 969 sepulcris
2392 902 2587 971 smpius
2616 902 2785 957 virtus
2814 902 2901 957 illa
2933 903 3205 973 procedit,
3237 910 3297 958 ut
3340 902 3407 957 de
3446 903 3529 956 his
3558 901 3686 957 caci

2101 993 2489 1059 illuminentur,
2520 993 2693 1049 claudi
2722 1009 2967 1063 gressum
2996 996 3281 1065 recipiant,
3312 994 3508 1064 leprosi
3531 1009 3688 1049 mun-

2100 1085 2315 1150 dentur,
2346 1093 2401 1142 et
2429 1087 2531 1141 alia
2559 1086 2846 1143 sanitatum
2895 1087 3154 1144 beneﬁcia
3202 1088 3424 1144 inﬁrmis
3452 1087 3689 1154 petenti-

2102 1176 2201 1233 bus
2230 1178 2551 1243 tribuantur,
2601 1179 2674 1234 ita
2722 1178 2991 1235 credimus
3036 1188 3091 1235 et
3141 1190 3445 1250 peccatores
3488 1180 3541 1233 in
3595 1178 3690 1233 illo

2102 1268 2353 1327 infernali
2379 1285 2597 1329 carcere
2627 1286 2792 1343 usque
2817 1273 2882 1328 ad
2899 1272 3157 1343 judicium
3179 1272 3419 1329 retineri.
3450 1272 3519 1328 Et
3537 1284 3689 1342 pres-

2104 1362 2257 1433 byter
2285 1364 2359 1419 ait
2384 1381 2400 1418 :
2430 1364 2486 1420 In
2516 1365 2722 1435 psalmo
2772 1375 2949 1422 autem
3006 1366 3231 1436 legimus
3260 1382 3274 1421 :
3305 1366 3531 1435 Spiritus
3577 1380 3690 1436 pcr-

2104 1455 2307 1510 transiit
2352 1455 2415 1509 ab
2470 1456 2692 1523 homine,
2743 1468 2789 1512 et
2840 1474 2943 1512 non
2997 1460 3127 1524 erit;
3169 1460 3225 1514 et
3270 1474 3371 1512 non
3424 1462 3691 1530 cegnoscet

2104 1548 2325 1617 amplius
2354 1548 2520 1602 locum
2545 1565 2693 1603 suum
2741 1547 2911 1620 (Psal.
2936 1564 3028 1616 cu,
3074 1548 3182 1620 16).
3235 1549 3345 1619 Ego
3388 1544 3497 1603 dixi
3530 1566 3543 1601 :
3577 1547 3691 1603 Hoc

2105 1640 2353 1709 estquod
2381 1641 2495 1710 ipse
2528 1640 2787 1703 Dominus
2831 1658 2929 1713 per
2975 1642 3282 1712 parabolam
3335 1642 3401 1697 ad
3447 1642 3687 1708 divitem,

2106 1730 2194 1799 qui
2226 1730 2454 1786 tlammis
2486 1732 2733 1788 tartareis
2759 1733 3116 1801 cruciabatur,
3146 1734 3358 1789 dicebat
3392 1750 3404 1786 :
3440 1731 3692 1803 Recepisti

402 1822 536 1877 deus
564 1821 631 1876 ad
664 1821 883 1887 inferos,
916 1822 1041 1876 dum
1089 1822 1336 1877 tenebras
1383 1836 1518 1877 nova
1571 1823 1685 1876 luce
1734 1819 1986 1891 perfudit,
2022 1831 2070 1891 Β
2097 1833 2153 1878 tu
2183 1824 2314 1878 bona
2338 1824 2391 1879 in
2406 1824 2510 1878 vita
2538 1833 2649 1893 tua,
2671 1824 2906 1879 similiter
2921 1834 2967 1880 et
2985 1824 3211 1880 Lazarus
3236 1825 3373 1878 mala
3398 1822 3547 1892 (Luc.
3578 1836 3690 1889 va,

401 1915 609 1971 animas
632 1929 817 1972 eorum
842 1930 1047 1981 secum,
1073 1930 1142 1971 ne
1164 1915 1266 1970 hoc
1288 1916 1432 1970 exitu
1453 1914 1683 1984 amplius
1700 1913 1996 1969 cruciaren-

402 2018 508 2077 tur,
542 2010 741 2075 eduxit,
784 2010 934 2080 juxta
982 2008 1136 2077 illud,
1170 2008 1235 2075 Et
1259 2010 1313 2062 in
1333 2010 1567 2078 sepulcro
1593 2009 1704 2074 eius
1732 2018 1997 2077 resurgent

403 2103 610 2157 mortui.
646 2102 714 2157 Et
742 2090 1022 2173 presbyter
1066 2102 1140 2156 ait
1173 2118 1185 2155 :
1215 2100 1462 2171 Nunquid
1506 2108 1727 2170 possunt
1776 2113 1896 2154 ossa
1941 2097 1995 2152 in

402 2183 637 2254 favillam
660 2196 877 2253 redacta
922 2196 1119 2251 iterum
1141 2195 1400 2261 animari,
1434 2204 1486 2250 ct
1509 2193 1782 2249 hominem
1812 2194 1989 2247 viven«

403 2301 509 2346 tem
539 2289 818 2361 proferre?
848 2290 911 2343 lit
942 2302 1041 2358 ego
1090 2285 1342 2357 respondi
1376 2303 1386 2338 :
1413 2286 1521 2342 Nos
1553 2284 1821 2341 credimus
1873 2282 1995 2354 quia

402 2382 697 2454 quamlibet
727 2382 779 2436 in
824 2381 1100 2451 pulverem
1130 2379 1406 2448 redigatur
1432 2376 1619 2445 homo,
1651 2384 1705 2431 et
1732 2375 1904 2445 aquis,
1933 2389 1997 2428 ac

402 2488 559 2535 terras
584 2478 728 2537 venti
762 2476 981 2532 violenti
1004 2476 1210 2545 impetu
1230 2474 1589 2544 dispergatur,
1622 2484 1727 2525 non
1758 2471 1827 2525 sit
1856 2468 1997 2523 ditii-

401 2570 502 2626 cilc
533 2571 642 2629 Deo
664 2569 870 2625 haectad
900 2567 1062 2624 vitam
1089 2565 1415 2623 resuscitari.
1454 2564 1742 2634 Presbyter
1772 2577 1997 2632 respon-

402 2666 505 2722 dit:
522 2663 617 2719 ilic
634 2664 866 2720 maxime
890 2678 987 2718 vos
1009 2676 1188 2719 errare
1212 2669 1358 2731 puto,
1381 2667 1437 2714 ut
1456 2672 1697 2714 asserere
1720 2656 1897 2712 verbis
1920 2656 1997 2712 le.

402 2756 560 2813 nibus
593 2755 810 2812 tentetis
840 2755 1156 2811 acerrimam
1202 2753 1591 2819 seductionem,
1627 2760 1683 2804 ut
1731 2750 1917 2805 dicatis
1963 2762 1995 2804 a

399 2848 585 2905 bestiis
615 2856 855 2918 raptum,
904 2847 1057 2917 aquis
1087 2847 1417 2909 immersum,
1473 2845 1700 2914 piscium
1756 2840 1996 2897 faucibus

401 2942 742 3009 devoratum,
774 2942 830 2997 in
856 2952 1063 2996 Stercus
1094 2938 1392 3004 redactum,
1427 2946 1479 2993 et
1501 2952 1597 3008 per
1625 2945 1889 2991 secretum
1917 2934 1998 2988 di-

401 3034 659 3103 gestionis
690 3032 944 3102 ejectum,
974 3038 1065 3086 aut
1092 3032 1243 3101 aquis
1291 3028 1592 3085 labentibus
1623 3027 1729 3097 [Αἰ.
1778 3028 1994 3082 latenti.

401 3126 521 3200 bus]
554 3110 848 3197 dejectum,
879 3134 969 3181 aut
1009 3132 1151 3180 terra
1202 3132 1667 3195 computrescente
1710 3122 1993 3190 abolitum,

2097 1915 2208 1986 25).
2241 1916 2354 1970 Non
2384 1928 2562 1971 autetn
2593 1916 2845 1986 cognovit
2870 1917 3024 1973 dives
3072 1916 3162 1972 ille
3194 1930 3453 1986 purpuras
3487 1920 3613 1971 suas
3640 1922 3693 1969 et

2096 2008 2340 2079 byssum,
2375 2024 2475 2065 nec
2501 2008 2726 2065 delicias
2774 2009 3036 2076 convivii,
3064 2023 3197 2078 quas
3238 2008 3285 2064 ci
3317 2009 3401 2063 vel
3442 2022 3557 2072 aer,
3606 2006 3693 2062 vel

2099 2111 2261 2169 terra,
2297 2102 2379 2157 vel
2408 2117 2559 2158 mare
2588 2102 2913 2171 protulerat;
2945 2102 3087 2156 sicut
3112 2115 3214 2157 nec
3244 2101 3477 2156 Lazarus
3504 2098 3693 2155 vulne-

2099 2212 2178 2261 ra,
2210 2204 2301 2249 aut
2334 2196 2645 2264 putredines
2674 2208 2808 2265 quas
2834 2193 3021 2262 jaccns
3051 2205 3177 2249 ante
3216 2194 3331 2264 ejus
3353 2194 3546 2263 januas
3573 2207 3692 2262 per-

2098 2284 2335 2347 ferebat.
2366 2300 2487 2340 cum
2519 2285 2608 2340 hic
2650 2287 2703 2340 in
2731 2285 2852 2341 sinu
2904 2284 3131 2341 Abraha:
3175 2285 3558 2355 requiesceret,
3606 2284 3694 2340 illo

2097 2392 2274 2438 autem
2328 2380 2660 2437 cruciaretur
2704 2382 2761 2437 in
2788 2380 3039 2436 ﬂammis.
3098 2380 3386 2450 Presbyter
3427 2377 3561 2434 dixit
3593 2394 3605 2431 :
3634 2379 3692 2434 In

2096 2475 2203 2530 alio
2231 2474 2439 2544 psalmo
2470 2473 2719 2544 legimus,
2752 2473 2887 2541 Quia
2914 2474 3037 2527 exiit
3063 2472 3275 2537 spiritus
3302 2486 3500 2537 eorum,
3538 2480 3583 2525 et
3609 2485 3694 2525 re-

2095 2576 2318 2622 vertetur
2346 2568 2399 2621 in
2429 2577 2616 2622 terram
2642 2581 2813 2631 suam;
2844 2567 2912 2637 in
2962 2565 3057 2621 illa
3105 2566 3191 2620 die
3236 2565 3469 2636 peribunt
3520 2575 3694 2617 omnes

2098 2658 2429 2728 cogitationes
2451 2672 2629 2712 eorum
2653 2656 2830 2728 (Psal.
2852 2670 3012 2723 cxsv,
3038 2654 3119 2727 4).
3142 2654 3225 2711 Ad
3250 2655 3366 2710 htcc
3381 2668 3481 2726 ego
3511 2671 3527 2707 :
3549 2652 3695 2711 Bene

2099 2751 2201 2805 ais.
2236 2750 2371 2817 Quia
2400 2765 2521 2806 cum
2548 2763 2800 2820 egressus
2844 2750 3009 2807 luerit
3034 2748 3103 2805 ab
3128 2748 3345 2804 homine
3373 2748 3613 2818 spiritus,
3642 2753 3695 2803 et

2095 2844 2329 2913 jacuerit
2357 2857 2555 2912 corpus
2584 2850 2887 2909 mortuum,
2920 2858 3023 2898 non
3054 2842 3254 2911 cogitat
3274 2840 3342 2897 de
3368 2840 3450 2896 his
3490 2855 3610 2910 quae
3640 2838 3696 2895 in

2098 2939 2297 2995 mundo
2325 2940 2559 3007 reliquit,
2588 2954 2651 2996 ac
2677 2941 2722 2995 si
2748 2938 2899 2994 verbi
2949 2952 3110 2994 causa
3154 2926 3300 2991 dicas
3332 2953 3347 2993 :
3377 2934 3493 2991 Non
3548 2931 3695 3005 cogi-

2100 3039 2178 3086 tat
2206 3030 2493 3098 aediﬁcarc,
2547 3015 2809 3101 plantare,
2841 3044 3027 3101 agrum
3058 3030 3343 3096 excolere;
3376 3026 3539 3101 500
3586 3040 3696 3081 non

2100 3126 2303 3195 cogitat
2346 3106 2677 3197 congregare
2706 3139 2917 3193 aurum,
2967 3132 3276 3193 argentum,
3324 3124 3410 3179 vel
3459 3122 3693 3191 reliquas

402 3220 466 3275 ad
494 3221 950 3277 resurrectionem
981 3229 1285 3275 venturum.
1314 3219 1396 3274 Ad
1426 3220 1539 3273 haec
1572 3232 1670 3288 ego
1696 3217 1951 3288 respondi
1978 3233 1993 3274 :
2024 3211 2069 3274 C
2100 3216 2312 3273 divitias
2341 3217 2545 3273 mundi.
2581 3216 2749 3273 Periit
2791 3218 2936 3274 enim
2972 3218 3089 3273 hac
3112 3217 3363 3287 cogitatio
3394 3231 3424 3271 a
3468 3229 3696 3286 corpore

401 3311 662 3369 Oblivioni
687 3313 827 3384 apud
848 3320 899 3368 te
924 3310 1172 3368 traditum
1201 3318 1303 3375 cst,
1358 3318 1415 3365 ut
1445 3309 1654 3379 opinor,
1685 3309 1811 3381 quid
1832 3308 1996 3365 Joan-

401 3417 498 3459 nes
523 3404 851 3475 evangelista
881 3418 1042 3473 super
1071 3412 1256 3473 pectus
1285 3399 1619 3456 Dominicum
1650 3401 1993 3467 recumbens,

402 3508 465 3550 ac
500 3494 667 3551 divini
695 3495 941 3567 mysterii
973 3510 1164 3550 arcana
1198 3495 1433 3561 rimans,
1468 3494 1518 3547 in
1551 3493 1874 3565 Apocalypsi
1910 3493 1994 3550 di—

400 3597 527 3645 cat:
562 3588 725 3657 Tunc,
757 3588 951 3659 inquit,
995 3588 1171 3643 reddet
1196 3603 1332 3642 mare
1384 3596 1608 3641 mortuos
1647 3603 1766 3641 suos
1808 3587 1989 3655 (Apoc.

400 3697 492 3749 xx,
523 3680 630 3753 i3).
657 3681 811 3738 Unde
841 3682 1181 3737 manifestum
1204 3688 1307 3745 est,
1340 3680 1460 3750 quia
1491 3678 1746 3749 quidquid
1776 3677 1996 3735 humani

402 3774 645 3845 corporis
672 3775 837 3845 piscis
865 3775 1162 3837 absorbuit,
1194 3774 1308 3829 ales
1338 3773 1534 3842 rapuit,
1569 3774 1740 3829 bestia
1769 3771 1997 3842 degluti-

401 3868 497 3930 vit.
529 3881 560 3922 a
588 3868 817 3925 Domino
848 3867 1192 3933 conjunctum
1238 3868 1291 3922 in
1339 3866 1791 3922 resurrectionem
1840 3878 1996 3935 repa-

400 3961 626 4017 randum
654 3961 758 4016 erit
789 3977 801 4014 :
835 3963 959 4030 quia
990 3974 1096 4016 non
1129 3959 1233 4016 erit
1260 3957 1312 4013 ei
1342 3958 1562 4013 difﬁcile
1587 3956 1794 4026 perdita
1836 3970 1993 4026 repav

400 4067 543 4121 rare,
571 4053 663 4123 qui
688 4067 753 4109 ex
781 4052 946 4107 nihilo
976 4065 1086 4106 non
1116 4058 1240 4105 nata
1268 4050 1474 4105 creavit
1504 4067 1515 4103 :
1550 4049 1643 4104 sed
1678 4048 1749 4103 ita
1782 4046 1899 4103 hazc
1938 4047 1993 4102 in

401 4142 762 4215 integritatem
788 4144 980 4209 solida,
1010 4142 1150 4198 sicut
1175 4140 1321 4210 prius
1349 4142 1580 4210 inerant,
1611 4139 1904 4208 reparabit,
1936 4149 1995 4196 ut

402 4250 595 4306 corpus
614 4236 755 4307 quod
785 4236 881 4293 fuit
911 4237 966 4292 in
989 4235 1207 4301 mundo,
1259 4243 1347 4289 aut
1380 4249 1593 4304 poenam
1623 4237 1774 4304 juxta
1825 4235 1992 4291 meri-

402 4336 512 4384 tum
541 4328 700 4397 ferat,
729 4337 823 4385 aut
864 4328 1112 4399 gloriam.
1147 4328 1236 4384 Sic
1281 4327 1428 4383 enim
1476 4327 1592 4396 ipse
1639 4327 1899 4384 Dominus
1939 4329 1994 4384 in

404 4418 691 4489 Evangelio
718 4420 793 4475 ait
825 4436 837 4473 :
874 4418 1037 4491 4.99
1071 4420 1203 4487 Quia
1245 4416 1419 4473 Filius
1468 4419 1686 4473 hominis
1728 4421 1893 4474 ueniet
1939 4423 1993 4473 in

401 4512 567 4583 gloria
598 4509 773 4567 Patris
802 4515 882 4568 sui
904 4529 1021 4568 cum
1050 4512 1244 4583 angelis
1271 4513 1396 4577 suis,
1438 4519 1490 4564 ut
1516 4512 1696 4566 reddat
1727 4512 1995 4582 unicuique

2098 3322 2334 3379 mortuo,
2387 3311 2513 3383 quia
2544 3326 2650 3367 non
2681 3320 2763 3367 est
2793 3310 3011 3381 spiritus
3041 3312 3094 3364 in
3125 3323 3211 3365 eo.
3246 3308 3350 3365 Sed
3383 3307 3508 3378 quid
3540 3316 3594 3363 tu
3624 3307 3694 3365 de

2098 3403 2499 3460 resurrectione
2529 3403 2764 3470 dubitas,
2794 3417 2951 3473 quam
2974 3400 3173 3457 Paulus
3203 3396 3474 3471 apostolus
3504 3399 3556 3454 in
3586 3414 3695 3471 quo

2093 3495 2231 3567 ipse,
2267 3505 2326 3551 ut
2356 3496 2451 3563 ait,
2484 3494 2730 3552 Christus
2763 3496 3108 3563 loquebatur.
3136 3494 3417 3551 evidenter
3439 3492 3696 3565 exprimit

2095 3591 2279 3647 dicens
2305 3608 2317 3643 :
2347 3589 2645 3661 Consepulti
2672 3589 2805 3643 enim
2833 3604 3011 3644 sumus
3032 3587 3235 3643 Christo
3263 3603 3354 3658 per
3381 3587 3695 3655 baptismum

2094 3685 2148 3739 in
2165 3692 2379 3738 mortem
2396 3699 2414 3738 :
2431 3691 2486 3737 ut
2508 3682 2640 3736 sicut
2670 3681 2757 3736 ille
2784 3688 3016 3735 mortuus
3044 3688 3137 3747 est,
3164 3687 3211 3733 et
3234 3678 3531 3745 resurrexit,
3555 3679 3627 3732 ita
3646 3686 3695 3733 et

2097 3793 2190 3831 nos
2209 3777 2262 3830 in
2291 3776 2509 3829 novitate
2526 3776 2640 3829 vita:
2661 3773 3167 3842 ambulemus(Rom.
3185 3788 3256 3837 vt,
3276 3772 3353 3841 4).
3383 3769 3451 3826 Et
3468 3770 3691 3826 iterum:

2101 3868 2287 3922 Omnes
2298 3866 2501 3931 quidem
2513 3880 2856 3936 resurgemus,
2872 3866 2961 3920 sed
2979 3879 3082 3918 non
3106 3880 3277 3919 omnes
3291 3862 3690 3918 immutabimur.

2098 3956 2259 4013 Canet
2288 3975 2423 4013 enim
2454 3966 2594 4026 tuba,
2619 3967 2665 4014 et
2695 3959 2884 4013 mortui
2906 3968 3169 4028 resurgant
3194 3957 3497 4026 incorrupti,
3526 3963 3573 4010 et
3600 3970 3694 4010 nos

2096 4052 2477 4106 immutabimur
2508 4051 2556 4122 (Ι
2583 4050 2704 4108 Cor.
2733 4049 2947 4121 xv,51).
2976 4051 3041 4105 Et
3068 4053 3261 4105 iterum
3289 4067 3301 4103 :
3338 4048 3505 4103 Stella
3526 4047 3693 4102 autem

2096 4143 2268 4207 ditfert
2299 4160 2331 4198 a
2358 4142 2507 4199 stella
2528 4146 2583 4199 in
2612 4144 2863 4214 claritate,
2883 4143 2956 4198 sic
2973 4152 3020 4197 et
3042 4142 3344 4199 resurrectio
3370 4150 3693 4197 mortuorum

2097 4233 2265 4305 (Ibid.
2298 4250 2388 4301 xv,
2412 4233 2527 4304 Μ).
2572 4234 2703 4291 Item
2748 4234 2877 4305 illic,
2902 4234 3200 4289 Seminatur
3239 4233 3294 4287 in
3346 4226 3692 4304 corruptione,

2096 4336 2270 4398 surget
2326 4328 2378 4381 in
2414 4328 2800 4397 incorruptione
2860 4326 3022 4399 (Ibid.
3072 4342 3164 4395 xv,
3196 4324 3313 4399 4:2),
3364 4334 3419 4383 et
3464 4326 3690 4397 reliqua.

2098 4422 2227 4477 ltem
2258 4422 2383 4489 illic,
2417 4421 2606 4477 Omnes
2628 4437 2721 4477 nos
2741 4421 3097 4491 reprtesentari
3119 4427 3315 4488 oportet
3331 4425 3451 4474 ante
3472 4418 3694 4474 tribunal

2096 4515 2308 4583 Christi,
2342 4524 2395 4570 ut
2443 4520 2635 4587 referat
2662 4518 3008 4587 unusquisque
3050 4517 3261 4585 propria
3310 4516 3541 4586 corporis
3590 4512 3691 4584 sui,

400 4607 677 4661 secundum
703 4622 855 4677 Opera
881 4623 975 4661 sua
1000 4605 1223 4677 (Matth.
1252 4603 1463 4676 “5327
1478 4604 1518 4675 ).
1552 4603 1655 4660 Sed
1687 4615 1742 4660 et
1786 4605 1991 4661 Martha
2020 4595 2076 4658 Ι)
2100 4617 2253 4680 prout
2293 4610 2470 4681 gessit,
2502 4609 2605 4664 sive
2643 4608 2830 4664 bonum
2856 4610 2959 4664 sive
3004 4610 3199 4664 malum
3224 4608 3310 4681 (II
3340 4608 3459 4663 Cor.
3493 4623 3544 4672 v,
3582 4606 3691 4677 10).

401 4717 522 4757 cum
550 4703 617 4758 dc
643 4701 1039 4758 resurrectione
1072 4701 1321 4769 praesenti
1344 4699 1524 4755 fratris
1564 4699 1749 4755 Lazari
1774 4700 1991 4757 dubita-

399 4804 502 4862 ret,
527 4795 602 4850 ait
631 4811 644 4849 :
677 4794 799 4850 Scio
819 4794 941 4864 quia
972 4802 1199 4863 resurget
1224 4793 1277 4845 in
1314 4793 1683 4848 resurrectione
1731 4793 1786 4847 in
1826 4792 1994 4848 novis-

400 4887 529 4941 sima
551 4887 632 4942 die
653 4884 834 4956 (Joan.
864 4901 940 4956 XI,
966 4885 1083 4957 24).
1108 4884 1490 4940 Cui~Dominus
1513 4885 1587 4939 ait
1613 4902 1625 4937 :
1650 4884 1766 4953 Ego
1788 4901 1901 4939 sum
1913 4900 1997 4941 re-

400 4983 663 5049 surrectio,
692 4984 795 5050 via,
818 4988 1002 5035 veritas
1056 4990 1103 5037 et
1133 4981 1237 5035 vita
1268 4979 1430 5050 (Ibid.
1462 4994 1537 5047 xt,
1743 4978 1825 5034 Ad
1881 4979 1996 5034 haec

403 5075 683 5146 presbyter
716 5092 731 5130 :
759 5072 1040 5142 Quomodo
1069 5080 1248 5128 autem
1279 5071 1332 5127 in
1362 5071 1566 5142 psalmo
1593 5070 1824 5137 dicitur,
1861 5071 1996 5137 Quia

400 5186 503 5224 non
540 5176 816 5240 resurgunt
845 5166 993 5236 impii
1027 5166 1081 5220 in
1118 5166 1318 5236 judicio
1363 5164 1534 5236 (Psal.
1569 5181 1605 5232 ι,
1641 5164 1735 5232 5)?
1783 5164 1849 5218 Et
1895 5178 1995 5233 ego

400 5261 655 5332 respondi
684 5278 698 5315 :
728 5259 844 5315 Non
871 5266 1158 5331 resurgunt
1186 5265 1239 5310 ut
1268 5256 1532 5325 judicent,
1585 5254 1677 5310 sed
1708 5264 2000 5325 resurgunt

402 5360 459 5409 ut
484 5351 813 5421 iudicentur.
840 5350 949 5407 Nec
969 5350 1113 5405 enim
1145 5348 1335 5404 sedere
1357 5362 1477 5403 cum
1510 5347 1686 5417 impiis
1704 5346 1868 5418 judex
1897 5362 1996 5417 po-

406 5453 528 5512 test,
560 5458 753 5501 causas
780 5459 1003 5505 suorum
1032 5441 1338 5500 redditurus
1366 5447 1601 5497 actuum.
1633 5440 1700 5495 Et
1726 5440 1817 5496 ille
1845 5457 1858 5491 :
1892 5441 1996 5495 Do-

402 5543 601 5607 minus,
628 5541 824 5611 inquit,
856 5542 908 5595 in
939 5538 1228 5610 Evangelia
1250 5537 1404 5603 dixit,
1440 5536 1540 5603 Qui
1567 5552 1668 5590 non
1696 5535 1990 5603 crediderit,

405 5636 509 5703 iam
525 5633 793 5706 judicatus
825 5641 894 5687 est
924 5632 1104 5703 (Joan.
1133 5630 1330 5702 111,48)
1358 5648 1371 5687 :
1404 5629 1586 5700 utique
1628 5629 1753 5699 quia
1799 5628 1998 5697 peribit

404 5725 811 5793 resurrectioni.
842 5723 911 5790 Et
956 5739 1056 5794 ego
1102 5725 1352 5794 respondi
1385 5740 1402 5780 :
1431 5722 1714 5779 Judicatus
1743 5732 1823 5777 est
1852 5726 1997 5780 enim

404 5829 462 5883 ιει
491 5817 559 5878 ad
588 5816 909 5891 supplicium
932 5824 1192 5889 attentum
1214 5817 1512 5889 perveniat,
1539 5816 1662 5889 quia
1682 5829 1791 5874 non
1820 5814 1997 5874 credi-

2097 4701 2178 4759 Ad
2233 4702 2739 4759 Thessalonicenses
2767 4712 2966 4769 autem,
3013 4701 3410 4757 evidentissima
3457 4697 3690 4754 futuram

2097 4798 2547 4852 resurrectionem
2594 4795 2838 4864 designat
2876 4794 3061 4850 dicens
3092 4809 3107 4847 :
3133 4792 3274 4848 Nolo
3320 4806 3405 4847 vos
3455 4791 3693 4861 ignorare

2100 4888 2163 4944 de
2197 4889 2588 4957 dormientibus,
2621 4899 2675 4942 ut
2704 4904 2802 4943 non
2826 4887 3219 4954 contristemini,
3264 4886 3400 4940 sicut
3437 4892 3487 4938 et
3522 4883 3692 4938 cteteri

2098 4984 2187 5050 qui
2217 4997 2355 5047 spem
2389 4998 2489 5036 non
2516 4980 2720 5035 habent.
2768 4981 2830 5036 Si
2857 4982 2991 5035 enim
3039 4979 3314 5048 credimus,
3361 4975 3502 5048 quod
3538 4974 3692 5032 Iesus

2099 5080 2334 5127 mortuus
2364 5082 2437 5128 est
2465 5082 2515 5127 et
2536 5074 2835 5141 resurrexit,
2864 5075 2936 5126 ita
2958 5072 3098 5126 Deus
3138 5086 3221 5125 eos
3250 5070 3337 5141 qui
3375 5069 3693 5125 dormierunt

2099 5182 2187 5237 per
2206 5162 2383 5219 Iesum
2404 5166 2623 5218 adducet
2652 5180 2767 5218 cum
2795 5180 2876 5219 eo.
2911 5162 3027 5218 Hoc
3052 5164 3187 5218 enim
3214 5163 3357 5237 vobis
3391 5162 3612 5219 dicimus
3636 5161 3692 5221 in

2096 5254 2245 5309 verbo
2275 5253 2505 5321 Domini,
2529 5255 2649 5325 quia
2677 5270 2770 5310 nos
2794 5255 2880 5325 qui
2906 5254 3139 5321 vivimus,
3164 5254 3252 5325 qui
3271 5252 3466 5308 residui
3491 5267 3689 5322 sumus,
3744 5248 3748 5251 ’

2098 5348 2152 5402 in
2180 5348 2400 5402 adventu
2431 5335 2641 5402 Domini
2671 5364 2775 5403 non
2817 5348 3179 5419 preveniemus
3220 5363 3305 5402 eos
3332 5347 3420 5418 qui
3468 5346 3692 5403 dormie—

2100 5452 2240 5497 runt.
2272 5442 2531 5508 Quoniam
2555 5443 2664 5513 ipse
2693 5443 2945 5498 Dominus
2986 5443 3041 5497 in
3076 5445 3229 5516 jussu
3270 5450 3320 5497 et
3359 5443 3414 5497 in
3442 5455 3561 5497 voce
3601 5455 3690 5494 aro

2100 5535 2354 5609 chgngeli,
2381 5544 2426 5607 et
2456 5536 2507 5589 in
2539 5537 2659 5589 tuba
2688 5535 2786 5590 Dei
2829 5535 3093 5591 descendet
3131 5536 3193 5592 de
3225 5534 3371 5604 caelo,
3416 5545 3467 5591 et
3505 5532 3692 5588 mortui

2101 5629 2187 5697 qui
2225 5630 2277 5680 in
2308 5625 2511 5682 Christo
2554 5636 2670 5680 sunt
2700 5638 2961 5699 resurgent
3010 5630 3164 5696 primi
3191 5645 3224 5687 :.
3240 5628 3425 5683 deinde
3465 5642 3558 5682 nos
3604 5624 3693 5694 qui

2099 5720 2331 5785 uiuimus,
2363 5720 2450 5785 qui
2483 5719 2839 5789 relinquimur,
2873 5722 3028 5777 simul
3067 5723 3325 5795 rapiemur
3359 5737 3475 5775 cum
3504 5719 3609 5774 illis
3637 5721 3693 5774 in

2102 5811 2318 5873 nubibus
2341 5812 2538 5871 obviam
2569 5812 2793 5871 Domino
2814 5814 2869 5871 in
2896 5831 3043 5883 aera,
3066 5824 3112 5875 et
3140 5815 3213 5873 sic
3234 5829 3433 5878 semper
3449 5826 3567 5871 cum
3586 5806 3692 5868 D06
