4096 6344
367 371 473 428 645
1265 371 1584 434 HISTORIA
1626 373 2079 436 FRANCORUM.
2118 373 2332 435 LIBER
2368 375 2690 440 DECIMUS.
3547 392 3654 454 546

361 503 557 558 cuppa,
587 500 705 560 quae
733 486 861 544 olim
888 486 1007 560 pice
1036 486 1190 544 linita
1218 488 1359 546 sicca
1392 500 1749 558 remanserat,
1775 493 1948 562 ignem
1979 491 2034 555 Î”
2056 490 2234 546 ctione
2262 501 2556 564 prematur.
2593 495 2696 550 Pro
2727 495 2826 553 hac
2853 511 3014 556 causa
3042 499 3282 560 Macconi
3302 548 3320 576 ,
3351 510 3479 563 tunc
3503 514 3650 564 tein-

361 583 606 654 injiciunt
626 623 640 649 ,
674 583 916 652 factaque
943 582 1111 650 pharo
1142 598 1330 652 magna
1367 583 1436 639 de
1477 584 1634 653 hujus
1676 585 1944 652 incendio,
2055 585 2201 654 poris
2229 586 2438 650 comiti,
2465 593 2671 656 prolata
2704 604 2992 664 praeceptio
3021 605 3128 665 est,
3159 599 3212 654 in
3238 615 3340 671 qua
3361 601 3650 669 jubebatur

360 687 611 734 cunctam
661 675 972 729 monasterii
1020 676 1406 743 supellectilem
1475 687 1796 746 rapuerunt,
1849 680 1950 732 hoc
2053 686 2110 731 ut
2159 677 2295 732 hanc
2338 678 2682 751 seditionem,
2715 687 2759 740 si
2810 689 3142 753 resisterent,
3196 693 3245 748 vi
3289 697 3642 765 opprimeret.

361 777 569 824 tantum
602 770 744 838 quod
786 766 928 822 ferre
974 783 1078 822 non
1113 778 1358 835 poterant
1389 767 1773 838 relinquentes.
1821 769 1949 825 Haec
2052 767 2179 824 Ilaec
2226 770 2450 826 audiens
2496 773 2856 844 Chrodieldis,
2899 781 3120 840 sicarios
3166 784 3299 843 istos
3328 800 3448 842 cum
3477 789 3644 844 armis

357 870 539 915 autem
568 867 716 926 gesta
755 867 881 913 sunt
905 864 1030 914 ante
1060 867 1266 926 septem
1297 857 1411 913 dies
1439 857 1675 913 Paschae.
1707 857 1948 928 Cumque

357 954 650 1022 episcopus
699 951 815 1006 hanc
861 951 1040 1005 omnia
1088 952 1324 1020 graviter
1368 953 1554 1018 ferret,
1597 968 1697 1008 nec
1746 955 1947 1009 valeret

353 1045 675 1104 seditionem
689 1042 1009 1098 diabolicam
1029 1042 1293 1111 mitigare,
1308 1043 1447 1098 misit
1465 1043 1530 1098 ad
1544 1043 1941 1112 Chrodieldem,

355 1138 578 1194 dicens:
604 1135 866 1206 Relinque
894 1134 1244 1199 abbatissam,
1269 1145 1326 1189 ut
1354 1134 1407 1190 in
1431 1135 1513 1188 his
1537 1133 1727 1190 diebus
1759 1137 1812 1189 in
1843 1135 1944 1190 hoc

351 1242 574 1286 carcere
595 1243 699 1282 non
723 1228 1016 1282 retineatur
1039 1243 1054 1280 :
1079 1226 1277 1297 alioqui
1301 1241 1406 1282 non
1429 1227 1712 1282 celebrabo
1738 1227 1942 1283 Pascha

352 1322 588 1389 Domini,
610 1337 780 1393 neque
808 1321 1131 1389 baptismum
1159 1321 1213 1375 in
1239 1320 1338 1376 hac
1366 1321 1500 1376 urbe
1530 1313 1671 1383 nios
1691 1320 1943 1376 catechu-

349 1430 544 1472 menus
575 1414 862 1480 obtinebit,
883 1414 986 1469 nisi
1009 1413 1281 1470 abbatissa
1306 1429 1337 1468 a
1365 1411 1576 1468 vinculo
1598 1428 1704 1481 quo
1733 1421 1942 1469 tenetur

346 1509 600 1580 jubeatur
622 1505 853 1563 absolvi.
894 1507 1047 1574 Quod
1076 1508 1122 1561 si
1155 1521 1254 1562 nec
1281 1506 1363 1562 sic
1404 1506 1682 1561 volueritis
1711 1505 1936 1576 absolvi,

281 1656 286 1663 ,
347 1599 590 1656 collectis
618 1599 824 1653 civibus
856 1598 1094 1652 auferam
1139 1613 1280 1652 eam.
1330 1597 1456 1652 Haec
1480 1612 1545 1653 eo
1572 1596 1806 1662 dicente,
1831 1605 1942 1650 sta-

345 1691 445 1746 tim
494 1688 835 1746 Chrodieldis
897 1704 1267 1757 percussores-
1297 1687 1518 1758 deputat
1548 1728 1563 1753 ,
1603 1689 1789 1743 dicens
1830 1706 1846 1744 :
1881 1688 1938 1744 Si

348 1795 471 1836 eam
547 1779 811 1834 violenter
885 1781 1005 1849 quis
1078 1779 1293 1834 auferre
1371 1780 1698 1845 tentaverit,
1755 1779 1936 1834 statim

2048 871 2174 915 ante
2223 864 2420 917 ostium
2470 869 2691 924 oratorii
2730 881 2908 928 astare
2939 873 3115 944 jubet,
3145 885 3203 932 ut
3241 879 3448 936 scilicet
3476 897 3638 950 repu-

2046 963 2272 1024 gnantes
2299 965 2483 1011 contra
2509 957 2768 1027 judicem,
2792 963 2837 1018 si
2859 965 2966 1019 vim
2999 970 3159 1024 vellet
3187 969 3409 1037 inferre,
3437 975 3638 1042 pariter

2047 1045 2397 1103 resultarent.
2435 1049 2587 1106 Unde
2625 1057 2989 1112 necessarium
3018 1058 3119 1114 fuit
3149 1061 3270 1117 huic
3299 1064 3481 1118 comiti
3513 1064 3638 1121 illuc

2046 1151 2166 1192 cum
2209 1139 2375 1196 armis
2421 1144 2734 1211 procedere,
2764 1156 2818 1203 et
2863 1151 3122 1219 quosdam
3171 1167 3340 1210 casos
3370 1156 3636 1224 vectibus,

2043 1231 2331 1288 nonnullos
2360 1233 2478 1289 telis
2508 1237 2793 1292 transfixos
2812 1279 2829 1306 ,
2856 1250 2911 1296 et
2958 1242 3136 1298 acrius
3178 1247 3496 1301 resultantes
3521 1248 3637 1316 gla-

2043 1323 2252 1379 diorum
2283 1325 2487 1382 ictibus
2517 1328 2740 1386 all'ectos
2769 1332 3101 1403 opprimere.
3132 1335 3285 1403 Quod
3313 1351 3433 1392 cum
3464 1338 3637 1395 Chro-

2041 1414 2236 1471 dieldis
2293 1429 2579 1483 cerneret.
2625 1432 2842 1494 accepta
2907 1441 3070 1482 cruce
3123 1429 3430 1494 Dominica,
3480 1445 3636 1502 cujus

2041 1505 2190 1575 prius
2232 1509 2479 1566 virtutem
2506 1512 2844 1584 despexerat,
2879 1519 2930 1573 in
2977 1519 3192 1575 obviam
3241 1523 3512 1592 egreditur
3552 1526 3636 1582 di-

2040 1611 2167 1653 cens
2191 1617 2204 1652 :
2233 1600 2410 1657 Nolite
2435 1619 2597 1674 super
2620 1623 2727 1672 me,
2754 1625 2961 1678 quaeso,
2990 1614 3096 1667 vim
3126 1613 3344 1681 inferre,
3368 1633 3488 1687 qua:
3512 1635 3628 1675 sum

2037 1693 2249 1760 regine,
2307 1693 2413 1750 lilia
2464 1697 2640 1767 regis,
2688 1701 2934 1772 regisque
2990 1704 3214 1762 alterius
3264 1710 3626 1781 consobrina;

2038 1781 2202 1838 nolite
2223 1784 2418 1851 facere,
2447 1790 2730 1857 nequando
2757 1794 2934 1849 veniat
2964 1795 3124 1868 505
3156 1808 3388 1870 tempus,
3414 1813 3467 1857 ut
3497 1805 3629 1860 ulci-

345 1889 465 1930 eam
526 1873 703 1942 gladio
754 1874 1039 1943 percutite.
1109 1871 1296 1926 Adfuit
1352 1883 1532 1927 autem
1586 1872 1777 1928 diebus
1825 1872 1932 1928 illis
1961 1893 2010 1956 B
2036 1886 2157 1928 scar
2202 1890 2270 1931 ex
2297 1879 2468 1934 vobis.
2503 1881 2610 1936 Sed
2641 1885 2829 1954 vulgus
2875 1890 3264 1959 parvipendeos
3303 1909 3424 1965 quae
3465 1896 3535 1950 ab
3562 1911 3625 1953 ea

344 1967 635 2022 Flavianus
681 1980 852 2035 nuper
899 1965 1231 2020 domesticus
1281 1965 1592 2032 ordinatus,
1637 1965 1792 2036 cujus
1830 1982 1933 2034 ope

342 2057 612 2114 abbatissa
639 2058 810 2113 sancti
844 2055 1028 2111 Hilarii
1062 2055 1305 2125 ingressa
1347 2055 1621 2111 basilicam
1650 2057 1933 2112 abscondi-

343 2159 430 2206 tur
459 2149 590 2222 [Sic
619 2149 768 2212 Bec.;
799 2150 872 2203 al.
902 2148 1262 2220 absolvitur].
1310 2150 1455 2206 Inter
1501 2150 1615 2206 bene
1641 2149 1709 2205 ad
1753 2150 1935 2220 sepul-

341 2258 493 2300 crum
523 2252 723 2298 sanctze
753 2241 1094 2310 Radegundis
1123 2239 1409 2296 homicidia
1455 2252 1849 2312 perpetrantur,
1878 2249 1934 2297 et

339 2342 468 2389 ante
493 2332 664 2404 ipsam
706 2333 879 2388 beata:
908 2332 1096 2388 Crucis
1125 2347 1303 2388 arcam
1334 2332 1546 2401 quidam
1577 2348 1675 2402 per
1712 2332 1933 2389 seditio-

338 2440 466 2482 nem
495 2426 723 2480 truncati
753 2433 897 2478 sunt.
929 2422 1174 2493 Cumque
1202 2423 1290 2478 hic
1335 2422 1486 2478 furor
1514 2426 1930 2494 superveniente

337 2518 427 2574 die
451 2533 546 2586 per
579 2516 912 2572 Chrodieldis
938 2517 1242 2586 superbiam
1273 2525 1580 2585 angeretur,
1615 2525 1668 2571 et
1699 2517 1929 2573 assiduae

336 2608 514 2666 catdes
543 2617 598 2665 et
623 2609 844 2678 reliquas
869 2610 1058 2678 plagae,
1085 2623 1216 2677 quas
1242 2622 1402 2677 supra
1428 2609 1866 2675 memoravimus,
1898 2622 1929 2663 a

333 2701 698 2759 seditionariis
729 2709 1167 2771 perpetrarentur
1190 2740 1207 2766 ,
1237 2708 1395 2769 atque
1438 2701 1507 2754 ita
1535 2700 1650 2755 haec
1670 2700 1929 2770 jactantia

333 2793 624 2848 tumuisset
651 2803 705 2847 ut
745 2791 1119 2847 consobrinam
1151 2806 1301 2846 suam
1339 2791 1584 2846 Basinam
1627 2792 1806 2846 altiori
1837 2807 1926 2846 co-

334 2881 534 2937 thurno
581 2881 917 2951 despiceret,
968 2880 1056 2934 illa
1109 2882 1480 2951 paenitentiam
1530 2897 1692 2952 agere
1737 2883 1920 2952 cmpit,

334 2973 557 3029 dicens:
584 2973 771 3027 Erravi
801 2972 1075 3042 sequendo
1123 2971 1457 3028 Chrodieldis
1493 2972 1838 3044 jactantiam;
1871 2983 1926 3028 et

334 3082 462 3125 ecce
512 3067 786 3136 despectui
833 3065 1033 3120 habeor
1062 3067 1128 3120 ab
1154 3066 1364 3133 eadem,
1394 3076 1448 3121 et
1475 3067 1760 3120 abbatissae
1791 3080 1925 3120 meae

335 3160 619 3215 centumax
658 3159 852 3212 existo.
902 3157 965 3210 Et
996 3156 1158 3229 505.
1202 3171 1494 3220 conversa,
1531 3156 1825 3210 humiliavit
1865 3169 1925 3211 se

2038 1965 2372 2031 dicebantur.
2407 1970 2640 2034 irruens.
2674 1983 2731 2028 ut
2757 1974 3013 2043 diximus,
3044 1995 3204 2049 supra
3235 1985 3334 2036 hos
3360 1985 3624 2040 resultan-

2039 2068 2119 2115 tes
2147 2101 2162 2127 ,
2188 2064 2399 2119 vinctos
2437 2070 2763 2125 monasterio
2800 2081 3177 2141 extraxerunt,
3208 2091 3271 2133 ac
3309 2079 3378 2135 ad
3423 2080 3631 2152 stipites

2036 2164 2308 2221 extensos,
2338 2160 2656 2228 gravissime
2703 2177 2892 2233 cassos,
2921 2167 3043 2221 aliis
3086 2170 3330 2236 casarie,
3363 2172 3484 2229 aliis
3513 2190 3627 2229 ma-

2036 2251 2216 2320 nibus,
2252 2255 2524 2311 nonnullis
2572 2258 2788 2314 auribus
2819 2261 3145 2334 naribusque
3190 2264 3410 2334 decisis,
3436 2268 3629 2324 seditio

2035 2342 2290 2414 depressa
2333 2350 2554 2416 quievit.
2583 2350 2734 2407 Tunc
2761 2353 3118 2411 residentibus
3142 2358 3510 2416 sacerdotibus
3539 2360 3627 2430 qui

2033 2438 2261 2494 aderant
2307 2455 2466 2508 super
2513 2443 2742 2499 tribunal
2776 2445 3053 2515 Ecclesiae,
3082 2449 3251 2507 adfuit
3281 2451 3625 2511 Chrodieldis

2034 2531 2199 2588 multa
2223 2532 2275 2586 in
2302 2533 2623 2589 abbatissam
2647 2536 2856 2606 jactans
2878 2538 3122 2594 convicia
3147 2555 3265 2596 cum
3283 2541 3624 2612 criminibus,

2032 2637 2281 2679 asserens
2314 2639 2429 2679 eam
2459 2626 2634 2681 virum
2669 2628 2865 2684 habere
2892 2631 2947 2684 in
2974 2634 3324 2700 monasterio,
3348 2636 3439 2706 qui
3467 2637 3622 2693 indu-

2035 2728 2118 2772 tus
2149 2720 2462 2775 vestimenta
2484 2723 2786 2791 muliebria,
2813 2739 2908 2794 pro
2937 2724 3133 2781 femina
3165 2727 3474 2797 haberetur,
3497 2746 3620 2787 cum

2031 2818 2177 2864 esset
2207 2809 2287 2864 vir
2316 2811 2754 2868 manifestissime
2780 2814 3104 2882 declaratus,
3132 2827 3291 2886 atque
3330 2819 3430 2887 ipsi
3459 2819 3624 2874 abba-

2032 2902 2177 2955 tissae
2219 2901 2564 2957 famularetur
2594 2904 2844 2972 assidue,
2876 2907 3115 2962 indicans
3161 2923 3285 2963 eum
3315 2909 3518 2976 digito:
3545 2911 3621 2966 En

2031 2992 2225 3062 ipsum.
2254 2993 2352 3061 Qui
2378 3009 2496 3048 cum
2524 2994 2574 3048 in
2605 3004 2774 3058 veste,
2801 3003 2859 3049 ut
2879 2996 3132 3065 diximus,
3160 2997 3409 3053 muliebri
3436 3015 3619 3056 coram

2030 3085 2278 3138 omnibus
2307 3085 2598 3152 astitisset,
2631 3085 2764 3140 dixit
2791 3101 2850 3142 se
2881 3088 3081 3142 nullum
3113 3103 3247 3157 opus
3276 3103 3434 3159 posse
3459 3091 3620 3147 virile

2029 3191 2213 3245 agere,
2237 3177 2463 3246 ideoque
2491 3178 2590 3232 sibi
2620 3178 2722 3236 hoc
2774 3181 3142 3238 indumentum
3173 3193 3418 3253 aptasse;
3453 3186 3620 3242 abba-

333 3264 516 3307 coratn
562 3248 850 3311 abbatissa.
881 3263 1139 3315 Î¸ÎºÏÎ¸Î¹Î¸Î·Îµ
1173 3263 1356 3315 Pacem
1404 3248 1551 3316 eius;
1599 3244 1922 3316 merumque
1951 3282 1998 3347 Ï
2031 3244 2210 3320 lissam
2235 3282 2364 3322 vero
2394 3270 2604 3325 nonnisi
2629 3280 2835 3325 tantum
2861 3272 3080 3328 nomine
3106 3289 3286 3340 nosse,
3310 3291 3475 3346 seque
3497 3292 3618 3334 eam

333 3341 533 3412 pariter
561 3357 668 3395 uno
697 3340 873 3395 animo
899 3339 1191 3408 eademque
1219 3339 1511 3394 voluntate.
1541 3340 1776 3409 Denique
1804 3349 1923 3395 orto

335 3432 612 3495 seandalo,
645 3431 794 3500 pueri
845 3430 935 3500 qui
983 3446 1102 3483 cum
1130 3430 1398 3485 abbatissa
1430 3442 1601 3494 erant,
1632 3431 1758 3483 dum
1784 3431 1925 3485 sedia

335 3525 466 3581 tioni
497 3540 654 3595 quam
693 3524 1031 3580 Chrodieldis
1061 3523 1240 3577 schola
1300 3521 1563 3595 [cretus]
1611 3524 1921 3592 commovit,

333 3617 671 3679 resisterent,
699 3631 921 3685 puerum
949 3615 1154 3668 Basinze
1184 3618 1509 3683 percutiunt,
1532 3615 1622 3684 qui
1652 3616 1846 3669 cecidit
1870 3624 1925 3670 et

332 3718 578 3763 mortuus
627 3719 730 3760 est.
789 3708 860 3762 At
903 3707 976 3761 illi
1026 3714 1148 3776 post
1195 3706 1521 3761 abbatissam
1551 3707 1615 3760 ad
1648 3705 1919 3762 basilicam

332 3799 653 3857 confessoris
694 3798 1026 3868 confugiunt,
1063 3809 1116 3852 et
1145 3799 1214 3851 ob
1260 3799 1361 3854 hoc
1395 3799 1582 3853 Basina
1615 3801 1798 3855 relicta
1829 3800 1924 3853 ab-

331 3891 526 3948 batissa
551 3891 824 3955 discessit;
857 3890 949 3944 sed
979 3891 1156 3960 pueris
1181 3891 1373 3945 iterum
1405 3907 1502 3960 per
1529 3893 1706 3962 fugam
1734 3893 1919 3962 lapsis,

331 3981 383 4038 in
414 3997 544 4051 pace
564 3998 721 4052 quam
747 3982 892 4051 prius
920 3985 1216 4038 habuerant
1245 3983 1541 4037 redierunt.
1573 3985 1759 4039 Postea
1794 4000 1921 4041 vero

331 4074 514 4127 multae
563 4073 705 4126 inter
749 4073 842 4125 has
885 4073 1098 4128 scholas
1131 4073 1422 4128 inimicitia:
1453 4084 1585 4128 orta:
1615 4085 1758 4128 sunt.
1792 4074 1921 4142 Quis

331 4179 564 4233 unquam
616 4171 791 4217 tantas
840 4164 1022 4234 plagas
1068 4173 1350 4233 tantasque
1403 4173 1631 4234 strages,
1664 4165 1745 4217 vel
1776 4174 1920 4221 tanta

329 4254 470 4312 mula
500 4253 676 4308 verbis
719 4255 910 4322 poterit
962 4253 1254 4322 explicare,
1281 4253 1371 4307 ubi
1402 4254 1490 4307 vix
1524 4255 1778 4323 praeteriit
1806 4254 1919 4310 dies

329 4351 449 4406 sine
498 4349 823 4411 homicidio,
856 4348 986 4402 hora
1042 4347 1158 4402 sine
1206 4349 1414 4419 jurgio,
1445 4350 1528 4403 vel
1589 4362 1920 4407 momentum

329 4445 544 4514 aliquod
577 4445 692 4498 sine
739 4444 895 4498 netu!
932 4444 1053 4498 llaec
1083 4454 1258 4497 autem
1306 4443 1680 4498 Childebertus
1711 4460 1801 4499 rex
1834 4461 1918 4499 au-

329 4540 506 4606 diens,
535 4536 854 4605 legationem
895 4535 960 4588 ad
1002 4533 1459 4589 Guntchramnutn
1491 4551 1669 4603 regem
1699 4536 1917 4603 direxnt,

2030 3373 2300 3426 nunquam
2325 3359 2548 3426 vidisse,
2581 3377 2755 3432 neque
2783 3378 2904 3418 cum
2939 3365 3127 3420 eadem
3158 3367 3482 3438 colloquium
3515 3369 3615 3424 ba-

2026 3448 2208 3503 buisse
2256 3453 2530 3518 professus
2578 3462 2695 3520 est,
2745 3455 3039 3522 praesertim
3086 3470 3206 3511 cum
3255 3457 3341 3513 hic
3393 3461 3619 3530 amplius

2028 3557 2183 3611 quam
2213 3545 2562 3615 quadraginta
2592 3547 2659 3600 ab
2689 3546 2820 3601 urbe
2853 3545 3064 3602 Pictava
3110 3549 3346 3606 millibus
3374 3550 3618 3619 degeret.

2027 3631 2190 3701 Igitur
2223 3633 2547 3689 abbatissam
2593 3635 2661 3690 de
2710 3639 2812 3691 isto
2853 3639 3079 3694 crimine
3122 3656 3228 3694 non
3268 3640 3614 3710 convincens,

2025 3723 2219 3792 adjecit
2246 3742 2257 3776 :
2287 3725 2414 3793 Quae
2460 3727 2601 3781 enim
2633 3731 2888 3784 sanctitas
2917 3729 2970 3782 in
3006 3732 3104 3786 hac
3134 3732 3405 3786 abbatissa
3432 3748 3616 3790 versa-

2027 3822 2132 3884 tur,
2163 3831 2285 3883 qoae
2335 3816 2479 3871 viros
2525 3818 2800 3873 eunuchos
2835 3816 3004 3884 facit,
3037 3829 3091 3874 et
3137 3835 3321 3876 secum
3372 3822 3617 3880 habitare

2026 3907 2287 3975 imperiali
2320 3917 2342 3946 Î¿
2376 3907 2568 3964 ordine
2617 3911 2897 3981 praecipit?
2945 3911 3276 3980 Interrogata
3320 3915 3615 3984 abbatissa,

2025 4013 2086 4053 se
2112 3999 2178 4054 de
2219 3999 2316 4052 hac
2342 3999 2551 4056 ratione
2582 4001 2717 4055 nihil
2746 4003 2885 4058 scire
2917 4004 3214 4070 respondit.
3256 4007 3462 4062 Interea
3489 4023 3611 4064 cum
3697 4019 3699 4021 '

2025 4087 2141 4142 haec
2171 4103 2362 4143 nomen
2397 4089 2547 4159 pueri
2574 4091 2808 4146 eunuchi
2850 4093 3174 4160 protulisset,
3208 4096 3375 4151 adfuit
3406 4097 3614 4155 Reova-

2026 4178 2089 4233 lis
2135 4178 2420 4244 archiater,
2449 4181 2634 4236 dicens
2661 4197 2675 4236 :
2704 4183 2840 4238 Puer
2891 4185 2990 4240 iSte
3035 4187 3288 4255 parvulus
3319 4205 3437 4243 cum
3467 4199 3614 4246 esset

2022 4279 2077 4324 et
2103 4271 2462 4325 infirmaretur
2490 4274 2543 4327 in
2577 4271 2803 4340 femore,
2830 4275 3148 4343 desperatus
3190 4278 3352 4350 coepit
3385 4280 3611 4349 haberi;

2024 4372 2197 4417 mater
2224 4378 2434 4432 quoque
2459 4365 2576 4435 ejus
2604 4375 2841 4422 sanctam
2868 4369 3248 4441 Radcgundem
3275 4374 3462 4441 adlvit,
3487 4384 3542 4430 ut
3561 4375 3612 4434 ei

2024 4455 2238 4524 aliquod
2270 4457 2502 4511 studium
2529 4456 2749 4526 juberet
2778 4460 3034 4529 impendi.
3059 4462 3128 4517 At
3159 4464 3271 4530 illa,
3291 4481 3376 4520 me
3398 4476 3610 4536 vocato,

2018 4545 2178 4616 jussit
2203 4556 2258 4601 ut
2303 4547 2348 4602 si
2400 4549 2599 4618 pOSsim
2648 4549 2874 4621 aliquid,
2909 4551 3244 4624 adjuvarem.
3296 4556 3447 4612 Tunc
3489 4572 3612 4629 ego,

329 4639 387 4684 ut
415 4628 618 4683 scilicet
648 4627 885 4697 episcopi
910 4628 1182 4698 conjuncti
1215 4626 1283 4683 de
1327 4639 1552 4697 utroque
1583 4645 1769 4700 regno,
1805 4631 1918 4686 haec
1943 4671 1999 4734 Î’
2025 4639 2165 4694 sicut
2213 4639 2485 4710 quondam
2540 4641 2679 4710 apud
2734 4643 2920 4698 urbem
2967 4626 3613 4717 Constantinopolitattam

325 4735 449 4791 qua:
478 4719 798 4789 gerebantur
825 4720 1105 4774 sanctione
1147 4721 1404 4776 canonica
1434 4721 1803 4777 emendarent.
1836 4724 1915 4780 Ob

327 4813 466 4870 hanc
502 4828 718 4868 causam
761 4809 1137 4868 Childebertus
1180 4830 1272 4870 rex
1303 4815 1692 4872 mediocritatis
1719 4826 1916 4874 nostrae

327 4920 652 4975 personam,
701 4919 822 4959 cum
875 4905 1173 4976 Ebregisilo
1209 4915 1237 4944 ÎµÎ¹
1267 4908 1644 4977 Agrippinensi
1696 4920 1746 4964 et
1800 4911 1912 4979 ipso

327 4998 475 5054 urbis
499 4997 728 5052 Pictavte
756 4997 1003 5051 Maroveo
1030 4999 1282 5068 episcopo
1307 5001 1472 5069 jussit
1500 5003 1718 5066 adesse;
1747 5001 1917 5056 Gunt-

324 5087 616 5142 cbramnue
639 5102 768 5140 vero
795 5101 884 5140 rex
908 5086 1312 5156 Gundegisilum
1329 5088 1776 5155 Burdegalensem
1793 5107 1914 5146 cum

323 5179 743 5250 provincialibus
773 5179 906 5243 suis,
937 5193 1002 5233 eo
1049 5181 1192 5249 quod
1241 5180 1354 5250 ipse
1397 5184 1707 5252 metropolis
1736 5183 1762 5221 Î´
1790 5185 1914 5242 huic

324 5272 445 5326 ttrbi
490 5282 654 5327 esset.
717 5272 823 5327 Sed
866 5287 963 5326 nos
1010 5273 1270 5328 resultare
1320 5276 1624 5343 coepimus,
1673 5277 1914 5336 dicentes

323 5363 466 5432 quod
515 5379 620 5418 non
660 5363 1039 5420 accederemus
1085 5365 1150 5419 ad
1203 5366 1344 5420 hunc
1387 5367 1583 5427 locum.
1618 5369 1721 5424 nisi
1773 5387 1912 5428 saeva

322 5453 539 5521 seditio,
572 5469 690 5526 qua:
713 5471 809 5527 per
829 5456 1208 5515 Cbrodieldem
1230 5460 1483 5528 surrexit,
1506 5460 1705 5531 judicis
1735 5464 1919 5523 distri-

403 5620 430 5650 â¸
459 5611 673 5680 Regm.,
705 5609 1041 5679 Eberegisilo.
1072 5615 1160 5671 Sic
1181 5615 1376 5673 dicitur
1403 5619 1456 5678 in
1488 5617 1580 5674 lib.
1601 5635 1615 5674 I
1639 5619 1704 5674 de
1728 5620 1910 5678 Gloria

321 5680 506 5757 {lat-LA,
528 5697 648 5751 cap.
673 5683 764 5757 es.
790 5684 1056 5757 successit
1076 5685 1420 5757 Charentino,
1449 5700 1503 5744 ut
1529 5706 1592 5745 ex
1619 5690 1910 5749 Fortunato

319 5751 569 5837 point-ius
596 5752 805 5837 probat,
833 5754 958 5808 licet
999 5757 1054 5837 in
1078 5759 1335 5832 catalogis
1365 5751 1596 5837 vulgatis
1625 5763 1910 5836 Ebregesi.

320 5823 411 5884 Ius
431 5821 760 5883 Charentino
783 5835 1149 5898 praeponatur.
1254 5821 1283 5832 â€œâ€™
1349 5841 1357 5844 Î‡

2020 4728 2258 4785 medicos
2278 4745 2436 4801 agere
2461 4746 2870 4802 conspexeram,
2899 4733 3082 4792 incisis
3105 4736 3362 4791 testiculis
3390 4752 3612 4804 puerum

2019 4835 2212 4876 sanum
2258 4823 2507 4890 genitrici
2552 4834 2758 4878 mmstai
2808 4825 3046 4880 restitui.
3082 4825 3214 4881 Nam
3255 4826 3386 4882 nihil
3415 4828 3482 4883 de
3512 4827 3613 4885 hac

2020 4926 2184 4969 causa
2231 4913 2555 4969 abbatissam
2605 4917 2742 4971 scire
2786 4918 3031 4988 cognovi.
3079 4919 3187 4975 Sed
3237 4936 3358 4975 cum
3411 4934 3511 4976 nec
3540 4921 3610 4977 de

2022 5005 2125 5062 hac
2153 5023 2212 5062 re
2254 5009 2521 5064 abbatissa
2570 5011 2828 5080 potuisset
2872 5014 3154 5081 culpabilis
3202 5018 3447 5086 reperiri,
3479 5019 3613 5074 alias

2022 5100 2184 5168 ccepit
2215 5099 2550 5157 Chrodieldis
2579 5104 2874 5158 calumnias
2911 5121 3082 5162 saevas
3125 5108 3358 5164 inferre:
3385 5126 3610 5180 quarum

2023 5192 2352 5247 assertiones
2393 5195 2555 5266 506
2597 5197 3113 5272 responsionesque,
3146 5201 3266 5271 quia
3297 5203 3349 5256 in
3376 5202 3606 5274 judicio,

2023 5282 2166 5354 quod
2192 5292 2378 5339 contra
2399 5286 2613 5341 easdem
2643 5287 2903 5357 scriptum
2937 5300 3037 5356 est,
3073 5291 3335 5348 habentur
3363 5294 3606 5365 insertae,

2025 5374 2190 5446 ipsius
2211 5376 2379 5448 magis
2407 5378 2730 5449 exemplaria
2757 5379 2974 5438 lectioni
3002 5380 3156 5439 libuit
3187 5382 3392 5441 indere.

2089 5625 2116 5666 Î´
2142 5627 2242 5707 Î²á½±.
2255 5627 2499 5701 plerique
2513 5641 2564 5707 et
2575 5633 2752 5707 Casini.
2762 5673 2777 5698 ,
2805 5635 3052 5707 metropol
3057 5637 3158 5691 itan
3166 5653 3247 5704 us;
3266 5638 3486 5707 perinde
3499 5650 3603 5696 est.

2094 5708 2116 5736 Î¿
2143 5699 2354 5767 Iiegm.,
2378 5699 2602 5764 nuptiali
2643 5706 2839 5758 ordine.
2886 5699 3071 5761 Melior
3099 5718 3181 5763 est
3214 5699 3393 5765 nostra
3422 5712 3602 5767 lectio.

2016 5769 2303 5854 A_llu_debat
2347 5775 2548 5854 quippe
2589 5774 2655 5854 ad
2700 5790 2906 5854 morem
2956 5781 3255 5854 antiquum,
3295 5797 3404 5854 quo
3430 5795 3605 5854 cunno

2018 5842 2107 5901 chi
2133 5841 2563 5916 imperatricibus
2585 5846 2896 5909 ministrare
2924 5841 3192 5929 solebant.
3239 5841 3254 5850 â·
3309 5841 3320 5874 "
