4096 6344
520 313 620 374 547

872 434 1170 497 ptumam
1198 438 1384 482 wmcu
1413 438 1723 480 EARUMDEM.

596 521 736 580 XVI.
765 538 786 575 α
812 523 1031 579 Domnis
1051 518 1443 589 gloriosissimis
1474 517 1710 588 regibus,
1742 515 1977 586 episcopi
2007 517 2099 586 qui

525 614 825 672 adfuerunt.
877 613 1112 684 Propitia
1141 610 1416 668 divinitate
1437 651 1450 675 ,
1495 610 1596 680 piis
1635 617 1793 680 atque
1822 609 2099 665 catholicis

524 708 722 781 populo
749 707 887 764 datis
929 704 1282 776 principibus,
1318 704 1509 775 quibus
1539 717 1792 759 concessa
1815 711 1896 759 est
1927 704 2100 774 regio,

525 799 824 866 rectissime
849 813 974 855 suas
1003 813 1194 854 causas
1223 798 1473 870 patefacit
1500 795 1687 870 religio
1713 813 1726 850 :
1759 797 2060 867 intelligens
2084 836 2102 865 ,

529 900 868 948 sacrosancto
909 891 1257 961 participante
1291 890 1529 960 Spiritu,
1579 905 1764 946 eorum
1809 889 1899 958 qui
1927 888 2102 944 domi-

526 992 722 1041 nantur
749 998 808 1041 se
831 978 1030 1041 'sociari
1061 973 1115 1040 et
1141 980 1471 1040 constabiliri
1505 981 1741 1038 decreto.
1788 981 1856 1035 Et
1887 980 2008 1051 quia
2039 995 2105 1036 ex

529 1075 773 1148 iussione
812 1076 1093 1148 petestatis
1127 1083 1344 1141 vestrae,
1378 1089 1497 1130 cum
1527 1073 1593 1128 ad
1623 1073 1892 1129 Pictavam
1923 1071 2105 1126 civita-

527 1177 635 1224 tem
667 1165 1184 1239 proconditionibus
1212 1165 1523 1236 monasterii
1554 1173 1752 1220 sanctae
1779 1164 2107 1220 recordatio-

530 1263 613 1317 nis
652 1260 998 1332 Radegundis
1035 1275 1415 1326 convenimus,
1462 1267 1532 1325 ut;
1561 1259 1931 1314 altercationes
1972 1260 2110 1314 inter

532 1352 854 1408 abbatissam
882 1352 1121 1422 ejusdem
1163 1351 1496 1408 monasterii.
1529 1351 1611 1406 vel
1644 1349 1951 1419 monachos,
1994 1365 2110 1419 quae

534 1443 603 1499 de
634 1458 761 1513 ipso
797 1458 960 1514 grege
1005 1458 1112 1500 non
1154 1443 1353 1500 salubri
1389 1443 1770 1500 deliberatione
1817 1457 2114 1514 progressae

531 1543 696 1602 sunt,
749 1535 883 1606 ipsis
942 1534 1365 1606 disceptantibus
1422 1548 1716 1607 agnoscere
1773 1533 2110 1590 deberemus.

542 1627 791 1682 Evocatis
835 1625 1095 1696 partibus,
1161 1627 1486 1700 interrogata
1551 1623 1858 1681 Chrodieldi
1897 1625 1980 1677 vel
2013 1624 2115 1678 Ba-

533 1721 650 1776 sina
676 1727 724 1787 ι,
757 1731 922 1790 quare
944 1725 1049 1774 tam
1081 1719 1331 1788 audacter
1358 1727 1540 1775 contra
1572 1733 1722 1773 suam
1750 1717 2006 1788 regulam,
2040 1718 2116 1786 fo-_

1512 308 1570 365 s.
1615 303 1941 365 GREGORII
1983 303 2286 378 misceri
2329 274 2758 360 icaoneusrs

2124 425 2172 498 Α
2202 419 2498 474 canonibus
2525 417 2721 481 retulit,
2765 413 2857 471 sed
2885 414 2950 470 ad
2975 411 3270 485 iussionem
3297 409 3674 480 episcoporum
3702 422 3789 463 re-

3680 288 3786 346 5:58

2205 513 2489 584 promisit,
2539 512 2746 569 cervice
2778 526 2836 566 se
2863 510 3054 564 inflexa
3082 523 3179 578 per
3210 506 3600 577 paenitentiam,
3631 504 3789 576 quid-

2202 607 2326 678 quid
2370 607 2654 677 juberetur
2693 605 2937 675 implere.
2989 602 3065 658 De
3104 600 3365 656 conviviis
3408 600 3567 654 etiam
3599 598 3693 664 ait,
3732 612 3794 654 sc

2203 702 2400 756 nullam
2461 714 2650 754 novam
2705 698 2900 752 fecisse
2954 693 3431 756 consuetudinem,
3488 691 3593 745 nisi
3651 691 3792 745 sicut

2204 803 2380 849 actum
2413 803 2496 849 est
2528 793 2626 847 sub
2658 791 2851 847 domna
2897 787 3255 859 riadegunde;
3300 799 3360 841 se
3387 783 3710 840 Christianis
3737 781 3797 836 fi-

2205 885 2411 941 delibus
2441 884 2683 954 culogias
2718 882 3002 949 obtulisse,
3046 895 3147 938 nec
3176 878 3280 935 sibi
3311 875 3649 948 comprobari
3673 890 3795 930 cum

2205 975 2311 1032 illis
2352 977 2618 1032 ullatenus
2674 975 3012 1032 convivasse.
3069 973 3144 1029 De
3198 970 3536 1042 sponsalibus
3584 983 3801 1040 quoque

2207 1072 2302 1136 ait,
2332 1086 2514 1126 coram
2549 1068 2822 1136 pontifice,
2871 1067 3020 1122 clero
3049 1064 3128 1121 vel
3161 1063 3484 1130 senioribus,
3520 1077 3616 1132 pro
3639 1070 3803 1130 nepte

2208 1177 2303 1217 sua
2350 1159 2645 1229 orphanula
2688 1159 2878 1214 arrhas
2918 1157 3192 1228 accepisse
3224 1174 3234 1208 :
3267 1165 3319 1212 et
3362 1163 3540 1210 tamen
3589 1153 3635 1207 si
3688 1152 3802 1208 haec

2209 1233 2363 1326 culpa
2412 1256 2502 1323 sit,
2535 1256 2746 1318 veniam
2776 1255 2833 1307 se
2878 1267 3060 1308 coram
3107 1250 3318 1306 cunctis
3351 1257 3531 1319 petere
3561 1247 3804 1317 professa

2211 1357 2329 1414 est;
2364 1357 2541 1402 tamen
2585 1360 2681 1401 nec
2713 1353 2838 1400 tunc
2879 1343 3182 1399 convivium
3222 1344 3276 1398 in
3308 1341 3636 1397 monasterio
3668 1339 3807 1396 fece-

2189 1429 2303 1494 'rit.
2343 1439 2417 1494 De
2464 1438 2603 1508 palla
2639 1437 2782 1508 quod
2831 1439 3171 1507 reputarent,
3219 1435 3441 1505 protulit
3485 1429 3803 1489 monacham

2215 1533 2445 1589 nobilem
2488 1547 2605 1602 quae
2643 1533 2691 1588 ei
2725 1529 3007 1587 mafortem
3036 1528 3054 1568 ί
3082 1528 3470 1595 holosericum,
3519 1540 3684 1604 quem
3743 1525 3808 1581 de

2218 1625 2529 1698 parentibus
2586 1623 2799 1691 detulit,
2854 1622 3091 1684 muneris
3142 1635 3304 1676 causa
3354 1615 3709 1683 concesserit,
3757 1625 3812 1672 et

2222 1717 2344 1774 inde
2375 1726 2582 1788 partem
2607 1715 2946 1782 abscidisset,
2974 1713 3110 1770 unde
3139 1713 3281 1784 quod
3303 1711 3468 1769 vellet
3496 1717 3552 1767 et
3585 1710 3808 1774 faceret;

535 1810 683 1866 ribus
713 1809 1025 1868 monasterii
1055 1809 1371 1878 confractis,
1403 1809 1786 1874 discesserant,
1821 1818 1873 1862 et
1904 1807 2000 1862 hac
2031 1822 2119 1862 oc-
2147 1798 2195 1860 B
2225 1808 2290 1866 de
2334 1810 2539 1878 reliquo
2572 1823 2704 1864 vero
2732 1815 2989 1879 quantum
3019 1813 3377 1876 opportunum
3410 1804 3526 1874 fuit,
3561 1802 3629 1857 ad
3654 1815 3811 1858 orna-

534 1901 752 1957 casione
794 1902 1134 1972 congregatio
1162 1901 1390 1957 adunata
1436 1897 1659 1954 discissa
1707 1898 1796 1953 sit.
1846 1898 1975 1965 Quae
2007 1911 2121 1952 res-

536 1993 859 2062 pondentes,
907 1992 1168 2062 professae
1197 2001 1319 2048 sunt
1367 1991 1542 2059 lamis,
1579 1989 1858 2061 noditatis,
1903 1991 2122 2059 insuper

539 2091 594 2138 et
641 2083 806 2140 caedis
849 2097 909 2140 se
939 2083 1050 2154 jam
1093 2099 1198 2139 non
1245 2081 1386 2140 ferre
1431 2082 1759 2153 periculum;
1807 2082 2123 2154 adjicientes

539 2175 726 2244 etiam,
756 2190 821 2232 eo
847 2175 990 2246 quod
1021 2175 1221 2232 diversi
1250 2174 1278 2214 ι)
1304 2189 1486 2231 earum
1518 2175 1570 2229 in
1597 2175 1791 2231 balneo
1819 2175 2126 2229 lavarentur

541 2263 854 2335 incongrue,
896 2264 963 2319 ad
997 2264 1228 2320 tabulam
1260 2264 1373 2334 ipsa
1404 2263 1609 2329 luserit,
1654 2273 1812 2335 atque
1841 2265 2125 2320 saeculares

544 2369 667 2412 cum
697 2356 970 2412 abbatissa
999 2356 1302 2426 reficerent,
1337 2357 1496 2412 etiam
1527 2357 1792 2427 sponsalia
1824 2357 1877 2413 in
1910 2370 2126 2412 monas-

539 2449 680 2506 terio
737 2449 875 2506 facta
928 2449 1069 2516 sint;
1131 2449 1199 2505 de
1252 2448 1389 2519 palla
1450 2447 1752 2505 holoserica
1807 2449 2128 2505 vestimenta

544 2539 690 2609 nepti
713 2548 738 2579 ο
766 2553 879 2595 sua:
901 2539 1183 2595 temerarie
1209 2539 1423 2605 fecerit;
1458 2539 1637 2594 foliola
1658 2553 1841 2607 aurea,
1872 2555 1990 2610 quae
2016 2541 2130 2596 fue-

544 2638 667 2685 rant
693 2629 748 2685 in
771 2643 902 2700 gyro
923 2629 1103 2699 pallae,
1125 2630 1424 2685 inconsulte
1444 2629 1722 2684 sustulerit
1748 2637 1803 2685 et
1832 2629 1899 2684 ad
1932 2631 2127 2684 collum

545 2718 720 2788 neptis
762 2731 876 2774 sua:
918 2721 1216 2777 facinorose
1262 2719 1634 2790 suspenderit;
1681 2719 1866 2794 vittam
1896 2721 1962 2777 de
2000 2736 2130 2778 auro

543 2818 879 2880 exornatam,
907 2812 1082 2870 eidem
1115 2813 1262 2883 nepti
1289 2826 1402 2869 sua:
1428 2811 1700 2882 superflue
1728 2810 1912 2868 fecerit
1939 2831 1954 2879 ;
2003 2811 2129 2868 bar-

547 2905 787 2963 batorias
815 2903 842 2943 ἀ
863 2903 1007 2964 intus
1039 2919 1105 2962 eo
1143 2904 1284 2977 quod
1313 2904 1686 2962 celebraverit.
1735 2902 2133 2975 lnterrogantcs

546 3000 896 3071 abbatissam,
953 2999 1082 3072 quid
1135 3000 1202 3056 ad
1254 2999 1370 3057 haec
1419 3000 1787 3070 responderet,
1848 3001 2022 3057 dixit:
2058 3001 2134 3058 De

548 3090 861 3162 fame'quod
887 3100 1305 3162 conqueruntur,
1354 3092 1645 3148 secundum
1688 3092 1828 3156 quod
1877 3091 2131 3162 temporis

2231 1909 2346 1956 tum
2379 1901 2564 1955 altaris
2615 1901 2809 1970 pallam
2840 1899 3104 1970 condigne
3149 1896 3479 1963 condiderit;
3527 1904 3583 1951 et
3621 1894 3693 1950 de
3723 1894 3811 1948 illa

2230 1993 2518 2049 inscissura
2546 2008 2668 2062 quae
2699 1993 2855 2065 pallae
2884 1991 3170 2062 superfuit,
3197 2001 3486 2059 purpuram
3521 1987 3669 2058 nepti
3702 2000 3810 2041 suae

2226 2090 2281 2144 iu
2314 2088 2489 2152 tunica
2520 2087 2780 2158 posuerit,
2810 2100 2968 2156 quam
3001 2084 3070 2138 ibi
3107 2082 3323 2140 dedisse
3361 2081 3516 2149 dixit,
3564 2095 3672 2152 quo
3701 2097 3814 2137 mo-

2228 2179 2465 2235 nasterio
2519 2177 2739 2248 profuit,
2789 2192 2909 2246 quae
2952 2190 3045 2246 per
3072 2178 3249 2232 omnia
3294 2175 3540 2232 donatrix
3587 2176 3818 2232 Didimia

2229 2269 2586 2326 continuavit.
2639 2270 2715 2324 De
2767 2267 2960 2323 foliolis
2989 2269 3170 2324 aureis
3214 2276 3267 2324 et
3304 2269 3430 2323 vitta
3475 2282 3608 2322 auro
3653 2282 3817 2323 exor-

2231 2375 2355 2420 nata
2387 2373 2437 2432 ὃ,
2468 2362 2775 2417 Macconem
2817 2361 3071 2416 famulum
3110 2370 3349 2416 vestrum
3389 2369 3713 2430 praesentem
3748 2371 3820 2416 tc-

2234 2464 2372 2512 stem
2403 2453 2681 2517 adhibuit,
2723 2466 2789 2509 eo
2819 2452 2958 2520 quod
2991 2466 3086 2522 per
3114 2467 3328 2506 manuni
3378 2451 3494 2522 ejus
3525 2452 3592 2508 ab
3622 2467 3821 2523 sponso

2231 2547 2419 2618 puellae
2465 2544 2734 2614 prmdictae
2775 2545 2955 2614 neptis
2997 2558 3109 2599 sure
3140 2544 3324 2614 viginti
3354 2543 3557 2600 solidos
3587 2543 3822 2612 accepit,

2233 2637 2373 2692 unde
2405 2637 2506 2691 hoc
2537 2636 2747 2705 publice
2773 2635 2980 2702 fecerit,
3012 2651 3113 2692 nec
3137 2637 3203 2692 de
3227 2653 3285 2692 rc
3310 2635 3622 2693 monasterii
3654 2637 3820 2708 508

2234 2728 2522 2798 quidquam
2550 2727 2621 2782 ibi
2646 2727 2959 2798 permistum
2986 2727 3075 2783 sit.
3109 2728 3435 2797 interrogata
3481 2724 3824 2782 Chrodieldis

2234 2835 2353 2875 cum
2380 2819 2595 2880 Basina,
2621 2820 2667 2872 si
2697 2819 2920 2874 forsitan
2945 2819 3147 2887 aliquid
3170 2819 3473 2888 abbatissae,
3495 2817 3638 2888 quod
3660 2818 3824 2887 absit,

2233 2909 2479 2964 adulterii
2509 2916 2846 2978 reputarent,
2876 2909 2990 2965 sive
3018 2908 3143 2976 quid
3195 2907 3465 2964 homicidii
3497 2907 3576 2963 vel
3606 2907 3796 2963 maleﬁ

2235 2999 2303 3055 cii
2348 2997 2554 3066 fecerit,
2604 3007 2696 3053 aut
2737 3000 2940 3054 crimen
2995 2999 3225 3068 capitale
3273 3014 3376 3069 quo
3420 3006 3827 3070 percuteretur,

2238 3092 2532 3158 edicerent,
2587 3092 2976 3162 respondentes
3010 3091 3346 3160 protulerunt
3376 3105 3477 3148 non
3508 3091 3715 3148 habere
3763 3105 3827 3149 se

549 3183 777 3253 penuria
807 3184 1159 3252 permitteret,
1202 3198 1470 3252 nunquam
1503 3185 1633 3251 ipsae
1665 3183 1884 3238 nimiam
1916 3191 2124 3254 egesta-
2160 3177 2206 3241 C
2239 3181 2460 3252 aliquid,
2505 3183 2607 3238 nisi
2644 3198 2738 3254 per
2765 3185 2880 3238 haec
2907 3199 3024 3253 qua:
3070 3184 3316 3238 dixerant
3360 3198 3475 3240 eam
3504 3183 3604 3239 ista
3636 3183 3832 3241 fecisse

549 3282 656 3329 tem
685 3273 1039 3344 pertulerunt.
1079 3274 1156 3330 De
1180 3275 1501 3330 vestimento
1547 3289 1673 3331 vero
1713 3275 1890 3331 dixit:
1922 3276 1980 3331 Si
2015 3277 2134 3344 quis

552 3379 736 3420 earum
785 3365 1071 3421 arcellulas
1118 3373 1470 3431 scrutaretur,
1527 3366 1758 3436 amplius
1793 3382 1885 3422 eas
1939 3367 2134 3422 habere

550 3469 712 3523 quam
767 3459 1066 3512 necessitas
1110 3455 1392 3526 indigeret.
1435 3457 1510 3513 De
1558 3458 1746 3514 balneo
1784 3473 1934 3525 vero,
1977 3459 2135 3530 507

551 3545 694 3614 quod
725 3555 1113 3616 opponeretur,
1163 3547 1340 3602 retulit
1390 3547 1492 3603 hoc
1539 3548 1736 3604 factum
1779 3549 1968 3605 diebus
1997 3552 2138 3618 Qua-

555 3637 871 3706 dragesimae
907 3646 952 3705 θ,
989 3645 1044 3693 et
1074 3651 1171 3708 pro
1201 3636 1362 3694 calcis
1395 3639 1778 3708 amaritudine,
1813 3656 1879 3696 ne
1915 3639 2139 3696 lavanti-

554 3732 654 3785 bus
683 3738 902 3785 noceret
927 3732 1134 3787 novitas
1161 3731 1333 3802 ipsius
1363 3728 1602 3812 fabricae,
1630 3729 1854 3800 jussisse
1884 3733 2139 3789 domnam

555 3821 956 3895 Radegundem,
999 3836 1056 3881 ut
1084 3823 1382 3882 servientes
1422 3828 1748 3894 monasterii,
1800 3827 2010 3897 publice
2039 3829 2141 3887 hoc

554 3917 852 3987 visitarent,
911 3917 1083 3976 donec
1132 3919 1307 3975 omnis
1353 3917 1488 3974 odor
1531 3919 1758 3975 nocendi
1816 3919 2152 3984 discederet.“

558 4006 710 4075 Quod
739 4009 1333 4083 perﬂuadragesimam
1362 4024 1534 4082 usque
1575 4009 1640 4064 ad
1685 4007 2055 4066 Pentecostem
2087 4009 2141 4067 in

559 4113 657 4153 usu
698 4099 911 4156 famulis
951 4103 1130 4158 fuerit.
1175 4101 1255 4157 Ad
1297 4102 1412 4157 haec
1458 4097 1794 4156 Chrodieldis
1825 4101 2140 4170 respondit:

561 4191 628 4247 Et
655 4201 838 4262 postea
870 4193 1120 4250 similiter
1151 4193 1303 4248 multi
1335 4207 1431 4262 per
1459 4202 1702 4264 tempora
1730 4192 1993 4248 laverunt.
2041 4193 2144 4248 Re-

559 4283 681 4337 tulit
723 4283 992 4340 abbatissa
1033 4298 1092 4339 se
1132 4298 1229 4340 nec
1259 4281 1491 4354 probare
1517 4281 1661 4352 quod
1691 4279 1964 4348 dicerent,
2003 4292 2056 4338 et
2087 4297 2146 4340 se

560 4373 775 4428 nescire
801 4388 868 4429 an
901 4373 1097 4430 factum
1127 4376 1217 4430 sit.
1254 4374 1358 4431 Sed
1386 4374 1559 4429 adhuc
1598 4373 1878 4443 inculpans
1906 4374 2145 4443 easdem,

560 4463 706 4534 quod
734 4464 782 4519 si
806 4466 934 4536 ipsae
963 4465 1244 4533 vidissent,
1275 4481 1369 4522 cur
1393 4466 1676 4522 abbatissae
1699 4480 1804 4520 non
1833 4465 2142 4536 proderent.

2237 3284 2423 3330 contra
2475 3274 2710 3344 regulam
2759 3273 3174 3344 proclamarcnt.
3225 3273 3306 3328 Ad
3357 3281 3681 3341 extremum,
3734 3288 3831 3343 pro

2238 3366 2475 3436 peccatis
2502 3366 2624 3435 quia
2654 3365 2886 3421 claustra
2927 3365 3170 3435 disrupta
3200 3375 3326 3422 sunt
3348 3377 3402 3422 et
3430 3368 3644 3423 miseris
3677 3368 3830 3426 licuit

2240 3459 2358 3513 sine
2404 3457 2684 3526 disciplina
2715 3456 3004 3512 abbatissae
3036 3472 3145 3512 suae
3185 3457 3325 3527 quod
3354 3459 3552 3514 vellent
3581 3461 3829 3516 commit-

2242 3555 2358 3604 tere
2388 3563 2484 3618 per
2515 3555 2592 3602 tot
2622 3549 2887 3602 mensium
2919 3547 3110 3617 spatia,
3139 3563 3271 3618 quas
3294 3549 3647 3605 credebamus
3678 3551 3832 3608 inno-

2243 3648 2427 3694 centes
2478 3637 2809 3704 monachas,
2873 3639 3028 3695 nobis
3085 3639 3421 3708 protulerunt
3468 3652 3830 3713 prmgnantes.

2244 3728 2451 3796 Quibus
2491 3743 2586 3798 per
2613 3728 2858 3784 ordinem
2897 3728 3178 3799 discussis,
3219 3745 3318 3786 nec
3359 3731 3579 3788 invento
3611 3731 3835 3788 crimine

2244 3821 2388 3892 quod
2418 3821 2745 3878 abbatissam
2774 3822 3056 3893 dejiceret,
3089 3824 3154 3879 de
3187 3824 3475 3880 levioribus
3517 3827 3697 3881 causis
3739 3840 3833 3895 pa-

2245 3919 2397 3971 terna
2421 3915 2842 3970 commonitione
2872 3915 3156 3969 contestati
3186 3929 3404 3983 sumus,
3436 3925 3493 3970 ut
3523 3915 3640 3971 haec
3660 3915 3836 3972 nulla-

2250 4015 2407 4062 tenus
2441 4006 2698 4077 deinceps
2728 4022 2824 4076 pro
2855 4005 3275 4078 reprehensione
3305 4016 3576 4078 repeteret
3601 4007 3654 4065 ιι.
3685 4009 3838 4066 Tunc

2248 4098 2402 4154 nobis
2436 4099 2899 4167 percunctantibus
2943 4113 3160 4155 causam
3201 4098 3444 4156 adversae
3479 4103 3672 4172 partis,
3718 4117 3838 4174 qua

2248 4189 2452 4258 majora
2487 4191 2709 4246 crimina
2736 4190 3143 4258 commiserunt,
3167 4189 3219 4246 id
3248 4201 3330 4246 est
3356 4207 3475 4261 quae
3499 4193 3838 4262 praedicatio-

2251 4293 2374 4333 nem
2403 4279 2491 4334 sui
2522 4278 2821 4335 sacerdotis
2849 4277 2985 4334 infra
3015 4280 3400 4335 monasterium
3431 4295 3498 4336 ne
3529 4281 3676 4338 foras
3714 4297 3838 4354 pro-

2250 4370 2527 4442 cederent,
2577 4371 2960 4441 despexerunt,
3004 4371 3254 4440 pontifice
3297 4373 3634 4442 couculcato,
3689 4384 3744 4431 et
3784 4376 3841 4432 in

2251 4478 2464 4520 summo
2492 4472 2801 4534 contemptu
2846 4465 2900 4519 in
2931 4465 3260 4521 monasterio
3290 4466 3496 4522 relicto.
3550 4466 3839 4522 confractis

563 4553 644 4611 De
694 4555 871 4611 tabula
919 4571 1048 4612 vero
1101 4557 1418 4628 respondit:
1449 4557 1516 4612 Et
1562 4558 1607 4613 si
1661 4557 1879 4613 lusisset
1935 4560 2148 4616 vivente
2175 4560 2229 4621 Ῑ)
2255 4559 2389 4612 seris
2417 4567 2470 4611 et
2493 4557 2689 4626 jannis,
2739 4557 2891 4614 irrito
2922 4539 3062 4615 facto
3091 4559 3473 4630 discesserunt,
3507 4568 3560 4617 et
3583 4561 3654 4616 ad
3681 4575 3841 4618 suum

563 4645 760 4704 domna
797 4647 1143 4721 Radegunde,
1195 4665 1254 4706 se
1294 4649 1471 4705 minus
1497 4649 1654 4719 culpa
1684 4652 2016 4722 respiceret;
2065 4662 2146 4709 ta-

564 4753 688 4800 men
717 4755 821 4800 nec
845 4743 898 4799 in
927 4743 1108 4814 regula
1139 4757 1235 4814 per
1262 4741 1583 4813 scripturam
1613 4742 1920 4813 prohiberi,
1964 4757 2063 4801 nec
2091 4745 2145 4800 in

639 4921 872 4996 fﬁegm.
904 4930 958 4980 et
984 4920 1135 4996 Colb.
1160 4936 1257 4988 m.,
1291 4921 1503 4980 Sabina.

635 4993 664 5034 δ
692 4990 886 5067 Regm.
929 5003 985 5050 et
1013 4993 1166 5060 Bad.,
1197 4996 1429 5061 diversa,
1470 5005 1524 5050 et
1553 5008 1630 5051 εις
1671 4995 1804 5050 infra
1838 5008 1954 5063 quae
1982 4992 2048 5047 ad
2086 4990 2144 5067 id

563 5064 906 5149 revocantur,
935 5067 1167 5122 femineo
1193 5081 1392 5138 genere
1435 5069 1825 5138 exprimuntur.
1883 5067 2026 5131 Boc.,
2061 5064 2143 5119 di-

566 5151 692 5191 vers:
715 5153 907 5191 eorum.

641 5217 663 5281 (ξ
691 5208 889 5281 anes
911 5218 1106 5281 praeter
1132 5208 1254 5275 Bec.
1288 5221 1341 5266 et
1368 5209 1578 5281 chm.,
1609 5210 1791 5280 neptis.

640 5275 667 5316 (³
690 5279 821 5334 Mss.
850 5275 1277 5351 9,70arbaturt'ns,
1320 5290 1369 5336 et
1398 5275 1608 5350 ltégm.,
1641 5275 1814 5349 inique
1838 5324 1850 5348 ,
1882 5295 1980 5351 pro
2005 5284 2144 5336 intus

569 5363 628 5402 eo
650 5351 808 5418 quod.
841 5350 1180 5407 Barbatorias
1203 5352 1498 5414 celebrare,
1525 5353 1580 5406 id
1606 5363 1688 5407 est
1711 5350 2000 5410 larvasseu
2026 5368 2150 5421 pcr-

571 5432 730 5474 sonas
751 5435 929 5488 agere,
959 5422 1154 5476 barbas
1201 5423 1724 5489 sibiaptandozquo
1769 5423 1821 5475 in
1873 5437 2053 5487 sensu,
2091 5430 2150 5478 ut

570 5490 819 5543 observat
863 5491 1153 5556 Altescrra,
1204 5492 1482 5546 Petronius
1515 5495 1564 5544 iu
1598 5492 1948 5561 Fragmento:
1982 5494 2147 5548 Hodie

570 5573 745 5632 servus
785 5575 924 5614 meus
982 5564 1321 5615 barbatorimrt
1369 5565 1513 5630 facit.
1564 5563 1698 5614 llinc
1747 5563 1852 5614 ludi
1911 5565 2146 5632 satyrici,

572 5630 714 5696 quod
740 5641 953 5702 actores
984 5633 1176 5685 barbas
1197 5673 1212 5698 ,
1257 5648 1404 5687 more
1432 5645 1730 5702 satyrorum
1764 5643 1812 5683 et
1841 5630 2144 5701 fauno'rum,

575 5708 634 5773 ut
666 5701 826 5772 vuigo
868 5715 898 5754 a
949 5705 1242 5772 pictoribus
1294 5706 1600 5772 finguntur,
1664 5704 1966 5770 deferrent;
2019 5721 2149 5773 quos

575 5771 779 5830 abusus
803 5771 1214 5832 sacricanones
1249 5771 1442 5843 passim
1489 5774 1872 5845 pt'oscripscre.
1904 5771 2148 5834 Coin’tius

2199 4655 2202 4658 ’
2253 4656 2528 4720 peccatum
2560 4649 2680 4704 alia:
2721 4656 2902 4704 tracta:
2945 4658 3292 4722 transgressa:
3337 4632 3461 4706 sunt
3491 4667 3502 4706 ι
3536 4652 3758 4723 insuper
3783 4658 3841 4708 et

2255 4730 2635 4824 Gundegisilus
2682 4744 2942 4815 pontifex,
2975 4758 3097 4803 cum
3139 4749 3248 4802 suis
3276 4744 3693 4816 provincialibus
3739 4758 3840 4818 pro

2255 4932 2434 4980 tamen
2463 4922 2598 4978 hanc
2626 4935 2813 4978 vocem
2843 4921 3061 4990 exponit
3088 4920 3154 4976 de
3181 4929 3298 4976 arte
3331 4920 3588 4977 tonsoria.

2277 5067 2289 5078 _
2328 4997 2490 5078 ¢_Quo
2517 5004 2756 5063 tempore
2782 5005 2898 5047 mos
2937 4999 3053 5071 erat
3084 5005 3190 5048 non
3230 4991 3442 5048 lavandi
3469 4991 3539 5050 ob
3571 4993 3842 5054 poeniten-

2252 5070 2583 5191 mﬁflgiglflgi‘s
2606 5134 2913 5206 vestimenti
2945 5134 3219 5201 amplioris
3248 5149 3415 5206 genus
3451 5119 3565 5192 erat
3585 5111 3843 5190 mulieri?

2254 5208 2353 5265 bus
2383 5209 2674 5278 proprium,
2721 5204 3051 5278 quodcaput
3093 5215 3145 5260 et
3182 5204 3437 5278 humeros
3477 5206 3712 5278 tegebat.
3762 5206 3840 5278 De

2255 5280 2356 5335 hoc
2385 5275 2712 5333 Fortunatus
2751 5277 2808 5331 in
2837 5275 3181 5330 Vita'sanctte
3224 5275 3584 5344 Radegundls,
3639 5283 3754 5329 tum
3784 5275 3842 5330 in

2259 5352 2375 5405 Vita
2404 5349 2571 5404 sancti
2602 5348 2811 5403 Hilarii.
2867 5345 3071 5401 Eadem
3098 5359 3249 5411 voce,
3274 5349 3348 5401 uti
3377 5347 3669 5402 Cassianus
3694 5346 3787 5400 lib.
3817 5359 3840 5400 l

2252 5422 2508 5485 lnstitut.,
2551 5434 2669 5486 cap.
2702 5420 2758 5485 7,
2803 5426 3049 5484 testatur,
3078 5424 3287 5478 veteres
3315 5418 3538 5487 pallium
3583 5416 3843 5474 monasti-

2257 5507 2372 5547 cum
2407 5491 2778 5560 designabant.

2328 5573 2349 5608 ις
2385 5557 2599 5628 Qum—in
2630 5560 2841 5614 modum
2873 5571 3088 5614 core-uie
3115 5558 3370 5628 disposita
3399 5558 3594 5617 deferri
3625 5557 3839 5616 solebat

2254 5647 2278 5685 a
2304 5648 2494 5699 sponsa
2532 5651 2541 5686 :
2570 5633 2658 5702 qui
2686 5645 2799 5684 mos
2828 5628 3090 5698 hodieque
3116 5630 3168 5685 in
3204 5631 3477 5689 nonnullis
3519 5629 3840 5701 regionibus

2257 5713 2583 5775 perseverat.

2321 5771 2348 5811 ιι
2377 5775 2480 5829 Alii
2512 5775 2706 5829 habent
2735 5778 3076 5839 cegnoaceret.
