4096 6344
304 333 410 390 549

1232 320 1549 382 HISTORIA
1591 318 2036 379 FRANCORUM.
2080 319 2283 379 LIBER
2325 319 2640 401 DECIMUS.

3459 323 3564 381 550

305 452 422 519 ipsa
473 457 632 503 causa
680 440 1060 509 commonitus,
1109 454 1205 512 per
1243 441 1659 511 praeceptionem
1705 452 1890 508 regum
1917 437 1968 500 A
1995 451 2344 509 personarum
2366 440 2541 511 aliqua
2566 439 2874 512 acceptione
2902 440 3234 513 suggerimus
3256 438 3558 513 peregisse.

307 538 538 609 Pictoris
577 536 955 603 accessissent,
996 541 1051 590 et
1078 532 1146 588 ad
1189 532 1515 590 audientiam
1542 546 1637 589 eas
1678 530 1746 587 ad
1772 544 1888 588 mo-

304 630 599 697 nasterium
627 633 1027 692 convocarent,
1058 624 1309 695 despecta
1336 624 1777 691 commonitione,
1808 622 1891 693 ip-

306 726 384 791 sis
425 721 834 783 occurrentibus
860 719 929 776 ad
967 718 1107 776 beati
1147 717 1330 773 Hilarii
1359 718 1680 774 confessoris
1708 716 1891 772 basili-

307 829 449 885 cam,
482 815 572 871 ubi
616 814 750 885 ipsae
774 810 1260 881 ,commorabantur
1294 809 1634 876 accedentes,
1678 816 1737 864 ut
1763 820 1892 863 con-

304 908 463 979 decet
486 914 763 977 pastorum
782 903 1218 968 sollicitudinem,
1245 901 1373 958 dum
1394 909 1889 966 commonerentur,

306 999 447 1071 facta
472 995 761 1063 seditione,
809 993 1043 1059 fustibus
1074 1001 1182 1051 tam
1221 992 1499 1063 pontiﬁces
1526 1007 1686 1063 quam
1728 992 1890 1047 mini-

309 1097 455 1144 stros
479 1095 505 1124 ιι
536 1085 864 1153 affecerunt,
898 1092 955 1142 et
990 1086 1130 1141 intra
1159 1084 1434 1142 basilicam
1482 1084 1731 1141 fuderunt
1770 1097 1895 1140 san-

309 1179 529 1259 guinem
574 1176 880 1233 levitarum.
929 1175 1136 1231 Dehinc
1178 1190 1243 1233 ex
1287 1176 1529 1246 iussione
1573 1175 1893 1231 domnorum

306 1268 641 1351 principum,
665 1281 787 1324 cum
820 1267 903 1323 vir
927 1265 1247 1327 venerabilis
1274 1266 1637 1325 Theutharius
1670 1269 1895 1338 presby-

314 1368 399 1421 ter
450 1362 504 1416 in
558 1373 720 1415 causa
778 1359 1011 1415 directus
1055 1356 1237 1425 fuerit,
1291 1366 1347 1412 et
1400 1366 1657 1413 statutum
1710 1358 1897 1414 fuisset

314 1451 533 1531 quando
568 1450 832 1522 judicium
876 1450 1029 1506 ﬁeret
1054 1493 1069 1521 ,
1120 1464 1227 1506 non
1270 1460 1577 1519 exspectato
1623 1459 1895 1523 tempore,

316 1542 705 1600 monasterium
726 1540 1160 1609 seditiosissime,
1186 1542 1433 1599 accensis
1452 1543 1505 1599 in
1526 1551 1673 1599 corte
1689 1546 1896 1614 cuppis,

317 1632 560 1709 vectibus
607 1648 670 1689 ac
713 1632 993 1689 securibus
1030 1632 1320 1697 confractis
1360 1634 1601 1705 poeticis,
1652 1636 1776 1705 igne
1810 1652 1899 1693 ac-

317 1738 505 1797 censo,
532 1725 671 1789 intra
693 1732 845 1795 septa
870 1725 1028 1781 caesis
1054 1731 1110 1781 et
1136 1723 1430 1781 vulneratis
1458 1726 1820 1782 monacbabus
1841 1728 1896 1783 in

1993 531 2071 587 De
2100 540 2299 588 caetero
2319 527 2461 602 quod
2485 531 2552 590 de
2572 532 2732 591 rebus
2760 534 3090 601 monasterii,
3126 533 3207 589 vel
3237 532 3563 591 instrumen-

1993 626 2062 682 tis
2101 625 2409 683 chartarum
2454 627 2773 684 domnorum
2812 618 2996 699 regum
3046 635 3323 698 parentum
3361 638 3565 684 vestro-

1991 733 2110 775 rum
2153 716 2221 773 de
2257 718 2376 774 loco
2421 719 2731 791 subreptum
2779 728 2879 787 est,
2919 720 3079 793 510
3101 736 3220 791 qua:
3260 734 3319 776 se
3368 720 3566 777 habere

1992 810 2251 883 professae
2298 820 2461 879 sunt,
2508 814 2603 869 sed
2650 813 2804 871 nobis
2845 802 3220 871 iuobedientes
3267 815 3564 870 nullatenus

1988 892 2151 960 erunt
2183 902 2477 959 voluntarie
2506 904 2815 973 redditurae,
2846 907 3073 977 qualiter
3111 917 3309 975 vestra,
3359 905 3443 960 vel
3475 921 3567 960 au-

1993 996 2248 1053 teriorum
2290 997 2583 1068 principum
2628 1012 2835 1053 merces
2870 1008 3067 1053 :eterna
3117 1006 3445 1068 permaneat,
3501 998 3567 1051 ad

1998 1085 2021 1126 ἲ
2044 1087 2145 1144 loci
2177 1088 2837 1156 instaurationem,vestrm
2867 1087 3075 1158 pietatis
3110 1097 3267 1159 atque
3298 1086 3569 1157 poteStatis

1995 1186 2078 1235 est
2111 1179 2429 1234 auctoritate
2471 1178 2617 1249 regia
2649 1193 2842 1249 cogere
2883 1178 3196 1245 reformari;
3225 1192 3399 1251 neque
3426 1176 3571 1247 ipsas

1995 1272 2061 1326 ad
2089 1270 2288 1337 locum,
2319 1286 2475 1341 quem
2498 1278 2604 1325 tam
2630 1270 2793 1342 impie
2811 1284 2872 1327 ac
2896 1269 3265 1347 profanissimc
3287 1260 3573 1325 destruxe-

1996 1373 2143 1430 runt,
2186 1377 2253 1417 ne
2298 1362 2481 1432 pejora
2533 1363 2869 1433 proveniant,
2920 1362 3008 1417 vel
3049 1363 3221 1417 redire
3270 1363 3569 1428 concedite,

1995 1456 2079 1512 vel
2111 1455 2431 1525 permittatis
2476 1456 2672 1510 iterum
2700 1456 2936 1526 aspirare
2967 1472 2979 1509 :
3011 1464 3269 1525 quatenus
3299 1454 3383 1510 his
3411 1455 3464 1509 in
3494 1455 3573 1509 in-

1997 1556 2228 1621 tegrum,
2263 1554 2550 1618 praestante
2578 1547 2824 1616 Domino,
2860 1546 3139 1613 restitutis,
3179 1544 3574 1602 subcatholicis

1998 1640 2214 1710 regibus
2244 1648 2413 1693 totum
2451 1638 2757 1709 acquiratur
2790 1639 2922 1706 Deo,
2964 1636 3094 1694 nihil
3124 1636 3313 1708 perdat
3343 1635 3531 1708 religio
3563 1654 3573 1688 :

1969 1739 2059 1786 ⁴ιιι
2096 1740 2265 1787 status
2308 1740 2662 1788 conservatus
2712 1739 2820 1787 tam
2859 1739 3073 1800 patrum
3113 1744 3273 1801 quam
3315 1742 3579 1803 canonum

320 1820 454 1892 ipsis
504 1820 793 1886 oratoriis,
846 1816 1076 1889 Spoliato
1122 1816 1487 1884 monasterio,
1538 1817 1802 1873 denudata
1848 1815 1977 1877 etB
2005 1820 2158 1878 nobis
2189 1822 2429 1891 proﬁciat
2458 1821 2522 1877 ad
2547 1822 2770 1889 cultum,
2799 1822 2952 1879 vobis
3000 1830 3318 1893 propagetur
3358 1818 3425 1875 ad
3475 1820 3578 1875 fru-

320 1914 485 1986 509
512 1913 738 1970 dimissa
765 1910 973 1989 capillis
1007 1910 1297 1977 abbatissa,
1347 1909 1583 1981 graviter
1613 1911 1678 1967 ad
1705 1911 1901 1967 ridicu-

318 2005 430 2065 lum
454 2004 616 2063 ducta
643 2012 698 2059 et
719 2012 884 2059 tracta
911 2017 1006 2073 per
1027 2002 1281 2072 compita,
1316 2001 1445 2057 etin
1464 2000 1640 2057 locum
1672 2010 1895 2073 retrusa,

320 2098 425 2171 etsi
452 2112 561 2171 non
601 2097 784 2168 ligata,
818 2108 916 2152 nec
948 2094 1157 2151 libera:
1187 2094 1602 2164 superveniente
1635 2094 1740 2150 diei
1768 2095 1901 2151 Pas-

320 2191 437 2249 cba:
486 2191 621 2249 festo
668 2206 764 2262 per
810 2190 1067 2247 saeculum
1094 2187 1146 2258 δ,
1206 2187 1465 2247 offerente
1510 2191 1762 2261 pontiﬁce
1806 2205 1903 2261 pro

321 2284 674 2342 condemnata
718 2284 947 2353 pretium
973 2326 988 2352 ,
1034 2291 1094 2339 ut
1129 2292 1401 2352 spectaret
1430 2283 1514 2340 vel
1554 2284 1898 2353 baptismum,

316 2390 423 2451 nec
461 2378 567 2445 ulla
618 2378 871 2434 suasione
914 2378 1017 2437 hoc
1055 2377 1394 2447 impetrasset
1431 2392 1535 2434 vox
1582 2379 1901 2449 supplicum,

321 2479 483 2540 atque
506 2469 870 2540 respondente
898 2467 1242 2535 Chrodielde,
1284 2482 1352 2524 eo
1379 2468 1522 2538 quod
1552 2469 1659 2525 tale
1699 2469 1905 2526 facinus

322 2576 423 2617 nec
448 2565 706 2629 scissent,
749 2576 849 2617 nec
874 2561 1154 2629 iusserint,
1182 2560 1354 2616 adhuc
1379 2559 1703 2616 Cbrodielde
1744 2574 1893 2618 asse-

320 2663 479 2710 rente
504 2653 573 2709 ad
597 2653 971 2723 intersignium
996 2666 1175 2721 suum,
1200 2666 1269 2708 ne
1289 2666 1321 2708 a
1347 2650 1461 2709 suis
1486 2652 1904 2722 interﬁceretur,

316 2744 603 2817 obtentum
638 2744 708 2800 sit
743 2743 921 2801 tunde
946 2751 1153 2800 certum
1187 2751 1273 2803 est
1310 2747 1523 2800 tractari
1549 2746 1676 2815 quid
1701 2760 1773 2802 ex
1802 2746 1907 2804 hoc

314 2834 481 2897 datur
512 2835 757 2905 intelligi,
798 2834 940 2905 quod
988 2834 1204 2911 additur
1241 2835 1568 2905 crudelitati,
1621 2838 1690 2893 ad
1719 2839 1905 2908 sepul—

325 2939 477 2999 crum
508 2925 680 2981 beatae
701 2923 1042 2996 Radegundis
1068 2925 1361 2996 fugientem
1392 2940 1608 2983 servum
1636 2938 1909 2985 monaste-

318 3019 391 3075 rii
420 3018 502 3073 sui
532 3016 863 3084 occiderent,
901 3026 958 3072 et
981 3017 1185 3074 scelere
1208 3027 1490 3075 crescente
1520 3018 1653 3073 nihil
1678 3021 1908 3089 petendo

324 3110 672 3185 .sanaverint;
717 3108 813 3164 sed
844 3123 937 3178 per
974 3122 1035 3164 se
1069 3118 1190 3178 post
1222 3110 1486 3165 intrantes
1523 3112 1905 3167 monasterium

1998 1928 2167 1973 ctum.
2214 1916 2455 1971 Christus
2494 1929 2593 1970 vos
2643 1914 2899 1971 Dominus
2928 1915 3035 1970 alat
3063 1923 3337 1986 regatque,
3363 1925 3580 1984 regnum

2002 2007 2242 2063 tribuens
2272 2008 2550 2077 prolixius,
2578 2007 2847 2077 vitamque
2869 2007 3111 2063 conferat
3132 2005 3365 2061 beatam.
3405 2018 3423 2055 ι

2073 2100 2237 2154 XVII.
2279 2099 2525 2155 Postbaec
2551 2114 2671 2156 cum
2696 2099 2894 2155 emisso
2917 2098 3121 2169 iudicio
3149 2111 3179 2153 a
3205 2096 3583 2153 communione

2004 2191 2227 2249 fuissent
2271 2206 2572 2262 suspensa,
2616 2192 2883 2269 abbatissa
2920 2192 3080 2248 etiam
3119 2191 3173 2245 in
3203 2189 3584 2246 monasterium

2008 2286 2277 2355 restituta,
2311 2287 2393 2340 lite
2420 2285 2485 2340 ad
2505 2284 2901 2341 Childebertum
2923 2298 3101 2355 regem
3133 2284 3419 2351 petierunt,
3449 2276 3584 2349 adii-

1974 2382 2214 2437 cientes
2261 2380 2457 2435 malum
2489 2392 2649 2449 supra
2691 2377 2913 2445 malum,
2942 2375 3353 2434 denominantes
3392 2370 3585 2429 scilicet

2006 2476 2121 2545 regi
2167 2488 2425 2544 personas
2467 2472 2749 2543 quasdam,
2802 2485 2921 2543 qua:
2970 2485 3078 2526 non
3123 2469 3295 2525 solum
3325 2483 3445 2524 cum
3473 2466 3587 2537 ipsa

2007 2567 2276 2623 abbatissa
2306 2565 2571 2621 adulteria
2613 2571 2947 2631 exercerent,
2980 2574 3168 2619 verum
3199 2561 3360 2617 etiam
3388 2560 3456 2614 ad
3485 2558 3586 2614 ini-

2009 2661 2205 2715 micam
2251 2659 2368 2731 eius
2399 2657 2801 2728 Fredegundem
2830 2656 3068 2727 quotidie
3115 2654 3300 2710 nuntia
3330 2652 3581 2723 deporta-

2009 2763 2149 2810 rent.
2178 2753 2332 2820 Quod
2363 2752 2586 2808 audiens
2615 2766 2729 2817 rex,
2763 2750 2908 2806 misit
2933 2749 3021 2819 qui
3051 2760 3143 2804 eos
3169 2749 3377 2801 vinctos
3425 2742 3590 2799 addu-

2009 2853 2196 2901 cerent
2224 2863 2239 2900 :
2269 2845 2363 2900 sed
2393 2859 2515 2900 cum
2545 2842 2767 2898 discussi
2795 2841 2929 2897 nihil
2956 2839 3199 2896 criminis
3223 2837 3499 2893 inventum
3532 2836 3586 2890 in

2010 2938 2091 2994 eis
2119 2938 2327 3003 fuisset,
2350 2935 2641 2992 abscedere
2665 2933 2800 3004 jussi
2830 2940 2974 2988 sunt.

2083 3026 2270 3081 XVIII.
2315 3027 2454 3081 Ante
2485 3025 2581 3079 hos
2612 3038 2740 3079 vero
2765 3022 2881 3079 dies
2909 3035 3031 3078 cum
3070 3033 3169 3075 rex
3212 3017 3268 3074 in
3297 3016 3589 3073 oratorium

2014 3118 2203 3173 domus
2226 3115 2580 3188 Mariligensis
2610 3114 2998 3185 ingrederetur,
3030 3111 3278 3166 viderunt
3305 3107 3451 3178 pueri
3478 3107 3591 3176 ejus

328 3201 586 3271 ceperint,
625 3209 679 3255 et
713 3200 779 3255 ad
809 3200 1129 3255 damnorum
1153 3198 1481 3268 jussionem,
1522 3209 1580 3255 ut
1624 3202 1910 3260 seditiosos
1937 3197 1984 3260 G
2017 3211 2286 3267 hominem
2318 3211 2554 3279 ignotum
2585 3209 2794 3265 eminus
2824 3213 3111 3272 astantem,
3148 3204 3500 3271 dixeruntque
3528 3201 3592 3257 ad

330 3291 452 3349 illos
493 3293 548 3347 iu
582 3292 797 3363 publico
842 3300 1333 3361 repraesentarent,
1393 3293 1635 3349 nolentes
1696 3295 1911 3363 acquie-

329 3397 503 3463 scere,
545 3392 599 3440 et
644 3392 827 3438 contra
868 3398 1054 3452 regum
1095 3391 1357 3455 przecepta
1383 3386 1552 3456 magis
1575 3401 1723 3443 arma
1764 3396 1912 3445 tene-

330 3485 467 3544 rent,
513 3484 568 3531 et
612 3490 673 3532 se
720 3475 925 3546 sagittis
952 3475 1040 3533 vel
1086 3476 1287 3533 lanceis
1337 3486 1521 3534 contra
1564 3483 1815 3538 comitem
1856 3491 1913 3539 et

330 3568 542 3640 plebem
587 3567 930 3638 indignanter
956 3568 1247 3639 erigerent.
1296 3569 1431 3626 Hinc
1461 3572 1637 3628 denuo
1678 3587 1912 3643 egressae

328 3657 397 3714 ad
438 3657 764 3715 audientiam
815 3658 1100 3727 publicam,
1149 3658 1436 3716 extrahunt
1468 3659 1696 3719 Crucem
1726 3672 1749 3703 ο
1781 3678 1907 3718 san-

330 3751 472 3806 ctam
496 3751 1023 3821 sacratissimamque
1047 3753 1287 3819 occulte,
1338 3762 1392 3809 et
1418 3754 1485 3808 ad
1517 3755 1789 3824 iniuriam,
1824 3760 1910 3812 in-

331 3843 607 3912 decenter,
634 3842 703 3901 ad
730 3844 941 3913 culpam
962 3882 979 3910 ,
1024 3858 1146 3914 quae
1172 3853 1361 3914 postea
1401 3847 1687 3904 restituere
1713 3858 1913 3904 coactae

337 3943 465 3991 sunt
492 3935 547 3991 in
575 3933 819 3993 ecclesia.
847 3934 1054 4004 Quibus
1094 3942 1173 3991 tot
1200 3936 1521 4004 capitalibus
1548 3938 1745 4009 agnitis
1786 3939 1914 3996 faci-

331 4026 578 4095 noribus,
630 4040 732 4085 nec
781 4026 1100 4093 refrenatis,
1146 4028 1241 4085 sed
1276 4028 1477 4100 iugiter
1524 4030 1696 4099 magis
1743 4031 1914 4087 auctis

332 4118 668 4187 criminibus,
712 4119 868 4175 nobis
904 4120 1108 4176 eisdem
1156 4121 1481 4189 dicentibus,
1525 4130 1583 4177 ut
1629 4122 1914 4177 abbatissae

331 4227 433 4285 pro
464 4214 621 4284 culpa
649 4212 856 4270 veniam
886 4220 1149 4283 peterent,
1180 4219 1271 4269 aut
1292 4214 1434 4283 quod
1459 4213 1599 4269 male
1624 4211 1914 4269 directumd

335 4305 511 4363 fuerat
536 4305 888 4365 emendarent
916 4321 934 4362 :
957 4313 1012 4362 et
1043 4304 1286 4362 nolentes
1327 4305 1430 4361 hoc
1454 4304 1652 4374 facere,
1679 4308 1775 4364 sed
1804 4322 1915 4362 ma—

334 4400 418 4470 gis
467 4398 535 4455 de
579 4397 696 4468 eius
738 4397 1113 4455 interiectione
1154 4404 1471 4465 tractarent,
1524 4399 1667 4469 quod
1706 4399 1917 4469 publice

336 4498 468 4548 sunt
492 4490 784 4562 professae;
826 4491 1082 4549 reseratis
1108 4505 1142 4547 a
1160 4491 1318 4548 nobis
1347 4500 1402 4548 et
1428 4492 1711 4549 recensitis
1754 4506 1916 4549 cano-

336 4585 521 4656 nibus,
564 4586 734 4642 visum
767 4594 851 4643 est
896 4586 1262 4657 aequissimum
1310 4599 1423 4655 eas,
1476 4601 1645 4657 usque
1682 4600 1791 4659 quo
1835 4564 1995 4645 di-D

338 4693 497 4751 gnam
528 4688 752 4750 agerent
778 4679 1175 4748 ptenitentiam,
1223 4694 1254 4735 a
1293 4682 1669 4737 communione
1696 4679 1916 4751 privari,

337 4782 395 4832 et
421 4773 747 4831 abbatissam
788 4786 887 4828 suo
925 4772 1043 4829 loco
1087 4786 1487 4843 permansuram
1526 4773 1757 4829 restitui.
1797 4773 1916 4829 Haec

340 4880 439 4924 nos
466 4882 565 4938 pro
584 4874 763 4923 vestra
782 4865 1047 4937 iussione,
1073 4866 1216 4936 quod
1245 4865 1312 4920 ad
1338 4866 1761 4923 ecclesiasticum
1792 4881 1917 4939 per-

295 4956 307 5037 i
340 4958 497 5015 tinuit
542 4958 806 5024 ordinem,
847 4956 1251 5027 circumspectis
1280 4966 1303 4995 θ
1335 4957 1664 5026 canonibus,
1710 4959 1917 5031 absque

418 5109 443 5137 ι
470 5099 525 5155 Id
556 5108 637 5156 est
664 5100 926 5153 diaconos.

414 5166 444 5206 ι’
472 5168 683 5240 Regm.,
715 5168 893 5238 festivo
921 5165 1108 5221 scilicet
1131 5182 1219 5236 per
1246 5183 1390 5240 omne
1421 5168 1681 5240 siccatum.

421 5249 445 5279 ε
468 5237 599 5295 Eam
629 5237 833 5295 scilicet
856 5252 1013 5310 quam
1044 5237 1591 5310 sanctaRadegundis
1621 5244 1765 5291 tanta
1795 5249 1915 5310 cum

339 5322 536 5382 pompa
566 5310 632 5365 ad
663 5308 1045 5382 monasterium
1064 5308 1239 5382 afferri
1258 5317 1565 5382 curaverat,
1584 5322 1705 5382 quae
1735 5315 1792 5382 e_t_
1815 5308 1917 5382 ipsi

341 5378 535 5437 homen
566 5382 771 5435 tribuit.
808 5381 1074 5435 Caeterum
1108 5378 1228 5433 cod.
1258 5378 1447 5448 Regm.
1477 5378 1635 5447 paulo
1663 5378 1921 5448 prolixius

338 5452 504 5507 habet
531 5468 545 5505 :
577 5449 892 5515 Extrahunt,
924 5450 1225 5518 easdemque
1262 5451 1329 5502 ad
1356 5449 1601 5519 injuriam
1635 5450 1921 5502 indecenter

341 5524 619 5586 trahentes,
651 5532 699 5576 et
726 5524 922 5575 merito.
963 5520 1216 5575 Violenter
1241 5522 1370 5575 enim
1400 5529 1444 5573 et
1469 5528 1643 5572 contra
1678 5521 1921 5584 pudorem

341 5609 492 5647 suum
517 5602 725 5661 egerant
751 5593 805 5644 in
831 5593 1044 5645 ecclesia
1066 5609 1156 5646 sua
1176 5602 1352 5647 contra
1376 5592 1632 5643 ministros
1658 5590 1917 5645 Ecclesia}.

342 5663 449 5719 Sed
473 5666 599 5716 dum
628 5664 700 5717 sic
724 5664 989 5732 injuriose,
1025 5673 1077 5715 ut
1105 5667 1307 5729 quidem
1346 5664 1537 5715 meritrv
1567 5672 1712 5732 erant
1749 5666 1918 5714 trahe-

343 5745 535 5800 rentur,
570 5734 863 5800 pwnitentia
908 5734 1072 5786 ductis
1098 5750 1188 5801 pro
1219 5734 1546 5802 facinoribus,
1579 5731 1807 5802 petebant
1836 5746 1918 5785 vc-

345 5806 483 5875 uium
516 5805 609 5860 sibi
638 5805 751 5859 dari
779 5804 840 5861 ab
866 5804 1140 5865 abbatissa,
1179 5804 1463 5861 uolticentes
1490 5820 1540 5860 se
1563 5804 1919 5860 emendaturus

2011 3319 2131 3361 eum
2162 3321 2174 3356 :
2208 3302 2309 3370 Qui
2339 3316 2398 3357 es
2429 3311 2482 3355 tu
2503 3343 2517 3367 ,
2562 3308 2618 3355 et
2646 3298 2786 3353 unde
2815 3298 3001 3363 venis,
3044 3305 3135 3351 aut
3164 3294 3302 3366 quod
3340 3300 3424 3348 est
3461 3306 3594 3361 opus

2012 3394 2198 3449 tuum?
2248 3406 2354 3447 non
2384 3392 2528 3447 enim
2577 3404 2607 3445 a
2644 3389 2797 3444 nobis
2839 3386 3163 3458 agnosceris.
3223 3385 3315 3440 lllo
3372 3397 3585 3455 quoque

2010 3483 2411 3554 respondente:
2442 3482 2575 3549 Quia
2619 3481 2685 3535 de
2724 3479 2876 3535 vobis
2903 3492 3039 3543 sum,
3083 3477 3229 3534 dicto
3274 3476 3429 3533 citius
3479 3476 3592 3546 eie-

2012 3588 2129 3635 ctus
2157 3586 2306 3633 extra
2334 3577 2647 3641 oratorium,
2676 3575 3057 3644 interrogatur.
3108 3570 3216 3627 Nec
3241 3584 3391 3626 mora
3420 3569 3596 3625 conﬁ-

2014 3678 2178 3738 tetur,
2210 3669 2395 3724 dicens
2427 3682 2456 3721 a
2484 3664 2837 3735 Fredegunde
2884 3664 3070 3734 regina
3113 3675 3172 3716 se
3222 3661 3594 3715 transmissum

2011 3763 2080 3816 ad
2127 3759 2553 3816 interﬁciendum
2597 3772 2800 3827 regem,
2846 3755 3131 3825 dixitque:
3176 3750 3466 3807 Duodecim
3496 3749 3598 3804 viri

2013 3866 2200 3909 sumus
2233 3851 2301 3907 ab
2331 3865 2393 3907 ea
2432 3849 2765 3914 transmissi,
2793 3861 2887 3903 sex
2916 3846 3020 3901 huc
3050 3843 3323 3923 venimus,
3354 3843 3444 3897 alii
3471 3855 3598 3897 vero

2014 3959 2107 4003 sex
2129 3942 2507 4000 Suessionibus
2537 3946 2911 3996 remanserunt
2936 3937 3003 3992 ad
3024 3935 3398 4005 decipiendum
3426 3934 3595 3988 ﬁlium

2014 4039 2174 4107 regis.
2219 4035 2285 4089 Et
2310 4044 2408 4104 ego
2435 4046 2555 4087 cum
2589 4033 2745 4102 511
2772 4030 2943 4085 locum
2970 4027 3305 4097 praestolans,
3337 4032 3394 4080 ut
3419 4037 3600 4095 regem

2014 4124 2415 4185 Childebertum
2460 4123 2778 4178 inoratorio
2820 4128 3103 4189 percutere
3141 4117 3489 4185 desdnarem,’
3535 4114 3600 4170 ti-

2015 4231 2169 4274 more
2192 4215 2530 4287 perterritus,
2560 4227 2666 4267 non
2693 4210 2982 4267 deliberavi
3011 4209 3235 4278 implere
3262 4207 3406 4278 quod
3432 4203 3597 4262 volui.

2018 4311 2143 4367 Hasc
2171 4322 2292 4366 cum
2318 4305 2562 4373 dixisset,
2604 4303 2886 4361 confestim
2935 4304 3093 4359 saevis
3120 4301 3275 4357 datus
3302 4298 3597 4370 suppliciis,

2018 4403 2264 4459 diversos
2287 4398 2527 4456 nominat
2553 4398 2771 4461 socios;
2802 4395 2997 4467 quibus
3020 4408 3116 4466 per
3139 4394 3256 4450 loca
3285 4392 3492 4465 singula
3520 4391 3602 4446 in-

2020 4495 2249 4566 quisitis,
2278 4492 2413 4549 alios
2442 4491 2747 4548 carceribus
2789 4488 3126 4559 mancipant,
3173 4486 3310 4542 alios
3353 4484 3599 4541 manibus

2020 4587 2207 4643 incisis
2254 4585 2603 4656 relinquunt,
2659 4580 2946 4639 nonnullos
2999 4577 3220 4635 auribus
3281 4576 3603 4644 naribusque

2019 4679 2308 4749 amputatis
2337 4676 2406 4732 ad
2431 4675 2718 4733 ridiculum
2764 4672 3100 4727 laxaverunt.
3150 4667 3397 4735 Plerique
3424 4673 3603 4719 tamen

2020 4786 2089 4829 ex
2116 4772 2342 4836 vinctis,
2372 4767 2755 4839 suppliciorum
2782 4776 2979 4834 genera
3008 4766 3310 4818 metuentes
3330 4796 3345 4825 ,
3376 4754 3605 4825 propriis

2019 4878 2079 4921 se
2106 4860 2396 4919 confodere
2421 4858 2803 4939 mucronibus;
2835 4852 3077 4912 nonnulli
3106 4851 3270 4908 etiam
3313 4848 3454 4904 inter
3481 4859 3605 4917 sup-

2022 4956 2178 5027 plicia
2206 4955 2541 5021 defecerunt|
2570 4960 2631 5007 ut
2655 4949 2799 5020 regis
2826 4947 2960 5005 ultio
2991 4953 3311 5017 patraretur.

2019 5098 2275 5170 quidquid,
2309 5098 2440 5170 male
2477 5099 2704 5170 egerant.
2748 5090 2826 5170 Et.
2860 5088 2981 5170 hiec-
3016 5087 3167 5167 tertio
3202 5080 3604 5170 simulantemet

2020 5152 2666 5241 iisuitentiamf‘fgienteh
2691 5160 2853 5241 ηέαθίῆ
2878 5160 2943 5241 .49
2964 5158 3123 5241 59".“?
3162 5152 3424 5241 4902‘???

3630 1239 3661 1267 ο

2022 5220 2235 5311 ficii-55.;
2268 5220 2574 5303 trac’t'abvant,
2599 5220 2737 5305 quod
2766 5220 2963 5301 publice
2985 5220 3116 5283 sunt
3152 5223 3415 5293 confessas.
3450 5220 3601 5275 fleret
3652 5278 3661 5285 _

2023 5314 2147 5367 ratis
2174 5311 2363 5379 itaque,
2389 5316 2495 5363 etc.

2096 5381 2124 5419 ά
2162 5373 2306 5438 Εᾱὶἰί
2332 5393 2452 5435 cum
2481 5376 2634 5449 Golb.
2663 5390 2763 5440 m.,
2794 5373 3066 5449 ρξνεεριιηιι
3188 5438 3199 5449 .
3244 5436 3273 5449 ,.

2101 5463 2122 5491 ε
2166 5452 2255 5507 Sic
2286 5452 2406 5505 Bec.
2440 5458 2491 5503 et
2522 5447 2732 5515 Regnu,
2762 5444 2873 5506 alii,
2905 5443 3317 5515 circumscriptis.
3424 5506 3446 5515 ⁸
3597 5505 3606 5515 _

2105 5522 2123 5562 ί
2168 5506 2379 5591 ὴέςιηη
2412 5520 2524 5574 Hoc
2555 5506 2738 5591 autent
2761 5514 3163 5591 restrmpietatis
3193 5506 3287 5564 erit
3311 5506 3608 5591 conﬁrmari

2026 5596 2194 5650 stabili
2206 5578 2423 5664 judicio,
2452 5608 2511 5644 ne
2532 5598 2706 5664 autent
2718 5590 2861 5664 ipsas
2885 5578 3141 5664 adlocuta
3160 5597 3307 5653 quem
3330 5578 3607 5664 teut-impie

2028 5650 2387 5721 (Ιαδινιιῖτρταηι
2414 5650 2591 5719 sumtis
2617 5650 2803 5725 redire,
2835 5670 2924 5712 nec
2954 5650 3180 5714 ulterius
3204 5650 3492 5708 concedatis
3521 5662 3605 5702 as.»-

2029 5740 2220 5807 pirare,
2251 5741 2517 5801 quatenus.
