4096 6344
519 408 623 468 551

1532 395 1595 456 S.
1632 394 1964 454 GREGORII
2003 394 2315 456 EPISCOPI
2352 395 2789 462 TURONENSIS

3710 409 3833 466 553

591 520 737 580 XIX.
775 515 1135 589 Sunnigisilus
1164 525 1190 555 ι
1213 528 1344 572 vero
1372 515 1566 571 iterum
1604 516 1888 570 tormentis
1915 513 2121 569 addici-
2145 517 2202 577 Α
2225 531 2388 574 causa
2418 520 2647 587 primum
2666 522 2946 592 episcopus
2966 521 3128 579 fallax
3156 532 3402 596 repertus
3422 531 3525 584 est.
3547 525 3680 584 Post
3701 529 3830 589 hac

522 624 627 681 tur,
658 630 720 668 ac
749 611 987 684 quotidie
1018 609 1180 677 virgis
1224 608 1466 677 lorisque
1506 607 1764 672 creditur;
1796 616 1849 660 et
1895 621 2118 676 compu-

523 706 884 764 trescentibus
937 701 1283 766 vulneribus,
1336 714 1456 754 cum
1511 699 1744 769 primum
1797 700 2122 754 decurrente

523 814 656 870 pure
701 797 987 863 coepissent
1015 795 1132 863 ipsa
1163 792 1387 848 vulnera
1417 791 1620 855 claudi,
1652 792 1844 846 iterum
1882 805 2113 846 renova-

521 893 719 946 bantur
767 889 830 943 ad
863 903 1100 958 pmnam.
1153 887 1209 942 In
1251 887 1335 942 his
1385 886 1685 954 tormentis,
1717 901 1824 942 non
1853 887 2024 941 solum
2052 883 2121 940 de

524 993 698 1040 morte
725 982 1012 1052 Chilperici
1035 980 1063 1019 δ
1086 982 1251 1052 regis,
1279 995 1466 1036 verum
1497 982 1656 1036 etiam
1679 979 1888 1034 diversa
1912 978 2120 1035 scelera

525 1093 586 1134 se
620 1075 902 1132 admisisse
933 1074 1211 1130 confessus
1251 1083 1334 1128 est
1364 1091 1376 1126 :
1411 1074 1550 1128 inter
1578 1088 1710 1142 quas
1749 1071 2119 1130 Confessiones

524 1168 732 1225 addidit
751 1168 910 1223 etiam
938 1167 1179 1236 Egidinnt
1206 1166 1562 1220 Rhemensem
1585 1166 1894 1234 episc0pum
1917 1166 2121 1221 socium

525 1259 692 1316 fuisse
737 1259 792 1315 in
840 1259 932 1314 illo
963 1256 1250 1324 liaucbingi
1283 1266 1330 1324 ο,
1383 1254 1624 1311 Ursionis
1673 1271 1735 1310 ac
1778 1257 2116 1313 Berthefredi

525 1352 755 1409 consilio
794 1351 861 1405 ad
893 1350 1318 1405 interﬁciendum
1345 1346 1745 1401 Childebertum
1775 1363 1981 1417 regem.
2009 1348 2119 1404 Nec

527 1459 682 1501 mora
728 1444 932 1512 rapitur
976 1443 1280 1511 episcopus,
1331 1447 1387 1494 et
1429 1438 1496 1492 ad
1542 1439 1855 1494 Mettensem
1905 1440 2117 1510 urbem,

526 1552 648 1594 cum
680 1546 824 1613 esset
853 1533 1009 1590 valde
1045 1535 1112 1589 ab
1143 1533 1492 1604 agrotatione
1536 1532 1822 1603 longinqua
1853 1532 2119 1600 defessus,

530 1631 844 1694 adducitur;
895 1628 1074 1698 ibique
1096 1629 1196 1683 sub
1215 1628 1456 1683 custodia
1478 1627 1697 1697 degens,
1725 1644 1816 1682 rex
1844 1628 2126 1697 episcOpos

534 1724 785 1782 arcessiri
826 1723 892 1777 ad
939 1721 1058 1792 ejus
1097 1723 1552 1778 examinationem
1597 1722 1872 1790 pra-cepit,
1916 1722 2125 1776 scilicet

531 1826 590 1873 ut
619 1817 673 1870 in
702 1814 856 1871 initio
886 1813 1088 1870 mensis
1115 1812 1291 1868 octavi
1319 1813 1459 1883 apud
1493 1813 1899 1868 Viriduneusem
1931 1813 2123 1870 urbem

2223 610 2466 679 epistola:
2504 613 2726 682 prolata:
2754 623 2900 680 sunt,
2936 616 2987 670 itt
3017 616 3211 686 quibus
3249 618 3416 674 multa
3447 619 3516 676 de
3543 621 3830 692 imprope-

2222 701 2320 757 riis
2366 703 2727 760 Brunicbildis
2775 706 3124 777 tenebantur,
3177 725 3296 780 qua:
3344 711 3412 767 ad
3460 713 3831 784 Chilpericutu

2221 796 2438 863 scripta:
2466 796 2705 861 fuerant.
2734 798 2985 856 similiter
3014 809 3070 856 et
3091 801 3380 872 Chilperici
3411 805 3477 859 ad
3506 807 3833 877 episcopum

2223 887 2436 958 delatas,
2469 891 2521 946 in
2549 892 2744 962 quibus
2776 895 2916 951 inter
2953 896 3157 968 reliqua
3189 897 3488 954 habebatur
3521 901 3788 957 insertum
3810 918 3829 956 :

2230 999 2250 1036 ι
2295 984 2429 1051 Quia
2459 985 2504 1040 si
2537 987 2686 1042 radix
2725 989 3008 1058 cujuslibet
3035 991 3113 1046 rei
3144 991 3313 1048 incisa
3349 1007 3456 1048 non
3498 994 3679 1060 fuerit,
3711 995 3830 1050 cul-

2224 1089 2346 1131 mus
2375 1078 2465 1147 qui
2504 1080 2660 1134 terris
2685 1091 2772 1137 est
2799 1082 2974 1138 editus
3000 1098 3106 1139 non
3136 1093 3367 1140 arescet.
3416 1104 3436 1136 ›
3481 1086 3639 1142 Unde
3667 1103 3833 1156 pror-

2224 1180 2317 1222 sus
2367 1170 2708 1226 manifestum
2759 1184 2862 1239 est,
2915 1175 3039 1231 ideo
3066 1175 3183 1231 hzec
3212 1177 3434 1247 scripta,
3467 1187 3526 1234 ut
3567 1189 3828 1249 superata

2225 1257 2597 1325 Brunichilde,
2651 1262 2794 1318 ﬁlius
2845 1264 2963 1332 ejus
3016 1268 3428 1336 Opprimeretur.
3478 1267 3710 1337 Negavit
3763 1285 3829 1327 se

2228 1351 2513 1419 episcopus
2542 1352 2640 1407 has
2679 1355 2935 1424 epistolas
2964 1359 3044 1412 vel
3076 1359 3291 1415 misisse
3329 1374 3430 1415 suo
3461 1363 3706 1431 nomine,
3739 1363 3830 1419 vel

2225 1440 2528 1511 suscepisse
2559 1460 2586 1496 a
2619 1447 2879 1516 rescripto
2905 1448 3219 1518 Chilperici.
3273 1450 3380 1507 Sed
3419 1467 3557 1521 puer
3590 1453 3706 1522 ejus
3745 1453 3831 1509 fa-

2227 1536 2455 1591 miliaris
2488 1537 2680 1609 adfuit,
2715 1542 2805 1610 qui
2836 1543 2950 1597 haec
2997 1553 3245 1599 notarum
3292 1545 3460 1600 titulis
3505 1562 3600 1616 per
3646 1557 3830 1604 tomos

2229 1630 2536 1686 chartarum
2564 1633 2951 1702 comprehensa
2982 1634 3199 1690 tenebat
3227 1652 3238 1688 :
3282 1637 3426 1691 unde
3464 1652 3571 1691 non
3602 1637 3830 1694 dubium

2228 1721 2328 1777 fuit
2349 1722 2726 1788 residentibus,
2754 1725 2866 1778 haac
2887 1724 2954 1778 ah
2975 1723 3164 1779 eodem
3187 1726 3345 1797 513
3371 1725 3593 1782 directa.
3622 1729 3830 1784 Deinde

2230 1814 2449 1882 prolata:
2497 1824 2619 1867 sunt
2651 1814 2925 1882 pactiones
2949 1816 3102 1883 quasi
3144 1829 3211 1869 ex
3250 1815 3464 1871 nomine
3487 1816 3830 1874 Cltildeberti

529 1909 719 1965 adesse
747 1908 1025 1964 deberent.
1061 1907 1212 1962 Tunc
1251 1908 1319 1962 ab
1347 1907 1466 1961 aliis
1492 1907 1862 1962 sacerdotibus
1892 1908 2124 1976 iucrepi«
2153 1906 2203 1967 B
2227 1919 2290 1959 ac
2315 1904 2607 1975 Chilperici
2639 1906 2804 1974 regis,
2837 1904 2890 1959 itt
2922 1906 3114 1975 quibus
3145 1907 3426 1962 tenebatur
3452 1907 3743 1975 insertum,
3776 1920 3835 1964 ut

534 2010 642 2069 tus,
671 2016 768 2057 cur
796 2001 1066 2055 hominem
1109 2000 1314 2070 absque
1361 1999 1628 2056 audientia
1658 2001 1726 2054 ab
1760 2002 1890 2056 urbe
1919 2003 2032 2071 rapi
2074 2011 2129 2058 et

531 2094 587 2152 in
632 2094 931 2149 custodiam
979 2093 1181 2149 retrudi
1232 2094 1594 2162 praecepisset,
1630 2094 1870 2163 permisit
1907 2110 2028 2150 eum
2061 2094 2129 2149 ad

537 2187 725 2241 urbem
754 2199 904 2240 suam
934 2186 1134 2251 redire,
1176 2184 1412 2255 dirigens
1439 2185 1717 2250 epistolas,
1755 2195 1811 2240 ut
1859 2201 2018 2251 supra
2055 2187 2132 2239 di-

533 2277 731 2342 ximus,
782 2276 849 2330 ad
899 2290 1086 2330 omnes
1139 2275 1288 2344 regni
1345 2275 1428 2328 sui
1483 2276 1786 2345 pontiﬁces,
1843 2284 1904 2330 ut
1952 2275 2131 2332 medio

532 2380 721 2422 mense
747 2380 889 2420 nono
917 2365 984 2420 ad
1010 2364 1401 2420 discutiendum
1434 2365 1486 2420 in
1520 2365 1650 2421 urbe
1678 2366 1988 2435 supradicta
2032 2367 2130 2421 ad-

533 2473 654 2515 esse
683 2457 958 2513 deberent.
985 2456 1152 2512 Erant
1179 2467 1356 2512 autetn
1382 2456 1576 2526 pluvia:
1605 2458 1815 2520 validae,
1850 2473 2004 2528 aquae
2034 2458 2132 2512 im-

537 2562 759 2616 mensae,
786 2549 929 2618 rigor
956 2549 1332 2614 intolerabilis,
1356 2549 1630 2604 dissoluta:
1652 2549 1767 2602 luto
1796 2550 1919 2614 viae,
1946 2565 2132 2606 amnes

536 2641 717 2697 littora
745 2642 1066 2697 excedentes
1098 2659 1110 2694 :
1151 2643 1244 2697 sed
1277 2641 1627 2710 prmceptioni
1658 2641 1821 2711 regiae
1872 2641 2134 2698 obsistere

537 2735 912 2806 nequiverunt.
967 2735 1207 2805 Denique
1252 2736 1409 2806 512
1441 2736 1842 2799 convenientes,
1879 2737 2134 2804 pertracti

537 2838 666 2886 sunt
714 2842 884 2897 usque
927 2828 1241 2883 Mettensem
1291 2831 1476 2882 urbem
1511 2845 1522 2879 :
1554 2827 1734 2896 ibique
1781 2836 1837 2883 et
1883 2827 2134 2897 praefatus

541 2921 760 2992 Egidius
787 2921 976 2976 adfuit.
1027 2921 1178 2977 Tunc
1219 2937 1313 2977 rex
1354 2919 1627 2975 inimicum
1665 2936 1786 2976 eum
1830 2920 1932 2977 sibi
1964 2921 2136 2993 regio—

539 3016 728 3086 nisque
778 3016 1105 3085 proditorem
1152 3029 1272 3070 esse
1321 3015 1695 3084 pronuntians,
1729 3015 2030 3070 Ennodium
2064 3032 2131 3072 ex

540 3108 676 3164 duce
706 3107 771 3162 ad
800 3109 1067 3176 negotium
1110 3105 1305 3176 delegit
1353 3107 1802 3175 prosequendum,
1834 3109 1986 3177 cujus
2011 3124 2137 3178 pro-

546 3201 742 3272 positio
791 3202 960 3269 prima
1008 3199 1123 3255 ha-c
1151 3198 1245 3252 fuit
1274 3217 1288 3253 :
1328 3199 1419 3254 Dic
1449 3200 1602 3266 mihi,
1653 3217 1684 3250 o
1709 3202 1978 3272 episc0pe,
2011 3203 2136 3271 quid

2232 1997 2404 2067 ejecto
2430 1997 2831 2053 Gttntchranino
2859 2014 2982 2068 rege
3000 2044 3016 2068 ,
3051 2000 3104 2055 hi
3131 2001 3239 2056 duo
3264 2015 3416 2073 reges
3458 2002 3598 2057 inter
3626 2017 3684 2058 se
3709 2003 3835 2073 ejus

2232 2107 2456 2162 regnum
2492 2092 2760 2161 urbesque
2791 2091 3138 2147 dividerent:
3182 2092 3277 2148 sed
3325 2094 3540 2164 negavit
3577 2094 3692 2150 haec
3733 2110 3833 2151 rex

2233 2199 2354 2240 cum
2385 2199 2482 2238 suo
2513 2186 2708 2239 factum
2739 2185 2984 2252 consilio,
3016 2186 3235 2241 dicens:
3264 2186 3400 2252 Quid
3432 2195 3487 2242 tu
3511 2187 3834 2244 commisisti

2234 2286 2455 2348 patruos
2483 2292 2654 2344 meos,
2691 2287 2750 2332 ut
2777 2277 2917 2333 inter
2955 2278 3075 2333 illos
3106 2279 3304 2335 bellum
3329 2279 3490 2334 civile
3535 2295 3831 2351 consurge-

2233 2371 2348 2426 ret?
2377 2371 2527 2426 Unde
2556 2372 2750 2426 factum
2775 2381 2856 2427 est
2873 2380 2933 2426 ut
2955 2381 3253 2429 commotus
3274 2374 3545 2428 exercitus
3571 2375 3836 2444 Biturigas

2236 2460 2446 2526 urbem,
2497 2477 2797 2531 pagumque
2829 2465 3227 2532 Stampensem,
3261 2464 3346 2518 vel
3376 2463 3778 2521 Mediolanense
3809 2476 3832 2504 θ

2234 2561 2469 2608 castrum
2493 2563 2783 2610 attererent
2807 2563 2965 2625 atque
2985 2554 3468 2625 deponularentur:
3492 2558 3544 2612 itt
3565 2572 3672 2628 quo
3693 2558 3835 2614 bello

2235 2647 2386 2701 multi
2415 2646 2720 2716 interempti
2749 2657 2893 2713 sunt,
2920 2662 3172 2716 quorum,
3197 2656 3254 2702 ut
3283 2659 3432 2717 puto,
3455 2650 3651 2705 anima:
3677 2657 3836 2704 erunt

2236 2739 2330 2794 Dei
2351 2739 2553 2808 judicio
2576 2740 2643 2795 de
2673 2742 2776 2795 tuis
2801 2741 3048 2796 manibus
3075 2742 3438 2812 requirendaei
3469 2742 3594 2798 llaec
3623 2744 3837 2812 episco-

2238 2845 2336 2899 pus
2368 2845 2564 2899 negare
2610 2844 2716 2885 non
2749 2832 2940 2900 potuit.
2971 2831 3181 2902 Scripta
3211 2832 3352 2887 enim
3393 2833 3493 2885 ista
3533 2833 3588 2885 in
3618 2841 3839 2899 regesto

2236 2923 2523 2992 Chilperici
2559 2925 2703 2994 regis
2743 2923 2794 2978 in
2841 2939 2947 2979 uno
2987 2924 3307 2980 scriniorum
3346 2923 3538 2992 pariter
3564 2934 3692 2977 sunt
3741 2939 3840 2980 re-

2239 3026 2393 3086 perta
2431 3032 2444 3070 :
2478 3030 2541 3072 ac
2586 3025 2715 3071 tunc
2759 3015 2824 3070 ad
2863 3031 2984 3070 eum
3029 3025 3406 3084 pervenerunt,
3448 3015 3666 3085 quando
3698 3015 3840 3072 inte-

2239 3115 2450 3175 rempto
2473 3106 2798 3174 Chilperico,
2827 3107 3059 3162 thesauri
3088 3107 3202 3174 ejus
3229 3106 3296 3162 de
3318 3105 3525 3162 Calensi
3550 3107 3839 3163 Parisiacm

2244 3199 2394 3253 urbis
2434 3200 2560 3251 villa
2603 3199 2765 3252 ablati
2811 3199 2877 3252 ad
2917 3199 3166 3253 eumdem
3198 3198 3362 3252 delati
3394 3208 3544 3255 sunt.
3593 3199 3837 3269 Cumque

544 3293 638 3348 tibi
664 3294 838 3348 visum
873 3293 989 3358 fuit,
1018 3301 1074 3346 ttt
1103 3292 1289 3346 relicto
1321 3307 1469 3364 rege,
1501 3293 1552 3346 itt
1585 3295 1735 3361 cujus
1765 3297 1896 3348 urbe
1927 3297 2138 3364 episco-
2167 3275 2213 3336 C
2248 3290 2313 3344 de
2345 3289 2713 3358 hujuscemodi
2741 3289 2916 3344 causis
2960 3289 3240 3344 altercatio
3270 3290 3470 3345 diutius
3509 3291 3837 3360 traheretur,

545 3395 701 3455 palus
731 3386 935 3439 honore
985 3383 1271 3451 fruebaris,
1305 3393 1355 3440 te
1383 3385 1672 3454 Chilperici
1724 3389 1865 3456 regis
1893 3388 2140 3443 amicitiis

548 3479 878 3544 subtlereris,
919 3478 1006 3547 qui
1051 3493 1263 3547 semper
1295 3479 1538 3533 inimicus
1565 3478 1782 3533 domino
1815 3491 1997 3534 nostro
2028 3481 2140 3548 regi

546 3568 716 3623 luisse
747 3569 1023 3639 probatur,
1055 3569 1144 3638 qui
1177 3579 1379 3638 patrem
1431 3570 1548 3637 ejus
1596 3571 1881 3636 interfecit,
1913 3579 2138 3626 matrem

547 3662 738 3717 exsilio
768 3659 795 3698 ά
826 3662 1221 3731 condemnavit,
1257 3677 1586 3733 regnumque
1633 3663 1880 3728 pervasit,
1912 3674 1966 3718 et
1997 3666 2046 3717 in
2081 3665 2141 3720 iis

549 3755 768 3810 urbibus
795 3768 948 3824 quas,
983 3764 1039 3807 ιιι
1068 3754 1324 3817 diximus,
1356 3755 1537 3821 iniquo
1570 3753 1904 3820 pervasionis
1933 3756 2139 3821 ordine,

547 3863 646 3903 suo
675 3847 913 3901 dominio
942 3844 1270 3916 subjttgavit,
1319 3853 1372 3897 ttt
1419 3845 1487 3898 ab
1524 3844 1713 3900 eodem
1746 3847 2140 3910 posses~innum

547 3940 808 3996 ﬁscalium
846 3938 1044 4009 praedia
1093 3937 1379 3992 meruisti?
1415 3937 1495 3992 Ad
1550 3937 1664 3992 haec
1703 3939 1794 3992 ille
1825 3940 2139 4008 respondit:

548 4033 701 4101 Quod
730 4035 920 4089 fuerim
951 4034 1159 4088 anticus
1185 4031 1328 4102 regis
1355 4029 1642 4096 Chilperici
1673 4046 1872 4098 negare
1906 4049 2009 4087 non
2043 4049 2140 4101 po.

548 4131 682 4189 tero,
717 4139 824 4180 non
878 4135 1054 4180 tamen
1086 4133 1272 4180 contra
1321 4122 1600 4178 utilitatem
1646 4125 1785 4193 regis
1813 4123 2146 4179 Childeberti

547 4213 665 4271 haec
691 4215 924 4270 amicitia
966 4216 1270 4284 pullulavit.
1326 4213 1490 4269 Villas
1521 4230 1646 4270 vero
1675 4230 1810 4283 quas
1852 4230 2142 4283 memoras,

549 4323 645 4378 per
706 4310 861 4363 istius
904 4308 1046 4377 regis
1091 4310 1306 4363 chartas
1354 4308 1582 4362 emerui.
1639 4306 1790 4360 Tunc
1833 4306 2142 4374 proferente

550 4396 768 4454 easdem
802 4399 855 4451 in
880 4398 1112 4466 publico,
1143 4408 1297 4466 negat
1332 4412 1430 4451 rex
1461 4411 1522 4452 se
1552 4396 1797 4465 largitum
1831 4395 2023 4463 fuisse;
2057 4414 2144 4455 re-

548 4486 883 4558 quisitusque
918 4488 1042 4540 Otto
1072 4485 1202 4557 [Ed.
1228 4485 1414 4558 0tho|,
1445 4486 1535 4556 qui
1581 4493 1706 4540 tunc
1749 4484 2145 4545 referendarius

551 4576 747 4641 fuerat,
782 4573 936 4645 cujus
964 4575 1036 4630 ibi
1081 4573 1404 4644 subscriptio
1434 4575 1688 4631 meditata
1719 4578 2020 4646 tenebatur,
2051 4581 2144 4637 ad-

2246 3381 2416 3434 adfuit
2457 3388 2512 3435 et
2552 3382 2716 3434 abbas
2747 3381 3076 3449 Epiphanius
3107 3383 3346 3437 basilicae
3392 3383 3562 3436 sancti
3590 3383 3837 3452 Remigii,

2246 3471 2429 3526 dicens
2459 3472 2598 3540 quod
2637 3471 2743 3525 duo
2781 3472 2944 3526 millia
2977 3487 3262 3528 aureorum
3303 3475 3619 3543 speciesque
3651 3473 3840 3528 multas

2247 3578 2345 3631 pro
2373 3563 2734 3617 conservanda
2769 3564 2910 3632 regis
2937 3563 3224 3633 Chilperici
3259 3565 3488 3619 amicitia
3522 3565 3838 3634 accepisset.

2246 3653 2652 3723 Astiteruntqne
2696 3656 2856 3708 etiam
2906 3663 2960 3708 et
2999 3654 3191 3723 legati,
3229 3654 3318 3724 qui
3359 3669 3483 3709 cum
3527 3655 3719 3710 eodem
3775 3653 3839 3708 ad

2248 3759 2603 3802 memoratum
2656 3762 2836 3815 regem
2889 3747 3129 3814 fuerant,
3175 3749 3465 3804 dicentes:
3520 3748 3654 3815 Quia
3687 3746 3840 3802 nobis

2249 3843 2451 3899 relictis
2495 3842 2694 3895 diutius
2725 3856 2848 3895 cum
2880 3840 3068 3894 eodem
3101 3838 3248 3894 solus
3288 3839 3583 3894 collocutus
3615 3848 3697 3893 est
3731 3856 3744 3889 :
3777 3837 3842 3892 de

2247 3937 2442 4007 quibus
2473 3936 2653 3988 verbis
2680 3933 2817 3988 nihil
2863 3931 3248 3999 intelleximus,
3283 3931 3384 3985 nisi
3421 3929 3712 3997 supradicti
3750 3945 3842 3984 ex-

2249 4027 2374 4084 cidii
2407 4027 2836 4096 prosecutionem
2878 4025 3222 4093 imposterum
3265 4031 3672 4092 cognoscentes.
3721 4022 3842 4076 ΙΙκο

2250 4137 2314 4177 eo
2337 4131 2581 4191 negante,
2599 4121 2764 4174 abbas
2785 4117 2874 4187 qui
2895 4117 3065 4171 fuerat
3089 4130 3305 4184 semper
3336 4118 3385 4168 itt
3407 4113 3473 4169 iis
3495 4113 3840 4168 consiliorum

2249 4214 2460 4268 arcanis
2501 4212 2804 4281 particeps,
2858 4209 3034 4263 locum
3081 4207 3461 4275 hominemque
3505 4203 3837 4271 denominat,

2249 4306 2363 4371 ubi,
2394 4314 2449 4360 et
2475 4305 2563 4374 qui
2593 4317 2804 4370 aureos,
2835 4315 2969 4370 quos
2996 4298 3258 4364 diximus,
3291 4298 3601 4363 detulisset;
3633 4307 3689 4352 et
3717 4311 3844 4366 qua-

2252 4397 2372 4452 liter
2407 4397 2473 4451 de
2509 4396 2718 4450 excidio
2755 4393 2989 4462 regionis
3032 4406 3096 4446 ac
3131 4391 3272 4462 regis
3298 4389 3689 4446 Guntchramtti
3719 4403 3843 4444 con-

2252 4499 2471 4544 ventum
2513 4488 2708 4552 fuerat,
2748 4495 2806 4539 ut
2838 4493 3044 4554 gestum
3072 4493 3154 4538 est
3193 4497 3258 4539 ex
3300 4482 3490 4538 ordine
3516 4481 3843 4536 denarravit.

2250 4583 2382 4650 Quae
2409 4589 2463 4635 et
2493 4579 2582 4633 ille
2623 4577 2919 4644 convictus,
2967 4575 3220 4645 deinceps
3266 4582 3348 4630 est
3389 4573 3687 4628 confessus.
3723 4571 3843 4628 llaec

549 4672 670 4738 fuit,
700 4682 860 4742 negat
885 4685 947 4727 se
974 4670 1356 4738 subscripsisse
1388 4687 1402 4724 :
1431 4670 1660 4726 conﬁcta
1690 4671 1832 4726 enim
1877 4685 1993 4728 erat
2029 4690 2145 4731 nia-
2169 4662 2224 4723 D
2248 4675 2528 4731 audientes
2557 4670 2794 4740 episcopi
2835 4669 2922 4738 qui
2954 4668 3197 4723 advocati
3241 4666 3473 4732 fuerant,
3507 4674 3561 4722 et
3603 4667 3654 4720 in
3689 4667 3844 4722 tantis

548 4781 650 4826 nus
677 4767 794 4837 ejus
835 4765 890 4821 in
921 4763 1080 4836 hujus
1111 4763 1486 4835 praeceptionis
1516 4766 1739 4836 scripto.
1772 4766 1827 4822 ltt
1853 4766 1955 4823 hac
1984 4769 2146 4840 igitur

622 4915 648 4945 ⁸
688 4905 904 4976 Regm.,
946 4911 1008 4959 ut
1042 4903 1180 4958 libro
1213 4901 1562 4973 praecedenti,
1593 4917 1713 4972 cap.
1744 4904 1833 4969 58,
1868 4903 2142 4976 Ποπιιηίρὶ-

551 4977 696 5034 silua.

623 5048 650 5087 δ
695 5048 784 5106 Sic
813 5062 943 5104 mss.
977 5061 1166 5100 omnes
1195 5055 1247 5100 ct
1277 5046 1440 5111 editi;
1473 5045 1719 5101 Valesius
1751 5054 1926 5100 tamen
1973 5047 2148 5115 legen-

553 5121 680 5176 dum
741 5129 924 5175 censet
964 5117 1293 5171 Childeberti.
1350 5119 1548 5182 quue,
1602 5127 1658 5171 ιιι
1700 5127 1846 5184 putat
1885 5127 2144 5185 erratum,

555 5191 797 5260 Gregorii
842 5189 1117 5244 memorim
1151 5190 1317 5255 lapsui
1349 5188 1613 5260 attribuit,
1668 5204 1786 5241 cum
1821 5189 1955 5240 haud
1985 5192 2153 5253 possi-

553 5259 785 5317 bileinsi
813 5261 1074 5322 videatur,
1108 5261 1284 5313 virum
1317 5259 1546 5314 nobilem
1573 5274 1640 5312 ex
1670 5262 1960 5322 Austrasia,
1989 5268 2151 5327 atque

553 5333 606 5385 in
634 5332 961 5386 Childeherti
993 5331 1190 5398 palatio
1220 5331 1535 5383 honoratum
1569 5345 1595 5380 a
1623 5329 1997 5397 Fredegunde,
2028 5344 2149 5395 quae

558 5400 842 5466 Chilperici
895 5402 1143 5455 interitus
1191 5409 1383 5454 auctor
1425 5415 1545 5454 esse
1597 5409 1832 5465 putatur,
1883 5401 2148 5453 delectum

557 5471 721 5526 fuisse
750 5471 818 5524 ad
850 5471 1184 5524 inferendam
1218 5471 1319 5536 ipsi
1344 5470 1644 5534 Chilperico
1682 5486 1889 5536 necem,
1919 5473 2151 5526 maxime

556 5555 679 5596 cuin
725 5542 840 5610 ipsa
886 5543 938 5593 in
970 5541 1214 5596 Neustria
1263 5541 1508 5596 habuerit
1555 5539 1860 5604 complures
1907 5541 2146 5605 sicarios,

557 5611 648 5680 qui
680 5612 938 5666 scelerum
966 5612 1133 5677 ipsius
1165 5612 1405 5665 ﬁdissimi
1438 5619 1591 5666 erant
1623 5611 1878 5665 ministri.
1904 5610 2148 5666 Nondum

560 5691 739 5737 tamen
790 5680 998 5752 obierat
1025 5682 1425 5745 Childebertus,
1477 5681 1688 5751 quando
1720 5682 1834 5737 luec
1861 5682 2148 5752 Gregorius

558 5753 847 5807 scribebat.
880 5750 1038 5808 Unde
1069 5753 1113 5806 si
1139 5767 1265 5806 vera
1304 5754 1372 5806 sit
1401 5750 1595 5806 Valesti
1627 5753 1831 5821 opinio,
1881 5750 2145 5806 hic'locus

558 5823 936 5894 intelligendus
977 5822 1047 5894 tle
1069 5832 1264 5894 ,tnorte
1293 5838 1450 5888 quam
1475 5823 1830 5894 Ranchingus‘
1861 5833 1916 5876 et
1946 5822 2037 5880 alii
2064 5822 2149 5882 hic

557 5891 845 5958 memorati
871 5893 1218 5964 Cbildeberto
1246 5892 1490 5950 meditati
1517 5891 1974 5954 fuerantinferre.

2249 4768 2404 4823 malis
2425 4763 2761 4820 sacerdotem
2784 4760 2992 4816 Domini
3014 4765 3329 4814 contuentes
3350 4757 3517 4813 fuisse
3535 4755 3843 4820 satellitem,

2323 4915 2347 4944 ο
2370 4903 2494 4964 Alii,
2518 4901 2919 4971 Ravingus,_seu
2943 4894 3294 4971 Ravincus.__ls
3321 4895 3553 4971 ipse__est
3586 4894 3844 4971 Ranchina

2249 4991 2368 5047 gtts,
2398 4976 2464 5028 de
2485 4987 2596 5047 quo
2625 4965 2781 5047 supra
2811 4969 2904 5022 lib.
2931 4983 3046 5031 vrtt,
3079 4981 3196 5047 cap.
3221 4965 3395 5047 ‘29,_et
3421 4966 3512 5021 lib.
3539 4981 3614 5032 ις,
3643 4980 3764 5034 cap.
3787 4966 3838 5034 9,

2255 5038 2673 5113 ubi'conjuratio
2703 5041 2788 5094 hic
2815 5049 3110 5093 memorata
3145 5038 3485 5093 describitur.

2339 5136 2366 5176 ὰ
2398 5137 2611 5205 chm.,
2645 5130 2889 5205 equuleo;
2937 5128 3030 5183 sed
3057 5128 3220 5205 altera
3268 5128 3429 5205 lect_io
3472 5124 3844 5205 melior.__Nam

2262 5210 2443 5276 reipsa
2481 5199 2871 5276 Chilpericus,_
2900 5209 2956 5251 ut
2983 5209 3163 5276 narrat
3208 5202 3321 5276 ipse
3344 5199 3640 5276 flregorius
3671 5199 3763 5276 lib.
3790 5214 3840 5265 v,

2261 5268 2441 5346 cap'.l,
2476 5285 2594 5346 post
2617 5268 2876 5340 ’Sigiberti
2905 5285 3089 5326 necem
3109 5268 3501 5324 Brunichildem
3525 5269 3575 5322 itt
3596 5269 3843 5323 exsilium

2264 5345 2532 5418 deportari
2562 5345 2745 5415 jussit.

2332 5452 2354 5480 ε
2399 5441 2487 5495 Sic
2511 5439 2709 5493 habent
2732 5438 2855 5490 Bec.
2885 5443 2938 5488 et
2963 5433 3114 5488 Colb.
3151 5449 3223 5486 m.
3257 5433 3413 5486 Cotti.
3448 5446 3499 5493 a.
3555 5430 3841 5485 Mediolan-

2252 5529 2399 5576 sem;
2431 5511 2580 5576 editi,
2608 5507 3002 5561 Miliodtmense.
3034 5504 3151 5570 Hic,
3192 5512 3256 5576 Aut
3289 5514 3432 5576 puto,
3467 5502 3840 5568 Mediolanum,

2253 5599 2346 5638 seu
2382 5573 2706 5649 Magdunum
2755 5578 3056 5649 Biturigum
3083 5573 3270 5649 potius
3310 5573 3660 5649 desigttatur,_
3684 5588 3839 5640 quam

2252 5642 2611 5714 Melodunutn,
2646 5647 2784 5714 quod
2823 5655 2904 5700 est
2931 5642 3190 5711 oppidum
3229 5644 3498 5698 Senonum
3526 5642 3836 5714 adSeqna-

2257 5740 2403 5847 Rm.
2432 5712 2729 5847 Ulrllmtgl‘e
2759 5717 2896 5774 bello
2925 5715 3029 5777 isto
3056 5717 3360 5773 lacessitum
3388 5725 3490 5772 est.
3524 5712 3660 5773 Vide
3685 5728 3839 5790 supra

2276 5812 2292 5847 ι
2333 5833 2349 5847 .
2383 5809 2460 5847 γι.
2489 5806 2607 5847 can.
2714 5829 2730 5847 ο

2256 5795 2349 5855 lib.
2383 5809 2460 5865 γι,
2489 5806 2607 5863 cap.
2639 5795 2730 5847 51.
