4096 6344
493 374 596 428 52,5

1496 378 1553 430 S.
1598 375 1928 432 GREGORII
1973 376 2274 433 EPISCOI'I
2319 378 2754 436 TURONENSIS

3664 383 3772 439 ἔδδῦ

491 493 580 543 vix
608 498 860 559 quantum
890 491 1087 560 quinta:
1119 489 1256 540 luna:
1290 500 1490 540 cornua
1521 487 1774 550 retinent,
1809 488 1872 540 ad
1899 487 2079 542 lucen-
2114 495 2157 549 Α
2188 491 2339 557 quasi
2397 505 2558 558 super
2611 492 2769 544 aliam
2825 491 3162 546 medietatem
3221 491 3366 546 urbis
3392 532 3408 556 ,
3467 491 3770 562 apprehen-

495 579 622 633 dum
676 579 916 634 haberet.
955 576 1153 630 Pluvia:
1201 575 1420 642 validae,
1457 575 1683 630 tonitrua
1732 577 1783 630 itt
1829 589 2083 632 autumno

493 676 698 745 gravia,
731 690 881 745 aqua:
921 683 1098 728 autem
1139 671 1363 726 nimium
1413 671 1772 730 invaluerunt.
1809 670 2084 728 Vivarien-

497 779 652 823 seuiti
686 766 1121 836 Avenniramque
1153 765 1332 820 urbem
1369 764 1604 833 graviter
1637 764 1749 818 lues
1788 765 2082 834 inguinaria

495 859 811 912 devastavit.

567 949 759 1004 XXIV.
802 951 958 1002 Anno
1011 946 1169 1017 igitur
1219 944 1432 1012 decimo
1495 952 1650 998 sexto
1709 943 2081 1009 Childeberti,

502 1041 891 1098 Guntchramni
917 1050 1091 1094 autem
1118 1038 1389 1109 trigesimo
1411 1051 1616 1105 regem,
1641 1037 1854 1104 quidam
1878 1037 2085 1106 episco-

499 1149 598 1203 pus
613 1135 682 1188 de
700 1132 1071 1187 transmarinis
1091 1130 1330 1199 partibus
1353 1128 1417 1182 ad
1440 1128 1761 1182 Toronicam
1779 1131 1964 1182 urbem
1992 1127 2088 1181 ad-

498 1226 661 1294 venit,
714 1225 928 1279 nomine
959 1224 1167 1278 Simon.
1211 1221 1306 1276 llic
1338 1220 1492 1274 nobis
1524 1223 1859 1275 eVersionem
1899 1221 2083 1275 Antiu-

489 1316 628 1371 cbia:
659 1317 804 1372 urbis
846 1316 1174 1379 enuntiavit,
1221 1328 1468 1368 asserens
1518 1328 1577 1368 se
1622 1317 1689 1368 de
1739 1315 1988 1367 Armenia
2033 1314 2084 1366 in

495 1409 718 1466 Perside
743 1410 1066 1480 captivaturn
1093 1407 1274 1462 luisse.
1306 1406 1416 1462 Rex
1445 1408 1588 1461 enim
1612 1407 1917 1471 Persarum,
1951 1407 2089 1459 irru-

492 1515 586 1572 pro
626 1502 1000 1557 Armeniorum
1033 1501 1282 1566 termino,
1330 1498 1540 1567 prmdas
1569 1500 1677 1568 egit
1725 1498 2087 1567 ecclesiasque

494 1595 603 1666 igni
632 1595 932 1661 succendit,
964 1603 1018 1648 et
1050 1592 1190 1647 hunc
1219 1591 1553 1645 sacerdotem
1583 1606 1702 1644 cum
1734 1590 1930 1659 populo
1961 1607 2080 1656 suo,

493 1695 552 1737 ut
581 1685 840 1748 diximus,
874 1682 1138 1752 captivum
1183 1681 1422 1736 abduxit.
1451 1683 1600 1735 Tunc
1627 1683 1787 1736 etiam
1816 1693 1870 1737 et
1901 1683 2084 1735 basili-

490 1791 610 1832 cam
639 1787 944 1832 sanctorum
983 1777 1327 1846 quadraginta
1357 1784 1477 1829 octo
1519 1786 1836 1845 martyrum,
1869 1775 1936 1829 de
1965 1776 2085 1845 qui-

2189 596 2278 635 sus
2327 593 2410 636 est
2457 599 2486 636 a
2541 583 2747 638 duobus
2795 585 2955 639 sociis
2999 584 3088 654 qui
3138 598 3258 638 cum
3298 599 3364 639 eo
3401 594 3577 648 erant,
3609 592 3773 654 atque

2187 672 2497 729 obsecratus
2555 675 2882 731 terribilibus
2934 674 3328 744 sacramentis,
3365 684 3420 729 ut
3471 675 3774 747 indulgeret

2188 765 2456 819 medietati
2488 766 2654 835 urbis,
2686 782 2754 822 ne
2785 776 2983 834 rueret,
3016 767 3360 838 mitigatoque
3404 768 3585 824 furore
3611 771 3775 826 susti-

2188 855 2300 907 nuit
2347 870 2563 910 manum
2619 873 2794 921 suam,
2847 868 3007 930 atque
3053 861 3271 916 elevans
3308 861 3580 916 hominem
3611 863 3777 935 519

2187 945 2277 1013 qui
2303 957 2580 1001 corruerat
2609 948 2660 1002 in
2694 958 2915 1017 terram,
2942 951 3016 1004 ait
3044 968 3057 1002 ε
3093 951 3236 1006 Vade
3259 951 3326 1005 ad
3356 951 3575 1007 domum
3605 961 3774 1021 tuam,

2189 1052 2255 1091 ne
2284 1038 2471 1094 timeas
2507 1056 2518 1093 :
2569 1039 2658 1094 ﬁlii
2700 1041 2842 1094 enim
2877 1043 2950 1095 tui
2987 1056 3107 1096 cum
3141 1059 3308 1097 uxore
3335 1054 3388 1098 et
3417 1045 3565 1099 omni
3611 1046 3780 1102 domo

2189 1139 2275 1184 tua
2305 1130 2436 1184 Salvi
2462 1142 2607 1199 sunt,
2643 1148 2740 1188 nec
2763 1134 3043 1204 quisquam
3074 1150 3137 1188 ex
3167 1138 3244 1190 eis
3277 1137 3453 1204 periit.
3474 1137 3777 1193 Custodivit

2187 1222 2330 1275 enim
2375 1232 2426 1277 te
2455 1225 2626 1278 oratio
2653 1227 2865 1279 assidua
2894 1235 2948 1280 et
2978 1227 3339 1296 eleemosynae
3365 1242 3498 1297 quas
3526 1230 3772 1297 quotidie

2189 1330 2407 1368 exerces
2458 1316 2510 1370 in
2560 1332 2843 1387 pauperes.
2892 1318 2954 1372 Et
3001 1318 3116 1373 hac
3156 1320 3357 1383 dicens,
3413 1321 3779 1377 discesserunt

2190 1406 2258 1458 ab
2287 1406 2451 1460 oculis
2479 1407 2620 1476 ejus,
2653 1424 2750 1463 nec
2777 1409 2825 1464 ei
2862 1421 3223 1480 apparuerunt
3264 1413 3421 1464 ultra.
3466 1411 3555 1465 Ille
3596 1424 3776 1467 autem

2190 1511 2465 1565 regressus
2495 1499 2548 1552 in
2581 1501 2795 1565 urbem,
2831 1501 3031 1570 reperit
3073 1503 3216 1554 urbis
3257 1504 3601 1557 medietatem
3631 1504 3779 1560 diu-

2192 1601 2297 1643 tam
2328 1598 2486 1659 atque
2508 1591 2819 1644 subversam
2848 1607 2967 1644 cum
3002 1592 3306 1648 hominibus
3346 1595 3734 1664 pecoribusque
3760 1637 3776 1659 ,

2189 1693 2254 1732 ex
2302 1680 2497 1746 quibus
2529 1681 2767 1735 nonnulli
2801 1698 2828 1734 a
2872 1683 3037 1737 ruinis
3085 1684 3338 1752 deinceps
3381 1686 3610 1740 extracti
3657 1699 3780 1741 sunt

2193 1771 2412 1837 mortui,
2447 1773 2595 1840 pauci
2636 1772 2896 1827 debilitati
2937 1777 3135 1843 reperti
3166 1790 3290 1830 sunt
3330 1778 3457 1834 vivi.
3500 1778 3783 1834 Verumta-

491 1870 592 1924 bus
633 1869 687 1924 in
725 1869 864 1922 libro
901 1867 1280 1922 Miraculerum
1325 1863 1587 1920 meruinib
1613 1906 1628 1930 ,
1657 1865 1744 1933 qui
1785 1865 1836 1918 itt
1871 1866 1955 1919 illa
2005 1880 2086 1919 re-
2120 1876 2167 1935 Β
2195 1878 2314 1916 men
2341 1879 2437 1916 nec
2468 1863 2557 1916 illa
2587 1873 2794 1917 cassata
2835 1874 2980 1932 sunt,
3012 1883 3129 1934 qum
3165 1868 3278 1921 viro
3315 1869 3436 1922 huic
3457 1870 3524 1922 ab
3554 1871 3692 1938 ipso,
3725 1879 3793 1925 ut-

493 1960 652 2030 giOne
694 1960 833 2028 passi
863 1967 1008 2023 sunt,
1039 1960 1250 2026 opp'eta
1287 1956 1415 2025 ligni
1442 1957 1711 2024 congerie,
1741 1955 1874 2024 pice,
1909 1964 2086 2024 tergo-

498 2050 760 2120 ribusque
776 2049 1004 2103 suillinis
1019 2048 1286 2113 immistis,
1301 2049 1589 2117 suppositis
1601 2046 1911 2101 ardentibus
1926 2046 2082 2117 517

493 2141 719 2207 facibus,
747 2139 1208 2212 succenderenisi
1236 2149 1361 2194 sunt
1381 2149 1402 2177 ο
1427 2156 1441 2191 :
1470 2138 1562 2192 sed
1594 2152 1926 2208 nequaquam
1952 2137 2088 2206 ignis

501 2241 812 2301 apparatum
829 2230 1058 2286 incendii
1072 2228 1500 2298 comprehendit,
1517 2229 1700 2295 sicque
1723 2229 1965 2284 videntes
1977 2242 2088 2281 rua-

493 2324 670 2394 gnalia
705 2323 821 2388 Dei,
855 2329 1194 2378 recesserunt
1229 2319 1297 2374 ab
1325 2335 1408 2374 ea.
1439 2319 1634 2375 Audita
1666 2330 1842 2374 autem
1871 2319 2086 2388 quidam

499 2418 784 2489 episcOpus
803 2415 957 2470 istius
986 2413 1264 2470 memorati
1307 2413 1601 2467 sacerdotis
1631 2411 1974 2478 abductione,
2007 2411 2090 2464 di-

495 2509 636 2565 rexit
665 2507 891 2577 pretium
917 2522 1010 2575 per
1038 2506 1282 2560 homines
1307 2519 1434 2558 suos
1464 2503 1529 2557 ad
1565 2517 1744 2571 regem
1781 2503 2086 2556 Persarum.

500 2600 618 2669 Quo
657 2600 746 2655 ille
774 2609 1044 2667 suscepto,
1078 2598 1335 2651 relaxavit
1370 2611 1400 2648 a
1436 2594 1711 2650 servitutis
1742 2595 1954 2649 vinculo
1977 2596 2091 2664 epi-

497 2708 721 2764 scopum
747 2692 930 2748 istum.
959 2689 1038 2744 Ex
1065 2689 1129 2745 iis
1151 2703 1280 2758 ergo
1303 2687 1586 2742 discedens
1609 2687 1939 2756 regionibus,
1967 2687 2092 2740 Gal-

497 2786 601 2842 lias
627 2795 710 2840 est
735 2797 1038 2855 aggressus,
1081 2791 1139 2836 ut
1183 2779 1802 2849 aliquid-consolationis
1826 2795 1855 2833 a
1886 2779 2091 2833 devous

500 2877 808 2946 acciperet:
842 2874 933 2938 qui
957 2873 1131 2940 nobis,
1160 2881 1218 2926 ut
1240 2869 1447 2942 praefati
1476 2885 1661 2925 sumus
1690 2872 1951 2939 superius,
1978 2869 2091 2925 hate

499 2972 702 3028 retulit.
730 2971 900 3026 llomo
923 2979 1042 3026 erat
1070 2970 1120 3023 in
1143 2967 1431 3023 Antiochia
1452 2967 1606 3022 valde
1627 2966 1850 3021 derutus
1873 2966 1924 3020 in
1947 2965 2092 3021 elee-

500 3065 769 3136 mosynis,
806 3063 1086 3133 conjugem
1117 3077 1180 3116 ac
1209 3061 1409 3116 liberos
1442 3059 1674 3125 habens;
1717 3074 1815 3114 nec
1862 3074 2090 3128 unquam

500 3156 552 3211 ei
578 3156 631 3211 in
661 3155 809 3211 omni
839 3157 944 3209 vita
968 3167 1064 3209 sua
1089 3152 1204 3208 dies
1227 3150 1506 3221 prmteriit,
1535 3162 1814 3221 postquam
1840 3151 2090 3222 quiddam

2190 1955 2260 2008 ita
2291 1955 2487 2019 dicam,
2520 1956 2711 2024 angelo
2753 1956 2961 2011 Domini
2990 1969 3112 2012 sunt
3143 1957 3325 2013 emta.
3368 1959 3500 2014 Nam
3527 1964 3778 2028 veniens,

2189 2063 2400 2103 omnem
2428 2049 2644 2102 domum
2674 2061 2822 2102 suam
2853 2050 3176 2106 ineulumem
3211 2053 3427 2121 reperit,
3453 2063 3659 2108 tatttum
3696 2053 3776 2107 fu-

2191 2155 2316 2193 nera
2371 2141 2815 2209 propinquorum,
2847 2157 2965 2211 qua:
3011 2143 3062 2196 in
3121 2143 3241 2197 aliis
3288 2145 3534 2198 domibus
3587 2144 3778 2200 eli‘ecta

2190 2233 2418 2298 fuerant,
2460 2233 2870 2301 lamentabatu’r,
2924 2237 3266 2304 protexitque
3311 2249 3434 2290 eum
3487 2236 3540 2290 in
3600 2237 3780 2291 medio

2191 2314 2493 2393 iniquorum
2525 2324 2743 2378 dextera
2789 2325 2998 2379 Domini
3029 2341 3153 2380 cum
3180 2327 3338 2380 domo
3367 2342 3486 2393 sua,
3519 2329 3777 2383 salvatus-

2190 2423 2294 2483 qu‘e
2323 2428 2405 2468 est
2429 2430 2457 2466 a
2503 2417 2750 2482 periculis
2787 2426 2995 2483 mortis,
3028 2433 3090 2472 ac
3118 2419 3258 2472 velut
3292 2428 3619 2475 memoratus
3643 2420 3778 2474 Lolli

2190 2507 2459 2576 quondam
2484 2510 2535 2561 in
2561 2507 2809 2563 Sodomis
2837 2507 2992 2580 (Gen.
3023 2508 3158 2580 χιι).

2268 2599 2433 2654 XXV.
2465 2601 2537 2654 At
2558 2603 2610 2654 in
2641 2599 2826 2657 Galliis
2854 2602 3240 2657 Massiliensem
3271 2602 3605 2658 Provinciam
3622 2620 3776 2658 mor-

2193 2692 2292 2747 bus
2311 2703 2454 2761 saepe
2475 2691 2781 2747 nominatus
2802 2694 3022 2748 invasit:
3047 2694 3382 2763 Ande‘gavos,
3408 2694 3770 2761 Namneticos;

2195 2791 2356 2852 atque
2405 2782 2795 2838 Cenomanicos
2846 2784 3016 2838 valida
3069 2785 3236 2840 fames
3283 2787 3569 2855 oppressit.
3623 2788 3775 2841 Initia

2193 2885 2312 2928 sunt
2344 2875 2489 2929 enim
2532 2873 2647 2928 hac
2675 2876 2941 2940 dolorum,
2983 2877 3139 2945 juxta
3181 2878 3308 2932 illud
3339 2879 3475 2948 quod
3520 2878 3777 2932 Dominus

2193 2968 2266 3022 ait
2287 2968 2340 3022 itt
2376 2969 2666 3038 Evangelio
2689 2967 2900 3022 :Errmt
2925 2972 3227 3034 pestilentiae
3248 2981 3294 3023 et
3315 2971 3491 3042 fontes,
3521 2979 3568 3023 et
3590 2982 3773 3023 teme-

2193 3071 2360 3114 motus
2382 3077 2472 3130 per
2491 3063 2604 3114 loca
2634 3060 2846 3133 (Matth.
2876 3070 3020 3128 'xxrv,
3046 3062 3100 3129 7)
3130 3079 3145 3128 ;
3193 3072 3238 3116 et
3267 3071 3530 3134 exsurgant
3556 3063 3777 3130 pseudo-

2197 3155 2394 3218 clm'sli,
2420 3165 2465 3208 et
2487 3155 2945 3222 useudOprophetre
2969 3152 3129 3223 (Ibid.
3164 3169 3311 3219 xxtv,
3343 3153 3432 3224 il)
3461 3169 3476 3218 ;
3509 3164 3555 3207 et
3583 3153 3780 3206 dabunt

500 3251 774 3321 prOprium
807 3247 1002 3303 habere
1041 3246 1226 3315 coepit,
1266 3245 1407 3314 quod
1452 3246 1569 3296 sine
1599 3258 1834 3313 paupere
1878 3245 2091 3313 epulum
2120 3254 2165 3316 ο
2197 3246 2341 3316 signa
2361 3255 2407 3300 et
2430 3247 2662 3318 prodigia
2684 3248 2736 3300 in
2754 3247 2898 3313 calo,
2925 3249 2995 3300 ita
3011 3258 3061 3301 ut
3077 3249 3258 3302 electos
3277 3248 3327 3299 in
3345 3262 3564 3300 errorem
3579 3248 3781 3301 mittunt

499 3342 855 3412 praelibasset.
911 3339 1008 3393 Hic
1055 3351 1158 3390 una
1209 3336 1299 3391 die
1349 3349 1468 3389 cum
1520 3335 1852 3389 circumisset
1908 3337 2092 3390 urbem

503 3446 673 3501 usque
691 3433 756 3486 ad
779 3444 1080 3499 vesperum,
1104 3438 1159 3483 et
1178 3426 1413 3496 reperire
1434 3442 1537 3481 non
1566 3429 1822 3496 potuisset
1841 3442 2089 3497 egenum,

501 3536 626 3578 cum
646 3534 753 3591 quo
772 3519 948 3574 cibum
975 3533 1169 3587 capere
1188 3527 1386 3586 posset,
1413 3532 1660 3586 egressus
1677 3528 1826 3572 extra
1855 3527 2091 3586 portam,

501 3626 623 3669 cum
653 3627 758 3667 nox
797 3610 1040 3673 irrueret,
1092 3607 1289 3677 reperit
1331 3608 1505 3663 virum
1552 3608 1605 3661 in
1646 3616 1794 3662 veste
1821 3608 1941 3662 alba
1971 3623 2091 3662 cum

502 3704 712 3762 duobus
741 3702 865 3759 aliis
895 3710 1151 3766 stantem,
1183 3715 1339 3771 quem
1358 3700 1643 3770 aspiciens,
1673 3700 1826 3770 quasi
1850 3699 1982 3754 Loth
2004 3700 2092 3756 ille

501 3801 716 3870 antiqua
749 3803 1074 3854 memoratus
1105 3794 1383 3859 historia",
1431 3796 1644 3849 territus
1678 3795 1754 3847 ait
1786 3811 1801 3847 τε
1832 3795 1896 3848 Ει
1934 3793 2093 3850 farsi;

507 3904 595 3949 tan
628 3891 943 3965 peregrinus
971 3899 1054 3945 est
1083 3889 1330 3944 dominus
1357 3900 1530 3952 meus,
1561 3887 1808 3957 dignetur
1836 3886 2094 3942 accedere

503 3985 570 4042 ad
617 3985 833 4041 domum
863 3982 1004 4039 servi
1037 3982 1150 4048 sui;
1183 3991 1236 4034 et
1263 3989 1477 4048 sumpto
1519 3979 1711 4047 epulo,
1743 3979 2001 4048 quiescite
2037 3980 2092 4032 in

501 4086 692 4144 strato,
722 4091 877 4131 mane
901 4083 1078 4129 autem
1120 4070 1531 4142 proliciscemini
1563 4070 1615 4123 in
1641 4068 1778 4123 viam
1807 4085 1963 4140 quam
1993 4084 2092 4124 vo-

505 4175 738 4232 lueritis.
774 4171 871 4228 Cui
901 4172 990 4226 ille
1029 4171 1118 4238 qui
1152 4179 1267 4223 erat
1300 4167 1484 4223 senior
1523 4176 1710 4221 tenens
1740 4165 2010 4220 sudarium
2037 4165 2091 4220 in

512 4284 672 4326 manu
713 4282 832 4332 sua,
863 4265 971 4320 ait:
1005 4264 1121 4319 Non
1163 4271 1405 4333 poteras,
1439 4277 1472 4315 ο
1512 4261 1671 4316 homo
1710 4260 1824 4326 Dei,
1853 4275 1973 4314 cum
2003 4257 2092 4314 Si-

512 4373 705 4412 meone
734 4364 915 4410 vestro
941 4355 1078 4408 hanc
1101 4354 1284 4407 urbem
1308 4353 1537 4418 salvane,
1563 4367 1628 4406 ne
1658 4351 2094 4405 subverteretur?

511 4451 577 4504 Et
621 4449 841 4504 elevans
869 4460 1088 4501 manum
1127 4447 1366 4500 excussit
1395 4444 1668 4498 sudarium
1700 4445 1838 4513 quod
1880 4445 2095 4498 tenebat

510 4556 672 4611 super
700 4539 1042 4594 medietatem
1071 4537 1239 4602 urbis,
1271 4544 1326 4590 et
1363 4536 1542 4588 statim
1567 4545 1884 4589 corruerunt
1913 4536 2090 4589 omnia

2200 3338 2390 3409 (Marc.
2422 3355 2535 3404 xm,
2568 3337 2684 3410 22).
2729 3340 2876 3395 Sicut
2908 3341 3158 3409 presenti
3179 3351 3385 3410 gestum
3414 3350 3778 3411 esttempore.

2196 3434 2423 3498 Quidam
2453 3435 2595 3489 enim
2628 3451 2693 3490 ex
2735 3436 2993 3500 Biturica,
3049 3446 3107 3493 ut
3158 3439 3271 3507 ipse
3315 3439 3652 3508 postmodum
3695 3439 3780 3494 est

2198 3526 2492 3595 professus,
2533 3527 2656 3582 dum
2688 3528 2854 3584 saltus
2892 3529 3148 3585 silvarum
3179 3531 3470 3600 ingressus,
3504 3533 3643 3602 ligna
3672 3547 3778 3587 cat-

2196 3617 2347 3671 deret
2373 3619 2439 3671 ad
2480 3619 2797 3688 explendam
2843 3622 3022 3691 operis
3068 3623 3343 3691 cujusdam
3380 3627 3778 3690 necessitatem,

2196 3724 2498 3763 muscarmn
2529 3726 2654 3766 eum
2679 3713 3021 3768 circumsedit
3045 3728 3303 3783 examen,
3362 3730 3464 3785 qua
3507 3717 3574 3771 de
3619 3731 3780 3770 causa

2196 3815 2291 3870 per
2322 3801 2594 3856 biennium
2627 3817 2813 3857 amens
2841 3815 2922 3858 est
2957 3804 3168 3859 habitus
3195 3825 3207 3860 :
3252 3807 3393 3862 unde
3422 3807 3644 3877 intelligi
3683 3807 3780 3860 da-

2196 3903 2281 3948 tur
2303 3892 2580 3948 diabolica:
2615 3893 2918 3950 emiSsionis
2964 3894 3135 3951 fuisse
3172 3897 3488 3966 ttirquitiam.
3527 3898 3780 3953 Posthac

2198 3985 2486 4041 transactis
2517 3988 2740 4042 urbibus
2785 3987 3117 4058 pr0pinqnis,
3161 3991 3521 4044 Arelatensem
3555 3988 3785 4043 Provin-

2194 4078 2332 4131 ciam
2363 4078 2514 4142 adiit,
2558 4077 2737 4146 ibique
2769 4078 2982 4132 indutus
3033 4079 3278 4149 pellibus,
3313 4081 3461 4148 quasi
3492 4073 3782 4148 religiosus

2194 4168 2379 4222 orabat
2417 4185 2429 4220 :
2456 4167 2519 4221 ad
2538 4184 2693 4237 quem
2719 4152 3045 4223 illudendutu
3071 4185 3194 4238 pars
3219 4170 3464 4238 adversa,
3498 4171 3779 4228 divinandi

2195 4258 2246 4314 ei
2288 4260 2471 4314 tribuit
2495 4261 2819 4314 tacuitateut.
2855 4260 2930 4313 Ex
2975 4261 3075 4315 hoe
3105 4272 3161 4315 ut
3193 4264 3243 4315 in
3275 4263 3464 4333 majori
3495 4267 3787 4333 proliceret

2195 4354 2422 4420 scelere,
2449 4366 2751 4408 commotus
2792 4370 2823 4407 a
2855 4355 3006 4421 loco,
3057 4353 3393 4410 Provinciam
3430 4363 3782 4414 memoratam

2196 4443 2471 4508 deserens,
2502 4444 2834 4499 Gabalitana:
2864 4443 2881 4482 ε
2911 4447 3142 4515 regionis
3167 4449 3454 4501 terminum
3478 4458 3558 4503 est
3581 4449 3786 4517 ingres-L

2196 4550 2309 4603 sus,
2367 4535 2648 4606 proferens
2701 4538 2864 4609 519
2911 4555 2970 4593 se
3019 4555 3296 4610 ntagn'unt,
3329 4553 3390 4596 ae
3437 4541 3674 4610 profiteri
3724 4558 3785 4597 se

510 4633 760 4699 :ediiicia,
794 4642 847 4687 et
877 4630 1231 4701 quodcunque
1262 4626 1332 4681 ibi
1362 4637 1621 4681 structum
1651 4626 1777 4689 fuit;
1799 4626 1974 4694 ibique
2003 4643 2095 4695 op-
2127 4627 2180 4685 D
2204 4644 2310 4681 non
2364 4637 2607 4684 metuens
2659 4627 2950 4697 Christum,
2999 4641 3266 4700 assumpta
3314 4647 3496 4687 secum
3553 4633 3786 4690 muliere

511 4726 682 4794 pressi
709 4733 831 4779 sunt
857 4737 1012 4778 senes
1040 4735 1160 4776 cum
1200 4717 1529 4782 infantibus,
1571 4718 1669 4770 viri
1705 4732 1823 4772 cum
1866 4719 2100 4773 mulieri-

512 4821 634 4886 bus,
663 4827 823 4887 atque
843 4824 1069 4886 uterque
1093 4826 1252 4868 sexus
1273 4810 1539 4865 interiite.
1566 4809 1718 4877 Quod
1750 4809 1838 4864 itte
1855 4824 2104 4876 cernens,

512 4925 623 4968 tam
653 4913 721 4967 de
749 4924 976 4981 persona
1006 4907 1133 4972 viri,
1168 4919 1326 4974 quam
1349 4904 1417 4958 de
1443 4903 1621 4958 sonitu
1645 4902 1812 4956 ruina:
1840 4902 2005 4957 hebes
2031 4903 2108 4957 ef-

515 5006 705 5069 fectus,
747 5002 854 5057 rttit
895 5001 947 5055 itt
994 5008 1191 5055 terram
1232 5007 1286 5053 et
1314 4997 1482 5051 iactus
1525 5001 1609 5048 est
1653 4994 1797 5048 velut
1841 5003 2103 5050 mortuus.

513 5097 855 5164 Elevansque
902 5091 1093 5147 iterum
1139 5090 1220 5144 vir
1271 5088 1363 5144 ille
1416 5100 1632 5141 manum
1689 5100 1809 5140 cum
1866 5085 2104 5153 sudario,

589 5289 619 5317 α
657 5277 845 5334 Albam
888 5272 1195 5328 Helviorum
1237 5271 1371 5323 hanc
1398 5269 1583 5323 urbem
1615 5278 1824 5324 veteres
1853 5268 2102 5338 frequen-

518 5353 623 5406 ιί-υε
661 5343 1018 5416 appellabant,
1061 5341 1217 5416 hodie
1252 5340 1525 5416 vivarium
1575 5353 1675 5416 seu
1717 5338 1932 5416 Vivaria
1972 5339 2103 5416 dici-

521 5433 628 5483 tur,
660 5409 817 5486 vulgo
869 5414 1075 5486 Viuiers,
1111 5413 1198 5468 ubi
1230 5412 1383 5466 sedes
1409 5409 1729 5480 episcopalts
1771 5411 1872 5463 sub
1900 5415 2102 5464 metro-

519 5493 626 5562 poli
659 5485 967 5562 Yiennensi.

592 5561 619 5600 δ
659 5559 714 5613 lrt
742 5558 833 5630 lib.
860 5556 970 5630 t_de
995 5556 1174 5630 Gloria
1205 5553 1380 5630 bium,
1407 5565 1523 5618 cap.
1555 5548 1644 5630 96,⁹
1799 5620 1813 5630 ,
1851 5620 1861 5630 .
1957 5618 2016 5630 -..

600 5641 624 5671 ο
669 5630 766 5684 Hic
792 5625 990 5680 desinit
1011 5626 1177 5680 codex
1205 5625 1418 5693 Regum,
1453 5623 1662 5693 creteris
1692 5620 1914 5693 avulsis.
1957 5618 2098 5674 Nihil

522 5714 700 5760 autem
722 5699 926 5770 deerat,
958 5705 1094 5750 utex
1128 5691 1359 5770 capitum
1386 5692 1581 5770 indice
1588 5691 1873 5770 colligitur,
1907 5701 2102 5770 praeter

524 5779 660 5830 torte
691 5768 933 5824 ultimum
961 5775 1120 5833 caput
1145 5760 1211 5818 de
1243 5765 1507 5834 episcopis
1538 5763 1846 5827 Turonicis,
1878 5760 2017 5830 quod
2047 5760 2097 5815 itt

524 5847 699 5903 vadite
729 5853 832 5896 non
864 5844 1205 5894 memoratur.

2205 4717 2432 4787 quadam
2489 4735 2584 4788 pro
2635 4735 2841 4788 sorore,
2895 4738 3054 4792 quam
3104 4724 3322 4779 Mariam
3366 4723 3592 4778 vocitari
3630 4723 3783 4781 fecit.

2207 4809 2523 4867 Conﬂuebat
2550 4813 2615 4867 ad
2645 4827 2764 4867 eum
2797 4815 3080 4869 multi-tudo
3111 4814 3311 4884 populi.
3351 4815 3609 4870 exhibens
3639 4815 3786 4870 inﬁr-

2211 4918 2345 4963 mos,
2373 4919 2508 4973 quos
2536 4907 2854 4974 contingens
2883 4907 3095 4959 sanitati
3119 4905 3393 4961 reddebat.
3425 4903 3790 4962 Conferebant

2211 4999 2352 5050 enim
2383 4996 2430 5050 ei
2454 5011 2638 5050 aurum
2673 5005 3082 5068 argentumque,
3112 5013 3174 5052 ac
3222 4998 3557 5062 vestimenta,
3608 4998 3643 5052 ii
3696 4999 3786 5066 qui

2213 5087 2282 5143 ad
2307 5103 2427 5143 eum
2453 5088 2866 5144 conveniebant.
2909 5087 3061 5156 Quod
3113 5087 3221 5154 ille,
3250 5104 3356 5158 quo
3382 5087 3592 5143 facilius
3619 5092 3786 5143 sedu-

2280 5267 2306 5307 ά
2351 5271 2404 5324 ln
2430 5271 2653 5327 Historia
2684 5281 2856 5337 sacra,
2888 5272 3085 5327 scilicet
3115 5272 3405 5340 Ceneseos,
3435 5286 3552 5342 cap.
3589 5274 3678 5330 19.

2287 5351 2310 5378 ο
2351 5342 2568 5397 Cladem
2594 5343 2732 5399 hanc
2771 5344 3158 5399 Antiochenam
3190 5342 3306 5396 fuse
3334 5343 3620 5412 descripsit
3653 5346 3793 5398 Eva-
3848 5381 3854 5388 -

2210 5411 2353 5485 grius
2381 5413 2474 5485 lib.
2499 5430 2572 5479 vt,
2597 5430 2715 5481 cap.
2736 5413 2961 5483 8,quam
2987 5428 3130 5485 anno
3156 5412 3257 5468 589
3283 5411 3572 5485 contigiSSe
3601 5416 3788 5485 probat

2213 5483 2374 5536 Henr.
2406 5484 2646 5539 Valesius
2675 5488 2725 5540 in
2752 5484 3216 5539 Annutationibus.

2288 5551 2307 5589 ί
2354 5553 2518 5609 llodie
2573 5557 2620 5610 le
2655 5555 2931 5610 Geraudan
2960 5595 2977 5620 ,
3034 5553 3184 5621 cujus
3212 5554 3338 5609 urbs
3366 5556 3632 5623 pracipua
3663 5558 3794 5614 olim

2207 5623 2703 5706 Alnde_ritu_m,_'sed
2768 5641 2799 5679 a
2845 5625 3209 5706 compluribus
3262 5626 3473 5706 szeculis
3528 5626 3744 5706 Mimate
3777 5668 3794 5693 ,

2208 5692 2417 5815 ,Ἶφιιᾶ
2463 5696 2725 5765 hodieque
2781 5692 3018 5767 episcupi
3068 5696 3222 5753 sedes
3272 5697 3566 5767 principem
3615 5692 3792 5753 locum

2208 5778 2353 5815 Ulilll
2417 5803 2429 5815 .

2205 5773 2429 5820 UbilliC‘i.
