4096 6344
350 381 451 448 557

1270 382 1583 447 HISTORI‘.
1630 382 2075 443 FRANCUIIUM.
2119 385 2319 440 Lililili
2364 384 2682 443 DECIMUS.

3505 388 3613 445 558

345 514 516 574 ceret,
548 505 871 576 pauperibus
898 503 1171 575 erogabat,
1205 513 1553 572 prosternens
1583 517 1643 556 se
1665 500 1799 564 solo,
1847 496 1922 555 ef-
1957 498 2010 559 Α
2105 498 2293 554 XXVI.
2363 499 2739 571 Ragnemodus
2793 510 2815 540 ο
2875 514 3086 573 quoque
3131 494 3414 560 Parisiacat
3461 505 3610 562 urbis

345 596 577 654 fundet“I
600 600 894 651 orationem
932 610 1053 651 cum
1083 597 1307 651 muliere
1337 609 1631 650 memora'a
1654 636 1669 661 ,
1710 602 1766 648 et
1807 608 1921 647 sur-

343 705 477 762 gens
521 705 579 745 se
625 691 813 744 iterum
842 703 872 743 a
918 681 1387 743 circumstantibus
1432 686 1642 741 adorari
1678 684 1922 756 jubebat.

346 782 680 838 Praedicebat
700 783 841 837 enim
871 782 1068 847 futura,
1110 789 1163 835 et
1190 780 1507 851 quibusdam
1537 781 1773 841 morbos,
1802 778 1925 847 qui-

346 874 571 929 busdam
608 875 802 928 damna
846 873 1127 939 provenire
1154 872 1526 934 denuntiabat,
1570 870 1753 938 paucis
1784 870 1923 922 salu-

344 968 454 1019 tem
480 962 731 1018 futuram.
790 960 897 1019 Sed
946 963 1062 1018 haec
1092 958 1272 1016 omnia
1316 960 1591 1016 diabolicis
1617 960 1841 1025 artibus,
1869 968 1926 1015 et

343 1056 628 1127 praestigiis
661 1056 842 1111 nescio
870 1056 1063 1125 quibus
1091 1056 1303 1126 agebat.
1358 1052 1587 1109 Seducla
1633 1061 1716 1107 est
1742 1061 1920 1105 autem

342 1152 441 1221 μετ’
486 1166 607 1204 cum
650 1149 931 1204 multitudo
973 1148 1232 1203 immensa
1266 1146 1480 1217 populi,
1513 1156 1567 1201 et
1598 1160 1702 1199 non
1743 1145 1921 1198 solum

342 1239 690 1306 rusticiores,
742 1253 927 1294 verum
981 1238 1141 1293 etiam
1193 1234 1501 1293 sacerdotes
1552 1234 1924 1291 ecclesiastici.

340 1322 719 1403 Sequebantur
760 1341 939 1385 autem
986 1345 1109 1386 eum
1160 1330 1393 1399 amplius
1421 1342 1581 1397 quam
1635 1328 1731 1383 tria
1762 1325 1922 1379 millia

341 1416 554 1494 populi.
588 1423 793 1477 Interea
824 1422 988 1490 cc‘epit
1014 1420 1270 1490 quosdam
1301 1419 1534 1488 spoliare
1577 1432 1640 1473 ac
1671 1417 1920 1487 prmdai-i,

339 1514 477 1585 quos
504 1514 554 1568 iu
581 1513 777 1569 itinere
800 1513 1092 1584 reperisset
1125 1530 1137 1564 :
1183 1511 1350 1581 sp‘olia
1377 1511 1552 1565 tamen
1588 1526 1693 1563 non
1724 1510 1924 1563 haben-

340 1606 488 1661 tibus
525 1595 891 1674 largiebatur.
914 1600 1193 1671 Episcopis
1230 1616 1291 1656 ac
1313 1600 1520 1656 civibus
1542 1599 1715 1655 minas
1737 1599 1925 1653 mortis

339 1692 660 1762 intentabat,
689 1710 756 1752 eo
785 1694 926 1765 quod
955 1694 1024 1749 ab
1061 1695 1127 1749 iis
1153 1693 1367 1748 adorari
1398 1692 1790 1761 despiceretur.
1839 1688 1927 1744 in-

337 1788 557 1861 gressus
602 1797 782 1842 autem
831 1785 1066 1840 Vellava:
1114 1783 1260 1838 urbis
1313 1783 1623 1841 terminum.
1650 1781 1714 1833 ad
1748 1780 1923 1835 locum

2031 590 2311 659 episcopus
2334 592 2491 646 obiit.
2531 593 2770 662 Cumque
2798 608 3083 664 germanus
3112 595 3227 665 ejus
3279 597 3611 653 Faramudus

2034 684 2315 753 presbyter
2372 699 2467 750 pro
2524 686 2836 755 episcOpatu
2893 694 3277 755 concurreret,
3346 690 3611 749 Eusebius

2025 776 2245 845 qu’daui
2277 777 2592 846 negotiatur,
2645 793 2841 847 genere
2892 778 3083 849 Syrus,
3120 780 3257 834 dalis
3283 783 3464 838 multis
3496 800 3612 838 mu~

2031 868 2272 931 neribus,
2311 870 2361 920 in
2394 870 2567 921 locum
2610 870 2725 939 ejus
2756 873 3075 939 sabrogalus
3114 883 3196 927 est
3241 890 3256 927 :
3314 876 3467 944 isque
3515 893 3609 930 ac-

2028 967 2185 1027 cepto
2228 961 2542 1026 episcopatu
2585 977 2799 1017 omnem
2858 964 3097 1019 scholam
3129 962 3155 1002 d
3200 966 3499 1023 decessoris
3528 972 3612 1024 sui

2029 1052 2310 1120 abjiciens,
2355 1052 2521 1124 Syros
2553 1053 2620 1109 de
2671 1070 2866 1125 genere
2894 1066 2990 1110 suo
3028 1059 3400 1114 ece’esiasiicze
3429 1060 3610 1117 domui

2031 1144 2304 1198 mini~tros
2353 1144 2559 1198 statuit.
2607 1147 2750 1200 Obiit
2780 1156 2833 1201 et
2873 1140 3143 1217 Sulpicius
3195 1139 3439 1206 Biturica:
3466 1154 3612 1206 urbis

2030 1235 2303 1303 pontifex,
2346 1237 2761 1307 calliedramque
2814 1238 2931 1308 ejus
2988 1240 3266 1296 Eustasius
3300 1252 3322 1279 °
3363 1238 3623 1311 Augusti:

2028 1326 2285 1381 dunensis
2314 1326 2570 1382 diaconus
2593 1341 2669 1382 est
2705 1331 2948 1385 sortitus.

2100 1418 2315 1473 XXVII.
2361 1418 2502 1474 Inter
2540 1420 2909 1476 To'rnacenses
2952 1432 3165 1491 queque
3215 1423 3450 1479 Francos
3503 1428 3611 1479 nou

2029 1511 2317 1566 mediocris
2357 1512 2675 1582 disceptatio
2725 1522 2840 1567 orta
2880 1522 2983 1580 est,
3037 1530 3134 1585 pro
3159 1531 3224 1572 eo
3258 1516 3401 1586 quod
3453 1518 3613 1572 unius

2030 1603 2188 1666 filius,
2241 1604 2459 1657 alterius
2506 1604 2692 1671 lilium,
2732 1606 2822 1674 qui
2866 1620 3108 1660 sororem
3161 1608 3277 1677 ejus
3325 1608 3375 1661 in
3429 1607 3616 1663 matri-

2028 1694 2264 1748 monium
2293 1705 2591 1763 acceperal,
2623 1710 2744 1751 eum
2775 1697 2851 1751 ira
2899 1699 3096 1768 saepius
3126 1698 3466 1769 objurgabat,
3513 1714 3620 1756 cur

2026 1785 2256 1855 conjuge
2287 1786 2471 1840 relicta
2511 1793 2745 1842 scortum
2784 1787 2995 1843 adiret:
3027 1802 3147 1859 qua:
3170 1791 3461 1857 iracundia,
3489 1806 3612 1846 eum

338 1894 498 1951 quem
522 1881 765 1935 Anicium
795 1886 821 1915 α
846 1874 1083 1931 vocitant
1105 1873 1332 1941 accedit,
1362 1883 1415 1926 et
1435 1872 1499 1926 ad
1532 1868 1777 1926 basilicas
1802 1883 1926 1937 pro-
1958 1880 2004 1947 Β
2036 1878 2343 1931 emendatio
2366 1878 2608 1934 criminis
2632 1896 2737 1934 non
2764 1882 3094 1947 succederet,
3125 1897 3290 1952 usque
3316 1882 3449 1937 adeo
3477 1880 3615 1941 elata

338 1970 568 2042 pinquas
595 1973 715 2023 cum
744 1966 891 2022 omni
918 1967 1155 2021 exercitu
1183 1964 1402 2029 restitit,
1439 1964 1708 2017 instruens
1729 1962 1921 2025 aciem,

338 2061 567 2130 qualiter
596 2058 822 2115 Aurelio
850 2056 877 2098 δ
916 2056 1115 2112 ibidem
1145 2066 1268 2110 tunc
1311 2053 1626 2110 boasistenti
1675 2054 1927 2121 episcopo

337 2142 537 2206 bellum
568 2149 812 2215 inferret,
851 2150 1068 2204 mittens
1116 2148 1279 2202 etiam
1318 2145 1446 2201 ante
1473 2160 1535 2200 se
1562 2143 1802 2208 nuntios,
1833 2145 1928 2198 ho-

336 2243 509 2299 mines
537 2242 682 2296 nudo
709 2255 956 2312 corpore,
1007 2235 1268 2296 saltantes
1315 2247 1474 2308 atque
1514 2237 1779 2299 ludentes,
1833 2236 1926 2307 qui

336 2333 625 2389 adventum
650 2334 768 2402 ejus
787 2332 1183 2386 annuntiarent.
1203 2330 1353 2397 Quod
1374 2340 1596 2398 Stupens
1617 2326 1923 2398 episcopus,

336 2428 533 2482 direxit
562 2428 627 2481 ad
652 2441 778 2481 eum
812 2425 957 2480 viros
991 2430 1265 2491 strenuus,
1299 2423 1632 2493 inquirenles
1669 2422 1794 2492 quid
1823 2421 1926 2475 sibi

337 2522 538 2577 Vellent
567 2520 667 2576 ista
695 2536 816 2592 qua:
842 2527 1078 2591 gereret.
1108 2518 1260 2574 Unus
1287 2527 1467 2571 autem
1494 2532 1559 2570 ex
1598 2516 1664 2571 iis
1688 2516 1779 2587 qui
1807 2523 1927 2570 erat

337 2615 544 2682 Senior,
592 2630 713 2670 cum
738 2629 797 2669 se
845 2614 1156 2668 inclinasset
1194 2611 1345 2682 quasi
1368 2611 1710 2665 Osculaturns
1752 2624 1925 2679 genua

338 2707 459 2777 eius
479 2722 543 2762 ac
568 2707 907 2762 discussurus
928 2707 1072 2761 viam
1100 2704 1264 2770 illius,
1285 2704 1447 2774 jussit
1473 2718 1595 2758 eum
1621 2704 1927 2773 apprelieni

338 2799 460 2854 sum
502 2795 766 2869 spoliari:
822 2812 921 2853 nec
961 2811 1134 2861 mora,
1185 2796 1271 2850 ille
1320 2796 1603 2864 euaginata
1648 2794 1826 2863 gladio
1872 2796 1925 2849 in

336 2888 505 2944 frusta
550 2890 805 2954 cuncidit,
833 2887 1134 2957 ceciditque
1179 2886 1427 2941 Christus
1468 2886 1579 2951 ille,
1621 2886 1709 2954 qui
1757 2885 1929 2957 magis

337 2978 702 3034 Auticbristus
744 2978 1008 3033 nominari
1051 2978 1213 3049 520
1242 2978 1421 3043 debet,
1455 2986 1511 3032 et
1540 2986 1781 3031 mortuus
1820 2983 1926 3041 est,

341 3067 679 3141 dispersique
705 3072 831 3125 suiit
858 3085 1046 3123 omnes
1070 3071 1159 3139 qui
1189 3084 1311 3123 cum
1335 3085 1400 3123 eo
1429 3077 1605 3124 erant.
1636 3067 1795 3121 Maria
1828 3081 1926 3120 au-

339 3164 447 3218 tem
488 3161 596 3228 illa,
628 3160 907 3230 suppliciis
935 3158 1113 3214 dedita
1141 3201 1157 3226 ,
1199 3161 1379 3213 omnia
1408 3158 1778 3228 phantasmata
1807 3157 1924 3225 ejus
1968 3220 1973 3225 I

2033 1975 2137 2033 est,
2167 1977 2225 2022 ut
2253 1973 2462 2024 irruens
2491 1984 2623 2040 puer
2643 1984 2805 2040 super
2833 1980 3112 2041 cognatum
3142 1989 3322 2039 suum,
3351 1990 3470 2029 eum
3493 1985 3615 2032 cum

2028 2061 2142 2115 Suis
2170 2060 2514 2129 interficeret,
2550 2070 2710 2133 atque
2733 2064 2844 2133 ipse
2868 2064 2938 2118 ab
2976 2065 3040 2120 iis
3068 2079 3189 2120 cum
3233 2067 3426 2136 quibus
3454 2082 3610 2121 vene—

2029 2148 2113 2206 rat
2161 2153 2249 2207 ill‘e
2277 2162 2728 2222 prosterneretur,
2773 2171 2871 2211 nec
2898 2164 3204 2213 remaneret
3233 2160 3493 2229 qui~piam
3543 2166 3613 2214 ex

2034 2243 2295 2312 utrisque,
2333 2245 2429 2299 nisi
2474 2246 2847 2298 unus.tautum
2876 2244 2960 2301 cui
2995 2262 3279 2316 percussor
3315 2251 3504 2305 deluit.
3538 2249 3614 2305 Ex

2029 2331 2132 2387 hoc
2157 2344 2402 2401 parentes
2436 2337 2711 2403 utriusque
2739 2336 2880 2391 inter
2920 2353 2978 2393 se
3006 2338 3309 2404 saevientes,
3353 2354 3383 2393 a
3417 2340 3615 2396 Frede-

2027 2424 2202 2493 gunde
2230 2426 2412 2496 regina
2453 2427 2765 2496 plerumque
2804 2429 3200 2497 arguebantur,
3255 2430 3412 2502 521
3445 2442 3501 2485 ut
3529 2426 3615 2487 rs-

2029 2518 2152 2575 licta
2184 2519 2460 2577 inimicitia
2504 2523 2798 2577 concordes
2832 2526 3042 2589 tierent,
3075 2541 3141 2580 ne
3183 2527 3474 2593 pertinacia
3507 2527 3615 2581 litis

2028 2611 2082 2666 in
2115 2610 2287 2681 majus
2311 2612 2700 2668 subvelieretur
2724 2614 3053 2669 scandalum.
3089 2611 3192 2671 Sed
3224 2618 3347 2671 'cum
3390 2615 3611 2673 ‘eosdeui

2028 2704 2207 2759 verbis
2233 2705 2441 2760 lenibus
2473 2706 2683 2775 placare
2732 2706 3006 2777 neljuiret,
3057 2714 3342 2778 utrumque
3380 2709 3635 2779 bipenne:

2027 2794 2373 2863 compescuit.
2431 2791 2676 2848 ln'vitalis
2720 2796 2862 2849 enim
2912 2796 2979 2850 ad
3020 2797 3233 2865 epulum
3269 2794 3471 2863 multis,
3520 2799 3631 2853 bos

2029 2893 2143 2941 tres
2168 2887 2219 2941 in
2252 2901 2356 2940 uno
2406 2885 2532 2941 fecit
2583 2887 2773 2941 sedere
2822 2888 3074 2943 subsellio
3120 2906 3134 2941 :
3190 2904 3420 2958 cumque
3465 2888 3518 2944 in
3546 2905 3615 2947 eo

2031 2976 2308 3045 prandium
2331 2977 2632 3046 elongatum
2673 2975 2865 3033 fuisset
2902 2978 3097 3047 spatio;
3128 2988 3188 3032 ut
3214 2982 3317 3033 nos
3352 2980 3612 3035 mundum

2029 3067 2298 3133 Obruerat,
2331 3067 2507 3135 ablata
2540 3080 2727 3123 mensa
2761 3065 2817 3133 ί,
2847 3070 2985 3123 sicut
3009 3084 3125 3124 mos
3149 3069 3476 3125 Francorum
3508 3075 3611 3138 est,

2034 3159 2109 3214 illi
2139 3160 2192 3213 in
2223 3160 2482 3216 subsellia
2525 3174 2621 3215 sua
2652 3161 2794 3216 sicut
2839 3161 2996 3216 locati
3020 3161 3255 3226 fuerant,
3284 3163 3613 3220 residebant.

339 3258 399 3307 Ic
426 3252 721 3323 prmstigias
752 3250 1055 3321 publicavit.
1087 3249 1219 3305 Nam
1252 3249 1491 3305 homines
1516 3248 1592 3304 illi
1615 3260 1747 3319 quos
1771 3247 1836 3303 ad
1863 3263 1922 3303 se
1951 3246 1995 3308 C
2030 3253 2325 3323 Potatdque
2362 3253 2488 3308 vino
2515 3254 2707 3317 multo,
2742 3254 2796 3306 in
2830 3261 3034 3308 tantum
3078 3256 3337 3324 crapulati
3368 3265 3514 3324 sunt,
3557 3259 3615 3313 ut

339 3343 663 3398 credendum
719 3341 984 3396 diabolica
1049 3343 1511 3397 circumventione
1569 3341 1921 3404 turbaverat,

339 3446 609 3503 nunquam
651 3431 719 3488 ad
768 3446 986 3489 sensum
1036 3426 1301 3503 integrum
1352 3444 1477 3485 sunt
1521 3430 1789 3503 regressi,
1830 3431 1924 3488 sed

344 3511 489 3579 hunc
520 3537 735 3593 semper
766 3523 919 3591 quasi
964 3520 1235 3577 Cluistum
1255 3564 1269 3586 ,
1327 3522 1545 3576 Mariam
1574 3533 1748 3576 autem
1780 3522 1923 3577 illam

341 3622 548 3682 partem
598 3612 818 3669 deitatis
855 3612 1056 3667 habere
1110 3612 1518 3682 profitebantur.
1562 3613 1667 3667 Sed
1725 3621 1780 3668 et
1831 3629 1926 3681 per

339 3700 480 3760 totas
509 3704 708 3760 Gallias
744 3696 1080 3758 emerserunt
1111 3703 1369 3774 plerique,
1424 3706 1511 3774 qui
1554 3719 1648 3773 per
1671 3702 1766 3758 lias
1791 3702 1925 3772 piac-

346 3796 533 3867 stigias
582 3795 933 3866 adjungcutes
970 3793 1068 3850 sibi
1101 3797 1443 3850 mulierculas
1469 3798 1752 3863 quasdam,
1806 3812 1924 3866 quae

341 3886 739 3944 debacchantcs
786 3888 1002 3943 sanctos
1029 3901 1124 3943 eos
1161 3888 1562 3953 confiterentur,
1597 3902 1817 3960 magnos
1862 3889 1922 3945 ae

338 3977 396 4033 in
424 3979 637 4048 populis
666 3977 1026 4048 praeferebant
1055 3995 1068 4031 :
1102 3991 1167 4032 ex
1197 3980 1390 4049 quibus
1412 3994 1509 4034 nos
1530 3980 1813 4049 plerosque
1852 3982 1926 4033 vi-

338 4069 541 4137 ‘dimus,
589 4079 725 4142 ques
775 4070 1123 4142 objurgantes
1176 4080 1433 4126 revocare
1476 4071 1544 4125 ab
1588 4074 1772 4127 errore
1820 4073 1922 4127 nisi

336 4177 543 4219 sumus.

342 4364 345 4367 λ
409 4310 435 4339 ⁸
475 4300 570 4357 llic
591 4299 869 4357 evidenter
897 4299 1025 4365 urbs
1055 4298 1272 4353 Vellava
1317 4298 1384 4353 ab'
1412 4293 1602 4354 Anicio
1631 4293 1920 4370 distingui;

338 4383 445 4441 tur.
480 4374 723 4426 Anicium
772 4370 913 4441 quod
960 4369 1118 4423 hodie
1166 4371 1399 4438 episeopi
1431 4371 1587 4425 sedes
1616 4382 1718 4438 cst,
1765 4369 1921 4440 vu'go

336 4440 584 4509 Pedium,
616 4446 663 4497 le
694 4440 830 4513 pay,
880 4442 1180 4513 appellatur
1213 4444 1254 4513 Aa
1284 4441 1413 4494 situ.
1460 4442 1681 4496 Podlum
1722 4444 1920 4513 quippe

336 4526 409 4584 an
442 4530 566 4584 pug,
590 4528 683 4568 seu
716 4510 848 4576 Pen,
881 4523 981 4584 aut,
1001 4511 1050 4565 lo
1075 4510 1254 4584 puecli,
1284 4528 1387 4565 non
1411 4513 1582 4565 solum
1603 4510 1914 4584 antiquitus,

337 4582 434 4654 gbd
463 4581 621 4638 etiam
661 4588 799 4637 nunc
829 4585 880 4637 in
912 4582 1019 4637 illis
1048 4581 1351 4654 regionibus
1382 4590 1614 4635 montem
1645 4581 1908 4654 designat.

333 4648 573 4710 Celebris
598 4664 681 4709 est
711 4655 797 4708 ille
822 4657 968 4707 locus
998 4656 1066 4706 ob
1091 4653 1373 4706 ecclesiam
1404 4648 1789 4717 cathedralem',
1824 4656 1912 4710 sl-

338 4734 446 4796 μω
479 4728 529 4780 in
550 4726 695 4781 edito
720 4735 922 4788 monte,
952 4725 1124 4796 beata:
1152 4718 1329 4777 Mariae
1354 4722 1583 4796 sacram,
1621 4728 1773 4793 cujus
1818 4744 1915 4780 au-

337 4792 489 4851 listes
518 4801 578 4851 se
615 4798 917 4866 episcopum
950 4792 1187 4866 Romani
1214 4795 1483 4860 pontificis
1522 4792 1912 4865 suffragantium

340 4864 707 4921 immediatulm‘
741 4866 999 4928 inscribit,
1030 4877 1091 4918 ac
1124 4864 1217 4917 luit
1246 4866 1545 4936 aliquando
1573 4868 1713 4936 pallii
1748 4868 1931 4935 prim;

338 4937 477 5008 legio
506 4937 869 5008 donataslle
897 4941 1128 5005 antiqua:
1176 4933 1326 4988 urbis
1354 4930 1594 4991 'Vellavie
1641 4930 1913 4994 situ'dlce-

338 5006 457 5062 inus
484 5008 535 5062 iu
560 5006 890 5077 Appendice.
1195 5076 1201 5077 ί
1743 5070 1747 5074 ,

415 5076 700 5147 Antiquam
747 5076 1076 5147 Yi-llaivoriim
1123 5076 1311 5129 urblam
1346 5094 1363 5142 ς
1409 5092 1474 5129 ex
1514 5094 1615 5147 qua
1647 5077 1913 5147 hodieque

341 5151 492 5219 regio
520 5145 716 5203 numen
762 5145 917 5215 Vela'y
941 5148 1160 5219 retinet,
1193 5161 1231 5219 ia
1265 5145 1541 5219 nonnullis
1562 5145 1914 5219 fievessionlent

341 5216 565 5286 dictam,
610 5219 679 5273 ibi
705 5220 861 5271 sitam
885 5216 1046 5270 fuisse
1077 5216 1162 5269 ubi
1191 5217 1347 5269 liulie
1377 5217 1561 5270 visitur
1583 5222 1639 5273 S.
1676 5217 1914 5272 Paulianl

341 5294 595 5358 oppidum
646 5290 827 5343 multis
877 5287 1204 5354 argumentis
1246 5287 1431 5352 pro'bat
1478 5289 1814 5342 Malnllonius
1862 5291 1912 5343 in

342 5362 637 5427 Ippeudice
668 5359 732 5412 ad
767 5363 972 5425 partem
1002 5372 1016 5409 ι
1054 5372 1181 5410 sa-c.
1233 5371 1281 5408 iv
1319 5362 1435 5409 Act.
1460 5362 1553 5414 SS.
1585 5361 1714 5412 0rd.
1749 5362 1915 5413 uene-

343 5426 547 5498 dictiui,
578 5438 695 5498 pag.
720 5429 844 5489 758,
870 5426 957 5481 ubi
985 5436 1039 5480 et
1068 5428 1279 5498 aliquot
1300 5426 1672 5496 inscriptiones
1703 5431 1837 5483 hanc
1867 5432 1916 5485 in

340 5496 456 5569 rem
489 5496 710 5569 profert.
761 5501 837 5552 Ex
874 5500 957 5551 his
982 5498 1189 5552 unicam
1225 5496 1326 5551 huc
1355 5504 1593 5565 proferre
1630 5506 1758 5555 satis
1808 5503 1873 5554 sit
1902 5541 1917 5565 ,

339 5568 550 5693 ἓτυξῗω
577 5574 629 5627 in
660 5572 879 5639 antiqua
907 5570 987 5622 via
1018 5585 1137 5638 quae
1164 5584 1230 5624 ex
1258 5570 1349 5623 illo
1372 5572 1569 5639 oppido
1599 5571 1918 5643 Gergouiam

383 5654 465 5693 uer
494 5680 509 5693 .

383 5651 509 5697 ucit.

773 5722 923 5763 CASS.
954 5722 1201 5766 PRINCEPS

772 5793 984 5833 ιννεκτ.
1026 5794 1141 5833 γης

775 5859 861 5902 ιτ.
890 5859 1104 5904 Ροκτεε.
1137 5862 1433 5910 νετνδτιτέ

1943 4621 1992 4681 Ι)

2031 3344 2180 3412 pueri
2205 3358 2389 3398 eorum
2416 3343 2698 3399 madefacti
2723 3358 2817 3414 per
2842 3348 3065 3414 angulos
3087 3345 3303 3417 domas,
3350 3346 3437 3402 ubi
3468 3349 3631 3418 quis-.t

2027 3447 2133 3506 que
2159 3445 2456 3502 corruerat,
2487 3432 2874 3494 obdormirent.
2907 3438 3057 3493 T‘unc
3080 3438 3307 3494 ordinati
3336 3454 3364 3492 a
3389 3440 3615 3497 muliere

2029 3530 2127 3584 viri
2158 3544 2280 3584 cum
2315 3530 2482 3584 tribus
2513 3529 2811 3595 securibus,
2834 3546 2866 3583 a
2901 3536 3049 3600 terg’o
3081 3531 3270 3586 h'ornm
3300 3534 3457 3588 trium
3486 3535 3631 3589 asti-r

2030 3626 2227 3679 lerunt,
2257 3618 2470 3689 illisque
2495 3619 2947 3689 colloquentibus,
2996 3621 3046 3675 in
3100 3637 3228 3688 uno,
3279 3632 3336 3678 ut
3366 3622 3437 3677 ita
3465 3622 3616 3679 dica-

2029 3726 2169 3778 mus;
2223 3717 2427 3767 assultu
2469 3727 2758 3781 puerorum
2789 3729 2978 3768 manus
3034 3716 3260 3782 libratae,
3308 3716 3615 3773 heminibus

2027 3804 2313 3872 perculsis,
2345 3804 2412 3857 ab
2452 3801 2615 3874 epulo
2644 3814 2725 3859 est
2769 3805 3089 3861 discessum.
3137 3806 3365 3861 Numina
3403 3806 3615 3878 quoque

2027 3897 2286 3962 virorum,
2310 3897 2683 3963 Chariualdus,
2717 3898 3285 3970 Leodoualdus,alque
3311 3901 3611 3959 Waldinus.

2026 3987 2177 4054 Quod
2228 4003 2348 4044 cum
2400 3990 2713 4057 parentibus
2770 3991 3029 4060 perlatum
3068 3990 3280 4057 fuisset,
3338 3995 3614 4050 custodire

2026 4078 2225 4132 arctius
2260 4077 2665 4149 Frcdegundem
2696 4091 3006 4151 coeperunt,
3056 4084 3351 4152 dirigentes
3390 4086 3628 4146 nuntios.

2024 4169 2093 4224 ad
2117 4169 2518 4225 Cbild'ebertum
2548 4168 2751 4241 regem,
2783 4182 2841 4228 ut
2868 4172 3254 4243 comprehensa
3277 4172 3611 4234 interficere.

2449 4300 2752 4377 CouLarsas‘

2446 4382 2714 4429 tissrtm.
2740 4378 2791 4431 ἒ.

2091 4439 2119 4481 δ
2161 4442 2406 4497 Aurelius
2429 4449 2500 4497 uti
2523 4458 2737 4509 sanctus
2766 4446 2959 4503 colitur
2996 4442 3135 4513 apud
3166 4451 3479 4509 Podienses.

2030 4580 2031 4583 η
2096 4524 2117 4553 ι
2146 4514 2292 4589 μυρέ
2319 4529 2448 4589 ειδρᾷ
2482 4527 2532 4569 et
2561 4532 2673 4585 seq.
2709 4520 2902 4589 desunt
2931 4521 2979 4572 in
3007 4519 3122 4575 Vat.
3143 4532 3196 4577 et
3223 4524 3375 4577 Cnlb.
3404 4539 3456 4578 a.
3493 4523 3594 4579 Fd-

2022 4586 2273 4661 t‘am'tiilus
2299 4588 2383 4654 qui
2412 4585 2643 4661 Eusebio
2666 4586 2837 4643 locum
2866 4590 3049 4656 cessit,
3085 4600 3203 4657 post
3224 4589 3462 4661 ejusdem
3485 4596 3609 4647 obi-'

2016 4653 2331 4781 Simfactus
2354 4667 2435 4710 est
2460 4657 2574 4726 rjlls
2601 4671 2899 4725 successor,
2917 4668 2973 4716 ut
2992 4653 3056 4716 ett
3086 4653 3314 4735 vulgalis
3340 4666 3598 4733 catalogis'

2056 4742 2290 4781 iscunus.

2056 4742 2290 4781 lSCllllliS.

2089 4800 2114 4834 α
2160 4798 2214 4851 Id
2246 4808 2327 4850 est
2353 4797 2604 4864 lectores,
2645 4799 2911 4865 cantores,
2942 4812 3046 4857 etc.
3086 4806 3173 4857 aui
3205 4803 3307 4858 sub
3329 4802 3600 4861 archidia-

2016 4870 2134 4923 εὔιιὶ
2160 4878 2311 4920 erant
2341 4871 2645 4937 disciplina.

2092 4948 2115 4975 ε
2143 4937 2297 5015 (ξυηιέ
2326 4948 2423 5015 m.,
2449 4936 2574 4992 B’ad.
2606 4952 2659 5015 et
2684 4940 2866 5015 Clies.‘,
2888 4944 2983 5009 aL,
3018 4936 3343 5001 Easter/lius.
3368 4948 3453 5001 Sic
3476 4940 3604 5015 quo;

2020 5020 2124 5077 que
2151 5008 2347 5082 dcitur
2387 5012 2437 5082 in
2492 5012 2813 5082 patriarcha)
2864 5008 3199 5079 Ilitnriccusi,
3222 5030 3341 5082 cap.
3375 5019 3468 5080 ‘28,
3495 5008 3599 5071 'ubi

2019 5082 2178 5153 sancti
2212 5078 2364 5130 titulo
2390 5079 2639 5153 donatur.
2678 5081 2840 5132 Porro
2877 5082 3143 5149 Sulpicius
3184 5078 3302 5153 ejus
3325 5078 3602 5152 decessor,

2023 5149 2110 5201 liic
2139 5153 2489 5213 memoratu~,
2518 5150 2731 5202 Severus
2746 5157 3154 5217 cognominitus
3176 5149 3279 5217 est,
3310 5165 3367 5209 ut
3391 5158 3458 5210 ab
3475 5149 3601 5211 alie;

2023 5224 2084 5271 ro
2111 5218 2346 5293 Sulpicio
2375 5224 2627 5285 episcopo
2658 5221 2992 5282 Bituricae-risi,
3017 5226 3104 5290 qui
3143 5225 3269 5277 Pius
3302 5232 3601 5293 appellatus

2023 5301 2138 5351 est,
2191 5288 2625 5356 distingueretur.
2682 5293 2860 5345 Set-eri
2921 5288 3108 5346 festum
3161 5296 3246 5348 die
3294 5288 3347 5349 w'
3375 5288 3600 5352 Kalend.

2027 5358 2298 5412 Februarii
2353 5358 2568 5412 colitur.
2598 5359 2853 5427 Sepultus
2880 5360 3053 5415 fuerat
3081 5369 3131 5417 in
3168 5361 3395 5420 ecclesia
3424 5371 3603 5425 sancti

2021 5428 2238 5505 .Itt'liani,
2290 5430 2429 5505 unde
2480 5431 2545 5505 ad
2599 5438 2846 5505 sani-tam
2899 5435 3144 5487 Ursinum
3177 5441 3469 5492 translatus
3497 5454 3617 5505 89,!

2023 5501 2112 5553 ubi
2141 5501 2296 5553 hodie
2324 5500 2571 5567 quiescit.
2598 5501 2696 5568 Ipsi
2725 5512 3055 5570 nuncupatus
3076 5506 3447 5563 circumfertur
3471 5500 3608 5565 liber

2028 5572 2095 5643 de
2130 5577 2333 5638 septem
2386 5571 2807 5643 Doriuientibus,
2835 5573 3091 5643 Gregorio
3122 5586 3304 5631 iiiistro
3354 5580 3605 5635 tributus;

2029 5639 2163 5714 Yide
2211 5657 2369 5709 supra
2426 5640 2523 5694 lib.
2574 5657 2647 5709 vl,
2699 5658 2819 5712 cap.
2853 5639 2967 5714 ὅθί
2987 5657 3039 5701 et
3070 5647 3212 5706 diem
3245 5647 3315 5702 29
3365 5649 3612 5708 Januarii

2029 5710 2383 5763 Bollandiatti.

2104 5777 2124 5817 ¹
2153 5781 2353 5845 Casin.,
2384 5779 2534 5835 illata
2564 5796 2752 5837 mensa.
