4132 6348
526 345 629 399 ηδε)

1519 357 1574 412 S.
1619 358 1944 413 GIIEGORII
1985 358 2288 414 EPISCOPI
2331 360 2753 422 TURONENSIS

3640 358 3776 430 ‘560

523 467 628 513 tur.
659 458 967 551 Commotus
1000 472 1174 517 autem
1207 478 1301 531 pro
1332 464 1430 519 hac
1458 481 1618 522 causa
1649 469 2048 538 Catnpattiettsis
2069 478 2091 503 ι
2126 473 2171 528 Α
2201 471 2371 536 brato,
2405 473 2683 530 invitatum
2715 477 2780 532 ad
2811 479 3023 548 epulum
3058 483 3335 551 parvulum
3375 484 3558 541 multis
3585 502 3777 547 mune-

525 550 770 619 populus,
811 552 936 606 dum
962 570 1138 607 moras
1170 556 1485 625 innecteret,
1519 559 1881 615 hare‘suurum
1914 569 2095 628 ert-pta

521 640 742 707 auxilio,
783 642 849 695 ad
881 644 1052 697 locum
1079 644 1237 698 alium
1279 650 1601 717 properavit.

591 730 823 787 XXVIII.
851 734 1095 790 Posthtec
1115 744 1292 792 autem
1315 740 1518 808 legatos
1534 742 1598 795 ad
1622 740 2093 797 Guntchrantnunt

520 840 699 895 regem
739 826 936 891 mittit,
974 828 1200 883 dicens:
1231 829 1605 887 Proficiscatur
1646 833 1896 888 dominus
1945 848 2098 887 mens

521 935 612 973 rex
637 934 804 988 usque
825 918 1075 987 Parisios,
1105 930 1159 977 et
1190 926 1447 979 arcessito
1476 924 1585 980 tilio
1609 941 1729 980 meo
1750 935 1944 994 nepote
1972 941 2092 989 suo,

515 1011 698 1081 jubeat
722 1026 844 1067 eum
874 1012 1206 1082 baptismatis
1233 1016 1402 1085 gratia
1434 1018 1775 1081 consecrari,
1812 1018 2094 1086 ipsumque

515 1105 584 1159 de
611 1113 795 1159 sancto
823 1109 1037 1161 lavacro
1065 1118 1369 1175 exceptum,
1393 1117 1642 1177 tanquam
1673 1108 1946 1162 alumnum
1974 1124 2094 1175 pro-

520 1199 692 1264 prium
718 1198 915 1253 habere
936 1199 1206 1269 dignetur.
1237 1199 1360 1254 Haec
1386 1199 1608 1255 audiens
1659 1217 1773 1261 rex,
1807 1202 2095 1254 commotis

514 1288 798 1357 episcOpis,
826 1289 877 1344 id
908 1300 990 1345 est
1035 1289 1281 1345 Etherio
1309 1290 1669 1359 Lugdtmensi,
1717 1292 1937 1361 Syagrio
1985 1294 2097 1344 Au-

516 1380 906 1451 gustidunensi,
964 1382 1250 1452 Flavioque
1287 1382 1644 1436 Cabillonensi
1674 1381 1725 1442 δ.
1779 1392 1831 1438 et
1875 1382 2095 1450 reliquis

515 1487 651 1542 quos
700 1474 889 1540 voluit,
947 1474 1177 1529 Parisios
1221 1476 1484 1529 accedere
1532 1474 1704 1543 jubet,
1751 1475 1989 1530 iudicans
2036 1490 2094 1528 se

513 1566 850 1634 postmodum
878 1578 1211 1623 secuturum.
1264 1569 1502 1624 Fuerunt
1556 1569 1716 1623 etiam
1758 1567 1823 1622 ad
1856 1568 1957 1621 hoc
1985 1567 2094 1633 p!a-

511 1658 673 1710 t-itum
704 1657 855 1713 multi
907 1660 973 1714 de
1002 1673 1167 1729 regno
1192 1658 1329 1728 ejus,
1357 1670 1461 1713 tam
1491 1659 1767 1713 domestici
1797 1674 1953 1727 quam
2004 1673 2094 1711 co-

513 1749 670 1804 mites
702 1790 718 1814 ,
748 1749 813 1803 ad
845 1753 1188 1817 praeparanda
1219 1751 1418 1821 regalis
1464 1764 1712 1819 expensa:
1770 1749 2088 1803 necessaria.

2204 560 2350 614 ribus
2379 566 2642 622 oneravit.
2674 568 2931 623 Similiter
2959 578 3015 625 et
3040 586 3132 627 rex
3158 571 3226 626 ab
3258 573 3448 630 eodem
3480 575 3771 647 invitatus,

2203 655 2466 725 plerisque
2494 659 2649 714 donis
2677 662 2905 716 refertus
2930 664 3220 733 abscessit,
3253 676 3306 721 et
3333 669 3402 722 ad
3433 669 3774 729 Cabillona--

2199 758 2311 799 sem
2342 749 2525 804 urbem
2554 754 2726 808 redire
2754 757 2938 811 statuit
2963 766 3007 811 ο.

2270 841 2428 913 523
2462 843 2655 899 XXIX.
2688 847 2917 905 Aredius
2948 866 3157 921 quoque
3182 853 3284 911 hoe
3311 870 3455 912 anno
3488 866 3659 916 terras
3688 877 3775 917 re-

2200 932 2441 1001 linquens
2462 976 2477 1003 ,
2506 948 2731 995 vocante
2759 939 3016 1010 Domino,
3042 944 3288 1015 migravit
3323 949 3391 1003 ad
3419 952 3635 1007 caelum.
3670 954 3773 1009 Le-

2197 1026 2476 1082 movicinte
2504 1030 2649 1085 urbis
2675 1032 2848 1087 incola
2871 1032 2989 1099 iuit,
3009 1049 3114 1090 non
3143 1038 3505 1097 mediocribus
3533 1048 3772 1114 regionis

2194 1129 2304 1169 stite
2333 1128 2483 1172 ortus
2512 1122 2840 1187 parentibus,
2866 1124 2960 1179 sed
2987 1126 3145 1182 valde
3167 1129 3448 1197 ingenuus.
3473 1132 3571 1189 Hic
3604 1136 3774 1192 Theo-

2194 1206 2416 1261 doberto
2460 1213 2571 1282 regi
2617 1214 2872 1277 traditus,
2903 1217 3090 1271 aulicis
3138 1222 3386 1287 palatinis
3432 1226 3768 1297 adjungitnr.

2198 1300 2323 1353 Erat
2369 1303 2509 1357 enim
2557 1313 2682 1361 tunc
2732 1311 2991 1375 temporis
3029 1313 3168 1379 apud
3212 1313 3395 1369 urbem
3426 1316 3770 1374 Trevericam

2196 1392 2274 1445 vir
2302 1394 2511 1449 eximite
2539 1400 2835 1453 sanctitatis
2863 1401 3099 1457 Nicetius
3122 1405 3427 1474 episcopis,
3454 1424 3559 1462 non
3584 1412 3769 1465 solum

2194 1483 2245 1536 in
2279 1486 2652 1551 przetlicatione
2676 1489 3004 1546 admirabilis
3039 1495 3298 1550 l'acuttdite
3325 1538 3339 1561 ,
3373 1513 3561 1553 verunt
3600 1503 3768 1556 etiam

2194 1572 2247 1626 iu
2269 1576 2516 1640 Operibus
2538 1578 2687 1631 bons
2702 1595 2763 1634 ac
2784 1583 3115 1637 mirainbus
3136 1587 3512 1643 celeberrimus
3535 1590 3770 1646 habeba-

2195 1673 2278 1717 tur
2302 1667 2351 1719 in
2384 1669 2556 1736 plebe.
2588 1669 2687 1736 Qui
2720 1671 2931 1727 intuens
2978 1690 3199 1743 puerum
3251 1678 3302 1731 in
3349 1680 3491 1748 regis
3532 1683 3770 1748 palatio,

2198 1759 2377 1810 nescio
2409 1759 2532 1828 quid
2567 1760 2617 1813 itt
2650 1761 2796 1815 vultu
2827 1763 2943 1831 ejus
2970 1779 3199 1820 cernens
3230 1766 3488 1832 divinum,
3516 1772 3774 1839 praecepit

512 1839 625 1896 Rex
648 1853 827 1898 autem
854 1842 1236 1897 deliberatione
1276 1851 1413 1909 acta,
1446 1852 1502 1896 ut
1528 1841 1725 1896 adhatc
1754 1840 1977 1895 deberet
2005 1856 2087 1895 ac
2123 1832 2167 1891 B
2196 1848 2242 1899 ei
2274 1863 2332 1901 se
2364 1850 2533 1917 sequi.
2561 1852 2626 1905 At
2656 1851 2743 1905 ille
2772 1854 2959 1908 relicto
2986 1857 3129 1925 regis
3157 1858 3384 1924 palatio,
3431 1832 3652 1913 secutus
3687 1832 3775 1915 est

509 1933 721 2000 cedere,
756 1933 948 2001 pedum
1001 1944 1083 1987 est
1111 1934 1296 1987 dolore
1321 1934 1642 2003 prohibitus.
1689 1932 1975 2001 Postquam
2009 1948 2092 1984 an-

510 2032 615 2077 tem
645 2025 936 2089 convaluit,
967 2026 1125 2096 522
1178 2028 1407 2081 accessit
1458 2026 1692 2079 Parisios
1722 2041 1736 2077 :
1794 2026 1987 2080 exinde
2021 2025 2088 2077 ad

510 2113 902 2183 liotoj-tiensem
926 2116 1101 2169 villam
1134 2118 1299 2182 ipsius
1329 2117 1479 2171 urbis
1508 2132 1802 2185 properans
1822 2156 1835 2179 ,
1867 2130 2093 2170 evocato

508 2220 674 2273 puero
698 2204 859 2274 jussit
880 2207 1245 2275 baptisterium
1274 2209 1561 2275 praeparari
1594 2209 1648 2259 in
1674 2207 1791 2260 vico
1840 2205 2091 2273 Nempte-

505 2298 643 2351 duro
680 2309 724 2349 ο.
749 2298 880 2353 Dum
904 2308 1081 2353 autem
1108 2299 1219 2352 hme
1247 2309 1554 2367 agerentur,
1580 2297 1735 2366 legati
1761 2296 2087 2350 (lhildeberti

507 2392 647 2460 regis
674 2406 1010 2447 accesserunt
1058 2394 1123 2446 ad
1164 2407 1310 2457 eum,
1361 2390 1604 2445 d;eenles
1636 2408 1647 2442 :
1679 2389 1793 2444 Non
1816 2393 1957 2444 enim
1992 2389 2089 2441 ista

509 2500 676 2551 nuper
708 2488 884 2550 nepoti
908 2495 999 2539 tuo
1027 2488 1371 2542 Childebcrto
1403 2488 1671 2556 pollicitus
1702 2500 1846 2549 eras,
1881 2495 1938 2539 ut
1968 2500 2090 2539 cum

508 2575 737 2629 inimicis
757 2576 873 2644 ejus
921 2579 1184 2631 amicitias
1235 2579 1563 2648 colligares?
1596 2578 1698 2633 Sed
1756 2577 1808 2630 itt
1834 2586 2087 2645 quantum

507 2670 776 2725 cernimus
807 2712 821 2737 ,
851 2671 979 2725 nihil
1006 2671 1074 2725 de
1105 2671 1456 2740 promissione
1483 2682 1568 2725 tua
1594 2670 1851 2733 custodis,
1876 2668 1968 2723 sed
1998 2684 2090 2737 po-

508 2757 614 2812 tius
643 2773 759 2829 quat
786 2760 1112 2830 promiseras
1143 2763 1506 2831 praetermittis
1552 2771 1647 2817 :et
1678 2776 1899 2829 puerum
1931 2761 2088 2814 istum

507 2852 560 2905 itt
587 2853 732 2906 urbis
781 2853 1064 2910 Parisiacae
1085 2858 1336 2911 cathedra
1371 2872 1554 2928 regem
1579 2857 1791 2910 statuis.
1820 2854 2089 2912 iudicabit

504 2946 646 2999 enim
682 2948 836 3013 Deus,
863 2947 987 3015 quia
1026 2964 1129 3002 non
1160 2948 1522 3004 reminisceris
1549 2964 1669 3019 quae
1699 2950 1843 3002 ultro
1875 2947 2084 3016 pollici-

506 3049 590 3092 tus
611 3054 687 3092 es.
717 3038 839 3095 llaec
878 3040 944 3094 iis
983 3040 1281 3096 dicentibus
1311 3084 1326 3107 ,
1361 3058 1455 3096 rex
1508 3044 1622 3095 ait:
1670 3039 2085 3095 Promissiunem

505 3149 661 3201 quatn
686 3131 737 3187 in
761 3143 1007 3203 nepotem
1033 3150 1206 3189 meum
1230 3136 1625 3190 Childebertum
1642 3150 1818 3204 regem
1835 3142 2089 3187 statutam

2194 1954 2335 1992 cunt.
2368 1940 2604 2011 Cumque
2656 1944 2878 2013 ingressi
2930 1945 2982 1999 itt
3027 1948 3309 2012 cellulam,
3348 1950 3415 2003 de
3446 1950 3513 2002 iis
3546 1967 3665 2019 qua:
3699 1952 3771 2005 ad

2196 2032 2360 2086 Deum
2394 2035 2658 2101 pertinent
2685 2036 3174 2099 coniabularentur,
3206 2042 3427 2107 expetiit
3454 2042 3771 2096 adolescens

2193 2137 2221 2174 a
2254 2124 2407 2175 beato
2435 2125 2714 2180 sacerdote
2754 2140 2813 2181 se
2839 2127 3071 2197 corrigi,
3103 2128 3173 2180 ab
3217 2143 3287 2182 eo
3325 2131 3537 2184 edoceri
3562 2175 3576 2197 ,
3608 2134 3675 2186 ab
3704 2147 3777 2187 eo

2194 2214 2379 2282 imbui,
2412 2230 2472 2269 ac
2502 2215 2552 2269 in
2582 2216 2778 2269 divinis
2802 2218 3159 2271 voluminibus
3189 2220 3256 2271 ab
3280 2222 3468 2275 eodem
3499 2226 3768 2279 exerceri.

2192 2307 2429 2375 Cumque
2453 2308 2504 2360 itt
2536 2308 2689 2375 hujus
2715 2310 2873 2361 studii
2908 2309 3187 2381 ﬂagrantia
3226 2326 3345 2364 cum
3378 2315 3619 2367 antistite
3652 2332 3771 2368 nte-

2194 2410 2400 2452 moratu
2430 2400 2681 2468 degeret,
2726 2409 3004 2454 tonsurato
3033 2403 3139 2468 jam
3171 2404 3342 2468 capite
3364 2445 3378 2468 ,
3410 2406 3642 2474 quadam
3681 2407 3773 2460 die

2195 2492 2542 2560 psallentihus
2568 2495 2779 2547 clericis
2820 2496 2872 2547 in
2907 2496 3133 2548 ecclesia
3155 2538 3170 2561 ,
3202 2498 3479 2551 descendit
3518 2502 3764 2553 columba

2194 2596 2224 2635 e
2249 2596 2491 2646 camera,
2526 2598 2644 2651 quae
2677 2584 2861 2638 leviter
2892 2586 2973 2639 vol
3001 2596 3115 2638 tans
3168 2587 3308 2640 tirca
3356 2604 3478 2641 eum
3500 2628 3517 2655 ,
3570 2592 3771 2643 resedit

2192 2689 2352 2742 super
2396 2684 2554 2740 caput
2600 2674 2750 2744 ejus,
2804 2676 2931 2730 illttd
2987 2678 3245 2739 indicans,
3298 2688 3355 2732 ut
3397 2681 3607 2747 Opinor,
3642 2695 3768 2734 enm

2193 2766 2424 2834 Spiiitus
2463 2771 2629 2821 sancti
2665 2769 2831 2836 gratia
2867 2770 2973 2836 jam
3016 2770 3297 2837 repletum.
3326 2770 3494 2837 Quam
3526 2787 3644 2825 cum
3679 2772 3775 2827 ille

2192 2874 2299 2913 non
2329 2859 2445 2913 sine
2485 2860 2688 2927 pudore
2728 2871 3014 2915 conaretur
3054 2862 3303 2931 abigere,
3339 2863 3451 2917 [nec
3494 2864 3772 2930 paululum

2192 2951 2625 3016 circumvolans,
2663 2950 2852 3005 iterum
2880 2966 3040 3020 super
3064 2962 3224 3022 eaput
3272 2955 3418 3021 ejus,
3461 2962 3551 3006 aut
3597 2968 3767 3019 super

2192 3044 2461 3111 seapulam
2512 3043 2782 3097 residebat
2813 3061 2824 3095 :
2854 3058 2974 3113 qua:
3002 3060 3106 3098 non
3150 3045 3308 3098 mod-0
3340 3046 3405 3097 ibi
3427 3084 3441 3110 ,
3470 3044 3562 3099 sed
3593 3046 3764 3098 etiam

2193 3149 2312 3188 cum
2343 3136 2393 3187 in
2426 3133 2671 3187 cellulam
2700 3135 2933 3204 episcopi
2960 3135 3347 3204 ingrederetur,
3375 3135 3573 3204 jugiter
3599 3136 3775 3188 comi-

507 3226 701 3291 habeo,
732 3242 835 3282 non
862 3229 1072 3283 omitto.
1107 3228 1237 3282 Nam
1275 3228 1422 3281 illum
1454 3242 1558 3281 non
1587 3236 1798 3297 oportet
1823 3225 2087 3281 scandali-
2112 3206 2158 3269 ο
2194 3226 2403 3279 labatur
2431 3239 2549 3279 cum
2575 3240 2659 3279 eo.
2685 3225 2833 3292 Quod
2864 3241 2957 3294 per
2983 3228 3097 3281 dies
3130 3226 3380 3295 plurimos
3408 3224 3629 3285 fautum.
3664 3243 3776 3284 non

505 3321 637 3385 zari,
667 3320 708 3374 si
740 3322 1115 3376 consobrinum
1150 3321 1267 3389 ejus
1298 3320 1460 3374 lilium
1500 3320 1678 3373 fratris
1705 3320 1828 3383 mei,
1873 3319 1939 3371 de
1967 3332 2087 3371 san-

503 3421 592 3468 cto
614 3414 898 3481 suscipiam
932 3414 1171 3466 lavacro:
1204 3415 1328 3482 quia
1377 3415 1511 3466 l‘anc
1551 3414 1864 3481 petitionem
1913 3412 2089 3465 nullus

504 3507 930 3564 Christianorum
958 3508 1118 3561 debet
1144 3508 1398 3561 abnuere.
1438 3509 1671 3578 Eamque
1702 3523 1821 3577 ego,
1858 3514 1915 3560 ut
1950 3506 2089 3557 Deus

504 3598 941 3654 manifestissime
990 3600 1164 3663 novit,
1200 3615 1302 3652 non
1336 3600 1625 3652 calliditate
1673 3600 1868 3667 aliqua,
1897 3597 1990 3651 sed
2036 3597 2088 3649 in

504 3694 844 3763 simplicitate
876 3695 988 3762 puri
1020 3694 1199 3747 cordis
1239 3708 1397 3761 agerc
1436 3693 1616 3759 cupio,
1649 3694 1767 3761 qtt’a
1824 3691 2085 3745 olfensatn

505 3786 791 3840 divinitatis
820 3785 1091 3840 incurrere
1112 3784 1360 3838 formida.
1390 3783 1504 3837 Non
1529 3793 1610 3837 est
1639 3782 1780 3836 enim
1817 3782 2089 3835 humilitas

504 3878 646 3946 genti
674 3886 874 3933 nostras
905 3918 917 3942 ,
950 3878 994 3932 si
1023 3879 1105 3931 hic
1128 3892 1156 3930 a
1190 3891 1276 3931 me
1298 3876 1613 3944 excipiatur.
1638 3875 1691 3929 Si
1723 3875 1862 3929 enim
1885 3874 2085 3928 domini

505 3975 748 4041 proprios
780 3972 1008 4027 famulos
1054 3971 1121 4027 de
1150 3986 1307 4026 sacro
1348 3968 1497 4025 fonte
1540 3972 1840 4038 succipiunt
1867 4012 1880 4031 ,
1909 3986 2004 4023 cur
2035 3980 2088 4024 et

503 4066 632 4117 milti
665 4079 769 4117 non
799 4064 954 4120 liceat
983 4065 1341 4132 propinquum
1390 4072 1665 4130 parentem
1711 4062 1995 4131 excipere,
2026 4077 2087 4114 ac

505 4157 670 4211 lilium
697 4156 869 4211 iacere
900 4171 992 4224 per
1020 4155 1268 4223 baptismi
1293 4154 1516 4222 gratiam
1549 4152 1875 4221 spiritalem?
1899 4152 2090 4207 Absce-

504 4250 614 4303 die
662 4264 833 4311 nunc,
877 4255 930 4301 et
974 4247 1214 4300 nuntiate
1261 4244 1481 4299 domino
1524 4257 1745 4298 vCSIro:
1780 4245 2085 4307 Pactionem

506 4356 662 4408 quam
694 4351 865 4393 tecum
898 4338 1089 4406 pepigi,
1117 4336 1389 4390 custodire
1416 4336 1573 4402 cupio
1605 4334 1883 4397 ilzibatam,
1918 4349 2074 4402 quam

507 4432 549 4485 si
584 4441 687 4484 tute
710 4428 1031 4483 conditionis
1064 4442 1199 4479 noxa
1232 4442 1337 4480 non
1370 4427 1646 4488 omiserit,
1680 4441 1707 4477 a
1748 4442 1831 4478 tne
1864 4441 2083 4493 prorsus

508 4522 682 4577 omitti
706 4520 965 4590 ncquibit.
992 4520 1056 4573 Et
1086 4518 1201 4572 hate
1223 4518 1426 4580 dicens,
1458 4518 1644 4585 legatis
1667 4517 2084 4581 discedentibus,

506 4632 600 4672 rex
630 4615 892 4671 accedens
931 4612 997 4666 ad
1029 4612 1303 4666 lavacrum
1344 4621 1609 4673 sanctum,
1643 4611 1837 4664 obtulit
1864 4627 2084 4679 puerum

505 4708 569 4763 ad
604 4702 997 4773 baptizandum.
1027 4702 1195 4769 Quem
1228 4700 1520 4770 excipiens,
1554 4702 1919 4756 (lhlnthariutn
1947 4704 2089 4755 voci-

506 4802 609 4855 tari
629 4798 817 4863 voluit,
843 4796 1028 4851 dicens
1052 4812 1062 4849 :
1088 4794 1308 4850 Crescat
1331 4809 1482 4864 puer,
1507 4804 1558 4848 et
1582 4793 1742 4863 hujus
1764 4793 1833 4848 sit
1858 4796 2088 4847 nominis

505 4900 810 4955 exsecutor,
839 4903 901 4942 ac
926 4888 1016 4942 tali
1045 4886 1281 4959 potentia
1321 4887 1549 4955 polleat,
1582 4887 1719 4940 sicut
1753 4887 1842 4941 ille
1864 4883 1889 4923 δ
1920 4902 2089 4955 quon-

505 4985 660 5051 dam,
692 4981 846 5053 cujus
872 4996 1065 5037 nomen
1108 4979 1358 5049 indeptus
1393 4988 1495 5032 est.
1526 4981 1640 5045 Quo
1667 4981 1921 5048 mysterio
1946 4979 2087 5033 cele-

576 5126 604 5155 ⁴¹
636 5115 778 5172 Editi
807 5131 927 5171 cum
954 5115 1102 5178 Bec.,
1130 5114 1514 5186 Compattgnsis.

575 5186 606 5228 ι
636 5187 948 5251 Etherius,
978 5188 1069 5253 qui
1102 5196 1155 5239 et
1198 5186 1422 5239 inferius
1461 5186 1725 5257 laudatur,
1761 5187 2089 5257 ctSyagrius

508 5261 749 5315 celebres
779 5268 903 5311 sunt
931 5274 995 5313 ex
1027 5258 1197 5312 sancti
1231 5256 1475 5323 Gregorii
1524 5272 1671 5323 papa:
1703 5256 1942 5324 epislttits
1974 5275 1987 5320 ;
2023 5259 2089 5310 de

509 5331 694 5385 Flavio
722 5327 1012 5399 Gregorius
1032 5344 1191 5395 supra
1217 5328 1306 5382 lib.
1335 5341 1387 5391 v,
1409 5340 1526 5394 cap.
1559 5327 1658 5393 46;
1680 5329 1767 5397 qui
1801 5339 1907 5382 tres
1931 5330 2090 5382 Variis

507 5399 751 5459 conciliis
779 5399 1157 5456 interfuerunt.

570 5480 613 5531 F
640 5469 1057 5538 Nemptodorum
1115 5470 1292 5538 vicus,
1322 5465 1575 5538 Rotoiolo
1624 5468 1868 5531 vicinus,
1934 5468 2094 5535 vulgo

510 5530 811 5667 Νθιῖἓὲοζνί,
850 5540 1028 5597 beatae
1054 5537 1338 5597 Genovela:
1368 5533 1517 5591 urbis
1558 5545 1794 5607 patrona:
1827 5530 2092 5594 natalibus

511 5625 543 5665 c
669 5624 763 5666 ris.

511 5624 763 5666 cetenrts.

584 5680 611 5718 ά
641 5680 950 5751 Cbl‘otarius
979 5681 1152 5748 ipsius
1172 5679 1490 5736 Guntramni
1524 5686 1693 5751 pater,
1736 5694 1894 5751 quem
1922 5678 2090 5732 (‘hlo-

513 5749 879 5814 thacltarium,
912 5760 1120 5806 veteres
1162 5752 1391 5819 scriptos
1432 5748 1631 5810 secuti,
1663 5749 1715 5803 in
1760 5748 2093 5816 Gregoriano

511 5831 659 5883 testu
692 5819 1021 5888 scripsimus.
1050 5821 1280 5889 Uterque
1302 5820 1600 5876 Chlotarius
1629 5820 1952 5874 Francorum
1981 5836 2093 5876 trio-

2193 3318 2311 3372 siue
2347 3316 2698 3371 admiratione
2738 3319 3024 3386 episcopus
3065 3319 3391 3373 intendebat.
3438 3318 3649 3372 Esinie
3689 3319 3774 3373 vir

2194 3407 2284 3462 Dei
2317 3407 2537 3476 Spiritu,
2564 3417 2620 3461 ut
2642 3408 2892 3471 diximus,
2927 3419 3113 3463 sancto
3143 3410 3396 3476 repletus,
3432 3410 3497 3463 ad
3526 3411 3771 3478 patriam,

2190 3502 2436 3570 genitore
2459 3515 2519 3553 ac
2548 3514 2801 3562 germano
2826 3502 3085 3554 άυῑιιηριὶς
3107 3545 3121 3569 ,
3163 3504 3483 3571 regreditur,
3521 3504 3778 3554 consula-

2195 3603 2346 3647 turus
2377 3593 2640 3662 Pelagiani
2687 3596 3031 3662 genitricem,
3069 3610 3187 3663 quae
3234 3595 3440 3648 nulum
3490 3607 3770 3662 parentem

2192 3694 2385 3755 prattcr
2418 3686 2551 3739 hanc
2583 3687 2818 3740 Subolem
2851 3689 3144 3757 Spectabat.
3174 3687 3373 3741 Deinde
3402 3703 3522 3741 cum
3543 3689 3771 3755 jejuniis

2191 3787 2349 3845 atque
2379 3777 2707 3832 orationibus
2738 3787 2972 3842 vacaret,
3003 3779 3322 3847 deprecatur
3346 3794 3484 3843 eant,
3518 3789 3574 3832 ut
3595 3782 3775 3832 omnis

2190 3887 2315 3925 cura
2343 3871 2550 3936 domus,
2587 3872 2633 3924 id
2659 3882 2758 3936 est,
2786 3877 2896 3926 sive
2922 3875 3182 3926 ϐοηθειῖο
3203 3873 3436 3936 Γ.ιιιιίΙίιι),
3471 3872 3587 3925 sive
3609 3887 3779 3926 exer-

2191 3965 2371 4017 citium
2400 3979 2677 4032 agrorum,
2709 3971 2821 4017 sive
2857 3965 3033 4017 Cttlltls
3065 3964 3335 4017 vinearum
3366 3965 3431 4016 ad
3477 3979 3595 4017 eam
3627 3968 3776 4033 aspi-

2191 4068 2334 4107 ceret
2372 4072 2382 4106 :
2424 4072 2489 4108 tte
2521 4057 2639 4109 huic
2686 4057 2798 4109 viro
2840 4056 3047 4124 aliquod
3096 4055 3367 4109 accideret
3411 4056 3767 4124 impedimen-

2193 4157 2334 4211 ttttn,
2362 4163 2465 4215 quo
2508 4147 2574 4202 ab
2616 4148 2856 4201 oratione
2883 4162 2943 4202 ce
2974 4159 3150 4211 Sari-t;
3186 4164 3346 4200 ttttuttt
3397 4149 3496 4201 sibi
3558 4157 3646 4201 tan
3677 4163 3769 4201 um

2194 4241 2522 4308 privilegium
2568 4240 2874 4302 vindicans,
2919 4252 2973 4291 ut
3015 4239 3078 4292 ad
3123 4241 3376 4293 ccclesiis
3425 4238 3771 4291 mdilicandas

2192 4346 2305 4399 ipse
2338 4342 2610 4400 prmesset.
2641 4334 2775 4398 Quid
2809 4333 2993 4394 jtittl‘n?
3025 4334 3322 4387 construxit
3356 4332 3546 4398 templa
3597 4332 3685 4385 ltei
3717 4331 3773 4385 in

2192 4423 2393 4478 honore
2421 4423 2581 4495 524
2606 4432 2935 4487 sanctorum,
2960 4423 3285 4492 expetiitqne
3304 4438 3488 4477 eorum
3525 4425 3772 4492 piguora,

2192 4533 2254 4571 ac
2280 4534 2344 4572 ex
2374 4518 2571 4572 familia
2601 4517 2812 4587 propria
2845 4528 3152 4573 tonsuratos
3182 4519 3412 4572 instituit
3442 4518 3795 4581 monachos,

2194 4610 2600 4680 cmnubiutnque
2636 4608 2655 4649 τ
2689 4609 2951 4675 fundavit,
2983 4610 3035 4665 in
3065 4626 3170 4681 quo
3196 4628 3300 4665 non
3333 4610 3489 4663 modo
3507 4609 3772 4677 Cassiani,

2195 4720 2377 4757 verum
2409 4706 2568 4758 etiam
2594 4703 2770 4757 Basilii
2798 4716 2847 4759 et
2884 4704 3211 4773 reliquorum
3242 4705 3518 4767 abbatum,
3543 4704 3631 4772 qui
3658 4718 3747 4755 tuo

2197 4795 2533 4849 ttasterialem
2559 4794 2717 4848 vitam
2753 4795 3120 4859 insdtuerunt,
3154 4795 3495 4849 celebrantur
3540 4795 3773 4860 regulae,

2195 4890 2345 4942 beata
2380 4888 2600 4942 muliere
2640 4888 2834 4942 victum
2880 4899 3040 4958 atque
3073 4889 3323 4943 vestitum
3356 4888 3584 4959 singulis
3617 4888 3773 4941 ruini-

2193 4989 2415 5034 straute.
2444 4982 2550 5036 Nec
2584 4981 2757 5037 minus
2787 4981 2902 5036 haec
2928 4992 3102 5037 tamen
3128 4982 3377 5051 impedita
3404 4982 3505 5036 hoc
3527 4996 3692 5036 onere
3721 4980 3795 5037 in.

2197 5120 2466 5175 ttarchiam
2492 5121 2738 5175 obtinuit.

2271 5204 2293 5230 ο
2333 5193 2385 5244 ltt
2410 5192 2528 5246 Vat.
2561 5204 2609 5247 et
2639 5192 2791 5248 Colb.
2827 5207 2855 5244 a
2914 5191 3036 5245 huic
3076 5191 3234 5257 capiti
3275 5190 3616 5260 stthjungitur
3649 5190 3776 5244 Fre.

2198 5263 2397 5344 «legarii
2448 5263 2751 5318 Chronicou
2796 5264 2897 5318 sub
2935 5264 3088 5317 titulo
3112 5264 3229 5317 libri
3282 5279 3315 5316 ι
3363 5265 3613 5317 Historiae
3643 5260 3777 5316 Grc~

2236 5350 2353 5387 1ὶΙΊΙ.
3784 5360 3791 5365 ‘

2236 5355 2262 5380 tl
2340 5374 2353 5387 ,

2197 5349 2228 5403 Β
2270 5350 2699 5458 ιἹλιυηειειεειῆυηι
2740 5405 2890 5458 scilic
2928 5412 2946 5455 t
2987 5404 3294 5469 Atanense,
3323 5404 3464 5474 quod
3491 5414 3779 5470 postquam

2197 5475 2286 5528 diu
2317 5478 2515 5544 regulae
2546 5476 2901 5530 Bcnedictina:
2937 5476 3118 5527 luisset
3151 5475 3480 5542 subjectum,
3513 5477 3577 5527 ad
3601 5489 3777 5527 srccn-

2199 5546 2336 5599 lares
2353 5547 2640 5599 canonicos
2669 5546 3003 5612 tran~iit.qnt
3028 5549 3195 5597 sancti
3216 5547 3426 5600 Martini
3450 5544 3782 5599 Turonensis

2198 5618 2429 5684 capitulo
2474 5617 2696 5684 subjecti
2731 5626 2872 5669 sunt.
2906 5618 3115 5682 Oppido
3159 5618 3540 5684 circumpusito
3588 5629 3782 5673 nomen

2202 5696 2254 5739 (ιι
2298 5686 2555 5753 originem
2602 5687 2817 5751 tribuit,
2863 5688 3001 5748 quod
3037 5688 3297 5755 hodieque
3338 5689 3508 5740 sancti
3553 5686 3774 5748 Aredii,

2205 5757 2358 5828 vulgo
2389 5755 2753 5822 Saint-Yrt’et'x,
2796 5759 2844 5810 itt
2882 5757 3249 5811 Lemovicibus
3279 5758 3598 5826 appellatur.
