4132 6348
352 306 360 313 ’
401 320 495 377 56!

1318 325 1634 380 HISTORIA
1676 320 2124 378 FtiANCORUM.
2167 322 2367 376 LIBER
2415 326 2731 383 DECIMUS.

3557 346 3661 399 532

402 439 493 492 Dei
525 439 764 493 laudibus
794 440 1192 510 persuwebu;
1221 439 1315 494 sed
1339 439 1570 504 assidue,
1600 438 1700 492 ειεί
1732 437 1984 506 quiddam
2015 432 2063 489 Α
2092 431 2174 485 nis
2195 447 2309 499 epis
2338 434 2442 500 die,
2468 454 2657 493 niuner
2684 456 2803 507 qua:
2831 442 2897 495 ab
2926 444 3114 512 Spiritu
3145 446 3423 506 immundo
3460 467 3660 524 smptus

398 531 577 597 oneris
619 545 921 599 exerceret,
964 550 1176 603 semper
1226 535 1525 588 Orationem
1568 532 1828 599 Domino,
1861 540 1980 585 tan«

397 636 553 689 uuam
583 623 799 677 odorem
839 624 1042 680 incensi
1076 622 1421 693 acceptabilis
1447 622 1727 678 offerebat.
1771 622 1975 676 Interea

396 713 466 770 ad
507 725 746 771 sanctum
798 720 1047 774 Aredium
1099 730 1379 787 coeperunt
1427 719 1625 775 infirmi
1670 720 1974 785 confluere,

397 819 551 873 quos,
582 821 771 861 manus
812 811 1033 878 singulis
1067 827 1187 864 cum
1221 811 1420 865 vexillo
1443 811 1619 864 crucis
1661 810 1971 878 imponens,

395 901 606 954 sanitati
654 901 945 968 reddebat;
997 919 1261 972 quorum,
1309 904 1354 958 si
1398 903 1707 972 singillatim
1757 905 1973 957 nomina

395 993 629 1048 scribere
654 996 831 1060 velim,
859 1011 956 1050 nec
983 1013 1259 1051 numerum
1286 1012 1600 1067 percurrere
1622 996 1846 1061 valeam,
1873 1011 1974 1051 nec

394 1084 649 1139 vocabula
681 1101 1019 1141 memorare:
1058 1105 1219 1143 unum
1253 1100 1427 1142 tamen
1482 1090 1637 1157 novi,
1672 1088 1813 1158 qu0d
1850 1088 1969 1156 (νῆ’

392 1192 598 1244 cunque
622 1178 689 1231 ad
720 1196 838 1233 cum
867 1196 1008 1250 aeger
1038 1182 1290 1249 advenit,
1339 1198 1526 1251 Sospes
1581 1183 1859 1237 abscessit.
1895 1183 1971 1236 De

392 1265 682 1335 majoribus
713 1284 923 1337 quoque
956 1272 1228 1326 miraculis
1258 1290 1417 1339 parva
1450 1276 1821 1342 proponimus
1868 1273 1973 1325 llel‘

391 1359 617 1425 quodam
649 1371 887 1429 tempore
913 1378 1031 1418 cum
1056 1366 1315 1432 genitrice
1342 1366 1467 1419 dum
1494 1376 1695 1433 ageret,
1724 1373 1777 1418 et
1797 1366 1967 1419 sancti

391 1450 585 1502 Iuliani
638 1452 887 1522 martyris
918 1454 982 1507 ad
1017 1455 1287 1509 basilicam
1333 1468 1677 1525 properaret,
1708 1467 1971 1513 venerunt

391 1554 611 1608 vespere
644 1546 692 1597 in
726 1543 954 1612 quodam
986 1544 1121 1600 loco.
1162 1547 1287 1602 Erat
1328 1559 1503 1603 autem
1547 1549 1694 1604 locus
1736 1550 1825 1604 ille
1866 1548 1970 1602 ari-

388 1631 528 1699 dus,
580 1642 635 1689 et
701 1637 903 1707 absque
960 1637 1172 1694 ﬂuentis
1232 1642 1570 1697 currentibus
1626 1641 1967 1698 infecundus.

392 1721 634 1794 Dixitque
656 1728 718 1780 ad
752 1745 871 1782 eum
902 1738 1073 1785 mater
1099 1732 1216 1799 ejus
1245 1750 1257 1787 :
1292 1734 1411 1799 Fili,
1441 1749 1631 1804 aquam
1666 1750 1769 1789 non
1804 1734 1967 1790 habe-

2082 535 2300 589 vesata,
2342 542 2370 578 a
2414 538 2603 585 sancto
2633 534 2911 589 emundari
2941 553 3044 592 non
3081 550 3319 610 poterat,
3353 544 3525 615 ligatis
3556 563 3653 617 per

2080 630 2137 667 se
2166 631 2191 666 a
2220 625 2369 686 tergo
2395 620 2672 690 manibus,
2708 626 2944 683 clamare
2975 632 3138 701 coepit
3169 647 3233 689 ac
3262 634 3445 693 dicere
3472 657 3482 690 :
3517 639 3652 697 Cur-

2082 710 2180 762 rite
2202 710 2378 775 cives,
2407 715 2614 769 exsilite
2647 720 2825 786 populi
2850 762 2864 785 ,
2901 724 3042 779 exite
3076 728 3286 783 obviam
3328 735 3651 805 martyribus

2078 803 2616 874 confcssoribusque,
2664 811 2753 876 qui
2801 814 2866 866 ad
2918 820 3229 886 exsequium
3276 822 3415 879 beati
3463 803 3651 882 Aredii

2077 897 2421 952 conveniunt.
2459 899 2594 953 Ecce
2624 903 2775 957 adest
2802 906 3043 963 Julianus
3073 927 3099 963 a
3136 914 3380 981 Brivate,
3409 918 3657 975 Privatus

2076 1000 2138 1036 ex
2167 985 2395 1049 Mimate,
2430 991 2685 1047 Martinus
2716 1010 2742 1047 a
2768 996 3017 1063 Turonis,
3052 1002 3411 1076 Martialisque
3432 1011 3499 1064 ab
3524 1014 3656 1068 urbe

2078 1077 2290 1143 propria
2319 1088 2363 1129 ο.
2399 1079 2563 1135 Adest
2603 1083 2927 1142 Saturninus
2965 1105 2993 1144 a
3018 1091 3240 1163 Tolosa,
3272 1097 3559 1171 Dionysius
3584 1105 3653 1159 ab

2078 1168 2206 1219 urbe
2248 1167 2529 1236 l’arisiaca,
2564 1178 2801 1229 nonnulli
2831 1188 2881 1231 et
2911 1181 3021 1247 alii,
3048 1199 3179 1252 quos
3207 1188 3397 1244 cmlum
3433 1193 3650 1259 retinet,

2076 1272 2209 1322 quos
2236 1274 2329 1312 vos
2379 1270 2433 1314 ut
2477 1264 2814 1322 confessores
2845 1280 2897 1323 et
2943 1273 3032 1328 Dei
3084 1289 3346 1349 martyres
3393 1284 3650 1341 adoratis.

2078 1347 2201 1403 llmc
2226 1365 2343 1404 cum
2376 1353 2424 1405 in
2458 1358 2679 1411 exordio
2711 1364 2880 1415 noctis
2912 1367 3145 1423 clamare
3182 1375 3463 1441 cmpisset,
3498 1394 3525 1429 ιι
3558 1379 3655 1434 do-

2076 1445 2220 1495 mino
2249 1459 2346 1497 suo
2378 1452 2610 1503 revincta
2641 1462 2739 1506 est.
2781 1456 2885 1510 Sed
2910 1474 3240 1531 nequaquam
3275 1471 3443 1533 potuit
3471 1475 3650 1527 conti-

2076 1532 2191 1585 neri
2224 1551 2234 1584 :
2268 1550 2385 1602 quae
2419 1553 2672 1608 rumpens
2723 1545 2931 1601 vincula
2954 1590 2968 1613 ,
3012 1552 3075 1603 ad
3119 1559 3498 1611 monasterium
3531 1577 3649 1615 cum

2077 1628 2158 1681 his
2204 1631 2421 1685 vocibus
2468 1649 2753 1704 properare
2799 1644 2985 1710 cmpit.
3052 1646 3277 1715 Moxque
3328 1652 3513 1707 beatus
3571 1662 3648 1708 vir

2075 1718 2316 1785 spiritum
2348 1723 2583 1791 tradidit,
2603 1744 2706 1782 non
2738 1731 2854 1786 sine
2880 1735 3186 1791 testimonio
3218 1741 3477 1809 veritatis,
3507 1748 3651 1816 quod

390 1828 528 1879 nius,
554 1825 607 1870 et
629 1818 853 1884 qualiter
884 1822 967 1875 hic
1007 1832 1159 1877 nocte
1192 1826 1439 1889 praesenti
1471 1827 1749 1896 quiescere
1780 1842 1967 1896 possu-
2001 1804 2044 1864 Β
2072 1809 2447 1903 δίιᾼξυδθθβίυδ
2482 1818 2549 1873 ab
2578 1823 2800 1889 ³ηεθ¹ίεο
2827 1823 3098 1883 munerem
3146 1846 3359 1903 (δυοίίυθ
3405 1834 3459 1890 in
3499 1854 3652 1894 (ἔιδο-

391 1904 546 1959 unus?
576 1910 639 1960 At
670 1910 756 1963 ille
788 1920 1082 1979 prostratus
1115 1914 1164 1968 in
1190 1917 1486 1971 orationem
1508 1958 1522 1984 ,
1571 1927 1623 1972 et
1664 1918 1967 1973 diutissime

392 2009 577 2060 preces
608 1996 737 2051 fudit
769 2003 832 2055 ad
873 2004 1152 2058 Dominum
1183 2048 1198 2073 ,
1229 2015 1281 2060 et
1309 2009 1522 2078 erigens
1558 2023 1617 2063 se
1648 2009 1832 2063 deﬁxit
1864 2010 1965 2063 vir-

390 2103 506 2157 gim
540 2090 588 2140 in
618 2098 751 2145 terra
787 2110 941 2161 quam
991 2112 1148 2149 tnanu
1190 2099 1439 2168 gerebat.
1481 2115 1707 2171 eamque
1735 2116 1854 2155 eum
1888 2103 1966 2155 bis

388 2187 479 2229 aut
506 2180 663 2233 lettio
692 2186 738 2233 in
772 2200 957 2252 gyrum
993 2188 1277 2253 vertisset,
1319 2190 1383 2242 ad
1423 2204 1480 2244 se
1506 2191 1661 2245 lactus
1689 2192 1920 2247 extraxit
1947 2209 1961 2247 ;

388 2284 631 2336 moxque
672 2274 807 2327 unda
859 2290 1009 2343 aqua:
1050 2289 1231 2334 secuta
1279 2292 1360 2335 est
1390 2290 1495 2335 tam
1528 2284 1699 2337 valida
1722 2324 1737 2349 ,
1774 2294 1827 2339 ιιι
1858 2302 1962 2339 ιιυιι

386 2362 557 2414 solum
592 2364 720 2431 ipsis
750 2366 816 2420 de
842 2370 1233 2436 prmsenti,sed
1257 2374 1417 2427 etiam
1448 2376 1730 2443 pecoribus
1761 2378 1961 2433 affatim

386 2452 635 2521 (Σνίιιορρς
668 2460 850 2522 pocula
885 2461 1232 2517 ministraret.
1263 2464 1585 2533 Nuperrimo
1614 2482 1791 2523 au'em
1824 2479 1961 2524 tem-

386 2558 514 2610 put‘e
543 2544 643 2598 iter
670 2562 895 2616 οηιηιριιδ
922 2592 936 2615 ,
973 2555 1182 2609 nimbus
1211 2555 1275 2609 ad
1304 2570 1425 2611 eum
1473 2558 1667 2626 pluviae
1707 2561 1963 2618 advenire

382 2638 545 2704 coepit
573 2655 587 2691 :
617 2656 771 2708 quem
807 2643 895 2697 ille
924 2660 1173 2713 cernens,
1202 2650 1472 2715 paululum
1500 2667 1661 2721 SUper
1683 2668 1876 2724 equum
1904 2654 1959 2711 in

381 2743 488 2797 quo
517 2730 731 2785 sedi-bat
762 2745 921 2804 caput
950 2736 1234 2805 inclinans,
1264 2759 1455 2799 manus
1484 2747 1723 2801 extendit
1752 2749 1819 2803 ad
1853 2749 1957 2803 Do-

382 2823 606 2877 ntinum.
640 2827 1013 2886 Consummata
1043 2849 1168 2889 vero
1197 2838 1457 2905 oratione,
1490 2840 1655 2894 divisa
1684 2852 1761 2896 est
1790 2842 1959 2898 nubes

380 2914 433 2967 in
457 2914 663 2971 duabus
692 2923 959 2989 partibus,
1002 2941 1066 2981 ac
1096 2927 1147 2981 in
1193 2930 1420 2986 circuitu
1471 2949 1657 2989 eorum
1708 2937 1957 2992 immanis

379 3005 658 3063 descendit
688 3013 889 3080 pluvia;
922 3031 1082 3086 super
1110 3035 1203 3075 eos
1236 3032 1434 3090 tamen,
1468 3028 1631 3091 nulla,
1663 3028 1707 3080 si
1740 3029 1843 3083 dici
1873 3029 1955 3084 fas

379 3108 491 3165 est,
541 3113 686 3168 gutta
736 3105 1031 3162 descendit.
1069 3110 1455 3169 Wistrimundo
1484 3133 1721 3188 quoque,
1750 3135 1953 3189 cogno-

380 3198 561 3243 mento
590 3193 853 3261 Tattonis,
884 3198 986 3252 civi
1013 3199 1281 3258 Turonico
1305 3245 1319 3267 ,
1350 3204 1540 3260 dentes
1570 3223 1787 3277 gravem
1820 3211 1953 3267 infe-

379 3277 568 3334 rebant
598 3283 858 3352 dolorem,
893 3302 955 3342 ex
986 3305 1092 3358 quo
1123 3292 1285 3348 etiam
1332 3298 1544 3350 maxilla
1586 3299 1951 3358 intumuerat:

379 3371 519 3439 quod
549 3388 666 3428 eum
698 3376 851 3433 beato
881 3381 992 3435 viro
1024 3385 1183 3456 525
1210 3398 1429 3454 questus
1457 3390 1646 3447 fuisset
1671 3434 1685 3458 ,
1732 3410 1950 3451 manum

379 3480 538 3533 super
566 3468 739 3525 locum
771 3471 971 3529 doloris
1002 3476 1275 3547 imposuit,
1307 3485 1597 3555 statimque
1624 3488 1776 3543 dolor
1803 3490 1952 3560 fuga—

381 3564 484 3620 tus,
518 3573 776 3630 nusquam
799 3563 1051 3637 deinceps
1072 3570 1136 3624 ad
1161 3572 1410 3641 injuriam
1436 3574 1665 3632 hominis
1691 3583 1952 3636 excitatus

380 3657 480 3702 est.
527 3650 649 3707 Haec
699 3655 811 3724 ipse
861 3658 951 3728 qui
993 3676 1182 3730 passus
1226 3676 1309 3722 est
1356 3668 1557 3724 retulit.
1592 3671 1666 3726 De
1709 3672 1791 3727 his
1823 3690 1952 3731 vero

380 3743 545 3811 signis
572 3760 689 3813 qua:
718 3762 813 3817 per
838 3750 1084 3808 virtutem
1116 3760 1285 3811 sancti
1310 3757 1505 3815 Juliani
1530 3765 1781 3834 martyris
1805 3766 1949 3820 Mar—

378 3822 581 3901 tinique
619 3840 940 3897 confessmis
969 3844 1146 3910 beati,
1180 3845 1232 3901 in
1262 3848 1377 3917 ejus
1418 3851 1665 3907 manibus
1696 3853 1951 3911 Dominus

379 3937 632 3993 Operatus
658 3939 759 3996 est,
792 3932 1043 4005 pleraque
1091 3936 1145 3992 in
1186 3939 1335 3994 libris
1366 3940 1770 4010 Miraculorum,
1813 3946 1951 4001 sicut

380 4015 493 4082 ipse
522 4018 710 4076 enatus
737 4032 839 4089 est,
870 4026 1203 4097 scripsimus.
1232 4030 1357 4086 Post
1386 4033 1482 4088 has
1514 4050 1643 4089 vero
1675 4046 1730 4090 et
1755 4038 1951 4094 multas

379 4108 506 4164 alias
530 4114 787 4178 virtutes,
818 4132 951 4187 quas
997 4120 1212 4175 Christo
1256 4135 1580 4193 coeperante
1626 4128 1947 4198 complevit,

377 4197 590 4254 advenit
614 4202 845 4259 Turonis
877 4217 997 4275 post
1022 4210 1365 4267 festivitatem
1390 4215 1559 4269 sancti
1591 4215 1821 4283 Martini,
1852 4217 1952 4273 ibi-

379 4306 480 4359 que
510 4296 776 4358 paululum
808 4312 1190 4368 commoratus,
1222 4302 1355 4359 dixit
1384 4306 1539 4361 nobis
1568 4322 1627 4363 se
1660 4298 1813 4363 haud
1833 4310 1952 4365 lon-

380 4395 529 4450 gmvo
553 4393 577 4419 ³
610 4394 849 4452 tempore
894 4390 1067 4447 adhuc
1098 4393 1149 4446 in
1183 4397 1282 4448 hoc
1328 4395 1528 4450 mundo
1569 4398 1825 4466 retineri,
1857 4408 1950 4455 aut

379 4484 525 4530 certe
555 4478 790 4533 velocius
816 4480 1065 4545 dissolvi;
1097 4494 1151 4539 et
1182 4487 1486 4543 valedicens
1508 4490 1799 4559 abscessit,
1830 4510 1951 4565 gra-

382 4568 475 4619 tias
510 4582 672 4639 agens
702 4571 840 4641 Deo,
873 4575 1011 4645 quod
1063 4576 1367 4649 priusquam
1419 4581 1593 4637 obiret
1641 4585 1948 4653 sepulcrum

379 4658 516 4716 beati
544 4664 793 4721 antistitis
815 4670 1042 4725 osculari
1066 4674 1471 4741 promeruisset.
1494 4676 1733 4747 Cumque
1754 4680 1819 4734 ad
1842 4681 1955 4737 cel-

381 4758 539 4817 lulam
569 4779 719 4819 suam
746 4771 1081 4837 accessisset,
1114 4782 1432 4832 testamento
1462 4777 1486 4816 δ
1510 4781 1731 4837 condito
1751 4824 1767 4851 ,
1798 4785 1947 4841 ordi-

379 4865 517 4920 natis
542 4869 812 4936 omnibus,
843 4887 906 4927 ac
928 4883 1114 4931 sancto
1146 4877 1373 4936 Martino
1400 4880 1715 4955 Hilarioque
1741 4890 1950 4944 antisti-

380 4968 518 5022 tibus
572 4968 876 5027 hmredibus
939 4978 1289 5046 constitutis,
1347 4993 1609 5051 aegrotare
1666 4988 1833 5056 cmpit
1887 5005 1953 5045 ac

377 5066 695 5136 dysenteriae
725 5072 910 5127 morbo
934 5077 1167 5143 gravari.
1199 5079 1359 5135 Sexta
1386 5097 1600 5154 quoque
1644 5090 1952 5157 aegrotatio-

449 5231 474 5258 ¹¹
516 5222 915 5303 S_i<_:_Bec._Alii,
945 5245 999 5282 se
1024 5238 1113 5283 aut
1143 5231 1379 5303 longwri.
1411 5234 1579 5291 Porro
1607 5237 1949 5299 festivitatem

378 5295 546 5345 sancti
582 5295 920 5375 Martiuinhic
949 5295 1295 5375 memoratam
1339 5305 1572 5375 intellige
1625 5295 1953 5367 Translatio-

381 5376 500 5448 ncm
520 5379 684 5448 ,_qu:n
712 5369 937 5448 ινηΝυιιζ
976 5369 1098 5425 Julii
1126 5373 1458 5448 celebratur,
1499 5369 1546 5431 si
1577 5380 1789 5448 quidem
1820 5385 1951 5439 Are-

378 5431 496 5485 dius
523 5431 610 5489 die
640 5450 727 5489 vm
752 5437 868 5493 Kal.
905 5441 1175 5509 Septemb.
1207 5443 1357 5500 obiit.

451 5522 478 5562 ιι
506 5526 765 5599 ipsumjn
791 5532 1096 5599 Appendice
1122 5532 1363 5589 dabimus
1385 5551 1448 5590 ex
1471 5542 1617 5592 torno
1641 5538 1684 5593 ll
1704 5541 1945 5599 Analect.

380 5592 652 5676 ﬂabillon.
688 5592 982 5676 De_A_redi_o
1004 5602 1295 5676 Qregorius
1333 5607 1547 5676 scripsit
1573 5609 1624 5663 in
1646 5592 1945 5669 tibialia};

379 5663 561 5741 unae.
606 5668 1050 5741 sanctiillartini,
1089 5663 1206 5741 cap.
1238 5674 1335 5738 59,
1381 5663 1562 5733 et'lib.
1594 5695 1630 5735 ιι
1657 5663 1724 5736 de
1767 5663 1945 5739 una;

381 5734 535 5790 Mart.
558 5776 572 5795 .
618 5751 737 5806 cap.
767 5738 851 5793 40.
890 5740 1016 5809 Ejus
1036 5734 1206 5801 mn.
1252 5734 1386 5803 infra
1425 5734 1717 5819 dabimtis,‘
1753 5734 1946 5823 praeter

2069 1901 2205 1969 quiis
2234 1904 2342 1956 suis
2372 1920 2493 1961 cum
2524 1908 2625 1962 alia
2656 1914 2887 1970 muliere
2915 1923 3154 1988 nequiori
3199 1925 3390 1991 Spiritu
3421 1938 3649 1997 vexata,

2069 1998 2125 2044 ut
2154 2000 2236 2044 est
2274 1990 2298 2029 ά
2327 1996 2575 2062 sepulcro
2605 2007 2778 2057 tectus
2800 2046 2813 2068 ,
2855 2020 2883 2058 a
2920 2009 3154 2078 nequitia
3195 1990 3370 2067 infesti
3402 1990 3651 2073 daemonii

2066 2085 2396 2142 emundavit.
2432 2088 2496 2142 Et
2544 2093 2735 2159 credo,
2788 2096 2856 2151 ob
2904 2098 3003 2152 hoc
3036 2103 3129 2156 Dei
3184 2107 3555 2162 nutucasdem
3598 2111 3651 2167 in

2066 2189 2290 2243 cmpore
2322 2182 2522 2245 positus
2551 2199 2654 2236 non
2690 2188 2858 2251 patuit
2886 2189 3044 2262 523
3066 2202 3383 2263 emundare,
3411 2208 3468 2253 ut
3497 2216 3650 2257 exsc-

2066 2266 2201 2330 quim
2251 2267 2391 2321 illius
2450 2270 2546 2323 hac
2602 2275 2791 2328 virtute
2838 2279 3283 2345 glorificarentur.
3336 2287 3461 2341 Post
3517 2290 3648 2345 cele.

2068 2355 2275 2411 bratnm
2319 2376 2445 2415 vero
2488 2363 2681 2430 fimus,
2730 2371 2920 2424 mulier
2967 2375 3205 2442 qttmdam
3260 2378 3394 2432 rictu
3435 2384 3648 2451 patulo,

2065 2447 2179 2501 sine
2227 2452 2369 2505 vocis
2413 2454 2589 2508 officio
2614 2501 2627 2523 ,
2677 2459 2741 2510 ad
2786 2460 2901 2526 ejus
2940 2466 3169 2519 accessit
3200 2470 3459 2524 tunmlum
3490 2489 3500 2523 :
3535 2488 3641 2542 quo

2065 2542 2261 2596 osculis
2306 2543 2572 2614 delibato,
2606 2550 2924 2609 elocutionis
2968 2540 3162 2614 meruit
3206 2563 3450 2632 recipere
3481 2564 3644 2623 bene-

2072 2628 2273 2687 ficium.

2136 2721 2303 2777 XXX.
2337 2724 2449 2780 Hoc
2478 2742 2618 2783 anno
2644 2747 2828 2787 mense
2858 2736 3117 2803 secundo,
3152 2748 3255 2795 tam
3290 2743 3339 2795 in
3369 2743 3638 2802 Turonico

2061 2830 2219 2884 quam
2250 2817 2299 2870 in
2332 2818 2643 2875 Namnetico
2675 2827 2847 2887 gravis
2882 2844 2912 2894 p
2935 2830 3131 2895 tpililllﬂ
3168 2832 3282 2886 lues
3307 2835 3532 2901 attrivit,
3564 2838 3635 2893 ita

2062 2918 2118 2960 ut
2146 2909 2353 2962 modico
2379 2912 2619 2981 quisquis
2645 2927 2874 2981 mgrotns
2905 2920 3095 2986 capitis
3130 2922 3315 2977 dolare
3366 2926 3603 2991 pulsatus
3622 2969 3639 2994 ,

2061 3000 2294 3051 animam
2328 3000 2588 3055 funderet.
2622 3002 2725 3057 Sed
2756 3004 2905 3060 factis
2955 3010 3319 3078 rogationibus
3341 3028 3459 3068 cum
3495 3032 3625 3085 gran

2058 3087 2111 3140 di
2138 3089 2457 3143 abstinentia
2483 3099 2537 3146 et
2557 3092 2781 3162 jejunio,
2815 3098 3032 3152 sociatis
3063 3103 3221 3156 etiam
3252 3107 3629 3178 c’eemosynis,

1983 3175 2029 3237 C
2060 3180 2317 3236 adversus
2346 3184 2511 3240 divini
2555 3186 2750 3243 furoris
2783 3191 3008 3260 impetus
3040 3195 3305 3267 mitigatus
3347 3215 3449 3257 est.
3479 3204 3634 3271 Apud

2058 3271 2450 3328 Lemovicinam
2482 3291 2609 3331 vero
2639 3279 2825 3334 urbem
2851 3284 2918 3335 ob
2947 3284 3201 3341 Dominici
3222 3289 3335 3344 diei
3361 3291 3631 3361 injuriam,

2058 3377 2155 3432 pro
2182 3378 2246 3417 eo
2272 3366 2412 3435 quod
2437 3366 2487 3420 in
2518 3383 2581 3421 eo
2611 3384 2827 3437 Operam
2862 3374 3123 3440 publicam
3154 3390 3487 3446 exercerent,
3527 3385 3635 3451 ple-

2055 3453 2207 3521 rique
2235 3456 2353 3522 igne
2382 3457 2589 3510 cmlesti
2622 3463 2925 3528 consumpti
2955 3478 3097 3518 sunt.
3124 3467 3352 3525 Sanctis
3382 3482 3461 3525 est
3485 3474 3626 3529 enim

2058 3543 2145 3599 hic
2171 3547 2307 3611 dies,
2339 3549 2426 3616 qui
2455 3549 2505 3601 in
2538 3551 2795 3620 principio
2825 3554 2994 3610 lucem
3027 3559 3293 3615 conditam
3323 3564 3520 3631 primus
3554 3566 3637 3619 vi-

2056 3637 2152 3695 dit.
2180 3654 2241 3693 ae
2267 3640 2554 3696 Dominic.e
2577 3648 2987 3702 resurrectionis
3012 3655 3163 3707 teStis
3188 3652 3357 3709 factus
3383 3655 3632 3712 emicuit:

2055 3727 2282 3799 ideoque
2310 3731 2453 3785 omni
2482 3732 2586 3787 fide
2620 3749 2650 3787 a
2685 3735 3009 3792 Christianis
3035 3740 3304 3796 observari
3336 3745 3494 3800 debet
3514 3785 3528 3809 ,
3564 3762 3632 3802 ne

2056 3819 2143 3873 [iat
2174 3821 2225 3873 in
2266 3835 2331 3875 eo
2369 3836 2527 3876 omne
2568 3839 2703 3891 opus
2744 3827 3036 3895 publicum.
3077 3830 3133 3885 In
3179 3833 3446 3890 Turonico
3495 3850 3628 3892 vero

2054 3912 2293 3966 nonnulli
2321 3913 2388 3967 ab
2432 3914 2531 3968 hoc
2579 3915 2733 3984 igne,
2765 3920 2859 3973 sed
2907 3936 3012 3976 non
3056 3924 3142 3978 die
3189 3925 3465 3984 Dominico
3502 3938 3630 3986 sunt

2054 4000 2248 4055 adusti.
2284 4002 2505 4058 Siceitas
2557 4006 2811 4063 immensa
2861 4010 2987 4076 fuit,
3023 4028 3142 4083 quae
3181 4029 3339 4070 omne
3375 4019 3624 4087 pabulum

2054 4091 2338 4149 herbarum
2365 4097 2594 4151 avertit:
2630 4100 2771 4155 unde
2799 4101 2996 4157 factum
3026 4113 3109 4160 est
3132 4145 3147 4171 ,
3192 4118 3246 4162 ut
3275 4111 3451 4179 gravis
3482 4128 3629 4168 mor-

2052 4181 2151 4237 bus
2199 4184 2250 4237 in
2299 4186 2580 4253 pecoribus
2628 4203 2691 4243 ac
2726 4190 2985 4259 iumentis
3028 4196 3394 4269 invalescens,
3439 4217 3624 4272 parum

2052 4277 2195 4332 unde
2223 4266 2525 4334 sumeretur
2549 4283 2697 4351 origo
2714 4284 3063 4355 relinqueret;
3082 4290 3218 4345 sicut
3242 4292 3485 4349 llabacuc
3502 4310 3627 4365 pro-

2053 4368 2209 4436 pheta
2241 4368 2553 4427 vaticinatus
2573 4382 2656 4427 est
2682 4390 2696 4428 :
2725 4374 2979 4444 Deﬁcient
3001 4379 3065 4433 ab
3092 4396 3209 4436 esca
3249 4400 3362 4437 aves
3388 4425 3403 4450 ,
3435 4394 3480 4438 et
3522 4403 3624 4442 non

2054 4470 2199 4514 erunt
2226 4461 2277 4514 in
2303 4464 2614 4531 praesepibus
2652 4465 2796 4519 boves
2822 4466 3047 4537 (Hebae.
3074 4486 3150 4538 ιιι,
3184 4474 3294 4544 17).
3330 4475 3443 4531 Νοη
3466 4479 3626 4533 modo

2058 4553 2200 4607 enim
2232 4553 2283 4607 in
2315 4554 2656 4624 domesticis,
2688 4574 2872 4615 verum
2915 4563 3076 4618 etiam
3122 4565 3175 4619 in
3225 4566 3353 4636 ipsis
3398 4569 3626 4624 ferarmn

2060 4644 2341 4699 immitium
2368 4647 2654 4716 generibus
2677 4648 2793 4705 haec
2821 4652 2938 4708 lues
2967 4665 3202 4724 grassata
3228 4668 3329 4713 est.
3360 4657 3494 4714 Nam
3534 4676 3630 4729 per

2059 4736 2226 4790 saltus
2271 4737 2524 4794 silvarum
2565 4741 2849 4798 multitudo
2879 4758 3166 4801 cer-verum
3195 4757 3251 4803 et
3295 4749 3622 4820 reliquorum

2058 4826 2408 4882 animantium
2441 4839 2702 4896 prostrata
2734 4848 2828 4902 per
2880 4835 3020 4890 invia
3051 4848 3207 4893 nacta
3234 4848 3339 4895 est.
3372 4840 3573 4897 Fenum
3601 4853 3626 4882 ο

2060 4913 2126 4966 ab
2152 4914 2414 4971 infusione
2433 4918 2731 4986 pluviarum
2750 4933 2802 4976 et
2824 4922 3168 4984 inundatione
3188 4930 3423 4986 amnium
3448 4933 3626 5001 periit,

2059 5015 2266 5073 segetes
2293 5006 2503 5076 exiguae
2525 5050 2540 5073 ,
2573 5010 2891 5069 vincae.vero
2929 5019 3163 5085 profusa:
3203 5019 3444 5089 fuerunt;
3470 5040 3626 5095 quer-

2059 5107 2220 5149 cumn
2249 5096 2449 5154 fructus
2470 5103 2669 5157 ostensi
2689 5105 2935 5163 cﬂ'ectum
2964 5124 3073 5167 non
3099 5112 3460 5172 obtinuerunt.

2060 5265 2325 5330 earn-qua}
2357 5252 2493 5330 inter
2526 5255 2654 5330 Acta
2680 5259 2779 5316 SS.
2809 5262 3019 5319 Ordinis
3052 5269 3215 5323 nostri
3237 5270 3380 5327 edita
3406 5262 3627 5330 estSe-

2059 5324 2180 5374 Culu
2208 5337 2222 5374 ι
2252 5322 2640 5409 “saeuientia,
2666 5344 2783 5401 pag.
2815 5331 2943 5390 549.
2973 5335 3032 5390 Ei
3062 5322 3628 5409 superstitiosa.

2055 5404 2220 5444 carm.
2252 5392 2433 5448 ‘L’OIib.
2468 5409 2518 5449 ν.
2623 5392 2681 5399 "
2733 5392 2762 5401 '
3072 5392 3111 5393 ”
3170 5392 3187 5409 '
3236 5392 3509 5471 "ﬂ";

2128 5480 2563 5571 clpemqvigcibus
2618 5487 2853 5558 scilicet,
2909 5492 3061 5562 cujus
3117 5498 3299 5567 populi
3353 5505 3629 5571 apostolus

2055 5549 2312 5605 Martialis
2341 5552 2461 5607 fuit.

2123 5617 2149 5655 ἀ
2189 5619 2468 5690 Casinens,
2492 5626 2852 5683 υεςιςαιαζροει
2894 5632 3143 5690 celebrato
3197 5655 3311 5695 vero
3353 5641 3533 5713 fama
3567 5650 3628 5702 ω

2052 5698 2125 5745 εει
2144 5730 2157 5751 ,
2191 5700 2295 5744 CIC.

2124 5760 2143 5783 ⁸
2176 5761 2329 5828 Bad.,
2376 5770 2430 5816 ut
2451 5773 2598 5822 nacta
2623 5778 2695 5823 est
2715 5769 2906 5842 (eitum,
2934 5775 3019 5843 εὖ,
3050 5788 3151 5832 ριν.
