4132 6348
556 299 651 368 rga

1541 288 1598 343 Β.
1640 279 1961 339 CRECORII
2007 276 2309 334 EPiSCUPl
2352 274 2778 346 TURONENSIS

3694 266 3800 318 564

622 412 813 470 χχχι,
856 410 932 468 De
961 417 989 449 ι
1016 404 1280 478 episcopis
1307 400 1586 457 'l‘uronicis
1637 398 1758 453 licet
1786 397 1839 451 iu
1878 392 2119 460 superio-
2151 392 2195 451 Α
2224 390 2289 442 de
2315 389 2535 458 regione
2562 385 2867 461 Pannoniae,
2894 380 3402 478 civitateSabarize-z
3554 377 3624 434 ob
3646 393 3799 478 amo-

547 508 698 564 ribus
752 504 901 569 libris
950 499 1194 572 quaedam
1237 494 1518 565 scripsisse
1566 490 1709 545 visus
1754 489 1889 561 sim,
1944 497 2117 543 tamen

547 608 769 672 propter
799 592 1186 651 ordinationem
1216 602 1399 644 eorum
1428 596 1480 640 et
1526 582 1978 672 supputationem,
2011 592 2119 672 quo

552 670 789 760 tempore
818 686 1048 755 primum
1081 680 1394 748 prmdlcatqr
1438 676 1503 729 ad
1546 671 1862 739 Turonicam
1894 670 2119 729 accessit

552 784 760 845 urbem,
798 777 1133 843 reciprocare
1164 771 1376 840 placuit.

621 877 674 930 1.
714 872 923 927 Primus
954 867 1206 922 Gatianus
1237 866 1264 901 δ
1291 862 1573 931 episcopus
1593 896 1609 923 ,
1643 857 1801 928 527
1847 869 1993 927 anno.
2016 854 2116 907 im-

550 965 683 1038 perii
714 963 854 1019 Decii
888 962 1083 1032 primo,
1109 971 1137 1010 a
1163 955 1413 1010 Romana:
1441 952 1580 1006 sedis
1609 964 1741 1018 papa
1773 947 2118 1038 transmissus

551 1035 678 1113 est:
717 1057 769 1111 in
800 1070 903 1123 qua
946 1057 1075 1106 urbe
1106 1043 1387 1101 multitudo
1431 1054 1756 1112 paganorum
1802 1035 2119 1113 idololatriis

551 1148 728 1209 dedita
769 1143 1227 1201 commorabatur;
1268 1136 1335 1191 de
1364 1134 1556 1205 quibus
1598 1130 1881 1207 nonnullos
1914 1128 2119 1197 praedi-

550 1240 761 1307 catione
784 1251 878 1291 sua
913 1231 1151 1289 converti
1182 1227 1307 1295 fecit
1333 1226 1397 1281 ad
1449 1226 1749 1280 Dominum.
1793 1222 1900 1277 Sed
1950 1222 2115 1276 inter-

550 1333 675 1391 dum
703 1328 978 1385 occulebat
1023 1340 1081 1381 se
1110 1325 1178 1378 ob
1223 1320 1675 1391 impugnationem
1705 1325 1975 1385 potentum
2000 1357 2013 1378 ,
2053 1330 2120 1371 eo

550 1421 694 1494 quod
734 1420 928 1489 saepius
954 1431 1075 1475 eum
1108 1414 1313 1483 injuriis
1360 1422 1413 1465 et
1438 1408 1775 1465 contumeliis
1806 1421 1923 1467 cum
1966 1420 2117 1475 repe-

550 1521 731 1573 serant
772 1509 1105 1572 olfecissem,
1148 1518 1210 1558 ac
1238 1518 1331 1571 per
1377 1509 1590 1571 cryptas
1637 1508 1691 1553 et
1742 1498 1959 1551 latibula
1998 1511 2115 1550 cum

550 1601 734 1681 paucis
759 1596 1094 1658 Christianis,
1126 1602 1182 1646 ut
1212 1591 1464 1655 diximus,
1500 1603 1592 1658 per
1620 1588 1864 1644 eumdem
1897 1602 2119 1644 conver-

550 1678 658 1756 sis,
707 1686 1018 1759 mysterium
1062 1681 1416 1759 solemnitatis
1446 1679 1549 1735 diei
1582 1679 1839 1733 Dominici
1872 1678 2117 1733 clanculo

2221 496 2332 533 rem
2362 478 2450 533 Dei
2480 477 2618 545 apud
2666 478 2852 549 urbem
2899 476 3346 535 Mediolanensem
3376 472 3540 543 italia!
3562 516 3579 542 ,
3624 473 3803 544 primo

2220 552 2596 639 monasterium
2627 567 2789 638 528
2816 568 3117 632 constituit;
3150 566 3242 621 sed
3289 565 3357 619 ab
3388 564 3683 631 haereticis,
3731 579 3802 621 eo

2219 659 2363 732 quod
2387 670 2625 711 sanctam
2654 654 2970 725 Trinitatem
3002 656 3295 725 intrepidus
3326 656 3661 726 praedic-ret,
3690 658 3801 711 viro

2218 749 2297 818 gis
2328 732 2496 804 exesus
2524 758 2549 795 ε
2580 757 2738 816 atque
2767 747 3017 817 expulsus
3048 747 3114 801 de
3162 747 3307 801 italia
3328 784 3345 811 ,
3378 748 3429 800 in
3460 746 3661 801 Gallias
3700 762 3798 801 ac-

2218 840 2413 913 cessit;
2448 840 2643 894 multos
2672 854 2995 909 paganorum
3025 838 3265 893 converti
3297 837 3441 901 fecit,
3478 837 3672 906 templa
3701 852 3800 890 eo-

2219 944 2335 983 rum
2387 937 2698 999 statuasque
2736 928 3031 998 confregit,
3081 927 3311 999 fecitque
3357 926 3521 981 multa
3551 927 3701 998 signa
3743 928 3797 982 in

2223 1019 2477 1089 populos,
2537 1019 2607 1073 ita
2662 1027 2718 1077 ut
2747 1030 2871 1075 ante
2919 1018 3284 1088 episcopatum
3332 1017 3466 1072 duos
3509 1017 3799 1072 suscitaret

2220 1123 2491 1185 mortuos,
2540 1124 2660 1183 post
2695 1114 3061 1180 episc0patum
3090 1121 3303 1176 autem,
3348 1125 3512 1168 unum
3556 1119 3798 1164 tantum-

2222 1208 2377 1262 modo
2405 1206 2703 1264 suscitavit.
2735 1206 2830 1260 llic
2862 1204 3130 1263 transtulit
3155 1217 3349 1272 corpus
3390 1202 3527 1256 beati
3560 1201 3796 1266 Gatiaui,

2220 1300 2566 1370 sepelivitque
2597 1301 2772 1370 ipsum
2795 1297 2947 1367 juxta
2970 1296 3271 1365 sepulcrum
3300 1295 3470 1352 saucti
3499 1292 3708 1359 Litorii,
3742 1294 3799 1357 in

2221 1391 2317 1464 illa,
2341 1392 2571 1453 nominis
2595 1392 2673 1451 sui
2697 1388 2915 1461 prmluta
2948 1388 3187 1445 basilica.
3222 1386 3317 1444 Hic
3344 1384 3612 1453 prohibuit
3631 1384 3801 1438 Maxi-

2222 1498 2386 1549 mum,
2413 1498 2479 1538 ne
2505 1482 2737 1553 gladium
2766 1481 2819 1535 in
2853 1480 3157 1548 Hispaniam
3189 1476 3256 1531 ad
3284 1474 3681 1534 interﬁciendos
3702 1474 3800 1532 de:

2221 1576 2447 1639 stinaret
2491 1572 2773 1628 haereticos
2801 1567 2828 1607 ιι
2856 1588 2868 1625 :
2898 1572 3088 1642 quibus
3116 1567 3361 1623 sufﬁcere
3402 1566 3611 1632 statuit,
3652 1565 3796 1635 quod
3820 1577 3858 1609 ι

2222 1680 2249 1719 a
2272 1664 2653 1721 catholicorum
2684 1661 2929 1717 ecclesiis
2969 1669 3145 1723 essent
3179 1658 3264 1713 vel
3294 1656 3673 1729 communione
3710 1670 3800 1711 re-

550 1746 878 1849 cergbm‘bag
924 1746 1052 1831 Ει-ξη
1088 1756 1264 1829 ante".
1313 1770 1469 1826 valde
1515 1769 1794 1845 religiosus
1833 1779 1885 1824 ει
1927 1771 2117 1829 umens
2155 1771 2194 1830 Β
2223 1758 2372 1812 moti.
2400 1755 2779 1849 Consummato
2808 1767 2937 1849 ergo
2975 1750 3251 1849 prmsentis
3279 1749 3399 1803 vita:
3444 1746 3800 1849 cursu,gobiit

552 1874 755 1938 Deum:
783 1880 837 1924 ut
868 1869 965 1927 nisi
1016 1867 1199 1921 fuisset
1229 1862 1377 1930 talis,
1410 1876 1517 1933 non
1559 1860 1745 1931 utique
1767 1860 1985 1927 domos,
2029 1876 2121 1931 pa-

550 1973 732 2029 rentes
754 1973 806 2018 et
834 1961 1057 2032 patriam
1089 1959 1157 2012 ob
1183 1956 1439 2029 Dominici
1465 1956 1662 2008 amoris
1690 1954 2016 2024 diligentiam
2040 1969 2121 2009 re-

553 2055 819 2124 liquisset.
862 2052 918 2106 ln
947 2051 1043 2103 hac
1072 2048 1199 2103 urbe
1237 2046 1335 2101 sub
1361 2045 1448 2099 tali
1480 2043 1802 2107 conditione,
1836 2052 1895 2098 ut
1924 2043 2116 2108 ferunt,

553 2158 722 2211 annos
760 2140 1136 2212 quinquaginta
1179 2145 1568 2200 commoratus,
1603 2135 1735 2189 obiit
1764 2135 1813 2193 in
1849 2150 1978 2203 pace
2003 2175 2018 2197 ,
2069 2144 2121 2189 et

552 2233 792 2306 sepultus
813 2240 895 2287 est
919 2231 969 2307 in
1002 2230 1166 2297 ipsius
1188 2228 1289 2287 vici
1312 2226 1639 2292 cmmeterio,
1671 2226 1809 2295 quod
1831 2234 1945 2280 erat
1969 2226 2124 2280 Chri-

552 2331 874 2393 stianorum;
906 2334 960 2379 et
996 2322 1226 2377 cessavit
1273 2320 1611 2395 episcopatus
1666 2316 1881 2389 triginta
1914 2328 2119 2388 septem

554 2421 705 2476 annis
735 2430 779 2475 ε.

565 2490 572 2497 ’
624 2514 679 2565 2.
720 2510 1018 2574 Secundus,
1045 2523 1185 2562 anno
1215 2506 1421 2575 imperii
1450 2504 1754 2559 Constantis
1795 2504 1966 2572 primo
1987 2544 2001 2567 ,
2034 2503 2121 2561 Li-

557 2607 723 2686 torius
752 2601 775 2639 ά
805 2603 1079 2656 ordinatur
1128 2599 1407 2669 episcOpus
1447 2616 1462 2652 :
1513 2598 1609 2650 fuit
1656 2607 1829 2650 autem
1877 2597 1948 2651 de
1995 2598 2125 2651 civi-

556 2700 654 2755 bus
683 2697 980 2761 Turonicis,
1003 2704 1055 2753 et
1086 2695 1171 2748 hic
1197 2693 1351 2749 valde
1379 2691 1684 2761 religiosus.
1721 2690 1813 2746 Hic
1842 2692 2126 2747 :ndiﬁcavit

552 2791 833 2857 ecclesiam
866 2770 1087 2859 primam
1115 2787 1246 2842 infra
1278 2786 1461 2840 urbem
1492 2785 1829 2851 TurOnicam,
1865 2800 1986 2839 cum
2013 2786 2123 2854 jam

552 2862 703 2949 multi
738 2878 1029 2957 Christiani
1069 2888 1288 2943 essent;
1330 2880 1602 2951 primaque
1631 2878 1698 2931 ab
1743 2893 1808 2931 eo
1852 2893 1918 2932 ex
1966 2878 2125 2933 domo

550 2973 828 3046 cujusdam
849 2973 1134 3039 senatoris,
1159 2971 1376 3036 basilica
1401 2968 1535 3033 facta
1564 2979 1663 3023 est.
1692 2968 1856 3037 Hujus
1887 2978 2124 3037 tempore

550 3076 765 3147 sanctus
788 3065 1038 3137 Martinus
1070 3066 1119 3117 iu
1138 3061 1234 3117 Gal
1257 3063 1323 3116 i‘s
1348 3060 1633 3130 praedicare
1655 3074 1876 3116 exorsus
1900 3068 2002 3115 est.
2029 3059 2124 3115 So-

2222 1848 2359 1919 apud
2390 1848 2776 1903 Condatensem
2823 1845 2997 1899 vicum
3041 1842 3187 1896 urbis
3212 1855 3321 1896 sua:
3348 1881 3362 1905 ,
3405 1854 3547 1893 anno
3574 1847 3801 1907 octoge—

2222 1942 2356 2002 simo
2395 1938 2564 2008 primo
2609 1938 2799 1993 aetatis.
2847 1934 2919 1995 De
2961 1948 3067 2004 quo
3108 1934 3225 1997 vico
3254 1931 3467 2001 navigio
3512 1930 3754 1984 sublatus
3779 1970 3798 1993 ,

2224 2030 2447 2085 Turonis
2467 2037 2548 2083 est
2572 2029 2830 2095 sepultus,
2847 2025 2899 2079 in
2917 2024 3035 2079 loco
3056 2038 3160 2092 quo
3182 2036 3323 2079 nunc
3346 2022 3600 2075 adorator
3622 2018 3799 2098 [Bec.,

2224 2116 2533 2189 adornatur]
2565 2118 2870 2186 sepulcrum
2913 2113 3028 2184 ejus
3054 2131 3067 2167 :
3098 2113 3163 2168 de
3192 2113 3343 2182 cujus
3387 2112 3491 2165 vita
3519 2121 3673 2165 tresa
3704 2110 3801 2169 Sea

2228 2226 2350 2269 vero
2381 2210 2613 2278 Sulpicio
2640 2209 2803 2268 libros
2831 2194 3163 2275 conscriptos
3190 2204 3434 2275 legimus.
3459 2203 3565 2259 Sed
3587 2212 3638 2256 et
3662 2218 3801 2270 prae-

2225 2301 2358 2369 senti
2392 2312 2629 2371 tempore
2661 2299 2842 2353 multis
2885 2313 2944 2354 se
2972 2297 3251 2351 virtutibus
3282 2295 3541 2350 declarat.
3586 2294 3640 2347 ln
3686 2310 3802 2356 (“0'7

2226 2393 2457 2447 nasterio
2488 2407 2611 2445 vero
2640 2392 2776 2460 qqu
2825 2404 2964 2447 nunc
2995 2388 3160 2457 Majus
3197 2386 3211 2425 ί
3247 2386 3474 2452 dicitur,
3526 2387 3801 2451 basilicam

2226 2484 2278 2537 in
2311 2482 2564 2536 honorem
2612 2489 2915 2535 sanctorum
2964 2479 3325 2549 apostolorum
3374 2477 3517 2539 Petri
3558 2487 3612 2533 et
3652 2476 3803 2531 Pauli

2227 2575 2543 2629 ardiiicavit:
2576 2574 2627 2627 in
2677 2573 2807 2629 vicis
2837 2586 3077 2642 quoque,
3112 2571 3161 2624 id
3207 2579 3289 2631 est
3336 2568 3694 2639 Alingaviensi
3750 2567 3797 2633 i,

2226 2668 2606 2733 Solonacensi,
2659 2665 3019 2732 Ambaciensi,
3051 2664 3450 2735 Cisornagensi,
3498 2664 3801 2719 Tornoma-

2225 2765 2396 2835 gensi,
2428 2762 2772 2826 Condatensi,
2803 2760 3088 2815 destructis
3116 2758 3373 2822 delubris,
3411 2758 3804 2828 baptizatisque

2225 2854 2537 2925 gentilibus,
2588 2852 2845 2907 ecclesias
2874 2852 3177 2905 aediﬁcavit.
3216 2850 3366 2913 Sedit
3408 2860 3579 2905 autem
3628 2866 3804 2908 annos

2227 2947 2407 3016 viginti
2432 2961 2548 3009 sex,
2575 2957 2785 2997 menses
2810 2950 3038 3011 quatuor
3065 2940 3113 3004 κ,
3135 2943 3247 2997 dies
3278 2942 3450 3013 viginti
3482 2950 3711 3012 septem,
3744 2951 3803 2996 et

2228 3038 2455 3093 cessavit
2496 3038 2834 3103 episcOpatus
2870 3034 2984 3088 dies
3031 3035 3234 3104 viginti.

549 3136 626 3217 dii
650 3126 837 3211 autem
857 3170 1025 3211 annos
1053 3154 1267 3224 triginta
1301 3163 1408 3207 tres
1443 3161 1487 3218 ο,
1514 3161 1568 3206 et
1591 3151 1724 3206 obiit
1752 3153 1803 3205 in
1839 3166 1997 3220 pace.
2037 3167 2117 3208 se-

2299 3128 2351 3193 4.
2393 3127 2655 3193 Quartus,
2710 3124 2947 3178 Briccius
2977 3124 3253 3178 ordinatur
3304 3126 3617 3193 cpiscopus,
3663 3138 3806 3178 anno

553 3248 835 3319 pultusque
865 3254 949 3311 est
980 3247 1029 3299 in
1060 3244 1424 3318 suprascripta
1449 3242 1686 3307 basilica,
1715 3257 1831 3311 quas
1860 3242 2121 3313 hodieque

547 3339 661 3407 ejus
693 3339 903 3391 nomine
933 3337 1211 3389 vocitatur.

616 3428 672 3483 ὃ.
713 3429 945 3490 Tertius,
972 3435 1188 3482 sanctus
1229 3424 1501 3488 Martinus,
1531 3438 1669 3478 anno
1709 3436 1895 3478 octavo
1926 3426 2116 3481 Valen-

548 3518 614 3576 tis
642 3502 694 3573 et
724 3516 1145 3597 Valentiniani},
1173 3515 1455 3585 episcopus
1475 3515 1766 3571 ordinatur.
1799 3516 1919 3593 Fuit
1940 3528 2116 3573 autem

618 3671 647 3699 ⁸·
685 3660 796 3715 Hoc
824 3668 983 3728 caput
1022 3660 1170 3713 deest
1201 3660 1251 3712 in
1292 3660 1444 3719 Alex.

544 3754 547 3757 λ
615 3729 644 3771 δ
682 3732 779 3786 Ed.
813 3732 1071 3799 plerique,
1102 3728 1410 3793 Gratianus,-
1438 3728 1590 3786 Colb.
1622 3745 1719 3797 m.,
1755 3730 2017 3787 Curianus.

616 3812 640 3842 ε
681 3799 890 3871 Casin.,
911 3816 1106 3855 xxxvm
1130 3803 1265 3855 sicut
1284 3810 1334 3855 et
1359 3799 1613 3863 Bec.;sed
1635 3802 1887 3871 hicsupra
1910 3818 1998 3857 vm
2024 3804 2118 3860 ha-

542 3881 629 3938 bet
658 3883 741 3947 tE;
774 3870 913 3937 unde
941 3882 1170 3947 coniicio
1200 3881 1300 3950 legi
1343 3880 1540 3952 debere
1569 3891 1776 3951 septem,
1807 3893 1966 3952 atque
1990 3885 2115 3939 ulti-

540 3967 685 4007 mum
715 3956 731 4007 i
763 3954 973 4008 incaute
1000 3953 1067 4006 ab
1110 3952 1423 4019 amanuensi
1455 3950 1901 4006 fuisse'additum'.
1935 3954 2115 4012 Sancti

540 4019 748 4077 Gatiani
791 4023 979 4077 festum
1017 4022 1316 4078 celebratur
1345 4039 1409 4076 xv
1440 4021 1552 4075 Kal.
1579 4020 1797 4083 Januar.
1838 4022 1967 4093 Ejus
1990 4041 2116 4083 vero

538 4105 750 4163 sacrum
783 4108 976 4161 corpus
1004 4108 1123 4147 cum
1166 4094 1283 4147 aliis
1323 4103 1625 4146 sanctorum
1665 4094 1902 4163 reliquiis
1932 4111 1959 4147 a
1990 4096 2112 4150 Cal-

539 4162 764 4219 vinianis
780 4163 1039 4219 haereticis
1056 4178 1144 4219 an.
1170 4163 1309 4222 1562
1322 4177 1439 4217 corn
1449 4164 1661 4217 bustum
1684 4162 1871 4218 est.’—
1885 4167 2111 4221 Sanctus

539 4226 792 4293 Gatianus
815 4235 867 4288 in
896 4229 1174 4287 cmirieterio
1203 4236 1299 4288 vici
1318 4234 1553 4302 sepultus
1575 4233 1788 4298 dicitur,
1819 4237 1956 4299 quod
1980 4236 2109 4292 olim

538 4304 805 4371 exstitisse
847 4318 911 4357 eo
967 4304 1083 4357 loco
1128 4313 1372 4370 putatur,
1420 4304 1507 4356 ubi
1558 4313 1737 4371 postea
1782 4308 2006 4360 ecclesia
2058 4308 2107 4362 in

538 4368 707 4426 beatae
749 4368 1210 4448 Mariehonorem
1239 4384 1507 4448 exstructa
1537 4368 1662 4448 fuit,
1693 4388 1814 4448 qua;
1845 4374 2111 4448 hodieque

576 4450 739 4511 erstat
770 4443 1055 4511 parochiali
1090 4444 1243 4497 titulo
1266 4445 1523 4505 illustrata
1550 4444 1648 4497 sub
1672 4446 1885 4498 nomine
1912 4443 2112 4502 sancta:

593 4512 731 4583 arire
752 4510 955 4566 Divitis.
990 4512 1203 4566 Nullum
1245 4524 1418 4567 tamen
1446 4512 1516 4583 ibi
1547 4521 1792 4583 superest
1822 4518 2112 4583 sepultura:

539 4579 678 4654 beati
710 4582 916 4654 Catiani
951 4584 1248 4654 vestigium,
1273 4584 1413 4651 quod
1444 4579 1695 4654 ille‘fo'rtc
1722 4579 2109 4654 paulo-postea,

540 4652 615 4721 uti
650 4651 779 4705 infra
809 4666 952 4706 num.
979 4652 1013 4704 ὅ
1042 4650 1256 4717 dicitur,“
1288 4650 1340 4709 in
1371 4650 1650 4706 ecclesiam
1685 4655 1854 4708 sancti
1889 4650 2111 4721 Lidorii,

540 4716 697 4795 fuerit
722 4733 981 4795 a_sancto
1026 4716 1253 4795 blartinn
1284 4723 1797 4795 translatus,atque
1838 4724 1908 4779 ibi
1952 4716 2114 4795 prOpe

540 4791 713 4865 ipsum
761 4792 1031 4865 Lilorium
1075 4793 1366 4865 depositus.
1418 4792 1551 4862 Hinc
1582 4794 1670 4848 illa
1698 4791 1963 4863 ecclesia,
1995 4791 2115 4865 quae

539 4862 785 4933 omnium
809 4863 952 4917 urbis
981 4862 1352 4931 antiquissima
1391 4878 1510 4933 esse
1548 4865 1815 4930 creditur,
1852 4875 1905 4932 et
1934 4862 2114 4933 Cathe-

540 4930 709 5004 dralis
748 4932 899 4987 titulo
930 4930 1171 5004 gaudet,
1202 4934 1339 5004 licet
1364 4932 1495 4987 alios
1541 4947 1789 5002 agnoscat
1840 4930 2111 5004 patronus,

539 5002 808 5075 praecipue
854 5001 1093 5057 san—rtum
1125 5001 1435 5075 Manririum
1457 5044 1472 5068 ,
1506 5001 1768 5075 hodieque
1798 5001 1973 5062 tamen
2014 5001 2115 5063 sub

541 5074 708 5129 sancti
736 5071 941 5129 Gatiani
988 5074 1201 5129 nomine
1244 5074 1418 5128 notior
1444 5086 1545 5128 est.
1683 5071 1695 5075 ⁷
1752 5076 1753 5079 “

611 5140 650 5213 ἦ
680 5144 830 5197 Colb.
856 5160 925 5213 m.
953 5157 1003 5197 et
1038 5144 1190 5208 liam,
1224 5142 1488 5198 Liuorius.
1514 5148 1661 5207 ϐαρ..
1690 5156 1821 5213 etc.,
1855 5146 2112 5201 Lidorius.

539 5209 741 5288 Colitur
771 5215 856 5268 die
882 5212 945 5268 15
970 5213 1246 5288 Septemb.
1276 5214 1405 5269 Vide
1452 5224 1560 5279 not.
1587 5218 1639 5272 in
1670 5217 1763 5271 lib.
1799 5209 1835 5283 ί,
1869 5234 1988 5288 cap.
2015 5221 2112 5288 ult.

614 5292 638 5357 ξ
677 5282 880 5357 Casio,
914 5286 1120 5357 triginta
1149 5295 1278 5338 octo.
1574 5354 1616 5357 μ
1768 5356 1773 5357 γ
1937 5282 1951 5288 ⁷
2045 5282 2052 5289 ’

615 5352 636 5389 ι
676 5353 828 5409 Colb.
857 5371 930 5409 m.
962 5352 1167 5429 e'tﬁeg
1198 5370 1539 5429 ,‘annenono
1572 5354 1801 5429 Valentis
1824 5357 2113 5429 episcopus.

544 5426 739 5495 Annus
777 5434 992 5495 octavus
1034 5416 1389 5481 Valentiniani
1430 5420 1671 5495 incmpit'
1708 5416 1894 5483 mense
1952 5416 2110 5490 Febr.

542 5497 664 5564 anni
692 5493 816 5557 571,
848 5497 911 5548 ad
945 5512 1099 5564 quem
1129 5511 1196 5551 ex
1225 5497 1326 5552 hoc
1355 5498 1471 5551 loco
1501 5493 1796 5551 revocanda
1827 5510 1908 5551 est
1944 5498 2116 5556 sancti

542 5562 749 5636 alnrtiui
778 5562 1076 5636 ordinatio,
1108 5568 1369 5636 siquidem
1402 5569 1516 5634 ejus
1556 5566 1840 5623 celebritas
1865 5567 1977 5635 jam
2014 5571 2119 5626 sub

542 5632 803 5705 i‘erpetuo
828 5634 913 5690 die
936 5635 968 5687 3
995 5634 1123 5691 Julii
1160 5632 1510 5691 recolebatur.

615 5714 638 5752 s
680 5701 731 5773 ld
765 5703 931 5769 ipsum
966 5714 1145 5760 narrat
1169 5707 1399 5763 Severus
1430 5708 1479 5762 in
1510 5706 1625 5778 ejus
1656 5707 1790 5761 Vita.

2227 3218 2437 3275 Arcadii
2468 3229 2521 3274 et
2550 3218 2766 3285 Honorii
2800 3215 3069 3280 secundo,
3102 3230 3220 3276 cum
3264 3216 3464 3286 pariter
3494 3225 3801 3284 regnarent.

2228 3311 2346 3365 Fuit
2390 3318 2563 3363 autem
2613 3308 2746 3361 civis
2800 3306 3140 3371 Turonicus,
3190 3306 3272 3360 cui
3328 3306 3599 3376 trigesimo
3646 3308 3803 3361 tertia

2226 3403 2387 3475 529
2414 3401 2754 3470 episeopatus
2793 3416 2953 3467 anno,
2982 3402 3181 3455 crimen
3232 3401 3476 3455 adulterii
3516 3409 3599 3455 est
3628 3400 3799 3469 impa.

2226 3482 2366 3544 ctum
2401 3508 2428 3543 a
2458 3492 2659 3545 civibus
2699 3489 2979 3555 Turonicis
3009 3509 3019 3544 :
3047 3501 3377 3562 expulsoque
3412 3506 3507 3559 eo,
3546 3490 3800 3555 Iustinia-

2296 3669 2323 3708 ι*
2365 3671 2809 3732 l’riscillianistas,
2858 3672 3090 3735 scilica,
3142 3686 3272 3739 quos
3320 3670 3598 3731 Maximus.
3644 3672 3799 3725 insti-

2224 3752 2381 3811 gante
2412 3742 2612 3796 lthacio
2639 3742 2911 3811 episcopo,
2935 3742 3168 3811 jusserat
3195 3742 3371 3809 gladio
3397 3741 3748 3796 animadverti
3782 3761 3795 3795 :

2225 3828 2346 3877 qua:
2376 3827 2462 3867 res
2485 3815 2749 3869 maximas
2790 3815 2839 3865 in
2876 3811 3113 3867 EcClesia
3146 3813 3326 3865 turbas
3348 3813 3621 3865 excitavit.
3665 3811 3799 3867 ane

2226 3882 2501 3952 Dialogum
2530 3884 2563 3937 5
2594 3882 2778 3939 Severi
2808 3884 3045 3950 Sulpicii,
3076 3882 3239 3951 quiet
3267 3882 3504 3952 ejusdem
3528 3882 3799 3937 haereseos

2220 3949 2399 4006 ortum
2427 3965 2482 4007 et
2526 3969 2865 4021 progressum
2904 3949 3069 4008 fusius
3095 3949 3391 4022 descripsit
3419 3953 3517 4007 sub
3550 3954 3709 4008 liuent
3740 3953 3802 4006 li-

2222 4023 2300 4077 bri
2345 4039 2376 4076 n
2410 4024 2655 4077 Historiae
2686 4038 2869 4081 sacrm.

2298 4092 2313 4149 ὶ
2363 4095 2435 4148 De
2467 4095 2682 4159 Majoris
2727 4094 3028 4146 Mouasterii
3061 4093 3266 4161 origine
3286 4134 3301 4159 ,
3334 4101 3389 4146 et
3417 4091 3800 4146 monachorum

2223 4163 2292 4217 ibi
2321 4166 2625 4233 degentium
2658 4164 2991 4233 sanctissima
3024 4166 3127 4216 vita
3149 4206 3162 4227 ,
3198 4163 3345 4231 plura
3378 4162 3536 4215 habet
3563 4162 3800 4217 Severus

2221 4232 2487 4302 Sulpicius
2515 4236 2567 4288 in
2600 4234 2715 4287 Vita
2745 4236 2911 4289 sancti
2941 4232 3169 4287 Martini.
3197 4236 3449 4301 Superest
3470 4233 3627 4285 etiam
3658 4246 3801 4302 nunc

2219 4301 2428 4358 celebre
2459 4304 2634 4358 ordini
2663 4304 3001 4363 Benedictino
3025 4304 3293 4357 addictum
3316 4305 3414 4357 sub
3434 4305 3603 4369 sancti
3628 4301 3798 4358 Mauri

2217 4378 2645 4443 congregatione.

2292 4447 2311 4503 i.
2330 4442 2340 4443 ί
2358 4444 2657 4513 Alingavia,
2682 4444 2829 4499 vicus
2856 4459 2992 4497 nunc
3017 4443 3150 4498 intra
3176 4443 3326 4506 urbis
3353 4442 3801 4513 murosﬁinclusus

2220 4514 2283 4567 ad
2311 4512 2563 4585 Ligerim,
2586 4514 2778 4568 dicitur
2797 4516 2954 4567 etiam
2982 4514 3316 4585 Langesiugm,
3341 4512 3823 4585 νιιΙεο-ιιαηςιειιὶιη⁵

2218 4584 2303 4638 ubi
2338 4583 2572 4638 habitum
2601 4594 2683 4638 est
2710 4586 2992 4639 concilium
3026 4602 3167 4638 anno
3193 4583 3347 4646 1270,
3378 4586 3476 4637 sub
3500 4583 3705 4637 JOanne
3736 4585 3799 4637 de

2218 4654 2527 4709 Monsonau.
2559 4656 2873 4708 Salouacnm
2897 4668 3000 4719 est,
3030 4663 3083 4708 nl
3117 4664 3261 4722 putat
3291 4653 3551 4717 Va|e~ius,
3582 4652 3797 4722 Sonnay

2214 4738 2307 4778 Seu
2341 4725 2545 4787 Sonné,
2578 4726 2717 4780 inter
2744 4726 2929 4780 ﬂuvios
2962 4725 3218 4785 Andriam
3247 4734 3297 4776 et
3338 4724 3568 4777 Clasiam
3599 4726 3801 4789 pariter

2216 4803 2267 4847 et
2294 4798 2456 4849 silvas
2486 4795 2617 4847 duas
2637 4835 2651 4860 ,
2685 4811 2787 4850 non
2821 4796 3002 4863 procul
3052 4796 3117 4849 ab
3146 4794 3584 4853 lnsola-Savarici
3614 4805 3666 4847 et
3696 4794 3800 4849 Ca-

2215 4866 2463 4918 stellione
2485 4868 2549 4918 ad
2585 4865 2861 4919 Andriam.
2908 4865 3002 4918 Est
3030 4875 3207 4919 tamen
3238 4865 3375 4917 alius
3404 4865 3523 4917 huic
3556 4865 3673 4917 vico
3708 4879 3801 4918 co-

2215 4936 2480 5001 gnominis
2509 4937 2646 4989 inter
2675 4936 2862 5003 silvam
2901 4944 2955 4988 et
2986 4935 3275 4989 Castellum
3311 4933 3587 5001 Reginaldi
3635 4936 3795 4989 situs.

2219 5004 2492 5065 Marollius
2520 5004 2895 5074 Villalupensis
2925 5004 3086 5067 abbas
3119 5006 3169 5058 in
3201 5005 3438 5073 editione
3466 5004 3665 5059 Gallica
3698 5020 3799 5073 pu-

2218 5085 2292 5128 tat
2318 5090 2438 5141 esse
2469 5074 2643 5144 Sully,
2674 5087 2766 5130 aut
2804 5075 3000 5145 Sougé.
3033 5075 3106 5130 De
3134 5074 3453 5145 Ambaciaco
3484 5075 3680 5145 dictum
3712 5083 3797 5130 est

2217 5160 2373 5209 supra
2408 5147 2495 5197 lib.
2525 5142 2734 5214 tt,'cap.
2766 5144 2854 5198 35.
2888 5142 3223 5213 Cisomagum
3254 5144 3492 5198 Marullio
3520 5159 3597 5197 csr
3632 5142 3797 5197 Char-

2218 5217 2363 5284 nisay
2397 5218 2534 5269 inter
2564 5216 2751 5279 silvam
2778 5229 2827 5271 et
2863 5216 3093 5269 Clasiam
3122 5230 3362 5275 amnem,
3404 5225 3494 5267 aut
3521 5225 3668 5268 certe
3707 5214 3797 5269 Ci-

2218 5289 2430 5357 congnd.
2462 5290 2529 5338 At
2556 5288 2766 5350 melius,
2800 5297 2853 5340 ut
2881 5288 3093 5357 quidem
3131 5285 3339 5339 Valcsio
3370 5285 3611 5348 videtur,
3654 5284 3797 5357 Maa-

2220 5352 2397 5409 nus'n.
2428 5357 2655 5413 Historia
2688 5352 2915 5425 metrup'.
2946 5355 3292 5421 Turonensis,
3334 5364 3483 5422 putat
3511 5370 3629 5408 esse
3654 5352 3796 5408 Chia-

2216 5441 2358 5489 seau,
2383 5427 2556 5480 vicum
2590 5427 2657 5489 ad
2683 5424 2873 5483 Carem
2917 5427 3155 5493 ﬂuvium,
3188 5424 3327 5479 haud
3359 5426 3537 5493 procul
3566 5442 3592 5476 a
3620 5425 3796 5480 llonte

2219 5495 2908 5568 Tricardi._'I‘uroomagus
2949 5498 3103 5567 volgo
3160 5496 3402 5568 Tournon
3456 5497 3519 5551 ad
3570 5496 3790 5551 Crosam

2219 5565 2287 5620 ﬂu
2300 5572 2463 5622 vium.
2499 5565 2572 5620 Dc
2597 5565 2835 5623 Condale
2860 5567 2953 5621 lib.
2981 5584 3019 5631 l,
3045 5565 3179 5633 chp.
3207 5566 3298 5623 45.

2292 5634 2317 5673 ³(
2358 5635 2487 5691 Cod.
2530 5638 2686 5703 licg.,
2714 5654 2904 5693 menses
2934 5648 3053 5701 ira,
3095 5639 3202 5692 dies
3231 5637 3603 5705 septemdecim.
3637 5635 3788 5702 Hem,

2221 5706 2368 5763 Colb.
2399 5722 2471 5760 m.
2514 5720 2560 5763 ct
2600 5708 2750 5776 llud,
2785 5725 2979 5763 incuses
3004 5718 3245 5778 quatuor,
3278 5709 3382 5761 dies
3414 5706 3788 5775 septerndecim.
