4132 6348
352 319 460 379 505

1275 316 1592 375 HISTORIA
1634 316 2083 377 FRANCORUM.
2126 318 2327 376 LIBER
2369 318 2686 374 DECIMUS.

3515 314 3621 375 566

350 451 482 495 num
507 434 815 504 episcopum
846 432 1228 495 ordinaverunt
1254 452 1263 485 :
1298 434 1357 487 Bt
1370 434 1532 490 iccius
1564 447 1693 489 vero
1722 432 1925 503 episco-
1959 432 2012 492 Α
2034 431 2319 499 episcopus
2344 432 2694 488 ardillcaverat
2719 438 2879 502 super
2900 441 3143 490 sanetum
3168 433 3468 502 Martinam,
3490 434 3623 489 tedi-

352 542 454 597 pus
478 535 506 564 ι
528 526 596 581 ad
622 540 810 596 papam
830 524 986 581 Urbis
1014 524 1214 594 dirigit.
1243 524 1576 581 Justinianus
1606 533 1784 580 autem
1814 534 1933 594 post

352 634 478 675 eum
507 617 714 685 abiens,
743 615 882 687 apud
921 617 1107 675 urbem
1143 616 1532 672 Vercellcnsem
1573 615 1725 672 obiit.
1761 616 1933 670 Turo-

355 709 463 768 uici
492 724 676 764 verum
707 709 896 764 iterum
941 708 1325 777 malignantes,
1370 708 1703 765 Armentium
1735 715 1937 763 statue-

357 809 501 863 runt.
536 799 776 858 Driccius
801 814 929 854 vero
968 809 1172 868 septem
1206 799 1346 866 apud
1379 814 1566 867 papam
1597 786 1754 853 Ut’bis
1783 798 1937 853 annis

358 892 577 964 degens,
612 891 836 953 idoneus
879 892 1126 947 inventus
1152 905 1181 943 a
1208 892 1455 955 crimine,
1487 890 1553 945 ad
1579 891 1765 944 urbem
1787 906 1936 944 suam

360 983 536 1049 redire
559 982 742 1050 jussus
768 990 873 1037 est.
906 981 1004 1037 Hic
1040 980 1327 1038 aediﬁcavit
1357 982 1630 1038 basilicam
1662 981 1938 1051 parvulam

359 1088 523 1143 super
561 1088 756 1142 corpus
784 1073 926 1129 beati
954 1073 1196 1139 Martini,
1230 1073 1282 1129 in
1328 1089 1429 1144 qua
1460 1083 1512 1130 et
1545 1074 1659 1141 ipse
1699 1074 1941 1141 sepultus

358 1175 461 1225 est.
500 1166 739 1235 Cumque
789 1177 997 1236 portam
1049 1166 1443 1234 ingrederetur,
1495 1167 1807 1223 Armentius
1847 1180 1943 1235 per

359 1257 520 1312 aliam
553 1267 757 1327 portam
790 1266 1033 1315 mortuus
1076 1256 1419 1322 eﬂ'erebatur,
1453 1272 1559 1327 quo
1586 1257 1823 1326 sepulto,
1855 1271 1946 1312 ca-

361 1346 607 1403 thedram
637 1362 785 1401 suam
809 1348 1033 1417 recepit.
1064 1347 1215 1401 Ilnnc
1245 1346 1417 1402 ferunt
1447 1348 1740 1402 instituisse
1766 1346 1942 1403 eccle-

358 1440 472 1497 sias
511 1454 606 1507 per
628 1441 803 1503 vicos,
839 1438 890 1493 id
917 1446 1030 1506 est,
1060 1440 1408 1493 Catalonnum
1435 1436 1485 1503 δ,
1520 1439 1756 1492 Briccam
1778 1480 1795 1508 ,
1839 1438 1945 1492 lio-

360 1536 657 1600 tomagum,
686 1527 1069 1598 Briotreidem,
1101 1528 1427 1596 Cainonem;
1473 1528 1791 1599 fueruntque
1829 1543 1942 1582 om-

298 1622 317 1641 ’
362 1633 462 1680 nes
534 1617 660 1672 anni
717 1616 1059 1687 episcopatus
1131 1617 1249 1686 ejus
1307 1617 1657 1687 quadraginta
1713 1628 1939 1687 septem.

361 1709 646 1780 Obiitque,
694 1719 748 1764 et
791 1710 1033 1778 sepultus
1075 1718 1159 1765 est
1203 1708 1257 1765 in
1288 1710 1549 1776 basilica,
1586 1725 1746 1782 quam
1784 1725 1948 1781 super

364 1813 606 1860 sanctum
650 1803 935 1858 Martinam
967 1802 1273 1860 aediﬁcavit.

434 1896 489 1951 5.
527 1894 752 1962 Quintus
801 1893 1120 1949 Eustochius
1168 1893 1443 1950 ordinatur
1493 1895 1813 1965 episcopus,
1867 1894 1950 1953 vir

361 1994 580 2044 sanctus
622 1996 674 2043 et
705 1986 896 2049 timens
928 1986 1112 2051 Deum,
1142 2002 1211 2042 ex
1247 2002 1443 2057 genere
1480 1988 1767 2043 senatorio.
1798 1987 1948 2043 Hunc

361 2077 534 2131 (erunt
559 2076 853 2133 instituisse
878 2076 1137 2133 ecclesias
1161 2092 1254 2146 per
1281 2078 1447 2146 vicos,
1503 2078 1675 2134 Brixia
1719 2088 1767 2144 β,
1815 2079 1949 2134 lcio-

363 2167 578 2238 dorum,
614 2168 834 2236 Luccas,
880 2169 1063 2224 Dolus.
1115 2168 1424 2237 gEdiiicavit
1462 2171 1624 2225 etiam
1664 2170 1946 2227 ecclesiam

364 2261 500 2316 inira
527 2277 707 2317 muros
727 2261 980 2325 civitatis,
1007 2261 1059 2315 in
1088 2277 1190 2332 qua
1214 2262 1467 2333 reliquias
1490 2276 1793 2316 sanctorum
1814 2262 1949 2318 Ger-

361 2357 494 2418 vasii
516 2367 571 2413 et
603 2357 825 2412 Protasii
850 2358 1099 2428 martyris
1120 2357 1378 2423 condidit,
1403 2372 1521 2427 quae
1549 2364 1738 2412 sancto
1770 2357 1947 2412 Marti-

361 2463 434 2503 no
453 2444 483 2487 ἀ
511 2448 580 2503 de
609 2448 756 2503 Italia
785 2458 911 2502 sunt
945 2448 1171 2515 delatae,
1203 2448 1343 2503 sicut
1368 2458 1583 2503 sanctus
1615 2448 1866 2504 Paulinus
1892 2450 1945 2504 in

360 2540 587 2610 cpistola
616 2554 709 2593 sua
738 2540 1001 2603 meminit,
1030 2539 1179 2594 Sedit
1213 2548 1387 2595 autem
1418 2552 1587 2594 annos
1641 2539 1946 2608 septemde-

360 2634 489 2689 cim.
525 2634 593 2687 Et
619 2634 858 2702 sepultus
886 2643 967 2688 est
996 2633 1047 2688 in
1082 2633 1298 2688 basilica
1318 2676 1331 2698 ,
1363 2650 1520 2705 quam
1561 2634 1800 2691 Briccius
1830 2635 1941 2708 epi-

361 2740 559 2794 scopus
586 2740 750 2795 super
777 2735 1018 2780 sanctum
1052 2726 1335 2781 Martinum
1364 2734 1633 2782 Struxerat
1650 2736 1697 2781 ⁸.

435 2814 596 2888 530
620 2816 674 2870 6.
716 2816 911 2872 Sextus
938 2816 1212 2872 ordinatur
1236 2817 1545 2889 Perpetuus,
1572 2817 1640 2874 de
1666 2832 1864 2888 genere
1893 2827 1944 2874 et

363 2910 515 2979 ipse,
550 2920 604 2964 ut
648 2911 814 2976 aiunt,
866 2912 1171 2979 senatorio,
1204 2919 1257 2966 et
1284 2911 1612 2981 proninquus
1649 2911 1948 2968 decessoris

364 3001 449 3059 sui
469 3043 484 3065 ,
512 3002 666 3057 dives
692 3002 843 3057 valde
862 3043 878 3067 ,
906 3011 960 3057 et
987 3019 1078 3071 per
1110 3003 1304 3057 multas
1327 3003 1570 3058 civitates
1601 3004 1803 3058 habens
1826 3018 1947 3072 pos-

362 3094 648 3151 sessiones.
683 3093 798 3161 llic,
829 3095 1071 3149 subtnOta
1104 3094 1320 3150 basilica
1349 3109 1506 3166 quam
1529 3095 1676 3165 prius
1706 3096 1946 3151 Briccius

1979 1798 2026 1858 Β

2041 524 2215 578 iicavit
2243 525 2403 580 aliam
2431 526 2745 595 ampliorem
2774 528 2911 579 miro
2934 540 3096 594 opere
3120 523 3162 580 π.
3189 526 3246 581 In
3268 525 3422 596 cuius
3440 527 3623 582 absida

2038 616 2252 671 beatum
2293 631 2488 686 corpus
2532 618 2699 687 ipsius
2741 618 3061 674 venerabilis
3107 620 3278 674 sancti
3328 620 3622 679 transtulit.

2041 707 2138 761 llic
2162 706 2389 762 instituit
2409 706 2647 779 jejuuia,
2677 708 2987 779 vigiliasque
3009 750 3023 773 ,
3056 710 3285 775 qualiter
3321 725 3419 780 per
3453 713 3629 768 circu-

2040 799 2145 854 lum
2173 800 2297 854 anni
2324 800 2761 863 observarentur,
2784 799 2927 870 quod
2956 800 3223 872 hodieque
3251 800 3390 872 apud
3419 816 3517 858 nos
3547 811 3628 860 te-

2043 902 2199 947 netur
2226 892 2507 962 scriptum,
2537 907 2763 962 quorum
2791 891 2926 948 ordo
2953 892 3041 948 hic
3067 902 3172 954 est,

2673 1002 2749 1057 De
2759 1004 2996 1075 jejuniis.

2114 1112 2243 1167 Post
2272 1111 2775 1183 Quinquagesimam
2794 1122 2819 1161 κ
2847 1122 3033 1184 quarta
3057 1124 3110 1171 et
3131 1125 3280 1171 sexta
3304 1112 3435 1174 feria
3464 1135 3633 1191 usque

2043 1205 2223 1261 natale
2253 1206 2423 1260 sancti
2455 1206 2694 1262 Joannis.
2730 1207 2805 1263 De
2830 1206 3073 1263 kalendis
3103 1210 3436 1280 Septembris
3465 1228 3633 1285 usque

2046 1297 2301 1352 kalendas
2328 1297 2575 1353 Octobris
2604 1300 2728 1353 bina
2760 1301 2812 1353 in
2851 1301 3146 1371 septimana
3170 1303 3398 1373 jejunia.
3438 1306 3513 1363 De
3536 1306 3633 1362 Ita-

2047 1390 2217 1444 lendis
2259 1388 2508 1444 Octobris
2559 1405 2727 1459 usque
2766 1390 3156 1459 depositionem
3194 1393 3377 1449 domui
3426 1394 3636 1455 Martini

2048 1484 2166 1537 bina
2191 1484 2245 1535 in
2274 1480 2568 1551 septimana
2593 1481 2819 1551 jejunia.
2838 1481 2920 1536 Α1³
2938 1483 3273 1552 depositione
3298 1485 3478 1541 domui
3496 1486 3637 1545 Mar-

2050 1572 2144 1626 tini
2175 1584 2341 1641 usque
2368 1570 2554 1627 Natale
2585 1571 2789 1627 Domini
2833 1581 2981 1629 terna
3009 1574 3062 1629 in
3089 1576 3384 1644 septimana
3410 1577 3633 1647 jejunia.

2048 1662 2124 1716 De
2151 1661 2312 1717 natali
2353 1663 2524 1718 sancti
2576 1662 2760 1717 Hilarii
2807 1679 2976 1735 usque
3005 1665 3241 1721 medium
3286 1665 3634 1726 Februarium

2054 1754 2178 1810 bina
2212 1755 2266 1810 in
2296 1756 2595 1826 septimana
2620 1755 2845 1827 jejunia.

2686 1871 2765 1926 De
2798 1874 3002 1945 vigiliis.

2121 1980 2292 2039 Natali
2327 1983 2533 2040 Domini
2562 1983 2614 2038 in
2642 1983 2867 2040 ecclesia
2897 1986 2938 2041 ί.
2972 1987 3283 2058 Epiphania,
3310 1989 3363 2045 in
3387 1991 3632 2050 ecclesia.

2049 2076 2217 2135 Natali
2233 2075 2647 2142 sanctiJoannis,
2658 2076 2725 2131 ad
2738 2076 3007 2133 basilicam
3018 2078 3200 2136 domni
3216 2080 3446 2139 Martini.
3461 2070 3636 2141 NatalI

2048 2170 2215 2225 sancti
2244 2168 2385 2224 Petri
2412 2168 2782 2240 episcopatusi
2799 2211 2815 2237 ,
2838 2170 2902 2224 ad
2946 2170 3102 2244 531
3137 2172 3304 2242 ipsius
3332 2174 3630 2235 basilicam.

2048 2264 2212 2320 Sexto
2239 2262 2334 2337 [αι.
2351 2262 2557 2337 quinto]
2580 2263 2835 2319 kalendas
2860 2265 3055 2335 Aprilis
3084 2266 3495 2327 Resurrectione
3525 2271 3635 2328 Do-

2051 2354 2179 2409 mini
2210 2355 2382 2413 nostri
2404 2354 2531 2411 Jesu
2561 2354 2781 2421 Christi,
2812 2356 2877 2412 ad
2901 2357 3173 2413 basilicam
3195 2359 3377 2416 domui
3400 2361 3634 2421 Martini.

2050 2447 2273 2514 Pascha,
2296 2445 2389 2501 ink
2416 2448 2664 2505 ecclesia.
2698 2448 2791 2504 Die
2811 2447 3179 2514 Ascensionis,
3212 2450 3264 2505 in
3292 2450 3509 2508 basilica
3532 2453 3634 2510 do-

2051 2540 2158 2594 mui
2188 2540 2417 2594 Martini.
2463 2540 2559 2596 Die
2599 2540 3105 2612 quinquagesimo‘,
3137 2543 3190 2598 in
3220 2545 3472 2601 ecclesia.
3502 2544 3634 2601 Pas-

2049 2632 2200 2688 sione
2237 2633 2403 2689 sancti
2427 2633 2648 2688 Joannis
2676 2642 2739 2699 ω,
2782 2632 2848 2689 ad
2880 2633 3176 2703 basilicam,
3218 2635 3273 2690 in
3302 2635 3636 2707 baptisteria.

2050 2720 2218 2778 Natali
2245 2732 2551 2779 sanctorum
2577 2725 2939 2792 apostolorum
2965 2724 3107 2782 Petri
3136 2733 3191 2780 et
3211 2725 3383 2793 Pauli,
3411 2727 3477 2782 ad
3497 2726 3637 2797 ipso-

2050 2833 2167 2874 rum
2206 2816 2498 2872 basilicam.
2543 2815 2711 2870 Natali
2752 2817 2919 2871 sancti
2951 2816 3272 2881 Martini,ad
3303 2817 3418 2885 ejus
3458 2817 3637 2874 basili-

2050 2922 2188 2963 cam.
2216 2906 2387 2962 Natali
2419 2906 2588 2961 sancti
2630 2906 3027 2977 Symphoriani,
3059 2908 3125 2962 ad
3155 2907 3425 2964 basilicam
3454 2909 3635 2966 domui

2054 3000 2283 3054 Martini.
2310 2999 2477 3053 Natali
2502 2998 2673 3052 sancti
2703 2997 2907 3065 Litorii,
2931 2997 2996 3051 ad
3015 2998 3131 3068 ejus
3147 2996 3438 3055 basilicam.
3468 3000 3635 3057 Itemn

2050 3090 2236 3146 Natale
2261 3089 2433 3145 sancti
2463 3089 2694 3158 Martini,
2718 3088 2783 3143 ad
2809 3088 2924 3158 ejus
2946 3089 3241 3144 basilicam.
3267 3090 3437 3147 Natali
3465 3092 3637 3149 sancti

437 3216 461 3277 ξ
500 3205 588 3261 Sic
612 3204 731 3277 cod.
767 3204 993 3277 Regius;
1026 3206 1110 3260 alii
1146 3204 1377 3277 Brt'cfius
1408 3221 1609 3277 verere
1641 3205 1710 3259 ad
1739 3223 1943 3277 papam.
1973 3189 2019 3252 (ἶ
2053 3203 2446 3277 Protasiiiinlra
2494 3219 2675 3261 muros
2703 3203 2850 3260 urbis
2879 3203 3150 3262 exstitisse
3190 3204 3385 3262 dicitur
3417 3207 3638 3265 inferius

368 3274 680 3347 lVidenotas
709 3275 759 3329 in
781 3276 881 3347 lib.
923 3291 981 3343 tt,
1014 3291 1132 3346 cap.
1170 3276 1219 3330 l.
1250 3276 1465 3331 Festum
1502 3276 1619 3347 ejus
1648 3274 1949 3333 celebratur

364 3346 453 3401 die
486 3346 550 3401 i5
578 3345 911 3400 Novembris.

438 3416 466 3456 δ
504 3417 877 3481 Calatonnum,
919 3414 1072 3470 Colb.
1111 3432 1184 3470 m.
1218 3424 1272 3470 et
1306 3415 1406 3471 Ch.
1450 3418 1556 3483 al.,
1586 3417 1946 3476 Catolonnum.

367 3487 520 3542 Hunc
550 3488 722 3539 locum
751 3501 873 3540 esse
896 3486 1384 3543 Calvum-Montem
1406 3528 1422 3551 ,
1452 3488 1608 3556 vulgo
1635 3487 1945 3556 Chanmont,

367 3558 419 3612 in
450 3557 642 3611 ﬁnibus
671 3557 945 3610 Turonum
975 3566 1030 3611 et
1060 3558 1412 3623 Blesensium,
1456 3560 1724 3613 existimat
1754 3560 1947 3615 Marul-

366 3624 491 3692 Iius,
515 3627 654 3700 quod
676 3640 707 3679 a
744 3627 953 3700 Valesio
982 3629 1332 3700 improbatur,
1362 3629 1451 3700 qui
1482 3633 1655 3699 potius
1695 3645 1815 3683 esse
1844 3647 1951 3700 pu-

368 3705 449 3752 tat
480 3699 628 3752 Clion
648 3737 662 3761 ,
694 3697 758 3751 ad
789 3696 1043 3753 Andriam
1064 3696 1213 3753 inter
1242 3696 1591 3767 Paludellum,
1634 3696 1862 3766 Paluau,
1893 3712 1951 3759 et

369 3769 773 3823 Gastellionem.
809 3768 1001 3840 ‘Bricca
1025 3783 1114 3840 Aan
1148 3767 1288 3839 Bray
1324 3777 1415 3822 aut
1443 3768 1545 3824 Bré
1573 3771 1640 3825 ad
1684 3771 1950 3840 Angerem

369 3852 466 3894 seu
496 3840 747 3893 Andriam
790 3837 1043 3893 ﬂuvium?
1074 3840 1168 3893 Est
1209 3837 1418 3908 quoque
1458 3839 1605 3895 locus
1636 3842 1688 3895 iu
1718 3837 1952 3897 conﬁnio

371 3909 645 3981 Turonum
675 3917 731 3981 et
746 3909 1189 3981 iAndegavorum,
1221 3909 1395 3963 dictus
1414 3910 1575 3981 vulgo
1598 3910 1814 3966 Bréche.
1841 3912 1951 3965 Ro-

373 3980 684 4049 tltomagum
715 3980 981 4035 Marollius
1008 3980 1211 4048 putavit
1236 3994 1355 4033 esse
1384 3980 1557 4049 vicum
1585 4020 1600 4041 .
1640 3982 1725 4036 cui
1758 3997 1951 4039 nomen

372 4049 423 4104 la
444 4048 608 4114 Bone“,
629 4058 720 4102 aut
742 4048 1477 4104 Saint—Anloinecdu-Rocher.
1501 4051 1568 4104 At
1598 4051 1813 4106 Maaous
1840 4070 1953 4107 tua-

370 4120 484 4175 vult
514 4120 845 4184 interpretari
877 4120 945 4173 de
976 4119 1163 4185 ﬂuam,
1188 4120 1276 4190 qui
1309 4119 1457 4173 locus
1485 4130 1566 4190 est
1598 4121 1736 4175 haud
1770 4123 1953 4187 procul

371 4207 402 4245 a
430 4191 855 4246 Monte-Basonis
882 4191 1039 4257 situs,
1060 4191 1216 4259 vulgo
1237 4190 1407 4243 dictus
1437 4190 1482 4243 le
1514 4189 1647 4243 Ροηι
1676 4194 1738 4246 de
1760 4192 1953 4259 Ruam,

370 4275 401 4315 a
432 4272 591 4327 ponte
616 4260 707 4329 qui
739 4259 811 4313 ibi
835 4260 1049 4314 Andria:
1080 4259 1322 4331 (l‘lndre)
1350 4260 1509 4314 ﬂuvio
1553 4261 1828 4331 impositus
1851 4272 1951 4318 cst.

374 4331 690 4387 Briotreidis
712 4331 951 4384 Marullio
974 4342 1053 4384 est
1076 4330 1345 4395 Antre‘che,
1368 4332 1535 4385 tribus
1554 4330 1717 4386 Ieucis
1738 4333 1803 4387 ad
1829 4337 1955 4387 Am-

375 4402 523 4457 bacia
568 4403 792 4456 distans.
828 4401 1045 4454 Maanus
1074 4410 1222 4469 putat
1258 4415 1377 4455 esse
1408 4400 1599 4465 Breais,
1632 4412 1866 4457 castrum
1899 4404 1953 4459 in

373 4472 539 4541 gestis
563 4472 900 4525 dominorum
931 4472 1362 4526 Ambaciensium
1396 4482 1767 4542 memoratum,
1793 4474 1955 4542 vulgo

376 4542 584 4610 Briaay.
619 4545 686 4595 At
713 4542 951 4595 Valesius
973 4543 1247 4597 contendit
1277 4556 1396 4595 esse
1427 4541 1475 4593 le
1497 4543 1716 4597 Bridoré
1744 4546 1808 4598 ad
1838 4541 1951 4600 An-

374 4614 565 4686 driam.
597 4612 986 4686 _Caino,‘vulgo
1016 4611 1214 4668 Citinon
1240 4613 1307 4667 ad
1342 4613 1666 4684 Vingennam
1691 4653 1709 4681 ,
1738 4614 1807 4671 de
1847 4629 1955 4686 quo

375 4685 479 4755 iam
502 4682 738 4755 diximus
748 4682 905 4755 alias.

418 4798 421 4802 .
450 4765 471 4793 α
514 4753 688 4808 Brixis
720 4753 927 4807 Valcsio
952 4760 1036 4806 est
1065 4751 1265 4825 Brisay,
1297 4754 1363 4809 de
1383 4770 1488 4825 quo
1516 4753 1569 4810 in
1594 4764 1716 4809 nota
1750 4770 1951 4821 prace-

376 4825 541 4895 denti.
579 4824 901 4895 lciodorum,
935 4831 991 4876 ut
1021 4825 1127 4895 jam
1175 4824 1405 4879 diximus
1441 4824 1575 4879 libro
1606 4841 1679 4890 vt,
1710 4841 1828 4891 cap.
1864 4829 1954 4895 i2,

376 4906 455 4948 est
488 4894 685 4959 lsenre,
716 4896 768 4946 in
806 4893 999 4948 limbus
1027 4894 1295 4948 Turonum
1326 4906 1381 4950 et
1414 4895 1711 4952 Pictonum.
1747 4893 1954 4963 Lucem,

376 4980 493 5028 seu,
526 4976 582 5019 ut
604 4965 802 5019 habent
826 4965 982 5018 Colb.
1019 4979 1092 5018 m.
1122 4973 1177 5019 et
1210 4965 1333 5020 Dec.
1353 5008 1367 5032 ,
1398 4964 1579 5033 Lucis,
1620 4974 1714 5019 aut
1742 4976 1798 5019 ut
1827 4968 1958 5022 alias

376 5034 535 5089 habet
579 5034 867 5107 Geganius.
903 5034 1105 5107 Locite,
1137 5035 1303 5107 vulgo
1331 5035 1552 5107 Laches,
1582 5034 1664 5107 ad
1699 5036 1953 5091 Andriam

377 5120 470 5161 seu
499 5104 748 5174 Angerim
781 5104 1024 5174 (l'lndre)
1053 5105 1199 5159 locus
1228 5105 1475 5173 celebris,
1506 5104 1595 5158 ubi
1626 5104 1813 5160 beatus
1854 5107 1955 5160 Se-

377 5176 517 5231 noch
563 5176 942 5231 monasterium
983 5177 1252 5229 excitavit.
1307 5176 1468 5231 Dolus
1512 5190 1706 5230 nomen
1744 5186 1827 5233 est
1857 5175 1957 5231 vici

378 5247 517 5301 haud
550 5248 731 5316 procul
760 5248 827 5299 ab
852 5245 1047 5298 Andria
1072 5245 1231 5316 fluvio
1254 5245 1361 5299 siti.

449 5318 474 5354 ά
514 5315 601 5372 Sic
634 5319 756 5371 Bec.
781 5316 882 5370 Alii
912 5333 943 5368 a
969 5316 1032 5370 S.
1067 5315 1315 5381 Martino,
1342 5317 1438 5372 sed
1464 5316 1737 5371 mendose.
1762 5315 1962 5373 Confer

375 5398 535 5456 caput
561 5391 625 5443 47
659 5388 751 5443 lib.
785 5404 799 5440 ι
830 5386 895 5441 de
925 5388 1103 5441 Gloria
1136 5387 1287 5441 Mart.
1319 5386 1383 5441 Et
1410 5389 1627 5455 quidem
1655 5398 1959 5442 sanctorum

377 5458 618 5513 Gervasii
644 5468 698 5513 et
721 5458 950 5514 Protasii
982 5457 1234 5526 reliquias
1263 5458 1466 5513 invenit
1494 5466 1710 5512 sanctus
1730 5458 1960 5513 Ambro-

376 5530 488 5583 sius
510 5545 598 5582 an.
624 5528 749 5593 386,
776 5528 1003 5597 quoiam
1019 5540 1131 5582 crat
1154 5527 1437 5598 episcopus
1450 5537 1666 5584 sanctus
1684 5530 1957 5583 Martinus.

378 5599 615 5667 Epistula
630 5601 797 5653 sancti
819 5598 1021 5653 Paulini
1037 5599 1340 5654 hiclaudata
1356 5616 1459 5653 non
1472 5608 1667 5656 exstat.
1689 5599 1959 5667 Hodieque

376 5671 568 5725 visitur
583 5672 737 5741 juxta
767 5669 1046 5741 ecclesiam
1066 5670 1245 5741 beata;
1260 5669 1437 5725 Mariae
1460 5670 1645 5724 Divitis
1660 5670 1952 5724 oratorium

377 5753 499 5796 cum
530 5738 692 5809 parvo
718 5740 1023 5793 nosoeomio
1044 5779 1057 5802 ,
1086 5740 1183 5793 SS.
1211 5738 1467 5795 Gervasio
1497 5750 1552 5795 et
1590 5740 1834 5796 Protasio
1860 5752 1949 5793 sa-

2053 3290 2203 3335 num.
2249 3276 2332 3330 12.

2128 3355 2151 3384 ο
2174 3346 2407 3419 Festum
2439 3345 2709 3419 Eustochii
2738 3347 2933 3419 colitur
2957 3346 3007 3419 in
3037 3346 3413 3419 Martyrologio
3442 3349 3639 3405 Roma-

2053 3434 2122 3472 no
2152 3418 2337 3493 die}?
2369 3417 2722 3493 §eptembris.
2758 3418 2809 3493 Is_
2836 3417 3072 3471 interfuit
3092 3417 3636 3493 concilio'Andegav.

2052 3505 2195 3542 anno
2222 3487 2346 3561 455.
2377 3487 2753 3561 Scripsitcum
2794 3489 3052 3561 Leoneet
3092 3488 3329 3544 Victurio
3354 3487 3635 3561 epistolam

2052 3570 2239 3684 gnntra
2278 3560 2507 3615 clericos
2546 3560 2635 3628 qui
2669 3558 2735 3614 ad
2769 3559 3050 3615 tribunalia
3080 3560 3361 3615 szecularia
3392 3558 3639 3620 recurre-

2091 3639 2200 3684 ant.

2091 3639 2200 3685 ant.

2132 3699 2150 3739 τ
2192 3699 2360 3766 liuius
2388 3698 2631 3755 ecclesia:
2673 3699 3088 3769 descriptionem
3134 3698 3445 3755 accuratam
3478 3702 3642 3758 habes

2054 3784 2213 3855 supra
2236 3771 2328 3825 lib.
2354 3787 2389 3855 tt
2415 3811 2430 3836 ,
2456 3785 2575 3841 cap.
2608 3771 2691 3827 Η.
2719 3770 2852 3826 Vide
2874 3780 2929 3825 et
2949 3769 3041 3824 lib.
3067 3785 3084 3824 ι
3109 3769 3289 3825 Illirac.
3314 3772 3484 3829 sancti
3508 3772 3641 3830 Mar-

2057 3852 2175 3955 "nti’
2196 3857 2338 3965 ﬁgat
2353 3844 3264 3981 ttil’entecoste.Quinquagesimam
3289 3910 3429 3981 enim
3451 3913 3641 3981 appel-

2057 3981 2240 4036 labant
2285 3991 2499 4035 veteres
2541 3991 2749 4049 tempus
2799 3980 2928 4035 illud
2973 3979 3113 4048 quod
3150 3981 3286 4049 inter
3333 3979 3533 4037 Pascha
3584 3991 3642 4041 et

2056 4051 2406 4177 llfettlt’ecosten
2452 4048 2771 4118 intercedit,
2810 4066 2915 4120 quo
2965 4058 3206 4119 tempore
3253 4048 3499 4121 jejunare
3535 4066 3642 4112 non

2080 4137 2158 4176 tce
2198 4130 2270 4174 at.

2080 4122 2270 4176 icebat.

2130 4188 2156 4264 ξι
2196 4193 2304 4264 _lste
2331 4192 2584 4264 articulus
2616 4207 2721 4246 non
2748 4192 3052 4264 habeturin
3083 4192 3204 4249 cod.
3237 4191 3427 4264 Regio.

2135 4260 2150 4299 ί
2195 4262 2248 4316 Itl
2280 4264 2439 4316 estin
2470 4262 2696 4317 ecclesia
2722 4263 3037 4318 cathedrali.
3322 4260 3344 4264 ⁷
3606 4314 3609 4317 .

2132 4330 2148 4383 i
2198 4332 2251 4387 Id
2277 4342 2359 4387 est
2400 4332 2592 4388 festum
2622 4332 2904 4388 Catltedrae
2944 4336 3113 4388 sancti
3141 4333 3301 4397 Petri.
3329 4341 3385 4389 ut
3411 4334 3643 4403 appella-

2059 4411 2144 4456 tur
2172 4403 2223 4456 in
2252 4417 2406 4458 conc.
2439 4403 2739 4459 Tttronensi
2773 4420 2830 4470 Il,
2860 4404 3000 4473 quod
3031 4406 3166 4460 adeo
3195 4404 3407 4461 celebre
3450 4405 3645 4462 eratin

2059 4473 2263 4541 Galliis,
2309 4485 2364 4528 ut
2393 4473 2590 4529 exinde
2616 4474 2682 4528 ad
2711 4474 3187 4543 Quadragesimam
3233 4475 3515 4530 dominicae
3542 4477 3646 4543 pri-

1984 4569 2029 4628 D
2057 4561 2182 4628 _tna,
2210 4546 2429 4628 secunda
2449 4587 2462 4609 ,
2495 4552 2778 4628 εις-,ἔαρος
2801 4545 3107 4628 cathedram
3134 4547 3299 4628 sancti
3331 4544 3471 4600 Petri
3498 4546 3649 4628 dice-_-

2056 4614 2269 4669 hantur.
2307 4615 2439 4670 Vide
2493 4614 2778 4670 Mabillonii
2836 4616 3239 4671 observationes
3276 4616 3329 4671 in
3378 4630 3527 4671 num.
3576 4613 3648 4669 id

2056 4685 2179 4740 libri
2216 4700 2252 4740 ll
2304 4684 2371 4742 de
2417 4684 2655 4758 Liturgia
2699 4686 2990 4743 Gallicana.
3033 4687 3090 4743 Itt
3128 4686 3227 4743 Ch.
3262 4686 3417 4741 deest
3447 4685 3648 4755 episce-

2094 4765 2229 4811 atus.

2188 4773 2229 4811 8.

2058 4773 2181 4865 pain
2203 4826 2415 4881 Festum
2448 4826 2726 4881 Paschalis
2765 4843 2792 4879 a
2842 4826 2977 4882 festo
3008 4825 3433 4881 Resurrectionis
3460 4824 3647 4880 distin.

2060 4898 2241 4965 guitnr
2268 4899 2317 4949 in
2347 4896 2728 4951 vetustioribus
2754 4895 3127 4951 Kalcndariis:
3161 4898 3247 4950 ubi
3280 4896 3651 4951 Resurrectio-

2063 4966 2145 5021 nis
2173 4967 2365 5019 festum
2397 4966 2485 5021 die
2517 4966 2586 5020 27
2619 4967 2791 5021 Martii
2824 4967 3101 5032 recolitur,
3135 4967 3339 5020 Pascha
3368 4973 3569 5030 autem,
3593 4975 3651 5021 ut

2063 5050 2251 5090 omnes
2274 5044 2488 5099 norunt,
2515 5038 2676 5090 variis
2703 5036 2892 5090 diebus
2922 5051 3019 5102 pro
3048 5039 3305 5092 varietate
3335 5036 3479 5090 luna:
3507 5048 3650 5091 sctu-

2064 5119 2160 5175 per
2186 5106 2508 5160 celebratum
2542 5107 2593 5159 in
2626 5106 2861 5159 Ecclesia
2893 5105 3011 5162 fuit.

2142 5173 2161 5214 ι
2206 5175 2258 5228 ld
2285 5184 2367 5247 est
2394 5174 2871 5247 Pentecostes.‘Sic
2890 5191 3100 5247 quoque
3124 5174 3421 5246 appellatur
3438 5174 3492 5230 in
3516 5186 3648 5232 con-

2064 5246 2156 5301 cil.
2190 5245 2463 5301 Aurelian.
2488 5259 2528 5309 ι,
2561 5260 2680 5300 can.
2708 5244 2801 5300 ‘25.

2132 5324 2169 5354 ιι
2214 5316 2267 5370 In
2299 5316 2728 5371 Sacramentario
2752 5315 3047 5382 Gallicano,
3075 5315 3219 5383 quod
3246 5330 3277 5370 e
3300 5322 3508 5371 vetusto
3527 5314 3654 5371 cod.

2064 5396 2247 5441 noster
2278 5386 2611 5441 Mabillom’us
2638 5388 2807 5442 edidit
2839 5397 2983 5440 torno
3018 5386 3038 5440 l
3083 5387 3250 5443 Musei
3281 5386 3469 5452 Italici,
3513 5385 3653 5442 inter

2065 5457 2407 5512 Nativitatcm
2451 5458 2620 5511 sancti
2651 5458 2872 5513 Joannis
2901 5466 2957 5511 et
2994 5457 3185 5511 festum
3217 5467 3526 5512 sanctorum
3558 5456 3656 5511 Pe-

2069 5529 2135 5583 tri
2181 5537 2235 5582 et
2264 5528 2411 5582 Pauli
2442 5528 2672 5584 habetur
2692 5527 2855 5582 Missa
2881 5527 2933 5597 in
2960 5527 3124 5581 sancti
3148 5525 3367 5581 Joannis
3398 5527 3656 5597 passione.
3721 5588 3729 5597 ,

2135 5607 2163 5635 η
2206 5599 2314 5652 Ηοο
2356 5598 2547 5654 festum
2585 5600 2637 5653 in
2663 5599 2779 5653 solo
2815 5596 2939 5653 cod.
2970 5598 3135 5668 Regio
3166 5598 3405 5660 habetur.
3443 5596 3656 5668 thui-

2058 5667 2179 5723 dem
2205 5678 2409 5723 certum
2432 5679 2514 5723 est
2543 5684 2608 5723 ex
2652 5670 2767 5736 ipso
2794 5667 3067 5736 Gregorio
3092 5667 3282 5724 festum
3311 5668 3483 5727 sancti
3515 5667 3655 5723 Mar-

2061 5739 2155 5793 tini
2179 5740 2288 5809 jam
2329 5739 2411 5792 his
2442 5741 2770 5802 temporibus
2814 5739 3008 5808 duplex
3055 5738 3238 5802 fuisse.
3273 5738 3434 5793 unum
3468 5750 3658 5792 menso

377 5826 530 5867 crum
550 5851 566 5874 .
600 5812 695 5867 sed
740 5812 791 5865 in
836 5809 1110 5864 suburbio.
1143 5814 1209 5863 At
1239 5813 1462 5867 ecclesia
1486 5812 1585 5869 SS.
1616 5811 1855 5869 Uervasii
1896 5818 1950 5865 et
2053 5809 2217 5877 Julio,
2247 5810 2469 5866 alterum
2495 5824 2621 5867 vero
2649 5825 2833 5868 mense
2854 5809 3165 5879 Novembri,
3191 5809 3277 5865 hic
3303 5820 3625 5873 evpressutn
3652 5850 3657 5856 .
