4132 6348
482 316 489 323 '
524 300 627 356 Et)?

528 508 666 567 larii.
689 506 756 561 ad
785 505 962 558 domui
994 503 1201 557 Martini
1227 501 1519 554 basilicam.
1986 554 1989 557 λ

600 602 693 655 Hic
728 598 1015 653 aedificavit
1038 595 1317 659 basilicam
1346 595 1514 647 sancti
1541 592 1702 657 Petri,
1725 592 1778 644 in
1801 605 1902 660 qua
1928 602 2103 643 came-

531 708 644 749 ram
676 691 907 745 basilicm
949 688 1142 757 prioris
1185 688 1398 751 posuit,
1442 701 1560 754 qua!
1600 676 1768 753 usque
1812 683 1876 736 ad
1926 692 2106 735 nostra

535 792 775 849 tempora
804 787 1127 845 perseverat.
1150 776 1427 830 Basilicam
1453 789 1660 844 quoque
1684 773 1851 827 sancti
1875 773 2108 825 Lauren-

535 876 592 928 tii
625 874 678 928 in
711 882 889 927 moute
908 871 1171 926 Laudiaco
1187 880 1213 906 ιι
1231 871 1341 936 ipse
1356 870 1671 921 construxit.
1691 865 1854 935 Hujus
1873 873 2111 933 tempore

535 968 808 1022 mdiﬁcatm
832 975 953 1019 sunt
974 964 1130 1033 532
1153 962 1395 1016 ecclesia:
1427 962 1477 1015 iu
1504 960 1653 1021 vicis,
1685 959 1734 1011 id
1760 968 1841 1013 est
1866 955 2107 1025 Evenab,

537 1060 855 1116 Mediconno
878 1100 891 1120 ,
928 1058 1153 1120 lierrao,
1183 1053 1510 1117 Balatediiie,
1546 1051 1807 1105 Vcruado.
1840 1048 2111 1101 Condidit-

490 1133 495 1143 ί
533 1168 637 1221 que
670 1158 1041 1205 testamentum
1061 1157 1108 1212 ο,
1129 1154 1181 1200 et
1206 1144 1470 1214 deputavit
1496 1159 1587 1211 per
1611 1141 1846 1209 singulas
1874 1140 2113 1193 civitates

492 1254 493 1257 ‘
536 1242 677 1312 quod
726 1239 1058 1311 possidebat,
1090 1236 1143 1290 in
1185 1237 1260 1289 eis
1307 1235 1434 1303 ipsis
1475 1234 1674 1287 scilicet
1710 1230 1979 1291 ecclesiis,
2010 1245 2114 1284 non

534 1333 798 1389 modicam
826 1340 879 1385 et
907 1328 1182 1383 Turonica:
1225 1327 1463 1381 tribuens
1495 1324 1820 1377 facultatem.
1853 1321 2000 1375 Sedit
2023 1335 2116 1373 au-

537 1436 644 1480 tem
684 1439 851 1478 annos
880 1423 1113 1492 triginta,
1145 1432 1196 1474 ct
1226 1419 1466 1487 sepultus
1501 1426 1584 1472 est
1615 1417 1665 1470 in
1692 1416 1908 1471 basilica
1949 1414 2119 1470 saucii

541 1516 772 1572 Martini.

610 1613 664 1671 ἶ.
704 1608 971 1678 Septimus
1002 1622 1127 1661 vero
1164 1603 1480 1658 Volusianus
1509 1602 1786 1656 ordinatur
1814 1599 2119 1669 episcopus,

542 1717 605 1754 ex
634 1688 829 1770 genere
860 1698 1147 1757 senatorio,
1171 1696 1252 1749 vir
1279 1705 1515 1773 sanctus,
1540 1693 1691 1747 valde
1715 1692 1882 1756 dives,
1910 1692 2121 1759 pr0piit-

541 1807 678 1862 quiis
708 1802 763 1846 et
794 1790 906 1859 ipse
936 1787 1446 1861 Perpetuiepiscopi
1487 1785 1782 1838 decessoris
1812 1782 1915 1835 sui.
1950 1779 2117 1849 lliijus
2151 1778 2193 1838 Β

541 1896 781 1956 tempore
807 1884 915 1954 jim
940 1876 1324 1937 CllOdtheChliS
1356 1881 1609 1947 regnabat
1647 1878 1698 1932 in
1729 1877 1991 1947 aliquibus
2032 1890 2121 1928 ur-

544 1979 698 2033 bibus
728 1977 779 2030 in
810 1974 1017 2028 Galliis.
1049 1973 1114 2029 Et
1149 1973 1217 2027 ob
1252 1974 1389 2025 lianc
1410 1985 1623 2025 causam
1656 1970 1737 2022 liic
1767 1967 2001 2038 pontifex
2034 1983 2121 2021 sn-

541 2078 755 2136 spectus
787 2065 995 2119 habitus
1016 2081 1043 2118 a
1066 2063 1271 2125 Gothis,
1306 2063 1445 2133 quod
1477 2077 1533 2116 se
1561 2062 1882 2115 Francorum
1907 2061 2117 2115 ditioni-

536 2161 645 2214 bus
669 2158 897 2214 subdere
919 2158 1095 2221 vellet,
1123 2158 1258 2223 apud
1288 2155 1473 2211 urbem
1505 2154 1752 2208 Telosam
1780 2154 1967 2208 exsilio
1990 2168 2120 2208 cun-

510 2296 513 2299 -
543 2256 847 2320 demiratus,
882 2254 932 2307 iu
965 2266 1031 2307 eo
1050 2247 1443 2317 obiitd.'lliijus
1476 2260 1715 2317 tempore
1743 2248 1889 2301 vicus
1917 2247 2119 2300 Manto-

542 2345 749 2399 lomaus
769 2351 792 2385 ο
834 2341 1125 2396 ωάἰῐῑωιυε
1151 2350 1263 2404 est,
1295 2349 1348 2393 et
1378 2338 1593 2393 basilica
1621 2340 1787 2391 sancti
1817 2336 2033 2392 Joannis
2066 2338 2116 2391 in

543 2436 731 2506 majori
754 2430 1131 2489 monasterio‘.
1159 2432 1307 2488 Sedit
1329 2440 1504 2487 autem
1529 2446 1696 2486 annos
1716 2444 1941 2501 septem,
1970 2445 2120 2486 men-

514 2570 521 2575 .
540 2540 626 2582 ses
646 2525 799 2581 duos.

618 2665 642 2693 ο
683 2655 875 2724 Supra,
900 2655 1034 2711 libro
1066 2671 1121 2717 it,
1154 2670 1269 2725 cap.
1295 2655 1348 2709 ‘2.
1385 2656 1585 2710 Dicitur
1615 2655 1951 2722 Laudiacum,
1976 2666 2117 2712 sexto

545 2727 610 2798 ab
657 2728 779 2798 urbe
823 2726 1077 2780 milliaria.
1132 2727 1558 2798 Perstatpatlliuc
1610 2727 1697 2781 ille
1749 2730 1913 2792 locus,
1960 2731 2116 2798 vulgo

545 2796 869 2855 Morti-Lais.
901 2798 1102 2851 distans
1136 2797 1302 2851 tribus
1329 2796 1541 2850 circiter
1571 2798 1734 2850 leucis
1756 2811 1912 2866 supra
1944 2796 2111 2853 Turo-

550 2882 646 2927 uos
675 2869 738 2920 ad
768 2868 1034 2921 sinistram
1062 2868 1266 2935 Ligeris
1288 2868 1452 2936 ripam
1480 2869 1775 2933 impositus.
2092 2916 2093 2919 η

618 2936 647 2975 ιι
688 2939 882 2998 Evena,
916 2939 966 2991 in
999 2937 1127 3006 Reg.
1156 2936 1379 3003 Enevor,
1422 2938 1813 3005 Ιιοάιεᾼυοίηε,
1843 2938 1982 2993 inter
2023 2940 2113 2993 Li-

550 3009 717 3078 gerim
748 3018 800 3061 ct
830 3006 1178 3075 Vingeunam,
1208 3016 1265 3061 ut
1307 3008 1520 3061 Mannus
1558 3017 1611 3061 et
1652 3007 1891 3063 Valesius
1932 3011 2113 3064 existi-

550 3087 715 3140 mant,
744 3078 831 3146 qui
860 3078 1094 3131 Marullio
1122 3093 1225 3131 non
1244 3081 1619 3141 assentiuntur,
1649 3080 1845 3144 putauti
1873 3093 1993 3133 esse
2012 3080 2115 3136 Eve

1444 294 1449 299 ’
1483 296 1540 351 S.
1581 292 1907 351 CRELLOBII
1954 292 2104 347 lil’lS
2151 292 2257 347 Oi’l
2298 294 2409 349 TL‘L
2441 294 2732 354 OXl‘th’lS

483 448 486 452 λ
528 416 737 479 Briccii,
768 414 832 469 ad
860 412 1037 469 domui
1061 410 1267 465 Martini
1298 410 1593 464 basilicam.
1615 409 1787 464 Natali
1816 408 1984 462 sancti
2011 406 2099 461 ιιι-
2131 410 2175 467 Α

3679 291 3789 349 5‘58

2282 410 2334 464 8.
2374 409 2604 465 Octavus
2646 410 2918 475 ordinatur
2958 412 3243 481 episcopus
3270 411 3435 466 Verus
3465 419 3517 476 ε,
3566 418 3621 471 et
3672 408 3793 477 ip‘Se

2211 517 2303 570 pro
2319 515 2809 569 memorattecausaa
2827 501 2940 554 Ζυῐο
2961 512 3238 570 siiSpoctus
3261 502 3471 555 liabitus
3498 515 3526 553 a
3568 500 3782 569 Gothis,

2210 595 2261 648 in
2305 598 2543 650 exsilium
2575 598 2861 657 deductus,
2896 599 3054 651 vitam
3085 596 3257 649 finivit
3290 614 3301 647 :
3351 595 3627 648 facultates
3658 608 3786 649 suas

2209 688 2459 759 ecclesiis
2502 697 2555 743 et
2600 692 2736 745 bene
2791 690 2991 745 meritis
3051 686 3352 756 dereliquit.
3407 685 3556 741 Sedit
3606 694 3788 740 autem

2213 780 2369 850 533
2392 796 2558 836 annos
2590 783 2854 848 undecim,
2879 782 2994 837 dies
3025 790 3144 835 octo
3168 778 3213 834 ιι.

2282 916 2336 970 9.
2368 917 2545 973 Nonus
2578 919 2831 983 Licinius,
2859 919 2990 973 civis
3041 918 3379 986 Andegavus,
3409 916 3505 984 qui.
3530 914 3601 969 ob
3629 929 3783 967 amn-

2215 1023 2326 1063 rem
2355 1012 2444 1063 Dei
2492 1012 2541 1063 in
2576 1012 2847 1064 Orientem
2880 1011 3027 1075 abiit,
3059 1020 3352 1077 sanctaque
3393 1009 3507 1062 loca
3551 1008 3743 1061 revisit
3774 1024 3789 1061 :

2216 1103 2409 1159 exinde
2456 1102 2747 1171 digressus,
2782 1105 2831 1156 in
2878 1103 3217 1171 possessione
3262 1115 3356 1154 sua
3404 1103 3791 1153 monasterium

2218 1194 2504 1247 collocavit
2534 1194 2672 1249 infra
2707 1196 2990 1249 terminum
3016 1193 3381 1258 Andegavum,
3412 1202 3467 1246 et
3492 1200 3676 1261 postea
3700 1189 3794 1242 εὼς

2219 1286 2357 1340 batis
2395 1284 2573 1340 ofticio
2605 1288 2659 1341 iu
2701 1285 3023 1340 monasterio
3058 1284 3102 1348 ί,
3136 1285 3223 1337 ubi
3256 1292 3472 1337 sanctus
3504 1281 3797 1335 Venautius

2218 1376 2381 1431 abbas
2396 1377 2632 1444 sepultus
2660 1384 2760 1439 est,
2790 1378 3021 1439 functus,
3050 1375 3113 1428 ad
3164 1376 3529 1441 episcopatum
3558 1371 3794 1437 eligitur.

2224 1465 2389 1533 llujus
2414 1476 2650 1533 tetttpure
2681 1466 3088 1521 Cltlodovecbus
3118 1480 3211 1520 rex
3228 1463 3393 1517 victor
3418 1462 3487 1515 de
3514 1460 3665 1515 exede
3694 1458 3797 1513 Go-

2226 1556 2457 1621 thorum,
2502 1557 2729 1610 Turonis
2760 1556 2934 1611 rediit.
2968 1556 3123 1609 Sedit
3152 1564 3328 1607 autem
3372 1565 3543 1605 annos
3582 1551 3790 1603 duode-

2226 1646 2351 1709 cim,
2384 1664 2593 1702 menses
2631 1648 2790 1713 duos,
2821 1649 2934 1702 dies
2981 1647 3165 1715 viginti
3195 1646 3451 1715 quinque,
3475 1650 3531 1699 et
3558 1642 3798 1711 sepultus

2226 1741 2382 1793 estin
2408 1740 2622 1793 lias?lica
2656 1741 2824 1793 sancti
2854 1739 3087 1795 Martini.

2300 1879 2383 1933 l0.
2412 1880 2624 1932 Decimo
2654 1881 2768 1933 loco
2796 1878 3109 1932 Theodorus
3132 1889 3185 1933 et
3215 1878 3469 1932 Proculus
3494 1880 3506 1927 l
3527 1918 3544 1944 ,
3572 1875 3797 1946 iubente

2224 1970 2377 2023 beata
2407 1970 2781 2024 Cltrotrcltilde
2814 1972 3013 2046 regina,
3048 1971 3427 2046 subrogantur,
3458 1985 3523 2024 eo
3560 1970 3699 2038 quod
3728 1970 3798 2024 de

2227 2062 2523 2131 Durguudia
2550 2063 2658 2130 jam
2698 2061 2932 2130 episcopi
2972 2060 3225 2124 ordinati,
3258 2061 3425 2129 ipsam
3468 2061 3635 2118 secuti
3668 2061 3799 2115 fuis-

2224 2166 2364 2218 sent,
2383 2165 2433 2208 et
2450 2155 2516 2207 ab
2541 2154 2834 2209 hostilitate
2856 2154 2923 2208 de
2953 2153 3169 2209 urbibus
3192 2156 3301 2207 suis
3327 2153 3539 2223 expulsi
3565 2150 3795 2213 fuerant.

2224 2245 2388 2299 Erant
2425 2256 2604 2299 autem
2652 2246 2811 2299 ambo
2839 2260 2995 2300 senes
3021 2245 3176 2300 valde
3203 2263 3215 2298 :
3249 2256 3605 2315 rexerantque
3633 2247 3801 2311 cocle-

2226 2339 2360 2391 siaiu
2388 2337 2707 2391 Turonicam
2741 2337 2899 2392 simul
2924 2339 3083 2392 ‘aunis
3113 2337 3341 2405 duobus,
3376 2346 3429 2394 et
3455 2339 3648 2408 sepulti
3681 2347 3802 2394 sunt

2231 2431 2282 2483 in
2314 2428 2533 2482 basilica
2562 2428 2731 2483 sancti
2756 2428 2963 2483 Martini
2988 2426 3036 2483 ⁸.

2295 2521 2378 2575 Η.
2409 2519 2733 2576 Undecimus
2753 2519 2978 2575 Dinilius
3002 2519 3305 2590 episcopus,
3337 2525 3392 2574 et
3419 2520 3532 2590 ipse
3557 2533 3627 2574 ex
3662 2517 3791 2574 Bur-

2224 2654 2305 2710 uis
2334 2654 2627 2710 furentibus
2656 2654 2707 2708 in
2754 2656 2955 2709 favillas
2981 2655 3250 2711 redactum
3281 2664 3383 2721 est,
3414 2671 3534 2709 cum
3567 2657 3677 2720 ipsa
3707 2654 3804 2707 ba-

2224 2726 2395 2791 silica,
2421 2742 2536 2794 qua-
2564 2737 2828 2794 utcunque
2852 2727 3185 2795 postmodum
3210 2736 3503 2781 reSIaurata
3527 2736 3626 2781 est.
3653 2725 3805 2779 Hune

2222 2796 2395 2850 locum
2417 2837 2431 2860 ,
2464 2812 2618 2864 quem
2652 2796 2891 2849 canonici
2924 2798 3191 2865 regulares
3219 2798 3587 2864 Attgiistiniaui
3632 2797 3806 2863 possi-

2221 2865 2349 2920 dent
2373 2909 2387 2934 ,
2425 2866 2587 2918 Variis
2616 2865 2770 2919 donis
2800 2867 3100 2921 ditaveruut
3151 2869 3369 2919 comites
3408 2866 3704 2922 Fuxenses.
3740 2873 3804 2917 ut

2224 2936 2278 2991 in
2312 2951 2498 2991 eorum
2532 2936 2762 2989 Historia
2792 2937 2958 2990 fusius
2981 2937 3231 2990 refertur.
3267 2936 3527 2990 Volusiani
3552 2934 3804 3004 prejbus

2222 3022 2411 3061 versus
2458 3008 2623 3059 edidit
2669 3006 2990 3072 Apollinaris
3042 3007 3294 3061 Sdoniits
3341 3007 3577 3060 ecclesia:
3634 3004 3807 3059 sancti

2227 3077 2435 3132 Martini
2468 3076 2864 3142 insculpendos,
2897 3078 2983 3140 qui
3018 3076 3276 3130 habentur
3298 3078 3385 3129 lib.
3414 3092 3494 3136 tv.
3519 3076 3677 3142 epist.
3714 3072 3803 3128 l8.

552 3152 599 3202 le
629 3144 872 3205 Moniier.
906 3148 977 3201 De
1006 3147 1104 3202 huc
1137 3151 1185 3201 in
1228 3148 1361 3202 Vitis
1403 3152 1642 3210 Patrum,
1684 3163 1803 3217 cap.
1839 3150 1920 3203 l9.
1955 3152 2116 3205 Medi-
2153 3151 2198 3213 (ζ
2233 3147 2415 3205 Eidem
2445 3146 2660 3213 scripsit
2688 3148 2843 3211 epist.
2880 3147 2943 3199 l7
2975 3147 3068 3201 lib.
3102 3161 3208 3213 vti,
3250 3157 3303 3202 et
3328 3146 3575 3202 ltuiicius
3613 3144 3806 3200 Lemo—

553 3234 804 3282 cunnum,
836 3219 1072 3290 Marullio
1113 3219 1352 3290 Meti-ny;
1383 3219 1571 3273 Maauo
1601 3218 1988 3290 Mounoye,_cui
2021 3237 2126 3277 non

555 3290 845 3360 refragatur
872 3288 1132 3354 Valesius,
1156 3288 1243 3360 qui
1268 3298 1322 3343 et
1345 3300 1490 3360 putat
1512 3304 1630 3345 esse
1656 3288 1810 3358 posse
1833 3288 2033 3353 Hosne,
2059 3293 2123 3346 ad

526 3358 784 3433 “Ligerim
815 3398 830 3422 ,
878 3372 1041 3433 prope
1088 3358 1417 3433 Atiibaciam.
1464 3359 1659 3433 Btirao
1704 3374 1892 3413 nomen
1932 3362 2127 3433 Διιίιιιιίι

556 3440 688 3496 pago
733 3428 1063 3492 Berra'veusi,
1096 3431 1162 3485 de
1191 3444 1296 3497 quo
1324 3444 1482 3496 supra
1529 3428 1620 3483 lib.
1660 3444 1729 3492 vi,
1771 3444 1885 3496 cap.
1924 3429 2006 3494 12,
2040 3432 2128 3485 ubi

536 3499 785 3568 uisimus
809 3512 928 3568 es-e
951 3497 1121 3552 Barou
1145 3502 1313 3554 locum
1343 3498 1481 3553 inter
1502 3498 1722 3553 Cresam
1747 3500 1823 3567 (la
1845 3499 2051 3568 Creuse)
2076 3512 2129 3555 et

530 3565 781 3620 ~Clasiam
830 3567 1036 3621 fluvios.
1092 3569 1356 3623 Marollius
1402 3569 1505 3622 hoc
1555 3568 1671 3621 loco
1714 3565 1961 3623 haesitans
1999 3565 2130 3624 alios

560 3647 670 3690 tres
712 3637 857 3690 vicos
902 3642 1178 3705 proponit,
1211 3640 1412 3693 scilicet
1442 3636 1678 3706 Bourmy
1719 3638 1784 3691 ad
1816 3639 1988 3695 Carim
2028 3639 2129 3693 flu-

531 3709 724 3779 ‘viitm,
760 3722 923 3779 prOpe
955 3706 1187 3779 moutcin
1225 3709 1266 3764 Τ
1274 3707 1496 3779 ricardi;
1536 3706 1732 3779 Barmy
1782 3708 1919 3769 ltaud
1950 3713 2127 3778 procul

534 3793 591 3830 ἰι
625 3776 937 3842 Lausduuo;
966 3786 1018 3847 et
1055 3776 1301 3847 Breteiiay
1328 3778 1393 3831 ad
1426 3778 1653 3845 Ligerim
1699 3776 1829 3832 infra
1861 3776 2126 3839 Turonos.

565 3846 827 3927 (linterunt
856 3846 1184 3927 pruﬂerrap‘
1206 3847 1518 3927 Reg._liabi:t
1542 3847 1892 3927 ilermrdupr.
1926 3851 2130 3927 Balate-

563 3916 705 3983 diue,
733 3916 931 3981 seufut
960 3917 1119 3970 liabet
1149 3916 1302 3986 ltrg.,
1331 3916 1661 3981 Balacediua,
1683 3933 1711 3971 a
1735 3919 1999 3982 Balatedo,
2024 3920 2130 3975 Ba-

560 3988 813 4050 iutedim's,
839 3986 1097 4058 declinari
1131 3990 1243 4041 vult
1284 3986 1543 4048 Valesius,
1591 3992 1677 4058 qui
1722 4000 1842 4057 post
1886 3990 2129 4045 Maauum

561 4066 708 4124 putat
736 4070 853 4125 esse
872 4055 1059 4122 Balan,
1086 4057 1221 4111 haud
1253 4058 1435 4125 procul
1459 4072 1487 4110 a
1515 4055 1679 4114 fluvio
1699 4055 1838 4113 Cari.
1865 4061 2133 4117 Marollius

561 4123 937 4200 sertii_Vaune,
964 4131 1060 4200 qui
1083 4128 1231 4182 locus
1252 4123 1384 4181 alias
1430 4127 1598 4200 Rupes
1630 4131 1872 4184 Carbonis
1895 4132 2131 4200 appella-

563 4205 670 4250 tur.
703 4194 1001 4266 Vernadum
1032 4197 1278 4266 denique,
1309 4213 1402 4251 seu
1450 4194 1668 4264 Vernae,
1705 4212 1759 4254 ut
1790 4194 1983 4253 babeni
2028 4201 2130 4255 Ch.

562 4267 664 4327 aL,
700 4264 821 4318 Bcc.
850 4276 903 4319 et
943 4267 1097 4328 Colb.
1135 4264 1241 4334 ni.,
1271 4282 1391 4321 cum
1428 4268 1555 4321 Bad.
1579 4310 1593 4329 ,
1622 4283 1710 4322 aut
1754 4267 2037 4321 Ernaldum
2066 4287 2131 4325 ex

563 4333 693 4407 iicg.
727 4342 919 4388 nomen
942 4335 1428 4406 hodieque‘servat,
1462 4347 1517 4390 ut
1547 4342 1620 4391 ait
1651 4338 1911 4401 Valesius,
1942 4353 2133 4407 nempe

575 4400 794 4474 Vernon,
826 4407 1099 4474 castellum
1121 4400 1202 4459 'ad
1233 4400 1693 4474 archiepiscopum
1726 4400 1995 4474 pertinens
2018 4449 2032 4471 ,
2065 4400 2133 4463 ii-

540 4471 675 4523 -tulo
701 4473 937 4545 ρει·οηὶω
967 4475 1194 4541 clarum,
1216 4476 1280 4528 ad
1311 4471 1547 4530 Siceraui
1571 4471 1801 4529 fluvit—tm
1828 4476 1901 4545 (Ia
1921 4478 2102 4545 Cisse).

636 4550 658 4577 θ
704 4540 946 4615 Perpetui
982 4529 1356 4615 testaiiieittutu
1398 4546 1556 4615 simul
1581 4561 1700 4599 cuiu
1730 4529 1845 4612 ejus
1866 4529 1949 4613 epi
1978 4529 2135 4615 apvlliio
2168 4529 2219 4589 D

537 4625 629 4664 ex
663 4620 808 4684 tonio
840 4611 879 4666 V
912 4614 1177 4682 Spicilegii
1227 4614 1473 4667 (labimus
1497 4614 1547 4668 in
1576 4611 2136 4684 appendiceﬁDuobus

540 4682 801 4737 conciliis
828 4683 1057 4752 prmfiiit,
1086 4684 1290 4738 scilicet
1316 4685 1583 4739 Turonico
1606 4682 1621 4738 i
1647 4682 1787 4739 anno
1808 4685 1931 4753 461,
1955 4697 2008 4741 et
2036 4687 2137 4744 Vc-

568 4755 867 4828 uetico_a_t_i.
900 4753 1023 4828 455.
1055 4754 1239 4828 Eidem
1273 4755 1590 4828 Apollinaris
1634 4757 1885 4811 Sidonius
1921 4760 2136 4828 scripsit

542 4825 725 4898 -epist._
752 4824 783 4877 9
805 4823 922 4898 libri
952 4840 1042 4898 vti,
1071 4825 1156 4898 ubi
1188 4827 1494 4898 concionem
1521 4842 1677 4894 quam
1706 4828 1843 4898 apud
1874 4823 2134 4898 Biturigas

564 4908 659 4960 pro
680 4892 943 4966 eieciioue
972 4893 1231 4961 Simplicii
1260 4897 1423 4963 episc.
1451 4892 2022 4966 habueratfintegraiu
2043 4892 2134 4954 re-

565 4965 683 5016 fert.
713 4962 784 5036 De
809 4963 905 5036 lioc
933 4976 983 5019 et
1014 4966 1168 5036 epist.
1206 4966 1272 5019 18
1298 4962 1396 5036 lib.
1419 4980 1488 5018 tv.
1515 4965 1647 5021 Vide
1667 4962 1824 5036 supra
1849 4962 1900 5022 in
1927 4980 2037 5023 not.
2064 4970 2130 5025 ad

563 5032 782 5106 captu
814 5035 903 5086 liti.
930 5049 986 5088 ιι.
1017 5034 1112 5106 Ipsi
1138 5035 1297 5088 etiam
1325 5035 1574 5106 Paulinus
1601 5032 1917 5106 nuncupavit
1940 5040 2129 5095 librum

564 5103 631 5156 de
663 5103 779 5156 Vita
810 5106 978 5158 sancti
1016 5105 1245 5157 Martini.
1280 5104 1405 5173 Ejus
1435 5108 1624 5159 featum
1656 5103 1957 5170 celebratur
1984 5110 2071 5164 die
2099 5109 2131 5162 8

550 5173 757 5238 April”
777 5176 825 5226 in
858 5175 1077 5227 vetustis
1104 5186 1277 5228 autent
1306 5176 1622 5229 kalendariis
1647 5176 1714 5239 Et)
1734 5178 2055 5232 Decembris.

633 5242 661 5277 εί
699 5243 877 5298 Sancti
914 5245 1176 5297 Volusiani
1206 5249 1459 5298 memoria
1497 5248 1634 5313 apud
1666 5248 1934 5302 Fttxettses
1968 5250 2128 5314 putis-

566 5313 757 5384 simum
783 5316 1008 5368 celebris
1046 5329 1127 5384 εει
1147 5353 1163 5377 ,
1190 5315 1279 5368 ubi
1306 5317 1404 5369 sub
1428 5318 1674 5384 martyris
1704 5317 1878 5383 titulo,
1913 5313 2050 5372 sicut
2078 5328 2133 5373 et

545 5382 617 5453 ~itii
646 5382 1016 5453 Martyrologio
1039 5383 1280 5453 Romano
1300 5385 1383 5438 die
1406 5401 1469 5437 xv
1497 5382 1707 5439 kaiettd.
1731 5382 1889 5442 Febr.
1912 5389 2127 5442 colitur.

552 5448 997 5522 Ferunt'euoi‘a
1040 5452 1348 5522 Wisigotttis
1382 5457 1553 5522 capite
1597 5458 1853 5509 minutum
1885 5458 2043 5511 fuisse
2074 5459 2127 5514 in

570 5521 687 5594 loco
724 5522 810 5594 qui
837 5525 1026 5594 dici_ittr
1052 5521 1288 5587 Petrusa,
1317 5536 1365 5576 et
1393 5521 1459 5576 ab
1490 5524 1676 5578 incolis
1710 5527 1867 5594 vulgo
1893 5528 2123 5594 Cmoua,

567 5590 620 5663 in
650 5592 898 5663 comitatu
930 5591 1177 5646 Fuxensi.
1203 5595 1419 5647 Sacrum
1449 5594 1562 5663 ejus
1593 5610 1781 5663 corpus
1804 5590 2005 5651 Fuxuiu
2032 5590 2126 5653 de;

566 5660 762 5736 latum,
804 5660 888 5714 diu
930 5673 1193 5736 servatum
1239 5672 1319 5736 est
1347 5663 1397 5736 iit
1429 5660 1651 5736 ecclesia
1685 5660 1853 5720 sancti
1883 5665 2087 5721 Natarii
2108 5710 2124 5736 ,

569 5730 725 5793 vulgo
752 5745 888 5783 nunc
916 5733 1081 5785 sancti
1112 5731 1380 5787 Volusiaui
1415 5733 1573 5798 dicta,
1609 5736 1775 5790 donec
1801 5752 1829 5789 a
1856 5730 2125 5795 Calviuia;

2230 3218 2464 3273 vicensis
2493 3218 2649 3285 epist.
2680 3218 2778 3271 ult.
2810 3217 2900 3270 lib.
2926 3232 2981 3269 ιι.

2302 3296 2325 3324 ⁸
2366 3288 2413 3341 ls
2441 3289 2554 3356 ipse
2597 3289 2742 3340 locus
2762 3302 2919 3353 supra
2950 3288 3038 3340 lib.
3062 3302 3153 3345 vu.
3177 3301 3297 3356 cap.
3325 3288 3413 3353 47,
3442 3285 3636 3341 dicitur
3659 3286 3805 3341 Man-

2230 3359 2520 3427 telomagus
2550 3358 2713 3421 vicus,
2746 3358 2903 3423 vulgo
2928 3356 3210 3411 Mantefun.

2306 3426 2325 3464 ί
2369 3426 2695 3495 supererant
2724 3427 2900 3481 adhuc
2928 3430 3042 3495 ejus
3073 3428 3284 3496 rudera,
3311 3442 3432 3495 qua:
3473 3440 3603 3478 nova
3638 3426 3806 3479 aedifi-

2231 3496 2314 3555 cia
2339 3498 2537 3563 aliquot
2566 3496 2761 3550 abltiiic
2788 3499 2944 3551 anuis
2967 3508 3162 3551 structa
3195 3500 3402 3565 penitus
3431 3497 3765 3551 deleverunt.

2303 3576 2327 3615 ε
2375 3567 2619 3632 Plerique
2658 3566 2824 3620 Virus.
2854 3567 3088 3624 Concilio
3114 3568 3403 3638 Agauieusi
3442 3584 3531 3621 an.
3572 3566 3677 3620 505
3710 3580 3804 3635 per

2232 3637 2460 3697 Leonem
2488 3639 2766 3690 diaconum
2796 3638 3125 3705 subscripsit.

2307 3705 2332 3743 ιλ
2366 3705 2455 3762 Sic
2476 3722 2603 3761 mss.
2630 3717 2683 3762 et
2711 3708 2799 3761 ed.
2832 3707 3069 3761 Cointius
3101 3719 3275 3760 tamen
3324 3716 3375 3761 et
3405 3706 3491 3760 alii
3523 3705 3621 3762 viri
3650 3706 3795 3762 docti

2236 3777 2325 3846 qui
2365 3779 2535 3832 sancti
2565 3777 2771 3831 Martini
2802 3784 3027 3831 mortem
3069 3792 3208 3831 anno
3229 3779 3329 3833 597
3353 3779 3691 3846 consignant,
3719 3781 3803 3833 tiic

2235 3847 2513 3915 legendum
2565 3856 2749 3916 putant
2791 3864 2957 3902 annos
2999 3858 3133 3913 octo,
3164 3864 3355 3901 menses
3385 3848 3640 3901 undecim.
3672 3848 3802 3902 Nam

2233 3921 2365 3971 alias
2408 3919 2558 3984 juxta
2601 3933 2784 3972 eorum
2833 3931 3138 3986 computum
3176 3918 3294 3973 Veri
3345 3933 3431 3971 nio
3462 3932 3488 3969 s
3519 3922 3656 3971 ultra
3701 3933 3801 3971 au-

2236 4003 2359 4057 uum
2385 3988 2490 4042 508
2510 3987 2805 4042 diﬂ‘ereiida
2824 4000 2986 4051 esset,
3010 3990 3146 4057 quod
3178 3988 3291 4040 fieri
3313 4002 3419 4041 non
3445 3996 3654 4055 potest:
3679 4004 3801 4041 nam

2235 4055 2543 4126 Giegorius,
2580 4072 2697 4126 cap.
2733 4072 2883 4125 seq.,
2915 4055 3377 4120 ait,‘($lodoveum
3425 4058 3577 4109 victis
3614 4056 3805 4111 Gotbis

2234 4124 2481 4181 Turonos
2518 4124 2829 4188 acceSsisse,
2854 4142 2975 4182 cum
3023 4128 3092 4180 ibi
3140 4126 3374 4181 Licinius
3414 4136 3557 4180 esset
3596 4130 3804 4192 episco-

2236 4210 2357 4263 pus.
2374 4199 2442 4249 At
2464 4195 2713 4257 Clodovei
2735 4196 2938 4251 reditus
2963 4212 3026 4251 ex
3051 4198 3153 4250 ista
3177 4197 3514 4265 eiipeditioue
3540 4197 3679 4250 ultra
3707 4211 3806 4252 an-

2237 4281 2363 4318 num
2399 4267 2509 4336 7508
2559 4265 2759 4331 ditIerri
2810 4268 3016 4336 nequit.
3073 4266 3203 4322 Vide
3254 4265 3523 4322 Cointittm
3580 4266 3648 4320 ad
3702 4285 3803 4323 au-

2238 4351 2362 4391 itum
2393 4335 2518 4401 507,
2540 4354 2595 4391 n.
2625 4338 2712 4393 10.

2316 4404 2329 4442 ί
2366 4406 2745 4462 Mouastcrium
2776 4407 2945 4463 sanc'i
2969 4404 3217 4461 Venantii
3253 4407 3305 4461 iit
3333 4406 3615 4475 collegium
3637 4420 3798 4461 οδω,

2243 4474 2483 4529 uit-orum
2530 4492 2842 4530 conversum
2893 4488 3053 4531 etiam
3098 4492 3237 4531 nunc
3264 4474 3524 4544 superest,
3555 4478 3801 4532 ecclesia

2243 4547 2412 4599 sam-ti
2446 4547 2648 4599 Martini
2681 4546 2994 4615 subjectum.
3028 4547 3189 4603 Porro
3220 4547 3456 4603 Licinius
3483 4546 3797 4617 subscripsit

2242 4630 2393 4667 eottc.
2425 4618 2693 4669 Aurelian.
2722 4630 2758 4678 t,
2790 4632 2928 4669 anno
2950 4618 3006 4669 .‘il
3028 4617 3070 4673 Ι,
3730 4648 3735 4652 -

2317 4688 2329 4733 i
2371 4688 2562 4753 Supra,
2597 4686 2688 4739 lio.
2716 4700 2793 4745 tit,
2824 4701 2942 4753 cap.
2986 4688 3091 4751 17,.
3118 4688 3282 4742 Leoni
3329 4697 3539 4741 mortuo
3587 4685 3798 4742 suffecti

2242 4754 2402 4807 lui~se
2428 4756 2708 4826 dicuntur.
2740 4756 2991 4826 L‘auoues
3028 4759 3276 4812 vetabant
3319 4773 3384 4812 ne
3427 4759 3534 4812 duo
3561 4758 3804 4826 episcopi

2236 4826 2393 4885 simul
2424 4825 2475 4877 iu
2510 4842 2608 4878 una
2641 4825 2862 4878 ecclesia
2905 4828 3172 4882 sederent.
3208 4827 3357 4882 Unde
3399 4828 3450 4880 Ιιὶ
3486 4825 3664 4896 potius
3705 4829 3803 4880 ad—

2238 4895 2622 4955 iuinistratores
2650 4896 2875 4968 viduata:
2898 4898 3152 4968 Ecclesiae
3179 4913 3337 4967 quam
3362 4895 3599 4968 episcOpi
3629 4896 3802 4951 Turo-

2236 4978 2428 5038 ueuses
2471 4966 2677 5038 censeri
2712 4965 2944 5038 debent.
2997 4965 3353 5038 Langobardis
3397 4965 3509 5023 sub
3553 4965 3793 5037 ejusdem

2236 5036 2413 5088 Silfculi
2448 5038 2605 5090 linem
2634 5034 2833 5089 Italiam
2863 5034 3532 5105 vastantilius,complures
3559 5034 3797 5105 episcopi

2236 5122 2262 5176 ις
2286 5109 2395 5158 suis
2427 5107 2642 5160 sedibus
2676 5107 2832 5173 pulsi,
2865 5108 2983 5160 aliis
3007 5106 3279 5176 Ecclesiis,
3306 5109 3594 5163 accedente
3634 5108 3794 5160 etiam

2235 5173 2570 5240 imperatoris
2619 5181 2954 5239 auctoritate,
2993 5177 3228 5244 deputati
3266 5173 3422 5245 sunt,
3453 5177 3550 5232 sed
3596 5179 3799 5230 solum-

2234 5245 2427 5317 modo,
2478 5255 2535 5298 ut
2577 5247 2828 5317 alimenta
2874 5250 3214 5313 susciperent,
3280 5249 3451 5317 inquit
3508 5245 3798 5315 Gregorius

2233 5313 2470 5382 Magnus,
2496 5318 2539 5368 si
2568 5316 2675 5383 jam
2728 5317 3000 5384 proprium
3030 5318 3288 5375 baberent
3331 5313 3662 5385 episcopum,
3694 5331 3798 5369 non

2231 5393 2438 5457 veroat
2470 5389 2987 5457 pupcommunionem
3035 5387 3335 5456 episeopalis
3376 5387 3545 5442 throni
3575 5385 3795 5457 dignitas

2232 5453 2506 5523 dividatur.
2541 5455 2666 5509 Vide
2692 5459 2855 5521 ipsms
2886 5457 2976 5509 lib.
3008 5470 3043 5520 l,
3064 5453 3164 5523 'ep.
3194 5453 3282 5519 45,
3305 5467 3409 5511 etc.

2248 5534 2263 5596 ‘_
2306 5521 2329 5560 ἰ
2365 5525 2453 5596 His
2503 5527 2755 5579 sull'ectus
2801 5525 2991 5583 dicitur
3039 5521 3292 5580 Arnulfus
3339 5528 3509 5582 sancti
3563 5525 3791 5596 Remigii

2233 5593 2544 5663 discipulus,
2573 5610 2638 5648 ex
2670 5597 2992 5649 ttliemorutu
3018 5599 3235 5663 comite,
3259 5606 3315 5651 ut
3344 5599 3513 5663 aiunt,
3527 5593 3792 5651 exorcista

2231 5665 2525 5727 ordinatus,
2559 5666 2646 5733 qui
2682 5678 2796 5733 post
2832 5666 2998 5719 varias
3021 5666 3493 5735 peregrinationes,
3514 5664 3732 5721 intentis
3761 5682 3792 5721 a

2232 5735 2439 5795 famulis
2472 5736 2795 5802 Scaribo-rgr
2826 5736 2947 5803 ejus
2969 5752 3175 5806 sponsio
3202 5753 3359 5807 quam
3392 5740 3495 5791 Deo
3512 5750 3791 5794 consecras
