4132 6348
352 349 477 401 (569

1312 346 1621 410 HISTORIA
1664 352 2107 411 FRANCORUM.
2148 354 2348 412 LIBER
2389 356 2681 415 DECIMUS

3503 355 3612 410 570

374 462 565 532 gundia
613 464 871 518 veniens:
900 464 988 532 qui
1020 479 1114 532 per
1142 464 1455 523 electionem
1500 467 1705 535 praefati
1747 469 1884 537 regis
1911 476 1938 504 ιι
1967 470 2013 527 Α
2043 477 2144 520 rat.
2176 466 2328 523 Sedit
2356 479 2534 523 autem
2577 480 2743 521 annos
2779 448 3307 532 sexdecim,menses
3337 463 3604 532 undecim,

375 554 440 609 ad
468 554 828 622 episcopatum
857 559 1119 620 accessit;
1148 558 1232 611 cui
1259 558 1455 627 aliquid
1496 558 1560 611 de
1590 559 1700 611 fisci
1726 557 1940 613 dit'oni-

377 646 475 699 bus
502 655 584 700 est
612 646 1124 715 Iargitus,deditque
1154 650 1203 704 ei
1243 659 1559 717 potestatem
1604 652 1827 705 faciendi
1875 652 1943 705 de

378 736 460 790 bis
490 737 648 790 rebus
689 750 806 804 quin
838 734 1124 802 voluisset;
1153 740 1242 807 qui
1287 742 1521 795 maxime
1558 741 1796 795 ecclesiae
1828 756 1941 795 sua:
2026 750 2031 751 '

376 828 516 896 quod
541 826 636 881 fuit
660 828 847 882 melius
888 827 1199 897 dereliquit;
1243 829 1457 897 largitus
1479 834 1740 884 estetiam
1785 831 1941 899 quid-

377 918 498 971 dim
529 928 584 973 et
622 919 755 974 bene
786 921 1011 973 meritis.
1040 920 1188 974 Sedit
1215 931 1390 974 autem
1422 937 1630 977 menses
1656 922 1863 988 decem,
1891 932 1943 978 et

374 1009 615 1077 sepultus
634 1018 720 1063 est
747 1010 797 1061 in
816 1009 1030 1063 basilica
1058 1012 1224 1063 sancti
1257 1010 1483 1065 Martini.

452 1099 536 1152 13.
567 1100 926 1154 Duodecimus
954 1100 1253 1154 Ommatius
1283 1100 1307 1137 ιτ
1331 1100 1397 1153 de
1428 1100 1767 1154 senatoribus
1810 1100 1943 1153 civi-

374 1189 584 1257 busque
615 1191 890 1253 Arvernis,
922 1190 1073 1245 valde
1108 1190 1270 1261 534
1295 1191 1441 1244 dives
1486 1192 1535 1243 in
1570 1191 1808 1259 praediis,
1853 1191 1944 1261 qui

350 1281 591 1335 condito
636 1291 952 1336 testamento
992 1298 1087 1352 per
1129 1285 1382 1338 ecclesias
1413 1284 1643 1347 urbium,
1673 1284 1724 1337 in
1755 1285 1945 1353 quibus

378 1371 703 1440 possidebat,
733 1373 1009 1426 facultates
1041 1388 1165 1428 suas
1210 1374 1499 1428 diStribuit.
1535 1377 1653 1443 Ipse
1695 1377 1947 1431 exaltavit

375 1464 655 1517 ecclesiam
700 1464 837 1517 infra
884 1479 1065 1519 muros
1109 1466 1255 1521 urbis
1300 1466 1603 1534 Turonicm,
1636 1480 1941 1522 Sanctorum

380 1551 621 1607 Cervasii
651 1562 809 1623 atque
854 1555 1077 1609 Protasii
1133 1557 1373 1626 reliquiis
1418 1568 1802 1621 consecratam,
1827 1574 1947 1627 quae

378 1656 531 1695 tnuro
574 1642 854 1711 conjuncta
884 1652 983 1699 est.
1022 1645 1121 1699 llic
1162 1646 1324 1714 carpit
1352 1648 1621 1702 aediﬁcare
1672 1650 1942 1703 basilicam

375 1742 575 1787 sancta:
606 1734 782 1788 Maria:
813 1734 945 1787 infra
980 1751 1162 1790 muros
1189 1737 1353 1802 urbis,
1385 1753 1542 1807 quant
1575 1739 1938 1807 imperfectam

2044 556 2158 609 dies
2188 556 2371 625 viginti
2403 573 2531 622 sex;
2564 558 2821 626 obiiique,
2851 567 2903 613 et
2941 560 3181 627 sepultus
3208 566 3291 612 est
3311 557 3363 611 in
3389 556 3610 615 basilica

2042 649 2207 699 sancti
2240 647 2464 700 Martini.

2118 736 2203 790 16.
2251 739 2445 791 Sextus
2490 738 2727 793 decimus
2781 739 3071 801 Baudinns.
3119 753 3185 793 ex
3243 737 3608 792 referendario

2024 825 2438 881 ‘Chlothacharii
2484 828 2622 897 regis
2666 829 2943 883 ordinatur
2987 829 3289 897 episcopus,
3334 827 3533 881 habens
3560 836 3612 882 et

2044 920 2208 973 ﬁlium
2242 930 2290 983 Β,
2318 920 2497 974 multis
2527 922 2881 991 eleemosynis
2923 922 3199 991 prmditns.
3226 923 3425 975 Aurum
3454 920 3610 973 etiam

2027 1010 2185 1078 ‘quod
2214 1010 2466 1065 decessor
2494 1010 2608 1080 ejus
2646 1012 2954 1079 reliquerat,
2988 1011 3213 1076 amplius
3240 1026 3397 1081 quam
3425 1010 3609 1081 viginti

2025 1100 2206 1154 ’milﬁa
2262 1102 2576 1163 solidorum,
2608 1104 2926 1171 pauperibus
2974 1106 3231 1172 erogavit.
3262 1102 3426 1171 lIujns
3473 1113 3610 1156 tem-

2046 1206 2173 1258 pore
2204 1191 2337 1243 alter
2367 1194 2516 1245 vicus
2545 1192 2846 1246 Nnviliacus
2886 1192 3179 1245 aediﬁcatus
3204 1201 3303 1246 est.
3331 1192 3427 1245 ilic
3460 1192 3609 1245 insti-

2046 1283 2145 1335 tuit
2170 1298 2404 1336 mensam
2438 1284 2833 1337 canonicorum.
2867 1284 3015 1338 Sedit
3050 1296 3226 1338 autem
3262 1299 3429 1337 annos
3458 1284 3610 1351 quin-

2044 1389 2146 1443 que
2173 1371 2219 1439 δ,
2246 1388 2455 1428 menses
2507 1374 2727 1440 decem;
2770 1374 3027 1444 obiitque,
3057 1383 3112 1429 et
3161 1380 3398 1444 sepultus
3443 1384 3527 1431 est
3557 1378 3608 1429 in

2046 1465 2258 1517 basilica
2289 1463 2459 1517 sancti
2488 1464 2720 1518 Martini.

2124 1556 2204 1607 I7.
2231 1554 2479 1609 Decimus
2508 1557 2767 1623 septimus
2793 1555 3141 1620 Guntharius,
3169 1570 3231 1609 ex
3265 1555 3457 1609 abbate
3496 1570 3609 1609 Inoo

2044 1648 2259 1703 nasterii
2302 1649 2469 1701 sancti
2515 1648 2755 1702 Venantii
2806 1646 2820 1684 ί
2865 1650 3140 1702 ordinatur
3184 1648 3483 1716 cpisc0pns,
3532 1647 3610 1699 vir

2045 1741 2198 1793 valde
2232 1741 2462 1806 prudens
2494 1740 2617 1793 dum
2648 1742 2852 1794 abbatis
2882 1740 3191 1810 fungeretur
3214 1739 3410 1805 ofﬁcio,
3436 1749 3489 1793 et
3511 1754 3610 1795 sa:-

377 1826 606 1892 rcliquit.
659 1826 808 1881 Sedit
852 1841 1020 1882 annos
1064 1839 1290 1898 quatuor
1317 1840 1364 1897 θ,
1396 1846 1613 1885 menses
1655 1833 1891 1901 quinque
1924 1850 1935 1885 :
1971 1822 2018 1881 Β
2046 1833 2161 1901 pius
2187 1831 2479 1901 legationes
2509 1833 2646 1886 inter
2673 1849 2823 1902 reges
2847 1834 3169 1887 Francorum
3204 1833 3424 1887 faciens.
3458 1833 3610 1886 Post-

376 1919 610 1985 obiitque
638 1927 690 1972 et
720 1919 955 1986 sepultus
980 1928 1063 1973 est
1094 1920 1145 1973 in
1176 1920 1391 1974 basilica
1428 1923 1595 1976 sancti
1634 1922 1863 1977 Martini.

449 2009 534 2061 15.
567 2008 777 2061 Tertius
806 2009 1043 2063 decimus
1068 2009 1174 2064 Leo
1201 2024 1263 2064 ex
1294 2010 1485 2065 abbate
1511 2011 1741 2066 basilica:
1770 2014 1939 2067 sancti

350 2108 353 2111 ‘
379 2097 585 2151 Martini
614 2098 893 2152 ordinatur
921 2101 1219 2168 episcopus.
1245 2100 1366 2155 Fuit
1395 2112 1571 2156 autem
1597 2103 1742 2158 faber
1770 2104 1941 2174 ligna-

378 2189 509 2253 rius,
540 2188 738 2243 faciens
767 2189 926 2243 etiam
961 2198 1132 2245 turres
1166 2191 1486 2263 holochryso
1512 2202 1700 2259 tectas,
1726 2210 1790 2248 ex
1824 2195 1942 2263 qui-

377 2278 475 2332 bus
523 2278 761 2347 qumdam
803 2278 941 2347 apud
990 2296 1086 2334 nos
1130 2282 1473 2337 retinentur:
1506 2284 1558 2335 in
1604 2283 1723 2338 aliis
1774 2286 1935 2339 etiam

375 2369 625 2437 operibus
666 2370 883 2437 elegans
926 2368 1042 2424 fuit.
1085 2372 1234 2425 Sedit
1274 2382 1447 2427 autem
1481 2390 1693 2430 menses
1740 2391 1857 2445 sex,
1890 2386 1945 2431 et

310 2474 319 2477 ‘
375 2462 613 2528 sepultus
634 2468 717 2513 est
742 2459 794 2513 in
819 2460 1035 2515 basilica
1057 2463 1224 2516 sancti
1251 2465 1480 2518 Martini.

450 2550 532 2602 14.
569 2551 800 2616 Quartus
832 2552 1071 2606 decimus
1113 2554 1376 2607 Francilio
1407 2569 1469 2609 ex
1498 2559 1835 2614 senatoribus
1859 2577 1945 2617 or-

375 2642 590 2694 dinatur
616 2641 917 2710 episcopus,
947 2641 1078 2695 civis
1110 2642 1377 2707 Pictavus,
1406 2645 1608 2701 habens
1632 2652 1937 2718 conjugem,

373 2730 587 2784 Claram
646 2731 877 2793 nomine,
923 2732 1015 2785 sed
1050 2731 1187 2786 ﬁlios
1216 2748 1317 2786 non
1353 2735 1592 2791 habens:
1629 2736 1945 2810 fueruntque

376 2824 537 2877 ambo
565 2823 753 2878 divites
774 2824 924 2879 valde
947 2826 996 2878 in
1020 2827 1183 2895 agris,
1211 2840 1344 2895 quos
1364 2828 1591 2884 maxime
1616 2833 1785 2886 sancti
1810 2834 1946 2889 Mar-

375 2917 471 2969 tini
496 2915 730 2969 basilica:
750 2917 1106 2983 contulerunt,
1149 2920 1581 2990 reliqueruntque
1612 2924 1852 2990 quaedam
1892 2934 1947 2980 et

376 3008 631 3075 proximis
656 3008 789 3061 suis.
810 3008 957 3062 Sedit
976 3018 1152 3063 autem
1175 3025 1340 3063 annos
1361 3010 1514 3074 duos,
1536 3028 1746 3067 menses
1772 3029 1865 3069 sex
1883 3015 1942 3083 d;

358 3098 611 3165 .obiitque
640 3106 693 3150 et
722 3099 959 3163 sepultus
987 3108 1069 3153 est
1097 3102 1146 3153 in
1178 3101 1390 3154 basilica
1414 3104 1580 3156 sancti
1615 3104 1840 3159 Martini.

2042 1939 2201 1993 quam
2243 1934 2418 1978 autem
2451 1925 2734 1993 cpiscOpus
2776 1925 3051 1979 ordinatus
3076 1934 3176 1990 est,
3210 1924 3332 1978 vino
3374 1924 3609 1990 deditus,

2042 2030 2177 2084 pene
2226 2014 2449 2067 stolidus
2496 2016 2741 2082 apparuit
2784 2031 2797 2067 ε
2842 2030 2960 2084 quae
3009 2030 3094 2069 res
3141 2030 3261 2068 eum
3303 2015 3355 2067 in
3404 2022 3607 2067 tantum

2041 2115 2306 2159 amentem
2352 2103 2601 2172 faciebat,
2633 2116 2687 2158 ut
2713 2104 2986 2169 convivas,
3019 2118 3153 2173 quos
3202 2104 3337 2158 bene
3366 2113 3607 2168 noverat,

2044 2192 2287 2262 nequiret
2316 2207 2637 2263 agnoscere;
2671 2196 2863 2260 szepius
2892 2204 3066 2247 tamen
3098 2209 3191 2247 eos
3211 2195 3463 2249 conviciis
3486 2209 3610 2262 age-

2044 2283 2133 2337 bat
2161 2295 2214 2337 ct
2243 2284 2598 2353 improperiis.
2630 2284 2782 2339 Sedit
2810 2295 2986 2339 autem
3020 2300 3188 2340 annos
3215 2285 3368 2351 duos,
3397 2299 3611 2345 menses

2046 2375 2252 2440 decem,
2269 2376 2385 2431 dies
2418 2377 2601 2445 viginti
2630 2378 2784 2430 duos.
2806 2377 2945 2431 Obiit
2970 2386 3172 2441 autem,
3195 2386 3248 2431 et
3268 2376 3506 2444 sepultus
3528 2382 3611 2430 est

2046 2471 2097 2524 in
2146 2471 2356 2524 basilica
2406 2470 2575 2524 sancti
2625 2470 2860 2535 Martini,
2891 2472 3223 2524 cessavitoue
3269 2471 3610 2539 euisc0patus

2046 2578 2186 2616 anno
2213 2579 2316 2617 uno
2344 2564 2391 2617 i.

2121 2653 2204 2706 18.
2231 2654 2459 2707 Octavus
2483 2656 2717 2707 decimus
2738 2651 3019 2707 Eufronius
3036 2653 3313 2723 presbyter
3337 2651 3612 2711 ordinatur

2049 2745 2354 2812 episc0pus,
2386 2760 2450 2799 ex
2476 2760 2671 2813 genere
2708 2745 2820 2809 illo,
2852 2744 2991 2813 (μιυά
3022 2746 3265 2812 superius
3287 2744 3609 2798 senatmium

2028 2837 2483 2903 'nuuciipavimus,
2516 2835 2597 2888 vir
2648 2838 2876 2904 egregia:
2926 2836 3246 2899 sanctitatis,
3286 2835 3353 2887 ab
3395 2834 3612 2891 ineunte

2047 2936 2201 2979 aetate
2230 2927 2475 2981 clericus.
2509 2926 2675 2992 Hujus
2706 2936 2944 2992 tempore
2983 2926 3171 2978 civitas
3198 2923 3457 2977 'l‘uronica
3487 2938 3609 2977 cum

2049 3017 2297 3069 omnibus
2320 3017 2563 3070 ecclesiis
2599 3031 2789 3086 magno
2822 3016 3067 3069 inccndio
3112 3023 3448 3069 concremata
3482 3023 3558 3069 est
3594 3029 3609 3067 :

2049 3107 2113 3160 de
2146 3108 2335 3175 quibus
2383 3107 2496 3173 ipse
2537 3118 2714 3173 postea
2757 3106 2889 3159 duas
2934 3106 3220 3173 reparavit,
3260 3106 3473 3159 tertiam
3517 3119 3612 3158 ve-

448 3190 535 3242 15.
568 3188 795 3253 Quintus
822 3188 1060 3241 decimus
1108 3189 1425 3259 Injuriosus,
1459 3194 1589 3245 civis
1621 3194 1937 3263 Tut'onicus,
1971 3182 2015 3242 (ἶ
2049 3196 2393 3251 tusIISsimam
2420 3195 2443 3233 Β
2476 3197 2781 3263 relinquens
2820 3197 3107 3250 desertam.
3138 3197 3325 3249 Postea
3355 3210 3479 3249 vero
3520 3196 3612 3248 ba-

379 3277 446 3332 de
480 3276 823 3332 inferioribus
845 3278 1059 3347 quidem
1093 3280 1291 3346 potiuli,
1320 3281 1575 3349 ingenuus
1608 3294 1805 3338 tamen.
1838 3288 1943 3340 Ilu-

377 3369 463 3437 jus
510 3376 750 3437 tempore
791 3369 1183 3423 Chrotecbildis
1215 3372 1394 3439 regina
1425 3373 1652 3429 transiit.
1684 3376 1778 3429 llic
1827 3393 1945 3444 per-

377 3460 656 3514 mdﬁcavit
685 3460 965 3514 ecelesiam
994 3472 1189 3514 sancta:
1214 3462 1391 3515 Mat-ite
1424 3464 1558 3517 infra
1592 3482 1772 3518 muros
1800 3469 1945 3522 urbis

380 3550 678 3607 Twonicm.
701 3550 865 3618 Hujus
884 3562 1119 3620 tempore
1133 3562 1185 3607 et
1215 3552 1431 3608 basilica
1458 3557 1627 3610 sancti
1652 3558 1902 3615 Germani
1920 3570 1943 3598 ε

380 3643 635 3696 :ediﬁcata
664 3651 766 3693 est.
805 3640 915 3693 Vici
943 3642 1125 3701 etiam.
1150 3640 1453 3697 Novdiacns
1480 3644 1498 3683 ί
1527 3656 1579 3698 et
1603 3647 1761 3717 535
1796 3650 1949 3704 Luci-

359 3732 567 3797 .liacus,
601 3729 802 3784 fundali
830 3740 975 3784 sunt.
1024 3733 1118 3786 llic
1149 3734 1374 3787 instituit
1410 3739 1615 3790 tertiani
1662 3753 1713 3792 et
1743 3750 1945 3794 sextam

382 3826 437 3880 in
466 3824 687 3879 ecclesia
716 3824 843 3888 dici,
865 3824 1006 3894 quod
1040 3827 1197 3879 modo
1236 3830 1289 3879 in
1323 3828 1411 3881 Dei
1450 3829 1663 3882 nomine
1696 3846 1946 3899 perseve—

384 3948 550 4002 τοι-ιιι,
580 3941 784 4013 occisus
807 3949 909 4013 est,
927 3950 1082 4009 atque
1104 3943 1175 3994 ttti
1203 3953 1402 4013 martyr
1424 3944 1615 3997 colitur
1636 3946 1722 3999 die
1744 3946 1803 3997 13
1824 3947 1945 4002 Kal.

385 4012 623 4077 Augusti.
659 4010 783 4079 Ejus
814 4010 975 4064 vitam
1034 4014 1199 4066 habes
1258 4016 1307 4066 in
1343 4010 1684 4068 bibliotheca
1744 4017 1946 4070 Floria-

385 4083 527 4144 censi
556 4096 582 4132 a
610 4080 795 4139 Boscio
824 4082 987 4134 edita.
1026 4082 1098 4135 lle
1129 4100 1192 4134 eo
1223 4082 1560 4138 Frodnardns
1602 4095 1655 4138 et
1698 4086 1950 4140 Mnrlotus

387 4151 587 4222 inllist.
609 4151 916 4222 [theon-nsi.
944 4151 1079 4222 Crux
1103 4163 1277 4205 erecta
1300 4169 1364 4207 eo
1386 4157 1499 4206 loco
1519 4154 1604 4206 ubi
1636 4171 1821 4220 passus
1847 4167 1948 4222 est,

386 4220 541 4294 etiam
575 4234 712 4273 nunc
733 4219 918 4294 visitur
940 4220 1157 4275 Rhenus
1176 4223 1256 4274 via
1284 4225 1542 4294 Ctesarea.
1564 4219 1689 4294 Ejus
1712 4219 1951 4293 reliquiae

390 4290 842 4344 inCarnotensem
872 4293 1144 4363 diceeestm
1191 4294 1402 4357 delatze,
1439 4293 1490 4345 in
1520 4290 1655 4349 silva
1707 4290 1950 4363 Aquilina

389 4363 581 4427 oppido
631 4376 822 4431 nomen
874 4362 1153 4425 dederunt,
1183 4363 1273 4417 ubi
1319 4371 1493 4417 exstat
1541 4362 1807 4431 prioratus
1838 4382 1952 4420 mo-

391 4444 486 4504 nas
505 4445 624 4504 ero
649 4430 952 4504 Fossatettsi
979 4436 1266 4499 subjectus.
1303 4436 1451 4487 Alius
1483 4430 1562 4487 est
1592 4434 1829 4504 ejusdem
1858 4454 1951 4488 no—

392 4499 703 4574 ntinis‘Ord.
731 4502 1101 4574 Qlttttiacensis
1128 4505 1285 4574 apud
1332 4499 1640 4569 Ctesiieiuni
1691 4506 1942 4574 oppidum

390 4571 638 4634 Celebris,
692 4571 779 4624 ubi
836 4573 1073 4643 ejusdem
1126 4573 1382 4627 habentur
1426 4576 1682 4643 reliquiae.
1730 4571 1948 4631 Maanus

390 4651 631 4694 sanctum
665 4640 945 4695 Arnulfum
999 4644 1136 4696 inter
1164 4643 1488 4698 Ommatium
1530 4640 1581 4697 et
1611 4645 1841 4701 Leonem
1875 4648 1950 4700 lo-

391 4720 506 4785 cat;
538 4726 564 4762 a
608 4710 885 4785 Gregorio
910 4713 1138 4785 omissus
1174 4715 1383 4768 videtur
1422 4715 1561 4785 quod
1608 4718 1790 4771 sedem
1839 4720 1953 4772 dies

392 4781 724 4833 Sulttnttnndu
756 4784 816 4834 17
840 4783 1147 4836 obtinuerit.

463 4858 487 4886 ⁸
519 4852 878 4905 Chlotlomeris
928 4854 1149 4906 scilicet.
1181 4852 1332 4907 (.olb.
1368 4870 1439 4907 tn.
1493 4854 1671 4919 habet,
1714 4860 1952 4913 electione

393 4921 609 4988 fratrum
640 4923 726 4986 ad,
757 4934 859 4973 etc.
896 4923 1064 4976 Hicin
1100 4924 1225 4979 Bec.
1267 4924 1460 4977 dicitur
1490 4925 1739 4989 Dinisius,
1775 4931 1823 4981 in
1853 4933 1951 4984 ali-

394 4990 697 5062 quoteditis
728 4991 1025 5062 piouysius.
1058 4995 1129 5044 De
1159 5011 1223 5045 eo
1253 4994 1343 5047 lib.
1372 5009 1446 5059 ιιι,
1475 5010 1591 5062 cap.
1615 4997 1649 5047 2
1678 5009 1732 5051 et
1759 4999 1841 5052 I7.

384 5093 390 5100 -
464 5059 491 5097 δ
520 5061 673 5129 Reg"
711 5059 1019 5115 Ominarius.
1074 5062 1236 5116 Filius
1286 5064 1376 5117 fuit
1412 5059 1581 5117 sancti
1618 5067 1818 5119 Ituricii
1867 5084 1946 5122 se-

397 5131 558 5182 nioris
609 5131 875 5184 Lemovic.
922 5134 1177 5204 episcopi,
1211 5149 1273 5186 ex
1324 5133 1493 5186 Iberia
1532 5138 1777 5188 Oininatii
1819 5138 1945 5204 ﬁlia,

394 5216 617 5267 quorum
640 5200 1033 5269 epithalamium
1058 5203 1249 5254 cecinit
1277 5204 1527 5256 Sidonius
1547 5219 1714 5259 carm.
1743 5208 1796 5258 2.
1821 5200 1950 5260 Om;

382 5276 676 5323 .niatiorum
696 5281 757 5342 et
799 5271 1131 5324 Ruriciorutn
1185 5272 1511 5326 nobilitatem
1557 5277 1750 5342 passim
1805 5292 1951 5331 com-

398 5342 611 5415 mendat
658 5340 1031 5415 idemjuctor.
1067 5343 1311 5415 lturicios
1345 5357 1409 5395 ex
1439 5340 1743 5396 Aniciorum
1795 5359 1950 5415 gente

397 5412 766 5485 ortoslaudat
806 5410 1251 5485 Fortunatushb.
1286 5426 1356 5477 tv,
1391 5426 1556 5466 carm.
1599 5415 1651 5468 5.
1699 5410 1949 5485 EjuSdem

402 5478 596 5532 Ruricii
629 5481 881 5547 epistolas
910 5484 1075 5533 edidit
1103 5482 1371 5538 Canisius.

474 5560 494 5586 ε
525 5549 676 5603 Colb.
711 5566 805 5611 m.,
832 5567 988 5604 annos
1009 5563 1128 5606 (res.

468 5617 493 5654 ¹¹
528 5620 679 5693 1168..
712 5636 902 5693 nienses
927 5622 1163 5693 quinque.
1198 5620 1328 5676 Vide
1356 5621 1447 5677 lib.
1481 5638 1557 5688 m,
1586 5637 1703 5693 cap.
1732 5626 1815 5681 17.

472 5697 496 5757 ἐ
532 5690 695 5757 Vulgo
723 5690 915 5742 dicitur
946 5690 1362 5745 Saint-Germain
1390 5710 1476 5747 sur
1503 5690 1672 5747 Loire.

473 5756 494 5799 τ
532 5756 847 5833 Noeiliacus,
879 5774 972 5812 seu
1007 5760 1351 5833 obiliacum,
1388 5780 1578 5817 nomen
1609 5774 1691 5818 est
1714 5765 1954 5833 complu-

400 5826 545 5885 ribus
567 5829 697 5885 locis
719 5844 1016 5884 commune.
1038 5831 1111 5883 Ex
1143 5835 1202 5885 iis
1226 5835 1361 5893 apud
1385 5834 1628 5891 Turones
1657 5826 1955 5891 Noviliaeus

2058 4523 2119 4577 pa

1980 4552 2028 4614 ι)
2167 4552 2459 4640 13.15:".132.‘

2046 3289 2193 3341 silica
2217 3291 2380 3341 sancti
2416 3287 2619 3339 Martini
2651 3287 2810 3356 536
2828 3300 2879 3341 et
2910 3288 3020 3354 ipsa
3052 3289 3294 3341 incendio
3322 3299 3400 3339 eSt
3425 3286 3611 3341 adusta

2049 3393 2142 3445 per
2172 3376 2592 3441 thiacharium,
2625 3393 2743 3430 cum
2788 3376 2857 3430 ibi
2904 3377 3207 3448 e0nfugiuut
3237 3394 3331 3446 pro
3361 3376 3615 3433 Chramni

2046 3469 2311 3538 quondam
2369 3469 2826 3523 circumventione
2891 3469 3102 3522 fecisset
3163 3467 3326 3539 (για.
3388 3466 3477 3520 lib.
3528 3481 3609 3534 tv,

2047 3577 2159 3626 cap.
2188 3560 2310 3628 20).
2344 3574 2500 3629 quam
2550 3568 2733 3628 postea
2782 3560 2920 3613 idem
2972 3561 3203 3629 pontifex
3238 3559 3368 3613 texit
3395 3568 3608 3625 stanno,

2048 3653 2343 3719 Opitulante
2382 3668 2504 3720 rege
2530 3652 2966 3706 Chlothachario.
2993 3652 3156 3721 Hujus
3184 3661 3423 3720 tempore
3465 3651 3610 3705 basi-

2050 3746 2148 3797 lica
2194 3745 2362 3796 sancti
2400 3743 2654 3797 \‘incentii
2696 3743 2950 3796 adifieala
2996 3753 3099 3797 est.
3134 3743 3392 3796 Tanriaco
3426 3741 3468 3805 ι,
3501 3742 3605 3795 Ce-

2051 3846 2183 3895 rate,
2215 3843 2266 3886 et
2293 3835 2352 3887 Oi
2371 3833 2612 3899 bigniaeo
2640 3832 2768 3885 vicis
2791 3834 3031 3886 ecclesia:
3052 3832 3322 3886 aediﬁcata:
3349 3840 3489 3884 sunt.
3516 3834 3613 3885 Se-

2050 3945 2251 4019 Nobilis
2274 3946 2519 4019 (Neuilly
2549 3948 2597 4019 le
2624 3947 2821 4016 Noble)
2843 3987 2857 4012 ,
2890 3959 2943 4002 et
2966 3947 3263 4002 Noviliacus
3293 3948 3356 3999 ad
3384 3947 3609 4019 Etleram

2052 4020 2069 4081 (
2094 4016 2303 4087 Nettilly
2326 4019 2372 4069 le
2400 4015 2608 4085 terra)
2633 4058 2648 4079 ,
2679 4021 2743 4069 ad
2770 4015 3024 4070 Braennm
3048 4033 3255 4069 amnem
3283 4019 3356 4086 (In
3381 4015 3611 4087 Bitianle).

2054 4090 2139 4157 [lsi
2176 4094 2333 4157 etiam
2383 4088 2681 4140 Noviliacus
2709 4089 2773 4140 ad
2829 4087 3047 4139 Pontem
3100 4090 3341 4140 l‘etreum
3376 4086 3612 4157 (Nruiily

2053 4155 2448 4225 Pont-Pierre),
2484 4162 2532 4208 in
2561 4159 2789 4209 conﬁnio
2829 4158 2968 4210 'l‘nro
2993 4172 3096 4209 ⁸ιιιιι
3120 4168 3171 4209 et
3201 4155 3607 4225 Andegavorum

2054 4228 2205 4280 situs.
2238 4226 2555 4289 Lucxliacus,
2590 4242 2654 4278 vu
2680 4243 2745 4296 go
2769 4226 2986 4292 Lusillé,
3019 4228 3162 4279 vicus
3193 4226 3329 4279 inter
3349 4228 3538 4281 Carem
3560 4234 3615 4279 et

2051 4302 2316 4364 Angerein
2374 4297 2586 4360 ﬂuwos,
2616 4300 2743 4350 satis
2798 4308 2971 4350 notus.
3019 4296 3260 4364 lnjuriosi
3292 4300 3465 4350 telum
3496 4298 3609 4349 Iau-

2054 4370 2136 4421 dat
2165 4366 2448 4427 Gre.orius
2476 4382 2651 4434 supra.
2684 4369 2774 4420 lib.
2800 4383 2871 4432 iv,
2903 4383 3021 4434 cap.
3044 4368 3097 4417 2.
3148 4367 3385 4420 Interfuit
3412 4367 3606 4421 concil.

2055 4442 2326 4492 Anehan.
2362 4454 2418 4499 ιι,
2447 4452 2585 4489 anno
2614 4436 2739 4493 555.
2769 4447 2822 4489 et
2851 4452 2921 4501 tv,
2944 4454 3029 4491 an.
3055 4437 3149 4491 511
3176 4453 3191 4501 ;
3223 4452 3277 4491 ιιι
3305 4452 3431 4491 vero
3455 4435 3615 4491 Cam-

2129 4524 2225 4561 nus
2255 4511 2426 4573 pres-It.
2455 4508 2617 4573 ip~ius
2635 4508 2847 4561 nomine
2875 4509 3188 4578 subscripsttt
3215 4524 3354 4561 anno
3382 4507 3508 4563 558.

2534 4580 2648 4630 ltos.

2128 4588 2153 4625 ις
2182 4579 2333 4631 Colb.
2365 4594 2459 4640 m.,
2491 4578 2648 4646 ﬁlios.

2128 4649 2153 4683 δ
2186 4648 2349 4709 ldum,
2391 4665 2551 4700 amics
2601 4650 2792 4701 decem.
2843 4647 2917 4701 De
2968 4649 3067 4703 hoc
3112 4648 3231 4701 vide
3258 4647 3391 4700 lib.l
3426 4638 3638 4699 Mirac.‘

2056 4722 2225 4772 sancti
2258 4718 2486 4783 Martini,
2519 4732 2637 4784 cap.
2664 4720 2716 4781 9,
2751 4719 2835 4772 ubi
2866 4722 3059 4772 dcitur
3082 4729 3317 4771 sanctus.
3342 4715 3465 4784 Ejus
3497 4729 3616 4766 eor-

2058 4803 2177 4856 pus,
2212 4799 2267 4839 ut
2307 4791 2490 4841 scribit
2535 4783 2769 4851 Manlius,
2823 4788 2979 4843 hodie
3018 4792 3067 4841 in
3111 4800 3286 4842 castro
3332 4783 3617 4839 Lucacensi

2058 4858 2295 4925 (Lac/tes)
2326 4867 2644 4912 asservatur.

2134 4928 2147 4964 ί
2181 4922 2333 4981 Colit.
2360 4944 2428 4980 tn.
2459 4944 2577 4979 cum
2601 4928 2688 4984 ed.
2724 4927 2874 4987 Bad..
2914 4928 3076 4980 sancti
3124 4926 3345 4981 Evanlii.
3370 4924 3445 4980 De
3470 4922 3618 4979 Gun-

2058 4999 2233 5055 thario
2259 4997 2377 5049 vide
2402 4997 2491 5052 lib.
2517 4998 2583 5050 de
2613 4998 2789 5051 Gloriu
2822 5000 3062 5051 Contess.
3096 5014 3213 5066 cap.
3244 4998 3297 5050 8.

2131 5071 2144 5115 i
2192 5067 2316 5119 Vide
2348 5082 2527 5132 supra,
2557 5067 2647 5118 lib.
2682 5083 2749 5122 Iv.
2776 5080 2890 5133 cap.
2931 5070 3010 5119 11.

2127 5133 2150 5204 ἓ
2190 5136 2344 5204 lit-3.,
2373 5136 2493 5188 Bec.
2513 5148 2562 5188 et
2593 5137 2745 5189 Colb.
2775 5152 2866 5194 ιιι.⁹
2895 5139 3091 5187 tertium
3124 5136 3393 5204 seniorem.

2132 5203 2147 5241 ι
2187 5203 2360 5257 Haeret
2411 5207 2698 5269 Mamilius,
2736 5223 2801 5257 an
2845 5206 3163 5259 Tauriacum
3216 5207 3285 5259 sit
3327 5203 3489 5263 Ture,
3528 5210 3619 5255 aut

2058 5275 2244 5343 Truge,
2272 5278 2405 5326 inter
2432 5276 2620 5328 Cat-em
2654 5287 2705 5328 et
2734 5276 3007 5328 Andriam.
3036 5275 3252 5327 Maanus
3278 5274 3415 5325 nihil
3458 5272 3620 5326 habet

2054 5347 2121 5399 de
2149 5347 2248 5397 hoc
2271 5346 2406 5409 loco,
2426 5360 2522 5398 nec
2554 5350 2701 5414 plura
2726 5347 2923 5414 profert
2942 5344 3198 5397 Valesius.
3221 5343 3437 5414 Cerate,
3468 5343 3617 5414 beo,

2055 5415 2294 5478 Cereute,
2328 5415 2451 5467 item
2484 5409 2633 5467 vicus
2662 5409 2744 5469 esi
2789 5420 2925 5469 inter
2957 5414 3271 5467 Audiesium
3303 5409 3618 5482 (lilndrois)

2058 5498 2112 5540 et
2152 5486 2329 5541 Carint
2373 5486 2525 5549 situs,
2555 5484 2680 5540 Céré
2719 5488 2874 5555 vulgo
2905 5486 3098 5555 dietus.
3136 5481 3332 5555 Eodem
3363 5481 3416 5555 in
3448 5490 3618 5535 tractu

2056 5566 2138 5628 est
2155 5556 2519 5628 _Or_bi_niacut_u,
2556 5551 2977 5628 vulgo__0r6igny.
3002 5553 3265 5628 caeterum
3289 5551 3449 5628 Coit).
3468 5560 3620 5628 m._et

2057 5626 2188 5680 Bad.
2223 5625 2418 5678 habent
2447 5617 2675 5690 Tdttst're',
2704 5617 3003 5678 Usceritta'et
3037 5617 3622 5690 Orbaniaco.0rbania-

2056 5710 2177 5749 cum
2211 5695 2402 5763 legitur
2432 5695 2482 5748 in
2511 5696 2644 5749 libro
2664 5689 2733 5763 de
2756 5695 2934 5748 Gloria
2960 5689 3267 5763 Martyrum.

2128 5758 2452 5819 Nota'sancti
2485 5762 2739 5818 Vincent-i
2782 5764 3049 5816 basilicam
3073 5758 3231 5816 etiam
3256 5775 3395 5815 nunc
3421 5758 3473 5815 in
3501 5760 3612 5814 Tu-

2061 5850 2246 5891 ronum
2289 5836 2420 5889 urbe
2449 5834 2763 5902 subsistere,
2796 5850 2911 5902 qua:
2942 5832 3203 5903 parochi»
3230 5833 3381 5886 titulo
3402 5829 3612 5902 gaudet.
