4132 6348
540 293 641 353 δτι

1578 294 1636 350 S.
1678 291 1998 349 GREGORII
2044 291 2336 347 EPISCOPI
2376 290 2802 355 τυιιοΝεΝδιδ

3674 297 3779 354 572

538 409 621 472 dit
640 413 817 463 autem
849 422 1018 464 annos
1033 407 1433 479 septemdecim,
1461 405 1694 476 obiitquc
1720 415 1875 461 :etate
1900 416 2107 474 septua-
2147 412 2195 467 Α
2220 417 2379 456 unum
2412 402 2479 458 de
2504 404 2638 459 Vitis
2659 404 2874 460 Patrum
2905 404 3125 475 scripsi,
3160 407 3211 461 in
3241 403 3485 464 Psalterit
3511 414 3792 467 tractatum

544 499 782 570 genaria,
807 508 861 554 et
899 501 1136 568 sepultus
1167 507 1249 553 est
1275 499 1327 552 in
1354 497 1574 551 basilica
1603 496 1771 551 sancti
1821 496 2031 551 Martini
2061 502 2110 547 ιι.

543 591 890 661 Cessavitque
918 594 1259 660 episcopatus
1286 590 1400 645 dies
1431 590 1821 645 novemdecim.

617 683 706 738 59.
729 684 907 739 Nonus
928 683 1167 739 decimus
1198 684 1485 753 Gregorius
1516 697 1619 753 ego
1661 681 1912 752 indignus
1947 680 2117 735 cccle-

546 789 681 832 stam
710 774 860 829 urbis
881 774 1183 839 Turonicm,
1215 774 1267 829 in
1294 790 1398 845 qua
1423 775 1612 830 beatus
1642 775 1899 829 Martinus
1928 780 1982 827 et
2009 787 2118 827 cae-

547 866 649 927 teri
676 863 981 919 sacerdotes
1008 865 1215 919 Domini
1238 864 1305 919 ad
1336 864 1675 934 pontiﬁcatus
1712 863 1944 920 ofﬁcium
1981 878 2115 917 con-

549 954 741 1010 secrati
794 963 939 1021 sunt,
967 954 1036 1009 ab
1084 955 1334 1009 incendio
1377 955 1692 1011 dissolutam
1743 956 2115 1023 diruptamque

548 1050 734 1101 nactus
763 1059 903 1109 sum,
942 1060 1099 1113 quam
1143 1045 1517 1101 remdiﬁcatam
1550 1047 1600 1100 in
1640 1046 1883 1113 ampliori
1913 1045 2119 1099 altiori-

551 1150 655 1203 que
688 1134 898 1204 fastigio
926 1136 1156 1203 septimo
1191 1136 1398 1190 decimo
1427 1136 1778 1191 ordinationis
1818 1150 1947 1189 mea!
1976 1150 2119 1190 anno

545 1224 808 1293 dedicavi,
840 1226 892 1279 in
931 1241 1056 1296 qua,
1086 1227 1224 1280 sicut
1251 1242 1281 1280 a
1313 1228 1564 1296 longmvis
1597 1228 1923 1299 presbyteris
1966 1242 2119 1281 com-

546 1316 682 1386 peri,
731 1317 1007 1372 beatorum
1052 1316 1248 1373 ibidem
1285 1317 1523 1387 reliquias
1561 1318 1952 1387 Agaunensium
1981 1328 2002 1357 ο
2052 1319 2122 1372 ab

546 1409 780 1478 antiquis
836 1408 1043 1463 fuerant
1096 1410 1390 1464 collocatae.
1434 1411 1604 1479 Ipsam
1634 1410 1793 1465 etiam
1844 1411 2119 1481 capsulam

555 1500 608 1555 in
637 1500 888 1555 thesauro
938 1500 1171 1561 basilicae
1218 1502 1387 1555 sancti
1436 1502 1645 1556 Martini
1689 1503 1883 1570 reperi,
1916 1502 1970 1555 in
2016 1516 2122 1571 qua

551 1591 708 1647 valde
738 1592 1017 1660 putredine
1063 1602 1178 1647 erat
1221 1593 1409 1662 pignus
1456 1591 1797 1658 dissolutmn,
1829 1593 1970 1662 quod
2026 1607 2122 1662 pro

551 1695 741 1736 eorum
772 1682 1045 1752 religionis
1083 1691 1165 1738 est
1204 1684 1399 1739 virtute
1441 1682 1675 1737 delatum
1705 1680 1753 1737 ἀ.
1780 1686 1857 1737 Ac
1887 1684 2009 1740 dum
2041 1684 2123 1738 vi-

2219 496 2418 551 librum
2450 514 2612 553 unum
2642 506 3032 555 commentatus
3058 514 3175 557 sum
3202 515 3218 565 ;
3250 501 3318 557 de
3347 501 3605 556 Cursibus
3626 503 3790 558 etiam

2215 587 2595 642 ecclesiasticis
2619 604 2781 643 unum
2813 589 3009 644 librum
3037 591 3275 648 condidi.
3301 592 3445 660 Quos
3476 593 3643 649 libros
3666 594 3793 651 licet

2219 678 2361 747 stylo
2391 679 2657 734 rusticiori
2690 680 3101 750 conscripserim
3120 721 3135 745 ,
3162 690 3337 739 tanien
3359 684 3585 752 conjuro
3605 699 3793 741 omnes

2217 767 2524 826 sacerdotes
2556 770 2800 835 Domini,
2829 770 2920 837 qui
2951 780 3074 841 post
3102 787 3186 826 me
3216 770 3471 827 humilem
3507 775 3793 830 ecclesiam

2218 857 2258 912 Τ
2266 860 2537 914 uronicam
2567 870 2689 915 sunt
2713 859 2941 927 recturi,
2966 876 3060 929 per
3079 861 3364 918 adventum
3392 865 3601 920 Domini
3626 868 3793 923 nostri

2216 950 2343 1005 Jesu
2365 950 2589 1021 Christi,
2617 966 2682 1005 ac
2707 952 2997 1009 terribilem
3022 954 3132 1009 reis
3151 954 3399 1009 omnibus
3418 956 3603 1023 judicii
3623 957 3795 1023 diem,

2218 1041 2260 1092 si
2303 1054 2573 1108 nunquam
2602 1039 2809 1096 confusi
2840 1043 2908 1096 de
2938 1043 3053 1111 ipso
3077 1042 3283 1114 judicio
3309 1044 3648 1101 discedentes
3671 1062 3795 1102 cum

2219 1129 2434 1185 diabolo
2472 1132 2861 1185 condemnandi
2900 1135 3030 1187 estis
3050 1174 3065 1198 ,
3096 1118 3169 1195 hut
3195 1150 3462 1204 nunquam
3496 1135 3663 1190 libros
3693 1136 3792 1191 bos

2221 1221 2439 1279 abolere
2467 1223 2702 1288 faciatis,
2732 1232 2824 1277 aut.
2852 1223 3113 1290 rescribi,
3146 1225 3298 1292 quasi
3339 1225 3580 1294 Quaedam
3614 1225 3798 1295 legen—

2223 1327 2300 1371 tes
2320 1356 2334 1379 ,
2366 1328 2420 1370 et
2450 1319 2600 1385 quasi
2644 1319 2887 1388 quaedam
2917 1321 3419 1388 prmtermittentes;
3449 1323 3542 1378 sed
3575 1323 3645 1377 ita
3676 1337 3795 1379 oln-

2223 1406 2309 1459 nia
2339 1406 2612 1461 vobiscum
2647 1407 2854 1479 integra
2878 1409 3186 1485 illibataque
3211 1422 3556 1481 permaneant
3586 1410 3633 1480 ‘,
3659 1415 3799 1471 sicut

2222 1514 2251 1551 a
2283 1500 2437 1554 nobis
2466 1503 2649 1557 relicta
2680 1510 2827 1555 sunt.
2857 1502 3009 1570 Quod
3039 1505 3083 1558 si
3115 1513 3165 1558 te
3194 1505 3445 1560 sacerdos
3490 1506 3627 1572 Dei,
3671 1507 3796 1576 qui-

2222 1606 2430 1660 cunque
2478 1608 2577 1657 es,
2631 1593 2922 1648 Martiauus
2949 1603 2974 1641 tt
3017 1605 3199 1650 noster
3242 1605 3448 1665 septem
3496 1597 3798 1666 disciplinis

2227 1680 2390 1752 538
2413 1682 2639 1746 erudiit,
2667 1683 2715 1736 id
2742 1690 2858 1749 est,
2892 1683 2938 1737 si
2970 1693 3019 1739 te
3049 1685 3100 1747 in
3129 1686 3492 1754 grammaticis
3517 1687 3701 1741 docuit
3723 1687 3798 1741 le-

550 1771 694 1848 gilize
726 1771 778 1826 in
822 1787 1009 1827 eorum
1042 1774 1244 1829 honore
1289 1775 1711 1837 celebrarentur,
1745 1774 1899 1829 libuit
1944 1777 2125 1830 animo
2158 1788 2201 1847 Β
2233 1786 2393 1840 gere,
2430 1772 2479 1825 in
2514 1772 2803 1825 dialecticis
2833 1772 3235 1828 altercationum
3282 1774 3673 1844 pr0positiones
3701 1778 3799 1831 ad-

554 1861 670 1917 hac
696 1863 893 1919 iterum
935 1866 1348 1934 praslucescente
1373 1881 1531 1922 cereo
1561 1866 1781 1920 visitare
1812 1884 1824 1917 :
1855 1882 1974 1935 qua:
2002 1867 2126 1922 dum

552 1968 580 2005 a
604 1955 757 2009 nobis
776 1964 979 2011 attente
1008 1956 1289 2029 rimantur,
1305 1956 1439 2012 dixit
1467 1957 1596 2011 tedis
1615 1957 1844 2011 aedituus
1864 1960 1991 2013 :Est
2019 1960 2123 2027 hic,

557 2044 749 2112 inquit,
789 2044 923 2113 lapis
950 2047 1218 2114 opertorio
1262 2055 1454 2113 tectus,
1489 2047 1539 2101 in
1578 2062 1687 2116 quo
1713 2044 2131 2116 quidltabeatur

557 2150 779 2204 prorsus
827 2137 1049 2206 ignaro,
1090 2137 1186 2192 sed
1231 2153 1333 2194 nec
1384 2139 1811 2208 prmdeccssores
1860 2139 2130 2199 ministros

560 2227 717 2297 hujus
765 2228 1024 2283 custodia:
1079 2230 1218 2284 scire
1271 2231 1531 2297 comperi.
1593 2229 1835 2286 Deferam
1891 2245 2038 2297 eum,
2078 2239 2131 2285 et

555 2317 867 2371 scrutamini
909 2318 1192 2387 diligenter
1221 2320 1345 2389 quid
1373 2319 1708 2379 contineatur
1737 2320 1871 2379 infra
1914 2321 2132 2379 conclu-

558 2421 696 2477 sum.
728 2406 897 2475 Quem
942 2408 1177 2464 delatum
1229 2411 1488 2478 reseravi,
1521 2409 1714 2477 fateor,
1754 2420 1810 2465 et
1852 2413 2028 2467 inveni
2075 2413 2130 2471 in

554 2495 659 2552 hoc
699 2499 967 2566 capsulam
1012 2509 1339 2569 argenteam,
1370 2502 1422 2555 in
1468 2518 1569 2571 qua
1605 2518 1709 2556 non
1755 2504 1912 2557 modo
1960 2504 2133 2559 beata:

556 2586 782 2656 legionis
813 2590 1049 2655 testium,
1082 2605 1269 2645 verum
1301 2593 1461 2646 etiam
1496 2593 1783 2649 multorum
1821 2606 2130 2649 sanctorum

557 2688 664 2733 tam
694 2692 984 2751 martyrum
1008 2697 1164 2751 quam
1190 2686 1559 2739 confessorum
1598 2686 1837 2754 reliquiae
1864 2688 2020 2767 537
2055 2695 2134 2742 te—

558 2771 841 2826 nebantur.
874 2771 1023 2827 Nacti
1055 2774 1216 2827 etiam
1247 2788 1430 2828 sumus
1461 2784 1514 2829 et
1557 2776 1691 2831 alios
1723 2776 1943 2844 lapides,
1982 2779 2051 2831 ita
2079 2786 2137 2845 ut

559 2861 648 2919 hic
677 2873 811 2931 erat,
837 2881 1119 2933 CODCM‘OS,
1150 2868 1199 2921 in
1220 2868 1412 2937 quibus
1441 2874 1749 2925 sanctoium
1773 2871 2133 2939 apostolorum

558 2971 679 3011 cum
734 2958 1059 3028 reliquorum
1108 2969 1398 3031 martyrum
1433 2962 1656 3031 pignora
1698 2962 2131 3017 continebantur.

561 3050 711 3121 Quod
740 3067 931 3107 munus
953 3068 1051 3123 ego
1068 3054 1321 3111 divinitus
1346 3056 1610 3110 indultum
1641 3058 1913 3112 admirans
1937 3068 1988 3113 et
2016 3073 2137 3128 gra-

559 3142 662 3197 tias
703 3158 888 3215 agens,
922 3146 1206 3200 celebratis
1240 3147 1457 3217 vigiliis,
1483 3147 1643 3203 dictis
1684 3149 1847 3202 etiam
1877 3148 2051 3202 Missis
2085 3158 2132 3213 ο,
2166 3177 2211 3237 C

560 3232 679 3288 haec
716 3234 766 3286 in
798 3235 1025 3289 ecclesia
1057 3237 1339 3291 collocavi.
1374 3237 1429 3290 lu
1458 3238 1653 3291 cellula
1703 3240 1872 3293 sancti
1923 3239 2133 3295 Martini

559 3323 808 3377 ecclesia:
835 3326 933 3395 ipsi
964 3325 1231 3395 contigua,
1260 3336 1562 3381 sanctorum
1591 3326 1800 3381 Cosmze
1817 3338 1869 3381 ct
1894 3327 2136 3383 Damiaui

561 3424 859 3485 martyrum
890 3417 1144 3485 reliquias
1175 3417 1349 3483 posui.
1386 3416 1642 3472 Basilicas
1684 3418 1855 3473 sancti
1888 3418 2137 3486 Perpetui

560 3506 780 3562 adustas
805 3508 1052 3563 incendio
1082 3509 1280 3578 reperi,
1300 3524 1433 3578 quas
1466 3512 1515 3563 in
1550 3511 1641 3564 illo
1663 3509 1839 3565 nitore
1860 3510 1944 3569 rel
1972 3509 2135 3579 pingi,

562 3599 644 3653 vel
675 3600 942 3666 exornari,
979 3610 1034 3654 ut
1058 3603 1204 3670 prius
1236 3601 1464 3670 fuerant,
1511 3602 1779 3657 artiﬁcum
1827 3613 2135 3658 nostrorum

561 3702 727 3761 Opere
772 3690 1049 3761 imperavi.
1101 3694 1475 3764 Baptisterium
1523 3696 1589 3748 ad
1636 3695 1807 3764 ipsam
1861 3696 2133 3752 basilicam

561 3780 815 3837 aediﬁcari
846 3786 1094 3854 prmcepi,
1142 3785 1194 3840 in
1226 3801 1332 3857 quo
1371 3788 1540 3843 sancti
1595 3786 1837 3853 Joannis,
1864 3803 1984 3842 cum
2014 3788 2137 3844 Ser-

562 3875 634 3945 gii
663 3878 935 3949 martyris,
967 3878 1217 3949 reliquias
1249 3879 1423 3950 posui,
1453 3889 1506 3936 et
1538 3881 1591 3934 iu
1627 3881 1719 3935 illo
1760 3882 1935 3951 priore
1967 3882 2137 3951 bapti-

561 3967 726 4023 sterio
764 3969 935 4024 sancti
969 3970 1188 4040 Bcnigni
1220 3974 1470 4043 martyris
1515 3973 1736 4042 pignora
1765 3974 2043 4029 Collocavi.
2079 3973 2133 4027 In

563 4058 747 4112 multis
772 4074 900 4114 vero
944 4062 1075 4116 locis
1112 4062 1248 4117 infra
1275 4064 1598 4119 Turonicum
1624 4065 1932 4129 terminum,
1958 4073 2013 4118 et
2045 4080 2137 4119 ec-

563 4149 775 4216 clesias,
805 4163 859 4207 et
883 4156 1118 4210 oratoria
1148 4156 1409 4220 dedicavi,
1443 4166 1860 4226 sanctorumque
1902 4156 2141 4225 reliquiis

566 4239 980 4310 illustravi,qum
1004 4259 1302 4298 memorare
1330 4261 1394 4299 ex
1421 4246 1611 4299 ordine
1641 4246 1904 4313 prolixum
1934 4246 2140 4300 censui.

636 4331 828 4389 Decem
869 4335 1032 4392 libros
1061 4336 1414 4391 Historiarum
1434 4378 1449 4400 ,
1481 4346 1685 4405 septem
1714 4336 2087 4391 Miraculorum
2114 4374 2130 4402 ,

2232 1871 2441 1917 vertere
2464 1903 2479 1929 ,
2514 1864 2563 1915 in
2594 1864 2874 1920 rhetoricis
2912 1880 3106 1934 genera
3150 1880 3438 1931 metrorum
3475 1882 3801 1937 agnoscere,

2232 1953 2283 2013 in
2316 1953 2653 2023 geometricis
2684 1964 2944 2009 terrarum
2988 1954 3353 2025 linearumque
3383 1970 3663 2011 mensuras
3688 1958 3798 2011 col-

2232 2044 2426 2112 ligere,
2460 2045 2510 2097 in
2542 2045 2879 2114 astrologicis
2906 2059 3095 2101 cursus
3122 2045 3356 2107 siderum
3401 2047 3753 2116 contemplari
3780 2088 3799 2121 ,

2230 2138 2282 2197 in
2314 2136 2668 2195 arithmeticis
2694 2151 3039 2193 numerorum
3070 2146 3248 2207 partes
3275 2138 3562 2209 col'igere,
3593 2139 3644 2194 in
3677 2140 3801 2196 bar-

2230 2226 2425 2282 moniis
2468 2241 2722 2285 sonorum
2764 2226 3152 2282 modulationes
3196 2228 3439 2282 suavium
3482 2237 3801 2288 accentuum

2234 2316 2561 2372 carminibus
2601 2331 2968 2385 concrepare:
3001 2319 3045 2371 si
3076 2318 3128 2371 in
3158 2316 3242 2381 bis
3266 2318 3513 2374 omnibus
3539 2317 3614 2373 ita
3643 2320 3805 2375 lueris

2232 2408 2556 2463 exercitatus
2573 2448 2586 2470 ,
2612 2417 2670 2461 ut
2693 2409 2784 2464 tibi
2811 2409 2980 2479 stylus
3007 2417 3186 2463 noster
3214 2410 3284 2463 sit
3311 2409 3573 2479 rusticus,
3606 2425 3705 2466 nec
3728 2411 3806 2471 sic

2235 2513 2449 2571 quoque
2478 2498 2740 2569 deprecor
2771 2508 2828 2553 ut
2857 2499 3055 2554 avellas
3092 2514 3209 2569 qure
3243 2500 3455 2572 scripsi.
3495 2500 3600 2557 Sed
3627 2501 3672 2557 si
3714 2501 3806 2558 tibi

2237 2592 2289 2645 in
2319 2590 2404 2645 bis
2431 2590 2681 2661 quiddam
2710 2592 3005 2661 placuerit,
3029 2593 3176 2647 salvo
3201 2607 3367 2663 opere
3392 2604 3573 2650 nostro
3601 2605 3653 2651 te
3678 2595 3808 2650 scri-

2237 2686 2364 2742 bere
2392 2700 2551 2741 versu
2589 2700 2693 2740 non
2716 2684 2918 2740 abnuo.
2944 2684 3051 2740 Hos
3079 2694 3255 2740 autem
3289 2687 3454 2741 libros
3485 2689 3537 2741 in
3563 2702 3707 2746 anno
3731 2688 3811 2743 vi-

2236 2780 2438 2835 cesimo
2467 2781 2638 2849 primo
2664 2779 3019 2833 ordinationis
3043 2786 3239 2832 nostrae
3264 2779 3686 2848 praeseripsimus
3712 2797 3726 2833 :
3756 2787 3813 2835 et

2238 2870 2361 2926 licet
2388 2868 2493 2941 [Αἰ.
2526 2866 2751 2938 scilicet]
2783 2868 2836 2921 in
2866 2867 3230 2937 superioribus
3257 2867 3325 2922 de
3350 2867 3611 2937 episcopis
3641 2868 3815 2923 Turo-p

2240 2962 2374 3016 nicis
2399 2960 2777 3031 scripserimus
2803 2961 2896 3033 [αι.
2921 2958 3282 3030 scripsimus],
3309 2968 3617 3013 annotantes
3637 2972 3815 3016 annos

2243 3069 2427 3109 eorum
2454 3092 2469 3115 ,
2501 3067 2605 3106 non
2650 3062 2829 3105 tamen
2858 3052 3099 3120 sequitur
3126 3064 3188 3105 ac
3216 3059 3528 3118 supputatur
3557 3064 3817 3105 numerus

2241 3147 2563 3202 clironicalis
2595 3143 2646 3211 ιι,
2688 3146 2811 3215 quia
2851 3144 3127 3199 intervalla
3170 3143 3564 3198 ordinationem
3610 3146 3818 3216 integre

2240 3254 2348 3293 non
2390 3238 2662 3307 potuimus
2702 3235 2956 3304 reperire.
2996 3235 3092 3290 Est
3131 3250 3260 3304 ergo
3289 3236 3465 3288 omnis
3491 3250 3697 3288 summa
3725 3251 3816 3289 an-

2244 3345 2434 3384 norum
2467 3326 2814 3383 mundialium
2847 3328 2965 3381 ta‘is
2991 3343 3005 3379 :
3036 3327 3076 3379 A
3110 3325 3370 3393 principio
3398 3339 3566 3393 usque
3587 3323 3652 3378 ad
3676 3324 3817 3381 dilu.

2239 3420 2385 3473 vium
2429 3418 2555 3472 anni
2603 3431 2891 3481 uuccxut;
2934 3430 2964 3468 a
3000 3415 3198 3470 diluvio
3243 3415 3503 3492 usqugad
3536 3416 3817 3471 transitum

2243 3511 2471 3564 ﬁliorum
2501 3507 2663 3563 Israel
2691 3522 2786 3577 per
2815 3521 2963 3561 mare
2994 3505 3233 3561 Rubrum
3274 3508 3398 3560 anni
3440 3520 3704 3571 ICCCCIV;
3742 3506 3812 3560 ab

2244 3604 2346 3657 hoc
2375 3602 2536 3655 maris
2562 3598 2790 3655 transitu
2821 3613 2988 3668 usque
3028 3597 3095 3651 ad
3140 3597 3590 3652 resurrectionem
3630 3596 3819 3651 Domi-

2245 3694 2419 3751 uicam
2441 3733 2458 3758 ,
2488 3691 2612 3745 anui
2644 3705 2939 3759 uoxxxvm,
2969 3704 2996 3740 a
3023 3689 3412 3744 resurrectione
3434 3687 3711 3742 Dominica
3736 3702 3820 3742 us-

2244 3802 2350 3857 que
2387 3784 2456 3839 ad
2497 3783 2778 3838 transitum
2826 3781 2996 3837 sancti
3045 3781 3294 3845 Martini,
3343 3781 3468 3834 anui
3508 3795 3716 3837 ccccxn
3744 3796 3760 3846 ;
3788 3794 3819 3841 a

2246 3879 2471 3933 transitu
2494 3877 2665 3932 sancti
2690 3875 2897 3930 Martini
2922 3887 3089 3942 usque
3110 3874 3176 3928 ad
3201 3879 3553 3928 memoratum
3575 3872 3821 3942 superius

2243 3985 2440 4024 annum
2460 4011 2475 4036 ,
2506 3968 2556 4023 id
2587 3976 2698 4032 est,
2727 3965 3078 4021 ordinationis
3109 3974 3306 4018 nostrai
3339 3964 3565 4031 primum
3593 3974 3649 4017 et
3675 3964 3821 4018 vice-

2243 4064 2476 4127 simum,
2529 4063 2619 4132 qui
2675 4060 2775 4114 fuit
2825 4058 3069 4129 Gregorii
3116 4072 3265 4127 papa:
3295 4056 3521 4112 Romani
3569 4056 3816 4127 quintus,

2245 4151 2633 4207 Guntcltramni
2676 4150 2818 4219 regis
2868 4149 3175 4217 trigesimus
3219 4148 3453 4216 primus,
3493 4145 3818 4202 Cbildeberti

2239 4244 2469 4315 junioris
2498 4242 2738 4297 decimus
2767 4255 2956 4307 nonus,
2988 4239 3110 4295 anni
3137 4238 3153 4277 ί
3187 4254 3403 4295 CLXVIII.
3432 4238 3675 4305 Quorum
3704 4250 3815 4297 onl-

2244 4340 2327 4391 nis
2356 4351 2561 4392 summa
2592 4342 2677 4389 est
2704 4347 2965 4387 annorum
2996 4345 3411 4388 uuuuuocccnv
3438 4331 3489 4385 i.

920 4470 1219 4549 Eaplicit
1254 4473 1542 4532 Historia
1574 4472 2028 4533 Ecclesiastica
2064 4471 2453 4531 Francorum
2500 4468 2796 4548 Gregorii
2828 4466 3101 4545 episcopi
3128 4468 3457 4529 Turonici.

578 4598 664 4664 .m'
693 4590 821 4664 Ejus
850 4591 1036 4647 festum
1065 4594 1257 4664 colitur
1281 4594 1366 4647 die
1396 4592 1429 4645 4
1459 4594 1702 4664 Augusti;
1737 4592 1973 4646 interfuit
2010 4608 2135 4646 con-
2170 4598 2216 4657 ι)
2245 4593 2312 4645 tis
2342 4593 2560 4647 inccrtaa
2580 4633 2595 4656 ,
2625 4592 2692 4646 de
2720 4608 2827 4662 quo
2857 4590 3077 4647 Vossius
3106 4590 3199 4645 lib.
3230 4606 3290 4646 ιιι
3321 4590 3389 4646 de
3419 4591 3696 4649 Historicis
3718 4592 3822 4650 La-

566 4659 689 4732 cilio
712 4660 881 4715 Paris.
915 4678 969 4717 ιιι
995 4679 1082 4717 an.
1112 4663 1235 4730 5‘57,
1268 4674 1320 4717 ct
1352 4659 1566 4732 pra-fuit'
1593 4663 1791 4717 Turon.
1825 4680 1859 4717 ιι
1888 4680 1977 4717 au.
2008 4665 2132 4721 567.

566 4730 832 4785 Laudatur
863 4749 891 4786 a
927 4735 1217 4788 Fortunato
1247 4730 1452 4795 Iibfm,
1482 4750 1651 4787 carm.
1681 4735 1732 4788 4.

638 4801 663 4840 ³³
684 4803 825 4857 Idem
853 4813 1071 4859 testatur
1097 4805 1411 4858 Fortunatus
1445 4805 1596 4864 lih.x,
1625 4819 1788 4858 carm.
1813 4802 1867 4868 2,
1897 4802 2034 4870 quod
2058 4812 2138 4857 est

567 4882 735 4927 totum
764 4877 829 4927 de
860 4875 960 4930 bac
986 4875 1207 4929 ecclesia
1258 4890 1285 4927 a
1317 4886 1496 4926 nostro
1528 4875 1786 4940 Gregorio
1818 4886 2131 4931 restaurata.

640 4955 661 4982 ο
697 4944 1012 4999 Sanctorum
1046 4946 1251 4999 scilicet
1297 4945 1534 4998 Mauricii
1583 4956 1636 4997 et
1672 4945 1963 5003 sociorum,
2004 4960 2137 5009 quos

568 5014 701 5068 infra
734 5015 899 5069 beatae
929 5015 1149 5086 legionis
1195 5024 1357 5069 testes
1392 5014 1643 5086 appellat.
1690 5014 1763 5086 De
1796 5018 1876 5065 his
1908 5016 2020 5068 fuse
2048 5030 2136 5086 ac-

570 5094 677 5137 tum
710 5095 792 5137 est
834 5086 887 5138 in
935 5084 1079 5139 Actis
1110 5085 1396 5155 Martyrum
1428 5084 1654 5138 sinceris
1682 5085 1746 5137 ad
1776 5101 1972 5138 annum
2003 5084 2126 5139 286.

568 5155 862 5225 Ecelesiam
891 5156 1026 5211 banc
1054 5174 1080 5206 ιι
1114 5156 1376 5224 Gregorio
1412 5164 1718 5208 reuovatam
1750 5156 1989 5225 pluribus
2017 5156 2132 5208 lau-

568 5224 658 5280 dat
693 5225 1013 5280 Fortunatus
1048 5225 1141 5281 lib.
1173 5242 1226 5292 x,
1257 5241 1421 5280 carm.
1446 5224 1503 5278 Ξ.

637 5296 661 5331 ά
692 5295 824 5349 God.
853 5296 1006 5349 Golb.
1039 5312 1111 5350 m.
1146 5307 1199 5351 et
1238 5297 1400 5349 editio
1448 5293 1603 5356 Bad.,
1637 5295 1688 5347 in
1719 5311 1820 5365 qua
1868 5296 2013 5350 valde
2042 5311 2136 5359 pit-

571 5366 782 5419 tredinis
806 5374 913 5418 erat
960 5367 1142 5436 pietate
1178 5367 1423 5421 virtutum
1455 5379 1545 5431 pro
1575 5380 1748 5419 eorum
1777 5367 1960 5421 virtute
1988 5365 2135 5421 dela-

570 5448 676 5487 tum
740 5480 743 5481 ,

643 5517 665 5578 ξ
703 5505 861 5578 ςοιιι.»
886 5522 955 5578 ιιι..
989 5518 1042 5578 et
1075 5507 1224 5572 Bad.,
1256 5516 1303 5562 et
1327 5506 1529 5578 hymnis
1557 5507 1708 5560 etiam
1735 5505 1921 5578 missis.

643 5573 663 5613 ι
701 5576 795 5628 llic
834 5576 1027 5645 desinit
1067 5578 1187 5631 cod.
1238 5573 1392 5632 ιιοιιῑ.
1442 5593 1514 5630 ιιι.
1538 5619 1552 5645 ,
1587 5591 1686 5633 nec
1730 5574 2016 5644 quidquam
2055 5585 2138 5631 est

576 5645 832 5716 avulsum.
868 5644 1299 5708 Unde,Coinlius
1338 5664 1399 5702 ea
1441 5663 1560 5716 qua:
1598 5653 1895 5703 sequuntur
1931 5660 1961 5699 a
2001 5662 2134 5714 quo-

573 5721 711 5784 piam
741 5713 1020 5770 NeoteriCo
1048 5717 1225 5771 addita
1252 5717 1411 5771 fuisse
1439 5713 1640 5771 censet.

646 5795 668 5831 8
708 5786 838 5840 Cod.
867 5785 1021 5851 Reg.,
1050 5786 1415 5840 Martiniauus.
1443 5786 1547 5840 Sed
1578 5788 1661 5840 hic
1691 5783 1875 5839 alludit
1902 5784 1967 5839 ad
1999 5785 2132 5839 Mar-

576 5860 773 5911 tialium
804 5856 1071 5915 Capenam
1105 5867 1370 5911 auctorem
1402 5856 1704 5923 celebrem,
1737 5856 1976 5920 quamvis
2004 5863 2132 5911 asta-

2244 4665 2397 4719 tinis.
2430 4671 2575 4731 parte
2608 4678 2665 4717 ιι.

2310 4732 2339 4773 ιι
2372 4734 2516 4796 Bec.,
2544 4734 2919 4787 chronicorum.
2942 4731 3143 4796 Casin.,
3168 4740 3467 4787 annotanm
3487 4750 3670 4798 annos,
3694 4752 3819 4798 quo-

2240 4819 2356 4857 rum
2398 4821 2499 4857 non
2538 4815 2705 4857 tamen
2751 4805 2979 4873 sequitur
3033 4802 3139 4856 Itatc
3195 4804 3496 4873 supputatio
3546 4819 3815 4859 numerum

2243 4876 2605 4928 chronicalem.

2317 4944 2333 4983 ί
2377 4945 2467 5000 Sic
2519 4944 2645 5011 Reg.
2693 4954 2745 4998 et
2790 4945 3024 5007 Chesn.,
3067 4943 3155 5012 qui
3197 4944 3268 4997 al.
3321 4943 3508 5009 habet,
3552 4959 3816 5001 cum".

2244 5015 2383 5070 Editi
2412 5015 2531 5079 alii,
2560 5029 2774 5086 ccxvtu.
2804 5017 2949 5086 Dee,
2974 5029 3140 5067 cxvnt
3159 5055 3174 5077 ,
3200 5015 3334 5067 forte
3357 5029 3451 5083 pro
3468 5030 3662 5070 cscvttt
3684 5057 3699 5082 ,
3723 5016 3815 5086 qui

2242 5100 2498 5140 numerus
2525 5101 2643 5137 cum
2676 5084 2779 5139 line
2808 5084 2930 5138 libri
2962 5098 3013 5136 tv
3043 5087 3415 5140 cuneordaret.

2317 5157 2331 5205 i
2380 5156 2466 5209 Sic
2505 5156 2664 5210 iidem
2706 5156 2837 5222 Reg.
2865 5164 2917 5208 et
2945 5154 3048 5207 Cb.
3091 5156 3158 5209 At
3207 5155 3298 5209 alii
3329 5154 3493 5216 editi,
3536 5170 3811 5212 ncccutv.

2242 5224 2439 5280 Neuter
2464 5242 2714 5279 numerus
2742 5240 2861 5279 cum
2892 5224 3120 5292 singulis
3150 5226 3388 5291 partibus
3412 5226 3657 5280 collectis
3680 5241 3812 5281 con-

2243 5298 2447 5351 cordat.
2479 5296 2582 5349 Sed
2607 5305 2848 5350 nostrum
2872 5304 2953 5348 est
2978 5294 3216 5349 sinceras
3242 5310 3373 5350 mss.
3401 5296 3523 5351 cod.
3555 5295 3814 5350 lectiones

2246 5375 2667 5434 repraesentare:
2713 5381 2944 5435 quonam
2981 5375 3157 5417 autem
3197 5366 3356 5419 modo
3400 5366 3515 5420 haec
3553 5380 3811 5419 annorum

2246 5437 2412 5491 series
2437 5451 2554 5489 cum
2587 5434 2818 5503 antiquis
2847 5434 3150 5489 auctoribus
3176 5446 3266 5488 aut
3304 5437 3464 5489 etiam
3508 5451 3630 5490 cum
3672 5437 3815 5503 ipso—

2246 5517 2355 5560 met
2382 5506 2643 5575 Gregorio
2666 5504 3033 5576 componenda
3053 5505 3131 5576 _s_it
3149 5546 3163 5567 ,
3191 5505 3359 5559 fusius
3400 5507 3689 5576 inquisiere
3705 5507 3811 5576 giri

2240 5576 2419 5645 docti,
2452 5574 2710 5645 scaliger,
2740 5575 3018 5637 Petavius,
3051 5574 3361 5641 Menander,
3398 5574 3616 5632 Maanus
3641 5617 3657 5641 ,
3702 5574 3807 5629 Va-

2238 5644 2427 5706 lesius.
2460 5654 2566 5701 etc.
2591 5644 2617 5709 ξ
2637 5645 2730 5700 sed
2773 5659 2897 5698 cum
2940 5658 3044 5696 non
3086 5646 3329 5699 eamdem
3369 5648 3511 5700 viam
3552 5645 3807 5710 inierint,

2238 5714 2291 5769 in
2323 5716 2493 5770 varias
2524 5716 2707 5769 abiere
2733 5713 3047 5770 sententias.
3088 5712 3330 5769 Coiutius
3371 5732 3495 5771 vero
3539 5718 3636 5770 has
3677 5730 3807 5783 sup-

2236 5786 2565 5856 putatiouer,
2600 5786 2736 5838 sicut
2760 5795 2937 5856 eteas
2965 5797 3085 5853 qua:
3111 5799 3267 5855 supra
3297 5786 3578 5855 habentur,
3611 5800 3807 5856 supoo-

2236 5854 2426 5910 sititias
2453 5869 2571 5910 esse
2600 5854 2895 5919 contendit.
3180 5854 3183 5855 ⁷
3558 5854 3565 5855 “
