  <div class='ocr_page' id='page_1' title='image "/cluster/home/n/w/nwhite01/storage/ocr_20150623/71/hvd.32044020096954/294.png"; bbox 0 0 4132 6348; ppageno 0'>
   <div class='ocr_carea' id='block_1_1' title="bbox 382 362 2588 425">
    <p class='ocr_par' dir='ltr' id='par_1_1' title="bbox 382 362 2588 425">
     <span class='ocr_line' id='line_1_1' title="bbox 382 362 2588 425; baseline -0 -5"><span class='ocrx_word' id='word_1_1' title='bbox 382 367 447 420; x_wconf 81' lang='grc' dir='ltr'>Π</span> <span class='ocrx_word' id='word_1_2' title='bbox 1258 376 1267 385; x_wconf 76' lang='lat'>‘</span> <span class='ocrx_word' id='word_1_3' title='bbox 1352 366 1671 423; x_wconf 77' lang='lat' dir='ltr'><strong>HISTORIA</strong></span> <span class='ocrx_word' id='word_1_4' title='bbox 1714 362 2588 425; x_wconf 71' lang='lat' dir='ltr'><strong>FRANCORUMEPITOIIATA.</strong></span> 
     </span>
    </p>
   </div>
   <div class='ocr_carea' id='block_1_2' title="bbox 3500 375 3601 424">
    <p class='ocr_par' dir='ltr' id='par_1_2' title="bbox 3500 375 3601 424">
     <span class='ocr_line' id='line_1_2' title="bbox 3500 375 3601 424; baseline 0.03 -3"><span class='ocrx_word' id='word_1_5' title='bbox 3500 375 3601 424; x_wconf 64' lang='grc' dir='ltr'><strong>ππ</strong></span> 
     </span>
    </p>
   </div>
   <div class='ocr_carea' id='block_1_3' title="bbox 349 476 3601 553">
    <p class='ocr_par' dir='ltr' id='par_1_3' title="bbox 349 476 3601 553">
     <span class='ocr_line' id='line_1_3' title="bbox 349 476 3601 553; baseline 0 -19"><span class='ocrx_word' id='word_1_6' title='bbox 349 483 595 549; x_wconf 86' lang='lat' dir='ltr'><strong>protinus</strong></span> <span class='ocrx_word' id='word_1_7' title='bbox 641 479 706 534; x_wconf 88' lang='lat' dir='ltr'><strong>ad</strong></span> <span class='ocrx_word' id='word_1_8' title='bbox 753 480 1021 535; x_wconf 87' lang='lat' dir='ltr'><strong>civitatem</strong></span> <span class='ocrx_word' id='word_1_9' title='bbox 1064 494 1216 535; x_wconf 85' lang='lat' dir='ltr'><strong>suam</strong></span> <span class='ocrx_word' id='word_1_10' title='bbox 1250 480 1444 550; x_wconf 92' lang='lat' dir='ltr'><strong>rediit,</strong></span> <span class='ocrx_word' id='word_1_11' title='bbox 1479 480 1773 551; x_wconf 71' lang='lat' dir='ltr'><strong>prmdicens</strong></span> <span class='ocrx_word' id='word_1_12' title='bbox 1802 478 1917 547; x_wconf 88' lang='lat' dir='ltr'><strong>ejus</strong></span> <span class='ocrx_word' id='word_1_13' title='bbox 1948 482 1997 539; x_wconf 74' lang='grc' dir='ltr'>Α</span> <span class='ocrx_word' id='word_1_14' title='bbox 2030 478 2170 531; x_wconf 79' lang='lat' dir='ltr'><strong>veris</strong></span> <span class='ocrx_word' id='word_1_15' title='bbox 2212 478 2471 546; x_wconf 79' lang='lat' dir='ltr'><strong>perlatum</strong></span> <span class='ocrx_word' id='word_1_16' title='bbox 2519 478 2702 532; x_wconf 83' lang='lat' dir='ltr'><strong>fuisset</strong></span> <span class='ocrx_word' id='word_1_17' title='bbox 2730 522 2744 544; x_wconf 88' lang='lat'><strong>,</strong></span> <span class='ocrx_word' id='word_1_18' title='bbox 2794 476 3068 533; x_wconf 86' lang='lat' dir='ltr'><strong>Nanninus</strong></span> <span class='ocrx_word' id='word_1_19' title='bbox 3110 480 3217 553; x_wconf 75' lang='grc' dir='ltr'><strong>[ΑΙ.</strong></span> <span class='ocrx_word' id='word_1_20' title='bbox 3258 479 3515 553; x_wconf 75' lang='lat' dir='ltr'><strong>Nannius]</strong></span> <span class='ocrx_word' id='word_1_21' title='bbox 3547 494 3601 539; x_wconf 70' lang='lat' dir='ltr'><strong>et</strong></span> 
     </span>
    </p>
   </div>
   <div class='ocr_carea' id='block_1_4' title="bbox 348 562 1920 640">
    <p class='ocr_par' dir='ltr' id='par_1_4' title="bbox 348 562 1920 640">
     <span class='ocr_line' id='line_1_4' title="bbox 348 562 1920 640; baseline -0.003 -15"><span class='ocrx_word' id='word_1_22' title='bbox 348 562 578 640; x_wconf 82' lang='lat' dir='ltr'><strong>obitum,</strong></span> <span class='ocrx_word' id='word_1_23' title='bbox 611 581 667 626; x_wconf 90' lang='lat' dir='ltr'><strong>ut</strong></span> <span class='ocrx_word' id='word_1_24' title='bbox 694 571 794 626; x_wconf 91' lang='lat' dir='ltr'><strong>hoc</strong></span> <span class='ocrx_word' id='word_1_25' title='bbox 823 572 1018 625; x_wconf 88' lang='lat' dir='ltr'><strong>malum</strong></span> <span class='ocrx_word' id='word_1_26' title='bbox 1054 586 1160 626; x_wconf 91' lang='lat' dir='ltr'><strong>non</strong></span> <span class='ocrx_word' id='word_1_27' title='bbox 1188 572 1415 627; x_wconf 91' lang='lat' dir='ltr'><strong>videret.</strong></span> <span class='ocrx_word' id='word_1_28' title='bbox 1440 573 1679 626; x_wconf 78' lang='lat' dir='ltr'><strong>Aieeium</strong></span> <span class='ocrx_word' id='word_1_29' title='bbox 1702 578 1728 607; x_wconf 67' lang='grc' dir='ltr'>ει</span> <span class='ocrx_word' id='word_1_30' title='bbox 1752 571 1920 639; x_wconf 87' lang='lat' dir='ltr'><strong>patri-</strong></span> 
     </span>
    </p>
   </div>
   <div class='ocr_carea' id='block_1_5' title="bbox 347 656 1923 733">
    <p class='ocr_par' dir='ltr' id='par_1_5' title="bbox 347 656 1923 733">
     <span class='ocr_line' id='line_1_5' title="bbox 347 656 1923 733; baseline -0.003 -14"><span class='ocrx_word' id='word_1_31' title='bbox 347 665 490 720; x_wconf 84' lang='lat' dir='ltr'><strong>cium</strong></span> <span class='ocrx_word' id='word_1_32' title='bbox 528 663 687 733; x_wconf 83' lang='lat' dir='ltr'><strong>hujus</strong></span> <span class='ocrx_word' id='word_1_33' title='bbox 729 661 985 718; x_wconf 88' lang='lat' dir='ltr'><strong>Chronici</strong></span> <span class='ocrx_word' id='word_1_34' title='bbox 1027 674 1175 732; x_wconf 84' lang='lat' dir='ltr'><strong>gesta</strong></span> <span class='ocrx_word' id='word_1_35' title='bbox 1218 663 1456 718; x_wconf 88' lang='lat' dir='ltr'><strong>laudant.</strong></span> <span class='ocrx_word' id='word_1_36' title='bbox 1512 661 1690 717; x_wconf 92' lang='lat' dir='ltr'><strong>Virilis</strong></span> <span class='ocrx_word' id='word_1_37' title='bbox 1738 656 1923 717; x_wconf 83' lang='lat' dir='ltr'><strong>habitu</strong></span> 
     </span>
    </p>
   </div>
   <div class='ocr_carea' id='block_1_6' title="bbox 350 751 1926 823">
    <p class='ocr_par' dir='ltr' id='par_1_6' title="bbox 350 751 1926 823">
     <span class='ocr_line' id='line_1_6' title="bbox 350 751 1926 823; baseline -0.003 -14"><span class='ocrx_word' id='word_1_38' title='bbox 350 760 649 823; x_wconf 78' lang='lat' dir='ltr'><strong>formatus,</strong></span> <span class='ocrx_word' id='word_1_39' title='bbox 696 754 877 809; x_wconf 88' lang='lat' dir='ltr'><strong>animo</strong></span> <span class='ocrx_word' id='word_1_40' title='bbox 913 754 1126 817; x_wconf 79' lang='lat' dir='ltr'><strong>alacer,</strong></span> <span class='ocrx_word' id='word_1_41' title='bbox 1177 753 1433 808; x_wconf 82' lang='lat' dir='ltr'><strong>membris</strong></span> <span class='ocrx_word' id='word_1_42' title='bbox 1476 760 1728 823; x_wconf 83' lang='lat' dir='ltr'><strong>vegetus,</strong></span> <span class='ocrx_word' id='word_1_43' title='bbox 1772 751 1926 819; x_wconf 84' lang='lat' dir='ltr'><strong>equis</strong></span> 
     </span>
    </p>
   </div>
   <div class='ocr_carea' id='block_1_7' title="bbox 350 843 1923 914">
    <p class='ocr_par' dir='ltr' id='par_1_7' title="bbox 350 843 1923 914">
     <span class='ocr_line' id='line_1_7' title="bbox 350 843 1923 914; baseline -0.002 -16"><span class='ocrx_word' id='word_1_44' title='bbox 350 844 810 913; x_wconf 81' lang='lat' dir='ltr'><strong>promptissimus,</strong></span> <span class='ocrx_word' id='word_1_45' title='bbox 866 852 1176 914; x_wconf 72' lang='lat' dir='ltr'><strong>sagittarum</strong></span> <span class='ocrx_word' id='word_1_46' title='bbox 1223 845 1456 913; x_wconf 86' lang='lat' dir='ltr'><strong>peritus,</strong></span> <span class='ocrx_word' id='word_1_47' title='bbox 1503 845 1645 897; x_wconf 84' lang='lat' dir='ltr'><strong>conti</strong></span> <span class='ocrx_word' id='word_1_48' title='bbox 1678 843 1923 911; x_wconf 82' lang='lat' dir='ltr'><strong>impiger,</strong></span> 
     </span>
    </p>
   </div>
   <div class='ocr_carea' id='block_1_8' title="bbox 352 932 1928 1004">
    <p class='ocr_par' dir='ltr' id='par_1_8' title="bbox 352 932 1928 1004">
     <span class='ocr_line' id='line_1_8' title="bbox 352 932 1928 1004; baseline -0.004 -13"><span class='ocrx_word' id='word_1_49' title='bbox 352 933 507 991; x_wconf 89' lang='lat' dir='ltr'><strong>bellis</strong></span> <span class='ocrx_word' id='word_1_50' title='bbox 545 937 892 1004; x_wconf 79' lang='lat' dir='ltr'><strong>aptissimus,</strong></span> <span class='ocrx_word' id='word_1_51' title='bbox 948 937 1094 1003; x_wconf 72' lang='lat' dir='ltr'><strong>paris</strong></span> <span class='ocrx_word' id='word_1_52' title='bbox 1142 943 1384 1003; x_wconf 82' lang='lat' dir='ltr'><strong>captator</strong></span> <span class='ocrx_word' id='word_1_53' title='bbox 1424 932 1683 999; x_wconf 83' lang='lat' dir='ltr'><strong>celebris,</strong></span> <span class='ocrx_word' id='word_1_54' title='bbox 1730 932 1928 985; x_wconf 85' lang='lat' dir='ltr'><strong>nullius</strong></span> 
     </span>
    </p>
   </div>
   <div class='ocr_carea' id='block_1_9' title="bbox 352 1020 1925 1096">
    <p class='ocr_par' dir='ltr' id='par_1_9' title="bbox 352 1020 1925 1096">
     <span class='ocr_line' id='line_1_9' title="bbox 352 1020 1925 1096; baseline -0.004 -14"><span class='ocrx_word' id='word_1_55' title='bbox 352 1028 591 1082; x_wconf 74' lang='lat' dir='ltr'><strong>avaritia:</strong></span> <span class='ocrx_word' id='word_1_56' title='bbox 622 1035 874 1093; x_wconf 77' lang='lat' dir='ltr'><strong>sectator,</strong></span> <span class='ocrx_word' id='word_1_57' title='bbox 899 1028 1053 1081; x_wconf 85' lang='lat' dir='ltr'><strong>bonis</strong></span> <span class='ocrx_word' id='word_1_58' title='bbox 1076 1020 1269 1081; x_wconf 79' lang='lat' dir='ltr'><strong>animze</strong></span> <span class='ocrx_word' id='word_1_59' title='bbox 1298 1025 1580 1096; x_wconf 67' lang='lat' dir='ltr'><strong>praeditus,</strong></span> <span class='ocrx_word' id='word_1_60' title='bbox 1612 1024 1925 1095; x_wconf 77' lang='lat' dir='ltr'><strong>injuriarum</strong></span> 
     </span>
    </p>
   </div>
   <div class='ocr_carea' id='block_1_10' title="bbox 354 1112 1927 1189">
    <p class='ocr_par' dir='ltr' id='par_1_10' title="bbox 354 1112 1927 1189">
     <span class='ocr_line' id='line_1_10' title="bbox 354 1112 1927 1189; baseline -0.001 -17"><span class='ocrx_word' id='word_1_61' title='bbox 354 1112 797 1188; x_wconf 80' lang='lat' dir='ltr'><strong>patientissimus,</strong></span> <span class='ocrx_word' id='word_1_62' title='bbox 819 1117 1019 1173; x_wconf 86' lang='lat' dir='ltr'><strong>laboris</strong></span> <span class='ocrx_word' id='word_1_63' title='bbox 1047 1130 1324 1189; x_wconf 76' lang='lat' dir='ltr'><strong>appetens,</strong></span> <span class='ocrx_word' id='word_1_64' title='bbox 1347 1118 1645 1187; x_wconf 82' lang='lat' dir='ltr'><strong>impavidus</strong></span> <span class='ocrx_word' id='word_1_65' title='bbox 1669 1118 1927 1186; x_wconf 89' lang='lat' dir='ltr'><strong>periculo-</strong></span> 
     </span>
    </p>
   </div>
   <div class='ocr_carea' id='block_1_11' title="bbox 356 1207 1927 1279">
    <p class='ocr_par' dir='ltr' id='par_1_11' title="bbox 356 1207 1927 1279">
     <span class='ocr_line' id='line_1_11' title="bbox 356 1207 1927 1279; baseline -0.001 -15"><span class='ocrx_word' id='word_1_66' title='bbox 356 1227 472 1264; x_wconf 86' lang='lat' dir='ltr'><strong>rum</strong></span> <span class='ocrx_word' id='word_1_67' title='bbox 489 1227 503 1275; x_wconf 89' lang='lat'>;</span> <span class='ocrx_word' id='word_1_68' title='bbox 520 1210 692 1274; x_wconf 85' lang='lat' dir='ltr'><strong>famis,</strong></span> <span class='ocrx_word' id='word_1_69' title='bbox 713 1209 847 1276; x_wconf 83' lang='lat' dir='ltr'><strong>sitis,</strong></span> <span class='ocrx_word' id='word_1_70' title='bbox 869 1209 1159 1278; x_wconf 77' lang='lat' dir='ltr'><strong>vigiliarum</strong></span> <span class='ocrx_word' id='word_1_71' title='bbox 1182 1210 1647 1273; x_wconf 82' lang='lat' dir='ltr'><strong>tolerantissimus;</strong></span> <span class='ocrx_word' id='word_1_72' title='bbox 1664 1207 1826 1279; x_wconf 64' lang='grc'><strong>548</strong></span> <span class='ocrx_word' id='word_1_73' title='bbox 1843 1208 1927 1262; x_wconf 92' lang='lat' dir='ltr'><strong>cui</strong></span> 
     </span>
    </p>
   </div>
   <div class='ocr_carea' id='block_1_12' title="bbox 355 1300 1929 1369">
    <p class='ocr_par' dir='ltr' id='par_1_12' title="bbox 355 1300 1929 1369">
     <span class='ocr_line' id='line_1_12' title="bbox 355 1300 1929 1369; baseline -0.001 -14"><span class='ocrx_word' id='word_1_74' title='bbox 355 1302 572 1355; x_wconf 85' lang='lat' dir='ltr'><strong>ineunte</strong></span> <span class='ocrx_word' id='word_1_75' title='bbox 632 1309 791 1354; x_wconf 71' lang='lat' dir='ltr'><strong>aetate</strong></span> <span class='ocrx_word' id='word_1_76' title='bbox 848 1300 1161 1368; x_wconf 70' lang='lat' dir='ltr'><strong>prmdictum</strong></span> <span class='ocrx_word' id='word_1_77' title='bbox 1207 1300 1369 1368; x_wconf 86' lang='lat' dir='ltr'><strong>liquet</strong></span> <span class='ocrx_word' id='word_1_78' title='bbox 1413 1310 1630 1369; x_wconf 75' lang='lat' dir='ltr'><strong>quantze</strong></span> <span class='ocrx_word' id='word_1_79' title='bbox 1680 1300 1929 1367; x_wconf 65' lang='lat' dir='ltr'><strong>potentiae</strong></span> 
     </span>
    </p>
   </div>
   <div class='ocr_carea' id='block_1_13' title="bbox 355 1388 1927 1461">
    <p class='ocr_par' dir='ltr' id='par_1_13' title="bbox 355 1388 1927 1461">
     <span class='ocr_line' id='line_1_13' title="bbox 355 1388 1927 1461; baseline -0.001 -17"><span class='ocrx_word' id='word_1_80' title='bbox 355 1390 475 1446; x_wconf 88' lang='lat' dir='ltr'><strong>fatis</strong></span> <span class='ocrx_word' id='word_1_81' title='bbox 507 1392 610 1461; x_wconf 82' lang='lat' dir='ltr'><strong>|Al.</strong></span> <span class='ocrx_word' id='word_1_82' title='bbox 646 1389 820 1461; x_wconf 83' lang='lat' dir='ltr'><strong>factis]</strong></span> <span class='ocrx_word' id='word_1_83' title='bbox 848 1389 1235 1458; x_wconf 84' lang='lat' dir='ltr'><strong>destinaretur,</strong></span> <span class='ocrx_word' id='word_1_84' title='bbox 1276 1390 1606 1459; x_wconf 81' lang='lat' dir='ltr'><strong>temporibus</strong></span> <span class='ocrx_word' id='word_1_85' title='bbox 1642 1391 1751 1444; x_wconf 88' lang='lat' dir='ltr'><strong>suis</strong></span> <span class='ocrx_word' id='word_1_86' title='bbox 1784 1388 1927 1443; x_wconf 87' lang='lat' dir='ltr'><strong>futu-</strong></span> 
     </span>
    </p>
   </div>
   <div class='ocr_carea' id='block_1_14' title="bbox 352 1479 1930 1552">
    <p class='ocr_par' dir='ltr' id='par_1_14' title="bbox 352 1479 1930 1552">
     <span class='ocr_line' id='line_1_14' title="bbox 352 1479 1930 1552; baseline -0.002 -15"><span class='ocrx_word' id='word_1_87' title='bbox 352 1483 532 1552; x_wconf 86' lang='lat' dir='ltr'><strong>risque</strong></span> <span class='ocrx_word' id='word_1_88' title='bbox 558 1482 909 1537; x_wconf 90' lang='lat' dir='ltr'><strong>celebrandus</strong></span> <span class='ocrx_word' id='word_1_89' title='bbox 938 1479 1090 1552; x_wconf 83' lang='lat' dir='ltr'><strong>(Cap.</strong></span> <span class='ocrx_word' id='word_1_90' title='bbox 1123 1481 1201 1549; x_wconf 82' lang='lat'><strong>6).</strong></span> <span class='ocrx_word' id='word_1_91' title='bbox 1248 1481 1371 1534; x_wconf 74' lang='lat' dir='ltr'><strong>Haec</strong></span> <span class='ocrx_word' id='word_1_92' title='bbox 1400 1481 1737 1548; x_wconf 77' lang='lat' dir='ltr'><strong>supradictus</strong></span> <span class='ocrx_word' id='word_1_93' title='bbox 1766 1480 1930 1534; x_wconf 83' lang='lat' dir='ltr'><strong>histo-</strong></span> 
     </span>
    </p>
   </div>
   <div class='ocr_carea' id='block_1_15' title="bbox 352 1572 1929 1644">
    <p class='ocr_par' dir='ltr' id='par_1_15' title="bbox 352 1572 1929 1644">
     <span class='ocr_line' id='line_1_15' title="bbox 352 1572 1929 1644; baseline -0.003 -16"><span class='ocrx_word' id='word_1_94' title='bbox 352 1572 668 1644; x_wconf 88' lang='lat' dir='ltr'><strong>riograpbus</strong></span> <span class='ocrx_word' id='word_1_95' title='bbox 680 1573 747 1627; x_wconf 89' lang='lat' dir='ltr'><strong>de</strong></span> <span class='ocrx_word' id='word_1_96' title='bbox 758 1574 938 1627; x_wconf 88' lang='lat' dir='ltr'><strong>Aiecio</strong></span> <span class='ocrx_word' id='word_1_97' title='bbox 956 1582 1153 1625; x_wconf 89' lang='lat' dir='ltr'><strong>narrat.</strong></span> <span class='ocrx_word' id='word_1_98' title='bbox 1168 1573 1299 1625; x_wconf 89' lang='lat' dir='ltr'><strong>Cum</strong></span> <span class='ocrx_word' id='word_1_99' title='bbox 1315 1573 1498 1626; x_wconf 75' lang='lat' dir='ltr'><strong>inisset</strong></span> <span class='ocrx_word' id='word_1_100' title='bbox 1522 1580 1790 1626; x_wconf 83' lang='lat' dir='ltr'><strong>certamen</strong></span> <span class='ocrx_word' id='word_1_101' title='bbox 1809 1586 1929 1625; x_wconf 90' lang='lat' dir='ltr'><strong>cum</strong></span> 
     </span>
    </p>
   </div>
   <div class='ocr_carea' id='block_1_16' title="bbox 351 1662 1926 1735">
    <p class='ocr_par' dir='ltr' id='par_1_16' title="bbox 351 1662 1926 1735">
     <span class='ocr_line' id='line_1_16' title="bbox 351 1662 1926 1735; baseline -0.003 -15"><span class='ocrx_word' id='word_1_102' title='bbox 351 1666 579 1731; x_wconf 84' lang='lat' dir='ltr'><strong>Cbunis,</strong></span> <span class='ocrx_word' id='word_1_103' title='bbox 596 1682 717 1735; x_wconf 63' lang='lat' dir='ltr'><strong>quae</strong></span> <span class='ocrx_word' id='word_1_104' title='bbox 731 1666 958 1734; x_wconf 76' lang='lat' dir='ltr'><strong>gesserit</strong></span> <span class='ocrx_word' id='word_1_105' title='bbox 981 1665 1184 1718; x_wconf 88' lang='lat' dir='ltr'><strong>ldacius</strong></span> <span class='ocrx_word' id='word_1_106' title='bbox 1211 1680 1323 1718; x_wconf 70' lang='lat' dir='ltr'><strong>suae</strong></span> <span class='ocrx_word' id='word_1_107' title='bbox 1347 1662 1582 1718; x_wconf 70' lang='lat' dir='ltr'><strong>historiae</strong></span> <span class='ocrx_word' id='word_1_108' title='bbox 1602 1662 1760 1733; x_wconf 86' lang='lat' dir='ltr'><strong>hujus</strong></span> <span class='ocrx_word' id='word_1_109' title='bbox 1780 1664 1926 1716; x_wconf 86' lang='lat' dir='ltr'><strong>volu-</strong></span> 
     </span>
    </p>
   </div>
   <div class='ocr_carea' id='block_1_17' title="bbox 352 1752 1930 1826">
    <p class='ocr_par' dir='ltr' id='par_1_17' title="bbox 352 1752 1930 1826">
     <span class='ocr_line' id='line_1_17' title="bbox 352 1752 1930 1826; baseline -0.003 -16"><span class='ocrx_word' id='word_1_110' title='bbox 352 1752 501 1810; x_wconf 89' lang='lat' dir='ltr'><strong>mine</strong></span> <span class='ocrx_word' id='word_1_111' title='bbox 530 1766 707 1810; x_wconf 89' lang='lat' dir='ltr'><strong>narrat</strong></span> <span class='ocrx_word' id='word_1_112' title='bbox 732 1754 758 1792; x_wconf 70' lang='grc' dir='ltr'>ι’</span> <span class='ocrx_word' id='word_1_113' title='bbox 789 1754 940 1826; x_wconf 85' lang='lat' dir='ltr'><strong>(Cap.</strong></span> <span class='ocrx_word' id='word_1_114' title='bbox 970 1756 1047 1824; x_wconf 82' lang='lat'><strong>7).</strong></span> <span class='ocrx_word' id='word_1_115' title='bbox 1077 1754 1207 1809; x_wconf 78' lang='lat' dir='ltr'><strong>Nam</strong></span> <span class='ocrx_word' id='word_1_116' title='bbox 1232 1755 1315 1808; x_wconf 88' lang='lat' dir='ltr'><strong>bis</strong></span> <span class='ocrx_word' id='word_1_117' title='bbox 1336 1756 1521 1809; x_wconf 91' lang='lat' dir='ltr'><strong>diebus</strong></span> <span class='ocrx_word' id='word_1_118' title='bbox 1543 1756 1781 1808; x_wconf 83' lang='lat' dir='ltr'><strong>oratione</strong></span> <span class='ocrx_word' id='word_1_119' title='bbox 1800 1767 1930 1807; x_wconf 91' lang='lat' dir='ltr'><strong>uxo-</strong></span> 
     </span>
    </p>
   </div>
   <div class='ocr_carea' id='block_1_18' title="bbox 352 1840 2007 1911">
    <p class='ocr_par' dir='ltr' id='par_1_18' title="bbox 352 1840 2007 1911">
     <span class='ocr_line' id='line_1_18' title="bbox 352 1840 2007 1911; baseline -0.001 -11"><span class='ocrx_word' id='word_1_120' title='bbox 352 1847 431 1900; x_wconf 89' lang='lat' dir='ltr'><strong>ris</strong></span> <span class='ocrx_word' id='word_1_121' title='bbox 462 1860 573 1903; x_wconf 74' lang='lat' dir='ltr'><strong>sute</strong></span> <span class='ocrx_word' id='word_1_122' title='bbox 602 1845 667 1898; x_wconf 93' lang='lat' dir='ltr'><strong>ad</strong></span> <span class='ocrx_word' id='word_1_123' title='bbox 700 1844 883 1898; x_wconf 90' lang='lat' dir='ltr'><strong>limina</strong></span> <span class='ocrx_word' id='word_1_124' title='bbox 915 1844 1345 1899; x_wconf 87' lang='lat' dir='ltr'><strong>beatissimorum</strong></span> <span class='ocrx_word' id='word_1_125' title='bbox 1381 1843 1743 1911; x_wconf 70' lang='lat' dir='ltr'><strong>apostolorum</strong></span> <span class='ocrx_word' id='word_1_126' title='bbox 1786 1843 1927 1897; x_wconf 82' lang='lat' dir='ltr'><strong>Petri</strong></span> <span class='ocrx_word' id='word_1_127' title='bbox 1960 1840 2007 1899; x_wconf 86' lang='grc' dir='ltr'><strong><em>Β</em></strong></span> 
     </span>
    </p>
   </div>
   <div class='ocr_carea' id='block_1_19' title="bbox 351 1934 1930 2006">
    <p class='ocr_par' dir='ltr' id='par_1_19' title="bbox 351 1934 1930 2006">
     <span class='ocr_line' id='line_1_19' title="bbox 351 1934 1930 2006; baseline -0.001 -15"><span class='ocrx_word' id='word_1_128' title='bbox 351 1948 405 1991; x_wconf 84' lang='lat' dir='ltr'><strong>et</strong></span> <span class='ocrx_word' id='word_1_129' title='bbox 435 1937 581 1992; x_wconf 85' lang='lat' dir='ltr'><strong>Pauli</strong></span> <span class='ocrx_word' id='word_1_130' title='bbox 609 1936 826 2005; x_wconf 65' lang='lat' dir='ltr'><strong>jejuniis</strong></span> <span class='ocrx_word' id='word_1_131' title='bbox 861 1946 915 1991; x_wconf 93' lang='lat' dir='ltr'><strong>et</strong></span> <span class='ocrx_word' id='word_1_132' title='bbox 954 1935 1145 2006; x_wconf 76' lang='lat' dir='ltr'><strong>vigiiiis</strong></span> <span class='ocrx_word' id='word_1_133' title='bbox 1183 1934 1550 2002; x_wconf 83' lang='lat' dir='ltr'><strong>discurrente,</strong></span> <span class='ocrx_word' id='word_1_134' title='bbox 1593 1936 1930 1990; x_wconf 81' lang='lat' dir='ltr'><strong>interceden-</strong></span> 
     </span>
    </p>
   </div>
   <div class='ocr_carea' id='block_1_20' title="bbox 354 2024 1928 2097">
    <p class='ocr_par' dir='ltr' id='par_1_20' title="bbox 354 2024 1928 2097">
     <span class='ocr_line' id='line_1_20' title="bbox 354 2024 1928 2097; baseline 0 -16"><span class='ocrx_word' id='word_1_135' title='bbox 354 2024 496 2082; x_wconf 87' lang='lat' dir='ltr'><strong>tibus</strong></span> <span class='ocrx_word' id='word_1_136' title='bbox 529 2028 808 2097; x_wconf 87' lang='lat' dir='ltr'><strong>apostolis,</strong></span> <span class='ocrx_word' id='word_1_137' title='bbox 839 2030 1054 2082; x_wconf 87' lang='lat' dir='ltr'><strong>Aiecius</strong></span> <span class='ocrx_word' id='word_1_138' title='bbox 1080 2044 1111 2081; x_wconf 89' lang='lat' dir='ltr'><strong>a</strong></span> <span class='ocrx_word' id='word_1_139' title='bbox 1139 2026 1384 2096; x_wconf 70' lang='lat' dir='ltr'><strong>periculis</strong></span> <span class='ocrx_word' id='word_1_140' title='bbox 1423 2027 1697 2081; x_wconf 85' lang='lat' dir='ltr'><strong>liberatur.</strong></span> <span class='ocrx_word' id='word_1_141' title='bbox 1752 2028 1928 2081; x_wconf 80' lang='lat' dir='ltr'><strong>Reve-</strong></span> 
     </span>
    </p>
   </div>
   <div class='ocr_carea' id='block_1_21' title="bbox 352 2120 1926 2189">
    <p class='ocr_par' dir='ltr' id='par_1_21' title="bbox 352 2120 1926 2189">
     <span class='ocr_line' id='line_1_21' title="bbox 352 2120 1926 2189; baseline 0.001 -16"><span class='ocrx_word' id='word_1_142' title='bbox 352 2120 513 2173; x_wconf 86' lang='lat' dir='ltr'><strong>Iatum</strong></span> <span class='ocrx_word' id='word_1_143' title='bbox 563 2130 644 2173; x_wconf 81' lang='lat' dir='ltr'><strong>est</strong></span> <span class='ocrx_word' id='word_1_144' title='bbox 667 2121 874 2174; x_wconf 84' lang='lat' dir='ltr'><strong>cuidam</strong></span> <span class='ocrx_word' id='word_1_145' title='bbox 924 2122 1173 2189; x_wconf 88' lang='lat' dir='ltr'><strong>pauperi,</strong></span> <span class='ocrx_word' id='word_1_146' title='bbox 1226 2121 1487 2174; x_wconf 85' lang='lat' dir='ltr'><strong>nuntianti</strong></span> <span class='ocrx_word' id='word_1_147' title='bbox 1527 2122 1705 2174; x_wconf 82' lang='lat' dir='ltr'><strong>uxoris</strong></span> <span class='ocrx_word' id='word_1_148' title='bbox 1760 2120 1926 2176; x_wconf 84' lang='lat' dir='ltr'><strong>Aiecii</strong></span> 
     </span>
    </p>
   </div>
   <div class='ocr_carea' id='block_1_22' title="bbox 351 2206 1927 2281">
    <p class='ocr_par' dir='ltr' id='par_1_22' title="bbox 351 2206 1927 2281">
     <span class='ocr_line' id='line_1_22' title="bbox 351 2206 1927 2281; baseline 0.003 -19"><span class='ocrx_word' id='word_1_149' title='bbox 351 2206 681 2264; x_wconf 79' lang='lat' dir='ltr'><strong>orationibus</strong></span> <span class='ocrx_word' id='word_1_150' title='bbox 725 2210 887 2265; x_wconf 88' lang='lat' dir='ltr'><strong>fuisse</strong></span> <span class='ocrx_word' id='word_1_151' title='bbox 936 2212 1221 2265; x_wconf 88' lang='lat' dir='ltr'><strong>salvatum.</strong></span> <span class='ocrx_word' id='word_1_152' title='bbox 1280 2211 1433 2278; x_wconf 85' lang='lat' dir='ltr'><strong>Quod</strong></span> <span class='ocrx_word' id='word_1_153' title='bbox 1485 2227 1603 2265; x_wconf 92' lang='lat' dir='ltr'><strong>cum</strong></span> <span class='ocrx_word' id='word_1_154' title='bbox 1634 2228 1661 2264; x_wconf 89' lang='lat' dir='ltr'><strong>a</strong></span> <span class='ocrx_word' id='word_1_155' title='bbox 1694 2227 1927 2281; x_wconf 77' lang='lat' dir='ltr'><strong>paupere</strong></span> 
     </span>
    </p>
   </div>
   <div class='ocr_carea' id='block_1_23' title="bbox 354 2303 1695 2374">
    <p class='ocr_par' dir='ltr' id='par_1_23' title="bbox 354 2303 1695 2374">
     <span class='ocr_line' id='line_1_23' title="bbox 354 2303 1695 2374; baseline 0.002 -21"><span class='ocrx_word' id='word_1_156' title='bbox 354 2303 617 2370; x_wconf 86' lang='lat' dir='ltr'><strong>proditum</strong></span> <span class='ocrx_word' id='word_1_157' title='bbox 644 2303 855 2369; x_wconf 89' lang='lat' dir='ltr'><strong>fuisset,</strong></span> <span class='ocrx_word' id='word_1_158' title='bbox 888 2320 1089 2373; x_wconf 91' lang='lat' dir='ltr'><strong>pauper</strong></span> <span class='ocrx_word' id='word_1_159' title='bbox 1116 2305 1353 2358; x_wconf 76' lang='lat' dir='ltr'><strong>caecitate</strong></span> <span class='ocrx_word' id='word_1_160' title='bbox 1385 2304 1695 2374; x_wconf 86' lang='lat' dir='ltr'><strong>percotitur.</strong></span> 
     </span>
    </p>
   </div>
   <div class='ocr_carea' id='block_1_24' title="bbox 423 2395 1922 2466">
    <p class='ocr_par' dir='ltr' id='par_1_24' title="bbox 423 2395 1922 2466">
     <span class='ocr_line' id='line_1_24' title="bbox 423 2395 1922 2466; baseline 0.001 -19"><span class='ocrx_word' id='word_1_161' title='bbox 423 2395 485 2448; x_wconf 92' lang='lat' dir='ltr'><strong>Il.</strong></span> <span class='ocrx_word' id='word_1_162' title='bbox 521 2397 592 2451; x_wconf 90' lang='lat' dir='ltr'><strong>De</strong></span> <span class='ocrx_word' id='word_1_163' title='bbox 610 2396 935 2451; x_wconf 85' lang='lat' dir='ltr'><strong>Francorum</strong></span> <span class='ocrx_word' id='word_1_164' title='bbox 953 2412 1078 2451; x_wconf 90' lang='lat' dir='ltr'><strong>vero</strong></span> <span class='ocrx_word' id='word_1_165' title='bbox 1103 2398 1314 2466; x_wconf 75' lang='lat' dir='ltr'><strong>regibus</strong></span> <span class='ocrx_word' id='word_1_166' title='bbox 1344 2398 1528 2451; x_wconf 85' lang='lat' dir='ltr'><strong>beatus</strong></span> <span class='ocrx_word' id='word_1_167' title='bbox 1552 2396 1922 2466; x_wconf 84' lang='lat' dir='ltr'><strong>Hieronymus,</strong></span> 
     </span>
    </p>
   </div>
   <div class='ocr_carea' id='block_1_25' title="bbox 350 2488 1926 2559">
    <p class='ocr_par' dir='ltr' id='par_1_25' title="bbox 350 2488 1926 2559">
     <span class='ocr_line' id='line_1_25' title="bbox 350 2488 1926 2559; baseline 0.003 -19"><span class='ocrx_word' id='word_1_168' title='bbox 350 2488 442 2555; x_wconf 89' lang='lat' dir='ltr'><strong>qui</strong></span> <span class='ocrx_word' id='word_1_169' title='bbox 466 2490 575 2554; x_wconf 88' lang='lat' dir='ltr'><strong>jam</strong></span> <span class='ocrx_word' id='word_1_170' title='bbox 600 2489 726 2543; x_wconf 90' lang='lat' dir='ltr'><strong>olim</strong></span> <span class='ocrx_word' id='word_1_171' title='bbox 759 2491 997 2556; x_wconf 88' lang='lat' dir='ltr'><strong>fuerant,</strong></span> <span class='ocrx_word' id='word_1_172' title='bbox 1026 2491 1238 2557; x_wconf 83' lang='lat' dir='ltr'><strong>scripsit</strong></span> <span class='ocrx_word' id='word_1_173' title='bbox 1271 2500 1317 2543; x_wconf 71' lang='grc' dir='ltr'><strong>ε.</strong></span> <span class='ocrx_word' id='word_1_174' title='bbox 1350 2490 1499 2556; x_wconf 84' lang='lat' dir='ltr'><strong>Quod</strong></span> <span class='ocrx_word' id='word_1_175' title='bbox 1547 2490 1690 2557; x_wconf 91' lang='lat' dir='ltr'><strong>prius</strong></span> <span class='ocrx_word' id='word_1_176' title='bbox 1720 2489 1926 2559; x_wconf 73' lang='lat' dir='ltr'><strong>Virgilii</strong></span> 
     </span>
    </p>
   </div>
   <div class='ocr_carea' id='block_1_26' title="bbox 352 2578 1931 2647">
    <p class='ocr_par' dir='ltr' id='par_1_26' title="bbox 352 2578 1931 2647">
     <span class='ocr_line' id='line_1_26' title="bbox 352 2578 1931 2647; baseline 0.002 -17"><span class='ocrx_word' id='word_1_177' title='bbox 352 2587 523 2646; x_wconf 83' lang='lat' dir='ltr'><strong>poetae</strong></span> <span class='ocrx_word' id='word_1_178' title='bbox 555 2589 737 2632; x_wconf 89' lang='lat' dir='ltr'><strong>narrat</strong></span> <span class='ocrx_word' id='word_1_179' title='bbox 785 2578 1019 2633; x_wconf 87' lang='lat' dir='ltr'><strong>Ilistoria</strong></span> <span class='ocrx_word' id='word_1_180' title='bbox 1046 2620 1061 2643; x_wconf 94' lang='lat'><strong>,</strong></span> <span class='ocrx_word' id='word_1_181' title='bbox 1098 2579 1365 2632; x_wconf 82' lang='lat' dir='ltr'><strong>Priamum</strong></span> <span class='ocrx_word' id='word_1_182' title='bbox 1408 2579 1635 2647; x_wconf 89' lang='lat' dir='ltr'><strong>primum</strong></span> <span class='ocrx_word' id='word_1_183' title='bbox 1675 2578 1931 2633; x_wconf 84' lang='lat' dir='ltr'><strong>habuisse</strong></span> 
     </span>
    </p>
   </div>
   <div class='ocr_carea' id='block_1_27' title="bbox 352 2668 1926 2739">
    <p class='ocr_par' dir='ltr' id='par_1_27' title="bbox 352 2668 1926 2739">
     <span class='ocr_line' id='line_1_27' title="bbox 352 2668 1926 2739; baseline 0.002 -19"><span class='ocrx_word' id='word_1_184' title='bbox 352 2683 570 2737; x_wconf 89' lang='lat' dir='ltr'><strong>regem,</strong></span> <span class='ocrx_word' id='word_1_185' title='bbox 608 2684 728 2723; x_wconf 88' lang='lat' dir='ltr'><strong>cum</strong></span> <span class='ocrx_word' id='word_1_186' title='bbox 758 2668 917 2739; x_wconf 87' lang='lat' dir='ltr'><strong>Troja</strong></span> <span class='ocrx_word' id='word_1_187' title='bbox 943 2668 1131 2723; x_wconf 80' lang='lat' dir='ltr'><strong>fraude</strong></span> <span class='ocrx_word' id='word_1_188' title='bbox 1179 2669 1342 2724; x_wconf 66' lang='lat' dir='ltr'><strong>lJlixis</strong></span> <span class='ocrx_word' id='word_1_189' title='bbox 1375 2680 1671 2737; x_wconf 87' lang='lat' dir='ltr'><strong>caperetur.</strong></span> <span class='ocrx_word' id='word_1_190' title='bbox 1705 2670 1926 2722; x_wconf 78' lang='lat' dir='ltr'><strong>exinde-</strong></span> 
     </span>
    </p>
   </div>
   <div class='ocr_carea' id='block_1_28' title="bbox 349 2758 1930 2831">
    <p class='ocr_par' dir='ltr' id='par_1_28' title="bbox 349 2758 1930 2831">
     <span class='ocr_line' id='line_1_28' title="bbox 349 2758 1930 2831; baseline 0.003 -20"><span class='ocrx_word' id='word_1_191' title='bbox 349 2774 453 2827; x_wconf 86' lang='lat' dir='ltr'><strong>que</strong></span> <span class='ocrx_word' id='word_1_192' title='bbox 477 2758 643 2813; x_wconf 89' lang='lat' dir='ltr'><strong>fuisse</strong></span> <span class='ocrx_word' id='word_1_193' title='bbox 664 2768 931 2831; x_wconf 83' lang='lat' dir='ltr'><strong>egressos.</strong></span> <span class='ocrx_word' id='word_1_194' title='bbox 954 2759 1141 2815; x_wconf 85' lang='lat' dir='ltr'><strong>Postea</strong></span> <span class='ocrx_word' id='word_1_195' title='bbox 1162 2760 1370 2829; x_wconf 84' lang='lat' dir='ltr'><strong>Frigam</strong></span> <span class='ocrx_word' id='word_1_196' title='bbox 1388 2760 1636 2814; x_wconf 75' lang='lat' dir='ltr'><strong>habuiSse</strong></span> <span class='ocrx_word' id='word_1_197' title='bbox 1660 2758 1820 2830; x_wconf 68' lang='grc'><strong>549</strong></span> <span class='ocrx_word' id='word_1_198' title='bbox 1854 2774 1930 2815; x_wconf 79' lang='lat' dir='ltr'><strong>ie-</strong></span> 
     </span>
    </p>
   </div>
   <div class='ocr_carea' id='block_1_29' title="bbox 350 2848 1925 2919">
    <p class='ocr_par' dir='ltr' id='par_1_29' title="bbox 350 2848 1925 2919">
     <span class='ocr_line' id='line_1_29' title="bbox 350 2848 1925 2919; baseline 0.001 -17"><span class='ocrx_word' id='word_1_199' title='bbox 350 2863 507 2915; x_wconf 83' lang='lat' dir='ltr'><strong>gem,</strong></span> <span class='ocrx_word' id='word_1_200' title='bbox 535 2848 724 2903; x_wconf 82' lang='lat' dir='ltr'><strong>bifaria</strong></span> <span class='ocrx_word' id='word_1_201' title='bbox 775 2850 1039 2904; x_wconf 81' lang='lat' dir='ltr'><strong>divisione</strong></span> <span class='ocrx_word' id='word_1_202' title='bbox 1086 2861 1287 2919; x_wconf 86' lang='lat' dir='ltr'><strong>partem</strong></span> <span class='ocrx_word' id='word_1_203' title='bbox 1337 2866 1522 2903; x_wconf 87' lang='lat' dir='ltr'><strong>eorum</strong></span> <span class='ocrx_word' id='word_1_204' title='bbox 1567 2851 1925 2903; x_wconf 77' lang='lat' dir='ltr'><strong>Macedoniam</strong></span> 
     </span>
    </p>
   </div>
   <div class='ocr_carea' id='block_1_30' title="bbox 352 2940 1926 3010">
    <p class='ocr_par' dir='ltr' id='par_1_30' title="bbox 352 2940 1926 3010">
     <span class='ocr_line' id='line_1_30' title="bbox 352 2940 1926 3010; baseline 0 -17"><span class='ocrx_word' id='word_1_205' title='bbox 352 2942 519 2994; x_wconf 86' lang='lat' dir='ltr'><strong>fuisse</strong></span> <span class='ocrx_word' id='word_1_206' title='bbox 544 2953 881 3009; x_wconf 78' lang='lat' dir='ltr'><strong>aggressam;</strong></span> <span class='ocrx_word' id='word_1_207' title='bbox 921 2942 1056 2994; x_wconf 91' lang='lat' dir='ltr'><strong>alios</strong></span> <span class='ocrx_word' id='word_1_208' title='bbox 1104 2956 1223 2993; x_wconf 90' lang='lat' dir='ltr'><strong>cum</strong></span> <span class='ocrx_word' id='word_1_209' title='bbox 1258 2941 1409 3009; x_wconf 76' lang='lat' dir='ltr'><strong>Friga</strong></span> <span class='ocrx_word' id='word_1_210' title='bbox 1443 2952 1609 2995; x_wconf 60' lang='lat' dir='ltr'><strong>Vocat.</strong></span> <span class='ocrx_word' id='word_1_211' title='bbox 1634 2955 1660 2993; x_wconf 90' lang='lat' dir='ltr'><strong>s</strong></span> <span class='ocrx_word' id='word_1_212' title='bbox 1698 2940 1926 3010; x_wconf 65' lang='lat' dir='ltr'><strong>Frigios,</strong></span> 
     </span>
    </p>
   </div>
   <div class='ocr_carea' id='block_1_31' title="bbox 352 3032 1930 3102">
    <p class='ocr_par' dir='ltr' id='par_1_31' title="bbox 352 3032 1930 3102">
     <span class='ocr_line' id='line_1_31' title="bbox 352 3032 1930 3102; baseline 0.003 -18"><span class='ocrx_word' id='word_1_213' title='bbox 352 3033 530 3085; x_wconf 81' lang='lat' dir='ltr'><strong>Asiani</strong></span> <span class='ocrx_word' id='word_1_214' title='bbox 582 3044 967 3102; x_wconf 77' lang='lat' dir='ltr'><strong>pervagantes,</strong></span> <span class='ocrx_word' id='word_1_215' title='bbox 1018 3032 1071 3086; x_wconf 92' lang='lat' dir='ltr'><strong>in</strong></span> <span class='ocrx_word' id='word_1_216' title='bbox 1116 3035 1293 3089; x_wconf 78' lang='lat' dir='ltr'><strong>littore</strong></span> <span class='ocrx_word' id='word_1_217' title='bbox 1344 3034 1561 3086; x_wconf 71' lang='lat' dir='ltr'><strong>Dmuvii</strong></span> <span class='ocrx_word' id='word_1_218' title='bbox 1612 3034 1845 3087; x_wconf 81' lang='lat' dir='ltr'><strong>tluminis</strong></span> <span class='ocrx_word' id='word_1_219' title='bbox 1877 3044 1930 3089; x_wconf 88' lang='lat' dir='ltr'><strong>et</strong></span> 
     </span>
    </p>
   </div>
   <div class='ocr_carea' id='block_1_32' title="bbox 353 3122 1928 3179">
    <p class='ocr_par' dir='ltr' id='par_1_32' title="bbox 353 3122 1928 3179">
     <span class='ocr_line' id='line_1_32' title="bbox 353 3122 1928 3179; baseline 0.001 -4"><span class='ocrx_word' id='word_1_220' title='bbox 353 3123 512 3177; x_wconf 87' lang='lat' dir='ltr'><strong>maris</strong></span> <span class='ocrx_word' id='word_1_221' title='bbox 560 3125 756 3179; x_wconf 83' lang='lat' dir='ltr'><strong>Oceani</strong></span> <span class='ocrx_word' id='word_1_222' title='bbox 801 3125 1131 3178; x_wconf 88' lang='lat' dir='ltr'><strong>consedisse.</strong></span> <span class='ocrx_word' id='word_1_223' title='bbox 1198 3127 1383 3177; x_wconf 78' lang='lat' dir='ltr'><strong>Denuo</strong></span> <span class='ocrx_word' id='word_1_224' title='bbox 1433 3123 1616 3175; x_wconf 91' lang='lat' dir='ltr'><strong>bifaria</strong></span> <span class='ocrx_word' id='word_1_225' title='bbox 1667 3122 1928 3177; x_wconf 76' lang='lat' dir='ltr'><strong>divisione</strong></span> 
     </span>
    </p>
   </div>
   <div class='ocr_carea' id='block_1_33' title="bbox 2026 570 3598 637">
    <p class='ocr_par' dir='ltr' id='par_1_33' title="bbox 2026 570 3598 637">
     <span class='ocr_line' id='line_1_33' title="bbox 2026 570 3598 637; baseline 0.003 -16"><span class='ocrx_word' id='word_1_226' title='bbox 2026 570 2306 635; x_wconf 77' lang='lat' dir='ltr'><strong>Quintilius</strong></span> <span class='ocrx_word' id='word_1_227' title='bbox 2337 570 2587 637; x_wconf 72' lang='lat' dir='ltr'><strong>Magister</strong></span> <span class='ocrx_word' id='word_1_228' title='bbox 2621 582 2643 606; x_wconf 76' lang='grc' dir='ltr'><strong>υ</strong></span> <span class='ocrx_word' id='word_1_229' title='bbox 2677 571 2902 625; x_wconf 84' lang='lat' dir='ltr'><strong>militum</strong></span> <span class='ocrx_word' id='word_1_230' title='bbox 2925 572 3148 627; x_wconf 85' lang='lat' dir='ltr'><strong>collecto</strong></span> <span class='ocrx_word' id='word_1_231' title='bbox 3170 572 3409 627; x_wconf 82' lang='lat' dir='ltr'><strong>exercitu</strong></span> <span class='ocrx_word' id='word_1_232' title='bbox 3434 574 3598 627; x_wconf 89' lang='lat' dir='ltr'><strong>Fran-</strong></span> 
     </span>
    </p>
   </div>
   <div class='ocr_carea' id='block_1_34' title="bbox 2026 658 3600 729">
    <p class='ocr_par' dir='ltr' id='par_1_34' title="bbox 2026 658 3600 729">
     <span class='ocr_line' id='line_1_34' title="bbox 2026 658 3600 729; baseline 0.004 -14"><span class='ocrx_word' id='word_1_233' title='bbox 2026 678 2118 715; x_wconf 78' lang='lat' dir='ltr'><strong>cos</strong></span> <span class='ocrx_word' id='word_1_234' title='bbox 2161 661 2229 715; x_wconf 92' lang='lat' dir='ltr'><strong>de</strong></span> <span class='ocrx_word' id='word_1_235' title='bbox 2275 658 2557 715; x_wconf 86' lang='lat' dir='ltr'><strong>Germania</strong></span> <span class='ocrx_word' id='word_1_236' title='bbox 2590 663 2879 729; x_wconf 87' lang='lat' dir='ltr'><strong>ejeeerunt.</strong></span> <span class='ocrx_word' id='word_1_237' title='bbox 2928 664 3083 729; x_wconf 78' lang='lat' dir='ltr'><strong>Apud</strong></span> <span class='ocrx_word' id='word_1_238' title='bbox 3124 664 3503 719; x_wconf 87' lang='lat' dir='ltr'><strong>Carbonariam</strong></span> <span class='ocrx_word' id='word_1_239' title='bbox 3531 665 3600 721; x_wconf 85' lang='lat' dir='ltr'><strong>de</strong></span> 
     </span>
    </p>
   </div>
   <div class='ocr_carea' id='block_1_35' title="bbox 2027 750 3598 817">
    <p class='ocr_par' dir='ltr' id='par_1_35' title="bbox 2027 750 3598 817">
     <span class='ocr_line' id='line_1_35' title="bbox 2027 750 3598 817; baseline 0.001 -10"><span class='ocrx_word' id='word_1_240' title='bbox 2027 751 2250 807; x_wconf 80' lang='lat' dir='ltr'><strong>Francis</strong></span> <span class='ocrx_word' id='word_1_241' title='bbox 2280 759 2488 817; x_wconf 79' lang='lat' dir='ltr'><strong>strages</strong></span> <span class='ocrx_word' id='word_1_242' title='bbox 2514 752 2652 803; x_wconf 89' lang='lat' dir='ltr'><strong>titur.</strong></span> <span class='ocrx_word' id='word_1_243' title='bbox 2686 750 2811 806; x_wconf 82' lang='lat' dir='ltr'><strong>Post</strong></span> <span class='ocrx_word' id='word_1_244' title='bbox 2834 751 3077 806; x_wconf 81' lang='lat' dir='ltr'><strong>lleiaclio</strong></span> <span class='ocrx_word' id='word_1_245' title='bbox 3098 761 3152 807; x_wconf 90' lang='lat' dir='ltr'><strong>et</strong></span> <span class='ocrx_word' id='word_1_246' title='bbox 3180 753 3402 808; x_wconf 79' lang='lat' dir='ltr'><strong>Joviano</strong></span> <span class='ocrx_word' id='word_1_247' title='bbox 3430 752 3450 792; x_wconf 70' lang='grc' dir='ltr'><em>τ</em></span> <span class='ocrx_word' id='word_1_248' title='bbox 3476 771 3598 810; x_wconf 88' lang='lat' dir='ltr'><strong>cum</strong></span> 
     </span>
    </p>
   </div>
   <div class='ocr_carea' id='block_1_36' title="bbox 2026 841 3603 914">
    <p class='ocr_par' dir='ltr' id='par_1_36' title="bbox 2026 841 3603 914">
     <span class='ocr_line' id='line_1_36' title="bbox 2026 841 3603 914; baseline 0.004 -18"><span class='ocrx_word' id='word_1_249' title='bbox 2026 844 2267 897; x_wconf 84' lang='lat' dir='ltr'><strong>exercitu</strong></span> <span class='ocrx_word' id='word_1_250' title='bbox 2315 844 2452 895; x_wconf 88' lang='lat' dir='ltr'><strong>ultra</strong></span> <span class='ocrx_word' id='word_1_251' title='bbox 2502 841 2747 897; x_wconf 81' lang='lat' dir='ltr'><strong>Rhenum</strong></span> <span class='ocrx_word' id='word_1_252' title='bbox 2779 846 3175 899; x_wconf 85' lang='lat' dir='ltr'><strong>transeuntibus</strong></span> <span class='ocrx_word' id='word_1_253' title='bbox 3201 887 3216 913; x_wconf 92' lang='lat'><strong>,</strong></span> <span class='ocrx_word' id='word_1_254' title='bbox 3256 846 3603 914; x_wconf 86' lang='lat' dir='ltr'><strong>disponentes</strong></span> 
     </span>
    </p>
   </div>
   <div class='ocr_carea' id='block_1_37' title="bbox 2030 930 3605 1005">
    <p class='ocr_par' dir='ltr' id='par_1_37' title="bbox 2030 930 3605 1005">
     <span class='ocr_line' id='line_1_37' title="bbox 2030 930 3605 1005; baseline 0.006 -21"><span class='ocrx_word' id='word_1_255' title='bbox 2030 930 2269 984; x_wconf 82' lang='lat' dir='ltr'><strong>Francos</strong></span> <span class='ocrx_word' id='word_1_256' title='bbox 2300 930 2368 984; x_wconf 87' lang='lat' dir='ltr'><strong>ad</strong></span> <span class='ocrx_word' id='word_1_257' title='bbox 2396 930 2817 987; x_wconf 90' lang='lat' dir='ltr'><strong>internecionem</strong></span> <span class='ocrx_word' id='word_1_258' title='bbox 2852 937 3169 1001; x_wconf 89' lang='lat' dir='ltr'><strong>perducere,</strong></span> <span class='ocrx_word' id='word_1_259' title='bbox 3207 944 3365 989; x_wconf 76' lang='lat' dir='ltr'><strong>tanta:</strong></span> <span class='ocrx_word' id='word_1_260' title='bbox 3398 947 3605 1005; x_wconf 80' lang='lat' dir='ltr'><strong>strages</strong></span> 
     </span>
    </p>
   </div>
   <div class='ocr_carea' id='block_1_38' title="bbox 2028 1017 3605 1085">
    <p class='ocr_par' dir='ltr' id='par_1_38' title="bbox 2028 1017 3605 1085">
     <span class='ocr_line' id='line_1_38' title="bbox 2028 1017 3605 1085; baseline 0.003 -11"><span class='ocrx_word' id='word_1_261' title='bbox 2028 1035 2093 1074; x_wconf 89' lang='lat' dir='ltr'><strong>ex</strong></span> <span class='ocrx_word' id='word_1_262' title='bbox 2122 1018 2379 1072; x_wconf 90' lang='lat' dir='ltr'><strong>militibus</strong></span> <span class='ocrx_word' id='word_1_263' title='bbox 2418 1033 2447 1070; x_wconf 92' lang='lat' dir='ltr'><strong>a</strong></span> <span class='ocrx_word' id='word_1_264' title='bbox 2496 1017 2711 1073; x_wconf 81' lang='lat' dir='ltr'><strong>Francis</strong></span> <span class='ocrx_word' id='word_1_265' title='bbox 2743 1020 2893 1075; x_wconf 72' lang='lat' dir='ltr'><strong>facta:</strong></span> <span class='ocrx_word' id='word_1_266' title='bbox 2938 1032 3095 1085; x_wconf 89' lang='lat' dir='ltr'><strong>sunt,</strong></span> <span class='ocrx_word' id='word_1_267' title='bbox 3151 1034 3205 1075; x_wconf 92' lang='lat' dir='ltr'><strong>ut</strong></span> <span class='ocrx_word' id='word_1_268' title='bbox 3235 1020 3513 1078; x_wconf 89' lang='lat' dir='ltr'><strong>Heraelius</strong></span> <span class='ocrx_word' id='word_1_269' title='bbox 3546 1035 3605 1079; x_wconf 90' lang='lat' dir='ltr'><strong>et</strong></span> 
     </span>
    </p>
   </div>
   <div class='ocr_carea' id='block_1_39' title="bbox 2029 1108 3602 1181">
    <p class='ocr_par' dir='ltr' id='par_1_39' title="bbox 2029 1108 3602 1181">
     <span class='ocr_line' id='line_1_39' title="bbox 2029 1108 3602 1181; baseline 0.004 -17"><span class='ocrx_word' id='word_1_270' title='bbox 2029 1109 2283 1164; x_wconf 71' lang='lat' dir='ltr'><strong>Iovianus</strong></span> <span class='ocrx_word' id='word_1_271' title='bbox 2334 1109 2420 1162; x_wconf 85' lang='lat' dir='ltr'><strong>vix</strong></span> <span class='ocrx_word' id='word_1_272' title='bbox 2455 1108 2521 1163; x_wconf 92' lang='lat' dir='ltr'><strong>de</strong></span> <span class='ocrx_word' id='word_1_273' title='bbox 2566 1110 2757 1164; x_wconf 88' lang='lat' dir='ltr'><strong>eodem</strong></span> <span class='ocrx_word' id='word_1_274' title='bbox 2798 1112 2981 1179; x_wconf 72' lang='lat' dir='ltr'><strong>pra-lio</strong></span> <span class='ocrx_word' id='word_1_275' title='bbox 3024 1114 3321 1181; x_wconf 89' lang='lat' dir='ltr'><strong>potuissent</strong></span> <span class='ocrx_word' id='word_1_276' title='bbox 3351 1112 3602 1172; x_wconf 76' lang='lat' dir='ltr'><strong>evadere.</strong></span> 
     </span>
    </p>
   </div>
   <div class='ocr_carea' id='block_1_40' title="bbox 2030 1198 3606 1270">
    <p class='ocr_par' dir='ltr' id='par_1_40' title="bbox 2030 1198 3606 1270">
     <span class='ocr_line' id='line_1_40' title="bbox 2030 1198 3606 1270; baseline 0.004 -17"><span class='ocrx_word' id='word_1_277' title='bbox 2030 1199 2138 1253; x_wconf 82' lang='lat' dir='ltr'><strong>Nec</strong></span> <span class='ocrx_word' id='word_1_278' title='bbox 2167 1198 2392 1252; x_wconf 87' lang='lat' dir='ltr'><strong>ulterius</strong></span> <span class='ocrx_word' id='word_1_279' title='bbox 2428 1201 2691 1253; x_wconf 89' lang='lat' dir='ltr'><strong>adversus</strong></span> <span class='ocrx_word' id='word_1_280' title='bbox 2720 1200 2956 1254; x_wconf 85' lang='lat' dir='ltr'><strong>Francos</strong></span> <span class='ocrx_word' id='word_1_281' title='bbox 2983 1216 3430 1270; x_wconf 49' lang='lat' dir='ltr'><strong>praesumpserant</strong></span> <span class='ocrx_word' id='word_1_282' title='bbox 3457 1214 3606 1259; x_wconf 84' lang='lat' dir='ltr'><strong>arma</strong></span> 
     </span>
    </p>
   </div>
   <div class='ocr_carea' id='block_1_41' title="bbox 2031 1289 3605 1362">
    <p class='ocr_par' dir='ltr' id='par_1_41' title="bbox 2031 1289 3605 1362">
     <span class='ocr_line' id='line_1_41' title="bbox 2031 1289 3605 1362; baseline 0.003 -18"><span class='ocrx_word' id='word_1_283' title='bbox 2031 1292 2287 1358; x_wconf 86' lang='lat' dir='ltr'><strong>arripere.</strong></span> <span class='ocrx_word' id='word_1_284' title='bbox 2319 1289 2448 1344; x_wconf 83' lang='lat' dir='ltr'><strong>Post</strong></span> <span class='ocrx_word' id='word_1_285' title='bbox 2471 1304 2697 1359; x_wconf 86' lang='lat' dir='ltr'><strong>paucam</strong></span> <span class='ocrx_word' id='word_1_286' title='bbox 2729 1293 2982 1356; x_wconf 84' lang='lat' dir='ltr'><strong>temporis</strong></span> <span class='ocrx_word' id='word_1_287' title='bbox 3012 1294 3333 1361; x_wconf 83' lang='lat' dir='ltr'><strong>Arhogastes</strong></span> <span class='ocrx_word' id='word_1_288' title='bbox 3359 1294 3605 1362; x_wconf 75' lang='lat' dir='ltr'><strong>superbia</strong></span> 
     </span>
    </p>
   </div>
   <div class='ocr_carea' id='block_1_42' title="bbox 2032 1380 3606 1451">
    <p class='ocr_par' dir='ltr' id='par_1_42' title="bbox 2032 1380 3606 1451">
     <span class='ocr_line' id='line_1_42' title="bbox 2032 1380 3606 1451; baseline 0.005 -17"><span class='ocrx_word' id='word_1_289' title='bbox 2032 1381 2204 1434; x_wconf 89' lang='lat' dir='ltr'><strong>elatus</strong></span> <span class='ocrx_word' id='word_1_290' title='bbox 2251 1381 2505 1435; x_wconf 85' lang='lat' dir='ltr'><strong>adversus</strong></span> <span class='ocrx_word' id='word_1_291' title='bbox 2539 1380 2774 1436; x_wconf 74' lang='lat' dir='ltr'><strong>Francos</strong></span> <span class='ocrx_word' id='word_1_292' title='bbox 2807 1397 2956 1436; x_wconf 86' lang='lat' dir='ltr'><strong>arma</strong></span> <span class='ocrx_word' id='word_1_293' title='bbox 2994 1387 3322 1451; x_wconf 79' lang='lat' dir='ltr'><strong>commovit,</strong></span> <span class='ocrx_word' id='word_1_294' title='bbox 3354 1400 3474 1441; x_wconf 87' lang='lat' dir='ltr'><strong>eam</strong></span> <span class='ocrx_word' id='word_1_295' title='bbox 3503 1388 3606 1442; x_wconf 85' lang='lat' dir='ltr'><strong>eis-</strong></span> 
     </span>
    </p>
   </div>
   <div class='ocr_carea' id='block_1_43' title="bbox 2035 1471 2878 1542">
    <p class='ocr_par' dir='ltr' id='par_1_43' title="bbox 2035 1471 2878 1542">
     <span class='ocr_line' id='line_1_43' title="bbox 2035 1471 2878 1542; baseline 0 -17"><span class='ocrx_word' id='word_1_296' title='bbox 2035 1472 2156 1526; x_wconf 92' lang='lat' dir='ltr'><strong>dem</strong></span> <span class='ocrx_word' id='word_1_297' title='bbox 2187 1471 2448 1526; x_wconf 89' lang='lat' dir='ltr'><strong>dimicans</strong></span> <span class='ocrx_word' id='word_1_298' title='bbox 2473 1472 2647 1526; x_wconf 89' lang='lat' dir='ltr'><strong>victus</strong></span> <span class='ocrx_word' id='word_1_299' title='bbox 2678 1472 2878 1542; x_wconf 79' lang='lat' dir='ltr'><strong>cffugit.</strong></span> 
     </span>
    </p>
   </div>
   <div class='ocr_carea' id='block_1_44' title="bbox 2100 1602 3607 1677">
    <p class='ocr_par' dir='ltr' id='par_1_44' title="bbox 2100 1602 3607 1677">
     <span class='ocr_line' id='line_1_44' title="bbox 2100 1602 3607 1677; baseline 0.003 -21"><span class='ocrx_word' id='word_1_300' title='bbox 2100 1602 2188 1656; x_wconf 87' lang='lat' dir='ltr'><strong>IV.</strong></span> <span class='ocrx_word' id='word_1_301' title='bbox 2235 1604 2423 1657; x_wconf 82' lang='lat' dir='ltr'><strong>Franci</strong></span> <span class='ocrx_word' id='word_1_302' title='bbox 2472 1605 2718 1658; x_wconf 60' lang='lat' dir='ltr'><strong>Treveris</strong></span> <span class='ocrx_word' id='word_1_303' title='bbox 2766 1604 3054 1659; x_wconf 87' lang='lat' dir='ltr'><strong>hiemando</strong></span> <span class='ocrx_word' id='word_1_304' title='bbox 3113 1606 3348 1662; x_wconf 86' lang='lat' dir='ltr'><strong>residere</strong></span> <span class='ocrx_word' id='word_1_305' title='bbox 3407 1624 3607 1677; x_wconf 67' lang='lat' dir='ltr'><strong>prmsu-</strong></span> 
     </span>
    </p>
   </div>
   <div class='ocr_carea' id='block_1_45' title="bbox 2031 1694 3608 1770">
    <p class='ocr_par' dir='ltr' id='par_1_45' title="bbox 2031 1694 3608 1770">
     <span class='ocr_line' id='line_1_45' title="bbox 2031 1694 3608 1770; baseline 0.005 -21"><span class='ocrx_word' id='word_1_306' title='bbox 2031 1705 2181 1749; x_wconf 90' lang='lat' dir='ltr'><strong>munt</strong></span> <span class='ocrx_word' id='word_1_307' title='bbox 2219 1694 2430 1765; x_wconf 85' lang='lat' dir='ltr'><strong>(lbid.).</strong></span> <span class='ocrx_word' id='word_1_308' title='bbox 2486 1698 2855 1752; x_wconf 76' lang='lat' dir='ltr'><strong>Valentiniano</strong></span> <span class='ocrx_word' id='word_1_309' title='bbox 2888 1698 3212 1767; x_wconf 87' lang='lat' dir='ltr'><strong>imperatore</strong></span> <span class='ocrx_word' id='word_1_310' title='bbox 3248 1702 3382 1754; x_wconf 70' lang='lat' dir='ltr'><strong>infla</strong></span> <span class='ocrx_word' id='word_1_311' title='bbox 3415 1704 3608 1770; x_wconf 83' lang='lat' dir='ltr'><strong>privati</strong></span> 
     </span>
    </p>
   </div>
   <div class='ocr_carea' id='block_1_46' title="bbox 2034 1786 3608 1853">
    <p class='ocr_par' dir='ltr' id='par_1_46' title="bbox 2034 1786 3608 1853">
     <span class='ocr_line' id='line_1_46' title="bbox 2034 1786 3608 1853; baseline 0.007 -17"><span class='ocrx_word' id='word_1_312' title='bbox 2034 1786 2249 1839; x_wconf 89' lang='lat' dir='ltr'><strong>modum</strong></span> <span class='ocrx_word' id='word_1_313' title='bbox 2287 1787 2504 1842; x_wconf 88' lang='lat' dir='ltr'><strong>redacto</strong></span> <span class='ocrx_word' id='word_1_314' title='bbox 2528 1828 2543 1853; x_wconf 93' lang='lat'><strong>,</strong></span> <span class='ocrx_word' id='word_1_315' title='bbox 2584 1789 2824 1843; x_wconf 88' lang='lat' dir='ltr'><strong>militaris</strong></span> <span class='ocrx_word' id='word_1_316' title='bbox 2855 1792 2931 1845; x_wconf 90' lang='lat' dir='ltr'><strong>rei</strong></span> <span class='ocrx_word' id='word_1_317' title='bbox 2962 1806 3086 1845; x_wconf 86' lang='lat' dir='ltr'><strong>cura</strong></span> <span class='ocrx_word' id='word_1_318' title='bbox 3120 1792 3338 1847; x_wconf 80' lang='lat' dir='ltr'><strong>Francis</strong></span> <span class='ocrx_word' id='word_1_319' title='bbox 3363 1794 3608 1849; x_wconf 86' lang='lat' dir='ltr'><strong>satelliti-</strong></span> 
     </span>
    </p>
   </div>
   <div class='ocr_carea' id='block_1_47' title="bbox 2034 1882 3615 1961">
    <p class='ocr_par' dir='ltr' id='par_1_47' title="bbox 2034 1882 3615 1961">
     <span class='ocr_line' id='line_1_47' title="bbox 2034 1882 3615 1961; baseline 0.006 -27"><span class='ocrx_word' id='word_1_320' title='bbox 2034 1883 2132 1934; x_wconf 88' lang='lat' dir='ltr'><strong>bus</strong></span> <span class='ocrx_word' id='word_1_321' title='bbox 2152 1882 2364 1935; x_wconf 84' lang='lat' dir='ltr'><strong>tradita.</strong></span> <span class='ocrx_word' id='word_1_322' title='bbox 2386 1882 2571 1936; x_wconf 88' lang='lat' dir='ltr'><strong>Civilia</strong></span> <span class='ocrx_word' id='word_1_323' title='bbox 2586 1899 2795 1953; x_wconf 87' lang='lat' dir='ltr'><strong>quoque</strong></span> <span class='ocrx_word' id='word_1_324' title='bbox 2807 1885 2979 1938; x_wconf 89' lang='lat' dir='ltr'><strong>officia</strong></span> <span class='ocrx_word' id='word_1_325' title='bbox 3014 1889 3351 1954; x_wconf 79' lang='lat' dir='ltr'><strong>transgressi,</strong></span> <span class='ocrx_word' id='word_1_326' title='bbox 3370 1888 3534 1961; x_wconf 81' lang='lat'><strong>550</strong></span> <span class='ocrx_word' id='word_1_327' title='bbox 3556 1892 3615 1944; x_wconf 85' lang='lat' dir='ltr'><strong>in</strong></span> 
     </span>
    </p>
   </div>
   <div class='ocr_carea' id='block_1_48' title="bbox 2035 1974 3615 2044">
    <p class='ocr_par' dir='ltr' id='par_1_48' title="bbox 2035 1974 3615 2044">
     <span class='ocr_line' id='line_1_48' title="bbox 2035 1974 3615 2044; baseline 0.004 -16"><span class='ocrx_word' id='word_1_328' title='bbox 2035 1974 2462 2043; x_wconf 75' lang='lat' dir='ltr'><strong>conjurationem</strong></span> <span class='ocrx_word' id='word_1_329' title='bbox 2496 1976 2806 2044; x_wconf 76' lang='lat' dir='ltr'><strong>Arbogastis</strong></span> <span class='ocrx_word' id='word_1_330' title='bbox 2826 1981 3174 2032; x_wconf 77' lang='lat' dir='ltr'><strong>sacramentis</strong></span> <span class='ocrx_word' id='word_1_331' title='bbox 3198 1980 3435 2036; x_wconf 82' lang='lat' dir='ltr'><strong>obstricti</strong></span> <span class='ocrx_word' id='word_1_332' title='bbox 3464 1991 3615 2035; x_wconf 90' lang='lat' dir='ltr'><strong>sunt.-</strong></span> 
     </span>
    </p>
   </div>
   <div class='ocr_carea' id='block_1_49' title="bbox 2032 2067 3610 2134">
    <p class='ocr_par' dir='ltr' id='par_1_49' title="bbox 2032 2067 3610 2134">
     <span class='ocr_line' id='line_1_49' title="bbox 2032 2067 3610 2134; baseline 0.003 -15"><span class='ocrx_word' id='word_1_333' title='bbox 2032 2068 2357 2134; x_wconf 84' lang='lat' dir='ltr'><strong>Arhogastes</strong></span> <span class='ocrx_word' id='word_1_334' title='bbox 2404 2067 2784 2122; x_wconf 79' lang='lat' dir='ltr'><strong>Marcomerem</strong></span> <span class='ocrx_word' id='word_1_335' title='bbox 2825 2077 2878 2121; x_wconf 86' lang='lat' dir='ltr'><strong>et</strong></span> <span class='ocrx_word' id='word_1_336' title='bbox 2920 2068 3224 2122; x_wconf 89' lang='lat' dir='ltr'><strong>Sonnonem</strong></span> <span class='ocrx_word' id='word_1_337' title='bbox 3271 2071 3433 2123; x_wconf 90' lang='lat' dir='ltr'><strong>duces</strong></span> <span class='ocrx_word' id='word_1_338' title='bbox 3473 2070 3610 2125; x_wconf 87' lang='lat' dir='ltr'><strong>odiis</strong></span> 
     </span>
    </p>
   </div>
   <div class='ocr_carea' id='block_1_50' title="bbox 2034 2156 3611 2227">
    <p class='ocr_par' dir='ltr' id='par_1_50' title="bbox 2034 2156 3611 2227">
     <span class='ocr_line' id='line_1_50' title="bbox 2034 2156 3611 2227; baseline 0.003 -18"><span class='ocrx_word' id='word_1_339' title='bbox 2034 2156 2328 2220; x_wconf 86' lang='lat' dir='ltr'><strong>insectans,</strong></span> <span class='ocrx_word' id='word_1_340' title='bbox 2360 2160 2632 2212; x_wconf 84' lang='lat' dir='ltr'><strong>exercitus</strong></span> <span class='ocrx_word' id='word_1_341' title='bbox 2664 2159 2845 2213; x_wconf 81' lang='lat' dir='ltr'><strong>fraude</strong></span> <span class='ocrx_word' id='word_1_342' title='bbox 2879 2159 3115 2213; x_wconf 69' lang='lat' dir='ltr'><strong>Francos</strong></span> <span class='ocrx_word' id='word_1_343' title='bbox 3143 2159 3395 2227; x_wconf 86' lang='lat' dir='ltr'><strong>deceptos</strong></span> <span class='ocrx_word' id='word_1_344' title='bbox 3414 2203 3427 2225; x_wconf 92' lang='lat'><strong>,</strong></span> <span class='ocrx_word' id='word_1_345' title='bbox 3454 2176 3611 2214; x_wconf 90' lang='lat' dir='ltr'><strong>uren-</strong></span> 
     </span>
    </p>
   </div>
   <div class='ocr_carea' id='block_1_51' title="bbox 2033 2248 3610 2319">
    <p class='ocr_par' dir='ltr' id='par_1_51' title="bbox 2033 2248 3610 2319">
     <span class='ocr_line' id='line_1_51' title="bbox 2033 2248 3610 2319; baseline 0.002 -19"><span class='ocrx_word' id='word_1_346' title='bbox 2033 2248 2240 2317; x_wconf 85' lang='lat' dir='ltr'><strong>dosque</strong></span> <span class='ocrx_word' id='word_1_347' title='bbox 2266 2264 2386 2301; x_wconf 90' lang='lat' dir='ltr'><strong>cum</strong></span> <span class='ocrx_word' id='word_1_348' title='bbox 2416 2250 2660 2303; x_wconf 67' lang='lat' dir='ltr'><strong>decns~is</strong></span> <span class='ocrx_word' id='word_1_349' title='bbox 2690 2250 2860 2315; x_wconf 88' lang='lat' dir='ltr'><strong>foliis,</strong></span> <span class='ocrx_word' id='word_1_350' title='bbox 2891 2250 3048 2302; x_wconf 68' lang='lat' dir='ltr'><strong>nuda:</strong></span> <span class='ocrx_word' id='word_1_351' title='bbox 3088 2261 3247 2319; x_wconf 91' lang='lat' dir='ltr'><strong>atque</strong></span> <span class='ocrx_word' id='word_1_352' title='bbox 3284 2260 3497 2304; x_wconf 88' lang='lat' dir='ltr'><strong>arentes</strong></span> <span class='ocrx_word' id='word_1_353' title='bbox 3519 2250 3610 2303; x_wconf 88' lang='lat' dir='ltr'><strong>sil-</strong></span> 
     </span>
    </p>
   </div>
   <div class='ocr_carea' id='block_1_52' title="bbox 2036 2339 3611 2410">
    <p class='ocr_par' dir='ltr' id='par_1_52' title="bbox 2036 2339 3611 2410">
     <span class='ocr_line' id='line_1_52' title="bbox 2036 2339 3611 2410; baseline 0.003 -19"><span class='ocrx_word' id='word_1_354' title='bbox 2036 2353 2116 2392; x_wconf 71' lang='lat' dir='ltr'><strong>vre</strong></span> <span class='ocrx_word' id='word_1_355' title='bbox 2148 2339 2463 2393; x_wconf 89' lang='lat' dir='ltr'><strong>insidiantes</strong></span> <span class='ocrx_word' id='word_1_356' title='bbox 2486 2340 2777 2409; x_wconf 80' lang='lat' dir='ltr'><strong>aggredere</strong></span> <span class='ocrx_word' id='word_1_357' title='bbox 2798 2383 2812 2404; x_wconf 93' lang='lat'><strong>,</strong></span> <span class='ocrx_word' id='word_1_358' title='bbox 2845 2351 3176 2408; x_wconf 84' lang='lat' dir='ltr'><strong>transgresso</strong></span> <span class='ocrx_word' id='word_1_359' title='bbox 3209 2339 3395 2394; x_wconf 72' lang='lat' dir='ltr'><strong>ltbeno</strong></span> <span class='ocrx_word' id='word_1_360' title='bbox 3419 2356 3611 2410; x_wconf 82' lang='lat' dir='ltr'><strong>pagum</strong></span> 
     </span>
    </p>
   </div>
   <div class='ocr_carea' id='block_1_53' title="bbox 2034 2427 3307 2499">
    <p class='ocr_par' dir='ltr' id='par_1_53' title="bbox 2034 2427 3307 2499">
     <span class='ocr_line' id='line_1_53' title="bbox 2034 2427 3307 2499; baseline 0 -19"><span class='ocrx_word' id='word_1_361' title='bbox 2034 2444 2189 2499; x_wconf 83' lang='lat' dir='ltr'><strong>quem</strong></span> <span class='ocrx_word' id='word_1_362' title='bbox 2217 2427 2471 2482; x_wconf 81' lang='lat' dir='ltr'><strong>Cbamavi</strong></span> <span class='ocrx_word' id='word_1_363' title='bbox 2497 2437 2521 2475; x_wconf 74' lang='grc' dir='ltr'>ε</span> <span class='ocrx_word' id='word_1_364' title='bbox 2546 2429 2803 2495; x_wconf 85' lang='lat' dir='ltr'><strong>incolunt,</strong></span> <span class='ocrx_word' id='word_1_365' title='bbox 2834 2430 3181 2497; x_wconf 85' lang='lat' dir='ltr'><strong>depopulatus</strong></span> <span class='ocrx_word' id='word_1_366' title='bbox 3207 2439 3307 2482; x_wconf 85' lang='lat' dir='ltr'><strong>est.</strong></span> 
     </span>
    </p>
   </div>
   <div class='ocr_carea' id='block_1_54' title="bbox 2108 2556 3613 2639">
    <p class='ocr_par' dir='ltr' id='par_1_54' title="bbox 2108 2556 3613 2639">
     <span class='ocr_line' id='line_1_54' title="bbox 2108 2556 3613 2639; baseline 0.003 -28"><span class='ocrx_word' id='word_1_367' title='bbox 2108 2556 2173 2611; x_wconf 82' lang='lat' dir='ltr'><strong>V.</strong></span> <span class='ocrx_word' id='word_1_368' title='bbox 2217 2556 2416 2611; x_wconf 85' lang='lat' dir='ltr'><strong>Dehinc</strong></span> <span class='ocrx_word' id='word_1_369' title='bbox 2464 2558 2741 2612; x_wconf 77' lang='lat' dir='ltr'><strong>exstinctis</strong></span> <span class='ocrx_word' id='word_1_370' title='bbox 2788 2556 3118 2639; x_wconf 32' lang='lat' dir='ltr'><strong>ducibus‘in</strong></span> <span class='ocrx_word' id='word_1_371' title='bbox 3168 2557 3387 2611; x_wconf 77' lang='lat' dir='ltr'><strong>Francis</strong></span> <span class='ocrx_word' id='word_1_372' title='bbox 3434 2556 3613 2615; x_wconf 78' lang='lat' dir='ltr'><strong>denuo</strong></span> 
     </span>
    </p>
   </div>
   <div class='ocr_carea' id='block_1_55' title="bbox 2037 2642 3611 2718">
    <p class='ocr_par' dir='ltr' id='par_1_55' title="bbox 2037 2642 3611 2718">
     <span class='ocr_line' id='line_1_55' title="bbox 2037 2642 3611 2718; baseline 0.003 -17"><span class='ocrx_word' id='word_1_373' title='bbox 2037 2662 2195 2715; x_wconf 88' lang='lat' dir='ltr'><strong>reges</strong></span> <span class='ocrx_word' id='word_1_374' title='bbox 2244 2660 2493 2704; x_wconf 85' lang='lat' dir='ltr'><strong>creantur</strong></span> <span class='ocrx_word' id='word_1_375' title='bbox 2540 2664 2608 2702; x_wconf 83' lang='lat' dir='ltr'><strong>ex</strong></span> <span class='ocrx_word' id='word_1_376' title='bbox 2656 2642 2841 2703; x_wconf 88' lang='lat' dir='ltr'><strong>eadem</strong></span> <span class='ocrx_word' id='word_1_377' title='bbox 2884 2649 3047 2717; x_wconf 89' lang='lat' dir='ltr'><strong>stirpe</strong></span> <span class='ocrx_word' id='word_1_378' title='bbox 3095 2664 3196 2718; x_wconf 83' lang='lat' dir='ltr'><strong>qua</strong></span> <span class='ocrx_word' id='word_1_379' title='bbox 3230 2649 3373 2717; x_wconf 86' lang='lat' dir='ltr'><strong>prius</strong></span> <span class='ocrx_word' id='word_1_380' title='bbox 3406 2649 3611 2705; x_wconf 88' lang='lat' dir='ltr'><strong>fuerant</strong></span> 
     </span>
    </p>
   </div>
   <div class='ocr_carea' id='block_1_56' title="bbox 2037 2735 2246 2807">
    <p class='ocr_par' dir='ltr' id='par_1_56' title="bbox 2037 2735 2246 2807">
     <span class='ocr_line' id='line_1_56' title="bbox 2037 2735 2246 2807; baseline 0.014 -19"><span class='ocrx_word' id='word_1_381' title='bbox 2037 2735 2246 2807; x_wconf 51' lang='lat' dir='ltr'><strong>una).</strong></span> 
     </span>
    </p>
   </div>
   <div class='ocr_carea' id='block_1_57' title="bbox 2112 2868 3609 2939">
    <p class='ocr_par' dir='ltr' id='par_1_57' title="bbox 2112 2868 3609 2939">
     <span class='ocr_line' id='line_1_57' title="bbox 2112 2868 3609 2939; baseline 0.003 -19"><span class='ocrx_word' id='word_1_382' title='bbox 2112 2868 2195 2927; x_wconf 80' lang='lat' dir='ltr'><strong>Vl.</strong></span> <span class='ocrx_word' id='word_1_383' title='bbox 2226 2868 2424 2922; x_wconf 85' lang='lat' dir='ltr'><strong>Eodem</strong></span> <span class='ocrx_word' id='word_1_384' title='bbox 2471 2878 2710 2937; x_wconf 86' lang='lat' dir='ltr'><strong>tempore</strong></span> <span class='ocrx_word' id='word_1_385' title='bbox 2759 2868 3011 2922; x_wconf 67' lang='lat' dir='ltr'><strong>.lwianus</strong></span> <span class='ocrx_word' id='word_1_386' title='bbox 3054 2880 3273 2925; x_wconf 90' lang='lat' dir='ltr'><strong>ornatus</strong></span> <span class='ocrx_word' id='word_1_387' title='bbox 3320 2871 3493 2939; x_wconf 86' lang='lat' dir='ltr'><strong>regios</strong></span> <span class='ocrx_word' id='word_1_388' title='bbox 3522 2886 3609 2925; x_wconf 82' lang='lat' dir='ltr'><strong>as-</strong></span> 
     </span>
    </p>
   </div>
   <div class='ocr_carea' id='block_1_58' title="bbox 2037 2958 3611 3026">
    <p class='ocr_par' dir='ltr' id='par_1_58' title="bbox 2037 2958 3611 3026">
     <span class='ocr_line' id='line_1_58' title="bbox 2037 2958 3611 3026; baseline 0.004 -15"><span class='ocrx_word' id='word_1_389' title='bbox 2037 2958 2286 3025; x_wconf 81' lang='lat' dir='ltr'><strong>sumpsit.</strong></span> <span class='ocrx_word' id='word_1_390' title='bbox 2327 2960 2711 3012; x_wconf 70' lang='lat' dir='ltr'><strong>Comtantmus</strong></span> <span class='ocrx_word' id='word_1_391' title='bbox 2761 2964 2937 3026; x_wconf 77' lang='lat' dir='ltr'><strong>fugam</strong></span> <span class='ocrx_word' id='word_1_392' title='bbox 2986 2969 3197 3015; x_wconf 78' lang='lat' dir='ltr'><strong>vertens</strong></span> <span class='ocrx_word' id='word_1_393' title='bbox 3242 2961 3442 3015; x_wconf 83' lang='lat' dir='ltr'><strong>Italiam</strong></span> <span class='ocrx_word' id='word_1_394' title='bbox 3485 2963 3611 3017; x_wconf 38' lang='lat' dir='ltr'><strong>diris</strong></span> 
     </span>
    </p>
   </div>
   <div class='ocr_carea' id='block_1_59' title="bbox 2036 3046 3611 3119">
    <p class='ocr_par' dir='ltr' id='par_1_59' title="bbox 2036 3046 3611 3119">
     <span class='ocr_line' id='line_1_59' title="bbox 2036 3046 3611 3119; baseline 0.005 -19"><span class='ocrx_word' id='word_1_395' title='bbox 2036 3049 2133 3118; x_wconf 87' lang='lat' dir='ltr'><strong>git,</strong></span> <span class='ocrx_word' id='word_1_396' title='bbox 2165 3048 2342 3101; x_wconf 70' lang='lat' dir='ltr'><strong>&quot;liaSiS</strong></span> <span class='ocrx_word' id='word_1_397' title='bbox 2366 3066 2393 3100; x_wconf 91' lang='lat' dir='ltr'><strong>a</strong></span> <span class='ocrx_word' id='word_1_398' title='bbox 2411 3048 2633 3101; x_wconf 83' lang='lat' dir='ltr'><strong>Joviano</strong></span> <span class='ocrx_word' id='word_1_399' title='bbox 2650 3046 2676 3083; x_wconf 66' lang='grc' dir='ltr'><strong>ιι</strong></span> <span class='ocrx_word' id='word_1_400' title='bbox 2699 3050 2930 3116; x_wconf 80' lang='lat' dir='ltr'><strong>principe</strong></span> <span class='ocrx_word' id='word_1_401' title='bbox 2951 3051 3160 3104; x_wconf 85' lang='lat' dir='ltr'><strong>obviam</strong></span> <span class='ocrx_word' id='word_1_402' title='bbox 3188 3052 3611 3119; x_wconf 80' lang='lat' dir='ltr'><strong>percussoribus,</strong></span> 
     </span>
    </p>
   </div>
   <div class='ocr_carea' id='block_1_60' title="bbox 2037 3136 3612 3209">
    <p class='ocr_par' dir='ltr' id='par_1_60' title="bbox 2037 3136 3612 3209">
     <span class='ocr_line' id='line_1_60' title="bbox 2037 3136 3612 3209; baseline 0.003 -18"><span class='ocrx_word' id='word_1_403' title='bbox 2037 3153 2197 3205; x_wconf 86' lang='lat' dir='ltr'><strong>super</strong></span> <span class='ocrx_word' id='word_1_404' title='bbox 2228 3136 2424 3192; x_wconf 79' lang='lat' dir='ltr'><strong>Mentio</strong></span> <span class='ocrx_word' id='word_1_405' title='bbox 2462 3136 2475 3174; x_wconf 73' lang='grc' dir='ltr'><strong>ί</strong></span> <span class='ocrx_word' id='word_1_406' title='bbox 2515 3138 2729 3191; x_wconf 86' lang='lat' dir='ltr'><strong>flumine</strong></span> <span class='ocrx_word' id='word_1_407' title='bbox 2753 3142 2925 3209; x_wconf 83' lang='lat' dir='ltr'><strong>rapite</strong></span> <span class='ocrx_word' id='word_1_408' title='bbox 2957 3151 3249 3195; x_wconf 81' lang='lat' dir='ltr'><strong>truncatur.</strong></span> <span class='ocrx_word' id='word_1_409' title='bbox 3288 3142 3432 3196; x_wconf 86' lang='lat' dir='ltr'><strong>Multi</strong></span> <span class='ocrx_word' id='word_1_410' title='bbox 3464 3144 3612 3198; x_wconf 77' lang='lat' dir='ltr'><strong>nobi-</strong></span> 
     </span>
    </p>
   </div>
   <div class='ocr_carea' id='block_1_61' title="bbox 352 3213 1929 3300">
    <p class='ocr_par' dir='ltr' id='par_1_61' title="bbox 352 3213 1929 3283">
     <span class='ocr_line' id='line_1_61' title="bbox 352 3213 1929 3283; baseline -0.001 -17"><span class='ocrx_word' id='word_1_411' title='bbox 352 3213 620 3283; x_wconf 78' lang='lat' dir='ltr'><strong>Europam</strong></span> <span class='ocrx_word' id='word_1_412' title='bbox 652 3214 825 3268; x_wconf 88' lang='lat' dir='ltr'><strong>media</strong></span> <span class='ocrx_word' id='word_1_413' title='bbox 864 3230 927 3267; x_wconf 88' lang='lat' dir='ltr'><strong>ex</strong></span> <span class='ocrx_word' id='word_1_414' title='bbox 958 3213 1087 3282; x_wconf 86' lang='lat' dir='ltr'><strong>ipsis</strong></span> <span class='ocrx_word' id='word_1_415' title='bbox 1112 3229 1233 3282; x_wconf 89' lang='lat' dir='ltr'><strong>pars</strong></span> <span class='ocrx_word' id='word_1_416' title='bbox 1258 3229 1375 3266; x_wconf 89' lang='lat' dir='ltr'><strong>cum</strong></span> <span class='ocrx_word' id='word_1_417' title='bbox 1421 3213 1718 3267; x_wconf 82' lang='lat' dir='ltr'><strong>Francione</strong></span> <span class='ocrx_word' id='word_1_418' title='bbox 1746 3228 1929 3267; x_wconf 81' lang='lat' dir='ltr'><strong>comm</strong></span> 
     </span>
    </p>
   </div>
   <div class='ocr_carea' id='block_1_62' title="bbox 2033 3213 3614 3300">
    <p class='ocr_par' dir='ltr' id='par_1_62' title="bbox 2040 3218 3614 3300">
     <span class='ocr_line' id='line_1_62' title="bbox 2040 3218 3614 3300; baseline 0.004 -18"><span class='ocrx_word' id='word_1_419' title='bbox 2040 3229 2165 3282; x_wconf 84' lang='lat' dir='ltr'><strong>liu‘m</strong></span> <span class='ocrx_word' id='word_1_420' title='bbox 2193 3229 2346 3298; x_wconf 86' lang='lat' dir='ltr'><strong>jussu</strong></span> <span class='ocrx_word' id='word_1_421' title='bbox 2374 3218 2579 3282; x_wconf 75' lang='lat' dir='ltr'><strong>Joviani</strong></span> <span class='ocrx_word' id='word_1_422' title='bbox 2611 3230 2749 3298; x_wconf 84' lang='lat' dir='ltr'><strong>apud</strong></span> <span class='ocrx_word' id='word_1_423' title='bbox 2781 3232 3033 3284; x_wconf 73' lang='lat' dir='ltr'><strong>Arvernis</strong></span> <span class='ocrx_word' id='word_1_424' title='bbox 3064 3234 3223 3300; x_wconf 85' lang='lat' dir='ltr'><strong>capti,</strong></span> <span class='ocrx_word' id='word_1_425' title='bbox 3257 3242 3310 3287; x_wconf 85' lang='lat' dir='ltr'><strong>et</strong></span> <span class='ocrx_word' id='word_1_426' title='bbox 3335 3248 3363 3287; x_wconf 90' lang='lat' dir='ltr'><strong>a</strong></span> <span class='ocrx_word' id='word_1_427' title='bbox 3391 3234 3614 3290; x_wconf 85' lang='lat' dir='ltr'><strong>ducibus</strong></span> 
     </span>
    </p>
   </div>
   <div class='ocr_carea' id='block_1_63' title="bbox 352 3304 1929 3376">
    <p class='ocr_par' dir='ltr' id='par_1_63' title="bbox 352 3304 1929 3376">
     <span class='ocr_line' id='line_1_63' title="bbox 352 3304 1929 3376; baseline 0 -17"><span class='ocrx_word' id='word_1_428' title='bbox 352 3316 476 3373; x_wconf 81' lang='lat' dir='ltr'><strong>rege</strong></span> <span class='ocrx_word' id='word_1_429' title='bbox 508 3307 744 3376; x_wconf 83' lang='lat' dir='ltr'><strong>ingressa</strong></span> <span class='ocrx_word' id='word_1_430' title='bbox 776 3307 890 3359; x_wconf 91' lang='lat' dir='ltr'><strong>fuit.</strong></span> <span class='ocrx_word' id='word_1_431' title='bbox 951 3304 1050 3371; x_wconf 85' lang='lat' dir='ltr'><strong>Qui</strong></span> <span class='ocrx_word' id='word_1_432' title='bbox 1097 3305 1363 3373; x_wconf 76' lang='lat' dir='ltr'><strong>Europam</strong></span> <span class='ocrx_word' id='word_1_433' title='bbox 1396 3316 1778 3373; x_wconf 81' lang='lat' dir='ltr'><strong>pervagantes,</strong></span> <span class='ocrx_word' id='word_1_434' title='bbox 1810 3320 1929 3359; x_wconf 85' lang='lat' dir='ltr'><strong>eum</strong></span> 
     </span>
    </p>
   </div>
   <div class='ocr_carea' id='block_1_64' title="bbox 352 3397 1933 3465">
    <p class='ocr_par' dir='ltr' id='par_1_64' title="bbox 352 3397 1933 3465">
     <span class='ocr_line' id='line_1_64' title="bbox 352 3397 1933 3465; baseline 0.002 -17"><span class='ocrx_word' id='word_1_435' title='bbox 352 3398 607 3453; x_wconf 80' lang='lat' dir='ltr'><strong>uxoribus</strong></span> <span class='ocrx_word' id='word_1_436' title='bbox 654 3407 709 3452; x_wconf 90' lang='lat' dir='ltr'><strong>et</strong></span> <span class='ocrx_word' id='word_1_437' title='bbox 752 3397 935 3452; x_wconf 68' lang='lat' dir='ltr'><strong>liberis</strong></span> <span class='ocrx_word' id='word_1_438' title='bbox 976 3397 1144 3451; x_wconf 79' lang='lat' dir='ltr'><strong>ltbeni</strong></span> <span class='ocrx_word' id='word_1_439' title='bbox 1191 3397 1357 3465; x_wconf 86' lang='lat' dir='ltr'><strong>ripam</strong></span> <span class='ocrx_word' id='word_1_440' title='bbox 1406 3406 1777 3462; x_wconf 84' lang='lat' dir='ltr'><strong>occuparunt,</strong></span> <span class='ocrx_word' id='word_1_441' title='bbox 1835 3412 1933 3454; x_wconf 87' lang='lat' dir='ltr'><strong>nec</strong></span> 
     </span>
    </p>
   </div>
   <div class='ocr_carea' id='block_1_65' title="bbox 354 3486 1933 3557">
    <p class='ocr_par' dir='ltr' id='par_1_65' title="bbox 354 3486 1933 3557">
     <span class='ocr_line' id='line_1_65' title="bbox 354 3486 1933 3557; baseline 0.002 -18"><span class='ocrx_word' id='word_1_442' title='bbox 354 3489 535 3556; x_wconf 89' lang='lat' dir='ltr'><strong>procul</strong></span> <span class='ocrx_word' id='word_1_443' title='bbox 573 3503 604 3541; x_wconf 86' lang='lat' dir='ltr'><strong>a</strong></span> <span class='ocrx_word' id='word_1_444' title='bbox 648 3488 840 3543; x_wconf 81' lang='lat' dir='ltr'><strong>Rheno</strong></span> <span class='ocrx_word' id='word_1_445' title='bbox 882 3488 1151 3545; x_wconf 87' lang='lat' dir='ltr'><strong>civitatem</strong></span> <span class='ocrx_word' id='word_1_446' title='bbox 1197 3488 1262 3541; x_wconf 90' lang='lat' dir='ltr'><strong>ad</strong></span> <span class='ocrx_word' id='word_1_447' title='bbox 1295 3489 1464 3541; x_wconf 31' lang='lat' dir='ltr'><strong>instar</strong></span> <span class='ocrx_word' id='word_1_448' title='bbox 1491 3486 1667 3557; x_wconf 73' lang='lat' dir='ltr'><strong>Troja:</strong></span> <span class='ocrx_word' id='word_1_449' title='bbox 1700 3491 1933 3542; x_wconf 56' lang='lat' dir='ltr'><strong>nominis</strong></span> 
     </span>
    </p>
   </div>
   <div class='ocr_carea' id='block_1_66' title="bbox 354 3577 1932 3648">
    <p class='ocr_par' dir='ltr' id='par_1_66' title="bbox 354 3577 1932 3648">
     <span class='ocr_line' id='line_1_66' title="bbox 354 3577 1932 3648; baseline 0.001 -16"><span class='ocrx_word' id='word_1_450' title='bbox 354 3577 618 3633; x_wconf 78' lang='lat' dir='ltr'><strong>:edificare</strong></span> <span class='ocrx_word' id='word_1_451' title='bbox 639 3580 818 3632; x_wconf 89' lang='lat' dir='ltr'><strong>conati</strong></span> <span class='ocrx_word' id='word_1_452' title='bbox 857 3586 993 3633; x_wconf 88' lang='lat' dir='ltr'><strong>sunt.</strong></span> <span class='ocrx_word' id='word_1_453' title='bbox 1059 3578 1300 3647; x_wconf 68' lang='lat' dir='ltr'><strong>(imptum</strong></span> <span class='ocrx_word' id='word_1_454' title='bbox 1327 3578 1540 3648; x_wconf 89' lang='lat' dir='ltr'><strong>quidem</strong></span> <span class='ocrx_word' id='word_1_455' title='bbox 1570 3589 1675 3643; x_wconf 88' lang='lat' dir='ltr'><strong>est,</strong></span> <span class='ocrx_word' id='word_1_456' title='bbox 1707 3580 1801 3634; x_wconf 89' lang='lat' dir='ltr'><strong>sed</strong></span> <span class='ocrx_word' id='word_1_457' title='bbox 1836 3586 1932 3634; x_wconf 81' lang='lat' dir='ltr'><strong>ini--</strong></span> 
     </span>
    </p>
   </div>
   <div class='ocr_carea' id='block_1_67' title="bbox 353 3671 1924 3742">
    <p class='ocr_par' dir='ltr' id='par_1_67' title="bbox 353 3671 1924 3742">
     <span class='ocr_line' id='line_1_67' title="bbox 353 3671 1924 3742; baseline -0.001 -18"><span class='ocrx_word' id='word_1_458' title='bbox 353 3674 645 3742; x_wconf 89' lang='lat' dir='ltr'><strong>perfectum</strong></span> <span class='ocrx_word' id='word_1_459' title='bbox 676 3686 809 3741; x_wconf 92' lang='lat' dir='ltr'><strong>opus</strong></span> <span class='ocrx_word' id='word_1_460' title='bbox 838 3671 1113 3727; x_wconf 63' lang='lat' dir='ltr'><strong>remansit.</strong></span> <span class='ocrx_word' id='word_1_461' title='bbox 1160 3672 1388 3728; x_wconf 78' lang='lat' dir='ltr'><strong>Residua</strong></span> <span class='ocrx_word' id='word_1_462' title='bbox 1414 3687 1597 3727; x_wconf 90' lang='lat' dir='ltr'><strong>eorum</strong></span> <span class='ocrx_word' id='word_1_463' title='bbox 1632 3688 1775 3741; x_wconf 85' lang='lat' dir='ltr'><strong>pars,</strong></span> <span class='ocrx_word' id='word_1_464' title='bbox 1806 3690 1875 3741; x_wconf 83' lang='lat' dir='ltr'><strong>qu</strong></span> <span class='ocrx_word' id='word_1_465' title='bbox 1897 3693 1924 3723; x_wconf 71' lang='grc' dir='ltr'>ιε</span> 
     </span>
    </p>
   </div>
   <div class='ocr_carea' id='block_1_68' title="bbox 351 3763 1931 3831">
    <p class='ocr_par' dir='ltr' id='par_1_68' title="bbox 351 3763 1931 3831">
     <span class='ocr_line' id='line_1_68' title="bbox 351 3763 1931 3831; baseline -0.001 -13"><span class='ocrx_word' id='word_1_466' title='bbox 351 3778 512 3831; x_wconf 79' lang='lat' dir='ltr'><strong>super</strong></span> <span class='ocrx_word' id='word_1_467' title='bbox 541 3763 720 3817; x_wconf 88' lang='lat' dir='ltr'><strong>littore</strong></span> <span class='ocrx_word' id='word_1_468' title='bbox 749 3763 975 3816; x_wconf 88' lang='lat' dir='ltr'><strong>Danuvii</strong></span> <span class='ocrx_word' id='word_1_469' title='bbox 1009 3771 1370 3827; x_wconf 81' lang='lat' dir='ltr'><strong>remanserat,</strong></span> <span class='ocrx_word' id='word_1_470' title='bbox 1403 3764 1630 3818; x_wconf 88' lang='lat' dir='ltr'><strong>electum</strong></span> <span class='ocrx_word' id='word_1_471' title='bbox 1657 3780 1685 3816; x_wconf 89' lang='lat' dir='ltr'><strong>a</strong></span> <span class='ocrx_word' id='word_1_472' title='bbox 1717 3780 1773 3817; x_wconf 86' lang='lat' dir='ltr'><strong>se</strong></span> <span class='ocrx_word' id='word_1_473' title='bbox 1796 3764 1931 3817; x_wconf 84' lang='lat' dir='ltr'><strong>&#39;I‘ur-</strong></span> 
     </span>
    </p>
   </div>
   <div class='ocr_carea' id='block_1_69' title="bbox 353 3854 1929 3925">
    <p class='ocr_par' dir='ltr' id='par_1_69' title="bbox 353 3854 1929 3925">
     <span class='ocr_line' id='line_1_69' title="bbox 353 3854 1929 3925; baseline -0.002 -16"><span class='ocrx_word' id='word_1_474' title='bbox 353 3857 474 3909; x_wconf 81' lang='lat' dir='ltr'><strong>rhot</strong></span> <span class='ocrx_word' id='word_1_475' title='bbox 505 3854 530 3891; x_wconf 76' lang='grc' dir='ltr'><em>ά</em></span> <span class='ocrx_word' id='word_1_476' title='bbox 567 3856 782 3910; x_wconf 86' lang='lat' dir='ltr'><strong>nomine</strong></span> <span class='ocrx_word' id='word_1_477' title='bbox 814 3870 1027 3924; x_wconf 81' lang='lat' dir='ltr'><strong>regem,</strong></span> <span class='ocrx_word' id='word_1_478' title='bbox 1062 3872 1154 3925; x_wconf 82' lang='lat' dir='ltr'><strong>per</strong></span> <span class='ocrx_word' id='word_1_479' title='bbox 1182 3870 1339 3924; x_wconf 91' lang='lat' dir='ltr'><strong>quem</strong></span> <span class='ocrx_word' id='word_1_480' title='bbox 1370 3856 1539 3908; x_wconf 83' lang='lat' dir='ltr'><strong>vocati</strong></span> <span class='ocrx_word' id='word_1_481' title='bbox 1563 3866 1687 3909; x_wconf 91' lang='lat' dir='ltr'><strong>sunt</strong></span> <span class='ocrx_word' id='word_1_482' title='bbox 1714 3854 1929 3920; x_wconf 72' lang='lat' dir='ltr'><strong>Turchi,</strong></span> 
     </span>
    </p>
   </div>
   <div class='ocr_carea' id='block_1_70' title="bbox 354 3945 1933 4016">
    <p class='ocr_par' dir='ltr' id='par_1_70' title="bbox 354 3945 1933 4016">
     <span class='ocr_line' id='line_1_70' title="bbox 354 3945 1933 4016; baseline -0.001 -14"><span class='ocrx_word' id='word_1_483' title='bbox 354 3957 402 4002; x_wconf 87' lang='lat' dir='ltr'><strong>et</strong></span> <span class='ocrx_word' id='word_1_484' title='bbox 450 3962 544 4016; x_wconf 87' lang='lat' dir='ltr'><strong>per</strong></span> <span class='ocrx_word' id='word_1_485' title='bbox 591 3945 940 4002; x_wconf 72' lang='lat' dir='ltr'><strong>Francionem</strong></span> <span class='ocrx_word' id='word_1_486' title='bbox 972 3947 1063 4001; x_wconf 85' lang='lat' dir='ltr'><strong>alii</strong></span> <span class='ocrx_word' id='word_1_487' title='bbox 1106 3948 1272 4002; x_wconf 73' lang='lat' dir='ltr'><strong>vocati</strong></span> <span class='ocrx_word' id='word_1_488' title='bbox 1323 3956 1445 4000; x_wconf 89' lang='lat' dir='ltr'><strong>sunt</strong></span> <span class='ocrx_word' id='word_1_489' title='bbox 1476 3946 1705 4010; x_wconf 87' lang='lat' dir='ltr'><strong>Franci,</strong></span> <span class='ocrx_word' id='word_1_490' title='bbox 1754 3947 1933 4001; x_wconf 89' lang='lat' dir='ltr'><strong>multis</strong></span> 
     </span>
    </p>
   </div>
   <div class='ocr_carea' id='block_1_71' title="bbox 356 4038 1934 4108">
    <p class='ocr_par' dir='ltr' id='par_1_71' title="bbox 356 4038 1934 4108">
     <span class='ocr_line' id='line_1_71' title="bbox 356 4038 1934 4108; baseline 0.001 -17"><span class='ocrx_word' id='word_1_491' title='bbox 356 4053 473 4107; x_wconf 86' lang='lat' dir='ltr'><strong>post</strong></span> <span class='ocrx_word' id='word_1_492' title='bbox 521 4040 855 4108; x_wconf 86' lang='lat' dir='ltr'><strong>temporibus</strong></span> <span class='ocrx_word' id='word_1_493' title='bbox 894 4055 1013 4093; x_wconf 90' lang='lat' dir='ltr'><strong>cum</strong></span> <span class='ocrx_word' id='word_1_494' title='bbox 1067 4038 1291 4093; x_wconf 83' lang='lat' dir='ltr'><strong>ducibus</strong></span> <span class='ocrx_word' id='word_1_495' title='bbox 1341 4050 1588 4093; x_wconf 80' lang='lat' dir='ltr'><strong>externas</strong></span> <span class='ocrx_word' id='word_1_496' title='bbox 1617 4038 1934 4093; x_wconf 87' lang='lat' dir='ltr'><strong>dominatio-</strong></span> 
     </span>
    </p>
   </div>
   <div class='ocr_carea' id='block_1_72' title="bbox 353 4128 1469 4203">
    <p class='ocr_par' dir='ltr' id='par_1_72' title="bbox 353 4128 1469 4203">
     <span class='ocr_line' id='line_1_72' title="bbox 353 4128 1469 4203; baseline -0.002 -19"><span class='ocrx_word' id='word_1_497' title='bbox 353 4146 450 4184; x_wconf 88' lang='lat' dir='ltr'><strong>nes</strong></span> <span class='ocrx_word' id='word_1_498' title='bbox 479 4145 693 4199; x_wconf 87' lang='lat' dir='ltr'><strong>semper</strong></span> <span class='ocrx_word' id='word_1_499' title='bbox 724 4141 982 4201; x_wconf 85' lang='lat' dir='ltr'><strong>negantes</strong></span> <span class='ocrx_word' id='word_1_500' title='bbox 1012 4129 1154 4203; x_wconf 64' lang='lat' dir='ltr'><strong>(CIL,</strong></span> <span class='ocrx_word' id='word_1_501' title='bbox 1186 4128 1469 4199; x_wconf 85' lang='lat' dir='ltr'><strong>regentes].</strong></span> 
     </span>
    </p>
   </div>
   <div class='ocr_carea' id='block_1_73' title="bbox 426 4222 1931 4291">
    <p class='ocr_par' dir='ltr' id='par_1_73' title="bbox 426 4222 1931 4291">
     <span class='ocr_line' id='line_1_73' title="bbox 426 4222 1931 4291; baseline -0.001 -14"><span class='ocrx_word' id='word_1_502' title='bbox 426 4223 509 4277; x_wconf 90' lang='lat' dir='ltr'><strong>Ill.</strong></span> <span class='ocrx_word' id='word_1_503' title='bbox 553 4222 790 4277; x_wconf 88' lang='lat' dir='ltr'><strong>Francos</strong></span> <span class='ocrx_word' id='word_1_504' title='bbox 852 4226 1173 4291; x_wconf 73' lang='lat' dir='ltr'><strong>framSt-gisse</strong></span> <span class='ocrx_word' id='word_1_505' title='bbox 1232 4222 1595 4290; x_wconf 88' lang='lat' dir='ltr'><strong>comperimus</strong></span> <span class='ocrx_word' id='word_1_506' title='bbox 1654 4237 1823 4291; x_wconf 87' lang='lat' dir='ltr'><strong>usque</strong></span> <span class='ocrx_word' id='word_1_507' title='bbox 1867 4222 1931 4275; x_wconf 90' lang='lat' dir='ltr'><strong>ad</strong></span> 
     </span>
    </p>
   </div>
   <div class='ocr_carea' id='block_1_74' title="bbox 352 4311 1932 4380">
    <p class='ocr_par' dir='ltr' id='par_1_74' title="bbox 352 4311 1932 4380">
     <span class='ocr_line' id='line_1_74' title="bbox 352 4311 1932 4380; baseline 0.001 -12"><span class='ocrx_word' id='word_1_508' title='bbox 352 4315 755 4377; x_wconf 75' lang='lat' dir='ltr'><strong>Marcomerem,</strong></span> <span class='ocrx_word' id='word_1_509' title='bbox 784 4312 1095 4367; x_wconf 84' lang='lat' dir='ltr'><strong>Sonnonem</strong></span> <span class='ocrx_word' id='word_1_510' title='bbox 1116 4324 1168 4366; x_wconf 91' lang='lat' dir='ltr'><strong>et</strong></span> <span class='ocrx_word' id='word_1_511' title='bbox 1195 4313 1575 4367; x_wconf 81' lang='lat' dir='ltr'><strong>Ccnebandum</strong></span> <span class='ocrx_word' id='word_1_512' title='bbox 1605 4311 1769 4366; x_wconf 76' lang='lat' dir='ltr'><strong>(luces</strong></span> <span class='ocrx_word' id='word_1_513' title='bbox 1794 4313 1932 4380; x_wconf 78' lang='lat' dir='ltr'><strong>(cap.</strong></span> 
     </span>
    </p>
   </div>
   <div class='ocr_carea' id='block_1_75' title="bbox 351 4404 1935 4477">
    <p class='ocr_par' dir='ltr' id='par_1_75' title="bbox 351 4404 1935 4477">
     <span class='ocr_line' id='line_1_75' title="bbox 351 4404 1935 4477; baseline -0.003 -16"><span class='ocrx_word' id='word_1_514' title='bbox 351 4407 430 4477; x_wconf 83' lang='lat'><strong>9).</strong></span> <span class='ocrx_word' id='word_1_515' title='bbox 460 4406 593 4459; x_wconf 82' lang='lat' dir='ltr'><strong>Cum</strong></span> <span class='ocrx_word' id='word_1_516' title='bbox 637 4407 829 4473; x_wconf 83' lang='lat' dir='ltr'><strong>quibus</strong></span> <span class='ocrx_word' id='word_1_517' title='bbox 882 4404 1210 4472; x_wconf 87' lang='lat' dir='ltr'><strong>temporibus</strong></span> <span class='ocrx_word' id='word_1_518' title='bbox 1264 4404 1603 4471; x_wconf 88' lang='lat' dir='ltr'><strong>imperatoris</strong></span> <span class='ocrx_word' id='word_1_519' title='bbox 1642 4404 1935 4457; x_wconf 79' lang='lat' dir='ltr'><strong>&#39;I‘heudosii</strong></span> 
     </span>
    </p>
   </div>
   <div class='ocr_carea' id='block_1_76' title="bbox 352 4496 1930 4569">
    <p class='ocr_par' dir='ltr' id='par_1_76' title="bbox 352 4496 1930 4569">
     <span class='ocr_line' id='line_1_76' title="bbox 352 4496 1930 4569; baseline -0.003 -16"><span class='ocrx_word' id='word_1_520' title='bbox 352 4500 404 4553; x_wconf 93' lang='lat' dir='ltr'><strong>in</strong></span> <span class='ocrx_word' id='word_1_521' title='bbox 436 4498 774 4555; x_wconf 84' lang='lat' dir='ltr'><strong>Germaniam</strong></span> <span class='ocrx_word' id='word_1_522' title='bbox 828 4508 1261 4569; x_wconf 63' lang='lat' dir='ltr'><strong>prorumpentes,</strong></span> <span class='ocrx_word' id='word_1_523' title='bbox 1312 4511 1476 4567; x_wconf 88' lang='lat' dir='ltr'><strong>pagos</strong></span> <span class='ocrx_word' id='word_1_524' title='bbox 1522 4496 1930 4565; x_wconf 81' lang='lat' dir='ltr'><strong>depopulantes,</strong></span> 
     </span>
    </p>
   </div>
   <div class='ocr_carea' id='block_1_77' title="bbox 2038 3318 3305 3391">
    <p class='ocr_par' dir='ltr' id='par_1_77' title="bbox 2038 3318 3305 3391">
     <span class='ocr_line' id='line_1_77' title="bbox 2038 3318 3305 3391; baseline 0.002 -19"><span class='ocrx_word' id='word_1_525' title='bbox 2038 3318 2257 3372; x_wconf 74' lang='grc' dir='ltr'>Ηυιιιιΐίί</span> <span class='ocrx_word' id='word_1_526' title='bbox 2282 3318 2572 3374; x_wconf 85' lang='lat' dir='ltr'><strong>crudeliter</strong></span> <span class='ocrx_word' id='word_1_527' title='bbox 2603 3323 2910 3388; x_wconf 76' lang='grc' dir='ltr'>ιιιιοιοιιιριὶ</span> <span class='ocrx_word' id='word_1_528' title='bbox 2939 3330 3063 3374; x_wconf 81' lang='lat' dir='ltr'><strong>sunt</strong></span> <span class='ocrx_word' id='word_1_529' title='bbox 3090 3321 3305 3391; x_wconf 80' lang='lat' dir='ltr'><strong>(lbid.).</strong></span> 
     </span>
    </p>
   </div>
   <div class='ocr_carea' id='block_1_78' title="bbox 2112 3452 3614 3513">
    <p class='ocr_par' dir='ltr' id='par_1_78' title="bbox 2112 3452 3614 3513">
     <span class='ocr_line' id='line_1_78' title="bbox 2112 3452 3614 3513; baseline 0.005 -9"><span class='ocrx_word' id='word_1_530' title='bbox 2112 3452 2224 3506; x_wconf 90' lang='lat' dir='ltr'><strong>VII.</strong></span> <span class='ocrx_word' id='word_1_531' title='bbox 2246 3452 2602 3506; x_wconf 88' lang='lat' dir='ltr'><strong>Treverorum</strong></span> <span class='ocrx_word' id='word_1_532' title='bbox 2635 3452 2826 3508; x_wconf 89' lang='lat' dir='ltr'><strong>civitas</strong></span> <span class='ocrx_word' id='word_1_533' title='bbox 2858 3454 3087 3510; x_wconf 85' lang='lat' dir='ltr'><strong>factione</strong></span> <span class='ocrx_word' id='word_1_534' title='bbox 3118 3458 3272 3511; x_wconf 88' lang='lat' dir='ltr'><strong>unius</strong></span> <span class='ocrx_word' id='word_1_535' title='bbox 3299 3473 3361 3512; x_wconf 75' lang='lat' dir='ltr'><strong>ex</strong></span> <span class='ocrx_word' id='word_1_536' title='bbox 3402 3464 3614 3513; x_wconf 81' lang='lat' dir='ltr'><strong>senato-</strong></span> 
     </span>
    </p>
   </div>
   <div class='ocr_carea' id='block_1_79' title="bbox 2037 3544 3611 3618">
    <p class='ocr_par' dir='ltr' id='par_1_79' title="bbox 2037 3544 3611 3618">
     <span class='ocr_line' id='line_1_79' title="bbox 2037 3544 3611 3618; baseline 0.004 -19"><span class='ocrx_word' id='word_1_537' title='bbox 2037 3545 2205 3609; x_wconf 80' lang='lat' dir='ltr'><strong>tibus,</strong></span> <span class='ocrx_word' id='word_1_538' title='bbox 2246 3545 2331 3600; x_wconf 90' lang='lat' dir='ltr'><strong>cui</strong></span> <span class='ocrx_word' id='word_1_539' title='bbox 2357 3560 2553 3599; x_wconf 86' lang='lat' dir='ltr'><strong>nomen</strong></span> <span class='ocrx_word' id='word_1_540' title='bbox 2582 3544 2673 3598; x_wconf 62' lang='lat' dir='ltr'><strong>Luc</strong></span> <span class='ocrx_word' id='word_1_541' title='bbox 2693 3546 2772 3598; x_wconf 83' lang='lat' dir='ltr'><strong>ius</strong></span> <span class='ocrx_word' id='word_1_542' title='bbox 2793 3586 2807 3610; x_wconf 93' lang='lat'><strong>,</strong></span> <span class='ocrx_word' id='word_1_543' title='bbox 2837 3563 2865 3600; x_wconf 88' lang='lat' dir='ltr'><strong>a</strong></span> <span class='ocrx_word' id='word_1_544' title='bbox 2898 3548 3115 3602; x_wconf 86' lang='lat' dir='ltr'><strong>Francis</strong></span> <span class='ocrx_word' id='word_1_545' title='bbox 3138 3560 3287 3618; x_wconf 84' lang='lat' dir='ltr'><strong>capta</strong></span> <span class='ocrx_word' id='word_1_546' title='bbox 3319 3559 3373 3604; x_wconf 91' lang='lat' dir='ltr'><strong>et</strong></span> <span class='ocrx_word' id='word_1_547' title='bbox 3394 3551 3546 3605; x_wconf 89' lang='lat' dir='ltr'><strong>iucen</strong></span> <span class='ocrx_word' id='word_1_548' title='bbox 3582 3570 3611 3606; x_wconf 88' lang='lat' dir='ltr'><strong>a</strong></span> 
     </span>
    </p>
   </div>
   <div class='ocr_carea' id='block_1_80' title="bbox 2035 3637 3615 3704">
    <p class='ocr_par' dir='ltr' id='par_1_80' title="bbox 2035 3637 3615 3704">
     <span class='ocr_line' id='line_1_80' title="bbox 2035 3637 3615 3704; baseline 0.003 -14"><span class='ocrx_word' id='word_1_549' title='bbox 2035 3646 2136 3692; x_wconf 85' lang='lat' dir='ltr'><strong>est.</strong></span> <span class='ocrx_word' id='word_1_550' title='bbox 2166 3637 2299 3691; x_wconf 87' lang='lat' dir='ltr'><strong>Cum</strong></span> <span class='ocrx_word' id='word_1_551' title='bbox 2341 3638 2531 3690; x_wconf 83' lang='lat' dir='ltr'><strong>Avitus</strong></span> <span class='ocrx_word' id='word_1_552' title='bbox 2560 3637 2853 3704; x_wconf 82' lang='lat' dir='ltr'><strong>imperator</strong></span> <span class='ocrx_word' id='word_1_553' title='bbox 2879 3650 3020 3691; x_wconf 65' lang='lat' dir='ltr'><strong>esset</strong></span> <span class='ocrx_word' id='word_1_554' title='bbox 3051 3640 3272 3694; x_wconf 74' lang='lat' dir='ltr'><strong>luxuria:</strong></span> <span class='ocrx_word' id='word_1_555' title='bbox 3304 3641 3532 3702; x_wconf 65' lang='lat' dir='ltr'><strong>deditus,</strong></span> <span class='ocrx_word' id='word_1_556' title='bbox 3564 3652 3615 3695; x_wconf 87' lang='lat' dir='ltr'><strong>el</strong></span> 
     </span>
    </p>
   </div>
   <div class='ocr_carea' id='block_1_81' title="bbox 2036 3729 3614 3799">
    <p class='ocr_par' dir='ltr' id='par_1_81' title="bbox 2036 3729 3614 3799">
     <span class='ocr_line' id='line_1_81' title="bbox 2036 3729 3614 3799; baseline -0.001 -16"><span class='ocrx_word' id='word_1_557' title='bbox 2036 3730 2138 3784; x_wconf 90' lang='lat' dir='ltr'><strong>iste</strong></span> <span class='ocrx_word' id='word_1_558' title='bbox 2177 3729 2370 3784; x_wconf 86' lang='lat' dir='ltr'><strong>Lucius</strong></span> <span class='ocrx_word' id='word_1_559' title='bbox 2396 3730 2614 3784; x_wconf 90' lang='lat' dir='ltr'><strong>haberet</strong></span> <span class='ocrx_word' id='word_1_560' title='bbox 2647 3730 2924 3784; x_wconf 81' lang='lat' dir='ltr'><strong>mulierem</strong></span> <span class='ocrx_word' id='word_1_561' title='bbox 2959 3732 3371 3799; x_wconf 54' lang='lat' dir='ltr'><strong>pulcherrimam</strong></span> <span class='ocrx_word' id='word_1_562' title='bbox 3403 3743 3614 3787; x_wconf 60' lang='lat' dir='ltr'><strong>cuncti.</strong></span> 
     </span>
    </p>
   </div>
   <div class='ocr_carea' id='block_1_82' title="bbox 2036 3821 3615 3892">
    <p class='ocr_par' dir='ltr' id='par_1_82' title="bbox 2036 3821 3615 3892">
     <span class='ocr_line' id='line_1_82' title="bbox 2036 3821 3615 3892; baseline 0.001 -16"><span class='ocrx_word' id='word_1_563' title='bbox 2036 3838 2184 3887; x_wconf 91' lang='lat' dir='ltr'><strong>rum,</strong></span> <span class='ocrx_word' id='word_1_564' title='bbox 2221 3823 2427 3892; x_wconf 85' lang='lat' dir='ltr'><strong>fingens</strong></span> <span class='ocrx_word' id='word_1_565' title='bbox 2468 3822 2657 3875; x_wconf 79' lang='lat' dir='ltr'><strong>Avitus</strong></span> <span class='ocrx_word' id='word_1_566' title='bbox 2702 3821 2770 3875; x_wconf 91' lang='lat' dir='ltr'><strong>ob</strong></span> <span class='ocrx_word' id='word_1_567' title='bbox 2817 3822 3180 3875; x_wconf 75' lang='lat' dir='ltr'><strong>infirmitatem</strong></span> <span class='ocrx_word' id='word_1_568' title='bbox 3209 3823 3449 3890; x_wconf 64' lang='lat' dir='ltr'><strong>Corporis</strong></span> <span class='ocrx_word' id='word_1_569' title='bbox 3476 3822 3615 3877; x_wconf 81' lang='lat' dir='ltr'><strong>Icelo</strong></span> 
     </span>
    </p>
   </div>
   <div class='ocr_carea' id='block_1_83' title="bbox 2034 3908 3615 3983">
    <p class='ocr_par' dir='ltr' id='par_1_83' title="bbox 2034 3908 3615 3983">
     <span class='ocr_line' id='line_1_83' title="bbox 2034 3908 3615 3983; baseline -0.003 -14"><span class='ocrx_word' id='word_1_570' title='bbox 2034 3929 2094 3969; x_wconf 85' lang='lat' dir='ltr'><strong>se</strong></span> <span class='ocrx_word' id='word_1_571' title='bbox 2135 3913 2454 3983; x_wconf 82' lang='lat' dir='ltr'><strong>depremere</strong></span> <span class='ocrx_word' id='word_1_572' title='bbox 2480 3955 2493 3979; x_wconf 93' lang='lat'><strong>,</strong></span> <span class='ocrx_word' id='word_1_573' title='bbox 2535 3912 2692 3979; x_wconf 84' lang='lat' dir='ltr'><strong>jussit</strong></span> <span class='ocrx_word' id='word_1_574' title='bbox 2733 3911 2797 3964; x_wconf 88' lang='lat' dir='ltr'><strong>ad</strong></span> <span class='ocrx_word' id='word_1_575' title='bbox 2846 3926 3033 3965; x_wconf 79' lang='lat' dir='ltr'><strong>oriines</strong></span> <span class='ocrx_word' id='word_1_576' title='bbox 3063 3915 3374 3975; x_wconf 74' lang='lat' dir='ltr'><strong>senatrlces,</strong></span> <span class='ocrx_word' id='word_1_577' title='bbox 3419 3924 3469 3965; x_wconf 90' lang='lat' dir='ltr'><strong>ut</strong></span> <span class='ocrx_word' id='word_1_578' title='bbox 3494 3908 3615 3966; x_wconf 82' lang='lat' dir='ltr'><strong>eum</strong></span> 
     </span>
    </p>
   </div>
   <div class='ocr_carea' id='block_1_84' title="bbox 2036 4002 3615 4073">
    <p class='ocr_par' dir='ltr' id='par_1_84' title="bbox 2036 4002 3615 4073">
     <span class='ocr_line' id='line_1_84' title="bbox 2036 4002 3615 4073; baseline -0.002 -12"><span class='ocrx_word' id='word_1_579' title='bbox 2036 4007 2375 4073; x_wconf 84' lang='lat' dir='ltr'><strong>requirerent</strong></span> <span class='ocrx_word' id='word_1_580' title='bbox 2406 4002 2455 4058; x_wconf 80' lang='lat' dir='ltr'><strong>i.</strong></span> <span class='ocrx_word' id='word_1_581' title='bbox 2496 4003 2735 4069; x_wconf 83' lang='lat' dir='ltr'><strong>Cumque</strong></span> <span class='ocrx_word' id='word_1_582' title='bbox 2756 4019 2888 4055; x_wconf 85' lang='lat' dir='ltr'><strong>uxor</strong></span> <span class='ocrx_word' id='word_1_583' title='bbox 2916 4004 3146 4056; x_wconf 84' lang='lat' dir='ltr'><strong>\euisset</strong></span> <span class='ocrx_word' id='word_1_584' title='bbox 3169 4002 3338 4067; x_wconf 81' lang='lat' dir='ltr'><strong>Lucii,</strong></span> <span class='ocrx_word' id='word_1_585' title='bbox 3370 4004 3523 4072; x_wconf 81' lang='lat' dir='ltr'><strong>vique</strong></span> <span class='ocrx_word' id='word_1_586' title='bbox 3548 4009 3615 4058; x_wconf 86' lang='lat' dir='ltr'><strong>ab</strong></span> 
     </span>
    </p>
   </div>
   <div class='ocr_carea' id='block_1_85' title="bbox 2035 4095 3616 4161">
    <p class='ocr_par' dir='ltr' id='par_1_85' title="bbox 2035 4095 3616 4161">
     <span class='ocr_line' id='line_1_85' title="bbox 2035 4095 3616 4161; baseline -0.001 -10"><span class='ocrx_word' id='word_1_587' title='bbox 2035 4095 2193 4151; x_wconf 85' lang='lat' dir='ltr'><strong>Avito</strong></span> <span class='ocrx_word' id='word_1_588' title='bbox 2224 4109 2481 4161; x_wconf 83' lang='lat' dir='ltr'><strong>Oppressa</strong></span> <span class='ocrx_word' id='word_1_589' title='bbox 2508 4095 2714 4155; x_wconf 83' lang='lat' dir='ltr'><strong>fuisset,</strong></span> <span class='ocrx_word' id='word_1_590' title='bbox 2745 4095 2794 4146; x_wconf 91' lang='lat' dir='ltr'><strong>in</strong></span> <span class='ocrx_word' id='word_1_591' title='bbox 2818 4098 3050 4146; x_wconf 85' lang='lat' dir='ltr'><strong>crastino</strong></span> <span class='ocrx_word' id='word_1_592' title='bbox 3082 4108 3304 4161; x_wconf 78' lang='lat' dir='ltr'><strong>surgens</strong></span> <span class='ocrx_word' id='word_1_593' title='bbox 3346 4096 3411 4148; x_wconf 83' lang='lat' dir='ltr'><strong>de</strong></span> <span class='ocrx_word' id='word_1_594' title='bbox 3444 4106 3616 4149; x_wconf 75' lang='lat' dir='ltr'><strong>strata</strong></span> 
     </span>
    </p>
   </div>
   <div class='ocr_carea' id='block_1_86' title="bbox 2034 4182 3616 4252">
    <p class='ocr_par' dir='ltr' id='par_1_86' title="bbox 2034 4182 3616 4252">
     <span class='ocr_line' id='line_1_86' title="bbox 2034 4182 3616 4252; baseline 0.001 -15"><span class='ocrx_word' id='word_1_595' title='bbox 2034 4186 2221 4237; x_wconf 85' lang='lat' dir='ltr'><strong>Avitus</strong></span> <span class='ocrx_word' id='word_1_596' title='bbox 2261 4184 2401 4237; x_wconf 85' lang='lat' dir='ltr'><strong>dixit</strong></span> <span class='ocrx_word' id='word_1_597' title='bbox 2449 4183 2513 4237; x_wconf 87' lang='lat' dir='ltr'><strong>ad</strong></span> <span class='ocrx_word' id='word_1_598' title='bbox 2560 4182 2817 4237; x_wconf 87' lang='lat' dir='ltr'><strong>Lucium:</strong></span> <span class='ocrx_word' id='word_1_599' title='bbox 2854 4184 2924 4235; x_wconf 79' lang='lat' dir='ltr'><strong>I‘u</strong></span> <span class='ocrx_word' id='word_1_600' title='bbox 2948 4186 3104 4236; x_wconf 81' lang='lat' dir='ltr'><strong>cluas</strong></span> <span class='ocrx_word' id='word_1_601' title='bbox 3148 4188 3385 4239; x_wconf 85' lang='lat' dir='ltr'><strong>thermas</strong></span> <span class='ocrx_word' id='word_1_602' title='bbox 3430 4186 3616 4252; x_wconf 88' lang='lat' dir='ltr'><strong>habes,</strong></span> 
     </span>
    </p>
   </div>
   <div class='ocr_carea' id='block_1_87' title="bbox 2034 4272 3617 4345">
    <p class='ocr_par' dir='ltr' id='par_1_87' title="bbox 2034 4272 3617 4345">
     <span class='ocr_line' id='line_1_87' title="bbox 2034 4272 3617 4345; baseline 0.002 -16"><span class='ocrx_word' id='word_1_603' title='bbox 2034 4285 2089 4329; x_wconf 90' lang='lat' dir='ltr'><strong>et</strong></span> <span class='ocrx_word' id='word_1_604' title='bbox 2119 4274 2306 4345; x_wconf 71' lang='lat' dir='ltr'><strong>frigida</strong></span> <span class='ocrx_word' id='word_1_605' title='bbox 2342 4275 2484 4327; x_wconf 83' lang='lat' dir='ltr'><strong>lavas</strong></span> <span class='ocrx_word' id='word_1_606' title='bbox 2508 4272 2555 4328; x_wconf 59' lang='grc' dir='ltr'>ι.</span> <span class='ocrx_word' id='word_1_607' title='bbox 2592 4274 2715 4328; x_wconf 69' lang='grc' dir='ltr'><strong>11ωο</strong></span> <span class='ocrx_word' id='word_1_608' title='bbox 2739 4275 3039 4341; x_wconf 57' lang='lat' dir='ltr'><strong>indignante</strong></span> <span class='ocrx_word' id='word_1_609' title='bbox 3072 4276 3159 4329; x_wconf 85' lang='lat' dir='ltr'><strong>I.u.</strong></span> <span class='ocrx_word' id='word_1_610' title='bbox 3182 4277 3263 4339; x_wconf 91' lang='lat' dir='ltr'><strong>io,</strong></span> <span class='ocrx_word' id='word_1_611' title='bbox 3306 4294 3398 4331; x_wconf 66' lang='lat' dir='ltr'><strong>sua</strong></span> <span class='ocrx_word' id='word_1_612' title='bbox 3430 4278 3617 4335; x_wconf 88' lang='lat' dir='ltr'><strong>factio-</strong></span> 
     </span>
    </p>
   </div>
   <div class='ocr_carea' id='block_1_88' title="bbox 2034 4366 3333 4436">
    <p class='ocr_par' dir='ltr' id='par_1_88' title="bbox 2034 4366 3333 4436">
     <span class='ocr_line' id='line_1_88' title="bbox 2034 4366 3333 4436; baseline 0.001 -15"><span class='ocrx_word' id='word_1_613' title='bbox 2034 4382 2101 4421; x_wconf 89' lang='lat' dir='ltr'><strong>ne</strong></span> <span class='ocrx_word' id='word_1_614' title='bbox 2129 4366 2332 4436; x_wconf 84' lang='lat' dir='ltr'><strong>direpta</strong></span> <span class='ocrx_word' id='word_1_615' title='bbox 2358 4376 2440 4420; x_wconf 84' lang='lat' dir='ltr'><strong>est</strong></span> <span class='ocrx_word' id='word_1_616' title='bbox 2467 4366 2678 4431; x_wconf 72' lang='lat' dir='ltr'><strong>civitas,</strong></span> <span class='ocrx_word' id='word_1_617' title='bbox 2713 4375 2764 4418; x_wconf 84' lang='lat' dir='ltr'><strong>et</strong></span> <span class='ocrx_word' id='word_1_618' title='bbox 2794 4366 3008 4419; x_wconf 84' lang='lat' dir='ltr'><strong>incensa</strong></span> <span class='ocrx_word' id='word_1_619' title='bbox 3042 4382 3070 4419; x_wconf 87' lang='lat' dir='ltr'><strong>a</strong></span> <span class='ocrx_word' id='word_1_620' title='bbox 3097 4367 3333 4422; x_wconf 62' lang='lat' dir='ltr'><strong>Francis.</strong></span> 
     </span>
    </p>
   </div>
   <div class='ocr_carea' id='block_1_89' title="bbox 2112 4498 3609 4572">
    <p class='ocr_par' dir='ltr' id='par_1_89' title="bbox 2112 4498 3609 4572">
     <span class='ocr_line' id='line_1_89' title="bbox 2112 4498 3609 4572; baseline 0.005 -19"><span class='ocrx_word' id='word_1_621' title='bbox 2112 4499 2241 4553; x_wconf 80' lang='lat' dir='ltr'><strong>VIII.</strong></span> <span class='ocrx_word' id='word_1_622' title='bbox 2268 4498 2515 4553; x_wconf 88' lang='lat' dir='ltr'><strong>Castinns</strong></span> <span class='ocrx_word' id='word_1_623' title='bbox 2543 4502 2961 4554; x_wconf 79' lang='lat' dir='ltr'><strong>dOlnCSliCor::m</strong></span> <span class='ocrx_word' id='word_1_624' title='bbox 3003 4518 3185 4556; x_wconf 84' lang='lat' dir='ltr'><strong>comes</strong></span> <span class='ocrx_word' id='word_1_625' title='bbox 3214 4501 3609 4572; x_wconf 77' lang='lat' dir='ltr'><strong>expeditionem</strong></span> 
     </span>
    </p>
   </div>
   <div class='ocr_carea' id='block_1_90' title="bbox 351 4581 3614 4663">
    <p class='ocr_par' dir='ltr' id='par_1_90' title="bbox 351 4581 3614 4663">
     <span class='ocr_line' id='line_1_90' title="bbox 351 4581 3614 4663; baseline 0.002 -20"><span class='ocrx_word' id='word_1_626' title='bbox 351 4589 509 4645; x_wconf 90' lang='lat' dir='ltr'><strong>etiam</strong></span> <span class='ocrx_word' id='word_1_627' title='bbox 541 4590 779 4646; x_wconf 67' lang='lat' dir='ltr'><strong>Colonia:</strong></span> <span class='ocrx_word' id='word_1_628' title='bbox 820 4597 1020 4645; x_wconf 86' lang='lat' dir='ltr'><strong>metum</strong></span> <span class='ocrx_word' id='word_1_629' title='bbox 1052 4592 1410 4644; x_wconf 83' lang='lat' dir='ltr'><strong>incusserunt.</strong></span> <span class='ocrx_word' id='word_1_630' title='bbox 1456 4589 1605 4656; x_wconf 92' lang='lat' dir='ltr'><strong>Quod</strong></span> <span class='ocrx_word' id='word_1_631' title='bbox 1635 4605 1755 4644; x_wconf 90' lang='lat' dir='ltr'><strong>cum</strong></span> <span class='ocrx_word' id='word_1_632' title='bbox 1797 4590 1931 4645; x_wconf 87' lang='lat' dir='ltr'><strong>Tre-</strong></span> <span class='ocrx_word' id='word_1_633' title='bbox 1963 4581 2015 4640; x_wconf 83' lang='lat' dir='ltr'><strong>D</strong></span> <span class='ocrx_word' id='word_1_634' title='bbox 2042 4592 2247 4662; x_wconf 86' lang='lat' dir='ltr'><strong>accepit</strong></span> <span class='ocrx_word' id='word_1_635' title='bbox 2292 4606 2480 4646; x_wconf 71' lang='lat' dir='ltr'><strong>conira</strong></span> <span class='ocrx_word' id='word_1_636' title='bbox 2531 4592 2763 4647; x_wconf 59' lang='lat' dir='ltr'><strong>Francos</strong></span> <span class='ocrx_word' id='word_1_637' title='bbox 2790 4633 2804 4657; x_wconf 92' lang='lat'><strong>,</strong></span> <span class='ocrx_word' id='word_1_638' title='bbox 2836 4607 3035 4661; x_wconf 81' lang='lat' dir='ltr'><strong>eosque</strong></span> <span class='ocrx_word' id='word_1_639' title='bbox 3077 4595 3331 4663; x_wconf 88' lang='lat' dir='ltr'><strong>proterit,</strong></span> <span class='ocrx_word' id='word_1_640' title='bbox 3368 4595 3614 4654; x_wconf 72' lang='lat' dir='ltr'><strong>Ithemon</strong></span> 
     </span>
    </p>
   </div>
   <div class='ocr_carea' id='block_1_91' title="bbox 419 4748 1927 4823">
    <p class='ocr_par' dir='ltr' id='par_1_91' title="bbox 419 4748 1927 4823">
     <span class='ocr_line' id='line_1_91' title="bbox 419 4748 1927 4823; baseline 0 -19"><span class='ocrx_word' id='word_1_641' title='bbox 419 4760 446 4787; x_wconf 78' lang='grc'>⁸</span> <span class='ocrx_word' id='word_1_642' title='bbox 485 4748 575 4823; x_wconf 85' lang='lat' dir='ltr'><strong>Sic</strong></span> <span class='ocrx_word' id='word_1_643' title='bbox 600 4748 769 4823; x_wconf 82' lang='lat' dir='ltr'><strong>Clar.,</strong></span> <span class='ocrx_word' id='word_1_644' title='bbox 788 4748 924 4823; x_wconf 83' lang='lat' dir='ltr'><strong>Boh.</strong></span> <span class='ocrx_word' id='word_1_645' title='bbox 947 4758 999 4803; x_wconf 91' lang='lat' dir='ltr'><strong>et</strong></span> <span class='ocrx_word' id='word_1_646' title='bbox 1024 4749 1243 4803; x_wconf 82' lang='lat' dir='ltr'><strong>Freher.</strong></span> <span class='ocrx_word' id='word_1_647' title='bbox 1263 4749 1458 4803; x_wconf 85' lang='lat' dir='ltr'><strong>Chesn.</strong></span> <span class='ocrx_word' id='word_1_648' title='bbox 1493 4764 1643 4817; x_wconf 81' lang='lat' dir='ltr'><strong>vero,</strong></span> <span class='ocrx_word' id='word_1_649' title='bbox 1677 4750 1927 4823; x_wconf 79' lang='lat' dir='ltr'><strong>Agetium.</strong></span> 
     </span>
    </p>
   </div>
   <div class='ocr_carea' id='block_1_92' title="bbox 350 4820 1589 4888">
    <p class='ocr_par' dir='ltr' id='par_1_92' title="bbox 350 4820 1589 4888">
     <span class='ocr_line' id='line_1_92' title="bbox 350 4820 1589 4888; baseline 0 -14"><span class='ocrx_word' id='word_1_650' title='bbox 350 4820 503 4881; x_wconf 61' lang='lat' dir='ltr'><strong>Com.</strong></span> <span class='ocrx_word' id='word_1_651' title='bbox 539 4821 760 4883; x_wconf 79' lang='lat' dir='ltr'><strong>Aetium,</strong></span> <span class='ocrx_word' id='word_1_652' title='bbox 791 4822 928 4886; x_wconf 83' lang='lat' dir='ltr'><strong>quod</strong></span> <span class='ocrx_word' id='word_1_653' title='bbox 961 4832 1042 4873; x_wconf 84' lang='lat' dir='ltr'><strong>est</strong></span> <span class='ocrx_word' id='word_1_654' title='bbox 1074 4825 1221 4888; x_wconf 82' lang='lat' dir='ltr'><strong>vulga</strong></span> <span class='ocrx_word' id='word_1_655' title='bbox 1254 4836 1339 4872; x_wconf 89' lang='lat' dir='ltr'><strong>um</strong></span> <span class='ocrx_word' id='word_1_656' title='bbox 1373 4838 1589 4874; x_wconf 87' lang='lat' dir='ltr'><strong>nomen.</strong></span> 
     </span>
    </p>
   </div>
   <div class='ocr_carea' id='block_1_93' title="bbox 423 4888 1929 4957">
    <p class='ocr_par' dir='ltr' id='par_1_93' title="bbox 423 4888 1929 4957">
     <span class='ocr_line' id='line_1_93' title="bbox 423 4888 1929 4957; baseline 0 -13"><span class='ocrx_word' id='word_1_657' title='bbox 423 4890 447 4928; x_wconf 75' lang='grc' dir='ltr'>ι’</span> <span class='ocrx_word' id='word_1_658' title='bbox 488 4889 840 4956; x_wconf 81' lang='lat' dir='ltr'><strong>Fredegarius</strong></span> <span class='ocrx_word' id='word_1_659' title='bbox 866 4932 879 4956; x_wconf 94' lang='lat'><strong>,</strong></span> <span class='ocrx_word' id='word_1_660' title='bbox 912 4900 969 4943; x_wconf 88' lang='lat' dir='ltr'><strong>ut</strong></span> <span class='ocrx_word' id='word_1_661' title='bbox 1014 4892 1066 4944; x_wconf 89' lang='lat' dir='ltr'><strong>in</strong></span> <span class='ocrx_word' id='word_1_662' title='bbox 1099 4888 1413 4957; x_wconf 71' lang='lat' dir='ltr'><strong>praefatimie</strong></span> <span class='ocrx_word' id='word_1_663' title='bbox 1444 4892 1638 4945; x_wconf 89' lang='lat' dir='ltr'><strong>dictum</strong></span> <span class='ocrx_word' id='word_1_664' title='bbox 1669 4901 1772 4955; x_wconf 88' lang='lat' dir='ltr'><strong>est,</strong></span> <span class='ocrx_word' id='word_1_665' title='bbox 1802 4891 1929 4945; x_wconf 86' lang='lat' dir='ltr'><strong>Col—</strong></span> 
     </span>
    </p>
   </div>
   <div class='ocr_carea' id='block_1_94' title="bbox 350 4960 1931 5029">
    <p class='ocr_par' dir='ltr' id='par_1_94' title="bbox 350 4960 1931 5029">
     <span class='ocr_line' id='line_1_94' title="bbox 350 4960 1931 5029; baseline 0.002 -18"><span class='ocrx_word' id='word_1_666' title='bbox 350 4960 632 5016; x_wconf 79' lang='lat' dir='ltr'><strong>lectinnem</strong></span> <span class='ocrx_word' id='word_1_667' title='bbox 675 4961 1062 5013; x_wconf 80' lang='lat' dir='ltr'><strong>Chronicorun‘i</strong></span> <span class='ocrx_word' id='word_1_668' title='bbox 1109 4964 1159 5013; x_wconf 90' lang='lat' dir='ltr'><strong>in</strong></span> <span class='ocrx_word' id='word_1_669' title='bbox 1209 4960 1443 5029; x_wconf 59' lang='lat' dir='ltr'><strong>quinque</strong></span> <span class='ocrx_word' id='word_1_670' title='bbox 1490 4974 1578 5013; x_wconf 86' lang='lat' dir='ltr'><strong>aut</strong></span> <span class='ocrx_word' id='word_1_671' title='bbox 1622 4976 1715 5015; x_wconf 83' lang='lat' dir='ltr'><strong>sex</strong></span> <span class='ocrx_word' id='word_1_672' title='bbox 1768 4962 1931 5015; x_wconf 83' lang='lat' dir='ltr'><strong>libros</strong></span> 
     </span>
    </p>
   </div>
   <div class='ocr_carea' id='block_1_95' title="bbox 349 5030 1926 5097">
    <p class='ocr_par' dir='ltr' id='par_1_95' title="bbox 349 5030 1926 5097">
     <span class='ocr_line' id='line_1_95' title="bbox 349 5030 1926 5097; baseline 0.001 -16"><span class='ocrx_word' id='word_1_673' title='bbox 349 5030 569 5084; x_wconf 71' lang='lat' dir='ltr'><strong>duisam</strong></span> <span class='ocrx_word' id='word_1_674' title='bbox 600 5030 785 5085; x_wconf 88' lang='lat' dir='ltr'><strong>edidit.</strong></span> <span class='ocrx_word' id='word_1_675' title='bbox 845 5032 1003 5083; x_wconf 89' lang='lat' dir='ltr'><strong>Liber</strong></span> <span class='ocrx_word' id='word_1_676' title='bbox 1022 5041 1087 5084; x_wconf 69' lang='lat' dir='ltr'><strong>te:</strong></span> <span class='ocrx_word' id='word_1_677' title='bbox 1106 5033 1207 5084; x_wconf 74' lang='lat' dir='ltr'><strong>tius</strong></span> <span class='ocrx_word' id='word_1_678' title='bbox 1232 5041 1314 5085; x_wconf 83' lang='lat' dir='ltr'><strong>est</strong></span> <span class='ocrx_word' id='word_1_679' title='bbox 1335 5047 1399 5085; x_wconf 85' lang='lat' dir='ltr'><strong>ex</strong></span> <span class='ocrx_word' id='word_1_680' title='bbox 1430 5031 1597 5084; x_wconf 83' lang='lat' dir='ltr'><strong>Idalio</strong></span> <span class='ocrx_word' id='word_1_681' title='bbox 1618 5042 1926 5097; x_wconf 79' lang='lat' dir='ltr'><strong>excerptas,</strong></span> 
     </span>
    </p>
   </div>
   <div class='ocr_carea' id='block_1_96' title="bbox 349 5100 1928 5169">
    <p class='ocr_par' dir='ltr' id='par_1_96' title="bbox 349 5100 1928 5169">
     <span class='ocr_line' id='line_1_96' title="bbox 349 5100 1928 5169; baseline 0.001 -17"><span class='ocrx_word' id='word_1_682' title='bbox 349 5101 436 5169; x_wconf 86' lang='lat' dir='ltr'><strong>qui</strong></span> <span class='ocrx_word' id='word_1_683' title='bbox 482 5102 572 5156; x_wconf 86' lang='lat' dir='ltr'><strong>hic</strong></span> <span class='ocrx_word' id='word_1_684' title='bbox 619 5101 887 5165; x_wconf 89' lang='lat' dir='ltr'><strong>laudatur,</strong></span> <span class='ocrx_word' id='word_1_685' title='bbox 933 5102 1109 5164; x_wconf 71' lang='lat' dir='ltr'><strong>ibique</strong></span> <span class='ocrx_word' id='word_1_686' title='bbox 1154 5100 1331 5154; x_wconf 67' lang='lat' dir='ltr'><strong>[Etius</strong></span> <span class='ocrx_word' id='word_1_687' title='bbox 1364 5102 1559 5155; x_wconf 88' lang='lat' dir='ltr'><strong>dicitur</strong></span> <span class='ocrx_word' id='word_1_688' title='bbox 1590 5103 1759 5168; x_wconf 87' lang='lat' dir='ltr'><strong>primo</strong></span> <span class='ocrx_word' id='word_1_689' title='bbox 1788 5103 1928 5154; x_wconf 85' lang='lat' dir='ltr'><strong>Atti-</strong></span> 
     </span>
    </p>
   </div>
   <div class='ocr_carea' id='block_1_97' title="bbox 348 5171 1925 5241">
    <p class='ocr_par' dir='ltr' id='par_1_97' title="bbox 348 5171 1925 5241">
     <span class='ocr_line' id='line_1_97' title="bbox 348 5171 1925 5241; baseline 0.001 -18"><span class='ocrx_word' id='word_1_690' title='bbox 348 5171 473 5234; x_wconf 57' lang='lat' dir='ltr'><strong>hin,</strong></span> <span class='ocrx_word' id='word_1_691' title='bbox 510 5182 619 5241; x_wconf 87' lang='lat' dir='ltr'><strong>tum</strong></span> <span class='ocrx_word' id='word_1_692' title='bbox 649 5171 1133 5238; x_wconf 82' lang='lat' dir='ltr'><strong>Thorismundum,</strong></span> <span class='ocrx_word' id='word_1_693' title='bbox 1166 5185 1384 5241; x_wconf 87' lang='lat' dir='ltr'><strong>accepta</strong></span> <span class='ocrx_word' id='word_1_694' title='bbox 1412 5173 1480 5225; x_wconf 87' lang='lat' dir='ltr'><strong>ab</strong></span> <span class='ocrx_word' id='word_1_695' title='bbox 1511 5182 1736 5241; x_wconf 85' lang='lat' dir='ltr'><strong>utroque</strong></span> <span class='ocrx_word' id='word_1_696' title='bbox 1766 5185 1925 5240; x_wconf 88' lang='lat' dir='ltr'><strong>pecu-</strong></span> 
     </span>
    </p>
   </div>
   <div class='ocr_carea' id='block_1_98' title="bbox 347 5240 755 5305">
    <p class='ocr_par' dir='ltr' id='par_1_98' title="bbox 347 5240 755 5305">
     <span class='ocr_line' id='line_1_98' title="bbox 347 5240 755 5305; baseline 0 -12"><span class='ocrx_word' id='word_1_697' title='bbox 347 5244 451 5305; x_wconf 89' lang='lat' dir='ltr'><strong>nia,</strong></span> <span class='ocrx_word' id='word_1_698' title='bbox 484 5240 755 5297; x_wconf 77' lang='lat' dir='ltr'><strong>fefellisse.</strong></span> 
     </span>
    </p>
   </div>
   <div class='ocr_carea' id='block_1_99' title="bbox 423 5311 1926 5385">
    <p class='ocr_par' dir='ltr' id='par_1_99' title="bbox 423 5311 1926 5385">
     <span class='ocr_line' id='line_1_99' title="bbox 423 5311 1926 5385; baseline 0 -19"><span class='ocrx_word' id='word_1_699' title='bbox 423 5323 444 5349; x_wconf 72' lang='grc' dir='ltr'><strong><em>ο</em></strong></span> <span class='ocrx_word' id='word_1_700' title='bbox 487 5313 840 5385; x_wconf 84' lang='lat' dir='ltr'><strong>Hieronymus</strong></span> <span class='ocrx_word' id='word_1_701' title='bbox 870 5312 920 5365; x_wconf 91' lang='lat' dir='ltr'><strong>in</strong></span> <span class='ocrx_word' id='word_1_702' title='bbox 955 5313 1058 5365; x_wconf 90' lang='lat' dir='ltr'><strong>vita</strong></span> <span class='ocrx_word' id='word_1_703' title='bbox 1090 5315 1261 5365; x_wconf 86' lang='lat' dir='ltr'><strong>sancti</strong></span> <span class='ocrx_word' id='word_1_704' title='bbox 1292 5312 1613 5366; x_wconf 86' lang='lat' dir='ltr'><strong>Ililarionis:</strong></span> <span class='ocrx_word' id='word_1_705' title='bbox 1656 5311 1802 5366; x_wconf 82' lang='lat' dir='ltr'><strong>Inter</strong></span> <span class='ocrx_word' id='word_1_706' title='bbox 1824 5312 1926 5367; x_wconf 85' lang='lat' dir='ltr'><strong>Sa-</strong></span> 
     </span>
    </p>
   </div>
   <div class='ocr_carea' id='block_1_100' title="bbox 345 5384 1924 5454">
    <p class='ocr_par' dir='ltr' id='par_1_100' title="bbox 345 5384 1924 5454">
     <span class='ocr_line' id='line_1_100' title="bbox 345 5384 1924 5454; baseline -0.001 -17"><span class='ocrx_word' id='word_1_707' title='bbox 345 5397 504 5437; x_wconf 66' lang='lat' dir='ltr'><strong>xones</strong></span> <span class='ocrx_word' id='word_1_708' title='bbox 531 5384 719 5454; x_wconf 72' lang='lat' dir='ltr'><strong>quippe</strong></span> <span class='ocrx_word' id='word_1_709' title='bbox 736 5393 782 5435; x_wconf 77' lang='lat' dir='ltr'><strong>et</strong></span> <span class='ocrx_word' id='word_1_710' title='bbox 797 5384 1103 5454; x_wconf 53' lang='lat' dir='ltr'><strong>Alamannos</strong></span> <span class='ocrx_word' id='word_1_711' title='bbox 1129 5399 1251 5452; x_wconf 75' lang='lat' dir='ltr'><strong>gens</strong></span> <span class='ocrx_word' id='word_1_712' title='bbox 1275 5391 1371 5448; x_wconf 77' lang='lat' dir='ltr'><strong>est,</strong></span> <span class='ocrx_word' id='word_1_713' title='bbox 1394 5399 1494 5434; x_wconf 76' lang='lat' dir='ltr'><strong>non</strong></span> <span class='ocrx_word' id='word_1_714' title='bbox 1516 5391 1621 5435; x_wconf 81' lang='lat' dir='ltr'><strong>tam</strong></span> <span class='ocrx_word' id='word_1_715' title='bbox 1644 5385 1748 5454; x_wconf 83' lang='lat' dir='ltr'><strong>lat_a</strong></span> <span class='ocrx_word' id='word_1_716' title='bbox 1770 5399 1924 5450; x_wconf 85' lang='lat' dir='ltr'><strong>quam</strong></span> 
     </span>
    </p>
   </div>
   <div class='ocr_carea' id='block_1_101' title="bbox 345 5452 1922 5521">
    <p class='ocr_par' dir='ltr' id='par_1_101' title="bbox 345 5452 1922 5521">
     <span class='ocr_line' id='line_1_101' title="bbox 345 5452 1922 5521; baseline 0.001 -15"><span class='ocrx_word' id='word_1_717' title='bbox 345 5454 547 5517; x_wconf 69' lang='lat' dir='ltr'><strong>valida,</strong></span> <span class='ocrx_word' id='word_1_718' title='bbox 576 5452 716 5521; x_wconf 67' lang='grc' dir='ltr'><strong>αριιά</strong></span> <span class='ocrx_word' id='word_1_719' title='bbox 743 5454 1031 5507; x_wconf 77' lang='lat' dir='ltr'><strong>Historiros</strong></span> <span class='ocrx_word' id='word_1_720' title='bbox 1055 5452 1353 5521; x_wconf 70' lang='lat' dir='ltr'><strong>Ger-inania,</strong></span> <span class='ocrx_word' id='word_1_721' title='bbox 1381 5469 1515 5505; x_wconf 81' lang='lat' dir='ltr'><strong>nunc</strong></span> <span class='ocrx_word' id='word_1_722' title='bbox 1544 5468 1660 5507; x_wconf 76' lang='lat' dir='ltr'><strong>vero</strong></span> <span class='ocrx_word' id='word_1_723' title='bbox 1696 5452 1922 5508; x_wconf 82' lang='lat' dir='ltr'><strong>Francia</strong></span> 
     </span>
    </p>
   </div>
   <div class='ocr_carea' id='block_1_102' title="bbox 344 5523 1922 5591">
    <p class='ocr_par' dir='ltr' id='par_1_102' title="bbox 344 5523 1922 5591">
     <span class='ocr_line' id='line_1_102' title="bbox 344 5523 1922 5591; baseline 0.002 -14"><span class='ocrx_word' id='word_1_724' title='bbox 344 5535 572 5579; x_wconf 73' lang='lat' dir='ltr'><strong>matur.</strong></span> <span class='ocrx_word' id='word_1_725' title='bbox 606 5523 893 5591; x_wconf 81' lang='lat' dir='ltr'><strong>ProcOpins</strong></span> <span class='ocrx_word' id='word_1_726' title='bbox 915 5523 1072 5577; x_wconf 86' lang='lat' dir='ltr'><strong>etiam</strong></span> <span class='ocrx_word' id='word_1_727' title='bbox 1096 5526 1485 5579; x_wconf 75' lang='lat' dir='ltr'><strong>Germanorum</strong></span> <span class='ocrx_word' id='word_1_728' title='bbox 1508 5527 1723 5579; x_wconf 84' lang='lat' dir='ltr'><strong>neruiue</strong></span> <span class='ocrx_word' id='word_1_729' title='bbox 1756 5524 1922 5581; x_wconf 81' lang='lat' dir='ltr'><strong>Fran-</strong></span> 
     </span>
    </p>
   </div>
   <div class='ocr_carea' id='block_1_103' title="bbox 342 5595 1521 5664">
    <p class='ocr_par' dir='ltr' id='par_1_103' title="bbox 342 5595 1521 5664">
     <span class='ocr_line' id='line_1_103' title="bbox 342 5595 1521 5664; baseline -0.002 -17"><span class='ocrx_word' id='word_1_730' title='bbox 342 5608 436 5664; x_wconf 87' lang='lat' dir='ltr'><strong>cos</strong></span> <span class='ocrx_word' id='word_1_731' title='bbox 469 5595 663 5660; x_wconf 82' lang='lat' dir='ltr'><strong>passim</strong></span> <span class='ocrx_word' id='word_1_732' title='bbox 692 5596 955 5664; x_wconf 82' lang='lat' dir='ltr'><strong>designat.</strong></span> <span class='ocrx_word' id='word_1_733' title='bbox 1178 5663 1181 5664; x_wconf 15' lang='grc' dir='ltr'><em>ν</em></span> <span class='ocrx_word' id='word_1_734' title='bbox 1520 5628 1521 5631; x_wconf 60' lang='grc' dir='ltr'><strong>η</strong></span> 
     </span>
    </p>
   </div>
   <div class='ocr_carea' id='block_1_104' title="bbox 412 5663 1916 5732">
    <p class='ocr_par' dir='ltr' id='par_1_104' title="bbox 412 5663 1916 5732">
     <span class='ocr_line' id='line_1_104' title="bbox 412 5663 1916 5732; baseline 0.004 -14"><span class='ocrx_word' id='word_1_735' title='bbox 412 5663 442 5701; x_wconf 72' lang='grc' dir='ltr'>ά</span> <span class='ocrx_word' id='word_1_736' title='bbox 484 5668 713 5719; x_wconf 79' lang='lat' dir='ltr'><strong>Aimoin.</strong></span> <span class='ocrx_word' id='word_1_737' title='bbox 757 5663 850 5717; x_wconf 88' lang='lat' dir='ltr'><strong>lib.</strong></span> <span class='ocrx_word' id='word_1_738' title='bbox 906 5678 961 5721; x_wconf 84' lang='grc' dir='ltr'>ιι.</span> <span class='ocrx_word' id='word_1_739' title='bbox 1009 5678 1125 5731; x_wconf 87' lang='lat' dir='ltr'><strong>cap.</strong></span> <span class='ocrx_word' id='word_1_740' title='bbox 1159 5663 1215 5729; x_wconf 63' lang='grc' dir='ltr'>ἓ,</span> <span class='ocrx_word' id='word_1_741' title='bbox 1243 5680 1361 5719; x_wconf 92' lang='lat' dir='ltr'><strong>cum</strong></span> <span class='ocrx_word' id='word_1_742' title='bbox 1394 5665 1525 5719; x_wconf 85' lang='lat' dir='ltr'><strong>Bob.</strong></span> <span class='ocrx_word' id='word_1_743' title='bbox 1555 5705 1568 5732; x_wconf 92' lang='lat'><strong>,</strong></span> <span class='ocrx_word' id='word_1_744' title='bbox 1601 5664 1916 5723; x_wconf 76' lang='lat' dir='ltr'><strong>Torchot....</strong></span> 
     </span>
    </p>
   </div>
   <div class='ocr_carea' id='block_1_105' title="bbox 346 5732 1233 5798">
    <p class='ocr_par' dir='ltr' id='par_1_105' title="bbox 346 5732 1233 5798">
     <span class='ocr_line' id='line_1_105' title="bbox 346 5732 1233 5798; baseline -0.001 -10"><span class='ocrx_word' id='word_1_745' title='bbox 346 5733 553 5788; x_wconf 79' lang='lat' dir='ltr'><strong>Torchi.</strong></span> <span class='ocrx_word' id='word_1_746' title='bbox 585 5737 804 5798; x_wconf 76' lang='lat' dir='ltr'><strong>Boriro,</strong></span> <span class='ocrx_word' id='word_1_747' title='bbox 838 5733 929 5785; x_wconf 70' lang='grc' dir='ltr'>ιιι».</span> <span class='ocrx_word' id='word_1_748' title='bbox 961 5748 994 5798; x_wconf 91' lang='grc' dir='ltr'><strong>ι,</strong></span> <span class='ocrx_word' id='word_1_749' title='bbox 1029 5732 1233 5787; x_wconf 80' lang='lat' dir='ltr'><strong>Torcal.</strong></span> 
     </span>
    </p>
   </div>
   <div class='ocr_carea' id='block_1_106' title="bbox 419 5803 1398 5869">
    <p class='ocr_par' dir='ltr' id='par_1_106' title="bbox 419 5803 1398 5869">
     <span class='ocr_line' id='line_1_106' title="bbox 419 5803 1398 5869; baseline 0.002 -12"><span class='ocrx_word' id='word_1_750' title='bbox 419 5815 441 5843; x_wconf 78' lang='grc'><strong>⁹</strong></span> <span class='ocrx_word' id='word_1_751' title='bbox 484 5806 614 5858; x_wconf 78' lang='lat' dir='ltr'><strong>Bob.</strong></span> <span class='ocrx_word' id='word_1_752' title='bbox 640 5814 692 5860; x_wconf 77' lang='lat' dir='ltr'><strong>et</strong></span> <span class='ocrx_word' id='word_1_753' title='bbox 719 5803 875 5869; x_wconf 62' lang='lat' dir='ltr'><strong>Cain,</strong></span> <span class='ocrx_word' id='word_1_754' title='bbox 906 5804 1133 5869; x_wconf 76' lang='lat' dir='ltr'><strong>magistri</strong></span> <span class='ocrx_word' id='word_1_755' title='bbox 1161 5806 1398 5859; x_wconf 77' lang='lat' dir='ltr'><strong>militum.</strong></span> 
     </span>
    </p>
   </div>
   <div class='ocr_carea' id='block_1_107' title="bbox 2119 4748 3612 4820">
    <p class='ocr_par' dir='ltr' id='par_1_107' title="bbox 2119 4748 3612 4820">
     <span class='ocr_line' id='line_1_107' title="bbox 2119 4748 3612 4820; baseline 0.001 -16"><span class='ocrx_word' id='word_1_756' title='bbox 2119 4748 2138 4788; x_wconf 76' lang='grc' dir='ltr'>ί</span> <span class='ocrx_word' id='word_1_757' title='bbox 2187 4750 2347 4815; x_wconf 85' lang='lat' dir='ltr'><strong>Editi,</strong></span> <span class='ocrx_word' id='word_1_758' title='bbox 2380 4748 2688 4812; x_wconf 70' lang='lat' dir='ltr'><strong>Jam&#39;niano;</strong></span> <span class='ocrx_word' id='word_1_759' title='bbox 2717 4748 2917 4803; x_wconf 79' lang='lat' dir='ltr'><strong>ctinfra</strong></span> <span class='ocrx_word' id='word_1_760' title='bbox 2950 4751 3115 4816; x_wconf 85' lang='lat' dir='ltr'><strong>Clar.,</strong></span> <span class='ocrx_word' id='word_1_761' title='bbox 3146 4750 3196 4802; x_wconf 90' lang='lat' dir='ltr'><strong>in</strong></span> <span class='ocrx_word' id='word_1_762' title='bbox 3227 4750 3406 4805; x_wconf 85' lang='lat' dir='ltr'><strong>indice</strong></span> <span class='ocrx_word' id='word_1_763' title='bbox 3426 4752 3612 4820; x_wconf 85' lang='lat' dir='ltr'><strong>capit.,</strong></span> 
     </span>
    </p>
   </div>
   <div class='ocr_carea' id='block_1_108' title="bbox 2039 4820 3614 4892">
    <p class='ocr_par' dir='ltr' id='par_1_108' title="bbox 2039 4820 3614 4892">
     <span class='ocr_line' id='line_1_108' title="bbox 2039 4820 3614 4892; baseline 0 -18"><span class='ocrx_word' id='word_1_764' title='bbox 2039 4820 2136 4874; x_wconf 80' lang='lat' dir='ltr'><strong>Iuv</strong></span> <span class='ocrx_word' id='word_1_765' title='bbox 2158 4824 2332 4873; x_wconf 77' lang='lat' dir='ltr'><strong>uiam).</strong></span> <span class='ocrx_word' id='word_1_766' title='bbox 2366 4824 2522 4892; x_wconf 77' lang='lat' dir='ltr'><strong>Unh.,</strong></span> <span class='ocrx_word' id='word_1_767' title='bbox 2553 4822 2707 4882; x_wconf 76' lang='lat' dir='ltr'><strong>infra,</strong></span> <span class='ocrx_word' id='word_1_768' title='bbox 2743 4821 2948 4873; x_wconf 76' lang='lat' dir='ltr'><strong>Eraclio</strong></span> <span class='ocrx_word' id='word_1_769' title='bbox 2975 4830 3021 4874; x_wconf 82' lang='lat' dir='ltr'><strong>et</strong></span> <span class='ocrx_word' id='word_1_770' title='bbox 3043 4820 3320 4874; x_wconf 74' lang='lat' dir='ltr'><strong>laviniano</strong></span> <span class='ocrx_word' id='word_1_771' title='bbox 3341 4836 3452 4873; x_wconf 86' lang='lat' dir='ltr'><strong>cum</strong></span> <span class='ocrx_word' id='word_1_772' title='bbox 3482 4840 3614 4892; x_wconf 25' lang='lat' dir='ltr'><strong>pa..-</strong></span> 
     </span>
    </p>
   </div>
   <div class='ocr_carea' id='block_1_109' title="bbox 2035 4890 3611 4961">
    <p class='ocr_par' dir='ltr' id='par_1_109' title="bbox 2035 4890 3611 4961">
     <span class='ocr_line' id='line_1_109' title="bbox 2035 4890 3611 4961; baseline -0.002 -17"><span class='ocrx_word' id='word_1_773' title='bbox 2035 4895 2127 4944; x_wconf 82' lang='lat' dir='ltr'><strong>cis.</strong></span> <span class='ocrx_word' id='word_1_774' title='bbox 2162 4892 2208 4945; x_wconf 60' lang='lat' dir='ltr'><strong>Is</strong></span> <span class='ocrx_word' id='word_1_775' title='bbox 2238 4904 2317 4944; x_wconf 80' lang='lat' dir='ltr'><strong>est</strong></span> <span class='ocrx_word' id='word_1_776' title='bbox 2344 4890 2590 4955; x_wconf 65' lang='lat' dir='ltr'><strong>Iovinus,</strong></span> <span class='ocrx_word' id='word_1_777' title='bbox 2625 4902 2679 4942; x_wconf 93' lang='lat' dir='ltr'><strong>ut</strong></span> <span class='ocrx_word' id='word_1_778' title='bbox 2705 4896 2863 4945; x_wconf 28' lang='lat' dir='ltr'><strong>hauet</strong></span> <span class='ocrx_word' id='word_1_779' title='bbox 2890 4892 2987 4944; x_wconf 86' lang='lat' dir='ltr'><strong>Ch.</strong></span> <span class='ocrx_word' id='word_1_780' title='bbox 3019 4896 3114 4953; x_wconf 90' lang='lat' dir='ltr'><strong>al.,</strong></span> <span class='ocrx_word' id='word_1_781' title='bbox 3150 4907 3284 4944; x_wconf 89' lang='lat' dir='ltr'><strong>unus</strong></span> <span class='ocrx_word' id='word_1_782' title='bbox 3313 4906 3378 4945; x_wconf 87' lang='lat' dir='ltr'><strong>ex</strong></span> <span class='ocrx_word' id='word_1_783' title='bbox 3410 4890 3492 4946; x_wconf 79' lang='lat' dir='ltr'><strong>his</strong></span> <span class='ocrx_word' id='word_1_784' title='bbox 3520 4894 3611 4961; x_wconf 77' lang='lat' dir='ltr'><strong>qui</strong></span> 
     </span>
    </p>
   </div>
   <div class='ocr_carea' id='block_1_110' title="bbox 2035 4962 3609 5031">
    <p class='ocr_par' dir='ltr' id='par_1_110' title="bbox 2035 4962 3609 5031">
     <span class='ocr_line' id='line_1_110' title="bbox 2035 4962 3609 5031; baseline 0.002 -18"><span class='ocrx_word' id='word_1_785' title='bbox 2035 4963 2362 5029; x_wconf 82' lang='lat' dir='ltr'><strong>temporibus</strong></span> <span class='ocrx_word' id='word_1_786' title='bbox 2395 4962 2613 5015; x_wconf 77' lang='lat' dir='ltr'><strong>Ilonorii</strong></span> <span class='ocrx_word' id='word_1_787' title='bbox 2654 4964 2987 5031; x_wconf 80' lang='lat' dir='ltr'><strong>tyrannidem</strong></span> <span class='ocrx_word' id='word_1_788' title='bbox 3025 4971 3444 5029; x_wconf 69' lang='lat' dir='ltr'><strong>assumpserunt.</strong></span> <span class='ocrx_word' id='word_1_789' title='bbox 3492 4963 3609 5016; x_wconf 83' lang='lat' dir='ltr'><strong>Fal-</strong></span> 
     </span>
    </p>
   </div>
   <div class='ocr_carea' id='block_1_111' title="bbox 2032 5031 3607 5087">
    <p class='ocr_par' dir='ltr' id='par_1_111' title="bbox 2032 5031 3607 5087">
     <span class='ocr_line' id='line_1_111' title="bbox 2032 5031 3607 5087; baseline 0.003 -4"><span class='ocrx_word' id='word_1_790' title='bbox 2032 5046 2149 5083; x_wconf 78' lang='lat' dir='ltr'><strong>sunt</strong></span> <span class='ocrx_word' id='word_1_791' title='bbox 2180 5042 2261 5084; x_wconf 84' lang='lat' dir='ltr'><strong>est</strong></span> <span class='ocrx_word' id='word_1_792' title='bbox 2283 5043 2457 5085; x_wconf 84' lang='lat' dir='ltr'><strong>autem</strong></span> <span class='ocrx_word' id='word_1_793' title='bbox 2483 5049 2510 5083; x_wconf 91' lang='lat' dir='ltr'><strong>a</strong></span> <span class='ocrx_word' id='word_1_794' title='bbox 2541 5031 2714 5083; x_wconf 80' lang='lat' dir='ltr'><strong>Jnvini</strong></span> <span class='ocrx_word' id='word_1_795' title='bbox 2744 5046 2920 5084; x_wconf 75' lang='lat' dir='ltr'><strong>Iniss:s</strong></span> <span class='ocrx_word' id='word_1_796' title='bbox 2949 5032 3353 5084; x_wconf 81' lang='lat' dir='ltr'><strong>Constantinum</strong></span> <span class='ocrx_word' id='word_1_797' title='bbox 3377 5034 3607 5087; x_wconf 85' lang='lat' dir='ltr'><strong>occisum</strong></span> 
     </span>
    </p>
   </div>
   <div class='ocr_carea' id='block_1_112' title="bbox 2035 5101 3613 5169">
    <p class='ocr_par' dir='ltr' id='par_1_112' title="bbox 2035 5101 3613 5169">
     <span class='ocr_line' id='line_1_112' title="bbox 2035 5101 3613 5169; baseline 0.011 -27"><span class='ocrx_word' id='word_1_798' title='bbox 2035 5101 2221 5153; x_wconf 58' lang='grc' dir='ltr'><strong>[ωερε.</strong></span> <span class='ocrx_word' id='word_1_799' title='bbox 2254 5102 2326 5153; x_wconf 84' lang='lat' dir='ltr'><strong>De</strong></span> <span class='ocrx_word' id='word_1_800' title='bbox 2354 5105 2679 5167; x_wconf 61' lang='lat' dir='ltr'><strong>Arbogaste,</strong></span> <span class='ocrx_word' id='word_1_801' title='bbox 2710 5101 2798 5168; x_wconf 81' lang='lat' dir='ltr'><strong>qui</strong></span> <span class='ocrx_word' id='word_1_802' title='bbox 2820 5117 3015 5169; x_wconf 69' lang='lat' dir='ltr'><strong>genere</strong></span> <span class='ocrx_word' id='word_1_803' title='bbox 3042 5113 3154 5155; x_wconf 84' lang='lat' dir='ltr'><strong>erat</strong></span> <span class='ocrx_word' id='word_1_804' title='bbox 3182 5103 3421 5158; x_wconf 76' lang='lat' dir='ltr'><strong>Francus</strong></span> <span class='ocrx_word' id='word_1_805' title='bbox 3444 5144 3460 5169; x_wconf 96' lang='lat'><strong>,</strong></span> <span class='ocrx_word' id='word_1_806' title='bbox 3493 5110 3613 5159; x_wconf 69' lang='lat' dir='ltr'><strong>vde</strong></span> 
     </span>
    </p>
   </div>
   <div class='ocr_carea' id='block_1_113' title="bbox 2043 5169 2717 5223">
    <p class='ocr_par' dir='ltr' id='par_1_113' title="bbox 2043 5169 2717 5223">
     <span class='ocr_line' id='line_1_113' title="bbox 2043 5169 2717 5223; baseline -0.001 0"><span class='ocrx_word' id='word_1_807' title='bbox 2043 5169 2210 5223; x_wconf 74' lang='lat' dir='ltr'><strong>Vitam</strong></span> <span class='ocrx_word' id='word_1_808' title='bbox 2228 5173 2396 5223; x_wconf 85' lang='lat' dir='ltr'><strong>sancti</strong></span> <span class='ocrx_word' id='word_1_809' title='bbox 2430 5171 2717 5223; x_wconf 84' lang='lat' dir='ltr'><strong>Ambrosii.</strong></span> 
     </span>
    </p>
   </div>
   <div class='ocr_carea' id='block_1_114' title="bbox 2106 5239 2981 5308">
    <p class='ocr_par' dir='ltr' id='par_1_114' title="bbox 2106 5239 2981 5308">
     <span class='ocr_line' id='line_1_114' title="bbox 2106 5239 2981 5308; baseline 0 -15"><span class='ocrx_word' id='word_1_810' title='bbox 2106 5250 2130 5308; x_wconf 72' lang='grc' dir='ltr'>ις</span> <span class='ocrx_word' id='word_1_811' title='bbox 2170 5242 2336 5303; x_wconf 85' lang='lat' dir='ltr'><strong>Clar.,</strong></span> <span class='ocrx_word' id='word_1_812' title='bbox 2368 5240 2566 5293; x_wconf 76' lang='lat' dir='ltr'><strong>Amavi.</strong></span> <span class='ocrx_word' id='word_1_813' title='bbox 2597 5239 2752 5304; x_wconf 83' lang='lat' dir='ltr'><strong>Boh.,</strong></span> <span class='ocrx_word' id='word_1_814' title='bbox 2781 5240 2981 5308; x_wconf 78' lang='lat' dir='ltr'><strong>Amogi.</strong></span> 
     </span>
    </p>
   </div>
   <div class='ocr_carea' id='block_1_115' title="bbox 2104 5307 3607 5380">
    <p class='ocr_par' dir='ltr' id='par_1_115' title="bbox 2104 5307 3607 5380">
     <span class='ocr_line' id='line_1_115' title="bbox 2104 5307 3607 5380; baseline 0.003 -16"><span class='ocrx_word' id='word_1_815' title='bbox 2104 5307 2132 5346; x_wconf 74' lang='grc'><strong>¹¹</strong></span> <span class='ocrx_word' id='word_1_816' title='bbox 2173 5311 2385 5364; x_wconf 82' lang='lat' dir='ltr'><strong>incaute</strong></span> <span class='ocrx_word' id='word_1_817' title='bbox 2415 5308 2761 5378; x_wconf 77' lang='lat' dir='ltr'><strong>Fredegaiius</strong></span> <span class='ocrx_word' id='word_1_818' title='bbox 2793 5314 2877 5365; x_wconf 86' lang='lat' dir='ltr'><strong>hic</strong></span> <span class='ocrx_word' id='word_1_819' title='bbox 2910 5307 3027 5380; x_wconf 78' lang='lat' dir='ltr'><strong>qua:</strong></span> <span class='ocrx_word' id='word_1_820' title='bbox 3067 5313 3133 5364; x_wconf 89' lang='lat' dir='ltr'><strong>de</strong></span> <span class='ocrx_word' id='word_1_821' title='bbox 3164 5311 3399 5366; x_wconf 87' lang='lat' dir='ltr'><strong>llonorio</strong></span> <span class='ocrx_word' id='word_1_822' title='bbox 3425 5314 3607 5380; x_wconf 70' lang='lat' dir='ltr'><strong>Frige-</strong></span> 
     </span>
    </p>
   </div>
   <div class='ocr_carea' id='block_1_116' title="bbox 2032 5380 2894 5449">
    <p class='ocr_par' dir='ltr' id='par_1_116' title="bbox 2032 5380 2894 5449">
     <span class='ocr_line' id='line_1_116' title="bbox 2032 5380 2894 5449; baseline -0.008 -15"><span class='ocrx_word' id='word_1_823' title='bbox 2032 5381 2181 5435; x_wconf 90' lang='lat' dir='ltr'><strong>ridus</strong></span> <span class='ocrx_word' id='word_1_824' title='bbox 2210 5382 2447 5449; x_wconf 85' lang='lat' dir='ltr'><strong>scripsit,</strong></span> <span class='ocrx_word' id='word_1_825' title='bbox 2478 5380 2658 5447; x_wconf 73' lang='lat' dir='ltr'><strong>tribuit</strong></span> <span class='ocrx_word' id='word_1_826' title='bbox 2684 5381 2894 5436; x_wconf 75' lang='lat' dir='ltr'><strong>Joriuo,</strong></span> 
     </span>
    </p>
   </div>
   <div class='ocr_carea' id='block_1_117' title="bbox 2114 5450 3609 5525">
    <p class='ocr_par' dir='ltr' id='par_1_117' title="bbox 2114 5450 3609 5525">
     <span class='ocr_line' id='line_1_117' title="bbox 2114 5450 3609 5525; baseline 0.002 -20"><span class='ocrx_word' id='word_1_827' title='bbox 2114 5450 2129 5489; x_wconf 70' lang='grc' dir='ltr'><strong>ί</strong></span> <span class='ocrx_word' id='word_1_828' title='bbox 2169 5452 2329 5525; x_wconf 56' lang='grc' dir='ltr'><strong>βοὴ..</strong></span> <span class='ocrx_word' id='word_1_829' title='bbox 2357 5450 2570 5525; x_wconf 62' lang='lat' dir='ltr'><strong>Manlia.</strong></span> <span class='ocrx_word' id='word_1_830' title='bbox 2600 5455 2907 5525; x_wconf 48' lang='lat' dir='ltr'><strong>appellatur</strong></span> <span class='ocrx_word' id='word_1_831' title='bbox 2930 5451 3173 5516; x_wconf 82' lang='lat' dir='ltr'><strong>Mincius,</strong></span> <span class='ocrx_word' id='word_1_832' title='bbox 3202 5453 3357 5523; x_wconf 77' lang='lat' dir='ltr'><strong>vulgo</strong></span> <span class='ocrx_word' id='word_1_833' title='bbox 3386 5454 3609 5525; x_wconf 69' lang='lat' dir='ltr'><strong>Marcio,</strong></span> 
     </span>
    </p>
   </div>
   <div class='ocr_carea' id='block_1_118' title="bbox 2032 5521 3607 5593">
    <p class='ocr_par' dir='ltr' id='par_1_118' title="bbox 2032 5521 3607 5593">
     <span class='ocr_line' id='line_1_118' title="bbox 2032 5521 3607 5593; baseline 0.004 -18"><span class='ocrx_word' id='word_1_834' title='bbox 2032 5536 2127 5577; x_wconf 87' lang='lat' dir='ltr'><strong>seu</strong></span> <span class='ocrx_word' id='word_1_835' title='bbox 2158 5521 2360 5586; x_wconf 77' lang='lat' dir='ltr'><strong>Meuzo,</strong></span> <span class='ocrx_word' id='word_1_836' title='bbox 2390 5522 2555 5575; x_wconf 66' lang='lat' dir='ltr'><strong>Italia:</strong></span> <span class='ocrx_word' id='word_1_837' title='bbox 2580 5522 2788 5593; x_wconf 76' lang='lat' dir='ltr'><strong>ﬂuvius</strong></span> <span class='ocrx_word' id='word_1_838' title='bbox 2811 5564 2824 5587; x_wconf 94' lang='lat'><strong>,</strong></span> <span class='ocrx_word' id='word_1_839' title='bbox 2854 5525 2942 5593; x_wconf 79' lang='lat' dir='ltr'><strong>qui</strong></span> <span class='ocrx_word' id='word_1_840' title='bbox 2992 5525 3257 5577; x_wconf 73' lang='lat' dir='ltr'><strong>Mantuam</strong></span> <span class='ocrx_word' id='word_1_841' title='bbox 3299 5521 3440 5579; x_wconf 62' lang='grc' dir='ltr'>ἰιι-ιω</span> <span class='ocrx_word' id='word_1_842' title='bbox 3464 5548 3492 5577; x_wconf 87' lang='grc' dir='ltr'><strong>ιι</strong></span> <span class='ocrx_word' id='word_1_843' title='bbox 3531 5521 3607 5581; x_wconf 51' lang='lat' dir='ltr'><strong>af;</strong></span> 
     </span>
    </p>
   </div>
   <div class='ocr_carea' id='block_1_119' title="bbox 2028 5592 2813 5657">
    <p class='ocr_par' dir='ltr' id='par_1_119' title="bbox 2028 5592 2813 5657">
     <span class='ocr_line' id='line_1_119' title="bbox 2028 5592 2813 5657; baseline -0.005 -10"><span class='ocrx_word' id='word_1_844' title='bbox 2028 5593 2150 5657; x_wconf 83' lang='lat' dir='ltr'><strong>luit,</strong></span> <span class='ocrx_word' id='word_1_845' title='bbox 2176 5602 2231 5647; x_wconf 90' lang='lat' dir='ltr'><strong>et</strong></span> <span class='ocrx_word' id='word_1_846' title='bbox 2260 5609 2309 5645; x_wconf 79' lang='lat' dir='ltr'><strong>in</strong></span> <span class='ocrx_word' id='word_1_847' title='bbox 2344 5594 2541 5646; x_wconf 83' lang='lat' dir='ltr'><strong>Padum</strong></span> <span class='ocrx_word' id='word_1_848' title='bbox 2577 5592 2813 5644; x_wconf 82' lang='lat' dir='ltr'><strong>labitur.’</strong></span> 
     </span>
    </p>
   </div>
   <div class='ocr_carea' id='block_1_120' title="bbox 2104 5663 3609 5733">
    <p class='ocr_par' dir='ltr' id='par_1_120' title="bbox 2104 5663 3609 5733">
     <span class='ocr_line' id='line_1_120' title="bbox 2104 5663 3609 5733; baseline 0.005 -19"><span class='ocrx_word' id='word_1_849' title='bbox 2104 5668 2119 5714; x_wconf 81' lang='grc' dir='ltr'><strong>ι</strong></span> <span class='ocrx_word' id='word_1_850' title='bbox 2167 5666 2265 5716; x_wconf 84' lang='lat' dir='ltr'><strong>Ch.</strong></span> <span class='ocrx_word' id='word_1_851' title='bbox 2298 5678 2489 5733; x_wconf 87' lang='lat' dir='ltr'><strong>marg.,</strong></span> <span class='ocrx_word' id='word_1_852' title='bbox 2512 5668 2662 5733; x_wconf 76' lang='lat' dir='ltr'><strong>jussu</strong></span> <span class='ocrx_word' id='word_1_853' title='bbox 2688 5663 2757 5715; x_wconf 83' lang='lat' dir='ltr'><strong>ad</strong></span> <span class='ocrx_word' id='word_1_854' title='bbox 2782 5679 2951 5717; x_wconf 72' lang='lat' dir='ltr'><strong>omnes</strong></span> <span class='ocrx_word' id='word_1_855' title='bbox 2979 5666 3248 5719; x_wconf 80' lang='lat' dir='ltr'><strong>senatriccs</strong></span> <span class='ocrx_word' id='word_1_856' title='bbox 3273 5672 3325 5718; x_wconf 83' lang='lat' dir='ltr'><strong>ut</strong></span> <span class='ocrx_word' id='word_1_857' title='bbox 3357 5683 3470 5720; x_wconf 78' lang='lat' dir='ltr'><strong>eum</strong></span> <span class='ocrx_word' id='word_1_858' title='bbox 3491 5667 3609 5721; x_wconf 61' lang='lat' dir='ltr'><strong>risi“:-</strong></span> 
     </span>
    </p>
   </div>
   <div class='ocr_carea' id='block_1_121' title="bbox 2032 5735 2401 5799">
    <p class='ocr_par' dir='ltr' id='par_1_121' title="bbox 2032 5735 2401 5799">
     <span class='ocr_line' id='line_1_121' title="bbox 2032 5735 2401 5799; baseline -0.011 -11"><span class='ocrx_word' id='word_1_859' title='bbox 2032 5744 2216 5799; x_wconf 76' lang='lat' dir='ltr'><strong>tarent,</strong></span> <span class='ocrx_word' id='word_1_860' title='bbox 2248 5735 2401 5785; x_wconf 77' lang='lat' dir='ltr'><strong>misit.</strong></span> 
     </span>
    </p>
   </div>
   <div class='ocr_carea' id='block_1_122' title="bbox 2107 5802 3606 5875">
    <p class='ocr_par' dir='ltr' id='par_1_122' title="bbox 2107 5802 3606 5875">
     <span class='ocr_line' id='line_1_122' title="bbox 2107 5802 3606 5875; baseline 0 -18"><span class='ocrx_word' id='word_1_861' title='bbox 2107 5804 2130 5840; x_wconf 69' lang='grc' dir='ltr'><strong>ι</strong></span> <span class='ocrx_word' id='word_1_862' title='bbox 2170 5805 2312 5859; x_wconf 85' lang='lat' dir='ltr'><strong>Clar.</strong></span> <span class='ocrx_word' id='word_1_863' title='bbox 2344 5815 2397 5858; x_wconf 91' lang='lat' dir='ltr'><strong>et</strong></span> <span class='ocrx_word' id='word_1_864' title='bbox 2426 5804 2582 5871; x_wconf 81' lang='lat' dir='ltr'><strong>Boh.,</strong></span> <span class='ocrx_word' id='word_1_865' title='bbox 2610 5802 2746 5857; x_wconf 75' lang='lat' dir='ltr'><strong>Nam</strong></span> <span class='ocrx_word' id='word_1_866' title='bbox 2774 5803 2965 5874; x_wconf 68' lang='lat' dir='ltr'><strong>[rig‘do</strong></span> <span class='ocrx_word' id='word_1_867' title='bbox 2989 5806 3144 5859; x_wconf 76' lang='lat' dir='ltr'><strong>(aras.</strong></span> <span class='ocrx_word' id='word_1_868' title='bbox 3180 5804 3364 5870; x_wconf 88' lang='lat' dir='ltr'><strong>Freh.,</strong></span> <span class='ocrx_word' id='word_1_869' title='bbox 3400 5806 3606 5875; x_wconf 57' lang='lat' dir='ltr'><strong>frigide.</strong></span> 
     </span>
    </p>
   </div>
  </div>
