4132 6348
513 393 613 450 579

1505 387 1561 441 S.
1603 383 1928 440 GRECORII
1969 374 2274 438 EPISCOPI
2313 369 2742 436 TURONENSIS

3669 370 3776 441 830

515 514 728 575 transit,
758 509 957 566 Gallias
985 513 1318 577 pervagatur,
1344 511 1509 573 usque
1535 503 1598 555 ad
1625 502 1909 573 Pyrenaeos
1941 515 2088 554 mon-
2119 505 2166 560 Α
2200 496 2529 567 pariterque]
2551 498 2852 565 conjuncta:
2885 514 3042 553 unum
3068 497 3337 552 effecerint
3361 495 3614 567 solidum,
3649 512 3776 559 tunc

517 615 596 659 tes
619 605 856 671 pervenit
881 609 929 653 ι.

589 694 679 750 IX.
714 693 901 748 Franci
951 691 1178 749 electum
1229 705 1257 742 a
1304 703 1362 743 se
1407 699 1607 757 regem,
1639 687 1950 753 sicutprius
1975 684 2085 738 fue-

519 796 633 848 rat,
666 785 915 838 crinitum
969 783 1297 850 inquirentcs
1321 780 1602 848 dJigeuter
1624 794 1685 831 ex
1713 791 1909 844 genere
1941 775 2088 829 Pria-

520 876 613 944 mi,
639 875 781 944 Frigi
808 916 822 938 ,
864 885 917 928 et
948 871 1256 927 Francionis
1279 913 1293 936 ,
1346 887 1506 938 super
1531 885 1586 944 se
1610 877 1793 924 creant
1817 906 1832 931 ,
1876 867 2092 920 nomine

519 961 938 1023 Theudemerem
991 966 1107 1038 [ΑΙ.
1131 953 1580 1032 Theodomirum]
1630 961 1792 1014 lilium
1822 957 2095 1011 Rielteme-

519 1059 612 1124 ris,
643 1061 729 1128 qui
763 1059 812 1112 in
840 1057 940 1112 hoc
967 1055 1149 1126 prazlio
1171 1097 1184 1120 ,
1215 1056 1357 1126 quod
1379 1068 1539 1122 supra
1575 1052 1820 1113 memini,
1845 1065 1874 1102 a
1901 1047 2094 1102 Roma-

519 1149 604 1203 nis
648 1150 960 1202 interfectus
1005 1157 1083 1201 est
1133 1145 1322 1216 (Ιὸἱιι.,
1373 1154 1419 1198 et
1444 1162 1560 1214 cap.
1593 1145 1704 1208 ill).
1745 1141 2096 1197 Substituitur

524 1241 666 1294 filius
695 1242 811 1310 ejus
839 1240 1078 1294 Cblodeo
1121 1239 1146 1274 ι)
1179 1237 1231 1290 in
1282 1252 1504 1304 regnum
1532 1278 1546 1301 ,
1579 1235 1738 1306 551
1781 1233 2096 1286 utilissimus

519 1331 600 1384 vir
641 1329 690 1384 iu
725 1341 880 1400 gente
907 1346 1021 1396 sua,
1058 1324 1145 1399 qui
1177 1331 1313 1399 apud
1337 1324 1627 1398 Esbargem
1653 1337 1887 1382 castrum
1925 1337 1946 1365 ο
1975 1327 2099 1380 resi-

521 1420 699 1484 debat,
728 1421 866 1490 quod
910 1429 990 1474 est
1033 1423 1084 1473 itt
1131 1422 1359 1474 termino
1389 1419 1803 1486 Tlio'ringorum.
1857 1417 2096 1483 Burgun-

521 1509 712 1564 diones
741 1526 951 1579 quoque
983 1506 1298 1564 Arianorum
1327 1520 1472 1564 secta
1505 1510 1814 1571 utebantur,
1853 1509 2100 1562 sedentes

521 1599 576 1654 in
608 1600 914 1668 Cisalpinis.
961 1600 1197 1654 Cblodeo
1237 1599 1413 1654 missis
1438 1598 1868 1668 exploratoribus
1917 1597 1983 1649 ad
2014 1611 2101 1650 ur-

521 1689 644 1743 bem
672 1690 1058 1756 Camaracum,
1091 1691 1418 1760 perlustrans
1455 1691 1664 1754 omnia,
1693 1691 1808 1757 ipse
1839 1689 2096 1755 sequitur,

523 1779 791 1836 Remanos
834 1783 1084 1850 proterit,
1133 1785 1401 1838 Civitatem
1451 1783 1623 1852 capit;
1667 1791 1720 1836 et
1769 1781 1891 1833 inde
1935 1793 2100 1847 usque

2203 602 2426 641 securus
2455 590 2675 654 patriam
2709 589 2865 659 552
2904 588 3200 657 repedabis.
3244 587 3581 646 Cltildericus
3623 591 3779 646 babi-

2197 687 2315 730 tans
2345 678 2396 731 irt
2432 677 2719 747 Tltoringia
2761 679 2897 746 apttd
2932 694 3109 747 regem
3143 680 3374 733 Bisinmn
3398 720 3412 744 ,
3449 686 3779 752 uxoremque

2191 767 2308 837 ejus
2342 768 2591 821 Basinatn
2613 777 2636 813 ιι
2664 769 2834 822 latuit.
2862 769 3050 824 Franci
3075 779 3198 825 tnttc
3229 773 3496 841 Aigidium
3528 768 3554 809 ει
3587 774 3783 827 unani-

2194 861 2352 913 miter
2380 863 2556 928 regem
2588 861 2910 916 adsciscunt.
2953 849 3272 919 Wiotnadus
3317 866 3521 919 anticus
3561 864 3780 921 Childe—

2198 951 2294 1005 rici
2351 952 2670 1020 subregulus
2717 953 2784 1006 ab
2840 952 3051 1023 .Egidio
3108 955 3330 1010 Francis
3383 957 3675 1011 instituitur
3731 958 3775 1022 l,

2196 1046 2415 1114 ejusque
2441 1047 2665 1100 C0n>lll0
2706 1063 2894 1102 omnes
2943 1048 3176 1102 Francos
3216 1050 3438 1117 singulis
3479 1052 3656 1104 aureis
3693 1054 3780 1104 tri-

2206 1139 2428 1192 bulavit.
2507 1135 2581 1192 Illi
2637 1136 3037 1206 acQItiescentes
3099 1141 3470 1209 impleverunt.
3535 1141 3782 1211 Dixitque

2199 1228 2388 1282 iterum
2422 1227 2486 1280 ad
2523 1228 2793 1296 Aigidium
2832 1229 3181 1285 Wiomadus:
3215 1230 3356 1285 Gens
3397 1231 3508 1284 lucc
3557 1230 3782 1284 durissi-

2199 1333 2307 1384 ma,
2337 1335 2455 1387 qnze
2486 1319 2614 1372 mihi
2644 1318 2708 1372 ad
2737 1319 2995 1386 agendum
3021 1313 3247 1386 juSsisti,
3277 1336 3456 1387 parum
3484 1321 3781 1375 attributati

2201 1420 2350 1463 sunt.
2377 1409 2634 1478 Superbia
2663 1410 2913 1474 saeviunt;
2939 1409 3066 1478 lube
3090 1419 3145 1462 ιιι
3173 1419 3350 1464 ternos
3378 1409 3580 1464 selidos
3614 1409 3784 1462 tribu-

2203 1512 2398 1555 tenlur.
2469 1502 2620 1567 Quod
2688 1517 2809 1556 cum
2859 1503 3052 1556 factum
3103 1504 3328 1563 fuisset,
3375 1505 3783 1570 acquiescentcs

2200 1591 2391 1646 Franci
2439 1580 2733 1646 dixerunt:
2780 1593 2964 1646 Melius
3007 1593 3158 1646 nobis
3201 1601 3282 1647 est
3340 1603 3521 1646 ternos
3573 1593 3781 1646 solidos

2203 1684 2400 1737 tributa
2421 1683 2630 1737 solvere
2655 1727 2669 1747 ,
2720 1698 2881 1752 quam
2917 1679 3035 1737 eum
3065 1681 3368 1736 Cliilderieo
3408 1682 3778 1750 gravissimam

2201 1775 2363 1828 vitam
2386 1775 2604 1829 ducere.
2650 1774 2964 1828 Wiomadus
2993 1773 3180 1828 iterum
3210 1776 3272 1825 ad
3298 1771 3570 1842 Egidium
3598 1773 3728 1827 dicit
3761 1788 3777 1828 :

520 1872 799 1929 Suminam
831 1874 1044 1928 fluvium
1085 1875 1380 1943 oet-upavit.
1433 1875 1558 1927 Hinc
1587 1873 1862 1941 generatio
1908 1871 2099 1923 fanati-
2131 1859 2174 1918 Β
2205 1863 2454 1922 Rebelles
2485 1867 2722 1921 existunt
2754 1864 2843 1920 tibi
2871 1864 3094 1929 Franci;
3127 1865 3225 1918 nisi
3259 1865 3578 1935 praeceperis
3613 1881 3675 1920 ex
3698 1866 3780 1920 eis

522 1963 600 2017 cis
623 1963 806 2016 usibus
834 1966 972 2016 culta
995 1972 1098 2017 est.
1141 1963 1332 2017 Fertur
1358 1977 1518 2030 super
1548 1962 1726 2015 littore
1749 1960 1912 2014 maris
1938 1958 2097 2012 aestaé

522 2054 590 2106 tis
615 2062 854 2122 tempore
883 2053 1190 2107 Cltlodeone
1220 2049 1394 2123 [Boh.,
1426 2043 1740 2120 Chlodevei]
1781 2065 1898 2103 cum
1935 2059 2099 2102 uxore

523 2143 800 2198 resedertte
850 2143 1106 2206 meridie,
1152 2157 1286 2196 uxor
1329 2143 1394 2195 ad
1446 2158 1590 2196 mare
1623 2143 1849 2194 lavatum
1877 2140 2096 2204 tradens,

525 2244 754 2288 terretur
798 2251 826 2287 ιι
874 2235 1042 2290 besria
1075 2233 1101 2271 ά
1135 2235 1360 2304 Neptuni
1389 2278 1402 2300 ,
1449 2235 1538 2302 qui
1588 2233 1884 2286 Minotauro
1911 2230 2100 2284 similis

526 2338 644 2380 eam
697 2328 1007 2395 appetisset.
1077 2325 1318 2394 Cumque
1359 2325 1411 2378 in
1461 2325 1712 2378 centinuo
1757 2331 1846 2374 aut
1877 2337 1904 2373 a
1933 2321 2097 2374 bestia

523 2428 613 2472 aut
637 2435 665 2471 a
698 2421 812 2472 viro
847 2418 1030 2472 fuisset
1063 2428 1109 2486 ε,
1139 2418 1404 2485 concepit,
1433 2430 1494 2469 ac
1523 2415 1729 2484 peperit
1763 2413 1926 2466 filium
1950 2455 1963 2471 .
1990 2412 2102 2466 Me-

524 2516 746 2560 rov'eunt
800 2507 1050 2571 nomine,
1111 2522 1141 2559 a
1188 2522 1295 2578 quo
1341 2521 1496 2576 reges
1545 2505 1872 2560 Francorum
1915 2505 2097 2574 postea

526 2595 831 2664 Ilerovingii
865 2602 1140 2650 vocantur.

601 2685 669 2740 Χ.
701 2687 890 2740 Avitus
920 2689 1212 2757 imperator
1253 2687 1556 2742 luxuriosus
1591 2688 1729 2754 apud
1779 2687 2098 2742 Placentiam

527 2775 712 2833 urbem
735 2780 1013 2848 episcopus
1036 2781 1328 2844 ordinatur,
1349 2789 1402 2834 et
1430 2781 1624 2845 postad
1653 2781 1928 2834 ecclesiam
1950 2776 2100 2834 'san-

527 2869 594 2923 eti
625 2869 820 2923 Juliani
850 2870 1054 2938 fugiens
1081 2871 1242 2923 vitam
1265 2871 1440 2924 amisit
1459 2868 1606 2940 (Cap.
1635 2868 1745 2938 Η).

598 2959 686 3014 XI.
719 2960 1050 3015 Childericus
1082 2976 1214 3015 vero
1246 2961 1384 3014 filius
1414 2961 1638 3014 Merovei
1667 2976 1785 3013 cum
1810 2960 2101 3014 successis-

527 3051 610 3101 Set
655 3048 788 3116 patri
835 3049 888 3103 in
939 3065 1122 3119 regno,
1171 3049 1331 3103 nimia
1379 3049 1581 3103 luxuria
1615 3049 1935 3115 dissolutus,
1969 3049 2101 3102 filias

528 3137 856 3193 Francorum
899 3149 1083 3209 stupro
1124 3139 1344 3193 tradidit
1379 3137 1544 3208 (Cap.
1595 3137 1714 3207 12).
1770 3138 1846 3191 illi
1879 3154 2003 3193 vero
2032 3139 2102 3192 ob

2205 1957 2462 2027 plurimos
2490 1957 2716 2033 iugulari
2743 1999 2757 2020 ,
2808 1972 2990 2012 eorum
3036 1956 3340 2024 superbiam
3393 1971 3500 2012 non
3541 1955 3774 2027 mitigas.

2202 2048 2414 2102 Eiectos
2438 2063 2467 2101 a
2500 2047 2783 2101 Wiomado
2813 2047 3023 2101 centum
3055 2047 3265 2100 inuti’es
3294 2057 3350 2100 et
3389 2048 3440 2099 in
3488 2045 3782 2102 necessitas

2203 2139 2340 2192 tibus
2372 2136 2693 2205 incongruos
2727 2133 2742 2185 i
2798 2137 2863 2190 ad
2910 2135 3181 2206 Egidium
3213 2137 3438 2201 direxit,
3470 2151 3605 2208 quos
3629 2137 3781 2208 Egi-

2202 2230 2322 2282 di'us
2342 2227 2566 2281 consilio
2611 2227 2877 2281 Wio'madi
2916 2239 3042 2281 usus
3089 2228 3388 2281 interficere
3416 2229 3598 2297 jussit.
3626 2227 3776 2283 Wio-

2201 2318 2390 2372 madus
2434 2317 2568 2371 dixit
2608 2318 2869 2371 secretius
2907 2317 2971 2370 ad
3021 2317 3289 2370 Francos:
3343 2317 3456 2371 Non
3499 2319 3776 2373 sufficiunt

2203 2410 2396 2462 tributa
2423 2425 2540 2476 qum
2583 2409 2826 2463 solvitis?
2874 2407 3116 2476 Quandiu
3148 2410 3246 2462 hoc
3272 2410 3464 2464 malum
3509 2409 3778 2467 susrinere

2205 2501 2363 2552 vultis
2391 2541 2405 2563 ,
2439 2509 2495 2552 ut
2529 2508 2776 2569 parentes
2818 2501 2980 2554 vestri
3029 2501 3168 2555 sicut
3205 2516 3393 2569 pecora
3423 2503 3725 2571 iugulentur
3753 2504 3777 2556 2

2204 2591 2356 2645 Tunc
2400 2589 2591 2644 Franci
2637 2591 2958 2645 unanimiter
2995 2590 3285 2647 dixerunt:
3330 2591 3384 2648 Si
3415 2589 3777 2648 Childericuni

2204 2682 2508 2748 ubicunque
2537 2684 2893 2751 p0tuissemtts
2924 2682 3180 2752 reperire,
3215 2684 3439 2738 libenter
3468 2694 3589 2738 etttn
3614 2679 3779 2754 super

2205 2790 2300 2827 nos
2325 2775 2689 2844 reciperemns
2713 2776 2777 2829 ad
2806 2783 3007 2845 regem,
3039 2777 3255 2830 forsitan
3279 2788 3373 2846 per
3399 2779 3568 2843 ipsum
3595 2778 3658 2832 de
3693 2781 3777 2832 his

2204 2866 2583 2920 afflictionibus
2613 2869 2964 2933 eriperemur.
3023 2869 3172 2922 Tunc
3205 2870 3509 2923 Wiomadus
3533 2875 3779 2938 protinus

2203 2957 2268 3011 ad
2296 2957 2568 3027 Egidium
2605 2959 2806 3012 vadens
2827 3001 2839 3022 ,
2869 2958 3036 3013 dixit:
3079 2961 3230 3014 Modo
3261 2959 3339 3014 eSt
3374 2977 3501 3030 gens
3534 2963 3775 3016 Franena’.

2204 3062 2320 3100 rum
2370 3058 2473 3101 tute
2519 3047 2814 3115 disciplina:
2865 3050 3182 3118 perdomita.
3266 3051 3504 3121 Dansque
3543 3053 3720 3106 eidem
3751 3055 3774 3089 ¹

2204 3139 2488 3193 consilium
2540 3139 2745 3208 legatos
2793 3140 2855 3192 ad
2903 3141 3210 3196 Murricium
3245 3144 3613 3212 inrperatort-m
3645 3145 3778 3198 diri-

527 3231 632 3285 hoc
655 3231 993 3301 indignantes
1019 3273 1033 3292 .
1075 3245 1198 3286 eum
1229 3232 1295 3284 de
1319 3245 1482 3300 regno
1514 3229 1754 3298 ejiciunt.
1786 3230 2099 3283 Wiomadus
2130 3231 2173 3292 C
2205 3249 2354 3301 gere,
2385 3244 2678 3303 gentesque
2705 3234 2936 3297 vicinas,
2965 3235 3007 3288 si
3042 3235 3256 3303 posset,
3288 3237 3582 3298 attrahere,
3616 3248 3670 3290 ut
3695 3239 3780 3294 vel

527 3313 764 3377 Francus
808 3322 1150 3378 fidelissimus
1187 3323 1398 3376 caeteris
1439 3321 1760 3386 Childerieo,
1813 3323 1900 3390 qui
1951 3337 2093 3384 eum,

530 3423 651 3466 cum
680 3428 710 3466 a
739 3412 945 3467 Cbunis
973 3429 1093 3468 cum
1134 3423 1304 3467 matre
1330 3414 1575 3481 captivus
1615 3412 1922 3475 duceretur,
1950 3413 2098 3482 fuga-

527 3505 660 3558 eiter
687 3502 1030 3559 liberaverat.
1086 3503 1181 3559 ilic
1228 3506 1496 3559 inventum
1545 3521 1705 3560 unum
1736 3520 1950 3560 aureum
1977 3522 2096 3560 cum

527 3595 829 3650 Citiltlerico
856 3595 1122 3661 dividens,
1145 3597 1268 3650 dum
1302 3608 1549 3652 cerneret
1578 3594 1720 3667 quod
1751 3613 1871 3652 eum
1909 3599 2096 3653 Franci

528 3685 828 3742 interficere
865 3696 1220 3753 cottarentur,
1265 3689 1402 3741 dixit
1448 3690 1535 3741 ei:
1585 3688 1726 3756 Fuge
1766 3688 1815 3741 in
1865 3688 2097 3741 'l'ltorin-

529 3778 694 3849 giam,
728 3779 873 3834 latita
899 3781 1279 3849 aliqtrantulum
1307 3781 1397 3834 ibi.
1425 3779 1480 3836 Si
1507 3782 1594 3834 tibi
1621 3791 1840 3851 potuero
1867 3781 2100 3836 Francos

528 3871 764 3938 placare.
796 3872 954 3926 istum
985 3887 1202 3926 aureum
1243 3873 1475 3926 medium
1521 3873 1613 3926 tibi
1642 3873 1706 3926 ad
1737 3874 1944 3940 signum
1976 3875 2106 3929 diri-

527 3975 679 4032 gam;
713 3973 764 4017 et
795 3965 838 4018 si
869 3980 974 4017 non
1001 3974 1243 4034 potuero,
1283 3966 1584 4034 ubicunque
1615 3977 1897 4035 aggressus
1920 3966 2099 4032 fueris,

530 4056 661 4108 mihi
702 4063 880 4110 notam
923 4053 1086 4110 facias
1132 4057 1269 4110 viam
1316 4069 1478 4113 tuam.
1525 4057 1749 4122 Quando
1779 4057 1988 4126 quidem
2012 4072 2104 4125 po-

531 4155 704 4212 tuero,
736 4155 789 4200 et
816 4147 971 4202 istam
999 4156 1205 4216 partem
1238 4148 1330 4202 tibi
1360 4147 1639 4214 direxere,
1676 4156 1957 4217 partesque
1984 4147 2103 4219 [(ὶΙι.

602 4308 628 4336 ι
671 4299 794 4354 Ιιωε
838 4299 904 4353 de
951 4299 1209 4355 Stilicone‘
1240 4299 1527 4367 Gregorius
1558 4300 1648 4353 lib.
1684 4314 1766 4366 ιι,
1803 4315 1921 4366 cap.
1953 4301 2007 4358 2.
2040 4311 2103 4356 ex

530 4369 720 4423 Orosio
748 4382 1155 4434 commemorat,
1188 4383 1305 4438 quae
1340 4373 1549 4423 incaute
1579 4371 1818 4434 Castiuo,
1845 4372 1967 4435 Clt.,
2001 4371 2107 4424 Ga-

530 4440 684 4512 s‘tino,
703 4440 777 4512 de
808 4453 924 4512 quo
945 4442 1101 4506 paulo
1129 4444 1376 4509 superius
1406 4443 1616 4494 dixerat
1643 4439 1955 4512 Gregorius,
1988 4442 2105 4498 Fre-

532 4508 778 4616 degarius
806 4510 1064 4562 attribuit.

669 4582 756 4616 Sin
784 4579 903 4616 libr
981 4581 1064 4616 alis

2205 3325 2583 3392 quinquaginta
2623 3325 2783 3377 millia
2818 3324 3108 3378 solidorum
3139 3327 3204 3380 ab
3247 3327 3567 3396 imperatore
3600 3325 3616 3363 ι
3653 3325 3779 3383 diri:

2199 3427 2468 3485 gerentur,
2503 3430 2606 3484 quo
2632 3417 2803 3482 potius
2829 3418 3016 3485 gentes
3037 3427 3255 3485 accepto
3281 3420 3330 3470 in
3357 3433 3577 3473 munere
3606 3435 3664 3474 se
3693 3422 3764 3473 im

2207 3505 2357 3574 perio
2399 3504 2746 3574 sobjicerent.
2803 3505 3124 3572 Addeusque
3171 3507 3306 3560 dixit
3345 3507 3410 3561 ad
3436 3508 3594 3580 553
3617 3526 3779 3564 eum:

2203 3597 2573 3664 Allquantulos
2607 3595 2810 3648 solido‘s
2854 3605 2955 3648 tua:
2995 3597 3257 3650 instanti-.c
3306 3596 3480 3651 loettm
3512 3600 3785 3667 accipiens

2205 3688 2450 3750 militavi,
2476 3701 2660 3755 parum
2703 3701 2891 3740 servus
2911 3696 3029 3741 tuus
3059 3698 3335 3757 argentum
3367 3689 3554 3743 habeo.
3614 3689 3787 3744 γαθέ

2210 3781 2329 3834 bam
2359 3794 2481 3832 cum
2535 3779 2635 3831 tuis
2689 3779 2876 3847 legatis
2924 3775 3141 3848 puerum
3169 3779 3441 3849 dirigere,
3493 3790 3548 3834 ut
3591 3782 3786 3835 melius

2207 3871 2672 3938 Constantinopoli
2703 3873 2828 3924 mihi
2862 3885 3141 3942 argentum
3174 3883 3450 3927 ntercaret.
3510 3874 3663 3928 Tunc
3687 3890 3784 3928 ac-

2212 3965 2385 4030 ceptis
2409 3964 2475 4016 ab
2507 3963 2719 4032 {Egidio
2745 3964 3044 4032 quingentis
3075 3965 3127 4018 in
3160 3980 3377 4021 munere
3413 3969 3623 4031 aureis,
3650 3973 3788 4037 quos

2208 4055 2270 4108 ad
2297 4057 2396 4107 ltoc
2424 4069 2555 4122 opus
2589 4057 2868 4109 emendum
2923 4058 3342 4121 transmitteret,
3383 4058 3525 4111 misit
3560 4059 3784 4127 pltertttn

2212 4145 2552 4201 creditatiunt
2600 4147 2696 4200 sibi
2742 4161 2859 4199 cum
2900 4149 3069 4200 media
3104 4159 3250 4216 parte
3278 4150 3421 4202 aurei
3471 4163 3629 4217 quem
3661 4164 3786 4202 cum

2210 4303 2531 4356 haberentur
2557 4301 2691 4367 apud
2721 4301 2939 4369 populos
2966 4303 3156 4366 pretio.
3190 4301 3259 4354 At
3286 4301 3472 4354 falsam
3500 4313 3623 4355 esse
3647 4301 3786 4353 hanc

2211 4376 2308 4428 viri
2341 4373 2531 4426 eruditi
2559 4371 2915 4440 conjecturam
2956 4386 3018 4425 ex
3052 4387 3116 4425 eo
3144 4382 3316 4439 patet.
3349 4373 3488 4440 quod
3519 4375 3602 4424 ltic
3631 4372 3786 4424 locus

2213 4447 2418 4510 integer
2450 4445 2702 4494 habeatur
2728 4443 2778 4493 itt
2811 4443 2930 4494 cod.
2955 4445 3387 4504 Clarumuttlatto,
3413 4445 3499 4511 qui
3529 4446 3597 4494 ab
3626 4445 3786 4494 anuis

2215 4514 2358 4568 mille
2389 4517 2488 4567 sub
2523 4514 2693 4582 prima
2725 4527 2906 4582 regum
2947 4523 3246 4566 nostrorum
3293 4515 3457 4580 stirpe
3486 4513 3788 4580 descriptus

669 4582 757 4658 Sic
784 4577 1287 4658 Clar.,-aliamiam-n
1318 4594 1500 4658 manu,
1535 4589 1589 4632 et
1617 4580 2098 4658 quidemtantiqua,
2131 4599 2183 4658 ι)
2214 4596 2316 4658 est_.

532 4649 724 4719 aliquis
780 4650 993 4719 scripsit
1062 4649 1362 4703 Clodoveus.
1408 4650 1496 4703 Sic
1539 4661 1590 4704 et
1638 4650 1795 4704 habet
1842 4649 2100 4706 Cain—At.

531 4718 665 4774 Boii.
697 4729 742 4773 et
785 4720 923 4787 [ilius
946 4718 1214 4773 Chloreus.
1248 4720 1375 4784 Alii,-
1401 4720 1634 4790 Chloyio.
1652 4720 1955 4788 Gregorius,
1982 4737 2099 4791 cap.

531 4793 585 4855 9,
615 4793 681 4844 tle
708 4791 1077 4845 Theodetnere
1110 4801 1161 4842 et
1203 4791 1497 4844 Cblodione
1525 4802 1628 4859 agit
1659 4831 1672 4854 ,
1719 4793 1811 4844 sed
1844 4808 2101 4861 nusquam

529 4861 746 4924 Scripsit
770 4861 1119 4916 Chlodiouent
1153 4863 1316 4914 fuisse
1360 4861 1742 4914 Tlteo.temeris
1772 4864 1958 4914 lilium.
2008 4863 2101 4915 Ai-

531 4934 744 4986 moinus
769 4939 824 4988 et
854 4932 1052 4984 iiorteo
1099 4931 1475 4985 Marcumerem
1519 4933 1713 4984 l’rianti
1747 4935 1907 4986 filtttnt
1942 4933 2105 4986 fuisse

530 5013 716 5068 aiunt,
776 5015 828 5057 et
875 5017 939 5057 ex
989 5003 1318 5056 Marcome're
1350 5003 1780 5055 l’ltaramuinlutn
1817 5003 2103 5070 prodiisse,

529 5075 617 5128 cui
665 5075 716 5128 in
766 5088 942 5142 regem
988 5076 1158 5126 electo
1186 5113 1202 5138 ,
1249 5087 1300 5126 et
1347 5083 1526 5140 postea
1577 5073 1850 5140 defuncto,
1881 5074 2107 5127 Chlodto

532 5143 701 5212 ipsius
733 5145 869 5197 filius
896 5146 1171 5197 successit.

607 5224 631 5252 ε
677 5215 800 5278 Ed.,
834 5213 1163 5283 Hespergem.
1203 5213 1302 5266 Alii
1330 5217 1449 5283 cum
1485 5214 1786 5281 AnOuymo.
1821 5213 2104 5277 Ruricoue,

540 5293 586 5338 et
614 5287 861 5340 Aimoino
891 5281 1299 5354 Dispurgum....
1337 5281 1535 5336 Omnes
1566 5285 1760 5338 habent
1798 5284 1936 5337 infra
1969 5283 2107 5336 Tho-

530 5357 810 5408 rinaorum.
863 5403 868 5408 .

667 5425 836 5486 Clar.,
871 5422 1167 5477 Lavandum
1213 5423 1399 5476 vadens
1437 5422 1598 5476 bestia
1643 5422 1876 5490 Neptuni
1923 5424 2103 5492 quino-

534 5493 666 5549 lauri
697 5495 896 5548 similis.

606 5574 630 5602 ⁸
672 5566 829 5628 Bolt.,
854 5574 1113 5631 concepta,
1137 5564 1352 5634 peperit.
1377 5562 1599 5620 Chesn.,
1629 5565 1867 5616 continua
1891 5581 1922 5617 a
1948 5565 2106 5618 bestia

533 5633 668 5689 iacta
695 5636 893 5702 fuisset.
927 5635 1072 5686 lianc
1107 5633 1264 5702 porro
1306 5635 1661 5686 narrationem
1715 5634 1780 5688 ab
1821 5638 2106 5702 interpola-

536 5719 652 5760 tore
680 5705 915 5758 additam
947 5706 1110 5757 fuisse
1138 5714 1322 5757 censet
1359 5705 1599 5756 Cointius
1637 5703 1703 5756 ad
1748 5721 1944 5758 annum
1977 5706 2103 5770 4‘26,

538 5779 695 5847 idque
721 5778 822 5830 sub
850 5773 1112 5847 Carolinis
1137 5775 1487 5847 principibus,
1513 5783 1570 5828 ut
1599 5775 1941 5847 Meroviugici
1971 5775 2110 5847 prin-

535 5843 699 5918 ap'es,
737 5845 903 5903 inuuit
943 5845 1030 5900 ille
1055 5887 1069 5912 ,
1104 5846 1190 5913 qui
1235 5859 1265 5900 e
1315 5858 1476 5914 regno
1500 5843 1824 5911 exciderant,
1853 5845 1904 5898 in
1931 5846 2104 5900 viliori

2288 4655 2306 4692 ί
2352 4654 2509 4717 Bolt.,
2541 4651 2851 4716 Basilicam,
2880 4660 2932 4706 et
2961 4653 3037 4704 sic
3063 4667 3177 4706 eam
3209 4653 3426 4705 inferius
3455 4651 3709 4721 appellat.

2280 4735 2306 4773 ε
2343 4726 2511 4786 Clar.,
2554 4723 2803 4792 Bgsinum
2824 4762 2838 4786 ,
2869 4733 2922 4777 et
2954 4725 3086 4776 infra
3133 4728 3297 4777 semel
3325 4722 3591 4792 Bysiuam.
3622 4722 3786 4786 Bolt.,-

2209 4796 2357 4848 latuit
2381 4792 2613 4846 Francis.
2649 4793 2808 4846 Tunc.

2281 4864 2304 4901 ιι
2348 4865 2513 4925 Clar.,
2550 4863 2771 4934 Ejeiunt,
2805 4869 2858 4915 et
2897 4861 3030 4915 infra
3074 4876 3287 4934 semper
3327 4861 3539 4934 Ejegfus
3565 4862 3785 4916 dicitur.-

2208 4935 2340 4990 Aliis
2367 4931 2600 5003 Egidtus.
2633 4935 2789 4993 Bult.,
2821 4944 2874 4986 tit
2903 4936 3209 5002 plurimum,
3240 4931 3436 4986 Eicitts.

2287 5006 2302 5041 ³
2349 5001 2439 5059 Sic
2464 5005 2628 5066 C.ar.,
2659 5015 2712 5056 at
2741 5003 2866 5056 editi
2889 5001 2914 5066 ,ί
2941 5003 3240 5056 Vioma‘dum
3266 5004 3479 5055 anticum
3507 5001 3788 5057 Childerit‘i

2209 5076 2534 5144 subrogatum
2583 5075 2645 5126 ab
2693 5071 2909 5142 IEgidio
2965 5076 3147 5126 iterum
3201 5072 3395 5125 Franci
3437 5076 3762 5144 instituerunt

2215 5143 2574 5198 lieestiterum
2604 5144 2656 5196 in
2680 5146 2830 5204 (iam,
2862 5157 2910 5195 at
2943 5145 3140 5196 Litesn.
3172 5144 3238 5195 al.
3272 5143 3788 5204 etAimoin.‘,Win0-

2210 5220 2440 5284 modum.
2477 5215 2632 5277 Btilt.,
2663 5212 2817 5266 Wtdo
2839 5213 3116 5265 undamn"
3149 5218 3238 5264 sub
3264 5215 3452 5284 regulis
3476 5217 3540 5267 ab
3567 5214 3783 5284 [Egidio

2212 5283 2405 5337 Franci
2438 5285 2826 5338 instituerunt...
2858 5288 3082 5353 singulas
3104 5298 3305 5336 aureos.

2286 5355 2299 5404 i
2350 5357 2437 5408 Sic
2459 5355 2605 5408 Clar.
2639 5364 2691 5406 et
2729 5357 2858 5407 fluit.
2897 5356 3032 5406 izdttt
3067 5364 3220 5416 tero,
3252 5355 3468 5409 utiles...
3507 5370 3784 5421 congruos.

2283 5424 2308 5461 ¹ι
2349 5424 2493 5478 Clar.
2537 5437 2587 5476 et
2635 5425 2820 5487 Frelt.,
2868 5427 2996 5476 dans
3035 5425 3285 5491 idemque.
3335 5424 3790 5490 Cne’s.,dansquo

2211 5497 2416 5548 eisdem.
2443 5493 2639 5548 Cattisii
2669 5495 2951 5547 lectioni-tn
2999 5495 3286 5558 sequimur.
3315 5495 3609 5547 Marcianus
3633 5505 3783 5561 tunc,

2213 5577 2303 5618 aut
2333 5579 2481 5618 certe
2518 5566 2624 5616 Leu
2651 5570 2764 5631 ejus
2796 5578 3074 5617 SilCCCSStlr
3100 5563 3204 5615 Cl’.
3238 5565 3524 5632 regnabat;
3554 5571 3604 5618 in
3631 5568 3792 5622 Ucei-.

2211 5637 2369 5689 dente
2397 5650 2525 5689 vero
2572 5634 2908 5701 Majorianu-.
2963 5636 3290 5687 Alterutrum
3341 5636 3425 5686 ltic
3477 5635 3785 5690 Mauriciutu

2211 5709 2443 5773 appellat
2473 5704 2843 5772 Fretlegarius.
2895 5704 3026 5756 Nam
3079 5704 3358 5759 Mauricius
3398 5706 3527 5772 imp.
3567 5707 3667 5760 sub
3693 5720 3789 5761 sa!h

2212 5776 2314 5832 euli
2340 5790 2490 5842 seqq.
2519 5777 2673 5827 linem
2705 5774 2858 5829 vixit.

2291 5845 2305 5882 ι
2353 5845 2600 5912 Frelter.,
2632 5845 2699 5895 ad
2727 5845 3100 5914 imperatorem.
