4132 6348
312 368 406 423 ο81

1300 357 1618 414 HISTORIA
1666 353 1749 407 Ρη
1762 352 2089 406 ΑΝΕυῆυΜ
2133 347 2481 403 til‘lTONA't'
2494 359 2520 398 -‘.
2534 385 2549 400 .

3469 354 3574 403 5'82

310 478 614 536 Childerico
656 480 947 542 diviserat,
994 476 1284 531 saccellum
1338 476 1555 543 p'enum
1602 470 1886 541 ptumheis,
1919 468 1967 527 Α
1994 464 2062 517 tle
2088 472 2258 516 stratu
2285 463 2425 515 diXll
2459 462 2645 515 Bastna
2679 460 2743 515 ad
2777 460 3132 515 Cliiltlertrunt
3160 480 3172 513 ε
3202 463 3332 529 Οιιεε
3360 462 3573 516 visibili-

310 586 448 641 quos
475 586 608 640 puer
633 585 735 642 pro
763 567 949 623 solidis
971 581 1151 623 secum
1182 572 1440 635 portaret.
1472 560 1893 651 Cbmpertojam

311 658 668 714 Childericum
695 655 1161 724 Constantinopoli
1201 668 1355 720 esse,
1383 666 1503 706 cum
1534 648 1726 721 legatis
1745 648 1897 717 Algi-

316 751 391 807 dii
419 766 552 821 puer
580 750 890 822 aggreditur
918 750 1000 803 his
1030 748 1209 803 verbis
1254 748 1576 810 instructus,
1604 753 1663 798 ut
1693 744 1899 810 legatos

315 842 681 911 praecederet,
718 850 776 895 et
803 839 1104 895 CltilderiCo
1129 838 1369 906 protinus
1398 838 1695 899 nuntiaret,
1728 835 1899 901 prius-

317 948 475 1004 quam
520 934 673 1003 legati
724 936 774 988 iu
827 941 1175 1002 conspectum
1238 931 1577 1001 imperatoris
1631 928 1896 994 venirem,

322 1025 465 1096 quod
511 1026 753 1095 Egidius
803 1028 891 1095 qui
940 1026 1134 1079 tributa
1184 1026 1410 1094 publicis
1439 1023 1645 1078 aerariis
1689 1021 1902 1075 solt-etc

321 1118 576 1182 debebat,
598 1118 790 1172 tributa
818 1119 1127 1188 imperatori
1157 1117 1411 1172 solvenda
1430 1124 1717 1185 quaereret.
1743 1112 1902 1181 Quod

321 1226 446 1267 cum
494 1211 826 1266 Childericus
888 1212 1143 1265 Mauricio
1216 1211 1523 1279 imperatori
1572 1208 1901 1271 nuntiassd,

322 1302 562 1373 mpletur
610 1298 787 1360 furore
817 1312 873 1358 et
914 1303 1311 1373 indignatione,
1366 1317 1486 1356 cum
1518 1300 1673 1369 legati
1703 1297 1903 1369 IEgidii

316 1392 370 1449 ei
397 1395 702 1464 praesentati
742 1395 1003 1461 fuissent,
1046 1395 1127 1449 bis
1157 1396 1334 1449 verbis
1357 1402 1726 1464 suggerentes,
1754 1392 1907 1461 jubet

316 1488 417 1539 eos
467 1486 666 1540 retruili
724 1486 776 1541 in
815 1500 1109 1542 carcerem.
1163 1483 1410 1557 Dixitque
1466 1485 1799 1542 Childericus
1839 1484 1905 1537 ad

325 1569 634 1629 Manricium
666 1576 1042 1646 imperatorem
1076 1594 1088 1631 :
1128 1577 1263 1632 .lube
1287 1594 1373 1632 me
1399 1592 1612 1632 servum
1641 1585 1786 1631 tuum
1829 1576 1909 1630 ire

318 1664 379 1719 in
423 1664 642 1721 Gallias.
697 1666 810 1737 Ego
874 1667 1111 1722 furorem
1163 1667 1545 1737 indignationis
1603 1676 1707 1721 tua:
1750 1680 1912 1733 super

322 1750 545 1826 'Egidio
576 1757 823 1812 ulciscar.
860 1758 1039 1813 Multis
1071 1759 1381 1813 muneribus
1409 1768 1440 1811 a
1470 1758 1728 1813 Mauricio
1761 1756 1911 1811 Chil-

2000 562 2080 608 ter
2107 552 2305 615 vidisti,
2334 552 2557 605 veritate
2578 551 2894 606 subsistunt.
2927 552 3051 604 llaac
3082 552 3570 621 interpretationem

1998 644 2221 701 habent.
2238 643 2494 697 Nascetur
2517 642 2668 697 nob's
2687 644 2824 697 filius
2847 642 3153 697 fortitudine
3175 644 3341 698 leonis
3364 644 3572 712 signum

2000 746 2057 792 et
2084 737 2251 790 instar
2278 744 2501 798 tenens;
2536 734 2628 788 lilii
2659 750 2789 789 vero
2818 732 2934 804 ejus
2963 734 3194 802 leopardi
3223 742 3280 789 et
3304 735 3575 789 unicornis

2003 829 2319 883 fortitudine
2352 828 2558 897 signum
2590 837 2789 883 tenent.
2813 828 3014 882 Deinde
3039 837 3359 897 generantur
3381 844 3451 883 ex
3471 829 3579 884 illis

2002 923 2093 992 qui
2126 923 2266 975 ursis
2298 929 2353 974 et
2384 921 2522 989 lupis
2550 920 2913 975 fortitudinem
2944 929 2998 975 et
3024 915 3365 975 v'oracitatem
3390 936 3577 976 eorum

2003 1012 2335 1067 similabunt.
2370 1011 2434 1065 Et
2471 1011 2629 1065 tertio
2670 1026 2788 1078 qua:
2817 1010 2991 1063 vidisti
3036 1013 3100 1063 ad
3141 1010 3460 1066 discessum.
3489 1027 3580 1065 co-

2005 1104 2203 1158 lumna
2248 1103 2396 1173 regni
2442 1101 2596 1171 hujus
2637 1112 2811 1165 erunt,
2841 1102 2931 1171 qui
2974 1104 3265 1171 tegnalunt
3300 1103 3366 1157 ad
3417 1105 3582 1158 instar

2004 1209 2221 1257 canum,
2252 1203 2307 1247 et
2353 1193 2651 1247 minoribus
2696 1193 2880 1247 bestiis
2919 1208 3104 1246 eorum
3150 1194 3441 1247 consimilis
3480 1198 3579 1249 erit

2005 1285 2284 1340 fortitudo.
2319 1285 2548 1339 Pluritas
2596 1293 2771 1339 autem
2815 1285 3078 1339 minorum
3127 1287 3438 1352 bestiarum,
3466 1302 3577 1356 qua

2007 1374 2077 1429 ab
2106 1376 2334 1430 invicem
2366 1375 2713 1429 detrahentes
2740 1374 3083 1439 volutabant,
3119 1376 3339 1441 p0pulos
3367 1377 3483 1430 sine
3516 1376 3583 1429 ti-

2008 1482 2159 1521 more
2211 1466 2505 1535 principum
2564 1466 2634 1520 ab
2695 1467 2920 1519 invicem
2968 1465 3254 1519 vastandos
3296 1468 3584 1537 significat.

2008 1556 2265 1626 Concepit
2309 1556 2499 1610 Basina
2518 1596 2533 1620 ,
2559 1566 2614 1609 et
2644 1556 2848 1625 peperit
2876 1554 3039 1611 ﬁlium
3061 1598 3075 1621 ,
3105 1557 3321 1610 nomine
3357 1557 3585 1609 Cblode-

2009 1654 2187 1702 veum.
2212 1647 2307 1701 llic
2327 1647 2426 1701 fuit
2448 1661 2672 1717 magnus
2696 1654 2750 1701 et
2774 1655 3034 1716 pugnator
3054 1647 3394 1716 egregius,ad
3421 1648 3585 1701 instar

2014 1738 2185 1793 leonis
2215 1738 2539 1793 fortissimus
2579 1739 2788 1793 caeteris
2829 1739 3061 1809 regibus.
3091 1738 3426 1795 Clttlderictts
3466 1754 3589 1795 cum

324 1845 542 1901 dericu‘s
569 1847 768 1902 ditatus
791 1888 805 1912 ,
846 1854 1036 1903 'evectu
1071 1850 1244 1903 navali
1275 1849 1564 1904 revertitur
1594 1850 1646 1903 in
1687 1848 1907 1903 Gallias.

2018 1829 2299 1884 Udouacro
2329 1844 2455 1899 rege
2486 1830 2821 1883 Saxonorum
2853 1829 3154 1883 Aureliauis
3185 1844 3451 1898 pugnans,
3481 1832 3589 1883 Ani

326 1936 497 2007 Quem
525 1952 647 1994 cum
679 1938 990 1995 Wiotnadus
1023 1941 1299 1995 nuntiante
1331 1956 1495 2011 puero
1531 1941 1902 2008 comperisset,

323 2037 503 2083 eastro
532 2030 699 2084 Barro
724 2040 748 2068 ιι
781 2031 846 2085 ad
888 2029 1062 2101 ipsum
1094 2029 1259 2097 venit,
1297 2042 1351 2087 et
1390 2048 1417 2085 a
1442 2032 1794 2086 Barrensibus
1824 2047 1908 2084 re-

324 2129 510 2189 ceptus
530 2130 629 2178 est.-
681 2120 880 2176 EOrum
917 2127 1104 2178 omnes
1133 2126 1336 2178 reditus
1364 2120 1604 2194 publicos
1635 2130 1730 2194 pro
1756 2123 1909 2177 initio

325 2212 653 2281 receptionis
674 2214 903 2267 consilio
931 2211 1203 2268 Wiomadi
1236 2214 1461 2284 benigne
1485 2216 1773 2271 cancessit.
1808 2214 1910 2267 Dc-

325 2305 453 2361 lnde
502 2306 570 2361 ab
614 2308 863 2362 omnibus
921 2308 1141 2363 Francis
1194 2308 1571 2363 resnblimatur
1630 2310 1681 2362 in
1723 2322 1907 2377 regno,

327 2404 599 2477 multaque
646 2406 829 2474 praelia
874 2421 994 2459 cum
1035 2404 1252 2475 Egidio
1296 2407 1423 2476 egit.
1490 2405 1678 2460 Plures
1704 2406 1911 2475 strages

328 2494 396 2551 ab
425 2497 541 2567 ipso
563 2498 715 2551 factte
742 2504 865 2551 sunt
891 2498 941 2550 in
971 2497 1249 2551 Romanis.

399 2590 513 2646 ΧΠ.
563 2591 754 2645 Basina
801 2594 919 2661 quae
978 2590 1210 2644 Bisinum
1270 2590 1449 2659 regem
1510 2584 1561 2643 in
1612 2574 1908 2651 Thoringia

330 2684 561 2753 jugalem
588 2681 835 2749 habebat,
857 2697 975 2736 cum
999 2679 1237 2736 audisset
1258 2682 1615 2735 Childericum
1640 2696 1669 2733 a
1697 2680 1914 2734 Francis

332 2776 388 2828 in
412 2788 577 2843 regno
598 2771 959 2837 sublimatum,
978 2787 1139 2826 cursu
1162 2772 1326 2827 veloci
1350 2770 1657 2841 relinquens
1681 2771 1913 2824 Bisinum

331 2866 398 2921 ad
444 2864 803 2921 Cltildericum
854 2865 1063 2920 transiit
1114 2864 1271 2937 (Cap.
1318 2864 1436 2933 1‘2).
1478 2863 1575 2931 Qui
1628 2880 1747 2917 cum
1798 2878 1915 2917 eam

337 2956 570 3012 sollicite
598 2956 984 3025 interrogasset
1021 2968 1124 3024 qua
1158 2954 1224 3008 de
1275 2968 1434 3007 causa
1467 2956 1532 3005 ad
1561 2969 1681 3006 cum
1712 2951 1779 3004 de
1810 2962 1915 3004 tam

334 3048 491 3116 longe
519 3047 774 3110 venisset,
800 3043 1143 3113 reSpondisse
1171 3043 1338 3097 fertur
1367 3059 1380 3095 :
1412 3041 1564 3106 Novi,
1592 3041 1783 3108 inquit,
1816 3038 1912 3093 uti-

338 3138 539 3193 litatem
562 3146 728 3201 tuam,
749 3135 888 3204 quod
918 3134 991 3189 sis
1020 3134 1174 3189 valde
1198 3142 1478 3196 strenuus;
1504 3130 1667 3203 554
1694 3129 1918 3198 ideoque

2010 1922 2272 1991 degabum
2323 1924 2495 1976 victor
2543 1923 2797 1989 perrexit.
2848 1922 3054 1976 Mortuo
3104 1921 3347 1993 Egidio,
3380 1922 3589 1992 reliquit

2012 2015 2203 2079 lilium,
2233 2014 2517 2085 Syagrium
2548 2013 2762 2069 nomine
2793 2014 2941 2083 (Cap.
2976 2015 3091 2084 t8).
3121 2015 3322 2069 Eodem
3356 2025 3593 2093 tempore

2012 2108 2275 2161 Brittones
2315 2108 2384 2160 de
2428 2104 2665 2161 Betorica
2710 2106 2818 2178 [ΑΙ.
2850 2106 3102 2179 Biturica]
3132 2122 3159 2159 a
3190 2107 3351 2178 555
3383 2106 3592 2162 Guttbis

2012 2198 2242 2268 expulsi,
2273 2198 2424 2252 multi
2454 2199 2592 2266 apud
2624 2199 2907 2252 Do’enscm
2939 2209 2961 2237 ο
2993 2198 3251 2268 perempti
3280 2209 3423 2254 sunt.
3452 2199 3591 2254 Pau-

2014 2290 2096 2343 lus
2125 2299 2310 2343 comes
2349 2303 2468 2342 cum
2516 2288 2769 2342 Romanis
2799 2300 2851 2341 et
2885 2289 3105 2345 Francis
3138 2289 3334 2344 bellum
3376 2290 3590 2345 Gottbis

2012 2379 2209 2438 intulit.
2230 2386 2285 2435 et
2307 2380 2513 2449 praidas
2538 2380 2662 2449 egit.
2684 2378 3013 2434 Childericus
3036 2380 3316 2435 Odouacro
3341 2386 3593 2450 superato

2020 2470 2239 2525 Paulum
2260 2469 2510 2525 comitem
2542 2470 2836 2535 interfecit,
2859 2472 3156 2541 Ande‘gavis
3180 2474 3413 2527 obtinuit
3437 2472 3587 2543 (Cap.

2018 2561 2129 2630 t9).
2160 2561 2252 2615 llis
2282 2561 2437 2627 actis,
2463 2560 2596 2615 inter
2629 2561 2869 2615 Saxones
2899 2569 2952 2615 et
2979 2560 3247 2616 Romanos
3276 2563 3471 2616 bellum
3501 2578 3595 2633 ge-

2017 2660 2162 2706 stum
2192 2660 2294 2707 est.
2329 2653 2567 2706 SﬂXt‘nes
2598 2662 2742 2723 terga
2776 2656 3067 2714 vertentes.
3093 2653 3271 2707 multis
3295 2670 3359 2709 ex
3390 2655 3469 2709 eis
3495 2669 3595 2709 es-

2018 2744 2247 2807 stinetis,
2272 2744 2461 2797 insula:
2483 2742 2508 2779 ά
2539 2758 2749 2807 eorum,
2772 2758 2892 2797 cum
2926 2745 3090 2797 inulto
3122 2744 3315 2813 populo
3341 2745 3597 2801 interem-

2021 2846 2130 2905 pto,
2155 2849 2184 2888 a
2214 2834 2434 2889 Francis
2463 2844 2632 2900 capta:
2662 2844 2820 2903 atque
2846 2834 3115 2889 subversa:
3144 2841 3306 2890 sunt.‘

2093 2935 2230 2989 Xlll.
2262 2935 2382 3005 Ipso
2407 2944 2550 2989 anno
2582 2939 2921 2991 te’rrtemotus
2972 2937 3087 2991 fuit.
3121 2939 3340 2993 Eoricus
3371 2939 3599 2997 Gottlto-'

2020 3044 2137 3083 rum
2183 3040 2279 3083 rex
2325 3029 2538 3084 decimo
2581 3039 2773 3097 quarto
2816 3029 2963 3098 regni
3006 3032 3085 3084 sui
3134 3040 3275 3087 a‘nno’
3318 3012 3599 3092 ecclesiam

2021 3119 2192 3175 sancti
2237 3119 2434 3176 Iuliani
2487 3118 2697 3175 Brivate
2746 3120 3010 3175 columnis
3071 3132 3310 3177 ornatam
3375 3127 3601 3181 mirifice

338 3226 459 3284 veni
482 3226 784 3282 uthabitem
809 3223 1073 3280 tecum.Si
1093 3224 1359 3277 utiliorem
1382 3222 1480 3275 sub
1495 3227 1633 3276 cutio
1655 3222 1910 3287 scissem,
1940 3210 1989 3272 C
2020 3211 2318 3267 construxit
2348 3221 2395 3266 ⁸.
2437 3210 2687 3281 Re’gnaos
2729 3212 2949 3268 Eoricus
3005 3228 3175 3269 annos
3209 3215 3394 3286 viginti
3428 3216 3600 3289 (Cap.

336 3321 403 3374 ad
426 3320 670 3376 eumdem
692 3318 1035 3388 expetissem.
1050 3317 1218 3384 Quam
1241 3315 1576 3371 Childericus
1596 3315 1922 3385 gaudens,et

339 3411 563 3482 diligens
588 3411 825 3480 ejusdem
861 3408 1327 3479 pulchritudinem,
1351 3408 1403 3462 in
1432 3408 1682 3479 conjugio
1707 3408 1922 3478 copula-

346 3503 441 3558 Vit.
466 3502 600 3559 Cum
632 3504 802 3574 prima
833 3511 989 3557 nocte
1017 3500 1209 3571 jugiter
1240 3510 1408 3555 stratu
1434 3499 1766 3570 iunxissent,
1793 3500 1922 3555 dicit

341 3593 405 3646 ad
430 3608 550 3648 eum
573 3591 767 3647 mulier
792 3611 803 3644 :
830 3590 938 3646 llac
959 3599 1113 3645 nocte
1135 3606 1161 3642 a
1188 3592 1329 3645 coitu
1352 3589 1488 3645 virili
1513 3590 1920 3646 abstinebimus.

346 3683 516 3754 Surge
557 3683 847 3749 secretius,
878 3689 934 3737 et
971 3682 1111 3752 quod
1141 3682 1336 3736 videris
1374 3692 1498 3735 ante
1527 3682 1677 3736 aulas
1708 3682 1917 3753 palatii,

345 3776 489 3831 dices
517 3776 722 3830 ancilla:
750 3786 872 3829 tote.
891 3774 1143 3844 Cumque‘
1159 3773 1499 3837 surrexisset,
1520 3774 1651 3828 vidit
1677 3774 1923 3829 similitu-

346 3866 522 3920 dinem
563 3865 850 3919 bestiarum
880 3862 908 3901 δ
942 3863 1139 3929 leonis,
1170 3863 1442 3917 unicornis
1475 3870 1529 3917 ct
1558 3863 1792 3934 leoprirdi
1823 3865 1920 3920 de-

350 3956 757 4012 ambulantium.
774 3954 1144 4025 lleversusque
1168 3954 1304 4007 dixit
1326 3954 1536 4009 mulieri
1558 3971 1675 4025 qua:
1698 3956 1922 4014 viderat.

348 4045 487 4101 Dicit
520 4045 586 4100 ad
626 4061 746 4100 eum
789 4045 978 4100 mulier
1024 4063 1039 4100 :
1085 4044 1309 4100 Domine
1352 4045 1447 4113 mi,
1480 4046 1617 4101 vade
1646 4047 1839 4113 denuo,
1872 4059 1928 4104 et

348 4139 491 4210 quod
522 4138 717 4193 videris
745 4153 898 4192 narra
930 4136 1139 4191 ancillae
1183 4147 1306 4191 tute.
1340 4136 1431 4194 llle
1469 4153 1596 4192 vero
1634 4153 1754 4193 cum
1796 4138 1925 4195 foris

349 4232 586 4296 abisset,
605 4230 739 4293 vidit
768 4230 967 4285 bestias
996 4231 1346 4285 similitudine
1379 4231 1487 4286 ursi
1517 4240 1571 4286 et
1606 4233 1710 4303 lupi
1741 4233 1920 4289 deam—

350 4322 863 4378 bulantes.Narrans
897 4332 951 4377 et
986 4322 1098 4376 haec
1130 4322 1648 4393 mulieri,compel|it
1670 4340 1790 4379 eum
1818 4334 1928 4381 tera

354 4417 427 4469 tio
456 4424 514 4469 ut
540 4414 662 4478 iret,
690 4422 746 4467 et
771 4413 911 4483 quod
940 4413 1151 4469 videbat
1182 4413 1469 4469 nuntiaret.
1499 4412 1740 4484 Cumque
1767 4418 1926 4473 tertio

353 4505 581 4573 exisset,
613 4505 748 4558 vidit
784 4504 979 4558 bestias
1022 4504 1254 4558 minores
1297 4504 1639 4560 similitudine
1680 4507 1829 4563 canis
1873 4516 1927 4562 et

2025 3301 2139 3370 20).

2099 3402 2233 3459 XIV.
2264 3403 2321 3459 lu
2355 3404 2658 3474 Burgundio
2688 3404 2847 3459 nimia
2878 3405 3030 3460 famis
3059 3408 3338 3477 Oppressio
3382 3409 3600 3466 adtenit

2028 3496 2182 3570 (Cap.
2210 3494 2324 3568 24).
2349 3497 2592 3568 Cumque
2623 3499 2847 3567 populus
2874 3514 2903 3551 a
2935 3496 3081 3555 fame‘
3106 3500 3333 3557 diversis
3360 3504 3603 3572 regioni-3

2027 3587 2125 3642 bus
2153 3589 2566 3659 dispergeretur,
2587 3604 2683 3644 nec
2704 3599 2845 3645 esset
2867 3590 2954 3659 qui
2981 3591 3284 3647 alimoniam
3309 3596 3565 3662 praeberet
3584 3614 3603 3663 ;~

2028 3680 2269 3735 Edicius
2297 3681 2313 3718 τ
2345 3680 2558 3750 quidam
2590 3698 2655 3736 ex
2687 3682 3023 3736 senatoribus
3053 3699 3295 3753 magnam
3328 3695 3451 3741 tunc
3484 3673 3599 3742 rem

2027 3769 2080 3824 in
2125 3770 2234 3825 Deo
2288 3770 2475 3824 fecisse
2522 3772 2847 3838 perhibetur.
2884 3772 3025 3825 Misit
3069 3788 3261 3841 pueros
3306 3784 3432 3829 suos
3479 3790 3603 3833 cum

2027 3860 2294 3928 equitibus
2334 3860 2424 3931 [id
2454 3868 2526 3913 est
2554 3858 2740 3933 cquis]
2779 3869 2832 3915 et
2866 3862 3113 3926 plaustris
3143 3878 3236 3929 per
3264 3864 3461 3919 vicinas
3505 3869 3602 3925 sibi

2029 3950 2307 4018 civitates;
2344 3959 2401 4004 ut
2429 3965 2522 4005 eos
2548 3954 2635 4021 qui
2669 3952 2842 4020 inopia
2871 3956 3198 4007 vexabantur
3224 3956 3324 4009 sibi
3366 3958 3602 4012 adduce-3

2028 4053 2168 4099 rent.
2197 4042 2431 4097 Cunctos
2460 4058 2720 4113 pauperes
2749 4058 2881 4112 quos
2909 4045 3148 4099 invenire
3177 4056 3479 4115 potuerunt,
3508 4052 3603 4105 ad-

2031 4135 2298 4190 duxerunt
2326 4134 2391 4189 ad
2420 4135 2639 4190 domum
2671 4137 2822 4204 ejus,
2852 4136 3028 4205 ibique
3058 4153 3149 4191 eos
3183 4149 3420 4208 tempore
3448 4143 3604 4196 steri‘

2030 4231 2195 4283 litatis
2217 4244 2439 4300 pascens
2464 4244 2493 4283 a
2522 4229 2659 4283 fame
2688 4230 2951 4284 liberavit.
2969 4230 3305 4301 Fuernntque
3327 4234 3607 4305 plusquam

2031 4330 2260 4391 quatuor
2302 4320 2464 4375 millia
2486 4362 2500 4385 ,
2532 4335 2668 4390 quos
2699 4320 2833 4374 aluit
2861 4334 3027 4390 usque
3060 4330 3297 4391 tempore
3325 4324 3600 4381 ubertatis.

2030 4422 2154 4483 post
2180 4427 2407 4482 quorum
2439 4412 2730 4468 discessum
2762 4428 2864 4467 vox
2894 4428 2925 4467 e
2955 4415 3106 4469 castis
3149 4417 3292 4484 lapsa
3332 4422 3604 4489 pervenit,

2031 4503 2215 4559 dicens
2241 4502 2455 4557 A-Idicio
2481 4521 2493 4558 :
2523 4503 2653 4571 Quia
2682 4501 2857 4558 fecisti
2890 4503 3025 4561 hanc
3055 4521 3190 4575 rem,
3212 4508 3302 4563 tibi
3334 4520 3387 4564 et
3415 4514 3607 4567 semini

353 4598 618 4651 minorum
651 4595 939 4650 bestiarum
970 4595 1038 4650 ab
1066 4596 1294 4653 invicem
1326 4596 1716 4654 detrahentium
1749 4608 1802 4655 et
1828 4615 1922 4654 νο-
1953 4584 2010 4650 D
2033 4605 2122 4651 tuo
2172 4596 2325 4666 panis
2369 4610 2473 4651 non
2521 4595 2780 4666 indigebit
2826 4595 2880 4650 in
2927 4599 3331 4666 sempiternum.
3366 4601 3607 4659 Edicius

355 4687 661 4742 lutantium.
687 4688 925 4758 Cumque
954 4688 1162 4742 Basinte
1194 4690 1308 4743 haec
1337 4690 1590 4745 universa
1632 4701 1921 4759 narrasset,

353 4779 679 4835 abstinentes
720 4791 781 4835 se
819 4788 967 4834 caste
1010 4793 1179 4849 usque
1208 4778 1259 4834 in
1290 4779 1578 4835 crastinum
1599 4824 1613 4850 ,
1645 4794 1923 4853 surgentes

424 4962 452 4991 ι
480 4953 596 5027 Non
620 4968 782 5027 unum
811 4962 892 5027 est
912 4952 1068 5027 hujus
1090 4955 1774 5027 _nominisicastrum,vulgo
1796 4958 1920 5022 Bar,

354 5022 418 5078 de
444 5039 551 5093 quo
581 5023 669 5077 hic
704 5025 850 5077 locus
881 5024 1101 5089 intelligi
1128 5026 1462 5092 possit.Tam
1490 5028 1632 5080 enim
1662 5022 1826 5081 Barro
1852 5030 1919 5082 ad

354 5095 562 5165 Albam,
587 5109 742 5165 quam
774 5095 937 5148 Barro
964 5095 1029 5147 ad
1059 5094 1355 5163 Sequanam
1386 5108 1690 5165 competere
1723 5106 1916 5161 potest.

354 5164 576 5219 Barrutn
604 5163 781 5228 Ducis,
811 5164 948 5233 quod
982 5178 1119 5217 nunc
1145 5165 1352 5219 videtur
1379 5163 1590 5219 cmteris
1619 5167 1885 5221 celebrius
1904 5209 1918 5233 ,

353 5243 480 5289 tunc
523 5235 776 5303 temporis
816 5234 1049 5289 nondum
1089 5245 1451 5289 constructum
1482 5237 1646 5290 fuisse
1683 5237 1921 5291 Valesius

354 5314 522 5373 putat.
542 5308 609 5359 At
631 5321 750 5359 cum
780 5306 895 5373 pagi
930 5304 1202 5373 Barrensis
1228 5305 1427 5359 mentio
1449 5308 1514 5359 sit
1543 5308 1610 5358 ab
1638 5309 1789 5359 anuis
1813 5313 1921 5364 tere

363 5372 514 5429 mille
558 5379 609 5428 in
652 5372 967 5430 testamento
1007 5372 1274 5429 Wolfaudi
1316 5376 1525 5428 comitis
1571 5391 1664 5443 pro
1707 5380 1919 5431 conditu

352 5446 662 5500 monasterii
691 5447 858 5503 sancti
887 5445 1157 5500 Michaelis
1188 5445 1240 5498 in
1271 5459 1395 5512 agro
1425 5446 1763 5509 Virdutn-nsi,
1786 5456 1841 5501 et
1869 5450 1924 5504 in

353 5516 473 5570 aliis
506 5515 622 5584 ejus
652 5516 750 5569 aevi
780 5515 1159 5580 monumentis,
1186 5516 1356 5568 locum
1390 5516 1527 5571 hunc
1548 5516 1655 5584 jam
1689 5527 1810 5571 tunc
1840 5534 1929 5573 ce-

357 5586 559 5640 lebrem
592 5585 756 5641 fuisse
784 5585 1112 5653 oportuit,ut
1143 5602 1273 5653 pago
1299 5592 1601 5655 cognomini
1632 5605 1824 5641 nomen
1850 5592 1931 5642 in-

353 5656 568 5722 diderit,
590 5657 679 5722 qui
706 5656 927 5725 proinde
948 5656 1039 5725 hic
1056 5657 1285 5721 potuerit
1307 5657 1594 5725 designari,
1614 5659 1737 5711 licet
1758 5666 1930 5714 serius

358 5726 584 5795 Burrum
616 5724 772 5780 Ducis
799 5724 1222 5795 cognominatus.

428 5794 454 5832 δ
510 5794 642 5851 Istas
692 5794 925 5851 visiones
980 5794 1047 5847 ab
1099 5795 1478 5861 interpolazore
1524 5797 1729 5852 additas
1783 5807 1931 5864 putat

2031 4692 2183 4746 mira:
2214 4691 2513 4745 velocitatis
2544 4691 2639 4744 fuit
2660 4731 2675 4755 ,
2708 4690 2947 4757 pluribus
2976 4691 3179 4746 vicibus
3210 4693 3605 4750 multitudinem

2034 4781 2351 4839 Gottborum
2382 4790 2503 4837 cum
2532 4781 2714 4852 paucis
2743 4783 2794 4836 in
2821 4780 2997 4850 fugam
3025 4782 3309 4837 convertit.
3340 4783 3553 4840 Evatris
3577 4794 3604 4833 ε

2032 4957 2294 5012 Cointius.
2326 4957 2606 5029 At,prout
2644 4953 2749 5025 jam
2792 4955 3193 5012 observavimus
3232 4956 3301 5011 ad
3348 4968 3505 5029 caput
3533 4959 3601 5029 9,

2032 5030 2327 5093 refragatur
2352 5028 2472 5080 cod.
2499 5027 2894 5079 Claromontani
2923 5030 3234 5081 auctoritas.

2106 5106 2128 5136 ε
2165 5097 2302 5152 Etliti
2334 5098 2551 5163 aliquot,
2578 5094 2649 5147 al.
2687 5093 2943 5160 Tolosam,
2976 5098 3126 5151 falso.
3163 5098 3256 5151 Est
3281 5097 3421 5152 enim
3450 5103 3604 5156 vicus

2031 5169 2347 5236 Biturigum.
2374 5165 2511 5236 Xide
2543 5175 2696 5218 notas
2722 5165 2787 5217 ad
2817 5166 3055 5236 Gregorii
3088 5169 3178 5221 tib.
3210 5184 3268 5233 ll,
3293 5183 3409 5236 cap.
3439 5171 3526 5225 l8.

2092 5234 2126 5360 ἓ
2165 5234 2340 5319 Ett‘tio
2372 5234 2553 5300 Freh.,
2588 5236 2641 5287 in
2667 5236 2797 5288 solo.
2827 5234 2989 5303 Bob},
3009 5238 3063 5290 in
3090 5240 3268 5292 solo...
3297 5234 3431 5308 capti
3456 5251 3608 5313 atque

2124 5324 2270 5360 veru.

2027 5324 2270 5362 suavem.

2104 5380 2127 5415 ε
2159 5378 2375 5431 Fallitur
2399 5373 2781 5448 Fredegarius;
2801 5390 2944 5445 nam,
2963 5385 3021 5430 ut
3045 5378 3155 5448 jam
3174 5377 3599 5448 observavimus,

2032 5464 2136 5502 non
2168 5449 2409 5520 Euricus,
2440 5446 2533 5499 sed
2567 5446 2925 5520 Victoriusab
2944 5447 3152 5520 Βαιιὶοο
3178 5451 3429 5520 Arvernis
3460 5446 3599 5520 prae;

2034 5520 2238 5584 positus
2265 5518 2535 5589 basilicam
2563 5518 2730 5570 sancti
2758 5516 2976 5581 Juliani,
2996 5532 3100 5570 non
3124 5519 3336 5587 quidem
3364 5516 3598 5589 Brivate,

2030 5589 2123 5642 sed
2156 5592 2207 5643 in
2240 5590 2350 5656 ipsa
2378 5586 2516 5641 urbe
2550 5589 2815 5649 Arverna,
2845 5601 3003 5655 quam
3035 5586 3195 5643 hodie
3226 5586 3599 5645 t.‘|aruutmon4

2033 5670 2137 5714 tem
2167 5659 2524 5727 appellamus,
2554 5658 2821 5727 columnis
2850 5657 3157 5725 adornavit,
3182 5675 3286 5713 non
3317 5663 3600 5717 exstruxit.

2108 5728 2127 5767 ί
2161 5725 2269 5796 AL,
2298 5726 2547 5791 Ecditt'us,
2570 5742 2664 5781 seu
2696 5725 2964 5781 Edecius.

2107 5806 2134 5846 ε
2168 5800 2290 5864 EtL,
2321 5796 2528 5851 Eearix.
2557 5796 2688 5852 Bob.
2713 5805 2767 5852 et
2795 5797 2894 5853 Clt.
2923 5798 3017 5867 aL,
3048 5798 3295 5871 Euagrus
