4132 6348
539 266 645 331 833

1541 269 1600 329 S.
1638 270 1961 330 GREGORII
2001 269 2305 328 EPISCOI‘I
2333 268 2757 327 TURONENSIS

3679 263 3782 333 εει

537 401 629 441 rex
653 386 968 442 Gottliorum
995 383 1256 440 excedens
1284 382 1519 452 Spatium
1549 384 1789 451 limitem,
1809 399 2023 456 gravem
2052 384 2105 438 in
2136 386 2185 444 Α
2213 381 2371 450 ligito
2401 381 2465 434 ad
2498 381 2695 434 collum
2745 379 2921 449 lapide
2966 382 3118 450 aquis
3159 380 3447 449 immersit:
3478 386 3613 444 duos
3640 388 3786 448 ﬁlius

536 476 723 532 Galliis
753 477 927 530 intulit
956 475 1377 545 persecutionem
1407 472 1561 545 (Cap.
1583 474 1697 543 25).

607 569 722 623 XV.
744 570 1000 623 Defuncto
1021 566 1686 633 Cbilderico,Cblodoveus
1707 566 1943 636 ejusdem
1964 567 2103 621 ﬁlius

534 661 779 729 regnavit
806 674 901 727 pro
934 674 1000 711 eo
1029 659 1178 727 (Cap.
1210 657 1327 726 97).
1354 660 1510 710 Anno
1539 666 1712 711 autem
1743 658 1930 725 quinto
1955 657 2102 727 regni

532 748 651 819 ejus
678 749 929 820 Syagrins
964 749 1319 802 Romanorum
1359 748 1610 816 patricius
1650 749 1785 815 apud
1830 748 2123 803 civitatem.

532 842 774 897 Sexonas
799 851 823 879 ⁸
844 882 858 905 ,
888 855 1044 909 quam
1074 839 1340 909 quondam
1371 846 1520 905 pater
1545 854 1671 891 suus
1701 848 1941 893 tenuerat
1961 877 1977 903 ,
2005 854 2103 894 se-

533 931 654 986 dem
702 931 931 985 habebat
961 947 977 983 :
1009 946 1172 999 super
1196 944 1351 999 quem
1381 928 1713 983 Clilodovens
1740 944 1858 982 cum
1890 928 2100 997 Ragna-

530 1022 715 1075 cbario
746 1023 968 1085 irruens,
998 1021 1249 1091 Syagrius
1277 1020 1470 1074 illisum
1502 1033 1728 1073 cernens
1759 1019 1920 1089 556
1945 1034 2123 1075 exer-.

528 1116 691 1169 eitum
720 1126 865 1184 terga
896 1114 1081 1178 vertit,
1110 1122 1166 1169 et
1189 1112 1259 1167 ad
1288 1112 1554 1166 Alarirum
1602 1127 1780 1181 regem
1812 1113 2097 1167 Tbolosam

527 1222 683 1261 cursu
704 1208 867 1261 veloci
896 1207 1144 1275 perrexit.
1161 1207 1496 1260 Chlodoveus
1520 1205 1719 1271 legatos
1742 1204 1805 1258 ad
1831 1206 2097 1260 Alaricum

529 1300 721 1365 mittit,
749 1309 806 1353 ut
834 1314 953 1353 eum
985 1298 1252 1364 redderet,
1278 1298 1507 1364 alioquin
1541 1299 1739 1352 noverit
1773 1298 1869 1351 sibi
1902 1298 2120 1352 bellum.

530 1389 740 1444 inferri.
772 1392 841 1442 At
871 1389 961 1443 ille
990 1398 1232 1443 metuens
1253 1432 1266 1453 ,
1296 1398 1352 1442 ut
1382 1387 1698 1442 Gottborum
1742 1402 1937 1455 pavere
1980 1403 2096 1442 mus

523 1482 921 1551 est,Syagrium
938 1483 1168 1536 vinetum
1190 1481 1376 1551 legatis
1409 1482 1642 1534 tradidit.
1677 1482 1841 1548 Quem
1863 1481 2095 1535 Clilndo-

523 1580 647 1624 vctu
663 1573 919 1626 custodiae
939 1574 1275 1641 mancipavit,
1297 1587 1565 1642 regnoque
1580 1574 1696 1638 ejus
1713 1581 1955 1637 accepto,
1973 1586 2091 1624 eum

522 1662 695 1730 gladio
710 1662 974 1717 trucidare
988 1662 1435 1734 [Bolt.,truncare]
1455 1660 2088 1731 pr:rcepit.C|iIudoveus,

2207 488 2390 526 eorum
2419 474 2598 542 gladio
2641 474 2951 540 trucidavit;
2984 474 3117 529 duas
3148 476 3283 531 ﬁlias
3310 480 3497 533 exsilio
3524 482 3782 539 condem-

2208 564 2383 629 navit,
2412 580 2638 633 quarum
2679 566 2861 618 senior
2903 568 3118 621 nomine
3154 566 3480 625 Saedeleuba
3504 569 3557 637 ά,
3582 585 3782 631 mutata

2210 658 2381 717 veste,
2401 666 2460 704 se
2488 651 2593 704 Deo
2614 652 2847 715 devovit,
2860 654 3042 722 junior
3064 653 3453 712 Clirotecfiildis
3476 663 3780 719 vocabatur.

2276 740 2459 794 XVIII.
2496 741 2660 796 Porro
2701 740 3035 799 Cblodoveus
3073 747 3388 814 legationem
3439 750 3490 803 in
3543 751 3783 821 Burgun-

2203 829 2345 883 diatn
2372 831 2562 899 saepius
2584 834 2800 888 mittens
2818 836 3088 890 ambiebat
3107 838 3540 895 Cbrotecliildem
3568 840 3621 911 (Ι
3628 846 3710 896 bid
3720 847 3780 914 .)-.

2204 920 2271 975 Et
2311 937 2431 977 cum
2474 938 2578 978 non
2618 934 2764 980 esset
2793 925 2990 980 licitum
3037 942 3153 982 eam
3198 929 3401 996 videre,
3440 929 3807 1001 ΕΙιΙοιίονειιε,

2200 1012 2593 1069 Aurelianum°
2640 1018 2923 1087 quemdam
2968 1035 3035 1075 ex
3080 1021 3369 1089 Romanis,
3418 1007 3634 1093 ingenio
3675 1043 3807 1094 quo,

2202 1114 2431 1173 poterat,
2457 1106 2521 1159 ad
2552 1096 2978 1165 Cbrotccbildem
3020 1113 3411 1181 prmvidendam
3452 1116 3667 1171 direxit.
3712 1113 3783 1173 At

2200 1194 2292 1248 ille
2322 1196 2422 1250 nisi
2447 1196 2703 1265 singulus,
2733 1198 2799 1251 ad
2825 1200 2992 1253 instar
3008 1201 3236 1256 mendici
3268 1218 3449 1271 peram
3473 1206 3536 1258 ad
3562 1207 3779 1261 dorsum
3803 1184 3808 1194 Ι

2200 1285 2374 1340 ferens
2400 1297 2546 1342 veste
2570 1274 2815 1354 deformi,
2843 1292 2945 1344 illis
2969 1294 3201 1355 perrexit
3233 1296 3489 1362 partibus,
3518 1278 3806 1352 annulumh

2198 1376 2507 1441 Cblodovei,
2535 1395 2640 1447 quo
2665 1379 2710 1433 ei
2744 1384 2915 1449 potius
2945 1383 3280 1452 crederetur,
3314 1401 3493 1440 secum
3536 1399 3777 1455 portans.

2197 1465 2433 1536 Cumque
2462 1468 2526 1521 ad
2556 1455 3060 1524 Januanicivitatem
3090 1470 3107 1509 τ
3136 1473 3223 1526 ubi
3246 1474 3637 1531 Clirotecliildis
3657 1494 3778 1533 cum

2196 1572 2446 1625 germana
2477 1558 2807 1613 S.iedeleuba
2834 1554 3075 1626 sedebat,
3104 1565 3366 1629 venisset,
3397 1577 3449 1620 et
3471 1555 3577 1621 illa:
3602 1570 3779 1636 hospi-

2202 1649 2402 1702 talitate
2420 1653 2725 1719 peregrinos
2763 1662 3026 1707 sectantes
3052 1669 3170 1707 eum
3200 1670 3360 1710 causa
3383 1660 3646 1713 mercedis
3669 1636 3802 1714 sus;

522 1768 587 1807 eo
603 1754 741 1822 quod
760 1763 901 1807 esset
919 1753 1197 1818 fanaticus,
1210 1751 1475 1825 jecelesias
1506 1752 1802 1821 depraedari
1833 1752 2091 1820 permisit.

2201 1742 2488 1808 cepissent,
2520 1750 2573 1797 et
2599 1743 2758 1810 pedes
2787 1743 2901 1813 ejus
2928 1745 3317 1803 Chrotecliildis
3347 1750 3569 1815 lavaret,
3605 1754 3775 1806 Aure-

595 1843 733 1897 XVI.
767 1845 924 1913 Igitur
949 1844 1015 1898 de
1059 1845 1285 1899 ecclesia
1326 1844 1650 1898 Hernicinam
1687 1843 1835 1896 urbis
1880 1857 2094 1896 urceum

520 1950 769 2002 magnum
815 1933 983 1987 hostis
1022 1934 1311 1987 abstuli-rat
1357 1949 1476 1986 cum
1527 1935 1742 2001 re'iqnis
1784 1932 2096 1987 ministeriis

522 2023 727 2094 (Ibid.).
760 2024 991 2078 Sanetus
1037 2037 1099 2077 ac
1148 2023 1468 2090 apostolicus
1527 2021 1808 2075 Remedius
1856 2020 2093 2090 pontifex

523 2114 763 2183 ejusdem
796 2114 944 2168 urbis
973 2114 1037 2166 ad
1071 2113 1433 2168 Cblodoveum
1468 2114 1683 2166 veniens
1714 2114 1984 2181 postulans
2006 2153 2020 2176 ,
2049 2112 2094 2165 si

525 2204 669 2258 aliud
700 2204 767 2258 de
798 2203 963 2257 sacris
992 2204 1130 2256 vasis
1159 2205 1393 2271 recipere
1424 2219 1527 2256 non
1562 2217 1873 2265 mereretur,
1902 2203 2093 2257 saltem

520 2295 603 2349 vel
634 2311 848 2349 urceum
880 2296 1029 2348 illum
1059 2296 1593 2363 reciperet.Audieus
1620 2311 1709 2347 rex
1740 2296 1869 2347 dixit
1900 2313 1911 2348 :
1946 2296 2093 2349 Mitte

518 2387 758 2439 nuntium
808 2402 977 2454 usque
1025 2385 1357 2445 Suessiouas,
1392 2385 1461 2439 ibi
1506 2400 1623 2453 quae
1669 2384 1922 2452 acquisita
1972 2392 2095 2438 sunt

520 2476 812 2529 dividenda
844 2484 1030 2530 erunt.
1060 2475 1115 2529 Si
1149 2476 1276 2528 milii
1311 2476 1438 2528 illud
1472 2490 1589 2529 sors
1614 2475 1851 2538 dederit,
1884 2478 2094 2543 petitio-

520 2582 641 2621 nem
675 2577 815 2619 tuam
848 2566 1097 2633 implebo.
1128 2565 1261 2619 Cum
1296 2566 1473 2630 prieda
1516 2564 1567 2617 in
1601 2565 1776 2618 medio
1807 2565 2091 2619 dividenda

518 2665 830 2727 poneretur,
861 2654 934 2708 ait
980 2671 1071 2708 rex
1120 2670 1135 2708 ε
1183 2654 1330 2723 Rogo
1361 2662 1416 2707 ut
1444 2654 1631 2707 saltem
1673 2654 1799 2707 milii
1831 2668 1922 2707 vas
1953 2653 2091 2707 istud

518 2756 667 2803 extra
698 2756 900 2817 partem
930 2746 1256 2801 concedatis.
1289 2747 1411 2801 llaec
1439 2762 1562 2817 rege
1592 2746 1834 2812 dicente,
1865 2762 2089 2816 respon-

518 2840 645 2895 dent
678 2837 871 2894 Franci
902 2856 916 2891 :
950 2837 1195 2893 Gloriose
1223 2854 1339 2903 rex,
1370 2854 1487 2908 qua:
1518 2838 1785 2893 cernimus
1817 2848 1900 2894 tua
1932 2849 2085 2906 sunt;

518 2933 608 2987 sed
634 2941 689 2988 et
716 2946 812 2986 nos
842 2932 917 2986 tui
944 2946 1159 2998 sumus,
1188 2930 1427 2997 domine,
1460 2932 1598 3000 quod
1634 2930 1725 2987 tibi
1758 2932 1955 2999 placet,
1987 2934 2098 2989 fac..

520 3026 669 3081 Tune
701 3041 837 3079 unus
866 3025 1034 3089 levis,
1067 3024 1279 3079 invidus
1307 3034 1360 3077 et
1390 3024 1555 3079 facilis
1574 3065 1589 3089 ,
1617 3039 1745 3079 voce
1775 3040 1962 3093 magna
1996 3041 2085 3079 ur-

2201 1835 2370 1913 li_anus
2412 1835 2575 1889 verbo
2603 1846 2808 1890 secreto
2842 1838 3101 1892 inclinans
3143 1838 3211 1893 ad
3258 1855 3398 1907 eam,
3447 1841 3584 1897 dixit
3619 1859 3635 1898 :
3668 1843 3801 1913 Deo,

2200 1910 2339 1981 mina
2368 1928 2466 1990 mi,
2506 1930 2704 1996 grande
2758 1931 2971 1983 verbum
3019 1931 3110 1984 tibi
3171 1936 3510 1988 nuntiaturus
3563 1949 3702 1996 sum.
3734 1937 3780 1991 si

2197 2015 2373 2069 locum
2456 2019 2584 2072 dare
2644 2019 2880 2088 dignaris
2918 2059 2932 2084 ,
3001 2020 3088 2073 ubi
3161 2024 3419 2076 secretius
3472 2039 3801 2095 suggerama

2196 2107 2287 2161 Illa
2333 2118 2593 2173 annuens,
2656 2110 2824 2178 inquit
2871 2126 2884 2162 :
2951 2109 3187 2179 Loquere
3214 2121 3264 2166 ε.
3316 2104 3560 2182 Dixitque
3600 2119 3772 2171 Aure-

2198 2198 2371 2252 lianus
2399 2216 2412 2251 :
2437 2200 2774 2255 tlblodoveus
2801 2216 2893 2255 rex
2921 2192 3244 2257 Francorum
3281 2220 3363 2259 me
3391 2205 3584 2259 direxit
3610 2205 3675 2260 ad
3694 2219 3774 2273 te;

2194 2287 2237 2340 si
2268 2289 2512 2341 Voluntas
2543 2289 2633 2343 Dei
2667 2288 2845 2354 fuerit,
2875 2302 2925 2345 te
2955 2292 3067 2345 vult
3091 2295 3153 2345 ad
3184 2294 3432 2348 culminis
3463 2297 3544 2348 sui
3568 2282 3797 2352 sociare.

2193 2382 2515 2450 coniugium.
2553 2379 2613 2436 Ut
2649 2396 2792 2436 certa
2824 2384 2940 2448 fias,
2973 2383 3111 2436 hunc
3138 2386 3389 2439 annulum
3423 2386 3515 2440 tibi
3558 2387 3774 2442 direxit.

2192 2468 2358 2535 Quem
2394 2472 2479 2524 illa
2512 2473 2798 2542 accipiens,
2833 2476 3011 2543 gavisa
3044 2485 3124 2530 est
3153 2476 3345 2544 gaudio
3370 2491 3583 2546 magno.
3610 2478 3776 2533 Dixit-

2191 2577 2293 2631 que
2324 2564 2386 2615 ad
2418 2578 2563 2618 eum.
2622 2566 2818 2630 Accipe
2847 2575 3057 2620 centum
3102 2567 3301 2621 solidos
3331 2583 3427 2637 pro
3461 2569 3656 2624 laboris
3698 2572 3773 2625 tui

2191 2666 2432 2718 munere,
2458 2676 2468 2703 ι
2492 2664 2511 2707 ι
2538 2663 2788 2708 annulum
2812 2655 2954 2710 liunc
2976 2674 3168 2711 meum.
3194 2659 3473 2714 Festinans
3496 2642 3788 2717 revertere

2191 2743 2255 2796 ad
2284 2746 2555 2799 dominum
2591 2758 2756 2813 tuum,
2786 2759 2839 2802 et
2883 2750 2966 2803 dic
2995 2751 3041 2804 ei
3086 2767 3100 2804 :
3129 2750 3183 2805 Si
3223 2767 3306 2806 me
3336 2749 3448 2807 vult
3478 2756 3764 2808 matrimo-

2191 2833 2279 2888 nio
2308 2836 2532 2901 sociare,
2567 2840 2808 2905 protinus
2839 2854 2932 2908 per
2962 2841 3160 2909 legatos
3188 2858 3215 2895 a
3251 2850 3438 2911 patruo
3465 2860 3585 2898 meo
3624 2840 3776 2899 Gutt-

2190 2925 2399 2979 dobado
2421 2927 2739 2996 postuletur.
2776 2929 2952 2999 Legati
2982 2929 3142 3001 558
3171 2933 3260 3000 qui
3304 2933 3522 2997 venient,
3547 2934 3773 2988 obtenta

2191 3018 2253 3070 ad
2289 3033 2523 3086 praesens
2552 3020 2798 3075 firmitate
2816 3017 2865 3086 ιθ,
2899 3024 3143 3089 placitum
3171 3027 3269 3079 sub
3308 3024 3573 3081 celeritate
3613 3024 3777 3081 iustis

518 3135 671 3174 ccum
705 3118 929 3187 impulit,
958 3118 1140 3172 dicens
1170 3135 1183 3171 :
1216 3118 1353 3171 Nibil
1383 3117 1503 3171 liinc
1532 3118 1784 3185 accipies,
1816 3119 1915 3172 nisi
1946 3119 2085 3187 quod
2116 3111 2164 3176 C
2194 3117 2361 3163 ῑυῖίυιο
2394 3110 2502 3163 Νίεί
2532 3110 2597 3165 ad
2630 3112 3005 3181 Ρθΐῧείοηίίυῐη
3056 3115 3320 3181 Γεδιίυθιιι»
3356 3118 3517 3171 Amm
3552 3116 3569 3155 ί
3600 3112 3778 3187 cui“?

517 3211 610 3264 tibi
642 3225 759 3264 sors
785 3224 906 3265 vera
943 3209 1184 3278 largitur.
1214 3209 1323 3262 Rex
1372 3209 1621 3276 injuriam
1666 3210 1801 3264 banc
1832 3213 2086 3280 patientia

517 3300 723 3355 lenivit.
753 3301 910 3354 Sorte
938 3301 1130 3368 posita,
1158 3308 1431 3367 acceptum
1461 3315 1678 3355 urceum
1710 3300 1867 3355 beato
1901 3302 2091 3356 Reme-

517 3391 605 3444 dio
636 3391 948 3455 transmisit,
985 3405 1204 3444 servans
1233 3390 1467 3444 abditum
1501 3389 1603 3444 sub
1632 3402 1849 3459 pectore
1877 3393 2085 3446 vulnus.

519 3480 789 3537 Kalendas
817 3479 1030 3533 Martias
1055 3479 1218 3548 jussit
1245 3496 1430 3535 omnes
1456 3489 1778 3536 armatorum
1806 3482 2090 3553 phalanges

519 3590 577 3631 se
613 3584 926 3630 ostensuros
957 3574 1157 3629 venire.
1191 3574 1290 3629 Ubi
1316 3584 1537 3629 cunctos
1568 3575 1824 3629 ciicuibat
1855 3577 1997 3631 venit
2023 3577 2089 3632 ad

482 3734 490 3743 θ
517 3667 663 3721 urcei
700 3680 1063 3736 percussorem
1088 3706 1102 3731 ,
1134 3665 1316 3722 dicens
1345 3666 1411 3720 ad
1441 3682 1563 3722 eum
1600 3685 1611 3720 :
1647 3666 1848 3721 Inculta
1878 3677 1967 3723 est
1998 3684 2087 3724 ar—

516 3767 722 3813 matura
756 3764 876 3819 tua,
910 3771 1082 3825 neque
1122 3757 1320 3811 securis
1349 3766 1433 3812 est
1458 3758 1620 3813 utilis.
1652 3758 2087 3829 Appreliensam-

514 3861 617 3916 que
640 3860 878 3902 securem
909 3846 1022 3915 ejus
1053 3855 1207 3902 teme
1237 3847 1446 3916 dcjccit.
1473 3850 1535 3903 Et
1558 3850 1646 3903 ille
1672 3866 1791 3904 rum
1822 3853 2088 3917 paululum

523 3938 809 3991 inclinatus
840 3937 1053 4006 fuisset,
1083 3955 1173 3993 rex
1203 3939 1422 3995 elevatis
1448 3942 1691 3995 manibus
1719 3957 1907 3996 secure
1934 3953 2089 4011 caput

514 4026 631 4096 ejus
652 4027 834 4081 deﬁxit
859 4046 870 4079 ;
896 4028 1005 4094 Sic,
1026 4029 1284 4099 inquit,et
1309 4039 1359 4083 tu
1387 4029 1684 4085 Sucssionis
1711 4048 1871 4086 urceo
1896 4033 2085 4103 fecisti,

514 4133 761 4186 magnum
803 4118 903 4172 sibi
945 4134 1039 4188 per
1078 4120 1211 4173 lianc
1249 4135 1460 4177 causam
1495 4124 1735 4180 timorem
1768 4133 2011 4182 statuens
2036 4126 2084 4183 ι’.

586 4206 747 4261 XVII.
780 4207 898 4261 Fuit
931 4210 1088 4278 igitur
1120 4208 1463 4266 Gundioclius
1512 4230 1603 4268 rex
1652 4216 2083 4285 Burgundionum

514 4312 580 4373 ex
630 4312 825 4364 genere
855 4300 1159 4353 Atlianarici
1185 4301 1340 4371 557
1374 4304 1509 4372 regis
1540 4308 1893 4373 persecutoris
1921 4308 2083 4379 (Cap.

511 4385 629 4457 28).
659 4387 790 4441 Iluic
820 4389 1027 4444 fuerunt
1054 4403 1277 4459 quatuor
1308 4395 1420 4459 ﬁlii,
1451 4393 1831 4465 Gundobadus,
1862 4411 1884 4439 ε
1908 4402 2083 4457 Godc-

2192 3202 2310 3256 dam
2356 3205 2607 3272 sapientis
2637 3210 2703 3259 de
2732 3206 3188 3275 Constantinopoli
3220 3212 3507 3263 adventum
3559 3226 3770 3276 vereor,

2190 3293 2341 3362 Cujus
2373 3295 2617 3360 consilio,
2649 3296 2693 3348 si
2727 3297 2869 3363 prius
2902 3300 3127 3363 venerit,
3164 3298 3279 3353 lucc
3309 3301 3487 3353 omnia
3536 3296 3765 3370 dissipa-

2191 3384 2403 3439 buntur.
2437 3386 2754 3442 Aurelianus
2783 3394 2971 3443 eodem
3001 3390 3179 3443 habitu
3207 3407 3311 3458 quo
3340 3403 3582 3457 venerat,
3610 3394 3771 3446 rediit

2190 3478 2254 3529 ad
2291 3477 2526 3546 propria.
2577 3478 2705 3531 Cum
2749 3481 2857 3547 jam
2914 3496 3073 3550 prope
3124 3483 3508 3536 Aurelianense
3560 3484 3705 3535 teriit
3736 3502 3773 3524 ιδ

2191 3570 2349 3636 rium,
2401 3588 2497 3625 nec
2531 3574 2709 3640 procul
2757 3589 2784 3625 a
2818 3574 2975 3625 domi)
3019 3589 3183 3642 proiie
3210 3577 3548 3638 accessisset,
3583 3590 3769 3641 (ιιι-,σιη-

2189 3662 2310 3717 dam
2341 3678 2624 3732 pauperem
2670 3664 2966 3719 mendicum
3000 3666 3048 3718 in
3082 3665 3163 3719 via
3211 3680 3390 3719 secum
3432 3664 3638 3718 itineris
3684 3684 3775 3717 su-

2189 3756 2326 3810 cium
2356 3754 2585 3811 habebat
2609 3755 2621 3806 i
2642 3799 2655 3823 ,
2685 3772 2802 3811 cum
2830 3754 2939 3826 jam
2970 3770 3192 3810 securus
3223 3757 3542 3810 Aurelianus
3576 3770 3775 3823 sopor.-

2189 3852 2474 3919 depressus
2497 3859 2668 3915 esset,
2698 3865 2726 3903 a
2751 3852 2949 3919 collega
2977 3864 3075 3903 suo
3107 3864 3231 3919 pera
3260 3864 3381 3903 cum
3414 3849 3599 3901 solidis
3624 3846 3773 3916 ejus-

2190 3944 2307 3997 dem
2339 3941 2564 3995 furatur.
2597 3942 2881 4011 Cumquea
2914 3956 3103 3994 somno
3126 3938 3532 4008 expergefactus
3557 3937 3769 4003 fuisset,

2191 4050 2420 4089 mmrore
2448 4035 2630 4101 plenus
2660 4047 2817 4086 cursu
2848 4028 3016 4084 veloci
3048 4030 3281 4098 perrexit
3310 4028 3373 4081 ad
3408 4026 3643 4097 propria,
3685 4027 3774 4080 ιιι-

2190 4128 2471 4195 rigensque
2504 4139 2695 4193 pueros
2724 4123 2787 4175 ad
2819 4122 3189 4191 inquirendum
3224 4106 3525 4173 mendicum
3560 4120 3647 4187 (ιιιί
3678 4135 3776 4184 pe-

2189 4232 2301 4270 ram
2343 4217 2460 4287 ejus
2508 4216 2768 4284 portabat.
2820 4214 2984 4279 Quem
3028 4210 3419 4280 apprehensum
3477 4209 3773 4264 Aureliano

2190 4317 2533 4380 prwsetttant.
2583 4320 2810 4375 eumque
2844 4306 3046 4359 fortiter
3078 4304 3253 4358 triduo
3286 4319 3479 4356 censum
3526 4298 3773 4372 permisit

2194 4402 2269 4455 ire
2300 4397 2616 4452 mendicum.
2655 4394 2899 4448 Protinus
2949 4393 3266 4447 Aurelianus
3298 4392 3606 4446 Cblodoveo
3656 4394 3772 4475 regi

512 4478 729 4548 giselus,
750 4477 1083 4548 Cliilpericus
1106 4495 1153 4535 et
1182 4482 1533 4539 Godemarus.
1557 4486 1915 4544 Gundobadus
1936 4494 2082 4549 (Itiil-
2118 4478 2163 4537 Ῐ)
2193 4507 2286 4560 per
2312 4490 2510 4557 singula
2542 4503 2762 4540 narrans
2788 4487 3205 4551 successionem,
3239 4484 3609 4553 suggestionas
3635 4502 3771 4537 unn-

514 4572 749 4640 pericum
776 4572 989 4625 fratrem
1019 4588 1171 4627 suum
1205 4574 1469 4631 interfecit
1494 4578 1700 4647 gladio;
1730 4597 1942 4639 uxorem
1968 4588 2081 4653 ejus

584 4740 609 4767 ἰ
638 4727 840 4791 Canis.,
869 4729 1148 4784 Santonos.
1181 4729 1284 4781 Sed
1315 4740 1522 4786 constat
1551 4733 1864 4791 Suessionas
1898 4738 2080 4794 urbem

512 4800 597 4878 llic
645 4802 1086 4878 designari,_qn:c
1132 4803 1178 4853 in
1230 4803 1758 4878 veteribusscriptis
1808 4808 2077 4878 Senonas,

510 4873 767 4933 Saxonas,
794 4882 885 4925 aut
913 4871 1149 4925 Saxonas
1179 4872 1335 4938 vnigo
1363 4872 1633 4929 scribitur.

582 4941 607 4979 δ
634 4942 830 4996 Cbesn.
872 4953 926 4995 et
970 4942 1150 5004 Freli.,
1185 4943 1414 4996 timorem
1462 4943 1599 5014 fecit.
1644 4944 1847 5014 Canis.,
1875 4965 2080 5004 causam

510 5012 706 5067 Franci
732 5014 962 5065 timorem
990 5022 1290 5066 statuerunt.

585 5094 607 5122 ε
635 5084 755 5147 Alii,
790 5081 1149 5154 Gundebadns,
1170 5082 1581 5154 Gunthegisefus,
1607 5087 1926 5142 Gotemarus.
1951 5089 2075 5146 Mss.

505 5152 649 5277 ριέιν.
700 5164 750 5208 et
785 5153 915 5209 Bob.
961 5153 1240 5208 lectionem
1286 5152 1620 5223 retiuuimus,
1667 5160 1722 5213 et
1763 5159 1838 5213 sic
1867 5172 2080 5229 semper

508 5242 557 5277 ιιι
585 5241 658 5277 ra.

508 5241 658 5280 IIIIN.

572 5293 780 5349 d(ibes.
832 5296 926 5361 al.,
982 5294 1205 5356 Cfirona,
1250 5303 1305 5348 et
1349 5295 1481 5349 infra
1530 5296 1860 5353 Chrotltifdt's.
1908 5299 2066 5365 Boli.,

508 5364 894 5420 Chratechildis.
934 5364 1067 5419 Vide
1098 5376 1246 5419 notas
1277 5367 1326 5417 in
1353 5366 1686 5431 Gregorium.

567 5437 952 5507 .eAAuretianus
980 5436 1238 5507 Patricus
1270 5452 1637 5489 menioraiura
1663 5438 1917 5507 Gregorio
1938 5438 2031 5492 lib.
2061 5456 2079 5493 ι

510 5504 579 5557 de
607 5504 782 5557 Gloria
816 5516 972 5559 mart.
1006 5521 1128 5573 cap,
1159 5506 1248 5559 77.
1287 5509 1389 5561 Sed
1415 5508 1549 5559 bane
1585 5507 1651 5560 de
1683 5522 1747 5561 eo
1776 5504 2076 5564 inendieum

507 5575 791 5628 simulante
822 5575 1179 5629 narrationem
1209 5577 1345 5630 inter
1376 5576 1578 5643 fabulas
1607 5589 1914 5643 computant
1953 5594 2075 5634 cum

513 5643 723 5697 Valcsio
775 5646 872 5697 viri
911 5646 1143 5710 eruditi;
1193 5663 1350 5712 quam
1394 5658 1570 5700 tamen
1621 5648 1814 5700 habent
1860 5648 2073 5713 IIoiico,

507 5716 842 5781 Auonymns,
885 5714 1183 5779 Aimoinus,
1213 5730 1397 5769 auctor
1442 5717 1570 5769 Vita!
1596 5726 1795 5770 sancta:
1818 5715 2076 5773 Clilntliil-

2189 4584 2283 4639 tiat
2328 4581 2375 4636 ⁸⁸.
2428 4578 2575 4647 Quod
2630 4593 2749 4632 cum
2790 4576 3093 4631 Cblodoveo
3142 4576 3337 4630 utilitas
3385 4586 3438 4629 et
3487 4577 3769 4629 consilium

2185 4737 2287 4803 dis,
2314 4744 2368 4788 et
2408 4734 2492 4786 alii
2526 4732 2739 4799 passim.
2773 4730 3061 4797 Gregorius
3085 4746 3233 4803 vero,
3270 4729 3360 4783 lib.
3395 4746 3430 4783 ιι
3478 4730 3612 4783 Ιιὶςι.
3640 4745 3765 4795 cap.

2182 4806 2272 4867 23,
2305 4807 2618 4870 legationem
2649 4818 2676 4853 a
2719 4803 3019 4855 Cbloduveo
3048 4802 3267 4854 missam
3317 4813 3578 4854 memorat
3621 4815 3637 4855 :
3668 4803 3764 4855 scd

2185 4878 2312 4931 niliil
2338 4879 2405 4930 de
2437 4878 2532 4926 bac
2556 4888 2609 4925 re
2642 4872 2817 4924 liabet.

2264 4945 2281 4984 ί
2310 4946 2397 5000 Sic
2421 4945 2585 5007 Clam,
2606 4957 2706 4994 non
2734 4956 2857 4994 vero
2880 4943 3093 5007 jannam
3117 4936 3355 5004 ciritalis,
3374 4950 3430 4994 ιιι
3453 4940 3763 5007 Iloli.,Can.

2187 5026 2241 5070 et
2270 5017 2466 5079 Freb.;
2498 5003 2582 5066 est
2622 5015 2813 5079 quippe
2845 5003 3065 5073 Genava,
3115 5026 3271 5079 quant
3320 5021 3528 5065 veteres
3554 5003 3765 5063 Januba

2189 5089 2510 5141 scribebant.
2537 5084 2696 5136 Clies.
2709 5122 2722 5148 ,
2754 5079 3030 5134 Ccnovnm.

2263 5166 2286 5202 s
2303 5157 2447 5208 tllar.
2472 5154 2629 5217 Bnli.,
2654 5166 2705 5207 et
2733 5153 3128 5213 Can.,annnens
3150 5150 3295 5203 verba
3321 5161 3509 5206 secreto
3525 5151 3764 5217 audiens,

2189 5227 2433 5287 dixitque.

2261 5295 2285 5333 δ
2321 5297 2475 5356 Βυιιη
2508 5293 2676 5345 oblati
2710 5293 2774 5344 ad
2804 5305 3023 5358 praesens
3055 5289 3272 5350 ﬁrment.

2264 5364 2278 5402 ί
2316 5368 2472 5431 Editi,
2504 5365 2697 5417 Aradii.
2746 5365 2819 5418 Ue
2872 5367 2971 5414 tioc
3017 5360 3134 5413 vide
3179 5362 3404 5430 Gi-egor.
3447 5362 3537 5416 lib.
3573 5377 3609 5416 ιι
3639 5375 3761 5430 cap.

2186 5436 2274 5498 5'2,
2300 5449 2403 5491 etc.

2260 5506 2414 5560 iCau
2446 5544 2460 5569 ,
2490 5505 2682 5559 habuit.
2733 5503 2955 5568 Cli'sn.,
3007 5506 3213 5572 quidam
3264 5518 3459 5575 pauper
3502 5500 3764 5575 mendicus

2183 5595 2329 5646 quem
2356 5579 2408 5630 in
2450 5577 2599 5629 via...
2631 5576 2945 5631 habuera'...
2980 5576 3187 5648 collega
3234 5573 3325 5628 suo
3357 5589 3529 5644 peram
3560 5573 3764 5642 fui-actu

2184 5665 2210 5700 ε
2240 5660 2277 5757 lli
2308 5718 2458 5788 Apud
2490 5716 2647 5771 Fi'eb.
2698 5715 2851 5769 deest
2895 5718 3276 5771 successionem.
3326 5712 3490 5776 Clara,
3543 5723 3759 5765 narrem
3844 5696 3855 5705 ’
