4132 6348
486 352 586 406 587

1521 338 1577 393 S.
1621 334 1950 392 GIIEGORII
1990 335 2297 393 EPISCOPI
2335 333 2767 393 TUIIONENSIS
3652 332 3757 387 588

488 464 753 520 dobadum
777 476 896 517 cum
929 474 1026 515 suo
1058 456 1247 514 solatio
1276 470 1304 509 a
1332 469 1515 524 regno,
1548 454 1806 510 tributum
1832 452 2071 522 partibus
2105 454 2148 512 A
2178 450 2355 505 multis
2384 448 2694 503 muneribus
2724 444 3005 502 ecclesiam
3042 444 3210 499 saneti
3242 442 3469 511 .ilarttni,
3502 454 3555 499 et
3585 447 3759 503 sancti

487 557 777 614 Chlodovei
817 555 1134 611 dissolveret
1182 550 1335 623 (Cap.
1385 549 1495 619 5‘2).
1534 549 1892 604 Gtmdobadus
1922 549 2069 618 igno-

486 658 613 706 rans
639 650 818 705 dolum
850 646 1030 702 fratris
1053 642 1377 713 Godegiseli,
1422 642 1487 698 ad
1516 657 1638 697 eum
1671 641 1809 697 misit
1841 642 2024 696 dicens
2056 658 2068 692 :

490 742 623 797 Veni
649 751 698 794 ut
736 740 1048 794 resistamus
1082 735 1298 791 Francis
1332 735 1680 799 unanimiter,
1706 744 1761 786 ut
1790 732 1931 802 quod
1956 732 2072 786 alia:

486 841 676 900 gentes
724 842 895 898 passm
944 836 1088 889 sunt,
1140 841 1245 879 non
1294 823 1624 891 perferamus
1658 837 1773 878 nos.
1824 824 1891 876 At
1934 822 2070 877 ilic:

491 923 712 987 Vadam,
766 920 959 990 inquit,
993 931 1048 973 et
1078 916 1345 987 przebcam
1389 915 1480 970 tibi
1520 914 1795 968 auxilium.
1844 912 2075 967 Chlodo-

496 1029 629 1069 veus
675 1027 796 1068 cum
831 1009 1049 1066 Francis
1086 1007 1341 1063 adversus
1385 1008 1481 1062 hos
1526 1005 1659 1060 duos
1700 1020 1853 1075 reges
1901 1013 2074 1059 castra

495 1103 803 1159 Divionensi
825 1097 1102 1170 campania
1130 1108 1152 1135 ο
1182 1098 1371 1153 direxit
1402 1096 1465 1150 ad
1494 1097 1755 1163 praelium.
1787 1095 2077 1164 Gudcgisc-

491 1198 575 1252 lus
615 1195 931 1251 Gblodoveo
988 1190 1355 1261 coniungitur,
1410 1204 1473 1244 ac
1524 1197 1747 1258 uterque
1800 1188 2073 1242 exercitus

494 1286 811 1343 Gundebadi
863 1283 1116 1356 populum
1162 1281 1363 1337 atterit.
1420 1284 1489 1335 At
1537 1280 1627 1337 ille
1667 1279 1846 1335 dolum
1899 1277 2077 1334 fratris

494 1394 825 1450 cognoscens
864 1386 1007 1448 terga
1051 1375 1229 1440 vertit,
1266 1373 1509 1431 Rhodani
1558 1373 1728 1443 ripam
1760 1386 2077 1441 percurrens

495 1472 828 1530 Avenionem
860 1468 1046 1525 urbem
1091 1469 1407 1537 ingreditur.
1459 1466 1827 1536 Godegiselus,
1860 1466 2073 1520 obtenta

498 1561 765 1626 victoria,
813 1560 1075 1630 promissa
1126 1557 1435 1613 Chlodoveo
1482 1572 1545 1613 ex
1601 1564 1751 1626 parte
1805 1556 2073 1625 implens,

500 1653 871 1723 Viennamque
885 1651 1219 1721 triumphans
1232 1649 1284 1705 ι).
1300 1649 1646 1706 Cblodoveus
1667 1665 1755 1703 rex
1787 1658 1903 1718 pust
1926 1648 2079 1704 Gun-

494 1748 766 1805 dobadom
788 1746 985 1817 dirigit,
1008 1760 1237 1814 eumque
1256 1744 1323 1799 de
1344 1744 1562 1799 civitate
1583 1742 1788 1796 extrahi
1804 1740 2077 1810 prtecepit.

2180 542 2363 597 liilarii
2407 541 2619 607 ditavit,
2658 555 2885 610 quorum
2917 539 3082 594 fultus
3123 537 3323 593 auxilio
3373 539 3489 592 hare
3519 541 3760 596 cernitur

2177 636 2446 704 implesse.
2498 633 2741 703 Cumque
2782 630 3018 688 Parisios
3059 632 3405 702 perrexisset,
3447 632 3519 687 ibi
3569 632 3756 688 cathe-

2176 729 2324 783 dram
2358 730 2503 798 regni
2526 729 2607 783 sui
2646 728 2921 783 constituit
2952 726 3107 797 (Cap.
3143 726 3258 795 58).

2249 820 2435 874 XXVI.
2498 818 2865 875 Theodericus
2921 819 3159 887 ejusdem
3219 819 3395 883 (ilius,
3452 817 3758 872 eivitaLbos

2176 913 2348 981 captis
2378 911 2519 967 circa
2546 911 2835 977 maritima,
2861 911 3013 982 jussu
3055 910 3220 982 patris
3251 910 3389 966 Illius
3418 910 3486 964 ad
3516 925 3639 964 eum
3665 923 3757 965 re-

2178 1005 2405 1059 vertitur
2432 1002 2647 1074 (Ibid.).
2690 1005 2728 1058 F
2736 1003 2857 1059 ilius
2882 1003 3127 1072 Sigiberti
3159 1004 3320 1073 regis,
3355 1001 3572 1057 nomine
3598 1001 3761 1058 Chlo-

2178 1098 2391 1152 derieus
2442 1095 2575 1170 (AL,
2625 1094 3017 1167 Cblodoveos],
3051 1111 3207 1166 quem
3238 1111 3359 1150 eum
3409 1096 3650 1151 exercitu
3702 1098 3759 1152 iu

2178 1187 2294 1256 ejus
2322 1188 2516 1242 solatio
2545 1199 2731 1242 contra
2758 1186 2986 1243 Gotthos
3015 1186 3353 1242 Chiodoveus
3381 1186 3491 1244 [ΑΙ.
3515 1185 3761 1243 Τιιεοάα»

2180 1278 2343 1351 ricos]
2391 1280 2671 1345 habuerat,
2706 1278 2905 1333 liciniis
2930 1288 2954 1315 °
2988 1279 3188 1343 verbis,
3221 1278 3348 1332 dum
3382 1293 3476 1347 per
3505 1277 3761 1335 Scaldem

2181 1373 2401 1427 fluvium
2433 1373 2734 1444 navigaret,
2760 1380 3038 1426 attractus.
3074 1370 3190 1441 Ipse
3211 1386 3339 1426 vero
3368 1382 3576 1441 patrem
3606 1386 3762 1426 suum

2178 1465 2499 1536 Sigibertum
2531 1466 2584 1519 in
2616 1464 2885 1520 Bochonia
2923 1462 2943 1503 τ
2974 1465 3245 1521 interfecit
3269 1464 3479 1531 dolose,
3503 1473 3560 1521 et
3583 1466 3697 1536 ipse
3727 1481 3760 1521 a

2184 1556 2587 1626 percussoribus
2612 1554 2907 1612 Chlodovei
2944 1555 3259 1611 interfectus
3283 1566 3387 1611 est.
3415 1555 3663 1623 Regnum
3688 1558 3763 1613 Si-

2181 1645 2371 1717 giberti
2400 1646 2601 1717 absque
2630 1646 2741 1703 ullo
2775 1645 2961 1718 praalio
2988 1661 3108 1702 cum
3134 1647 3400 1703 thesauris
3418 1646 3766 1705 Chlodoveus

2183 1738 2492 1807 aSSumpsit.

569 1837 760 1893 XXIII.
810 1836 1027 1892 Aridius
1081 1833 1528 1905 prudentissimus
1559 1832 1643 1886 vir
1682 1845 1806 1886 cum
1854 1830 2072 1886 Gondo-
2111 1831 2153 1889 Β
2252 1826 2466 1885 XXVII.
2491 1826 2837 1883 Chararicom
2859 1843 3040 1899 regem
3066 1839 3338 1898 parentem
3353 1844 3507 1884 suum
3534 1829 3768 1886 Chlodo-

482 1932 639 1988 'bado
692 1932 830 1986 intra
881 1938 1055 1985 castra
1106 1928 1338 1993 sedens,
1400 1927 1467 1981 ad
1520 1914 1911 1981 Gundobadom
1962 1924 2075 1979 ait:

476 2023 719 2090 "Oportet
744 2030 795 2075 te
817 2018 986 2074 lenire
1008 2016 1167 2087 hujus
1190 2016 1421 2070 hominis
1446 2016 1708 2070 feritatem
1733 2013 2079 2083 (Ibid.).:Ego

498 2110 757 2165 simulans
784 2122 813 2162 a
849 2118 903 2164 te
950 2107 1153 2177 fugere,
1202 2106 1268 2159 ad
1304 2118 1432 2162 eum
1479 2104 1738 2169 transibo,
1785 2113 1844 2159 ut
1888 2103 2078 2158 faciam

480 2203 639 2276 quod
662 2214 838 2273 neque
868 2208 940 2267 te,
983 2210 1155 2269 neque
1182 2200 1317 2254 hanc
1359 2205 1549 2253 noceat
1575 2197 1868 2265 regionem.
1902 2196 2082 2264 Quod.

496 2307 708 2366 cunque
737 2291 831 2349 tibi
860 2305 954 2359 per
975 2304 1154 2347 meum
1180 2290 1423 2361 injunget
1442 2287 1746 2355 consilium,
1777 2287 2079 2344 faciendum

500 2386 770 2457 promitte,
789 2384 962 2439 donec
989 2392 1201 2437 causam
1234 2390 1380 2435 tuam
1415 2379 1671 2436 Dominus
1696 2390 2001 2451 prosperat.

572 2472 765 2532 XXIV.
804 2475 1018 2531 Aridius
1046 2474 1358 2529 valedicens
1383 2470 1715 2529 Gundobado
1743 2471 1810 2529 ad
1840 2470 2075 2530 Chlodo-

503 2582 659 2622 vrum
690 2562 946 2635 perrexit,
969 2564 1195 2620 dicens:
1225 2562 1378 2618 Illum
1401 2563 1664 2632 perfidum
1693 2562 2081 2623 Gundobadum

487 2660 835 2728 rreiinqaens,
868 2664 971 2711 tuae
992 2655 1176 2726 gloriae
1196 2669 1281 2710 me
1308 2654 1475 2711 oli‘ero
1492 2664 1517 2694 ε
1540 2652 1753 2728 (Ibid.).
1783 2656 2086 2727 Benignitcr

505 2764 533 2803 ιι
554 2745 864 2803 Cblodoveo
909 2745 1187 2811 recipitur.
1222 2742 1454 2817 Eratque
1478 2746 1746 2818 jucundus
1778 2748 1831 2804 in
1863 2746 2081 2816 fabulis,

504 2848 756 2893 strenuus
807 2835 861 2890 in
889 2834 1153 2900 consiliis,
1196 2834 1375 2905 justus
1417 2836 1469 2891 in
1504 2834 1728 2907 judicio,
1767 2839 1901 2893 etin
1932 2853 2083 2894 com-

506 2922 723 2983 ηιξκιοά
756 2925 952 2982 ﬁdelis.
1007 2925 1147 2980 Dixit
1176 2926 1239 2979 ad
1276 2926 1645 2982 Chlodoveum
1672 2946 1686 2982 :
1720 2928 1834 2983 Tua
1860 2937 1943 2984 est
1972 2931 2085 2986 haec

506 3019 675 3087 regio,
704 3026 873 3086 quare
912 3023 1032 3071 eam
1059 3025 1269 3071 vastare
1297 3018 1599 3086 permittis?
1628 3019 1765 3075 Jube
1792 3018 2083 3076 Gundeba-

2183 1935 2312 1978 veos
2327 1922 2616 1990 interfecit,
2632 1934 2684 1979 et
2698 1939 2920 1996 regnum
2940 1938 3093 1977 suum
3112 1922 3211 1978 sibi
3228 1922 3465 1978 sobdidit
3478 1923 3633 1994 (Cap.
3651 1924 3707 1978 il
3723 1924 3767 1994 ).

2253 2013 2494 2070 XXVIII.
2552 2014 2981 2086 Ragnacharium
3027 2030 3232 2083 regem,
3281 2024 3441 2085 atque
3482 2031 3637 2069 suum
3670 2031 3767 2085 pa-

2180 2119 2417 2174 rentem,
2444 2109 2784 2164 Chlodnveus
2806 2110 2941 2165 dolis
2971 2110 3234 2165 interfecit
3260 2123 3420 2164 manu
3448 2111 3684 2180 propria,
3710 2120 3769 2167 et

2184 2198 2401 2253 fratrem
2458 2214 2616 2254 suum
2663 2199 2975 2254 Richarium
3030 2200 3278 2255 similiter
3333 2214 3493 2255 manu
3552 2203 3770 2271 preptia

2182 2288 2342 2361 563
2366 2288 2631 2360 jugulavit
2654 2289 2801 2361 (Cap.
2830 2288 2946 2359 42).
2982 2291 3225 2362 Regnum
3257 2291 3638 2362 Ragnacharii,
3672 2293 3769 2362 qui

2182 2381 2323 2451 apud
2350 2377 2693 2436 Camaracom
2727 2381 2910 2436 sedem
2935 2381 3187 2447 habebat,
3217 2397 3328 2436 suae
3360 2383 3551 2437 ditioni
3584 2382 3770 2451 subje-

2183 2475 2276 2528 cit.
2308 2472 2548 2544 Regnum
2570 2471 2867 2528 Chlodovei
2903 2473 3138 2528 maxime
3169 2488 3263 2543 per
3295 2482 3436 2528 totas
3466 2472 3670 2529 Gallias
3689 2473 3771 2529 di-

2185 2567 2397 2622 latatur.
2432 2563 2685 2621 Studiose
2715 2564 2984 2630 tractavit,
3039 2575 3094 2618 ut
3135 2564 3311 2618 nullus
3335 2564 3403 2619 de
3430 2566 3546 2619 suis
3576 2580 3771 2633 paren-

2186 2658 2325 2715 tibus
2356 2667 2682 2729 superesset,
2710 2657 2810 2712 nisi
2840 2658 2909 2712 de
2936 2672 3034 2714 suo
3064 2658 3288 2721 semine,
3318 2658 3407 2726 qui
3434 2668 3706 2728 regnaret.

2257 2747 2448 2803 XXIX.
2473 2749 2683 2807 Mortuo
2702 2746 3035 2813 Cltlodoveo,
3076 2748 3322 2817 sepultos
3350 2756 3433 2803 est
3460 2747 3513 2802 in
3539 2748 3772 2804 ecclesia

2185 2842 2355 2897 sancti
2384 2840 2525 2895 Petri
2560 2838 2807 2909 apostoli,
2839 2854 2997 2909 quam
3046 2853 3145 2895 suo
3192 2854 3356 2909 opere
3396 2849 3774 2895 construxerat

2187 2931 2341 3003 (Cap.
2368 2932 2482 3003 43).
2511 2930 2655 2987 Obiit
2685 2940 2804 3001 post
2823 2929 3084 3003 Voglense
3112 2941 3137 2979 8
3170 2931 3363 2986 bellum
3389 2946 3526 2985 anno
3554 2932 3768 3000 quinto.

2185 3024 2423 3095 Regnum
2458 3024 2628 3079 tenuit
2655 3023 2809 3078 annis
2830 3023 3068 3092 triginta.
3096 3023 3140 3078 Α
3163 3023 3387 3077 transitu
3426 3023 3595 3077 sam-ti
3623 3022 3773 3076 Mar-

509 3110 633 3165 dum
674 3107 771 3164 tibi
815 3107 1014 3164 tributa
1042 3107 1378 3175 solvendum,
1422 3117 1477 3164 et
1507 3110 1678 3179 ipsum
1726 3119 1781 3167 et
1811 3114 2082 3182 regionem
2188 3115 2286 3171 tiui
2316 3130 2483 3186 usque
2509 3113 2579 3169 ad
2605 3116 2881 3170 transitum
2905 3114 3200 3169 Cltlodovei
3231 3116 3365 3170 Iiunt
3400 3115 3523 3168 anui
3553 3121 3774 3169 centum

508 3199 2084 3273 dominabis.Quodsinoluerit,perficequodcmpistiJIaec
2115 3208 2160 3272 C
2190 3208 2492 3263 duodecim.
2538 3206 2935 3263 Chrotechildis
2993 3208 3178 3276 regina
3234 3208 3299 3260 ad
3356 3207 3540 3261 limina
3597 3206 3775 3262 sancti

509 3293 746 3362 iujuncta
772 3308 799 3345 a
821 3291 1678 3363 Chlodoveosczcundobadus
1709 3295 1928 3364 implere
1956 3311 2083 3367 pro-
2194 3300 2403 3356 Martini
2432 3300 2666 3357 Turonis
2695 3300 3027 3357 orationibus
3048 3311 3102 3357 et
3125 3300 3317 3371 vigiliis
3349 3301 3700 3370 pervacabat.

498 3385 750 3450 mittens.
771 3383 1110 3439 Chlodoveus
1132 3384 1289 3440 ιέύίἱι
1322 3383 1375 3438 in
1406 3383 1708 3452 Franciam.
1743 3387 1940 3442 relictis
1965 3403 2087 3442 cum
2262 3391 2430 3449 XXX.
2456 3394 2695 3459 Quatuor
2720 3393 2807 3448 lilii
2829 3391 3126 3448 Cblodovei
3149 3434 3164 3459 ,
3189 3394 3240 3446 id
3267 3403 3348 3447 est
3379 3392 3774 3461 Theodericus,

512 3475 834 3547 Godegiselo
894 3476 1126 3546 quinque
1189 3476 1424 3532 millibus
1480 3478 1829 3533 Francorum.
1890 3479 2090 3535 Exiens
2191 3478 2598 3548 Chlodomeres,
2652 3481 3030 3537 Childebertus
3084 3491 3137 3537 et
3182 3482 3506 3550 Chlotarius,
3553 3498 3777 3553 regnum

502 3565 877 3623 Guttdoltadus
906 3566 975 3622 de
1004 3568 1297 3639 Aviniouc,
1330 3569 1616 3639 resumptis
1659 3569 1881 3635 viribus,
1914 3570 2092 3626 Gede-

506 3660 741 3732 giﬁelum
792 3659 847 3716 in
878 3660 1080 3715 Vienna
1124 3661 1451 3726 circumdat,
1505 3675 1600 3731 per
1641 3663 2008 3732 aqumtluctum
2038 3661 2090 3719 in

502 3751 783 3808 civitatem
838 3753 1143 3823 ingrediens
1180 3753 1553 3823 Godegiselum
1588 3754 1874 3809 interfecit.
1930 3754 2095 3810 Fran-

512 3857 611 3900 cos
636 3853 949 3914 aggregatos
981 3844 1033 3899 in
1057 3859 1215 3899 unam
1252 3853 1455 3899 torrem
1498 3843 1640 3900 ferro
1670 3843 1980 3911 trucidavit,
2015 3850 2094 3902 nl-

520 3936 701 4006 hilque
723 3946 909 4006 postea
932 3936 1238 3992 Chlodoveo
1257 3936 1483 3992 reddere
1502 3937 1791 4007 disponens
1813 3938 1966 4009 (Cap.
1980 3939 2093 4011 35).

592 4026 757 4081 XXV.
786 4026 951 4097 Igitur
997 4026 1241 4083 Alaricus
1268 4041 1364 4083 rex
1393 4027 1714 4084 Gotthorum
1744 4044 1866 4084 cum
1911 4031 2095 4085 amici-

520 4120 620 4173 tias
645 4117 1007 4172 fraudulenter
1029 4131 1151 4171 cum
1179 4117 1496 4174 Chlodoveo
1523 4118 1746 4185 inisset,
1778 4120 1917 4190 quod
1941 4120 2101 4177 Chlo-

508 4210 723 4267 dovcus
755 4210 1094 4267 discurrente
1133 4212 1362 4268 Paterno
1409 4214 1668 4284 legatario
1714 4227 1812 4269 suo
1852 4229 2098 4283 cernens,

524 4303 780 4356 adversus
809 4302 1083 4358 Alaricum
1113 4317 1260 4358 arma
1288 4314 1613 4372 commovet,
1653 4314 1708 4359 et
1737 4304 1786 4358 in
1820 4307 2101 4374 campania

525 4393 869 4459 Voglavensi,
899 4393 1111 4448 decimo
1140 4394 1209 4448 ab
1239 4395 1373 4449 urbe
1400 4395 1616 4449 Pictava
1662 4394 1932 4461 milliario,
1979 4395 2103 4449 Ala-

522 4481 693 4537 ricum
726 4482 1013 4551 interfecit,
1044 4496 1099 4541 et
1132 4485 1358 4555 plurima
1390 4502 1549 4541 manu
1586 4488 1907 4543 Gottborutn
1940 4491 2104 4546 truci-

2193 3574 2309 3643 ejus
2330 3590 2481 3645 :equo
2502 3576 2690 3631 ordine
2719 3577 2860 3632 inter
2881 3592 2940 3633 se
2969 3576 3421 3649 diviserunt(Lib.
3444 3594 3522 3643 nt,
3556 3596 3671 3649 cap.
3695 3580 3775 3649 l).

2194 3668 2426 3723 Sortitus
2460 3676 2542 3723 est
2569 3668 2753 3723 sedem
2804 3668 3171 3726 Theodericus
3202 3671 3401 3736 Mettis,
3456 3672 3778 3727 Chlodome-

2195 3772 2283 3814 res
2309 3759 2633 3826 Aurelianis,
2666 3759 3052 3818 Childebertus
3078 3759 3347 3827 Parisios,
3380 3771 3434 3817 et
3460 3761 3773 3818 Chlotarius

2196 3851 2523 3907 Suessionis.
2556 3852 2924 3908 Theodericus
2953 3852 3180 3910 habebat
3200 3857 3309 3924 jam
3338 3855 3528 3927 filium,
3563 3857 3783 3914 nomine

2197 3943 2654 4010 Theudebertum,
2680 3946 2872 4002 utilem
2902 3956 2957 4003 et
2981 3956 3279 4001 strenuom.

2270 4035 2463 4091 XXXI.
2513 4038 2817 4094 Amalricus
2849 4038 2990 4095 filius
3018 4039 3215 4096 Alariei
3243 4056 3484 4097 sororem
3507 4057 3695 4098 eorum
3725 4044 3782 4099 in

2201 4130 2603 4185 matrimonium
2629 4135 2858 4201 accepit,
2894 4148 2986 4201 per
3015 4148 3174 4202 quam
3222 4134 3569 4189 Barcennona
3602 4135 3784 4209 [Leg.,

2201 4231 2486 4291 propter...
2532 4223 2878 4296 Barcinonaz]
2907 4242 2935 4279 a
2963 4224 3268 4283 Cbilderico
3298 4225 3327 4265 ιι
3347 4238 3401 4284 et
3444 4227 3668 4286 Francis
3692 4247 3783 4289 oc-

2200 4314 2342 4368 cisus
2367 4323 2450 4368 est
2476 4312 2666 4386 (Ibid.,
2697 4330 2849 4386 capp.
2880 4315 2936 4382 2,
2968 4316 3043 4387 3).

2273 4404 2493 4460 XXXII.
2552 4406 2682 4459 Dani
2714 4416 2901 4461 evectu
2945 4409 3117 4463 navali
3148 4409 3345 4465 Gallias
3372 4420 3581 4482 petunt,
3614 4414 3665 4467 in
3699 4429 3785 4470 re-

2202 4514 2307 4569 gno
2331 4497 2653 4553 Theoderici
2678 4499 2908 4564 irruont,
2940 4513 2970 4554 a
2998 4500 3374 4559 Theudeberto
3405 4504 3422 4542 ί
3457 4502 3573 4561 ﬁlio
3606 4506 3785 4561 Theu-

524 4576 670 4641 tiata,
720 4590 939 4647 regnum
967 4577 1083 4648 ejus
1111 4595 1143 4634 a
1171 4594 1320 4635 mare
1347 4581 1647 4652 Tyrrheno,
1699 4580 1891 4652 Ligere
1916 4584 2098 4653 ﬂuvio,
2130 4584 2371 4650 Dderiei
2425 4600 2746 4659 superantur
2769 4629 2784 4655 ,
2825 4607 3151 4664 omnemque
3207 4596 3443 4666 praedam
3499 4608 3555 4653 et
3607 4601 3781 4655 vitam

516 4677 579 4725 et
602 4668 870 4724 montibus
900 4669 1195 4741 Pyrenaeis,
1220 4684 1390 4738 usque
1418 4672 1686 4728 Oceanum
1719 4688 1866 4731 mare
1891 4689 1920 4730 a
1942 4676 2101 4733 Chio-

522 4760 701 4816 doveo
742 4771 1059 4829 occupatum
1102 4770 1186 4817 est
1228 4760 1441 4834 (Capp.
1483 4761 1572 4831 55,
1603 4763 1734 4834 57).
1793 4766 2099 4825 Thesauros

526 4851 723 4906 Alarici
775 4860 803 4905 a
853 4850 1045 4909 Tolosa
1087 4852 1338 4909 auferens
1367 4868 1547 4911 secum
1580 4856 1819 4914 Parisios
1847 4858 2014 4927 duxit,
2048 4869 2101 4917 et

598 4973 626 5001 ⁸
647 4965 735 5021 Sic
760 4964 924 5044 Clar.,
956 4966 1133 5044 idest,
1156 4967 1207 5021 ni
1230 4965 1413 5044 fallor,
1443 4978 1613 5044 castra
1645 4986 1740 5040 per
1759 4986 1976 5044 campos
2007 4975 2096 5029 Di-

524 5034 1056 5112 itionensesdirexit,
1086 5048 1216 5112 erm,
1245 5038 1327 5093 vel
1352 5039 1409 5112 in
1429 5034 1722 5112 Campania
1754 5034 2094 5112 Divionensi;

526 5106 604 5179 sic
633 5120 750 5175 cap.
782 5105 853 5160 25
889 5107 1083 5179 dicitur
1109 5106 1399 5176 Campania
1429 5105 1796 5179 Voglavensis.
1832 5114 1974 5170 Editi
2003 5105 2095 5171 ha;

526 5175 687 5248 bent,
702 5185 869 5232 castra
890 5175 1192 5233 Divionenae
1212 5175 1542 5247 Campania»?
1568 5183 1772 5248 direxit,
1798 5194 1903 5241 etc.

595 5244 624 5283 ³³
646 5245 831 5320 Fuci»,
855 5248 1172 5320 oriuntpltat.
1213 5244 1348 5304 Cari.
1372 5258 1433 5305 et
1451 5251 1609 5307 Clies.
1642 5255 1736 5320 al.,
1760 5244 2101 5311 'Avenionem-

520 5330 625 5396 title
652 5318 993 5396 triumphus,
1024 5318 1412 5376 (litationem...
1454 5322 1647 5394 dirigit,
1679 5318 1769 5395 qui
1797 5340 1913 5381 eum
1942 5328 2004 5381 de
2030 5328 2096 5381 ci-

524 5389 959 5459 vitatemdere
980 5400 1201 5459 pauent.

601 5466 623 5495 ο
651 5455 825 5535 C_l_ar._1
870 5455 1004 5518 Boii.
1032 5468 1087 5514 et
1117 5459 1302 5535 Proin,
1336 5463 1521 5533 expeti,
1573 5478 1670 5534 pro
1706 5467 1921 5535 gloriam
1962 5478 2101 5522 tuam

512 5528 736 5607 'eapetii.
786 5528 1111 5607 Frequenter
1132 5533 1273 5607 enim
1298 5528 1457 5589 casus
1486 5528 1672 5607 sonitus
1706 5528 1799 5607 pro
1828 5548 2018 5607 quarto
2047 5539 2101 5592 in

516 5600 873 5721 νέἷεῗῖεθὲῗιοτο
919 5600 1145 5657 habetur
1170 5603 1224 5657 iu
1254 5617 1409 5670 mss.,
1453 5605 1593 5673 quod
1638 5600 1803 5662 semel
1831 5600 2102 5665 monuisse

555 5678 564 5692 ·
713 5683 730 5720 ι

590 5742 617 5779 δ
646 5736 750 5793 (ριι.
779 5740 873 5807 aL,
914 5742 1375 5798 commissionibus.

594 5822 618 5851 ⁸
651 5814 810 5875 (Σεδεὶν,
858 5812 997 5868 levis.
1042 5811 1139 5869 Ch.
1174 5823 1227 5869 et
1269 5814 1427 5871 Freb.
1474 5816 1569 5884 al.,
1619 5816 1834 5889 lenibus,
1889 5819 2094 5878 latibus.

2203 4678 2519 4733 amiserunt.

2278 4769 2513 4824 XXXIII.
2548 4770 2938 4841 'l‘horingorum
2969 4782 3078 4829 tres
3105 4773 3293 4833 fratres
3322 4778 3637 4847 regnabant,
3685 4779 3786 4833 Ba.

2203 4856 2414 4917 derieus
2445 4862 2582 4934 [.il.,
2619 4863 2968 4937 Baldericus],
3003 4866 3370 4925 Ermenfridus
3393 4878 3447 4925 et
3470 4870 3789 4926 Bertbarius

2205 4974 2363 5048 Bolt.,
2392 4975 2554 5048 infra,
2582 4979 2849 5048 navigaret
2877 4979 2946 5031 ad
2975 4988 3207 5035 tractum.

2281 5045 2298 5084 ί
2330 5046 2403 5125 Ed
2433 5047 2491 5125 t_i_,
2517 5044 2770 5103 Burcoriia
2792 5065 2814 5116 ;
2845 5050 2941 5114 al.,
2971 5048 3296 5124 Burgundio,
3323 5051 3615 5125 Burgunia,
3647 5051 3787 5109 Bur-

2200 5119 2381 5171 cltonia
2409 5118 2558 5171 silva.

2274 5198 2299 5263 ξ
2335 5187 2491 5263 βοὴ..
2530 5185 2873 5263 Υοθιαεγεηεες
2901 5191 2995 5258 aL,
3038 5192 3371 5263 Vogladense.

2275 5257 2302 5295 ιι
2336 5256 2641 5334 legentium
2673 5256 3015 5334 Cltildcberto.
3048 5256 3271 5318 Ba'rcino
3301 5262 3426 5334 urbs
3456 5263 3787 5334 episcopalis

2204 5327 2492 5398 provinciae
2522 5327 2970 5398 Tarraconensis,
3006 5333 3279 5391 hodiernae
3316 5327 3657 5391 Catalauniai
3692 5349 3787 5389 ca-

2204 5396 2319 5471 put.
2358 5400 2487 5471 Vide
2516 5396 2755 5471 Gregorii
2789 5396 2979 5457 locum.

2286 5469 2410 5525 iSic
2436 5469 2602 5538 Clar.,
2628 5469 2759 5527 Bob.
2786 5481 2839 5526 et
2861 5475 2989 5527 Can.
3034 5475 3098 5528 At
3128 5473 3287 5529 Freh.
3320 5485 3373 5531 et
3398 5474 3558 5530 Chcs.
3590 5475 3675 5529 hic
3695 5490 3787 5531 ea-

2210 5550 2302 5623 put
2324 5540 2497 5623 52'sic
2518 5543 2771 5623 inciroant
2800 5560 2812 5595 :
2844 5543 2995 5623 {uani
3017 5562 3046 5598 a
3068 5544 3443 5623 _T_Iwadeb_erto,
3491 5554 3598 5623 etc.
3627 5545 3787 5623 Certe

2210 5613 2261 5665 in
2292 5613 2522 5681 capitum
2553 5613 2757 5677 indice,
2791 5615 2947 5668 etiam
2979 5618 3030 5669 in
3058 5618 3199 5670 Clar.
3234 5617 3459 5672 habetur
3489 5635 3500 5670 :
3535 5616 3614 5670 De
3663 5618 3781 5670 Ala-

2210 5684 2287 5736 nis
2313 5684 2532 5752 qualiter
2558 5690 2609 5738 in
2639 5699 2817 5754 regna,
2852 5697 2956 5739 etc.
2996 5686 3139 5740 Niltil
3183 5694 3312 5742 vero
3351 5688 3417 5742 de
3460 5687 3619 5741 Danis
3648 5728 3660 5749 ,
3694 5687 3786 5754 qui

2214 5754 2537 5826 foricjiqem
2565 5764 2716 5826 sunt,
2753 5770 2873 5808 nam
2916 5757 3062 5812 solos
3090 5757 3269 5814 Danos
3292 5766 3554 5812 metnorat
3584 5758 3787 5826 Grego-

2160 5899 2170 5902 _
2213 5825 2341 5879 rius.
2362 5824 2621 5896 Bob.,pro
2638 5824 2771 5881 Dani
2791 5837 2976 5896 erecta,
2996 5829 3152 5885 habet
3170 5831 3443 5882 Alamanni
3464 5839 3655 5897 evecta,
3677 5824 3761 5883 e'te
