4132 6348
330 326 436 386 589

1366 334 1683 395 HISTORIA
1728 302 2153 389 FRANCORUM
2199 333 2614 391 annonam.

3502 344 3607 401 590

330 446 479 518 (Cap.
513 448 588 514 4).
636 446 1003 504 Ermcnlridus
1057 448 1393 505 Bertltarium
1440 450 1729 513 interfecit,
1764 450 1909 503 insti-
1942 453 1988 511 Α
2092 449 2377 517 XXXVIII,
2412 451 2544 507 Inita
2577 466 2704 521 pace
2734 453 2870 509 inter
2899 454 3297 517 Childebcrtum
3346 469 3401 517 et
3430 460 3608 518 Theu-

328 552 489 610 gante
517 555 687 594 uxore
727 539 1051 596 Ermenfridi
1086 542 1434 613 nequissima,
1469 543 1686 598 neruine
1724 544 1907 598 Amal-

328 630 513 701 berga,
545 642 597 686 et
629 631 939 687 Badericom
979 647 1288 703 germanum
1334 649 1490 688 suum
1519 649 1640 689 eum
1666 633 1857 689 solatio
1886 642 1912 670 α

329 717 655 775 Theudorici
710 720 998 777 interfecit.
1041 723 1154 792 Ipse
1181 737 1309 777 vero
1331 738 1360 778 a
1392 724 1774 780 Theodeberto
1801 724 1911 779 lilio

327 810 651 868 Theoderici
697 811 1009 868 interiectus
1057 821 1159 870 est.
1217 813 1457 885 Ilegnum
1515 813 1910 889 Thoringorum

332 906 660 959 Francorum
692 905 883 960 ditioni
913 906 1192 961 subactum
1222 918 1326 964 est.

400 995 643 1051 XXXIV.
697 995 1007 1053 Gundebadi
1034 998 1172 1054 Illius
1196 1000 1542 1067 Sigimundus
1565 1002 1708 1072 apud
1730 1000 1909 1057 Gena-

329 1101 548 1142 vensem
575 1085 603 1125 δ
630 1087 846 1152 urbem,
876 1088 1004 1141 villa
1033 1089 1352 1155 Quatruvio,
1383 1090 1536 1159 jussu
1559 1092 1725 1160 patris
1745 1091 1911 1146 subli-

328 1188 507 1231 matur
531 1177 693 1248 564
715 1177 766 1232 in
798 1194 1042 1247 regnum,
1069 1180 1272 1235 habens
1295 1196 1518 1237 uxorem
1552 1181 1712 1237 ﬁliam
1739 1181 1913 1236 Theu-

328 1270 498 1324 derici
548 1276 690 1340 regis
724 1270 904 1331 ltalitc,
939 1272 1078 1326 unde
1109 1271 1337 1327 habebat
1369 1273 1561 1340 tilium,
1593 1274 1807 1330 nomine
1835 1275 1916 1331 Si-

331 1363 557 1432 giritum
591 1362 745 1433 (Cap.
779 1363 855 1434 5).
888 1365 1086 1419 Eadem
1133 1379 1364 1432 mortua,
1403 1369 1562 1422 aliam
1594 1369 1746 1425 duxit
1772 1388 1914 1425 uxno

329 1467 469 1506 rem.
512 1450 704 1507 Filium
732 1467 885 1507 suum
917 1454 1205 1524 Sigiricum
1238 1473 1483 1513 noverca:
1511 1460 1721 1516 insidiis
1755 1460 1920 1532 jussit

328 1545 581 1599 interfici.
632 1544 785 1601 Unde
837 1558 1021 1615 postea
1073 1547 1263 1602 fortem
1316 1551 1686 1619 pmnitentiam
1730 1568 1914 1625 agens,

332 1636 717 1691 monasterium
772 1647 1085 1693 sanctorum
1136 1642 1529 1710 Agaunensium
1568 1645 1686 1697 miri
1739 1646 1921 1715 operis

327 1727 632 1782 construxit
660 1738 724 1792 ε,
778 1737 833 1782 et
876 1728 979 1783 alia
1039 1730 1190 1797 plura
1241 1736 1563 1789 monasteria
1608 1736 1915 1791 mdiﬁcavit.

2013 541 2251 596 doricum
2279 558 2402 598 cum
2423 555 2780 612 sacramento,
2813 547 2951 604 datis
3000 551 3275 608 obsidibus
3303 553 3457 625 (Cap.
3492 558 3608 627 15).

2016 631 2121 687 Sed
2152 634 2387 689 celerius
2415 638 2713 704 rumpitur,
2749 640 3002 709 mullique
3045 641 3137 696 lilii
3187 656 3493 701 senatorum
3540 650 3610 703 oh

2016 726 2117 781 hoc
2148 724 2168 764 τ
2201 726 2419 782 servitio
2449 728 2819 799 subjiciuntur.
2845 731 3021 803 Nepos
3049 733 3187 791 beati
3215 736 3452 808 Gregorii
3483 721 3610 796 Lin-

2014 818 2218 887 gonicte
2245 817 2394 873 urbis
2425 820 2684 891 episcOpi,
2718 822 2970 880 Treveris
3000 826 3210 882 cuidam
3242 827 3468 885 barbaro
3498 846 3611 886 ser-

2021 910 2204 975 viens,
2236 909 2450 980 ingenio
2481 909 2677 968 Leonis
2706 913 2980 985 cujusdam
3010 932 3075 973 ex
3095 919 3242 975 cocis
3275 920 3437 991 ipsius
3489 926 3610 994 cp?-

2016 1000 2190 1068 sc0pi,
2222 1000 2479 1056 liberatur
2506 1010 2561 1057 et
2592 1002 2881 1058 reducitur.

2091 1090 2333 1147 XXXIX.
2372 1092 2766 1150 Chrotecbildis
2814 1098 2994 1168 regina
3036 1115 3157 1155 cum
3201 1102 3323 1157 Iiliis
3366 1104 3603 1163 Cblodo-

2022 1182 2205 1248 meris,
2231 1199 2366 1253 quos
2396 1184 2594 1249 alebat,
2629 1186 2862 1243 Parisios
2914 1192 3187 1260 tesedcns,
3215 1209 3419 1264 eosque
3449 1200 3606 1253 unico

2020 1288 2204 1328 amore
2250 1274 2502 1346 diligens,
2533 1276 2904 1336 Cbildebertus
2950 1282 3141 1337 invidia
3190 1287 3257 1342 de
3298 1288 3376 1342 eis
3418 1290 3610 1345 ductus

2020 1366 2350 1421 Cblotarium
2380 1370 2586 1437 suadet,
2635 1379 2692 1425 ut
2742 1372 3171 1431 interficerentur
3203 1376 3351 1449 (Cap.
3389 1379 3498 1451 l8).
3533 1358 3614 1437 Ex‘

2021 1457 2215 1527 quibus
2262 1459 2406 1526 duo,
2454 1460 2829 1519 Theodoaldus
2873 1476 2929 1520 et
2979 1465 3615 1535 GunthariusChlotarii

2023 1552 2429 1622 manu'propria
2465 1552 2877 1612 interﬁciuntur.
2901 1558 3264 1619 Cltlndoaldus
3292 1563 3359 1625 ad
3388 1565 3613 1621 clerica-

2024 1647 2135 1693 tum
2170 1641 2443 1707 tondetur,
2473 1643 2793 1715 dignamque
2818 1648 2978 1703 vitam
3018 1664 3211 1719 gerens
3257 1654 3499 1720 transiit;
3546 1654 3615 1710 ad

2023 1729 2174 1799 cujus
2196 1733 2497 1801 sepulcrum
2518 1734 2773 1792 Dominus
2797 1740 3023 1796 virtutes
3040 1739 3289 1812 dignatur
3307 1744 3614 1803 ostendere.

332 1818 725 1874 chrotechitdis
771 1821 986 1877 assidue
1025 1823 1162 1877 ﬁlios
1200 1824 1526 1881 admom-bat
1562 1840 1789 1884 mortem
1826 1847 1916 1898 pa.
1950 1821 1997 1881 B
2024 1821 2390 1879 Theodericus
2421 1824 2530 1881 ﬁlio
2552 1842 2648 1881 suo
2678 1826 3049 1887 Theudeberto
3079 1842 3104 1880 ις
3139 1832 3490 1904 Wisigardem
3521 1851 3612 1893 cu-

331 1912 432 1967 rris
486 1912 817 1982 matrisque,
880 1914 962 1970 vel
1021 1931 1396 1985 germanorum
1460 1933 1678 1975 suorum
1732 1922 1916 1977 ulcisci

328 2006 483 2073 (Cap.
520 2006 597 2075 b).
622 2010 788 2073 Quam
815 2008 883 2061 ob
917 2024 1137 2063 causam
1172 2010 1246 2064 illi
1281 2012 1612 2079 Burgundias
1639 2024 1915 2083 appetunt,

332 2097 705 2169 S’gimundum
735 2109 788 2153 et
817 2100 1172 2156 Godemarem
1205 2099 1233 2140 ἀ
1265 2102 1317 2156 in
1352 2106 1541 2169 prtelio
1570 2105 1808 2161 vincunt.

404 2189 625 2245 XXXV.
671 2188 1061 2248 Chlodomeres
1100 2193 1490 2265 Sigimundum,
1534 2200 1659 2253 dum
1699 2200 1763 2253 ad
1807 2216 1919 2253 mo-

330 2284 629 2337 nasterium
658 2293 969 2339 sanctorum
1004 2287 1405 2356 Agaunensium
1450 2288 1674 2359 lugeret,
1704 2303 1919 2361 captum

331 2386 453 2427 cum
487 2388 653 2428 uxore
679 2382 735 2429 et
765 2374 969 2439 liberis,
997 2377 1297 2432 Aurelianis
1323 2378 1538 2433 adducit
1565 2378 1774 2453 (Ibid)
1810 2381 1919 2435 Go-

333 2464 568 2520 demaris
600 2475 746 2535 terga
780 2476 997 2521 vertens
1049 2467 1222 2521 latuit.
1273 2468 1589 2525 Godemaris
1636 2475 1922 2542 resumptis

332 2557 538 2613 viribus
584 2573 805 2628 regnum
838 2559 1159 2629 Burgundia:
1201 2568 1369 2617 tenet.
1409 2562 1794 2619 Cblodomeres
1827 2567 1925 2621 ite-

334 2665 455 2704 rum
486 2650 745 2706 adversus
794 2649 1147 2705 Godemarem
1186 2653 1480 2708 exercitum
1512 2664 1728 2727 movet,
1760 2657 1924 2713 inter-

331 2738 477 2797 fecto
514 2741 831 2810 Sigimundo
857 2756 980 2795 cum
1014 2756 1180 2798 uxore
1204 2753 1260 2798 et
1292 2743 1495 2800 liberis.

406 2832 650 2889 XXXVI.
707 2834 1024 2889 Prmdietom
1054 2846 1134 2890 est
1163 2837 1506 2893 Cblodomeri
1539 2840 1606 2894 ab
1637 2841 1795 2898 Avito
1821 2842 1918 2896 ab-

337 2925 479 2990 bate,
512 2925 653 2995 quod
687 2926 886 2981 fecerat
916 2927 1254 2997 Sigimundo,
1294 2928 1414 2998 ipso
1443 2930 1637 2987 itizere
1679 2932 1813 3005 [Al.,
1845 2934 1925 3004 ip-

333 3031 453 3072 sum
486 3015 637 3090 item]
691 3033 972 3087 passurum
1023 3018 1239 3091 (Νῆα)
1280 3019 1523 3091 Cumque
1557 3022 1872 3080 Vescroncia
1894 3035 1923 3064 ο

340 3109 528 3165 Franci
559 3125 681 3165 cum
714 3110 1179 3181 Burgundionibus
1220 3113 1422 3169 bellum
1466 3114 1715 3181 inissent,
1760 3114 1925 3172 Chlo-

2021 1912 2234 1983 jusdam
2263 1915 2405 1987 regis
2437 1916 2596 1971 tiliam
2645 1919 2992 1989 deSponsavit
3016 1923 3171 1993 (Cap.
3214 1924 3331 1996 20).
3368 1927 3617 1984 Tlteude‘

2026 2007 2209 2062 bertus
2238 2008 2544 2080 relinquens
2564 2010 2938 2086 Wisigardem,
2959 2015 3340 2074 Theotheriant
3370 2016 3399 2054 ¹³
3419 2033 3617 2090 genere

2024 2096 2316 2153 Romanam
2344 2100 2497 2156 duxit
2527 2118 2744 2158 uxorem
2773 2105 2921 2176 (Cap.
2952 2104 3068 2177 22).

2096 2190 2208 2245 Xl..
2241 2192 2608 2249 Theodericus
2652 2198 2913 2266 vigesimo
2941 2199 3098 2254 tertio
3133 2198 3145 2236 ί
3182 2216 3325 2258 anno
3353 2205 3503 2273 regni
3532 2206 3617 2261 sui

2028 2284 2275 2350 moritur,
2323 2300 2653 2359 regnumque
2698 2289 2813 2360 ejus
2860 2289 3262 2347 Theudehcrtus
3302 2295 3613 2365 assumpsit,

2024 2374 2112 2445 qui
2144 2392 2393 2446 magnum
2438 2394 2495 2433 se
2525 2387 2686 2449 atque
2726 2382 2775 2434 in
2808 2381 2954 2435 omni
3004 2380 3242 2438 bonitate
3288 2385 3616 2455 praecipuum

2026 2466 2265 2521 ostendit
2287 2467 2436 2540 (Cap.
2465 2468 2581 2542 2'5).
2612 2471 2931 2527 Theotheria
2956 2473 3136 2529 zelans
3162 2488 3189 2527 a
3212 2474 3614 2545 Theodeberto,

2027 2553 2188 2611 ﬁliam
2219 2560 2371 2614 sua’m
2416 2559 2542 2613 dolo
2588 2561 2873 2616 interierit.
2932 2561 3367 2626 Theodebertus,
3425 2566 3613 2622 reiicta

2025 2646 2369 2718 Theotheria,
2411 2650 2768 2725 Wisigardem
2821 2653 2979 2708 duxit
3026 2670 3265 2710 uxorem.
3303 2655 3488 2728 (Capp.
3520 2657 3615 2727 25,

2025 2737 2115 2803 eo,
2142 2739 2255 2811 27).

2098 2834 2233 2889 XLI.
2269 2833 2647 2890 Clti'debertus
2675 2845 2728 2889 rt.
2755 2837 3184 2903 'I'heudebertns,
3238 2838 3445 2896 ﬁndere
3484 2841 3616 2897 inito

2025 2924 2167 2980 inter
2190 2938 2272 2991 se,
2302 2932 2491 2979 contra
2522 2925 2854 2980 Chlotarium
2887 2936 3103 2982 movent
3128 2931 3426 2984 exercitum
3461 2929 3613 3003 (Cap.

2024 3016 2139 3087 28).
2171 3016 2277 3073 Sed
2306 3015 2637 3073 orationibus
2684 3018 3078 3075 Cbrotechildis
3109 3021 3173 3074 ad
3216 3020 3397 3077 limina
3446 3024 3617 3084 sancti

2028 3106 2261 3173 Martini,
2288 3114 2345 3163 et
2373 3107 2555 3162 divino
2584 3117 2715 3162 nutu
2736 3150 2749 3172 ,
2779 3110 3040 3180 grandine
3070 3121 3124 3165 et
3154 3111 3499 3169 infeSIatione
3531 3123 3615 3169 to-

335 3199 587 3257 domeres
609 3202 784 3271 capite
809 3211 1110 3268 truncatur,
1134 3204 1391 3273 deceptus
1420 3205 1487 3260 ab
1508 3207 1720 3263 auxiliis
1741 3208 1919 3264 Theu-

2028 3199 2192 3259 nitrui
2222 3207 2276 3255 et
2324 3199 2546 3270 fulguris
2597 3201 2880 3269 veniente,
2935 3206 3165 3267 separati
3221 3215 3363 3260 sunt.
3422 3207 3615 3263 Pacem

335 3294 529 3363 derici,
560 3296 647 3364 qui
683 3294 843 3349 titiam
868 3295 1168 3362 Sigimundi
1197 3296 1427 3353 habebat
1458 3313 1707 3354 uxorem.

414 3385 673 3441 XXXVII.
710 3386 901 3442 Franci
939 3402 1069 3442 vero
1093 3387 1145 3441 in
1172 3388 1289 3456 ipso
1319 3387 1502 3456 proelio
1534 3389 1821 3459 resumptis
1846 3392 1926 3449 vi-

340 3478 515 3544 ribus,
563 3478 1028 3550 Burgundionibus
1060 3478 1394 3536 Veserontite
1435 3484 1731 3551 superatis,
1777 3493 1831 3540 et
1857 3487 1925 3542 ad

343 3572 765 3627 internecionem
797 3572 1087 3642 perductis,
1122 3574 1340 3642 patriam
1370 3560 1555 3629 eorum
1586 3574 1773 3630 ditioni
1800 3577 1926 3633 sub-

336 3661 531 3731 jiciunt
556 3661 766 3734 (ηεαδ.
798 3664 1102 3719 Cblotarius
1133 3680 1356 3719 uxorem
1390 3665 1789 3737 Chlodomeris,
1826 3684 1924 3725 no-

341 3754 487 3809 mine
512 3754 896 3821 Guntiucham,
923 3772 1146 3812 uxorem
1176 3758 1348 3823 duxit,
1383 3759 1627 3830 ﬁliosque
1656 3762 1769 3831 ejus
1795 3772 1922 3831 tres,

337 3844 426 3900 his
470 3845 797 3912 nominibus,
841 3846 1270 3912 Theudualdum,
1311 3847 1768 3906 Guntbacharium
1816 3854 1917 3925 [AL

338 3936 721 4008 Guntbarium]
768 3948 822 3993 et
855 3937 1243 3994 Chlodoaldum
1291 3940 1685 3996 Chrotech'ildis
1726 3943 1922 3998 alebat.

340 4026 727 4086 C‘hildebertus
759 4030 946 4086 dolose
997 4032 1268 4085 Arvernos
1317 4043 1504 4086 contra
1532 4032 1925 4088 Theodericum

340 4122 559 4178 invasit.
606 4122 914 4179 Cblotarius
957 4132 1011 4179 et
1052 4122 1427 4179 Cbildcbertus
1462 4124 1797 4195 Burgundias
1835 4142 1929 4195 ap-

342 4220 569 4283 petunt:
614 4214 708 4271 sed
764 4216 1130 4270 Theodericus
1175 4230 1295 4269 cum
1343 4216 1423 4270 eis
1468 4218 1681 4287 aggredi
1736 4217 1926 4276 noluit.

340 4304 722 4362 Cbildebertus
742 4316 797 4363 et
822 4306 1127 4360 Cblotarius
1155 4305 1335 4374 Iugato
1360 4305 1660 4362 Gudemare
1688 4308 1929 4379 Burgun-

345 4397 462 4455 dias
490 4406 775 4468 occupant.
808 4398 1174 4454 Theodericus
1216 4413 1336 4453 cum
1368 4400 1607 4453 exercitu
1658 4400 1931 4455 Arvernos

350 4499 523 4545 vaStat
550 4488 706 4559 (Cap.
730 4491 784 4555 9,
815 4490 902 4554 11,
935 4488 1046 4559 l2).
1081 4490 1422 4545 Monderieus
1449 4491 1537 4559 qui
1568 4503 1628 4546 se
1654 4492 1927 4561 parentem

2026 3292 2273 3347 ineuntes
2296 3293 2361 3346 ad
2391 3293 2631 3361 pr0prias
2659 3292 2814 3348 sedes
2845 3303 2965 3349 sunt
2988 3297 3211 3350 reversi.

2098 3387 2261 3459 566
2288 3385 2448 3441 XLII.
2483 3385 2610 3441 Post
2641 3384 2757 3441 haec
2784 3385 3160 3442 Childeberlus
3203 3397 3258 3443 et
3313 3389 3616 3446 Cblotarius

2028 3477 2256 3547 Spanias
2288 3485 2574 3547 appetunt,
2611 3491 2809 3545 easque
2841 3485 2990 3547 parte
3037 3492 3268 3532 maxima
3312 3480 3618 3550 dchpulati

2028 3577 2153 3624 sunt
2180 3569 2334 3645 (Cap.
2362 3568 2477 3637 29).
2507 3568 2834 3625 Amalricum
2865 3584 3042 3638 regem
3076 3568 3382 3626 Barcenona
3414 3573 3617 3628 interﬁo

2027 3662 2177 3718 ciunt
2205 3659 2361 3732 (Cap.
2391 3661 2503 3725 10).
2537 3661 2941 3733 Caesaraugusta
2970 3661 3159 3719 civitas
3198 3664 3532 3720 orationibus
3560 3673 3617 3721 et

2023 3754 2242 3825 jejuniis
2268 3754 2527 3819 liberatur
2555 3755 2569 3805 t
2614 3754 2765 3825 (Cap.
2796 3755 2910 3826 29).

2099 3845 2278 3901 XLIII.
2313 3846 2442 3901 Post
2468 3846 2789 3901 Amalricum
2817 3844 3041 3901 Theudo
3061 3844 3088 3883 τί
3111 3855 3298 3915 regnat
3321 3846 3374 3900 in
3399 3845 3615 3915 Spaniis

2029 3935 2183 4007 (Cap.
2216 3936 2332 4007 50).
2362 3936 2481 4004 Quo
2510 3936 2788 3990 interiecto
2815 3934 3241 4003 Theudegiselus
3272 3950 3493 4006 regnum
3527 3951 3617 3990 as-

2030 4029 2213 4094 sumit,
2240 4028 2330 4099 qui
2361 4026 2486 4083 dum
2518 4026 2583 4080 ad
2611 4041 2821 4082 comam
2855 4025 3012 4080 laetus
3058 4026 3289 4090 sederet,
3341 4027 3619 4083 exstinctis

2030 4120 2200 4174 cereis
2222 4164 2237 4187 ,
2266 4133 2294 4172 a
2325 4118 2435 4174 suis
2464 4117 2743 4173 occiditur.
2777 4117 2872 4171 Cui
2903 4117 3052 4186 Agila
3084 4117 3320 4172 succedit
3348 4117 3397 4171 in
3427 4132 3613 4187 regno.

2031 4209 2211 4265 Gotthi
2241 4225 2370 4264 vero
2392 4210 2501 4280 jam
2533 4208 2661 4263 olim
2693 4208 2893 4264 habent
2915 4209 3015 4265 hoc
3041 4209 3249 4277 vitium,
3275 4224 3393 4265 cum
3418 4225 3509 4264 rex
3537 4210 3618 4266 eis

2031 4315 2137 4356 non
2170 4300 2360 4370 placet,
2394 4300 2459 4356 ab
2486 4299 2614 4371 ipsis
2643 4300 2982 4356 interﬁcitur.

2106 4393 2289 4448 XLIV.
2323 4394 2387 4448 Et
2433 4394 2555 4463 quia
2602 4392 2972 4448 Theodericus
3014 4408 3109 4448 rex
3163 4392 3327 4447 Italia:
3373 4408 3615 4451 sororem

2034 4487 2325 4543 Cblodovei
2354 4486 2407 4542 in
2440 4486 2834 4542 matrimonium
2859 4485 3064 4550 habuit,
3107 4501 3171 4540 ex
3194 4502 3305 4555 qua
3337 4487 3614 4555 parvulam

350 4582 459 4651 regi
493 4581 789 4645 asserebat,
838 4595 1169 4651 regnumque
1207 4580 1366 4651 565
1404 4581 1450 4634 ei
1480 4580 1666 4637 deheri
1712 4582 1868 4643 dixit.
1900 4581 1927 4637 a
1963 4608 2009 4665 ο
2036 4579 2198 4634 ﬁliam
2228 4594 2348 4633 cum
2380 4593 2546 4633 uxore
2571 4577 2810 4648 reliquit,
2837 4592 2955 4633 cum
2986 4586 3155 4633 mater
3183 4577 3232 4632 ei
3282 4578 3424 4644 regis
3448 4578 3619 4632 ﬁlium

346 4673 671 4728 satellitibus
740 4671 1061 4729 Theoderici
1121 4674 1381 4727 occiditur
1431 4671 1615 4728 fraude
1676 4675 1932 4744 deceptus

350 4764 509 4837 (Cap.
544 4766 655 4837 14).
684 4766 791 4821 Res
817 4766 934 4836 ejus
975 4766 1103 4821 tisco
1132 4764 1504 4834 subjiciuntur.

426 4890 457 4919 ⁸
482 4882 655 4946 Bch,
675 4881 781 4937 Ch.
807 4880 909 4945 al.,
935 4881 1101 4936 Freb.
1123 4882 1195 4935 al.
1216 4891 1269 4935 et
1294 4879 1452 4946 Can.,
1484 4896 1635 4933 suum
1664 4881 1895 4933 consilio.

420 4951 453 4991 δ
482 4953 612 5008 Can.
654 4963 707 5008 et
745 4951 843 5009 Ch.
888 4952 982 5018 al.,
1033 4952 1465 5021 Ardegam
1500 4949 1652 5007 Item.
1684 4948 1787 5004 Ch.
1834 4952 1934 5013 al.,

357 5025 731 5096 Agaunenscm.

433 5107 457 5135 ο
489 5096 599 5151 lmu
645 5095 756 5163 jam
808 5105 966 5149 antea
1006 5098 1367 5163 constructum
1426 5089 1618 5163 fuerat,
1667 5087 1760 5163 sed
1794 5088 1937 5163 illud

358 5158 858 5234 adauxit,'ibique
912 5162 1247 5231 psallentium
1312 5162 1625 5214 continuum
1682 5158 1934 5213 instituit.

365 5233 505 5307 Vide,
523 5233 841 5307 Gregorium
870 5246 920 5307 e_t
946 5243 1117 5286 notas.

432 5305 457 5343 δ
474 5298 859 5374 δηρῖθνιιὶοῐιιη·
878 5302 1215 5374 Cotemarus;
1232 5300 1314 5354 hic
1332 5300 1386 5353 in
1411 5298 1569 5374 Βοζι.2
1596 5298 1933 5374 Codemarus.

437 5386 462 5415 ο
488 5369 650 5433 Ches.
679 5386 733 5431 et
763 5376 946 5437 Freb.,
986 5373 1257 5439 Vesontire,
1295 5381 1350 5425 et
1379 5371 1457 5422 sic
1489 5370 1647 5433 intra,
1680 5369 1829 5423 locus
1855 5378 1939 5423 est

363 5463 531 5519 prope
557 5449 831 5519 Viennam
851 5446 1224 5519 Allobrogum,
1252 5457 1326 5519 ex.
1349 5440 1630 5519 Gregorio.

438 5509 675 5574 t'Primo
699 5517 835 5590 apud
866 5509 1152 5590 ltotuanos,
1183 5514 1228 5567 si
1261 5512 1391 5590 lides
1433 5512 1789 5590 inunguetur,
1843 5509 1940 5590 9b.

359 5589 507 5645 sides
533 5590 705 5656 capite
729 5579 1151 5647 damnabantur,
1183 5599 1248 5656 ex
1281 5584 1401 5636 ’l‘ito
1433 5580 1615 5645 Livio;
1670 5582 1798 5634 satis
1842 5579 1939 5633 fuit

366 5669 551 5732 postea
579 5654 673 5714 eos
706 5660 756 5711 in
786 5659 1093 5732 servitutem
1117 5654 1441 5732 redigeregi
1546 5722 1555 5732 _
1620 5722 1629 5732 .
1783 5720 1847 5732 Μ

439 5694 979 5785 ἓιῗὶῖδῗσρίίὲηῢῗεωι.
1031 5734 1086 5778 et
1140 5694 1321 5784 Frein,
1379 5722 1719 5775 Theodericus
1772 5720 1938 5784 ﬁlium

367 5818 516 5857 suum
540 5799 940 5855 Tlteudeberlum
967 5797 1049 5849 ubi
1085 5793 1455 5857 ll'isiaardem;
1486 5803 1541 5848 et
1566 5792 1722 5855 infra,
1751 5791 1938 5846 Rema-

2038 4671 2348 4726 sociandom
2392 4669 2719 4740 provideret,
2751 4684 2778 4722 a
2833 4682 3011 4732 servo,
3071 4668 3285 4721 nomine
3338 4666 3619 4735 Tranquil-

2040 4766 2161 4820 lane
2196 4762 2240 4832 ι,
2271 4764 2527 4833 accipitur
2554 4761 2708 4833 (Cap.
2739 4759 2855 4831 51).
2882 4758 3194 4828 Tranquilla
3216 4771 3338 4810 cum
3381 4756 3620 4811 exercitu

2038 4894 2159 4931 nam
2183 4876 2357 4932 duxit.
2391 4877 2531 4941 Inter
2559 4874 2691 4928 duas
2720 4881 2895 4928 tamen
2926 4872 3021 4925 has
3067 4885 3227 4925 voces
3266 4869 3468 4941 aliquid
3502 4879 3621 4924 erat

2039 4948 2293 5070 sequatur
2326 4938 3060 5068 in‘Clzir.é‘q£toch;t:t‘2iet;tir:u
3044 4952 3134 4996 est
3146 4956 3216 4996 ex
3246 4938 3527 4995 industria.

2228 5032 2325 5070 res.
2359 5032 2387 5068 a
2416 5053 2429 5068 .
2606 5033 2618 5065 ι
2663 5054 2702 5070 .,
3068 5051 3082 5063 .

2228 5032 2325 5071 res.
2359 5032 2429 5068 at.
2458 5032 2515 5068 et
2546 5032 2702 5080 unm,
2736 5032 3082 5066 ueommtul.

2120 5032 2138 5053 ¹
2164 5032 2325 5071 uues.
2359 5032 2429 5068 at.
2458 5032 2515 5068 et
2546 5032 2702 5080 unm,
2736 5032 3082 5066 vectamur.

2120 5084 2134 5122 ί
2166 5086 2256 5139 Sic
2278 5086 2418 5139 Clar.
2437 5094 2494 5137 et
2522 5084 2653 5137 Bob.
2684 5098 2802 5137 eum
2825 5096 3094 5151 anonymo
3114 5088 3331 5135 auctore
3350 5080 3420 5135 de
3440 5080 3618 5134 Gestis

2043 5157 2234 5210 Fratre.
2264 5166 2318 5209 et
2358 5154 2535 5217 editis,
2568 5161 2764 5222 praeter
2787 5150 3013 5217 Chesn.,
3064 5151 3156 5220 qui
3199 5164 3321 5204 cum
3370 5150 3619 5205 Aimoino

2043 5227 2201 5282 habet
2231 5226 2471 5295 vigesimo
2498 5234 2699 5294 quam.

2114 5298 2128 5346 i
2172 5288 2371 5351 Bellum
2411 5288 2552 5363 quod
2578 5304 2767 5349 contra
2796 5291 3111 5362 Wisigottos
3136 5290 3373 5363 suscepit
3397 5288 3618 5363 Childe-

2040 5369 2240 5433 bertus,
2269 5361 2511 5420 simulet
2538 5364 2702 5427 aliud,
2724 5365 2864 5434 quod
2905 5371 3023 5430 post
3044 5361 3491 5434 annosqundecim
3521 5361 3618 5415 ad-

2040 5430 2235 5491 versus
2255 5440 2471 5491 eosdem
2492 5430 2870 5490 Ghildebartus
2901 5449 3004 5485 una
3030 5443 3087 5487 et
3103 5430 3411 5486 Clotharins
3438 5447 3619 5497 gesse-

2042 5508 2257 5573 runt,in
2278 5523 2439 5561 unum
2469 5506 2637 5574 peruri
2668 5515 2754 5559 cet
2780 5507 3120 5583 epitomator.
3142 5503 3214 5556 De
3242 5502 3400 5584 priori
3418 5501 3620 5623 Grego-

2042 5583 2150 5623 rius
2182 5579 2271 5623 lih-
2304 5593 2383 5623 Ill-
2404 5592 2522 5623 can.
2554 5578 2621 5623 'Ill
2646 5593 2660 5623 ξ
2689 5578 2754 5623 de
2774 5581 2944 5623 altero
2962 5574 3203 5623 eiusdem
3226 5573 3344 5623 llbrl
3375 5588 3493 5623 (Ἧι).
3562 5573 3618 5623 9.

2042 5583 2150 5655 rius
2178 5579 2271 5655 lib.
2304 5593 2384 5655 tri,
2404 5573 2522 5655 cap.
2554 5578 2621 5629 10
2646 5593 2660 5641 ;
2689 5573 3203 5655 de‘alteroajusdem
3226 5573 3344 5655 libri
3375 5588 3493 5655 (χωρ’.
3525 5573 3618 5655 ἐξ).

2113 5648 2137 5685 ¹ί
2172 5649 2227 5703 In
2256 5647 2429 5702 indice
2456 5641 2622 5713 Clar.,
2650 5656 2706 5701 et
2738 5645 2869 5699 Bob.
2903 5641 3065 5698 hicet
3096 5646 3147 5698 in
3175 5643 3369 5708 indice,
3393 5641 3619 5708 habent,

2045 5718 2435 5773 Tlteutltacadus
2457 5733 2475 5782 ;
2501 5716 2724 5775 Chesn.,
2755 5714 3157 5770 Theudahadus.
3540 5781 3547 5782 ί
3678 5731 3685 5737 ο

2118 5790 2131 5825 ι
2168 5790 2363 5845 (Ιιιρςιι.
2399 5781 2461 5842 et
2483 5787 2666 5857 Frclt.,
2696 5787 3131 5854 Trauquillianos.
3182 5784 3310 5838 Can.
3358 5792 3411 5837 et
3460 5781 3617 5845 Βυϋ..
