4132 6348
368 341 471 397 ΒΞιό

1406 333 1741 394 HISTORIA
1782 333 2201 390 l’l‘iANCtllllill
2246 332 2657 387 EI‘ITOMATA.

3541 335 3647 393 σπι

369 474 433 513 co
456 458 693 526 'pcritttr.
721 457 1024 512 Chranmus
1053 472 1080 509 a
1116 455 1385 510 (Ihlotario
1417 464 1567 523 patre
1609 468 1709 511 suo
1735 460 1942 521 captus,
1983 454 2028 513 A
2061 452 2127 507 Ut
2156 450 2529 508 Marchitrudis
2565 451 2950 515 d’mitteretur,
2991 452 3103 507 hare
3131 451 3229 506 fuit
3273 450 3504 512 occas‘o.
3539 452 3648 506 lla--

367 567 489 609 ςιιιιι
522 566 685 606 uxore
708 558 763 607 et
785 550 969 605 liberis
998 551 1052 605 ita
1112 547 1380 602 Britannia
1411 546 1532 615 igne
1559 555 1951 611 concrematur,

367 640 617 694 Cnuober
644 654 824 695 comes
856 639 1232 693 Britannorum
1268 636 1580 695 interfectus
1612 646 1657 689 ⁸.

443 734 609 805 569
635 733 741 787 LV.
781 732 1085 794 Cltlotarius
1117 748 1211 800 pro
1233 732 1346 787 suis
1375 728 1607 799 peccatis
1629 742 1749 798 qua:
1773 741 1956 796 gesse-

372 835 476 886 rat,
510 834 602 877 aut
647 825 977 894 negligenter
1032 831 1237 893 egerat,
1282 820 1616 876 exorandum
1662 818 1730 873 ad
1771 817 1953 871 limina

373 916 514 972 beati
548 915 757 971 Martini
785 912 1121 973 Cetilessoris
1148 921 1403 981 properat
1431 910 1580 983 (Cap.
1608 908 1726 979 21).
1753 908 1959 964 Exinde

372 1010 704 1075 Cntnpenilio
731 1009 856 1063 villa
891 1007 1129 1072 veniens,
1174 1005 1616 1076 quinquagesimo
1659 1002 1834 1070 primo
1865 1015 1959 1057 re-

373 1105 461 1172 gni
490 1104 568 1158 sui
596 1120 737 1158 anno
768 1114 991 1160 vexatus
1014 1120 1044 1159 a
1073 1105 1223 1159 febre
1254 1103 1407 1157 obiit.
1436 1098 1769 1171 Chilpericus
1797 1112 1957 1153 oecu-

375 1197 516 1264 patis
562 1196 827 1250 thesauris
873 1194 1131 1250 Chlotarii
1164 1196 1216 1250 in
1257 1193 1383 1248 villa
1436 1193 1735 1255 Brennaco,
1776 1188 1959 1244 sedem

377 1288 704 1342 Ch'ldeberti
738 1287 971 1341 Parisios
1000 1296 1261 1356 occupat;
1293 1286 1387 1341 sed
1411 1299 1531 1340 mox
1560 1282 1755 1339 exinde
1783 1280 1959 1349 repel-

379 1380 502 1434 litur
530 1378 679 1447 (Cap.
722 1376 836 1449 Ἡ).
867 1377 1240 1441 Cbaribertus,
1278 1376 1664 1442 Guntratnnus,
1694 1372 1961 1440 Chilperi-

378 1485 473 1522 cus
504 1480 558 1523 et
599 1469 896 1538 Sigihertus
919 1484 1141 1538 regnum
1174 1468 1341 1537 patris
1367 1466 1629 1522 dividunt.
1666 1464 1816 1520 Dedit
1845 1478 1963 1519 sors

316 1544 323 1557 ’
377 1562 696 1623 Chariberto
726 1579 945 1634 regnum
973 1564 1328 1629 Childeberti,
1376 1561 1611 1617 Parisius
1652 1561 1834 1617 sedem
1872 1561 1962 1612 ha-

378 1655 531 1717 bvns,
562 1655 896 1710 Guntramno
922 1671 1049 1710 vero
1079 1670 1300 1725 regnum
1343 1653 1733 1717 Chlodemeris,
1779 1652 1961 1707 sedem

378 1748 581 1801 haheus
612 1749 949 1813 Aurelianis;
982 1748 1284 1815 Chilperico
1327 1763 1545 1817 regnum
1587 1746 1844 1802 Chlotarii
1875 1760 1963 1812 pa-

2056 558 2137 603 ter
2159 548 2297 617 ejus,
2334 556 2452 617 post
2506 557 2732 601 mortem
2787 545 3169 615 Maguacliarii,
3228 544 3294 600 de
3326 545 3519 599 vilibus
3547 545 3647 599 lto-

2056 638 2291 695 minibus
2346 655 2512 693 unum
2562 655 2624 694 ex
2682 640 2892 693 nutritis
2945 638 3301 706 Magnaeharii
3368 647 3648 705 acceperat

2058 732 2324 797 maritum,
2359 746 2499 801 quat,
2550 730 2922 797 instigantibus
2970 729 3236 784 Cuntione
3275 740 3328 783 et
3357 728 3588 785 Wiotieo
3623 727 3640 767 τ

2060 824 2203 891 ﬁliis,
2235 823 2303 877 ab
2329 823 2517 877 eodem
2564 832 2733 877 mater
2774 821 2927 891 jussu
2984 822 3301 877 Guutramni
3346 831 3644 888 separatur,

2059 924 2111 970 et
2142 916 2257 982 ipse
2287 928 2417 982 puer
2446 912 2725 968 occiditur.
2752 915 2995 967 Clamant
3025 923 3079 969 et
3108 913 3220 979 ﬁlii,
3256 914 3638 985 negligentesﬁ

2060 1014 2285 1062 matrem
2320 1005 2618 1059 lierbariam
2664 1016 2718 1059 et
2764 1005 3122 1060 meretricem.
3167 1004 3290 1060 ll:ec
3329 1005 3541 1071 occasio
3587 1007 3648 1059 ﬁ-

2061 1097 2184 1151 liam
2210 1096 2369 1165 ejccit
2397 1095 2463 1149 de
2485 1110 2669 1166 regno.
2695 1094 3041 1151 Charibertus
3063 1113 3156 1153 rex
3180 1097 3528 1167 lngohergam
3560 1112 3649 1152 ac-

2062 1189 2204 1258 cepit
2227 1204 2471 1247 utiorem.
2514 1191 2626 1259 Qua
2661 1191 2867 1255 relicta,
2901 1192 3238 1248 Meroﬁedem
3269 1193 3453 1247 lanarii
3482 1193 3643 1259 (liam

2063 1282 2299 1351 accepit,
2356 1292 2410 1338 et
2456 1284 2613 1337 aliam
2669 1285 2897 1352 pastoris
2954 1285 3131 1337 ovium
3189 1285 3372 1349 ﬁliam,
3431 1286 3645 1339 nomine

2065 1373 2540 1439 Tlteudechildem,
2573 1374 2725 1429 duxit
2747 1390 2994 1438 uxorem,
3026 1391 3093 1429 ex
3120 1390 3222 1443 qua
3247 1377 3431 1432 habuit
3464 1378 3648 1439 ﬁlium.

2066 1467 2156 1520 sed
2190 1465 2433 1534 protinus
2462 1466 2690 1521 moritur
2722 1466 2869 1537 (Cap.
2902 1466 3015 1535 2’3).

2113 1558 2290 1613 ‘LV’ll.
2334 1559 2501 1614 Porro
2532 1560 2828 1629 Sigibertus
2871 1575 2992 1614 cum
3023 1561 3229 1614 videret
3284 1561 3475 1616 frat'es
3525 1575 3649 1615 suos

2021 1684 2028 1696 .
2071 1666 2263 1705 uxores
2293 1651 2426 1705 viles
2452 1652 2717 1720 accipere,
2749 1652 3028 1722 Gogoncm
3076 1667 3235 1706 causa
3275 1653 3554 1721 legationis
3583 1654 3649 1708 ad

2070 1740 2479 1811 Athanagildttm
2531 1742 2556 1779 ιι
2614 1758 2793 1813 regem
2843 1744 3055 1811 direxit,
3104 1754 3291 1813 petens
3322 1753 3376 1799 ut
3407 1745 3453 1799 ei
3489 1745 3647 1799 ﬁliani

376 1840 476 1897 tris
504 1840 639 1908 ejus,
687 1840 992 1895 cathedram
1040 1840 1243 1894 habens
1290 1839 1642 1903 Suessiones;
1694 1837 1961 1906 Sigibertu
1998 1836 2036 1893 Β
2067 1849 2237 1900 suam,
2296 1833 2528 1889 Brunam
2578 1835 2817 1901 nomine,
2881 1835 3129 1905 conjugio
3185 1838 3434 1900 traderet,
3491 1852 3648 1906 quam

377 1946 587 1999 quoque
619 1946 837 2003 regnum
869 1931 1213 1995 Theudorici,
1251 1930 1438 1985 sedem
1474 1929 1675 1982 habens
1702 1928 1881 1983 Mcttis
1911 1928 1959 1981 δ.

378 2019 581 2081 Eodem
615 2031 853 2089 tempore
881 2020 1049 2075 Chuui
1082 2020 1287 2073 Gallias
1306 2026 1584 2088 appetunt,
1614 2028 1800 2073 contra
1831 2033 1962 2086 quos

377 2110 671 2179 Sigihertus
702 2112 868 2169 movit
909 2113 1232 2175 exercitum,
1260 2126 1459 2178 eosque
1485 2112 1609 2165 vicit
1637 2111 1767 2181 [Αιη
1803 2110 1964 2165 inter-

374 2203 527 2274 fecit]
565 2214 723 2272 atque
753 2204 949 2271 fugavit
981 2204 1132 2274 (Cap.
1161 2204 1276 2273 25).
1312 2203 1497 2259 Postea
1533 2218 1653 2258 cum
1684 2204 1748 2256 iis
1772 2216 1961 2269 pacem

376 2294 550 2351 itiivit.
584 2294 921 2362 Chilpericus
952 2295 1185 2350 [thcmos
1212 2295 1433 2359 invadit,
1472 2303 1527 2350 et
1556 2294 1688 2349 alias
1717 2293 1964 2348 civitates

375 2401 495 2452 qua:
525 2385 591 2440 ad
620 2387 938 2457 Sigibertum
988 2388 1327 2455 pertinebant
1368 2386 1608 2454 abstulit,
1655 2385 1797 2440 unde
1828 2386 1964 2439 inter

378 2478 523 2545 ipsos
552 2478 750 2532 bellum
790 2479 951 2533 civile
1003 2478 1254 2533 surrexit.
1306 2476 1602 2546 Sigibertus
1651 2475 1965 2533 Suessiones

375 2578 630 2637 occupat;
661 2571 1095 2625 'l‘heudobertum
1128 2569 1291 2627 tilium
1335 2568 1624 2636 Cliilperici
1660 2567 1961 2638 apprehen-

376 2679 494 2717 sum
530 2663 581 2715 in
615 2662 861 2724 ex-ilium
901 2661 1212 2715 transmittit
1242 2678 1254 2712 :
1302 2658 1607 2728 Chilperico
1637 2658 1777 2713 victo
1807 2665 1963 2726 atque

377 2752 579 2818 fugato,
601 2752 844 2806 civitates
871 2753 922 2804 in
945 2765 1093 2807 suam
1125 2749 1542 2806 dominationem
1567 2758 1803 2803 revocat.
1841 2747 1962 2803 Post

376 2857 574 2906 animm
609 2841 786 2915 [Boli.,
818 2842 1009 2913 annos]
1040 2841 1477 2897 Theudobertum
1525 2839 1695 2895 tilium
1749 2839 1965 2909 Chilpe-

376 2936 469 2990 rici
502 2935 754 3000 reddidit,
779 2935 915 2989 datis
944 2936 997 2989 in
1026 2935 1253 2989 invicem
1279 2933 1346 2987 de
1373 2947 1507 3001 pace
1526 2932 1886 2989 sacramentis
1912 2941 1955 2984 ο.

378 3029 743 3085 Guntramnus
777 3031 827 3083 in
853 3029 1156 3101 Burgundia
1189 3042 1441 3098 regnans,
1465 3029 1518 3082 in
1545 3027 1718 3081 locum
1745 3026 1962 3095 Agrico-

378 3120 509 3181 lanis
544 3121 745 3190 patricii
779 3121 991 3176 Celsum
1018 3120 1269 3183 instituit,
1301 3119 1473 3173 virum
1520 3118 1572 3172 in
1601 3117 1779 3172 verbis
1809 3130 1961 3183 para-

379 3226 509 3274 uun,
535 3223 586 3268 et
612 3214 664 3268 iu
695 3213 981 3282 cupiditate
1005 3211 1456 3281 promptissimum
1490 3208 1642 3279 (Cap.
1670 3208 1760 3277 2i)
1795 3204 1847 3259 ἀ.

448 3304 582 3363 LVI.
632 3304 991 3358 Guutramnus
1024 3302 1118 3357 fuit
1152 3317 1243 3358 rex
1298 3302 1491 3365 bonus,
1542 3301 1740 3358 timens
1790 3299 1955 3354 Deum

378 3393 527 3465 (Cap.
558 3394 671 3464 ‘25).
704 3395 925 3463 Accepit
950 3393 1179 3463 primum
1209 3391 1582 3457 concubinam,
1614 3389 1829 3445 nomine
1860 3389 1961 3446 Ve-

379 3485 693 3552 nerandam,
721 3487 789 3540 de
819 3500 920 3555 qua
969 3483 1149 3541 habuit
1199 3482 1392 3549 ﬁlium,
1426 3481 1642 3536 nomine
1680 3479 1962 3535 Gundeba-

378 3579 526 3632 ιιιιιιι.
569 3577 697 3632 Post
725 3567 934 3640 accepit
980 3575 1395 3633 Marchitrudem
1436 3574 1596 3629 tiliam
1642 3571 1959 3642 Magnacha-

379 3671 525 3734 rit},
557 3682 678 3737 qua:
703 3678 979 3736 postquam
1010 3666 1077 3721 de
1105 3665 1437 3729 Guntramno
1468 3663 1742 3718 habuisset
1771 3661 1957 3725 ﬁlium,

378 3761 539 3830 570
582 3774 789 3814 veneno
846 3757 1228 3814 Gundebadum
1285 3756 1473 3811 dolose
1517 3753 1801 3810 interiecit.
1846 3753 1961 3822 Ipsa

380 3853 580 3925 judicio
628 3854 722 3913 Dei
756 3852 917 3907 ﬁlium
956 3867 1113 3921 quem
1150 3849 1383 3905 habebat
1420 3845 1671 3917 perdidit,
1703 3844 1961 3902 etodium

380 3946 517 4014 regis
550 3960 642 4015 per
670 3944 909 4014 saginam
951 3943 1195 3998 incurrit.
1232 3940 1431 3996 Eadem
1461 3938 1707 4002 dimissa,
1741 3938 1963 3993 Austro-

380 4038 611 4099 chiidem
647 4035 887 4105 ejusdem
919 4034 1188 4115 ancillam,
1230 4037 1596 4101 cognomento
1628 4028 1962 4092 Bobilanem,

382 4128 741 4182 Cuntramnus
771 4126 975 4194 accepit
1001 4138 1219 4180 uxorem
1242 4164 1259 4190 ,
1304 4123 1371 4177 de
1400 4136 1506 4190 qua
1533 4120 1668 4175 duos
1708 4118 1845 4173 ﬁlios
1873 4118 1967 4177 ba-

386 4221 518 4287 buit,
546 4220 629 4275 his
660 4218 986 4284 nominibus,
1046 4214 1373 4277 Chlotarium
1430 4220 1485 4267 et
1531 4209 1966 4268 Chlodomerem.

457 4369 484 4394 ι
514 4358 601 4413 Sic
634 4358 798 4422 Editi,
830 4366 1023 4425 praeter
1052 4354 1241 4419 Clies.,
1266 4356 1356 4424 qui
1386 4367 1503 4408 cum
1534 4351 1667 4407 Boh.
1703 4348 1862 4405 habet
1890 4352 1969 4404 in-

393 4431 666 4495 terﬁcitur;
696 4428 864 4490 Clar.,
897 4428 1182 4495 interfecto.

459 4500 484 4537 υ
528 4499 837 4569 Gregorius,
872 4499 1061 4557 Remis.

2071 1925 2449 1995 Athanagildus
2475 1940 2599 1981 cum
2626 1926 2807 1981 multis
2843 1928 3111 1983 thesauris
3152 1928 3417 1999 Sigiberto
3448 1929 3514 1983 ad
3543 1943 3649 1982 ma-

2072 2018 2374 2073 trimonium
2408 2020 2708 2075 transmisit
2736 2020 2887 2090 (Cap.
2921 2019 3039 2090 ‘27).
3071 2021 3151 2075 Ad
3181 2036 3375 2077 nomen
3424 2022 3541 2091 ejus
3567 2038 3651 2075 or-

2069 2110 2298 2163 nandum
2326 2110 2693 2181 etaugendum
2706 2120 2789 2167 est
2817 2111 3230 2166 determinatum
3255 2122 3266 2149 ι
3302 2122 3358 2166 ιιι
3379 2122 3652 2168 vocaretur

2070 2202 2460 2269 Brunecbildis,
2485 2217 2642 2274 quam
2670 2218 2789 2259 cum
2813 2204 2979 2261 multa
3007 2204 3188 2262 ltetitia
3231 2213 3387 2275 atque
3407 2204 3652 2274 jucundi-

2068 2303 2176 2347 tate
2207 2293 2506 2363 S'gibertus
2536 2294 2741 2364 accepit
2771 2310 3011 2351 uxorem.

2140 2384 2314 2440 LVlll.
2380 2386 2521 2441 Ante
2551 2385 2663 2441 hinc
2712 2386 2765 2441 in
2795 2385 3012 2441 infantia
3044 2388 3296 2459 S'giberti
3328 2402 3516 2447 omnes
3546 2389 3651 2446 Att-

2066 2477 2265 2544 strasii,
2297 2492 2418 2533 cum
2444 2476 2697 2547 eligerent
2732 2479 3063 2536 Chrodmum
3100 2494 3112 2531 ι
3150 2482 3409 2552 majorem
3438 2482 3651 2559 domus,

2066 2586 2132 2628 eo
2162 2573 2304 2642 quod
2333 2582 2477 2628 esset
2507 2574 2558 2627 in
2598 2575 2805 2630 eunetis
2831 2582 3104 2642 strenuus,
3135 2583 3188 2631 et
3221 2576 3417 2632 timens
3458 2575 3653 2640 Deum,

2067 2663 2317 2732 patientia
2347 2664 2598 2730 imbutus,
2630 2680 2727 2721 nec
2749 2666 3038 2735 quidquam
3051 2665 3216 2732 aliud,
3245 2666 3347 2722 nisi
3372 2666 3515 2737 quod
3538 2665 3653 2722 Deo

2065 2766 2119 2811 et
2170 2756 2472 2812 hominibus
2505 2757 2759 2825 placeret,
2792 2758 2846 2812 in
2875 2773 2941 2814 eo
2982 2759 3343 2822 inveniretur;
3388 2758 3481 2815 ille
3511 2759 3654 2815 hunc

2065 2847 2325 2903 honorem
2365 2862 2643 2916 respuens,
2675 2847 2923 2904 dicebat:
2958 2849 3148 2905 Pacem
3173 2862 3273 2920 ego
3310 2849 3364 2905 in
3395 2848 3591 2905 Auster
3623 2848 3647 2887 ¹ι

2066 2936 2241 2993 facere
2269 2952 2373 2992 non
2402 2937 2577 3004 valeo,
2609 2939 2767 3009 571
2815 2939 3046 2993 maxime
3073 2953 3199 2996 cum
3238 2953 3430 2996 omnes
3457 2940 3650 3009 prima-

2065 3036 2141 3083 tes
2173 3043 2293 3083 cum
2324 3027 2507 3083 liberis
2530 3026 2708 3083 intoto
2730 3029 2924 3085 Auster
2953 3027 3081 3083 mihi
3112 3030 3495 3102 consanguinei
3510 3032 3652 3098 sint;

2065 3134 2172 3174 non
2198 3132 2411 3186 possum
2438 3134 2507 3176 ex
2534 3116 3199 3190 eisfaceredisciplinam,
3216 3135 3315 3178 nec
3332 3137 3652 3195 quemquam

1986 3210 2031 3271 (ζ
2063 3209 2381 3278 interﬁcere.
2409 3209 2513 3280 Ipsi
2537 3225 2663 3265 vero
2688 3212 2781 3280 per
2799 3226 2884 3266 me
2906 3211 3202 3281 insurgent,
3227 3222 3653 3284 utagantsuper

2063 3301 2289 3358 gratiose.
2323 3299 2518 3354 Eorum
2540 3308 2656 3355 aeta
2683 3315 2788 3355 non
2813 3299 3258 3370 permittatDeus,
3293 3312 3353 3358 ut
3379 3318 3466 3359 me
3488 3302 3543 3359 in
3569 3304 3649 3361 itt-

2064 3392 2199 3453 ferni
2212 3392 2444 3451 claustra
2458 3392 3055 3462 tradant.,Eligitealium
3072 3408 3227 3464 quem
3240 3396 3399 3453 vultis
3409 3411 3474 3454 ex
3488 3397 3655 3457 vobis.

2138 3484 2273 3540 LIX.
2320 3486 2389 3540 At
2434 3485 2511 3540 illi
2554 3499 2673 3541 cum
2713 3501 2819 3542 non
2853 3488 3181 3555 invenirent,
3212 3498 3361 3557 tunc,
3393 3490 3631 3547 Chrodia

2064 3579 2312 3644 consilio,
2343 3578 2600 3635 nutritum
2639 3596 2813 3644 suum,
2864 3560 3517 3653 memoratumsuperius,
3547 3586 3653 3641 Go-

2066 3686 2257 3742 gonem
2288 3672 2543 3743 majorem
2582 3672 2773 3728 domus
2818 3674 3038 3743 eligunt.
3071 3675 3126 3730 lu
3168 3676 3407 3731 crastino
3447 3677 3651 3744 primus

2066 3763 2273 3831 alejus
2304 3764 2632 3819 mansionem
2666 3766 2901 3833 perrexit
2945 3764 3247 3820 Cltrodinus
3290 3767 3355 3822 ad
3401 3768 3647 3825 ministe-

2068 3853 2201 3908 rium
2225 3894 2239 3918 ,
2263 3855 2458 3909 bracile
2492 3853 2510 3891 ι
2543 3855 2747 3925 Gogoui
2772 3854 2991 3910 in'collo
3021 3866 3230 3913 tenens.
3279 3856 3439 3924 Quod
3464 3855 3657 3925 reliqui

2068 3952 2369 4007 cernentes,
2394 3944 2630 4014 ejusdem
2662 3955 2955 4013 sequuntur
2977 3946 3302 4014 exemplum.
3328 3945 3651 4014 Prosperum

2071 4034 2170 4089 hoc
2198 4033 2399 4102 Gogoni
2422 4035 2485 4089 ad
2517 4036 2920 4107 gubernandum
2952 4036 3068 4102 fuit,
3101 4036 3446 4106 quoadusque
3468 4038 3656 4097 Brutti-

2070 4124 2302 4179 childem
2327 4126 2393 4180 de
2415 4125 2611 4193 Spania
2633 4126 2870 4181 adduxit.
2901 4128 3070 4193 Quem
3103 4128 3455 4186 Brunichildis
3481 4129 3655 4194 conti-

2072 4230 2177 4269 nuo
2205 4214 2344 4285 apud
2375 4214 2695 4287 Sigibertum
2739 4215 2863 4272 fecit
2904 4216 3176 4285 odiosum,
3213 4219 3528 4290 ipsumque,
3562 4237 3673 4277 suo,

2072 4349 2266 4415 smpius
2309 4348 2549 4421 divisum
2570 4346 2754 4407 luisse.
2786 4349 3061 4405 Celebrior
3092 4352 3303 4414 divisio,
3339 4368 3455 4420 qua:
3489 4368 3658 4421 usque

2072 4422 2146 4494 ait
2172 4422 2356 4494 prima:
2405 4420 2587 4494 Stirpis
2636 4420 3207 4494 tinetnpcrseveravit,
3249 4425 3347 4476 tria
3398 4425 3451 4477 in
3494 4420 3656 4494 regna

2076 4489 2354 4545 l-‘ranciam
2387 4488 2767 4562 pqulebﬂtl't‘t
2805 4493 2856 4546 in
2906 4492 3263 4562 Burguudiaut
3315 4488 3661 4557 scilicetfsic

459 4581 481 4608 ε
522 4559 664 4625 (Στιηῗ
685 4580 739 4625 et
766 4559 951 4632 Clies.,
998 4567 1208 4622 invicem
1237 4581 1360 4635 pare
1382 4573 1431 4619 et
1460 4564 1717 4621 obsidibus
1744 4577 1859 4617 cum
1886 4579 1970 4616 sa-
2003 4590 2047 4649 υ
2079 4562 2276 4649 dictum
2307 4560 2446 4629 quod
2477 4573 2608 4649 eamL
2636 4559 2926 4649 Galliarum
2962 4559 3163 4649 partem
3185 4581 3301 4633 qme
3331 4565 3662 4649 Burgundio»

388 4642 677 4697 oramentis.

457 4710 481 4746 ιι
522 4712 651 4765 (Ian.
677 4720 730 4767 et
756 4710 854 4763 Ch.
886 4711 981 4777 a|_.,
1024 4708 1223 4762 civitate
1252 4706 1717 4777 prudentissimum.

460 4790 484 4817 ⁸
522 4780 687 4848 Clar.,
716 4772 1073 4850 Magnicharii.
1119 4772 1273 4850 Βιιιιξ,
1311 4778 1648 4850 Magniclrari.

467 4850 482 4887 ί
527 4843 693 4917 Clar.,
717 4843 983 4907 εἱιιῖτὶιμηε
1008 4860 1055 4904 et
1082 4843 1319 4903 “Helice.
1346 4843 1500 4913 (Iam,
1520 4846 1785 4917 Cumtiotte
1805 4843 1971 4917 etYi-

389 4923 580 4984 rolico;
609 4915 704 4986 al.',
734 4922 1090 4983 Conventiqnc.
1122 4920 1222 4971 Ch.
1258 4921 1352 4983 al.,
1388 4918 1615 4977 Uncione
1636 4926 1682 4970 et
1723 4915 1968 4969 Vivolico.

394 4994 549 5050 ηυιι..
585 4993 861 5058 Quintiano
886 5003 930 5045 ct
968 4990 1221 5042 Vinotiro.

463 5071 488 5108 κ
527 5053 668 5116 Clar.
716 5053 767 5118 et
794 5061 949 5124 (ἔδει,
990 5062 1263 5117 clamantes
1288 5060 1383 5127 ﬁlii
1427 5058 1753 5128 negligenter.
1786 5053 1968 5116 Freh.,

390 5134 726 5187 (latitantibus
756 5133 875 5193 [iliis
919 5130 1250 5199 negligenter.
1290 5126 1820 5199 llerbarialdicitur,
1852 5137 1974 5193 quin

391 5220 455 5255 ex
496 5203 676 5257 hrrhis
706 5218 802 5257 seu
840 5196 1137 5263 lotionibus
1170 5199 1427 5252 maleﬁcia
1461 5196 1695 5250 conﬁcit.

465 5270 490 5308 ιι
530 5273 669 5328 Clar.
692 5283 745 5329 et
775 5274 884 5337 a'ii,
916 5279 1105 5339 praeter
1127 5269 1313 5333 Ches.,
1338 5267 1679 5337 Anagitdnm;
1709 5274 1769 5325 et,
1790 5263 1867 5317 sic
1890 5263 1973 5317 in-

391 5344 489 5413 fta.
528 5347 593 5397 At
623 5360 739 5413 cap.
776 5343 844 5397 65
875 5338 1063 5413 legitur
1090 5338 1457 5413 Athanagildo.

471 5411 487 5451 ί
532 5414 664 5469 Cod.
692 5411 820 5468 ‘Clar
849 5423 900 5467 et
931 5411 1086 5476 Boh.,
1119 5412 1426 5473 ornandum,
1458 5417 1533 5461 est
1560 5415 1769 5471 auctum
1800 5413 1853 5458 ut
1880 5420 1970 5457 vo-

390 5494 614 5538 caretur.
649 5484 809 5547 8011.,
835 5482 1225 5536 Brainecltildes.

469 5557 483 5605 i
535 5555 607 5609 De
636 5546 911 5610 Chrodino
938 5553 1057 5607 vide
1086 5552 1312 5621 Gtegor.
1356 5548 1445 5603 lib.
1475 5564 1524 5601 v1
1555 5546 1794 5621 eap._20.

467 5621 503 5662 ι
531 5625 665 5679 Cum
697 5626 778 5679 hae
804 5637 965 5678 voces
994 5618 1473 5685 AusterfNeuster,
1502 5628 1635 5685 etc.,
1670 5618 1975 5685 frequenter

398 5710 448 5746 lll
496 5694 816 5765 Fredegario
868 5692 1092 5765 ejusque
1146 5689 1613 5765 contionatoribus
1669 5697 1972 5765 occurrant,

396 5757 694 5820 observare
718 5757 968 5819 convenit
998 5757 1323 5815 Francorum
1375 5760 1653 5823 imperium
1685 5758 1784 5812 sub
1815 5757 1976 5809 Chlo-

396 5835 550 5900 «μ’θί
586 5837 704 5892 ﬁliis
732 5844 784 5891 et
812 5833 1093 5899 nepotibus
1124 5834 1174 5889 in
1201 5833 1437 5887 diversas
1470 5839 1647 5897 partes
1692 5843 1783 5886 seu
1811 5842 1981 5897 regna

2079 4631 2234 4685 ribus
2248 4640 2497 4703 paruerat
2515 4631 2614 4686 sub
2632 4644 2693 4686 se
2716 4630 2974 4703 integram
2991 4630 3469 4701 complecteretur;
3496 4630 3661 4691 Frau-

2080 4704 2214 4755 ciatn
2242 4702 2578 4768 orientalem,
2622 4710 2678 4756 et
2725 4702 3004 4757 Franciam
3063 4705 3466 4768 occilleutale-n,
3529 4720 3662 4770 quas

2079 4772 2094 4825 i
2120 4772 2683 4827 l'omate-Theutonico
2704 4772 2882 4827 Ooster
2907 4777 3032 4828 riirh
3054 4786 3102 4827 et
3132 4774 3327 4828 Wes-ter
3347 4774 3495 4838 riich,
3511 4774 3559 4826 id
3585 4786 3664 4835 est

2079 4843 2341 4914 ιιιὶινηυιΙθ
2366 4858 2587 4912 regnum
2613 4850 2670 4897 et
2694 4844 3023 4897 occidentale
3052 4861 3268 4914 regnum
3301 4862 3384 4911 up,
3404 4846 3661 4899 cllahaut.

2084 4912 2302 4968 Francia
2343 4913 2614 4968 orientalis
2645 4922 2825 4980 postea
2858 4917 3040 4967 A‘uster
3069 4912 3160 4968 seu
3205 4916 3428 4977 Anstria,
3472 4930 3532 4967 at:
3562 4917 3661 4971 de-

2083 4998 2226 5035 mum
2258 4984 2558 5046 Austrasia;
2583 4984 2764 5038 occide
2807 4987 2926 5038 ta‘is
2951 5001 3076 5039 vero
3106 4984 3321 5041 Wrstcr.
3351 4998 3455 5037 tmn
3484 4986 3664 5040 Itesci‘o

2084 5069 2183 5117 qua
2213 5054 2514 5117 occasione,
2552 5050 2849 5119 Neuvestnr,
2883 5056 2931 5107 id
2964 5065 3043 5107 est
3078 5054 3221 5106 Nm:
3261 5054 3476 5117 Vrstria,
3520 5054 3663 5119 Non.-

2081 5124 2283 5193 ttu'citm,
2324 5121 2579 5193 Neptria,
2604 5121 2867 5189 Neustria,
2900 5139 2963 5178 ac
3003 5126 3212 5179 tandem
3250 5124 3554 5179 Neustrasia
3583 5128 3663 5192 di-

2078 5205 2159 5245 cta
2193 5192 2309 5245 fuit.
2358 5191 2673 5267 Perrolicet
2701 5194 2901 5267 aliquot
2934 5196 3173 5267 Francia:
3216 5196 3373 5267 iubes
3402 5206 3453 5267 et
3484 5191 3662 5267 regie-

2080 5277 2174 5317 nes
2198 5270 2505 5317 constanter
2533 5264 2583 5316 in
2620 5264 2918 5327 Ausuasia,
2952 5266 3149 5331 aliquot
3181 5267 3297 5317 alia:
3332 5265 3382 5317 in
3411 5264 3658 5332 Neustria

2081 5348 2294 5401 semper
2316 5333 2543 5405 fuerint,
2573 5334 2845 5399 nonnullze
2872 5346 3048 5389 tamen
3072 5335 3303 5401 fit-runt
3337 5350 3455 5405 qua:
3497 5337 3663 5391 variis

2084 5404 2410 5475 temporibus
2432 5403 2667 5475 ad'varia
2693 5418 2854 5475 regna
2896 5406 3221 5475 pertinuere,
3257 5403 3398 5473 quod
3429 5410 3667 5474 niaxime

2083 5473 2471 5528 observandum
2504 5482 2587 5530 est
2611 5474 2662 5528 in
2696 5473 2933 5545 legendis
2960 5478 3179 5530 istorum
3217 5488 3514 5543 temporum
3550 5493 3666 5533 mo.

2083 5546 2434 5627 nolueritis.
2519 5615 2555 5627 n
2654 5616 2683 5627 η
2791 5616 2837 5627 η
2914 5589 2967 5627 ,θ

2160 5614 2174 5653 ι
2222 5613 2358 5669 Can.
2387 5615 2480 5677 al.,
2514 5615 2740 5667 Bracibe.
2778 5613 3033 5681 Aimoiu.,
3069 5618 3159 5672 lib.
3198 5634 3255 5672 ιιι
3280 5661 3291 5677 ,
3317 5632 3436 5685 cap.
3462 5616 3516 5685 oi,
3551 5620 3667 5681 (ira-
3696 5666 3706 5669 _

2082 5686 2260 5760 citium
2291 5686 2401 5760 eius
2428 5688 2561 5760 culto
2599 5702 2938 5756 supcrponens
2968 5706 3082 5756 suo,
3130 5690 3326 5760 signum
3359 5692 3547 5758 [uttth
3569 5690 3707 5755 (103,.

2084 5756 2371 5811 minationis
2403 5754 2560 5809 dedit.
