4132 6348
567 291 678 349 595

565 427 857 502 instigante
894 434 1143 505 consilio,
1184 438 1483 511 Sigibertus
1529 442 1791 501 in'crfecit

565 524 705 578 mala
733 532 788 579 et
811 525 1099 585 effusiones
1129 533 1447 602 sanguinum
1477 550 1505 589 a
1539 538 1900 596 Brnnichildis
1922 546 2151 602 consitio

565 612 620 667 in
642 614 863 672 Francia
894 618 1029 676 facta
1048 631 1190 684 sunt.
1210 632 1268 680 ut
1284 628 1559 695 pr0phetia
1572 628 1790 701 Sibyllae
1815 632 2053 704 implere:
2066 653 2147 703 nr,

562 703 747 760 dicens
769 705 982 763 :Yeniet
1000 711 1169 768 Bruna
1192 713 1220 751 ι’
1246 714 1313 770 de
1329 717 1567 786 partibus
1590 718 1822 789 Spanite,
1851 735 1976 780 ante
1996 728 2150 792 cujus

560 808 903 867 conspectum
921 803 1104 859 multae
1121 819 1308 874 gentes
1333 809 1600 875 peribunt.
1618 814 1740 869 Haec
1756 829 1885 872 vero
1910 820 2146 888 equitum

561 887 655 964 μή
682 902 777 962 est,
807 896 1093 969 equorum]
1121 900 1357 956 calcibus
1383 903 1737 973 disrumpitur
1764 916 1814 963 ι.

632 985 747 1043 LX.
805 986 1139 1056 Cltilpericus
1166 994 1635 1052 Laeliilosoindam
1669 997 1695 1035 ει
1744 1016 1983 1057 sororem
2018 1004 2149 1059 Bru-

562 1077 816 1134 nicltild‘is
860 1080 1045 1138 habuit
1099 1099 1344 1154 uxorem,
1399 1089 1706 1158 relinquens
1735 1090 2144 1164 Fredegttntlem

557 1179 614 1227 et
666 1171 819 1240 alias,
878 1189 1013 1246 quas
1060 1177 1290 1235 habebat
1340 1196 1533 1237 uxores
1590 1182 1744 1257 (Cap.
1789 1185 1905 1256 28).
1954 1187 2143 1245 Postea

496 1286 513 1297 -η
557 1265 945 1323 transeendens
982 1281 1376 1327 sacramentum
1428 1274 1570 1343 quod
1600 1274 1921 1333 Gottltorum
1954 1279 2147 1351 legatis

555 1351 797 1422 dederat,
830 1370 899 1412 ne
927 1373 1161 1429 unquam
1202 1362 1670 1420 Gacltilosoindam
1701 1367 1767 1422 de
1795 1369 2028 1426 culmine
2060 1389 2147 1426 re-

554 1444 644 1515 gni
673 1445 1008 1518 degradaret,
1044 1453 1324 1525 ipsamque
1352 1457 1637 1527 suggillare
1686 1458 1829 1515 fecit.
1883 1461 2009 1518 Post
2052 1478 2146 1518 cu-

552 1534 643 1605 ius
672 1539 952 1595 transitum
994 1541 1397 1614 Fredegundem
1440 1547 1618 1603 denuo
1663 1550 1870 1616 accepit
1899 1566 2145 1607 uxorem.

552 1625 884 1697 Reputantes
909 1633 957 1686 ei
989 1632 1180 1690 fratres
1209 1636 1326 1705 ejus
1354 1638 1496 1708 quod
1524 1652 1621 1695 suo
1647 1640 1862 1711 ingenio
1891 1641 2145 1698 Gacltiln-

553 1718 742 1775 suinda
792 1723 949 1778 fuerit
1005 1728 1341 1796 interempta,
1394 1745 1514 1786 eum
1566 1732 1633 1787 de
1679 1747 1848 1803 regno
1900 1735 2139 1804 ejiciunt.

1604 308 1664 365 3.
1703 308 2029 369 GREGORII
2073 315 2381 377 EPISCOPI
2419 321 2850 385 TURONENSIS

1855 458 1905 503 ι.
1958 450 2126 508 τπηια
2176 438 2226 493 Α
2256 433 2439 490 liberis
2470 438 2767 497 Danubium
2816 453 3169 507 transmeant.
3202 452 3333 509 Cum
3363 471 3390 510 a
3421 457 3629 517 Cltmtis
3668 463 3857 524 Danu-

3740 352 3859 408 5‘6

2254 524 2400 581 bium
2442 537 2783 590 transeuntes
2814 536 3039 595 fuissent
3080 553 3366 615 comperti,
3398 550 3478 607 eis
3514 554 3714 612 bellum
3756 577 3854 615 cn-

2253 620 2361 672 nati
2390 630 2510 675 sunt
2545 621 2562 659 ί
2595 625 2820 695 inferre,
2856 628 3167 705 interrogati
3194 652 3224 691 a
3256 638 3481 710 Chunis,
3522 662 3688 714 quare
3713 666 3855 722 gens

2251 724 2435 765 eorum
2465 716 2724 773 terminos
2754 721 2976 779 introire
3008 740 3378 796 prtesumeret.
3406 740 3475 791 At
3497 738 3573 793 illi
3605 744 3854 799 mulieri-

2250 799 2350 856 bus
2393 806 2507 859 suis
2556 810 2872 879 prmcipiunt
2914 829 3124 872 comam
3173 822 3366 890 capitis
3403 825 3469 880 ad
3501 831 3749 887 maxillas
3795 845 3853 888 et

2250 901 2485 947 mentum
2523 895 2708 967 ligare,
2740 914 2849 970 quo
2895 907 3070 972 potius
3101 908 3333 967 virorum
3386 916 3627 975 habitum
3676 926 3851 980 simu-

2249 981 2421 1040 lantes
2462 987 2751 1056 plurimam
2783 995 3177 1057 multitudinem
3210 1004 3442 1063 hostium
3468 1016 3847 1085 ostenderent,

2247 1089 2314 1129 eo
2359 1080 2498 1147 quod
2547 1093 2704 1138 erant
2760 1088 3043 1146 mulierum
3093 1109 3264 1152 coma:
3315 1101 3459 1157 circa
3510 1108 3762 1165 maxillas
3792 1121 3851 1167 et

2248 1178 2482 1226 mentum
2513 1174 2579 1228 ad
2610 1176 2781 1233 instar
2822 1179 3004 1239 barbae
3042 1187 3199 1245 valde
3228 1192 3421 1264 longae.
3458 1197 3653 1254 Fertur
3679 1203 3848 1259 desu-

2248 1271 2608 1367 per-utraeque
2636 1269 2917 1343 phalangae
2947 1292 3048 1332 vox
3095 1281 3294 1340 dixisse
3324 1304 3337 1339 :
3380 1288 3443 1343 Ili
3475 1302 3600 1347 sunt
3630 1294 3848 1367 Lango-

2246 1350 2419 1455 bardi,
2467 1358 2608 1425 quod
2657 1361 2725 1415 ab
2772 1361 2854 1418 his
2907 1370 3156 1436 gentibus
3212 1374 3381 1433 fertur
3435 1382 3596 1455 573
3651 1350 3845 1444 earnm

2246 1443 2404 1500 deum
2436 1448 2600 1506 fuisse
2646 1453 2903 1525 locutum,
2940 1477 3099 1531 quem
3133 1465 3347 1526 fanatici
3380 1443 3659 1533 noin-itiant
3705 1481 3845 1537 Wo-

2244 1536 2442 1595 danum
2471 1539 2519 1596 i.
2560 1543 2711 1601 Tunc
2737 1547 3066 1620 Langobardi
3094 1570 3216 1612 eum
3239 1562 3599 1621 clamassent:
3628 1570 3728 1636 Qui
3756 1536 3842 1627 in-

2246 1628 2495 1687 stituerat
2540 1650 2759 1702 nomen,
2792 1646 3119 1703 concederet
3150 1650 3471 1723 victoriam;
3502 1658 3555 1712 in
3586 1659 3687 1716 hoc
3712 1678 3841 1731 prae

2247 1717 2319 1774 lio
2368 1720 2588 1783 Chunos
2638 1742 2912 1802 superant,
2960 1752 3167 1806 partem
3221 1743 3508 1803 Pannonia:
3559 1751 3839 1811 invadunt.

551 1809 790 1868 Habebat
830 1813 1165 1885 Chilperieus
1194 1820 1260 1875 de
1304 1822 1481 1889 priore
1510 1824 1694 1893 regina
1726 1803 2006 1883 Audovera
2035 1841 2128 1886 tres

2246 1810 2355 1867 Nec
2383 1818 2550 1870 multo
2576 1830 2695 1888 post
2735 1803 2977 1895 tempore
3008 1828 3191 1887 Narsis
3234 1839 3510 1907 patricius,
3547 1843 3709 1899 minis
3738 1846 3840 1903 Ju-

449 1969 457 1977 .
550 1899 709 1968 Illius,
743 1903 1199 1971 Tlteudobertum,
1226 1911 1528 1967 Merovetrn
1555 1922 1611 1969 et
1640 1915 2035 1974 Chlodoveum.

624 1994 761 2049 LXI.
813 1999 984 2053 Cltuni
1006 1999 1138 2072 [Al.,
1160 2000 1320 2075 IIunij
1345 2004 1395 2058 in
1423 2006 1626 2063 Gallias
1649 2012 1835 2066 venire
1855 2022 2142 2081 conantur,

549 2083 810 2142 adversus
838 2102 974 2156 quos
1005 2089 1308 2163 Sigibertus
1336 2097 1497 2169 572
1523 2112 1643 2154 cum
1678 2115 1870 2171 magno
1895 2104 2144 2176 aggredi-

548 2185 637 2233 tur
655 2180 890 2235 exercitu
921 2182 1072 2254 (Cap.
1102 2183 1217 2257 29).
1257 2185 1432 2244 Chnni
1460 2192 1681 2261 magicis
1706 2194 1910 2250 artibus
1938 2197 2142 2253 instru-

543 2278 641 2344 cti,
669 2280 850 2336 multis
866 2283 1161 2352 pltautasiis
1189 2288 1444 2354 ostensis,
1475 2291 1734 2347 exercitui
1757 2290 2007 2365 Sigiberti
2026 2308 2140 2353 me-

543 2377 659 2425 tum
687 2374 1028 2439 concutiunt;
1060 2385 1204 2446 terga
1241 2387 1477 2435 vertunt.
1527 2380 1825 2454 Sigibertus
1862 2400 1893 2440 a
1935 2386 2141 2443 Chunis

543 2462 929 2533 circumdatur,
951 2469 1045 2523 sed
1070 2484 1167 2524 sua
1210 2471 1488 2540 prudentia
1512 2474 1649 2531 dona
1681 2478 1917 2535 oll‘erens
1947 2481 2140 2538 libera-

544 2561 654 2619 tur,
683 2564 787 2610 nec
817 2557 865 2610 ei
892 2557 1181 2627 quidquam
1214 2561 1328 2617 haec
1357 2565 1593 2620 conditio
1624 2567 1748 2623 fecit
1768 2573 2134 2640 opprobrium.

544 2640 740 2698 Pacem
765 2646 1151 2715 sempiternam
1182 2662 1305 2707 eum
1335 2652 1542 2710 Cltunis
1578 2651 1828 2726 ﬁrmavit,
1857 2671 1910 2716 et
1938 2679 1966 2719 a
2012 2680 2137 2737 rege

540 2731 851 2793 Chunorttttt
873 2739 1154 2813 condignis
1181 2745 1488 2802 muneribus
1514 2746 1827 2807 honoratur.

612 2826 771 2885 LXII.
812 2830 1108 2903 Sigibertus
1138 2838 1391 2908 praecepit
1428 2840 1683 2897 Arvernis
1712 2844 1917 2902 civibus
1946 2848 2134 2905 Arela-

541 2926 649 2973 tem
672 2930 937 2992 occupare
968 2924 1121 2995 (Cap.
1151 2924 1266 2999 50).
1300 2927 1530 2987 lubente
1556 2934 1889 2992 Guntramno
1916 2953 1945 2993 a
1973 2937 2133 2997 Celso

537 3013 764 3081 patricio
790 3016 1014 3076 Arverni
1044 3021 1260 3079 Arelate
1301 3025 1552 3082 trucidati
1584 3039 1733 3085 sunt.

609 3105 791 3163 LXIII.
834 3110 1150 3182 Atanagildo
1174 3130 1299 3184 rege
1324 3116 1378 3171 in
1406 3116 1603 3190 Spania
1638 3121 1914 3189 defuncto,
1950 3123 2125 3182 Lenva

533 3208 654 3251 eum
679 3196 934 3256 Leuvildo
963 3200 1128 3259 fratre
1155 3219 1375 3276 regnum
1408 3220 1684 3267 assumunt
1711 3211 1858 3285 (Cap.
1888 3214 1989 3281 52;
2022 3219 2120 3285 al.,

531 3289 647 3359 58).
676 3290 899 3348 Moritur
924 3292 1121 3350 Leuva.
1145 3297 1283 3352 Tum
1310 3297 1595 3357 Leuvildus
1621 3305 1671 3359 in
1700 3306 1963 3377 integrum
1994 3308 2126 3379 Spa-

532 3379 639 3433 nia:
658 3392 878 3452 regnum
904 3394 1082 3453 tenet,
1141 3388 1344 3446 habens
1397 3391 1759 3451 Gadsuindam
1822 3408 1845 3435 υ
1898 3408 2123 3456 matrem

537 3469 918 3529 Bruneehildis
938 3490 1187 3534 uxorem.

604 3558 793 3620 LXIV.
846 3566 1047 3623 Eodem
1079 3580 1343 3642 tempore,
1372 3574 1629 3631 defuncto
1660 3578 2123 3652 Constantinopoli

529 3654 829 3713 Iustiniano
886 3660 1230 3732 imperatore,
1287 3665 1527 3725 Justinus
1580 3667 1804 3726 ambivit
1880 3672 1899 3711 ί
1954 3674 2124 3747 impe-

527 3748 688 3816 rium,
720 3751 802 3807 vir
831 3752 1046 3824 iniquus
1071 3768 1126 3812 et
1164 3756 1389 3826 cupidus
1411 3757 1563 3833 (Cap.
1612 3759 1720 3828 33;
1752 3760 1853 3829 al.,
1891 3762 2007 3836 39).
2039 3769 2120 3823 Ad

525 3848 684 3908 quem
714 3838 1012 3913 Sigibertus
1044 3846 1267 3917 legatos,
1297 3846 1760 3908 Warmacharium
1792 3854 1927 3927 [Al.,
1960 3855 2119 3913 War-

525 3932 777 4005 vaarium]
798 3935 1059 3993 Francum
1081 3948 1136 3995 et
1163 3938 1459 3997 Firminum
1490 3943 1742 4001 comitem
1784 3946 1999 4017 direxit,
2030 3952 2119 4021 qui

523 4039 657 4097 pace
680 4042 804 4086 cum
834 4031 1159 4101 imperatore
1198 4034 1411 4090 firmata
1438 4042 1486 4091 8.
1513 4035 1631 4105 Qua
1676 4038 1839 4107 iacta,
1882 4043 2119 4100 secundo

533 4132 678 4176 anno
705 4129 832 4176 sunt
868 4126 1094 4179 reversi.

597 4208 755 4265 LXV.
797 4209 1269 4282 Langobardorum
1316 4230 1468 4288 gens,
1520 4219 1833 4292 priusquam
1882 4222 1984 4281 hoc
2021 4240 2115 4281 no-

523 4312 646 4354 men
687 4313 1005 4372 assumeret,
1038 4305 1279 4363 exientes
1305 4309 1373 4364 de
1398 4308 1756 4367 Schatanavia
1791 4310 1821 4350 ιι
1841 4330 2012 4399 ,_qu:e
2032 4327 2118 4373 est

524 4390 667 4446 inter
702 4390 1000 4448 Danubium
1041 4404 1096 4450 et
1122 4412 1270 4453 mare
1295 4398 1591 4467 Oceanum,
1620 4416 1745 4457 cum
1778 4390 2032 4464 uxoribus
2059 4420 2115 4466 et
2154 4404 2162 4412 ’

593 4503 1591 4603 ξ’..¹2⁴ξξῐὶἐεῐξξίῇἑέφρίεῑιξεφλὲἑ-,ξειο
1622 4531 1740 4603 sae
1777 4521 1833 4584 ι
1850 4522 2004 4603 ,ειυοα
2032 4532 2111 4580 ιε-
2138 4541 2192 4603 ι)

521 4574 873 4658 mennfalsum
894 4577 1195 4658 vid_etur__ex
1225 4574 1469 4658 Gregorii
1493 4574 1589 4658 lib;
1620 4602 1672 4642 vt
1690 4574 1897 4658 capit:

594 4645 622 4685 δ
648 4644 946 4733 Sigibertus
976 4649 1050 4733 in)
1070 4644 1503 4733 Chronico—legit,
1540 4655 1721 4733 Veniet
1747 4644 1979 4733 Abi-urna,
1997 4677 2104 4733 etc,

519 4717 1088 4798 quaejortasselectio
1114 4726 1328 4798 caeteris
1356 4717 1439 4781 est
1463 4717 1817 4798 praeferenda,
1849 4717 1979 4790 licet
2003 4717 2112 4792 nul,-

456 4850 458 4856 _
516 4785 624 4844 Ium
640 4787 949 4870 Iiredegarii
966 4792 1205 4870 codicem
1227 4785 1591 4870 invenerimus
1615 4804 1705 4870 qui
1742 4785 1861 4857 eam
1892 4785 2103 4862 habent.

592 4869 615 4897 ε
656 4858 734 4915 De
762 4858 924 4943 hujus
951 4864 1223 4943 supplicio
1242 4867 1363 4943 vide
1391 4858 1647 4943 chronici
1673 4887 1793 4941 cap.
1824 4876 1916 4939 4t,
1934 4858 2104 4943 infra,

515 4938 573 4986 et
597 4931 950 5020 appendicem
974 4935 1041 5020 ad
1075 4935 1226 4991 Marii
1252 4937 1575 5020 Clironicon.
1606 4931 1808 4999 Locum
1840 4931 2104 5004 in'uostra'

513 5003 814 5071 appendice
842 5004 1275 5088 infra.i_n.tegrum
1298 5008 1564 5065 dabimus.
2007 5003 2012 5004 '
2049 5003 2059 5004 ί
2082 5003 2101 5004 "

582 5069 613 5108 ά
651 5072 779 5144 Ed.,
830 5073 1273 5145 Gachtlmadam;
1322 5080 1421 5147 al.,
1472 5079 1797 5152 Cataoniam,
1847 5100 1942 5142 seu
1983 5087 2104 5143 γαί,

510 5152 808 5299 ῗέιαὲῖῆῃ,
838 5216 975 5274 sicut
1011 5227 1065 5275 et
1092 5218 1257 5291 infra,
1279 5236 1399 5293 cap.
1430 5223 1521 5291 85,
1550 5225 1947 5295 Geresvindam;
1987 5231 2099 5299 alii,

514 5279 877 5342 Caisut'ndam.

539 5353 604 5477 k‘
643 5354 765 5436 ρλι.ν
787 5356 987 5414 habuit.
1025 5358 1091 5415 Et
1114 5362 1271 5430 infra,
1302 5364 1674 5439 Warmarium,
1696 5383 1814 5437 seu,
1854 5370 2097 5427 Warma-

574 5442 768 5477 artum-

508 5438 768 5485 martum.

580 5504 607 5569 ς
647 5494 812 5569 ξάἱιί,
840 5516 1013 5569 pacem
1034 5501 1314 5569 ﬁrmarent.

2248 1904 2373 1958 atini
2412 1905 2755 1977 imperatoris
2799 1916 3025 1989 ejusque
3055 1922 3309 1990 Augusta:
3337 1904 3556 2001 Suphize
3585 1941 3839 2005 perterri-

2249 2003 2353 2061 tus,
2385 2011 2451 2051 eo
2479 2002 2618 2067 quod
2651 2004 2889 2074 Augusta
2929 2011 2977 2064 ei
3011 2026 3326 2082 apparatum
3355 2036 3424 2076 ex
3459 2002 3598 2080 auro.
3637 2028 3838 2089 factum

2244 2085 2530 2157 muliebre,
2564 2106 2630 2147 eo
2658 2098 2799 2163 quod
2844 2103 3127 2160 eunuchus
3170 2118 3309 2175 erat,
3355 2125 3477 2167 eum
3508 2130 3615 2185 quo
3640 2118 3837 2187 filaret,

2244 2177 2462 2248 direxit,
2484 2193 2540 2239 et
2568 2189 2886 2254 pensilarios
2913 2192 2939 2231 ¹ι
2972 2208 3181 2265 regeret
3222 2215 3328 2257 non
3360 2177 3605 2274 populos.
3636 2211 3704 2265 At
3738 2177 3835 2270 ille

2244 2274 2531 2342 respondet
2561 2292 2575 2329 :
2609 2277 2649 2332 F
2651 2279 2780 2335 ilum
2810 2282 2990 2351 ﬁlabo,
3021 2288 3090 2343 de
3120 2305 3225 2359 quo
3254 2292 3493 2351 Iusdnus
3514 2298 3835 2375 imperator,

2244 2379 2342 2419 nec
2377 2366 2614 2437 Augusta
2663 2373 2730 2427 ad
2785 2386 2947 2446 caput
2995 2381 3185 2438 venire
3238 2399 3342 2440 non
3390 2366 3632 2457 possent.
3681 2366 3835 2453 Tunc

2242 2455 2619 2527 Langobardos
2641 2476 2674 2519 a
2694 2465 2981 2523 Pannoniis
3010 2471 3262 2539 iuvitans,
3289 2455 3412 2532 cuni
3436 2480 3681 2538 Alboeno
3704 2500 3835 2556 rege

2241 2552 2443 2609 Italiam
2465 2555 2779 2616 introduxit.
2804 2562 3072 2620 Alboentts
3107 2567 3526 2629 Cltlodesindam
3565 2552 3833 2634 Chlotarii

2241 2643 2378 2713 regis
2407 2646 2567 2702 tiliam
2591 2649 3040 2723 Itahuituxorem;
3072 2674 3174 2728 qua
3196 2660 3463 2731 defuncta,
3495 2668 3654 2722 aliam
3673 2670 3829 2725 duxit

2236 2735 2538 2808 coniugem,
2554 2740 2707 2811 cujus
2724 2754 2925 2813 patrem
2945 2750 3449 2826 ittterfecer.it(Cap.
3474 2757 3541 2811 33
3560 2762 3677 2826 ;al.,
3707 2764 3769 2817 Il
3785 2764 3829 2833 .)

2308 2826 2490 2885 LXVI.
2527 2831 2565 2901 Ι,
2588 2846 2648 2888 se
2676 2849 2803 2890 vero
2841 2837 3084 2906 ejusdem
3118 2844 3357 2901 mulieris
3387 2848 3571 2906 fraude
3616 2826 3831 2910 veneno

2235 2919 2395 2987 periit
2423 2920 2575 3015 (Cap.
2600 2922 2701 2993 55;
2734 2929 2834 2996 al.,
2863 2930 2977 3001 Η).
3010 2932 3235 3006 Ipsaque
3274 2950 3455 3009 postea
3481 2957 3599 2997 cum
3637 2944 3831 3015 aliquo

2233 3008 2603 3081 Langobardo,
2624 3019 2762 3087 apud
2793 3035 2951 3091 quem
2984 3008 3292 3083 Ravennam
3320 3030 3573 3101 fugaciter
3602 3034 3669 3089 de
3690 3008 3829 3091 civi~

2233 3111 2340 3159 tale
2366 3104 2597 3175 Verona,
2628 3110 2720 3165 ubi
2750 3114 2923 3168 virum
2953 3118 3248 3186 occiderat,
3280 3125 3643 3194 aggrediebat,
3677 3129 3827 3197 pari-

2152 3184 2199 3248 C
2234 3202 2315 3250 ter
2338 3197 2389 3251 in
2417 3198 2608 3257 itinere
2634 3205 2956 3273 apprehensi
2992 3207 3009 3246 ι
3044 3220 3096 3265 et
3127 3210 3396 3268 interfecti
3424 3224 3566 3271 sunt.

2300 3286 2511 3345 LXVII.
2542 3293 2877 3363 Langobardi
2897 3314 3101 3370 regem,
3122 3304 3341 3360 nomine
3354 3305 3472 3376 Clip
3494 3308 3602 3379 [ΑΙ.
3621 3306 3823 3384 Calip],

2227 3389 2389 3450 super
2416 3396 2476 3439 se
2502 3384 2706 3455 eligunt
2734 3387 2883 3460 (Cap.
2918 3391 3020 3459 '56;
3043 3394 3140 3460 al.,
3172 3396 3289 3466 42).
3340 3397 3823 3472 I’rorutnpentibus
3913 3465 3921 3478 ,

2229 3470 2594 3543 Langobardis
2620 3477 2673 3532 in
2696 3478 2919 3545 Gallias,
2952 3485 3175 3539 Amatus
3208 3487 3461 3554 patricius
3486 3490 3556 3547 ab
3576 3470 3714 3562 ipsis
3738 3494 3821 3549 iu-

2227 3566 2513 3633 terliritur;
2564 3578 2619 3624 et
2647 3583 2674 3623 a
2706 3570 2725 3642 ί
2752 3569 2819 3625 Id
2846 3578 2920 3627 est
2941 3615 2957 3640 ,
2985 3590 3050 3630 ex
3077 3574 3095 3646 ]
3128 3577 3593 3648 Burgundionibus
3638 3585 3821 3641 multa:

2226 3656 2424 3711 ibidem
2455 3666 2662 3731 strages
2702 3664 2853 3719 facta!
2882 3673 3028 3720 sunt.
3059 3666 3182 3722 P05t
3215 3670 3464 3726 Amatam
3496 3671 3820 3733 Mummolus

2226 3749 2566 3816 patriciatum
2596 3756 2909 3827 assumpsit.

2297 3838 2531 3898 LXVIII.
2564 3843 2898 3904 Irruentibus
2914 3848 3112 3905 iterum
3136 3851 3501 3923 Langobardis
3524 3856 3577 3914 in
3591 3858 3816 3927 Gallias,

2222 3944 2343 3986 cum
2391 3933 2586 4004 quibus
2630 3934 2953 3995 Mummolus
2982 3940 3194 4000 fortiter
3235 3945 3533 4017 dimicavit,
3561 3962 3614 4006 et
3645 3967 3815 4023 usque

2221 4026 2285 4079 ad
2318 4026 2741 4086 internecionem
2773 4034 3061 4103 oppressit,
3089 4037 3238 4106 pauci
3270 4054 3334 4095 ex
3367 4040 3572 4097 eisdem
3600 4042 3812 4099 Italiam

2222 4122 2548 4191 repedantur
2578 4122 2795 4197 (υἱώ).
2826 4124 3092 4197 Saxones,
3136 4146 3273 4199 quos
3319 4132 3729 4194 Theudebcrtus
3756 4140 3814 4195 in

2220 4209 2425 4269 Italiam
2451 4216 2696 4286 miserat,
2720 4217 2775 4273 in
2799 4218 3000 4277 Gallias
3022 4234 3398 4295 prorumpunt,
3423 4230 3561 4299 apud
3587 4229 3811 4301 Stuplo-

2220 4322 2342 4362 nem
2370 4317 2613 4367 Incastra
2660 4324 2960 4384 ponentes,
3007 4318 3187 4373 multte
3236 4330 3445 4393 strages
3489 4338 3585 4392 per
3630 4324 3809 4380 vicina

2220 4400 2337 4456 loca
2366 4402 2435 4459 ab
2464 4404 2597 4473 ipsis
2625 4416 3040 4477 perpetrantur;
3066 4412 3205 4480 quia
3229 4414 3519 4471 Mummolo
3544 4431 3809 4488 superan-

2218 4512 2342 4586 tiem
2374 4525 2546 4571 terras
2574 4518 2934 4577 ambientibus
2963 4521 3309 4579 circumfusa.
3353 4526 3502 4581 Dicta
3531 4537 3614 4583 est
3640 4531 3805 4586 etiam

2218 4583 2419 4669 fialtial,
2604 4590 2764 4645 hodie
2789 4602 2915 4648 sunt
2962 4608 3123 4665 regna
3172 4594 3381 4652 Suecias
3407 4604 3461 4653 et
3492 4583 3799 4669 Norvegiae.

2218 4653 2354 4711 Vide
2379 4658 2659 4713 Orlelium.

2295 4736 2311 4763 ³
2356 4728 2512 4797 Cum,
2546 4739 2819 4786 conantur.
2846 4732 2988 4790 Clar.
3018 4744 3074 4792 et
3102 4735 3291 4806 Freb.,
3337 4738 3593 4797 conarint.
3633 4740 3795 4811 Bob”

2215 4810 2487 4868 cenarum,
2519 4814 2617 4867 pro
2646 4812 2968 4859 conarentur.

2292 4867 2305 4917 i
2343 4867 2478 4923 Can.
2504 4870 2602 4935 al.,
2640 4870 2946 4931 Wisodano.
2993 4876 3041 4932 Is
3070 4888 3148 4933 est
3182 4878 3543 4937 Romanorum
3588 4882 3798 4939 Mercu-

2216 4936 2349 5024 rius,
2378 4948 2513 4996 teste
2542 4941 2706 5024 Paulo
2736 4944 2992 5015 Diacono,
3016 4950 3104 5017 qui
3137 4951 3283 5024 plura
3306 4952 3372 5005 de
3400 4952 3483 5007 bis
3505 4936 3559 5009 et
3589 4936 3799 5024 Lango-

2216 5008 2505 5095 bardorum
2531 5012 2737 5084 origine
2765 5008 3318 5095 etprogre'ssu'habet
3347 5024 3439 5079 lib.
3468 5008 3799 5095 t,cap.8°et

2214 5083 2576 5154 sequentibus,
2605 5083 2761 5154 Quem
2788 5087 2835 5143 si
2863 5083 3007 5146 lubbt
3028 5092 3270 5146 consule.
3325 5118 3330 5123 -

2286 5147 2312 5190 ι
2348 5153 2401 5209 Id
2433 5167 2515 5209 est
2543 5147 2902 5231 effetninatos,
2934 5163 3022 5231 qui
3055 5171 3109 5216 ut
3138 5163 3388 5219 mulieres
3417 5167 3594 5221 nendo
3631 5179 3795 5222 occu-

2213 5234 2487 5303 parentur.
2542 5226 3015 5303 Pensumquippe
3064 5242 3149 5288 est
3191 5236 3491 5303 manipulus
3539 5238 3672 5292 lana:
3702 5246 3795 5291 aut

2210 5296 2481 5370 cannabis,
2512 5298 2600 5370 qui
2632 5312 2695 5370 ex
2719 5296 2847 5355 colo
2868 5296 3059 5370 pendet
3083 5314 3136 5358 et
3156 5304 3273 5360 fuso
3303 5296 3550 5363 trahitur.
3582 5309 3657 5362 Ex
3692 5307 3793 5362 bac

2209 5362 2334 5418 item
2366 5380 2496 5421 voce
2528 5362 2736 5445 :dicitur
2775 5362 2968 5445 a'iquis
3014 5390 3233 5442 pensum
3282 5391 3439 5432 suum
3470 5379 3792 5445 absolvisse,

2213 5439 2300 5505 qui
2345 5452 2456 5492 rem
2498 5438 2597 5491 sibi
2645 5438 2985 5497 commissam
3014 5438 3263 5501 confecit.
3300 5447 3377 5502 De
3419 5450 3522 5503 hoc
3551 5438 3791 5504 Narseus

2213 5509 2447 5581 lacinore
2478 5509 2598 5564 vide
2626 5509 2846 5567 Paulum
2876 5515 3120 5581 Diacon.,
3155 5518 3247 5572 lib.
3280 5533 3316 5571 tt
3345 5520 3413 5574 de
3442 5517 3620 5575 Gestis
3650 5520 3788 5574 Lan—

582 5563 609 5603 λ
647 5563 861 5655 Cani".
884 5563 1250 5655 δεΙιςήάευίἃξ
1326 5576 1420 5655 al.,
1474 5577 1871 5655 Schalaitagt'atr
1906 5582 2098 5640 Paulus
2204 5563 2470 5655 gulfcap.
2500 5581 2564 5655 5_;

509 5631 761 5714 Dlacu_tt.,
791 5631 903 5693 'Iib.
932 5657 967 5714 IA
989 5639 1077 5714 de
1103 5631 1280 5700 Gemis
1333 5631 1622 5714 Languit...

507 5708 761 5776 appellat,
794 5725 912 5777 cap.
941 5710 996 5775 2,
1030 5713 1118 5766 ubi
1158 5715 1349 5769 dicitur
1378 5708 1547 5770 insula
1595 5708 1700 5773 non
1734 5730 1838 5774 tam
1873 5724 1924 5776 itt
1956 5708 2090 5781 mari

508 5780 683 5846 posita
725 5795 884 5852 quam
914 5783 1133 5841 marinis
1164 5786 1412 5842 ﬂuetibus
1460 5792 1528 5843 ob
1584 5791 1880 5859 marginutn
1909 5780 2082 5861 plant

1680 5646 2092 5727 Scandinaviam
2202 5646 2257 5705 ix
2279 5646 2479 5727 Iterum
2508 5646 2724 5727 Fralncv
2759 5661 2904 5710 tomo
2933 5656 2995 5724 ll,
3026 5673 3075 5727 p.
3107 5658 3195 5713 '56.

2277 5724 2293 5764 ι
2311 5724 2579 5802 Οζιρᾷηέη
2591 5720 2750 5802 Ριτθμ.
2761 5764 2775 5788 ,
2791 5720 2991 5802 parites
3004 5720 3211 5802 interiit.
3222 5726 3439 5785 Namibi
3456 5732 3781 5802 apprehensi.

2277 5807 2314 5834 ω
2351 5794 2477 5865 Alii,
2497 5791 2869 5861 sup/calonem.
2888 5799 3043 5867 801).,
3064 5800 3386 5870 Staploncm.
3400 5791 3536 5862 Vid'c'
3558 5804 3785 5872 Gregor.
