4132 6348
381 328 482 386 597

1405 325 1727 384 HISTORIA
1768 320 2188 382 FRANCORUM
2226 324 2638 383 EPITiMdA'I‘A.

3514 356 3517 361 ·
3535 334 3646 391 598

380 454 487 511 tur,
513 450 567 500 et
595 442 647 499 in
675 442 881 499 Italiam
912 441 1166 512 fugaciter
1193 451 1535 499 revertuntur
1556 485 1571 511 ,
1595 442 1810 498 amissis
1836 455 1955 497 om-
1983 445 2031 501 Α
2063 437 2348 495 Redientes
2392 438 2458 492 ad
2496 448 2669 494 castra
2710 439 2995 504 Austrasii,
3030 441 3286 501 adversus
3316 444 3641 513 Sigiltcvltttu

380 535 539 590 nibus
568 548 687 605 quas
712 533 1080 605 prmdaverant
1105 532 1257 605 (Cap.
1288 536 1355 589 57
1379 552 1397 601 ;
1422 536 1522 599 al.,
1552 534 1670 604 45).
1718 534 1960 590 Saxones

380 626 578 682 iterum
598 639 721 682 cum
743 625 1002 680 uxoribus
1024 633 1080 679 et
1102 625 1283 681 liberis
1309 627 1363 680 in
1392 626 1593 681 Gallias
1615 625 1778 697 574
1795 624 1961 681 desti-

381 726 548 785 nant,
582 728 639 772 ut
667 732 700 771 δ
727 716 997 786 Sigiberto
1047 731 1174 787 rege
1222 716 1450 788 recepti,
1498 716 1566 772 in'
1598 717 1775 770 locum
1820 718 1960 773 unde

378 810 628 869 exierunt
652 808 910 865 redirent.
949 808 1235 866 Venientes
1266 811 1316 864 in
1360 808 1689 874 territorium
1727 810 1961 863 Avenni-

378 915 526 967 cum,
560 900 874 956 Mummolus
920 902 1162 969 protinus
1190 900 1402 956 obviam
1432 899 1655 957 veniens
1681 900 1781 968 eis,
1816 899 1961 954 Rbo-

378 995 579 1052 danum
624 994 855 1051 transire
901 1008 1009 1048 non
1056 993 1414 1062 permittebat.
1462 992 1651 1049 Postea
1678 1035 1695 1059 ,
1727 991 1961 1060 acceptis

380 1086 731 1153 muneribus,
773 1087 1001 1143 transire
1051 1102 1145 1142 eos
1198 1086 1461 1157 permisit.
1507 1086 1589 1141 Ad
1635 1085 1959 1155 Sigibertum

379 1178 515 1250 μμ
533 1192 564 1232 a
582 1174 869 1249 Sigiberto]
899 1187 1182 1248 pergentes
1206 1179 1259 1232 in
1282 1179 1399 1234 loco
1420 1177 1563 1234 unde
1585 1177 1731 1246 prius
1760 1178 1959 1247 egressi

379 1272 610 1338 fuerant,
631 1280 757 1328 sunt
801 1271 1039 1327 stabiliti.
1074 1270 1286 1338 Postea,
1313 1270 1567 1325 defuncto
1588 1267 1725 1340 Clip,
1757 1268 1961 1337 Lango-

377 1363 673 1419 bardorum
702 1363 866 1419 duces
911 1362 1115 1422 Cliamo
1137 1406 1150 1427 ,
1181 1362 1360 1419 Zaban
1392 1370 1448 1417 et
1476 1361 1731 1419 llodanus
1760 1360 1960 1417 Gallias

377 1454 687 1525 irruperunt
715 1454 868 1527 (Cap.
898 1454 999 1518 59;
1030 1455 1128 1521 al.,
1158 1453 1274 1524 45).
1317 1454 1521 1521 Quibus
1547 1454 1758 1512 obviam
1789 1454 1962 1511 Mum-

378 1550 555 1604 molus
601 1564 723 1604 cum
764 1547 1003 1603 exercitu
1050 1547 1214 1613 venit,
1247 1556 1302 1601 et
1332 1548 1431 1602 Iros
1474 1558 1585 1603 tres
1630 1547 1793 1604 duces
1836 1562 1957 1601 cum

376 1652 565 1694 eorum
605 1638 847 1695 exercitu
880 1652 1050 1707 usque
1078 1638 1143 1692 ad
1175 1638 1595 1694 internecionem
1639 1639 1861 1695 delevit.
1905 1639 1959 1693 In

375 1728 485 1785 alio
505 1743 646 1784 anno
666 1728 991 1786 Mummolus
1009 1742 1131 1783 cum
1153 1728 1387 1784 exercitu
1415 1727 1665 1784 Turonus
1688 1743 1752 1783 ac
1783 1729 1959 1784 Picta-

2059 545 2327 585 runtorctn
2351 530 2547 598 levant,
2582 530 2823 587 dicentes
2850 550 2863 587 ε
2894 532 3045 587 Sicut
3074 534 3365 602 promisisti
3390 537 3456 590 tla
3485 539 3644 592 nobis

2060 624 2150 678 ubi
2201 622 2359 677 rebus
2401 624 2653 691 ditamur,
2683 634 2774 679 aut
2803 624 3107 693 prmliemur
3132 665 3146 690 ,
3177 627 3409 696 alioquin
3441 629 3507 685 ad
3539 644 3634 698 pa-

2062 717 2214 772 triam
2262 732 2368 771 non
2421 719 2760 772 revertimur.
2807 718 2899 772 Ille
2946 718 3131 773 volens
3179 716 3221 784 ί,
3257 721 3565 790 compulsus
3612 738 3641 777 a

2058 810 2191 876 suis,
2212 822 2375 876 super
2396 809 2785 865 Cuntramnum
2815 810 2914 875 ire,
2934 810 3197 866 Austrasii
3224 813 3372 867 valde
3391 814 3644 869 consilio-

2059 919 2120 960 se
2153 910 2167 954 1
2200 903 2383 959 dicunt
2411 904 2477 959 ad
2506 920 2630 961 eum
2657 906 3057 961 :Sacramentis
3084 921 3272 976 pacem
3323 922 3445 963 eum
3475 907 3646 968 Gunt-

2061 1009 2248 1050 ramno
2284 994 2528 1061 ﬁrmasti,
2559 1009 2666 1065 quo
2711 1004 2864 1064 pacto
2900 996 3193 1064 'possumus
3221 1013 3382 1068 super
3407 1014 3531 1055 eum
3565 1003 3642 1055 ir-

2061 1088 2256 1145 rueret
2278 1088 2613 1144 Unanimiter
2639 1089 2997 1145 exclamantes
3019 1105 3077 1146 se
3097 1105 3259 1160 super
3282 1091 3643 1163 Chilperieum

2063 1180 2197 1236 velle
2244 1181 2342 1248 ire,
2377 1179 2619 1249 protinus
2649 1188 2925 1235 moventcs
2973 1182 3186 1237 irruunt
3234 1198 3396 1253 super
3425 1186 3643 1257 Chilpe-

2062 1271 2252 1324 ricum.
2283 1268 2401 1325 lam
2425 1268 2543 1339 ejus
2570 1270 2841 1326 exercitus
2863 1270 2929 1325 a‘d
2958 1274 3169 1341 propria
3201 1274 3463 1332 festinans
3486 1278 3645 1349 longe

2062 1360 2266 1416 aberat.
2290 1362 2419 1419 Cum
2448 1361 2562 1417 btec
2592 1364 2931 1432 cognovisset
2958 1362 3315 1433 Cltilpericus.
3342 1376 3488 1439 terga
3520 1384 3643 1425 ver-

2064 1462 2181 1513 tens
2209 1453 2467 1508 Tliornua
2487 1451 2513 1490 ιε
2535 1454 2775 1522 pervenit
2799 1453 2951 1524 (Cap.
2969 1452 3075 1520 45;
3104 1455 3327 1526 al.,SI).
3348 1458 3644 1528 Sigillaria;

2064 1556 2183 1616 post
2197 1554 2399 1616 tergum
2419 1545 2536 1615 ejus
2548 1545 2784 1600 Parisios
2799 1546 2962 1613 venit,
2981 1545 3159 1617 ibique
3171 1548 3564 1604 sanctissimum
3580 1564 3645 1605 ae

2063 1637 2426 1694 beatissimum
2453 1637 2775 1694 Germanum
2804 1637 3130 1697 Parisiorum
3159 1640 3307 1695 urbis
3332 1641 3642 1712 episcopum

2062 1731 2487 1802 cumSigibertus
2503 1732 2742 1799 vidisset,
2760 1734 2874 1789 bare
2890 1735 2956 1789 ab
2969 1734 3155 1791 eodem
3172 1735 3333 1790 verba
3349 1735 3644 1806 prophetiae

377 1822 483 1888 vis,
532 1820 756 1888 iubente
802 1820 1180 1884 Guntramno,
1231 1819 1300 1874 de
1354 1827 1616 1889 potestate
1668 1817 1957 1889 Cliilpcrici
1990 1826 2301 1889 Baudivit:
2333 1826 2391 1882 Si
2417 1842 2730 1896 germanum
2760 1836 2907 1884 tuum
2940 1831 3010 1883 ita
3052 1844 3375 1899 persequere
3418 1828 3644 1899 cogitas,

376 1910 618 1976 abstulit,
649 1920 705 1967 et
752 1911 819 1965 ad
871 1920 1075 1980 partem
1124 1909 1379 1980 Sigiberti
1410 1911 1641 1965 restituit
1672 1909 1823 1981 (Cap.
1857 1910 1956 1977 40;

375 2005 474 2071 al.,
505 2002 619 2074 46).
652 2004 801 2059 Multi
835 2002 1031 2058 ibidem
1061 2002 1130 2058 de
1158 2002 1394 2057 exercitu
1438 2002 1723 2071 Cbilperici
1752 2014 1803 2058 et
1829 2002 1960 2072 ipsis

377 2094 780 2151 Pietavensibus
808 2102 833 2130 ἰ
862 2104 981 2147 sunt
1026 2092 1203 2164 gladio
1256 2092 1521 2148 trucidati.
1570 2091 1864 2146 Taloardus
1906 2102 1961 2149 et

377 2184 580 2241 Nuccio
606 2183 635 2224 ιι
662 2186 829 2241 duces
858 2184 1328 2255 Langobardorum
1359 2200 1459 2255 per
1495 2185 1687 2239 ostiola
1714 2185 1767 2239 in
1798 2185 1957 2240 Sido-

377 2292 545 2333 nense
576 2288 598 2316 ο
628 2276 953 2332 territorium
1001 2292 1121 2330 cum
1148 2278 1387 2332 exemita
1435 2285 1556 2330 sunt
1608 2276 1857 2345 ingressi,
1893 2276 1959 2330 ad

376 2371 759 2426 monasterium
781 2378 1087 2425 sanctorum
1114 2369 1508 2439 Agaunensium
1529 2369 1747 2423 nimiam
1770 2368 1961 2425 facien-

375 2470 459 2519 tes
485 2473 738 2532 Stragem.
764 2462 946 2518 Baccis
970 2461 1089 2517 villa
1118 2461 1171 2527 ά,
1202 2475 1300 2517 nec
1327 2460 1509 2530 procul
1531 2460 1600 2514 ab
1631 2461 1748 2530 ipso
1777 2476 1961 2515 mona-

374 2555 560 2620 sterio,
591 2554 754 2609 duces
775 2564 827 2609 et
848 2568 1033 2608 eorum
1056 2553 1330 2617 exercitus
1352 2550 1625 2606 aWiolico
1646 2550 1960 2606 etTheudo-

374 2641 528 2701 fredo
539 2646 764 2702 ducibus
784 2632 1099 2700 Cuntramni
1114 2653 1239 2700 sunt
1257 2642 1542 2701 interfeCti.
1558 2643 1918 2713 Quadragiu'a
1934 2651 1958 2680 ο

374 2746 580 2791 tantum
607 2752 673 2795 ex
691 2737 795 2791 illis
820 2736 1072 2806 fugaciter
1096 2738 1150 2791 in
1180 2736 1381 2791 Italiam
1413 2744 1672 2791 remeant.

446 2826 636 2883 LXIX.
685 2826 1021 2883 Cblodoveus
1069 2826 1208 2881 ﬁlius
1262 2825 1554 2896 Cliilperici
1605 2825 1957 2896 Burdegalem

374 2919 634 2989 pervadit.
684 2920 727 2974 A
778 2918 983 2988 Sigttlfo
1023 2916 1160 2973 duce
1201 2926 1514 2988 superatus,
1548 2916 1803 2991 fugaciter
1836 2916 1854 2956 ι
1889 2918 1954 2975 ad

376 3019 580 3081 patrem
610 3009 749 3064 redit
790 3010 939 3079 (Cap.
972 3008 1073 3073 ης
1106 3010 1203 3072 al.,
1232 3008 1349 3079 48).

446 3100 614 3157 LXX.
643 3100 978 3170 Chilpericus
1026 3099 1275 3153 Pictavos
1302 3107 1359 3154 et
1387 3098 1635 3153 Turonos
1676 3098 1744 3154 de
1789 3113 1956 3167 regno

2063 1928 2119 1973 ut
2142 1933 2265 1973 eum
2292 1918 2594 1974 interﬁcere
2613 1919 2889 1987 disponas,
2905 1928 2960 1977 et
2984 1935 3206 1990 regnum
3235 1935 3390 1974 suum
3411 1920 3644 1983 auferre,

2061 2008 2315 2077 scriptum
2344 2018 2427 2064 est
2451 2027 2463 2061 :
2491 2007 2719 2067 Faveant
2745 2025 2896 2080 quam
2919 2012 3069 2081 fratri
3095 2021 3181 2066 tuo
3209 2011 3437 2082 parabis,
3454 2012 3509 2066 in
3535 2027 3646 2066 cant

2062 2101 2264 2155 cadcbis
2309 2100 2490 2172 (Prov.
2539 2118 2684 2167 xxvi,
2712 2102 2826 2174 27).
2878 2102 3043 2174 Cujus
3089 2103 3424 2172 castigationi
3456 2102 3646 2158 nolens

2060 2206 2319 2257 annuere,
2359 2193 2625 2262 cogitabat
2669 2202 2848 2261 optata
2901 2196 3155 2261 perlicere
3201 2194 3352 2266 (Cap.
3384 2195 3485 2260 46;
3529 2194 3601 2248 al.
3628 2236 3642 2258 ,

2060 2283 2175 2354 52).
2224 2283 2461 2353 Cumque
2491 2283 2787 2341 Victoriaco
2809 2285 3144 2351 accessisset,
3174 2300 3360 2341 OttllleS
3389 2285 3644 2353 Neustra-

2061 2374 2157 2428 sia:
2212 2372 2225 2410 ³
2265 2375 2330 2427 ad
2361 2389 2486 2429 eum
2538 2375 2810 2430 venientes
2834 2390 2893 2433 se
2922 2391 3031 2435 sua:
3058 2377 3245 2431 ditioni
3276 2377 3640 2446 subiecerunt.

2060 2465 2363 2521 Ansoaldus
2393 2474 2594 2521 tantum
2624 2482 2746 2523 cum
2788 2467 3093 2538 Chilperico
3131 2469 3407 2525 remansit.
3441 2468 3643 2525 Frede-

2060 2558 2252 2626 gumlis
2294 2559 2501 2616 duobus
2532 2563 2713 2631 pueris
2757 2562 2880 2617 dolo
2930 2564 3280 2629 transmissis,
3314 2563 3640 2633 Sigibertum

2063 2647 2407 2717 interﬁciunt,
2427 2663 2480 2711 et
2509 2652 2607 2722 ipsi
2637 2652 2899 2709 interfecti
2929 2664 3071 2709 sunt.
3104 2653 3411 2725 Resumptis
3441 2654 3643 2711 viribus

2062 2736 2397 2809 Cbilpericus
2422 2757 2683 2811 suumque
2705 2759 2921 2813 regnum
2953 2747 3181 2816 recepit.

2132 2829 2343 2885 LXXII.
2400 2834 2765 2889 Brunecliildis
2814 2849 2934 2890 cum
2981 2836 3089 2890 ﬁlio
3154 2851 3253 2895 suo
3299 2835 3642 2895 Cltildeberto

2064 2922 2298 2977 Parisios
2325 2923 2425 2976 sub
2471 2924 2714 2981 custodia
2762 2926 3068 2991 tenebatur;
3101 2927 3194 2985 sed
3223 2925 3448 2983 factione
3489 2927 3642 2982 Cun-

2054 3012 2233 3067 rdoaldi
2264 3010 2413 3066 ducis
2441 3013 2601 3084 576
2641 3011 3015 3069 Cliildebertus
3043 3014 3099 3069 in
3130 3030 3253 3083 (era
3281 3015 3414 3089 [Αι.,
3435 3014 3643 3087 sporta]

2062 3104 2287 3173 positus,
2322 3118 2413 3173 per
2444 3102 2729 3159 fenestram
2759 3119 2786 3156 a
2814 3118 2977 3171 puero
3008 3116 3259 3175 acceptus
3305 3116 3406 3173 cst,
3439 3118 3493 3177 et
3532 3108 3644 3178 ipSc

377 3192 627 3263 Sigiberti
678 3195 940 3262 pervas‘t;
969 3203 1023 3247 et
1064 3189 1326 3261 Sigulfum
1369 3189 1561 3245 ducem
1604 3189 1726 3260 fuga
1776 3191 1954 3259 vertit,
1985 3204 2036 3269 ο
2068 3208 2194 3263 puer
2221 3189 2461 3264 singulos
2481 3207 2600 3249 eum
2622 3193 3644 3265 MettisexhibuitﬂbiqucaGundoaltlo

378 3299 637 3356 suumque
674 3283 968 3340 exercitum
1026 3281 1313 3351 prostravit
1358 3278 1572 3351 (ἰωὰ)
1621 3280 1959 3349 Cliilpericus

380 3379 617 3435 civitates
639 3391 732 3434 eas
760 3391 893 3447 quas
921 3383 1227 3444 pervaserat
1253 3374 1520 3445 Sigiberto
1544 3373 1798 3429 reddidit.
1830 3374 1961 3428 Post

381 3484 575 3526 annum
605 3468 935 3538 Cbilpericus
978 3482 1098 3523 cum
1131 3466 1297 3521 multo
1339 3466 1582 3521 exercitu
1617 3480 1837 3537 regnum
1867 3464 1962 3521 Si-

382 3565 574 3635 giberti
603 3561 933 3635 ingreditur;
962 3560 1057 3615 sed
1088 3559 1568 3615 intercurrentibus
1601 3557 1790 3630 legatis
1819 3557 1963 3627 paci-

382 3659 525 3715 ﬁcati
555 3667 702 3715 sunt.

454 3749 639 3804 LXXI.
669 3750 857 3805 Postea
894 3763 995 3803 una
1041 3746 1269 3802 inientcs
1312 3744 1620 3809 consilium,
1652 3745 1811 3800 ambo
1840 3759 1958 3800 mo-

384 3851 575 3898 verunt
596 3842 914 3905 exercitum,
942 3839 1183 3894 volentes
1210 3838 1601 3894 Guntramnum
1627 3838 1957 3903 interﬁcere,

385 3950 713 4007 regnumque
734 3934 850 4004 ejus
865 3947 1142 3989 assumere
1163 3930 1316 4003 (Cap.
1342 3932 1446 3998 44;
1468 3931 1567 3997 al.,
1591 3930 1704 4001 50).
1731 3931 1967 4000 Sigibcr-

386 4036 471 4083 tus
501 4026 657 4099 575
684 4040 804 4080 cum
833 4025 1071 4080 exercitu
1117 4023 1341 4079 Arciaca
1372 4030 1397 4071 8
1431 4022 1709 4087 resedens,
1752 4022 1967 4092 Chilpe-

387 4116 529 4172 ricus
567 4116 855 4172 Duodecim
903 4115 1121 4170 Pontes.
1169 4112 1405 4168 Audiens
1434 4112 1549 4170 bare
1578 4111 1964 4177 Guntramnus,

385 4209 683 4265 exercitum
734 4207 992 4265 velociter
1044 4213 1244 4273 movet,
1295 4205 1623 4275 veniensque
1682 4205 1806 4259 villa
1865 4206 1967 4259 Vc-

390 4301 537 4356 riaco
578 4298 628 4366 δ,
678 4298 1160 4355 intercurrentibus
1201 4296 1422 4367 legatis,
1473 4297 1525 4351 bi
1579 4307 1686 4352 tres
1732 4297 1970 4368 germani

389 4389 692 4462 Sigibertus
709 4431 723 4455 ,
758 4389 1117 4445 Guntramnus
1132 4399 1184 4443 et
1211 4387 1544 4457 Cbilpericus
1568 4388 1765 4445 Trecas
1786 4388 1973 4459 junxe-

390 4491 532 4548 runt,
561 4483 697 4537 etin
738 4481 961 4538 ecclesia
1008 4482 1177 4535 sancti
1228 4479 1358 4549 Lupi
1390 4490 1727 4536 sacramenta
1776 4490 1964 4536 contra

2065 3286 2150 3340 vel
2174 3286 2463 3340 Austrasiis
2480 3285 2533 3341 in
2552 3300 2715 3358 regno
2742 3288 2908 3357 patris
2932 3288 3248 3343 sublimatur
3273 3287 3411 3357 (Lib.
3430 3304 3480 3357 v,
3496 3305 3545 3344 c.
3565 3290 3643 3359 I).

2067 3375 2432 3431 BrunecbildLs
2470 3376 2622 3447 jussu
2653 3375 2940 3444 Chilperici
2970 3379 3160 3433 exsilio
3193 3378 3458 3436 ltotliomo
3487 3388 3523 3415 ω
3552 3393 3641 3439 re-

2065 3470 2310 3525 truditur.
2354 3469 2410 3525 In
2451 3484 2515 3524 eo
2555 3484 2697 3524 anno
2735 3484 2829 3536 per
2873 3470 3067 3526 caelum
3114 3470 3285 3545 fulgor
3322 3470 3645 3527 discurrisse

2069 3576 2213 3618 visus
2262 3573 2365 3618 εει.
2412 3561 2710 3631 Sigibertus
2739 3562 2791 3617 in
2822 3560 3051 3617 ecclesia
3098 3563 3265 3617 sancti
3299 3561 3532 3617 Medardi
3563 3576 3645 3616 se-

2067 3655 2247 3725 pultus
2292 3667 2368 3711 est
2396 3698 2409 3722 ,
2464 3664 2623 3711 aetate
2671 3655 3164 3727 quadragenarins,
3208 3655 3414 3715 decimo
3460 3668 3647 3725 quarto

2066 3749 2215 3817 regni
2242 3749 2321 3802 sui
2351 3762 2493 3803 anno
2518 3747 2673 3820 (Cap.
2702 3746 2807 3812 46;
2839 3747 2940 3813 al.,
2969 3737 3116 3816 52)..

2138 3835 2371 3891 LXXIII.
2407 3841 2447 3891 Α
2481 3838 2707 3892 transitu
2747 3836 3109 3893 Tbcudeberli
3135 3837 3361 3893 senioris
3391 3850 3557 3905 usque
3579 3836 3647 3892 ad

2067 3927 2266 3982 exitum
2318 3926 2590 3995 Sigiberti,
2640 3928 2764 3980 anni
2818 3942 2939 3980 xxix
2972 3926 3164 3997 (lbid.)
3210 3934 3273 3991 υς
3321 3941 3350 3983 a
3389 3928 3647 3999 principio

2070 4030 2235 4083 usque
2261 4018 2327 4071 ad
2353 4014 2632 4083 diluvium,
2660 4017 2787 4070 anni
2818 4017 2923 4071 duo
2954 4014 3119 4070 millia
3147 4032 3356 4083 ccxttt;
3389 4030 3417 4070 a
3448 4017 3647 4073 diluvio

2070 4122 2236 4177 usque
2281 4108 2347 4162 ad
2397 4107 2686 4173 Abraham,
2738 4109 2862 4163 anni
2902 4122 3215 4172 nccccxtn;
3266 4108 3332 4165 ab
3380 4109 3647 4167 Abraham

2074 4214 2241 4269 usque
2270 4200 2337 4253 ad
2375 4214 2650 4269 egressum
2680 4200 2907 4256 filiorum
2939 4201 3099 4257 Israel
3140 4216 3203 4256 ex
3235 4200 3487 4272 Egypto,
3523 4207 3647 4258 anni

2072 4305 2352 4355 coccum;
2383 4292 2451 4344 ab
2493 4304 2714 4361 egressu
2756 4290 2982 4344 ﬁliorum
3015 4290 3175 4345 Israel
3216 4306 3279 4346 ex
3329 4292 3562 4364 Egypto
3586 4296 3648 4348 ad

2072 4381 2475 4437 aedificationem
2522 4382 2705 4452 templi
2755 4383 3076 4447 SaIOmonis,
3113 4383 3237 4438 anni
3275 4400 3544 4441 ccccmxx
3579 4396 3602 4422 ο
3633 4404 3646 4453 ;

2079 4475 2146 4530 ab
2168 4474 2516 4531 aediﬁcatione
2535 4490 2660 4530 vero
2692 4476 2873 4545 templi
2904 4492 3071 4546 usque
3098 4479 3163 4532 ad
3193 4478 3601 4536 dissolutionem
3626 4491 3647 4531 ιι

390 4571 802 4639 Guntramnum,
846 4580 902 4626 ut
932 4586 1111 4641 pacem
1145 4579 1446 4637 servarent,
1477 4570 1757 4625 dederunt.
1799 4569 1977 4627 Gunt-
2009 4577 2062 4636 1)
2112 4566 2249 4634 ejus,
2269 4574 2323 4620 et
2340 4566 2856 4635 transmigratiouem
2877 4566 3340 4638 Babylonim,anni
3363 4583 3567 4623 ccccxx
3588 4580 3648 4616 ιι·

390 4679 609 4721 ramnus
632 4664 881 4735 idemque
892 4679 1011 4718 cum
1036 4662 1114 4718 eis
1139 4677 1323 4732 pacem
1350 4663 1697 4719 sacramentis
1718 4662 1971 4719 ίὶισιιιιινὶι.

465 4825 493 4887 ξι
522 4815 644 4880 Alii,
676 4815 844 4887 etipsi
877 4813 1221 4887 Pictavenses;

466 4886 494 4925 δ
521 4887 683 4951 Editi,
714 4884 932 4939 Nuntio.
962 4887 1147 4948 Cltes.,
1178 4884 1535 4938 Thaloardus.

471 4968 498 4995 α
527 4957 586 5013 Itl
613 4966 698 5012 est
723 4957 1052 5012 Seduncnse.
1085 4955 1358 5010 Sedunum
1389 4956 1515 5009 urbs
1544 4963 1627 5011 est
1652 4955 1978 5024 episcopalis

396 5027 607 5105 illarum
657 5029 1010 5105 partimnhsuo
1036 5026 1309 5105 episcopo,
1346 5025 1551 5081 llbmtis
1576 5025 1968 5093 coul'tederato,

397 5097 660 5166 subjecta,
690 5097 849 5164 vulgo
876 5095 1008 5166 Sion
1035 5095 1199 5149 dicta.

470 5162 683 5221 “Locus
696 5162 852 5234 vulgo
865 5165 974 5217 ch
987 5166 1179 5223 dictus.
1201 5164 1335 5218 haud
1353 5162 1612 5234 proculab
1625 5164 1971 5234 Agaunomo-

398 5238 633 5293 nasterio
649 5233 872 5306 positus.
897 5236 1042 5291 lianc
1067 5235 1274 5306 cladem
1284 5233 1451 5288 refert
1464 5233 1735 5306 Mariusad
1748 5233 1971 5306 ambiti.

473 5318 497 5345 ε
528 5303 691 5364 Freli.
721 5316 776 5362 et
820 5305 949 5361 Can.
979 5305 1075 5371 al.,
1106 5304 1392 5370 mendose,
1424 5303 1761 5373 quadraginta
1786 5304 1969 5358 millia.

479 5376 495 5415 τ
528 5379 653 5445 Alii,
684 5386 953 5445 superatus
983 5384 1030 5429 et
1061 5378 1286 5445 fugatas.

474 5458 501 5495 κ
531 5441 693 5503 Vicus
720 5441 804 5502 est
832 5441 1071 5516 quinque
1094 5441 1261 5516 leucis
1287 5442 1354 5516 ab
1401 5441 1534 5498 urbe
1568 5441 1753 5516 Trecis
1785 5458 1974 5516 versus

406 5519 625 5575 Boream
657 5513 879 5582 distans,
915 5513 1062 5573 Albae
1103 5515 1264 5570 ﬂuvio
1293 5514 1592 5581 impositus,
1622 5514 1749 5579 inde
1779 5513 1973 5576 dit-tus,

406 5587 859 5643 Areis-sur-Aube.
890 5586 1191 5641 'Duodecim
1221 5585 1416 5641 Pontos
1457 5583 1763 5651 Oppidulum
1791 5583 1916 5638 olim
1946 5598 1975 5637 a

407 5661 645 5726 υυιιιίυιιι
692 5672 916 5726 numero
959 5657 1036 5711 sic
1065 5656 1286 5719 dictum,
1320 5670 1459 5709 nunc
1488 5653 1685 5726 I’ont_es
1713 5653 1975 5726 Sequanae

408 5724 899 5794 (I’ons-sur-Seiae)
927 5726 1236 5794 simpliciter
1263 5726 1578 5794 appellatur.
1615 5724 1689 5781 De
1728 5724 1827 5779 hoc
1859 5725 1976 5780 loco

410 5804 533 5857 ride
561 5799 736 5856 Vales.
769 5798 820 5853 in
850 5796 1043 5852 Notitia
1069 5794 1376 5852 Galliarum.

2075 4670 2107 4708 a
2149 4656 2611 4726 tiattsniigratione
2666 4656 2968 4726 Babylonia:
3014 4673 3181 4728 usque
3230 4658 3296 4712 ad
3349 4659 3648 4727 passionem

2148 4818 2173 4845 ἰ
2202 4813 2281 4864 An
2313 4810 2689 4875 Villariacum,
2720 4810 2786 4879 de
2815 4825 2920 4878 quo
2950 4825 3107 4879 Supra
3135 4823 3253 4879 cap.
3289 4810 3375 4865 I9.

2158 4879 2168 4914 ί
2205 4881 2365 4935 Freli.
2396 4892 2451 4934 et
2478 4883 2701 4948 Cliesn.,
2736 4878 2837 4935 Ille
2853 4878 3046 4934 nolens.

2154 4961 2166 4997 ι
2205 4950 2408 5015 Canis.,
2438 4952 2693 5007 insidiose.
3284 4980 3295 4989 ο

2148 5016 2171 5054 ¹ί
2202 5020 2403 5089 Canis.,
2436 5019 2686 5074 Turonos.
2741 5019 2848 5075 Sed
2896 5020 3173 5089 legendum
3216 5030 3299 5075 est
3328 5020 3642 5087 Toruacum,

2076 5104 2179 5159 quo
2205 5103 2263 5159 se
2290 5088 2622 5159 Chilpericus
2649 5090 2869 5159 recepit,
2899 5088 2967 5142 ei
2995 5091 3273 5159 Gregorio.

2158 5157 2172 5193 ι
2212 5156 2410 5212 Chesn.
2441 5170 2495 5212 et
2526 5158 2711 5224 Freh.,
2742 5157 3051 5213 Neustrasii.

2145 5227 2407 5300 Ini-Che-Sﬂ.
2427 5240 2490 5300 ⁸(ξι
2520 5228 2707 5294 Frelt.,
2735 5227 3104 5300 Rothomerem.
3128 5229 3329 5294 Canis.,
3362 5231 3650 5300 Rotomagi,

2076 5305 2133 5352 et
2162 5297 2261 5351 Clt.
2289 5297 2386 5363 al.,
2418 5296 2710 5351 Ratomam.
2738 5299 2919 5370 Lectio
2946 5298 3091 5370 ειυς.
3115 5307 3169 5352 et
3215 5300 3346 5354 Boii.
3378 5312 3535 5370 quam
3562 5296 3649 5356 se-

2076 5370 2307 5439 quimur,
2338 5369 2557 5439 optima,
2588 5378 2792 5423 veteres
2819 5369 3015 5439 quippe
3042 5368 3333 5425 Rodomum
3363 5368 3455 5426 aut
3488 5371 3647 5427 lioto-

2078 5454 2235 5501 mum,
2268 5437 2447 5492 Ronan
2467 5438 2735 5493 dicebant.

2150 5517 2176 5543 ιι
2203 5509 2336 5562 Cati.
2367 5510 2461 5572 al.,
2494 5525 2600 5562 XIX.

2154 5586 2177 5613 ο
2208 5579 2392 5633 Nullus
2424 5579 2511 5632 hic
2541 5588 2624 5633 est
2654 5593 2902 5638 numerus
2934 5580 2985 5635 in
3015 5581 3194 5636 Canis.

2154 5661 2179 5698 ι’
2215 5649 2344 5701 Bob.
2367 5656 2422 5702 et
2439 5650 2595 5712 Cau.,
2620 5650 2976 5708 desolationem
2995 5668 3013 5717 ;
3033 5650 3218 5713 Frelt..
3246 5652 3652 5708 dissolutionem.

2154 5730 2179 5769 ει
2207 5719 2427 5791 Cliesn.,
2474 5733 2709 5782 ccccxx;
2759 5720 2969 5788 Canis,
3003 5737 3151 5780 cccc.
3200 5722 3341 5780 Clar.
3375 5734 3428 5780 et
3471 5723 3653 5791 Prol...

2085 5806 2302 5858 coetu,
2334 5788 2384 5844 id
2411 5798 2513 5854 est,
2538 5803 2720 5843 ραις.
