  <div class='ocr_page' id='page_1' title='image "/cluster/home/n/w/nwhite01/storage/ocr_20150623/71/hvd.32044020096954/306.png"; bbox 0 0 4132 6348; ppageno 0'>
   <div class='ocr_carea' id='block_1_1' title="bbox 340 309 436 376">
    <p class='ocr_par' dir='ltr' id='par_1_1' title="bbox 340 309 436 376">
     <span class='ocr_line' id='line_1_1' title="bbox 340 309 436 376; baseline -0.083 0"><span class='ocrx_word' id='word_1_1' title='bbox 340 309 436 376; x_wconf 78' lang='grc' dir='ltr'>6οι</span> 
     </span>
    </p>
   </div>
   <div class='ocr_carea' id='block_1_2' title="bbox 1364 311 2617 372">
    <p class='ocr_par' dir='ltr' id='par_1_2' title="bbox 1364 311 2617 372">
     <span class='ocr_line' id='line_1_2' title="bbox 1364 311 2617 372; baseline 0.002 -3"><span class='ocrx_word' id='word_1_2' title='bbox 1364 311 1688 370; x_wconf 77' lang='lat' dir='ltr'><strong>HISTORIA</strong></span> <span class='ocrx_word' id='word_1_3' title='bbox 1733 312 2155 369; x_wconf 73' lang='lat' dir='ltr'><strong>FRANCORUM</strong></span> <span class='ocrx_word' id='word_1_4' title='bbox 2196 312 2617 372; x_wconf 69' lang='lat' dir='ltr'><strong>EPITOMATA.</strong></span> 
     </span>
    </p>
   </div>
   <div class='ocr_carea' id='block_1_3' title="bbox 3514 322 3625 389">
    <p class='ocr_par' dir='ltr' id='par_1_3' title="bbox 3514 322 3625 389">
     <span class='ocr_line' id='line_1_3' title="bbox 3514 322 3625 389; baseline 0.009 -12"><span class='ocrx_word' id='word_1_5' title='bbox 3514 322 3625 389; x_wconf 62' lang='lat'><strong>602</strong></span> 
     </span>
    </p>
   </div>
   <div class='ocr_carea' id='block_1_4' title="bbox 342 428 3615 509">
    <p class='ocr_par' dir='ltr' id='par_1_4' title="bbox 342 428 3615 509">
     <span class='ocr_line' id='line_1_4' title="bbox 342 428 3615 509; baseline 0.002 -22"><span class='ocrx_word' id='word_1_6' title='bbox 342 435 550 497; x_wconf 71' lang='lat' dir='ltr'><strong>Marcus</strong></span> <span class='ocrx_word' id='word_1_7' title='bbox 580 429 994 497; x_wconf 66' lang='lat' dir='ltr'><strong>referendarius,</strong></span> <span class='ocrx_word' id='word_1_8' title='bbox 1025 430 1116 499; x_wconf 86' lang='lat' dir='ltr'><strong>qui</strong></span> <span class='ocrx_word' id='word_1_9' title='bbox 1148 428 1286 483; x_wconf 88' lang='lat' dir='ltr'><strong>hanc</strong></span> <span class='ocrx_word' id='word_1_10' title='bbox 1314 428 1731 498; x_wconf 69' lang='lat' dir='ltr'><strong>descriptionem</strong></span> <span class='ocrx_word' id='word_1_11' title='bbox 1763 428 1927 484; x_wconf 87' lang='lat' dir='ltr'><strong>facie-</strong></span> <span class='ocrx_word' id='word_1_12' title='bbox 1957 433 2001 488; x_wconf 82' lang='grc' dir='ltr'><strong>Α</strong></span> <span class='ocrx_word' id='word_1_13' title='bbox 2031 440 2267 498; x_wconf 88' lang='lat' dir='ltr'><strong>ceperat,</strong></span> <span class='ocrx_word' id='word_1_14' title='bbox 2301 431 2369 487; x_wconf 88' lang='lat' dir='ltr'><strong>de</strong></span> <span class='ocrx_word' id='word_1_15' title='bbox 2397 433 2498 486; x_wconf 88' lang='lat' dir='ltr'><strong>alia</strong></span> <span class='ocrx_word' id='word_1_16' title='bbox 2540 450 2703 488; x_wconf 77' lang='lat' dir='ltr'><strong>uxore</strong></span> <span class='ocrx_word' id='word_1_17' title='bbox 2744 434 2877 489; x_wconf 74' lang='lat' dir='ltr'><strong>duo;</strong></span> <span class='ocrx_word' id='word_1_18' title='bbox 2908 436 3044 490; x_wconf 81' lang='lat' dir='ltr'><strong>ﬁlias</strong></span> <span class='ocrx_word' id='word_1_19' title='bbox 3076 436 3276 494; x_wconf 82' lang='lat' dir='ltr'><strong>habens</strong></span> <span class='ocrx_word' id='word_1_20' title='bbox 3308 436 3461 507; x_wconf 85' lang='lat' dir='ltr'><strong>(Cap.</strong></span> <span class='ocrx_word' id='word_1_21' title='bbox 3495 441 3615 509; x_wconf 68' lang='lat'><strong>59)-</strong></span> 
     </span>
    </p>
   </div>
   <div class='ocr_carea' id='block_1_5' title="bbox 342 518 1925 591">
    <p class='ocr_par' dir='ltr' id='par_1_5' title="bbox 342 518 1925 591">
     <span class='ocr_line' id='line_1_5' title="bbox 342 518 1925 591; baseline -0.003 -14"><span class='ocrx_word' id='word_1_22' title='bbox 342 527 454 591; x_wconf 80' lang='lat' dir='ltr'><strong>bat,</strong></span> <span class='ocrx_word' id='word_1_23' title='bbox 481 538 662 578; x_wconf 82' lang='lat' dir='ltr'><strong>secum</strong></span> <span class='ocrx_word' id='word_1_24' title='bbox 701 536 890 577; x_wconf 86' lang='lat' dir='ltr'><strong>onutes</strong></span> <span class='ocrx_word' id='word_1_25' title='bbox 934 520 1233 590; x_wconf 90' lang='lat' dir='ltr'><strong>polepticos</strong></span> <span class='ocrx_word' id='word_1_26' title='bbox 1265 519 1471 584; x_wconf 89' lang='lat' dir='ltr'><strong>ferens,</strong></span> <span class='ocrx_word' id='word_1_27' title='bbox 1503 518 1761 574; x_wconf 82' lang='lat' dir='ltr'><strong>kalendas</strong></span> <span class='ocrx_word' id='word_1_28' title='bbox 1790 519 1925 573; x_wconf 83' lang='lat' dir='ltr'><strong>Mar-</strong></span> 
     </span>
    </p>
   </div>
   <div class='ocr_carea' id='block_1_6' title="bbox 340 610 1929 681">
    <p class='ocr_par' dir='ltr' id='par_1_6' title="bbox 340 610 1929 681">
     <span class='ocr_line' id='line_1_6' title="bbox 340 610 1929 681; baseline -0.003 -12"><span class='ocrx_word' id='word_1_29' title='bbox 340 615 441 681; x_wconf 87' lang='lat' dir='ltr'><strong>tias</strong></span> <span class='ocrx_word' id='word_1_30' title='bbox 466 629 495 668; x_wconf 93' lang='lat' dir='ltr'><strong>a</strong></span> <span class='ocrx_word' id='word_1_31' title='bbox 535 612 884 667; x_wconf 88' lang='lat' dir='ltr'><strong>Limodicinis</strong></span> <span class='ocrx_word' id='word_1_32' title='bbox 913 610 1227 667; x_wconf 73' lang='lat' dir='ltr'><strong>interfectus</strong></span> <span class='ocrx_word' id='word_1_33' title='bbox 1255 622 1338 666; x_wconf 87' lang='lat' dir='ltr'><strong>est</strong></span> <span class='ocrx_word' id='word_1_34' title='bbox 1363 623 1413 675; x_wconf 63' lang='lat'><strong>8,</strong></span> <span class='ocrx_word' id='word_1_35' title='bbox 1446 620 1502 665; x_wconf 89' lang='lat' dir='ltr'><strong>et</strong></span> <span class='ocrx_word' id='word_1_36' title='bbox 1528 626 1713 664; x_wconf 88' lang='lat' dir='ltr'><strong>omnes</strong></span> <span class='ocrx_word' id='word_1_37' title='bbox 1745 611 1929 680; x_wconf 87' lang='lat' dir='ltr'><strong>polep-</strong></span> 
     </span>
    </p>
   </div>
   <div class='ocr_carea' id='block_1_7' title="bbox 339 701 1924 771">
    <p class='ocr_par' dir='ltr' id='par_1_7' title="bbox 339 701 1924 771">
     <span class='ocr_line' id='line_1_7' title="bbox 339 701 1924 771; baseline 0.001 -16"><span class='ocrx_word' id='word_1_38' title='bbox 339 703 431 771; x_wconf 85' lang='lat' dir='ltr'><strong>tiei</strong></span> <span class='ocrx_word' id='word_1_39' title='bbox 460 702 719 757; x_wconf 87' lang='lat' dir='ltr'><strong>incendiis</strong></span> <span class='ocrx_word' id='word_1_40' title='bbox 756 710 883 755; x_wconf 89' lang='lat' dir='ltr'><strong>sunt</strong></span> <span class='ocrx_word' id='word_1_41' title='bbox 910 702 1263 756; x_wconf 87' lang='lat' dir='ltr'><strong>concremati.</strong></span> <span class='ocrx_word' id='word_1_42' title='bbox 1297 701 1433 755; x_wconf 89' lang='lat' dir='ltr'><strong>Dum</strong></span> <span class='ocrx_word' id='word_1_43' title='bbox 1461 702 1575 756; x_wconf 64' lang='lat' dir='ltr'><strong>haec</strong></span> <span class='ocrx_word' id='word_1_44' title='bbox 1604 710 1924 769; x_wconf 75' lang='lat' dir='ltr'><strong>agerentur,</strong></span> 
     </span>
    </p>
   </div>
   <div class='ocr_carea' id='block_1_8' title="bbox 338 791 1924 864">
    <p class='ocr_par' dir='ltr' id='par_1_8' title="bbox 338 791 1924 864">
     <span class='ocr_line' id='line_1_8' title="bbox 338 791 1924 864; baseline 0 -17"><span class='ocrx_word' id='word_1_45' title='bbox 338 791 582 860; x_wconf 67' lang='lat' dir='ltr'><strong>Justinus</strong></span> <span class='ocrx_word' id='word_1_46' title='bbox 612 793 901 861; x_wconf 91' lang='lat' dir='ltr'><strong>imperator</strong></span> <span class='ocrx_word' id='word_1_47' title='bbox 926 792 1133 856; x_wconf 84' lang='lat' dir='ltr'><strong>decimo</strong></span> <span class='ocrx_word' id='word_1_48' title='bbox 1154 802 1344 848; x_wconf 87' lang='lat' dir='ltr'><strong>octavo</strong></span> <span class='ocrx_word' id='word_1_49' title='bbox 1370 809 1511 849; x_wconf 86' lang='lat' dir='ltr'><strong>anno</strong></span> <span class='ocrx_word' id='word_1_50' title='bbox 1537 794 1683 864; x_wconf 72' lang='lat' dir='ltr'><strong>regni</strong></span> <span class='ocrx_word' id='word_1_51' title='bbox 1705 796 1782 847; x_wconf 86' lang='lat' dir='ltr'><strong>sui</strong></span> <span class='ocrx_word' id='word_1_52' title='bbox 1806 810 1924 848; x_wconf 89' lang='lat' dir='ltr'><strong>cum</strong></span> 
     </span>
    </p>
   </div>
   <div class='ocr_carea' id='block_1_9' title="bbox 340 884 1853 956">
    <p class='ocr_par' dir='ltr' id='par_1_9' title="bbox 340 884 1853 956">
     <span class='ocr_line' id='line_1_9' title="bbox 340 884 1853 956; baseline 0.001 -15"><span class='ocrx_word' id='word_1_53' title='bbox 340 884 597 947; x_wconf 74' lang='lat' dir='ltr'><strong>amentia,</strong></span> <span class='ocrx_word' id='word_1_54' title='bbox 641 900 798 953; x_wconf 66' lang='lat' dir='ltr'><strong>quam</strong></span> <span class='ocrx_word' id='word_1_55' title='bbox 826 885 1143 952; x_wconf 82' lang='lat' dir='ltr'><strong>incurrerat,</strong></span> <span class='ocrx_word' id='word_1_56' title='bbox 1172 886 1334 940; x_wconf 88' lang='lat' dir='ltr'><strong>vitam</strong></span> <span class='ocrx_word' id='word_1_57' title='bbox 1359 886 1526 942; x_wconf 84' lang='lat' dir='ltr'><strong>finivit</strong></span> <span class='ocrx_word' id='word_1_58' title='bbox 1552 888 1707 956; x_wconf 83' lang='lat' dir='ltr'><strong>(Cap.</strong></span> <span class='ocrx_word' id='word_1_59' title='bbox 1738 885 1853 955; x_wconf 77' lang='grc'><strong>51).</strong></span> 
     </span>
    </p>
   </div>
   <div class='ocr_carea' id='block_1_10' title="bbox 410 975 1925 1047">
    <p class='ocr_par' dir='ltr' id='par_1_10' title="bbox 410 975 1925 1047">
     <span class='ocr_line' id='line_1_10' title="bbox 410 975 1925 1047; baseline 0.003 -18"><span class='ocrx_word' id='word_1_60' title='bbox 410 975 647 1041; x_wconf 72' lang='lat' dir='ltr'><strong>LXXXI.</strong></span> <span class='ocrx_word' id='word_1_61' title='bbox 690 976 934 1039; x_wconf 78' lang='lat' dir='ltr'><strong>Tiberius</strong></span> <span class='ocrx_word' id='word_1_62' title='bbox 979 976 1205 1047; x_wconf 85' lang='lat' dir='ltr'><strong>arripuit</strong></span> <span class='ocrx_word' id='word_1_63' title='bbox 1245 978 1528 1047; x_wconf 89' lang='lat' dir='ltr'><strong>imperium</strong></span> <span class='ocrx_word' id='word_1_64' title='bbox 1559 977 1778 1047; x_wconf 83' lang='lat' dir='ltr'><strong>(Ibid.).</strong></span> <span class='ocrx_word' id='word_1_65' title='bbox 1826 980 1925 1035; x_wconf 84' lang='lat' dir='ltr'><strong>So-</strong></span> 
     </span>
    </p>
   </div>
   <div class='ocr_carea' id='block_1_11' title="bbox 338 1066 1926 1137">
    <p class='ocr_par' dir='ltr' id='par_1_11' title="bbox 338 1066 1926 1137">
     <span class='ocr_line' id='line_1_11' title="bbox 338 1066 1926 1137; baseline 0.003 -18"><span class='ocrx_word' id='word_1_66' title='bbox 338 1066 467 1134; x_wconf 82' lang='lat' dir='ltr'><strong>pbia</strong></span> <span class='ocrx_word' id='word_1_67' title='bbox 498 1069 757 1135; x_wconf 83' lang='lat' dir='ltr'><strong>Augusta,</strong></span> <span class='ocrx_word' id='word_1_68' title='bbox 790 1068 1070 1130; x_wconf 82' lang='lat' dir='ltr'><strong>immemor</strong></span> <span class='ocrx_word' id='word_1_69' title='bbox 1092 1067 1462 1137; x_wconf 89' lang='lat' dir='ltr'><strong>promissionis</strong></span> <span class='ocrx_word' id='word_1_70' title='bbox 1490 1084 1625 1133; x_wconf 70' lang='lat' dir='ltr'><strong>sum,</strong></span> <span class='ocrx_word' id='word_1_71' title='bbox 1666 1068 1926 1123; x_wconf 76' lang='lat' dir='ltr'><strong>adversus</strong></span> 
     </span>
    </p>
   </div>
   <div class='ocr_carea' id='block_1_12' title="bbox 338 1158 1923 1226">
    <p class='ocr_par' dir='ltr' id='par_1_12' title="bbox 338 1158 1923 1226">
     <span class='ocr_line' id='line_1_12' title="bbox 338 1158 1923 1226; baseline 0 -13"><span class='ocrx_word' id='word_1_72' title='bbox 338 1158 610 1213; x_wconf 80' lang='lat' dir='ltr'><strong>Tiberium</strong></span> <span class='ocrx_word' id='word_1_73' title='bbox 638 1159 859 1214; x_wconf 83' lang='lat' dir='ltr'><strong>insidias</strong></span> <span class='ocrx_word' id='word_1_74' title='bbox 890 1160 1239 1224; x_wconf 86' lang='lat' dir='ltr'><strong>moliebatur;</strong></span> <span class='ocrx_word' id='word_1_75' title='bbox 1283 1160 1642 1217; x_wconf 88' lang='lat' dir='ltr'><strong>Justiniauum</strong></span> <span class='ocrx_word' id='word_1_76' title='bbox 1676 1170 1923 1226; x_wconf 88' lang='lat' dir='ltr'><strong>nepotem</strong></span> 
     </span>
    </p>
   </div>
   <div class='ocr_carea' id='block_1_13' title="bbox 336 1251 1923 1320">
    <p class='ocr_par' dir='ltr' id='par_1_13' title="bbox 336 1251 1923 1320">
     <span class='ocr_line' id='line_1_13' title="bbox 336 1251 1923 1320; baseline 0 -15"><span class='ocrx_word' id='word_1_77' title='bbox 336 1251 531 1305; x_wconf 85' lang='lat' dir='ltr'><strong>Justiui</strong></span> <span class='ocrx_word' id='word_1_78' title='bbox 569 1252 618 1306; x_wconf 90' lang='lat' dir='ltr'><strong>in</strong></span> <span class='ocrx_word' id='word_1_79' title='bbox 652 1252 934 1320; x_wconf 88' lang='lat' dir='ltr'><strong>imperium</strong></span> <span class='ocrx_word' id='word_1_80' title='bbox 963 1252 1131 1306; x_wconf 90' lang='lat' dir='ltr'><strong>voluit</strong></span> <span class='ocrx_word' id='word_1_81' title='bbox 1156 1252 1468 1306; x_wconf 83' lang='lat' dir='ltr'><strong>sublimare.</strong></span> <span class='ocrx_word' id='word_1_82' title='bbox 1503 1254 1652 1316; x_wconf 78' lang='lat' dir='ltr'><strong>Quod</strong></span> <span class='ocrx_word' id='word_1_83' title='bbox 1677 1251 1923 1305; x_wconf 79' lang='lat' dir='ltr'><strong>Tiberius</strong></span> 
     </span>
    </p>
   </div>
   <div class='ocr_carea' id='block_1_14' title="bbox 336 1342 1926 1413">
    <p class='ocr_par' dir='ltr' id='par_1_14' title="bbox 336 1342 1926 1413">
     <span class='ocr_line' id='line_1_14' title="bbox 336 1342 1926 1413; baseline -0.001 -16"><span class='ocrx_word' id='word_1_84' title='bbox 336 1358 588 1408; x_wconf 79' lang='lat' dir='ltr'><strong>cernens,</strong></span> <span class='ocrx_word' id='word_1_85' title='bbox 620 1344 1008 1413; x_wconf 89' lang='lat' dir='ltr'><strong>apprehensam</strong></span> <span class='ocrx_word' id='word_1_86' title='bbox 1034 1342 1313 1413; x_wconf 87' lang='lat' dir='ltr'><strong>Sophiam,</strong></span> <span class='ocrx_word' id='word_1_87' title='bbox 1340 1342 1692 1410; x_wconf 72' lang='lat' dir='ltr'><strong>exslioliatant</strong></span> <span class='ocrx_word' id='word_1_88' title='bbox 1719 1344 1926 1397; x_wconf 77' lang='lat' dir='ltr'><strong>tbeSau—</strong></span> 
     </span>
    </p>
   </div>
   <div class='ocr_carea' id='block_1_15' title="bbox 336 1433 1925 1504">
    <p class='ocr_par' dir='ltr' id='par_1_15' title="bbox 336 1433 1925 1504">
     <span class='ocr_line' id='line_1_15' title="bbox 336 1433 1925 1504; baseline -0.001 -16"><span class='ocrx_word' id='word_1_89' title='bbox 336 1435 414 1489; x_wconf 90' lang='lat' dir='ltr'><strong>ris</strong></span> <span class='ocrx_word' id='word_1_90' title='bbox 434 1478 448 1500; x_wconf 92' lang='lat'><strong>,</strong></span> <span class='ocrx_word' id='word_1_91' title='bbox 480 1436 769 1504; x_wconf 80' lang='lat' dir='ltr'><strong>segregatis</strong></span> <span class='ocrx_word' id='word_1_92' title='bbox 807 1436 877 1489; x_wconf 87' lang='lat' dir='ltr'><strong>ab</strong></span> <span class='ocrx_word' id='word_1_93' title='bbox 916 1450 978 1490; x_wconf 90' lang='lat' dir='ltr'><strong>ea</strong></span> <span class='ocrx_word' id='word_1_94' title='bbox 1006 1437 1214 1504; x_wconf 89' lang='lat' dir='ltr'><strong>pueris,</strong></span> <span class='ocrx_word' id='word_1_95' title='bbox 1244 1434 1298 1489; x_wconf 92' lang='lat' dir='ltr'><strong>in</strong></span> <span class='ocrx_word' id='word_1_96' title='bbox 1329 1434 1623 1489; x_wconf 87' lang='lat' dir='ltr'><strong>custodiam</strong></span> <span class='ocrx_word' id='word_1_97' title='bbox 1649 1433 1812 1501; x_wconf 90' lang='lat' dir='ltr'><strong>jussit</strong></span> <span class='ocrx_word' id='word_1_98' title='bbox 1842 1450 1925 1487; x_wconf 86' lang='lat' dir='ltr'><strong>re-</strong></span> 
     </span>
    </p>
   </div>
   <div class='ocr_carea' id='block_1_16' title="bbox 335 1526 1923 1596">
    <p class='ocr_par' dir='ltr' id='par_1_16' title="bbox 335 1526 1923 1596">
     <span class='ocr_line' id='line_1_16' title="bbox 335 1526 1923 1596; baseline -0.003 -15"><span class='ocrx_word' id='word_1_99' title='bbox 335 1526 503 1581; x_wconf 90' lang='lat' dir='ltr'><strong>trudi.</strong></span> <span class='ocrx_word' id='word_1_100' title='bbox 548 1526 908 1587; x_wconf 74' lang='lat' dir='ltr'><strong>Iustinianum</strong></span> <span class='ocrx_word' id='word_1_101' title='bbox 960 1526 1297 1596; x_wconf 87' lang='lat' dir='ltr'><strong>objurgatum</strong></span> <span class='ocrx_word' id='word_1_102' title='bbox 1350 1535 1495 1583; x_wconf 89' lang='lat' dir='ltr'><strong>tanto</strong></span> <span class='ocrx_word' id='word_1_103' title='bbox 1548 1526 1600 1578; x_wconf 92' lang='lat' dir='ltr'><strong>in</strong></span> <span class='ocrx_word' id='word_1_104' title='bbox 1654 1532 1923 1594; x_wconf 80' lang='lat' dir='ltr'><strong>posterum</strong></span> 
     </span>
    </p>
   </div>
   <div class='ocr_carea' id='block_1_17' title="bbox 336 1618 1920 1689">
    <p class='ocr_par' dir='ltr' id='par_1_17' title="bbox 336 1618 1920 1689">
     <span class='ocr_line' id='line_1_17' title="bbox 336 1618 1920 1689; baseline 0 -18"><span class='ocrx_word' id='word_1_105' title='bbox 336 1634 521 1675; x_wconf 87' lang='lat' dir='ltr'><strong>amore</strong></span> <span class='ocrx_word' id='word_1_106' title='bbox 560 1620 773 1687; x_wconf 77' lang='lat' dir='ltr'><strong>dilexit,</strong></span> <span class='ocrx_word' id='word_1_107' title='bbox 824 1628 881 1673; x_wconf 94' lang='lat' dir='ltr'><strong>ut</strong></span> <span class='ocrx_word' id='word_1_108' title='bbox 912 1620 1020 1674; x_wconf 91' lang='lat' dir='ltr'><strong>lilio</strong></span> <span class='ocrx_word' id='word_1_109' title='bbox 1046 1620 1163 1689; x_wconf 89' lang='lat' dir='ltr'><strong>ejus</strong></span> <span class='ocrx_word' id='word_1_110' title='bbox 1192 1618 1355 1673; x_wconf 84' lang='lat' dir='ltr'><strong>filiam</strong></span> <span class='ocrx_word' id='word_1_111' title='bbox 1386 1633 1536 1673; x_wconf 90' lang='lat' dir='ltr'><strong>suam</strong></span> <span class='ocrx_word' id='word_1_112' title='bbox 1567 1619 1920 1688; x_wconf 86' lang='lat' dir='ltr'><strong>promitteret,</strong></span> 
     </span>
    </p>
   </div>
   <div class='ocr_carea' id='block_1_18' title="bbox 338 1709 1923 1782">
    <p class='ocr_par' dir='ltr' id='par_1_18' title="bbox 338 1709 1923 1782">
     <span class='ocr_line' id='line_1_18' title="bbox 338 1709 1923 1782; baseline -0.002 -16"><span class='ocrx_word' id='word_1_113' title='bbox 338 1713 615 1782; x_wconf 82' lang='lat' dir='ltr'><strong>ﬁliumque</strong></span> <span class='ocrx_word' id='word_1_114' title='bbox 662 1728 819 1767; x_wconf 89' lang='lat' dir='ltr'><strong>suum</strong></span> <span class='ocrx_word' id='word_1_115' title='bbox 851 1713 973 1767; x_wconf 68' lang='lat' dir='ltr'><strong>filia:</strong></span> <span class='ocrx_word' id='word_1_116' title='bbox 1001 1728 1112 1767; x_wconf 80' lang='lat' dir='ltr'><strong>sua:</strong></span> <span class='ocrx_word' id='word_1_117' title='bbox 1158 1721 1436 1780; x_wconf 79' lang='lat' dir='ltr'><strong>expeteret</strong></span> <span class='ocrx_word' id='word_1_118' title='bbox 1463 1709 1525 1776; x_wconf 63' lang='lat' dir='ltr'><strong>lt;</strong></span> <span class='ocrx_word' id='word_1_119' title='bbox 1570 1710 1664 1765; x_wconf 85' lang='lat' dir='ltr'><strong>sed</strong></span> <span class='ocrx_word' id='word_1_120' title='bbox 1696 1724 1801 1764; x_wconf 90' lang='lat' dir='ltr'><strong>non</strong></span> <span class='ocrx_word' id='word_1_121' title='bbox 1841 1718 1923 1765; x_wconf 89' lang='lat' dir='ltr'><strong>cst</strong></span> 
     </span>
    </p>
   </div>
   <div class='ocr_carea' id='block_1_19' title="bbox 2035 520 3618 597">
    <p class='ocr_par' dir='ltr' id='par_1_19' title="bbox 2035 520 3618 597">
     <span class='ocr_line' id='line_1_19' title="bbox 2035 520 3618 597; baseline 0.01 -23"><span class='ocrx_word' id='word_1_122' title='bbox 2035 520 2112 574; x_wconf 80' lang='lat' dir='ltr'><strong>Ex</strong></span> <span class='ocrx_word' id='word_1_123' title='bbox 2155 522 2347 590; x_wconf 71' lang='lat' dir='ltr'><strong>quibus</strong></span> <span class='ocrx_word' id='word_1_124' title='bbox 2398 540 2533 577; x_wconf 91' lang='lat' dir='ltr'><strong>unus</strong></span> <span class='ocrx_word' id='word_1_125' title='bbox 2565 526 3007 596; x_wconf 80' lang='lat' dir='ltr'><strong>Eliermengildus</strong></span> <span class='ocrx_word' id='word_1_126' title='bbox 3048 531 3301 597; x_wconf 85' lang='lat' dir='ltr'><strong>nomine,</strong></span> <span class='ocrx_word' id='word_1_127' title='bbox 3334 531 3493 587; x_wconf 86' lang='lat' dir='ltr'><strong>filiam</strong></span> <span class='ocrx_word' id='word_1_128' title='bbox 3529 533 3618 589; x_wconf 78' lang='lat' dir='ltr'><strong>Si-</strong></span> 
     </span>
    </p>
   </div>
   <div class='ocr_carea' id='block_1_20' title="bbox 2029 615 3479 688">
    <p class='ocr_par' dir='ltr' id='par_1_20' title="bbox 2029 615 3479 688">
     <span class='ocr_line' id='line_1_20' title="bbox 2029 615 3479 688; baseline 0.008 -23"><span class='ocrx_word' id='word_1_129' title='bbox 2029 615 2244 684; x_wconf 83' lang='lat' dir='ltr'><strong>giberti,</strong></span> <span class='ocrx_word' id='word_1_130' title='bbox 2280 617 2497 669; x_wconf 66' lang='lat' dir='ltr'><strong>nomine</strong></span> <span class='ocrx_word' id='word_1_131' title='bbox 2521 616 2890 686; x_wconf 83' lang='lat' dir='ltr'><strong>Sedegtntdem</strong></span> <span class='ocrx_word' id='word_1_132' title='bbox 2926 628 2975 685; x_wconf 78' lang='lat'><strong>8,</strong></span> <span class='ocrx_word' id='word_1_133' title='bbox 3006 623 3211 688; x_wconf 80' lang='lat' dir='ltr'><strong>accepit</strong></span> <span class='ocrx_word' id='word_1_134' title='bbox 3237 635 3479 677; x_wconf 80' lang='lat' dir='ltr'><strong>uxorem.</strong></span> 
     </span>
    </p>
   </div>
   <div class='ocr_carea' id='block_1_21' title="bbox 2104 705 3617 781">
    <p class='ocr_par' dir='ltr' id='par_1_21' title="bbox 2104 705 3617 781">
     <span class='ocr_line' id='line_1_21' title="bbox 2104 705 3617 781; baseline 0.005 -22"><span class='ocrx_word' id='word_1_135' title='bbox 2104 705 2385 760; x_wconf 69' lang='lat' dir='ltr'><strong>LXXXIII.</strong></span> <span class='ocrx_word' id='word_1_136' title='bbox 2428 708 2558 773; x_wconf 73' lang='lat' dir='ltr'><strong>Quze</strong></span> <span class='ocrx_word' id='word_1_137' title='bbox 2583 724 2704 763; x_wconf 88' lang='lat' dir='ltr'><strong>cum</strong></span> <span class='ocrx_word' id='word_1_138' title='bbox 2734 709 2940 779; x_wconf 78' lang='lat' dir='ltr'><strong>magnis</strong></span> <span class='ocrx_word' id='word_1_139' title='bbox 2969 710 3235 767; x_wconf 86' lang='lat' dir='ltr'><strong>thesauris</strong></span> <span class='ocrx_word' id='word_1_140' title='bbox 3264 722 3317 767; x_wconf 89' lang='lat' dir='ltr'><strong>et</strong></span> <span class='ocrx_word' id='word_1_141' title='bbox 3342 711 3617 781; x_wconf 69' lang='lat' dir='ltr'><strong>apparati-</strong></span> 
     </span>
    </p>
   </div>
   <div class='ocr_carea' id='block_1_22' title="bbox 2031 798 3613 865">
    <p class='ocr_par' dir='ltr' id='par_1_22' title="bbox 2031 798 3613 865">
     <span class='ocr_line' id='line_1_22' title="bbox 2031 798 3613 865; baseline 0.004 -14"><span class='ocrx_word' id='word_1_142' title='bbox 2031 798 2129 852; x_wconf 87' lang='lat' dir='ltr'><strong>bus</strong></span> <span class='ocrx_word' id='word_1_143' title='bbox 2171 799 2221 850; x_wconf 92' lang='lat' dir='ltr'><strong>in</strong></span> <span class='ocrx_word' id='word_1_144' title='bbox 2262 798 2517 865; x_wconf 82' lang='lat' dir='ltr'><strong>Spaniam</strong></span> <span class='ocrx_word' id='word_1_145' title='bbox 2548 808 2633 854; x_wconf 83' lang='lat' dir='ltr'><strong>est</strong></span> <span class='ocrx_word' id='word_1_146' title='bbox 2676 800 2911 865; x_wconf 87' lang='lat' dir='ltr'><strong>dtrecta,</strong></span> <span class='ocrx_word' id='word_1_147' title='bbox 2964 811 3020 855; x_wconf 88' lang='lat' dir='ltr'><strong>et</strong></span> <span class='ocrx_word' id='word_1_148' title='bbox 3062 802 3129 855; x_wconf 89' lang='lat' dir='ltr'><strong>ab</strong></span> <span class='ocrx_word' id='word_1_149' title='bbox 3159 806 3275 854; x_wconf 85' lang='lat' dir='ltr'><strong>avia</strong></span> <span class='ocrx_word' id='word_1_150' title='bbox 3315 801 3613 857; x_wconf 62' lang='lat' dir='ltr'><strong>Goaesinda</strong></span> 
     </span>
    </p>
   </div>
   <div class='ocr_carea' id='block_1_23' title="bbox 2029 890 3616 959">
    <p class='ocr_par' dir='ltr' id='par_1_23' title="bbox 2029 890 3616 959">
     <span class='ocr_line' id='line_1_23' title="bbox 2029 890 3616 959; baseline 0.001 -15"><span class='ocrx_word' id='word_1_151' title='bbox 2029 890 2331 959; x_wconf 77' lang='lat' dir='ltr'><strong>benigniter</strong></span> <span class='ocrx_word' id='word_1_152' title='bbox 2361 899 2595 958; x_wconf 87' lang='lat' dir='ltr'><strong>recepta,</strong></span> <span class='ocrx_word' id='word_1_153' title='bbox 2626 907 2750 959; x_wconf 71' lang='lat' dir='ltr'><strong>qua:</strong></span> <span class='ocrx_word' id='word_1_154' title='bbox 2778 900 2961 959; x_wconf 82' lang='lat' dir='ltr'><strong>postea</strong></span> <span class='ocrx_word' id='word_1_155' title='bbox 2991 907 3024 945; x_wconf 89' lang='lat' dir='ltr'><strong>a</strong></span> <span class='ocrx_word' id='word_1_156' title='bbox 3057 892 3356 949; x_wconf 84' lang='lat' dir='ltr'><strong>Goacsinda</strong></span> <span class='ocrx_word' id='word_1_157' title='bbox 3384 890 3616 947; x_wconf 84' lang='lat' dir='ltr'><strong>afficitur</strong></span> 
     </span>
    </p>
   </div>
   <div class='ocr_carea' id='block_1_24' title="bbox 2030 980 3617 1053">
    <p class='ocr_par' dir='ltr' id='par_1_24' title="bbox 2030 980 3617 1053">
     <span class='ocr_line' id='line_1_24' title="bbox 2030 980 3617 1053; baseline 0.003 -19"><span class='ocrx_word' id='word_1_158' title='bbox 2030 980 2243 1053; x_wconf 49' lang='lat' dir='ltr'><strong>(Ibat).</strong></span> <span class='ocrx_word' id='word_1_159' title='bbox 2298 982 2407 1036; x_wconf 86' lang='lat' dir='ltr'><strong>Sed</strong></span> <span class='ocrx_word' id='word_1_160' title='bbox 2450 997 2570 1037; x_wconf 80' lang='lat' dir='ltr'><strong>eum</strong></span> <span class='ocrx_word' id='word_1_161' title='bbox 2620 984 2923 1037; x_wconf 84' lang='lat' dir='ltr'><strong>nullatenus</strong></span> <span class='ocrx_word' id='word_1_162' title='bbox 2970 987 3102 1038; x_wconf 66' lang='lat' dir='ltr'><strong>avia:</strong></span> <span class='ocrx_word' id='word_1_163' title='bbox 3153 984 3332 1053; x_wconf 83' lang='lat' dir='ltr'><strong>iniquo</strong></span> <span class='ocrx_word' id='word_1_164' title='bbox 3388 985 3617 1043; x_wconf 74' lang='lat' dir='ltr'><strong>COIISIIIO</strong></span> 
     </span>
    </p>
   </div>
   <div class='ocr_carea' id='block_1_25' title="bbox 2028 1072 3615 1138">
    <p class='ocr_par' dir='ltr' id='par_1_25' title="bbox 2028 1072 3615 1138">
     <span class='ocr_line' id='line_1_25' title="bbox 2028 1072 3615 1138; baseline -0.001 -13"><span class='ocrx_word' id='word_1_165' title='bbox 2028 1072 2420 1138; x_wconf 85' lang='lat' dir='ltr'><strong>consensisset,</strong></span> <span class='ocrx_word' id='word_1_166' title='bbox 2463 1072 2514 1125; x_wconf 92' lang='lat' dir='ltr'><strong>in</strong></span> <span class='ocrx_word' id='word_1_167' title='bbox 2546 1087 2650 1126; x_wconf 87' lang='lat' dir='ltr'><strong>una</strong></span> <span class='ocrx_word' id='word_1_168' title='bbox 2698 1073 2967 1127; x_wconf 88' lang='lat' dir='ltr'><strong>civitatum</strong></span> <span class='ocrx_word' id='word_1_169' title='bbox 2998 1072 3023 1109; x_wconf 70' lang='grc' dir='ltr'><strong>ιι</strong></span> <span class='ocrx_word' id='word_1_170' title='bbox 3053 1089 3171 1127; x_wconf 90' lang='lat' dir='ltr'><strong>cum</strong></span> <span class='ocrx_word' id='word_1_171' title='bbox 3212 1076 3327 1127; x_wconf 92' lang='lat' dir='ltr'><strong>viro</strong></span> <span class='ocrx_word' id='word_1_172' title='bbox 3374 1074 3615 1132; x_wconf 78' lang='lat' dir='ltr'><strong>habitau-</strong></span> 
     </span>
    </p>
   </div>
   <div class='ocr_carea' id='block_1_26' title="bbox 2029 1163 3611 1233">
    <p class='ocr_par' dir='ltr' id='par_1_26' title="bbox 2029 1163 3611 1233">
     <span class='ocr_line' id='line_1_26' title="bbox 2029 1163 3611 1233; baseline -0.001 -16"><span class='ocrx_word' id='word_1_173' title='bbox 2029 1164 2153 1217; x_wconf 89' lang='lat' dir='ltr'><strong>dum</strong></span> <span class='ocrx_word' id='word_1_174' title='bbox 2197 1163 2559 1218; x_wconf 70' lang='lat' dir='ltr'><strong>constituitur.</strong></span> <span class='ocrx_word' id='word_1_175' title='bbox 2603 1163 2854 1219; x_wconf 80' lang='lat' dir='ltr'><strong>Protinus</strong></span> <span class='ocrx_word' id='word_1_176' title='bbox 2886 1165 3136 1219; x_wconf 90' lang='lat' dir='ltr'><strong>maritum</strong></span> <span class='ocrx_word' id='word_1_177' title='bbox 3168 1166 3498 1233; x_wconf 71' lang='lat' dir='ltr'><strong>praedicans,</strong></span> <span class='ocrx_word' id='word_1_178' title='bbox 3546 1165 3611 1216; x_wconf 82' lang='lat' dir='ltr'><strong>ad</strong></span> 
     </span>
    </p>
   </div>
   <div class='ocr_carea' id='block_1_27' title="bbox 2029 1250 3615 1322">
    <p class='ocr_par' dir='ltr' id='par_1_27' title="bbox 2029 1250 3615 1322">
     <span class='ocr_line' id='line_1_27' title="bbox 2029 1250 3615 1322; baseline -0.001 -15"><span class='ocrx_word' id='word_1_179' title='bbox 2029 1253 2224 1308; x_wconf 80' lang='lat' dir='ltr'><strong>Christi</strong></span> <span class='ocrx_word' id='word_1_180' title='bbox 2264 1256 2463 1308; x_wconf 89' lang='lat' dir='ltr'><strong>cultum</strong></span> <span class='ocrx_word' id='word_1_181' title='bbox 2492 1254 2775 1315; x_wconf 76' lang='lat' dir='ltr'><strong>convertit,</strong></span> <span class='ocrx_word' id='word_1_182' title='bbox 2804 1251 3209 1322; x_wconf 85' lang='lat' dir='ltr'><strong>baptizatusque</strong></span> <span class='ocrx_word' id='word_1_183' title='bbox 3234 1252 3454 1308; x_wconf 60' lang='lat' dir='ltr'><strong>effectus</strong></span> <span class='ocrx_word' id='word_1_184' title='bbox 3486 1250 3500 1290; x_wconf 76' lang='grc' dir='ltr'><strong>ί</strong></span> <span class='ocrx_word' id='word_1_185' title='bbox 3530 1264 3615 1307; x_wconf 84' lang='lat' dir='ltr'><strong>est</strong></span> 
     </span>
    </p>
   </div>
   <div class='ocr_carea' id='block_1_28' title="bbox 2028 1345 3609 1415">
    <p class='ocr_par' dir='ltr' id='par_1_28' title="bbox 2028 1345 3609 1415">
     <span class='ocr_line' id='line_1_28' title="bbox 2028 1345 3609 1415; baseline -0.003 -12"><span class='ocrx_word' id='word_1_186' title='bbox 2028 1346 2375 1403; x_wconf 78' lang='lat' dir='ltr'><strong>Christianus.</strong></span> <span class='ocrx_word' id='word_1_187' title='bbox 2401 1346 2568 1413; x_wconf 80' lang='lat' dir='ltr'><strong>Quem</strong></span> <span class='ocrx_word' id='word_1_188' title='bbox 2597 1354 2748 1415; x_wconf 83' lang='lat' dir='ltr'><strong>pater</strong></span> <span class='ocrx_word' id='word_1_189' title='bbox 2773 1345 3058 1399; x_wconf 79' lang='lat' dir='ltr'><strong>Lettbildus</strong></span> <span class='ocrx_word' id='word_1_190' title='bbox 3086 1345 3391 1412; x_wconf 84' lang='lat' dir='ltr'><strong>insequens,</strong></span> <span class='ocrx_word' id='word_1_191' title='bbox 3422 1354 3474 1401; x_wconf 91' lang='lat' dir='ltr'><strong>et</strong></span> <span class='ocrx_word' id='word_1_192' title='bbox 3500 1346 3609 1400; x_wconf 75' lang='lat' dir='ltr'><strong>\&#39;eI-‘</strong></span> 
     </span>
    </p>
   </div>
   <div class='ocr_carea' id='block_1_29' title="bbox 2030 1434 3612 1505">
    <p class='ocr_par' dir='ltr' id='par_1_29' title="bbox 2030 1434 3612 1505">
     <span class='ocr_line' id='line_1_29' title="bbox 2030 1434 3612 1505; baseline -0.001 -14"><span class='ocrx_word' id='word_1_193' title='bbox 2030 1438 2145 1492; x_wconf 90' lang='lat' dir='ltr'><strong>lens</strong></span> <span class='ocrx_word' id='word_1_194' title='bbox 2172 1438 2436 1501; x_wconf 84' lang='lat' dir='ltr'><strong>occidere,</strong></span> <span class='ocrx_word' id='word_1_195' title='bbox 2453 1437 2663 1493; x_wconf 83' lang='lat' dir='ltr'><strong>tandem</strong></span> <span class='ocrx_word' id='word_1_196' title='bbox 2678 1436 2794 1505; x_wconf 71' lang='lat' dir='ltr'><strong>ejus</strong></span> <span class='ocrx_word' id='word_1_197' title='bbox 2812 1435 3145 1490; x_wconf 85' lang='lat' dir='ltr'><strong>insecutioue</strong></span> <span class='ocrx_word' id='word_1_198' title='bbox 3175 1434 3315 1489; x_wconf 90' lang='lat' dir='ltr'><strong>filius</strong></span> <span class='ocrx_word' id='word_1_199' title='bbox 3334 1444 3417 1490; x_wconf 90' lang='lat' dir='ltr'><strong>est</strong></span> <span class='ocrx_word' id='word_1_200' title='bbox 3447 1436 3612 1489; x_wconf 48' lang='lat' dir='ltr'><strong>inter-</strong></span> 
     </span>
    </p>
   </div>
   <div class='ocr_carea' id='block_1_30' title="bbox 2028 1528 3610 1599">
    <p class='ocr_par' dir='ltr' id='par_1_30' title="bbox 2028 1528 3610 1599">
     <span class='ocr_line' id='line_1_30' title="bbox 2028 1528 3610 1599; baseline -0.002 -16"><span class='ocrx_word' id='word_1_201' title='bbox 2028 1530 2220 1592; x_wconf 75' lang='lat' dir='ltr'><strong>fectus,</strong></span> <span class='ocrx_word' id='word_1_202' title='bbox 2250 1544 2510 1599; x_wconf 80' lang='lat' dir='ltr'><strong>perquem</strong></span> <span class='ocrx_word' id='word_1_203' title='bbox 2540 1528 2665 1583; x_wconf 88' lang='lat' dir='ltr'><strong>data</strong></span> <span class='ocrx_word' id='word_1_204' title='bbox 2687 1539 2768 1585; x_wconf 91' lang='lat' dir='ltr'><strong>est</strong></span> <span class='ocrx_word' id='word_1_205' title='bbox 2788 1529 3020 1585; x_wconf 86' lang='lat' dir='ltr'><strong>occasio.</strong></span> <span class='ocrx_word' id='word_1_206' title='bbox 3046 1529 3171 1584; x_wconf 82' lang='lat' dir='ltr'><strong>Post</strong></span> <span class='ocrx_word' id='word_1_207' title='bbox 3189 1538 3413 1583; x_wconf 88' lang='lat' dir='ltr'><strong>mortem</strong></span> <span class='ocrx_word' id='word_1_208' title='bbox 3434 1528 3610 1581; x_wconf 73' lang='lat' dir='ltr'><strong>Min-iu-</strong></span> 
     </span>
    </p>
   </div>
   <div class='ocr_carea' id='block_1_31' title="bbox 2028 1619 3612 1689">
    <p class='ocr_par' dir='ltr' id='par_1_31' title="bbox 2028 1619 3612 1689">
     <span class='ocr_line' id='line_1_31' title="bbox 2028 1619 3612 1689; baseline -0.006 -11"><span class='ocrx_word' id='word_1_209' title='bbox 2028 1624 2112 1677; x_wconf 91' lang='lat' dir='ltr'><strong>nis</strong></span> <span class='ocrx_word' id='word_1_210' title='bbox 2139 1622 2277 1689; x_wconf 84' lang='lat' dir='ltr'><strong>regis</strong></span> <span class='ocrx_word' id='word_1_211' title='bbox 2302 1620 2561 1684; x_wconf 71' lang='lat' dir='ltr'><strong>Gallieim,</strong></span> <span class='ocrx_word' id='word_1_212' title='bbox 2581 1621 2691 1674; x_wconf 85' lang='lat' dir='ltr'><strong>tilio</strong></span> <span class='ocrx_word' id='word_1_213' title='bbox 2710 1619 2826 1689; x_wconf 76' lang='lat' dir='ltr'><strong>ejus</strong></span> <span class='ocrx_word' id='word_1_214' title='bbox 2857 1620 3049 1674; x_wconf 84' lang='lat' dir='ltr'><strong>Eurico</strong></span> <span class='ocrx_word' id='word_1_215' title='bbox 3078 1629 3130 1673; x_wconf 93' lang='lat' dir='ltr'><strong>et</strong></span> <span class='ocrx_word' id='word_1_216' title='bbox 3155 1634 3375 1687; x_wconf 82' lang='lat' dir='ltr'><strong>genero,</strong></span> <span class='ocrx_word' id='word_1_217' title='bbox 3396 1620 3612 1673; x_wconf 85' lang='lat' dir='ltr'><strong>nomine</strong></span> 
     </span>
    </p>
   </div>
   <div class='ocr_carea' id='block_1_32' title="bbox 2027 1709 3612 1780">
    <p class='ocr_par' dir='ltr' id='par_1_32' title="bbox 2027 1709 3612 1780">
     <span class='ocr_line' id='line_1_32' title="bbox 2027 1709 3612 1780; baseline -0.005 -13"><span class='ocrx_word' id='word_1_218' title='bbox 2027 1713 2336 1780; x_wconf 76' lang='lat' dir='ltr'><strong>Audt&#39;gane,</strong></span> <span class='ocrx_word' id='word_1_219' title='bbox 2367 1712 2434 1766; x_wconf 89' lang='lat' dir='ltr'><strong>de</strong></span> <span class='ocrx_word' id='word_1_220' title='bbox 2464 1727 2629 1780; x_wconf 85' lang='lat' dir='ltr'><strong>regno</strong></span> <span class='ocrx_word' id='word_1_221' title='bbox 2653 1712 3001 1777; x_wconf 78' lang='lat' dir='ltr'><strong>certantibus,</strong></span> <span class='ocrx_word' id='word_1_222' title='bbox 3033 1727 3062 1763; x_wconf 89' lang='lat' dir='ltr'><strong>a</strong></span> <span class='ocrx_word' id='word_1_223' title='bbox 3089 1710 3344 1764; x_wconf 87' lang='lat' dir='ltr'><strong>Leubddo</strong></span> <span class='ocrx_word' id='word_1_224' title='bbox 3367 1709 3527 1763; x_wconf 90' lang='lat' dir='ltr'><strong>Suevi</strong></span> <span class='ocrx_word' id='word_1_225' title='bbox 3558 1717 3612 1764; x_wconf 87' lang='lat' dir='ltr'><strong>et</strong></span> 
     </span>
    </p>
   </div>
   <div class='ocr_carea' id='block_1_33' title="bbox 336 1800 3609 1872">
    <p class='ocr_par' dir='ltr' id='par_1_33' title="bbox 336 1800 3609 1872">
     <span class='ocr_line' id='line_1_33' title="bbox 336 1800 3609 1872; baseline -0.002 -13"><span class='ocrx_word' id='word_1_226' title='bbox 336 1808 523 1865; x_wconf 86' lang='lat' dir='ltr'><strong>sortita</strong></span> <span class='ocrx_word' id='word_1_227' title='bbox 547 1806 795 1861; x_wconf 71' lang='lat' dir='ltr'><strong>efectum</strong></span> <span class='ocrx_word' id='word_1_228' title='bbox 818 1820 925 1861; x_wconf 90' lang='lat' dir='ltr'><strong>res.</strong></span> <span class='ocrx_word' id='word_1_229' title='bbox 952 1805 1230 1860; x_wconf 80' lang='lat' dir='ltr'><strong>Exercitus</strong></span> <span class='ocrx_word' id='word_1_230' title='bbox 1254 1806 1371 1872; x_wconf 86' lang='lat' dir='ltr'><strong>ejus</strong></span> <span class='ocrx_word' id='word_1_231' title='bbox 1398 1805 1587 1859; x_wconf 77' lang='lat' dir='ltr'><strong>Persas</strong></span> <span class='ocrx_word' id='word_1_232' title='bbox 1608 1803 1917 1867; x_wconf 77' lang='lat' dir='ltr'><strong>debellavit,</strong></span> <span class='ocrx_word' id='word_1_233' title='bbox 1956 1809 1999 1866; x_wconf 81' lang='grc' dir='ltr'><strong><em>Β</em></strong></span> <span class='ocrx_word' id='word_1_234' title='bbox 2027 1821 2214 1858; x_wconf 88' lang='lat' dir='ltr'><strong>omnes</strong></span> <span class='ocrx_word' id='word_1_235' title='bbox 2248 1805 2486 1859; x_wconf 70' lang='lat' dir='ltr'><strong>Gallicis:</strong></span> <span class='ocrx_word' id='word_1_236' title='bbox 2518 1803 2530 1851; x_wconf 90' lang='lat' dir='ltr'><strong>i</strong></span> <span class='ocrx_word' id='word_1_237' title='bbox 2568 1805 2814 1872; x_wconf 87' lang='lat' dir='ltr'><strong>potestati</strong></span> <span class='ocrx_word' id='word_1_238' title='bbox 2872 1802 3191 1855; x_wconf 86' lang='lat' dir='ltr'><strong>Gotthorum</strong></span> <span class='ocrx_word' id='word_1_239' title='bbox 3232 1800 3609 1865; x_wconf 62' lang='lat' dir='ltr'><strong>subjiciuntur.</strong></span> 
     </span>
    </p>
   </div>
   <div class='ocr_carea' id='block_1_34' title="bbox 337 1894 1925 1967">
    <p class='ocr_par' dir='ltr' id='par_1_34' title="bbox 337 1894 1925 1967">
     <span class='ocr_line' id='line_1_34' title="bbox 337 1894 1925 1967; baseline -0.001 -20"><span class='ocrx_word' id='word_1_240' title='bbox 337 1897 424 1967; x_wconf 90' lang='lat' dir='ltr'><strong>vic</strong></span> <span class='ocrx_word' id='word_1_241' title='bbox 448 1911 615 1965; x_wconf 84' lang='lat' dir='ltr'><strong>orque</strong></span> <span class='ocrx_word' id='word_1_242' title='bbox 644 1910 921 1966; x_wconf 75' lang='lat' dir='ltr'><strong>regressus</strong></span> <span class='ocrx_word' id='word_1_243' title='bbox 968 1905 1112 1949; x_wconf 88' lang='lat' dir='ltr'><strong>tanta</strong></span> <span class='ocrx_word' id='word_1_244' title='bbox 1144 1894 1285 1951; x_wconf 90' lang='lat' dir='ltr'><strong>mole</strong></span> <span class='ocrx_word' id='word_1_245' title='bbox 1332 1894 1567 1963; x_wconf 69' lang='lat' dir='ltr'><strong>prmdam</strong></span> <span class='ocrx_word' id='word_1_246' title='bbox 1609 1894 1833 1959; x_wconf 86' lang='lat' dir='ltr'><strong>detulit,</strong></span> <span class='ocrx_word' id='word_1_247' title='bbox 1866 1901 1925 1947; x_wconf 89' lang='lat' dir='ltr'><strong>ut</strong></span> 
     </span>
    </p>
   </div>
   <div class='ocr_carea' id='block_1_35' title="bbox 336 1985 1923 2057">
    <p class='ocr_par' dir='ltr' id='par_1_35' title="bbox 336 1985 1923 2057">
     <span class='ocr_line' id='line_1_35' title="bbox 336 1985 1923 2057; baseline -0.002 -15"><span class='ocrx_word' id='word_1_248' title='bbox 336 2002 369 2047; x_wconf 86' lang='grc' dir='ltr'><strong>ε</strong></span> <span class='ocrx_word' id='word_1_249' title='bbox 398 1989 649 2042; x_wconf 86' lang='lat' dir='ltr'><strong>ederetur</strong></span> <span class='ocrx_word' id='word_1_250' title='bbox 670 1988 943 2057; x_wconf 79' lang='lat' dir='ltr'><strong>cupiditati</strong></span> <span class='ocrx_word' id='word_1_251' title='bbox 974 1987 1218 2045; x_wconf 81' lang='lat' dir='ltr'><strong>humanae</strong></span> <span class='ocrx_word' id='word_1_252' title='bbox 1248 2000 1406 2054; x_wconf 85' lang='lat' dir='ltr'><strong>posse</strong></span> <span class='ocrx_word' id='word_1_253' title='bbox 1430 1986 1698 2040; x_wconf 84' lang='lat' dir='ltr'><strong>sufficere.</strong></span> <span class='ocrx_word' id='word_1_254' title='bbox 1729 1985 1923 2054; x_wconf 78' lang='lat' dir='ltr'><strong>Viginti</strong></span> 
     </span>
    </p>
   </div>
   <div class='ocr_carea' id='block_1_36' title="bbox 336 2077 1269 2144">
    <p class='ocr_par' dir='ltr' id='par_1_36' title="bbox 336 2077 1269 2144">
     <span class='ocr_line' id='line_1_36' title="bbox 336 2077 1269 2144; baseline -0.003 -12"><span class='ocrx_word' id='word_1_255' title='bbox 336 2078 609 2144; x_wconf 86' lang='lat' dir='ltr'><strong>elephanti</strong></span> <span class='ocrx_word' id='word_1_256' title='bbox 643 2077 836 2132; x_wconf 73' lang='lat' dir='ltr'><strong>exinde</strong></span> <span class='ocrx_word' id='word_1_257' title='bbox 865 2077 1079 2139; x_wconf 75' lang='lat' dir='ltr'><strong>adducti</strong></span> <span class='ocrx_word' id='word_1_258' title='bbox 1123 2084 1269 2142; x_wconf 77' lang='lat' dir='ltr'><strong>sunt,</strong></span> 
     </span>
    </p>
   </div>
   <div class='ocr_carea' id='block_1_37' title="bbox 410 2167 1924 2237">
    <p class='ocr_par' dir='ltr' id='par_1_37' title="bbox 410 2167 1924 2237">
     <span class='ocr_line' id='line_1_37' title="bbox 410 2167 1924 2237; baseline 0 -14"><span class='ocrx_word' id='word_1_259' title='bbox 410 2169 671 2223; x_wconf 74' lang='lat' dir='ltr'><strong>LXXXII.</strong></span> <span class='ocrx_word' id='word_1_260' title='bbox 718 2170 915 2223; x_wconf 86' lang='lat' dir='ltr'><strong>Eodem</strong></span> <span class='ocrx_word' id='word_1_261' title='bbox 940 2178 1184 2236; x_wconf 86' lang='lat' dir='ltr'><strong>tempore</strong></span> <span class='ocrx_word' id='word_1_262' title='bbox 1209 2183 1351 2221; x_wconf 87' lang='lat' dir='ltr'><strong>anno</strong></span> <span class='ocrx_word' id='word_1_263' title='bbox 1380 2168 1567 2237; x_wconf 85' lang='lat' dir='ltr'><strong>quinto</strong></span> <span class='ocrx_word' id='word_1_264' title='bbox 1596 2167 1924 2227; x_wconf 80' lang='lat' dir='ltr'><strong>Childehet&#39;ti</strong></span> 
     </span>
    </p>
   </div>
   <div class='ocr_carea' id='block_1_38' title="bbox 336 2244 1922 2337">
    <p class='ocr_par' dir='ltr' id='par_1_38' title="bbox 336 2244 1922 2337">
     <span class='ocr_line' id='line_1_38' title="bbox 336 2244 1922 2337; baseline -0.001 -21"><span class='ocrx_word' id='word_1_265' title='bbox 336 2263 500 2337; x_wconf 75' lang='lat' dir='ltr'><strong>regis,</strong></span> <span class='ocrx_word' id='word_1_266' title='bbox 529 2273 685 2316; x_wconf 67' lang='lat' dir='ltr'><strong>tautte</strong></span> <span class='ocrx_word' id='word_1_267' title='bbox 720 2265 832 2316; x_wconf 91' lang='lat' dir='ltr'><strong>lues</strong></span> <span class='ocrx_word' id='word_1_268' title='bbox 855 2277 950 2332; x_wconf 86' lang='lat' dir='ltr'><strong>per</strong></span> <span class='ocrx_word' id='word_1_269' title='bbox 973 2244 1279 2323; x_wconf 78' lang='lat' dir='ltr'><strong>universam</strong></span> <span class='ocrx_word' id='word_1_270' title='bbox 1302 2265 1575 2331; x_wconf 78' lang='lat' dir='ltr'><strong>regionem</strong></span> <span class='ocrx_word' id='word_1_271' title='bbox 1603 2261 1752 2317; x_wconf 79' lang='lat' dir='ltr'><strong>facta:</strong></span> <span class='ocrx_word' id='word_1_272' title='bbox 1775 2272 1922 2328; x_wconf 81' lang='lat' dir='ltr'><strong>sunt,</strong></span> 
     </span>
    </p>
   </div>
   <div class='ocr_carea' id='block_1_39' title="bbox 337 2351 1929 2423">
    <p class='ocr_par' dir='ltr' id='par_1_39' title="bbox 337 2351 1929 2423">
     <span class='ocr_line' id='line_1_39' title="bbox 337 2351 1929 2423; baseline 0.001 -17"><span class='ocrx_word' id='word_1_273' title='bbox 337 2365 396 2407; x_wconf 90' lang='lat' dir='ltr'><strong>ut</strong></span> <span class='ocrx_word' id='word_1_274' title='bbox 426 2354 644 2413; x_wconf 90' lang='lat' dir='ltr'><strong>nimium</strong></span> <span class='ocrx_word' id='word_1_275' title='bbox 696 2353 887 2415; x_wconf 80' lang='lat' dir='ltr'><strong>mirum</strong></span> <span class='ocrx_word' id='word_1_276' title='bbox 924 2351 1114 2411; x_wconf 63' lang='lat' dir='ltr'><strong>fuisset</strong></span> <span class='ocrx_word' id='word_1_277' title='bbox 1158 2353 1308 2423; x_wconf 86' lang='lat' dir='ltr'><strong>(Cap.</strong></span> <span class='ocrx_word' id='word_1_278' title='bbox 1343 2353 1455 2421; x_wconf 76' lang='grc'><strong>54),</strong></span> <span class='ocrx_word' id='word_1_279' title='bbox 1500 2353 1758 2414; x_wconf 71' lang='grc' dir='ltr'>υηίνειείι</span> <span class='ocrx_word' id='word_1_280' title='bbox 1819 2354 1929 2413; x_wconf 80' lang='lat' dir='ltr'><strong>llu-</strong></span> 
     </span>
    </p>
   </div>
   <div class='ocr_carea' id='block_1_40' title="bbox 336 2447 1926 2515">
    <p class='ocr_par' dir='ltr' id='par_1_40' title="bbox 336 2447 1926 2515">
     <span class='ocr_line' id='line_1_40' title="bbox 336 2447 1926 2515; baseline 0.002 -18"><span class='ocrx_word' id='word_1_281' title='bbox 336 2450 478 2508; x_wconf 71' lang='lat' dir='ltr'><strong>urina</strong></span> <span class='ocrx_word' id='word_1_282' title='bbox 528 2447 813 2509; x_wconf 86' lang='lat' dir='ltr'><strong>terminos,</strong></span> <span class='ocrx_word' id='word_1_283' title='bbox 859 2460 994 2514; x_wconf 87' lang='lat' dir='ltr'><strong>quos</strong></span> <span class='ocrx_word' id='word_1_284' title='bbox 1048 2461 1317 2514; x_wconf 84' lang='lat' dir='ltr'><strong>nunquam</strong></span> <span class='ocrx_word' id='word_1_285' title='bbox 1364 2456 1738 2511; x_wconf 79' lang='lat' dir='ltr'><strong>excesserant,</strong></span> <span class='ocrx_word' id='word_1_286' title='bbox 1790 2462 1926 2515; x_wconf 72' lang='lat' dir='ltr'><strong>pra:-</strong></span> 
     </span>
    </p>
   </div>
   <div class='ocr_carea' id='block_1_41' title="bbox 336 2537 1926 2606">
    <p class='ocr_par' dir='ltr' id='par_1_41' title="bbox 336 2537 1926 2606">
     <span class='ocr_line' id='line_1_41' title="bbox 336 2537 1926 2606; baseline 0 -13"><span class='ocrx_word' id='word_1_287' title='bbox 336 2540 635 2601; x_wconf 80' lang='lat' dir='ltr'><strong>terierunt;</strong></span> <span class='ocrx_word' id='word_1_288' title='bbox 688 2538 757 2592; x_wconf 93' lang='lat' dir='ltr'><strong>de</strong></span> <span class='ocrx_word' id='word_1_289' title='bbox 787 2538 1067 2606; x_wconf 88' lang='lat' dir='ltr'><strong>pecoribus</strong></span> <span class='ocrx_word' id='word_1_290' title='bbox 1107 2538 1407 2598; x_wconf 82' lang='lat' dir='ltr'><strong>ext-idium,</strong></span> <span class='ocrx_word' id='word_1_291' title='bbox 1452 2537 1655 2605; x_wconf 77' lang='lat' dir='ltr'><strong>grande</strong></span> <span class='ocrx_word' id='word_1_292' title='bbox 1686 2537 1926 2595; x_wconf 58' lang='lat' dir='ltr'><strong>aedificiis</strong></span> 
     </span>
    </p>
   </div>
   <div class='ocr_carea' id='block_1_42' title="bbox 333 2627 1926 2697">
    <p class='ocr_par' dir='ltr' id='par_1_42' title="bbox 333 2627 1926 2697">
     <span class='ocr_line' id='line_1_42' title="bbox 333 2627 1926 2697; baseline 0.002 -16"><span class='ocrx_word' id='word_1_293' title='bbox 333 2628 694 2697; x_wconf 76' lang='lat' dir='ltr'><strong>naufragium.</strong></span> <span class='ocrx_word' id='word_1_294' title='bbox 736 2627 843 2681; x_wconf 83' lang='lat' dir='ltr'><strong>Sed</strong></span> <span class='ocrx_word' id='word_1_295' title='bbox 891 2628 1227 2687; x_wconf 68' lang='lat' dir='ltr'><strong>cessantibus</strong></span> <span class='ocrx_word' id='word_1_296' title='bbox 1255 2627 1444 2697; x_wconf 82' lang='lat' dir='ltr'><strong>pluviis</strong></span> <span class='ocrx_word' id='word_1_297' title='bbox 1490 2628 1717 2683; x_wconf 82' lang='lat' dir='ltr'><strong>arbores</strong></span> <span class='ocrx_word' id='word_1_298' title='bbox 1748 2630 1926 2684; x_wconf 89' lang='lat' dir='ltr'><strong>denuo</strong></span> 
     </span>
    </p>
   </div>
   <div class='ocr_carea' id='block_1_43' title="bbox 333 2718 1926 2790">
    <p class='ocr_par' dir='ltr' id='par_1_43' title="bbox 333 2718 1926 2790">
     <span class='ocr_line' id='line_1_43' title="bbox 333 2718 1926 2790; baseline 0.004 -20"><span class='ocrx_word' id='word_1_299' title='bbox 333 2720 649 2789; x_wconf 79' lang='lat' dir='ltr'><strong>(lnrtterunt.</strong></span> <span class='ocrx_word' id='word_1_300' title='bbox 687 2720 811 2772; x_wconf 83' lang='lat' dir='ltr'><strong>Erat</strong></span> <span class='ocrx_word' id='word_1_301' title='bbox 856 2718 1056 2773; x_wconf 83' lang='lat' dir='ltr'><strong>mensis</strong></span> <span class='ocrx_word' id='word_1_302' title='bbox 1086 2720 1421 2788; x_wconf 85' lang='lat' dir='ltr'><strong>September.</strong></span> <span class='ocrx_word' id='word_1_303' title='bbox 1453 2718 1650 2790; x_wconf 80' lang='lat' dir='ltr'><strong>Fulgor</strong></span> <span class='ocrx_word' id='word_1_304' title='bbox 1690 2736 1786 2788; x_wconf 90' lang='lat' dir='ltr'><strong>per</strong></span> <span class='ocrx_word' id='word_1_305' title='bbox 1815 2736 1926 2777; x_wconf 71' lang='lat' dir='ltr'><strong>cm-</strong></span> 
     </span>
    </p>
   </div>
   <div class='ocr_carea' id='block_1_44' title="bbox 333 2809 1925 2880">
    <p class='ocr_par' dir='ltr' id='par_1_44' title="bbox 333 2809 1925 2880">
     <span class='ocr_line' id='line_1_44' title="bbox 333 2809 1925 2880; baseline 0.004 -18"><span class='ocrx_word' id='word_1_306' title='bbox 333 2809 445 2863; x_wconf 89' lang='lat' dir='ltr'><strong>lum</strong></span> <span class='ocrx_word' id='word_1_307' title='bbox 475 2810 775 2863; x_wconf 87' lang='lat' dir='ltr'><strong>cucurrisse</strong></span> <span class='ocrx_word' id='word_1_308' title='bbox 798 2810 941 2863; x_wconf 66' lang='lat' dir='ltr'><strong>visus</strong></span> <span class='ocrx_word' id='word_1_309' title='bbox 962 2817 1065 2864; x_wconf 88' lang='lat' dir='ltr'><strong>est.</strong></span> <span class='ocrx_word' id='word_1_310' title='bbox 1092 2811 1266 2866; x_wconf 85' lang='lat' dir='ltr'><strong>Sonus</strong></span> <span class='ocrx_word' id='word_1_311' title='bbox 1289 2811 1439 2880; x_wconf 87' lang='lat' dir='ltr'><strong>quasi</strong></span> <span class='ocrx_word' id='word_1_312' title='bbox 1466 2809 1805 2869; x_wconf 83' lang='lat' dir='ltr'><strong>dementium</strong></span> <span class='ocrx_word' id='word_1_313' title='bbox 1836 2828 1925 2869; x_wconf 84' lang='lat' dir='ltr'><strong>ar-</strong></span> 
     </span>
    </p>
   </div>
   <div class='ocr_carea' id='block_1_45' title="bbox 331 2902 1924 2976">
    <p class='ocr_par' dir='ltr' id='par_1_45' title="bbox 331 2902 1924 2976">
     <span class='ocr_line' id='line_1_45' title="bbox 331 2902 1924 2976; baseline 0.004 -21"><span class='ocrx_word' id='word_1_314' title='bbox 331 2902 524 2971; x_wconf 79' lang='lat' dir='ltr'><strong>borum</strong></span> <span class='ocrx_word' id='word_1_315' title='bbox 560 2919 609 2956; x_wconf 87' lang='lat' dir='ltr'><strong>in</strong></span> <span class='ocrx_word' id='word_1_316' title='bbox 662 2912 825 2957; x_wconf 89' lang='lat' dir='ltr'><strong>totam</strong></span> <span class='ocrx_word' id='word_1_317' title='bbox 857 2914 1053 2971; x_wconf 76' lang='lat' dir='ltr'><strong>terram</strong></span> <span class='ocrx_word' id='word_1_318' title='bbox 1087 2904 1299 2968; x_wconf 79' lang='lat' dir='ltr'><strong>auditus</strong></span> <span class='ocrx_word' id='word_1_319' title='bbox 1325 2913 1429 2960; x_wconf 90' lang='lat' dir='ltr'><strong>est.</strong></span> <span class='ocrx_word' id='word_1_320' title='bbox 1465 2906 1605 2962; x_wconf 86' lang='lat' dir='ltr'><strong>Urbs</strong></span> <span class='ocrx_word' id='word_1_321' title='bbox 1653 2907 1924 2976; x_wconf 83' lang='lat' dir='ltr'><strong>Burdega-</strong></span> 
     </span>
    </p>
   </div>
   <div class='ocr_carea' id='block_1_46' title="bbox 332 2993 1923 3068">
    <p class='ocr_par' dir='ltr' id='par_1_46' title="bbox 332 2993 1923 3068">
     <span class='ocr_line' id='line_1_46' title="bbox 332 2993 1923 3068; baseline 0.003 -22"><span class='ocrx_word' id='word_1_322' title='bbox 332 2993 498 3047; x_wconf 83' lang='lat' dir='ltr'><strong>Ieusis</strong></span> <span class='ocrx_word' id='word_1_323' title='bbox 532 2993 694 3067; x_wconf 76' lang='lat'><strong>580</strong></span> <span class='ocrx_word' id='word_1_324' title='bbox 738 3004 1046 3062; x_wconf 67' lang='lat' dir='ltr'><strong>terraamotu</strong></span> <span class='ocrx_word' id='word_1_325' title='bbox 1103 3010 1361 3054; x_wconf 84' lang='lat' dir='ltr'><strong>concussa</strong></span> <span class='ocrx_word' id='word_1_326' title='bbox 1391 3007 1497 3056; x_wconf 65' lang='lat' dir='ltr'><strong>est.</strong></span> <span class='ocrx_word' id='word_1_327' title='bbox 1534 2997 1606 3052; x_wconf 88' lang='lat' dir='ltr'><strong>De</strong></span> <span class='ocrx_word' id='word_1_328' title='bbox 1649 2999 1923 3068; x_wconf 71' lang='lat' dir='ltr'><strong>Pyrenteis</strong></span> 
     </span>
    </p>
   </div>
   <div class='ocr_carea' id='block_1_47' title="bbox 333 3088 1920 3160">
    <p class='ocr_par' dir='ltr' id='par_1_47' title="bbox 333 3088 1920 3160">
     <span class='ocr_line' id='line_1_47' title="bbox 333 3088 1920 3160; baseline 0.003 -20"><span class='ocrx_word' id='word_1_329' title='bbox 333 3088 605 3141; x_wconf 86' lang='lat' dir='ltr'><strong>montibus</strong></span> <span class='ocrx_word' id='word_1_330' title='bbox 633 3090 875 3143; x_wconf 89' lang='lat' dir='ltr'><strong>immensi</strong></span> <span class='ocrx_word' id='word_1_331' title='bbox 907 3088 1113 3157; x_wconf 88' lang='lat' dir='ltr'><strong>lapides</strong></span> <span class='ocrx_word' id='word_1_332' title='bbox 1142 3098 1266 3144; x_wconf 89' lang='lat' dir='ltr'><strong>sunt</strong></span> <span class='ocrx_word' id='word_1_333' title='bbox 1290 3091 1483 3156; x_wconf 86' lang='lat' dir='ltr'><strong>evulsi,</strong></span> <span class='ocrx_word' id='word_1_334' title='bbox 1514 3092 1603 3160; x_wconf 88' lang='lat' dir='ltr'><strong>qui</strong></span> <span class='ocrx_word' id='word_1_335' title='bbox 1648 3106 1841 3160; x_wconf 89' lang='lat' dir='ltr'><strong>pecora</strong></span> <span class='ocrx_word' id='word_1_336' title='bbox 1870 3100 1920 3147; x_wconf 89' lang='lat' dir='ltr'><strong>et</strong></span> 
     </span>
    </p>
   </div>
   <div class='ocr_carea' id='block_1_48' title="bbox 2101 1892 3613 1970">
    <p class='ocr_par' dir='ltr' id='par_1_48' title="bbox 2101 1892 3613 1970">
     <span class='ocr_line' id='line_1_48' title="bbox 2101 1892 3613 1970; baseline -0.004 -19"><span class='ocrx_word' id='word_1_337' title='bbox 2101 1900 2259 1970; x_wconf 73' lang='lat'><strong>581</strong></span> <span class='ocrx_word' id='word_1_338' title='bbox 2291 1895 2572 1950; x_wconf 71' lang='lat' dir='ltr'><strong>LXXXIV.</strong></span> <span class='ocrx_word' id='word_1_339' title='bbox 2602 1895 2763 1962; x_wconf 80' lang='lat' dir='ltr'><strong>Igitur</strong></span> <span class='ocrx_word' id='word_1_340' title='bbox 2786 1894 3115 1961; x_wconf 84' lang='lat' dir='ltr'><strong>Chilpericus</strong></span> <span class='ocrx_word' id='word_1_341' title='bbox 3146 1903 3253 1946; x_wconf 91' lang='lat' dir='ltr'><strong>tres</strong></span> <span class='ocrx_word' id='word_1_342' title='bbox 3286 1892 3421 1945; x_wconf 87' lang='lat' dir='ltr'><strong>filios</strong></span> <span class='ocrx_word' id='word_1_343' title='bbox 3450 1906 3577 1946; x_wconf 87' lang='lat' dir='ltr'><strong>suos</strong></span> <span class='ocrx_word' id='word_1_344' title='bbox 3598 1936 3613 1959; x_wconf 88' lang='lat'><strong>,</strong></span> 
     </span>
    </p>
   </div>
   <div class='ocr_carea' id='block_1_49' title="bbox 2024 1986 3613 2061">
    <p class='ocr_par' dir='ltr' id='par_1_49' title="bbox 2024 1986 3613 2061">
     <span class='ocr_line' id='line_1_49' title="bbox 2024 1986 3613 2061; baseline -0.001 -19"><span class='ocrx_word' id='word_1_345' title='bbox 2024 1991 2396 2061; x_wconf 76' lang='lat' dir='ltr'><strong>jamadultos,</strong></span> <span class='ocrx_word' id='word_1_346' title='bbox 2449 1988 2518 2042; x_wconf 89' lang='lat' dir='ltr'><strong>ab</strong></span> <span class='ocrx_word' id='word_1_347' title='bbox 2573 1988 2886 2042; x_wconf 85' lang='lat' dir='ltr'><strong>infirmitate</strong></span> <span class='ocrx_word' id='word_1_348' title='bbox 2940 1986 3263 2055; x_wconf 75' lang='lat' dir='ltr'><strong>dysenteria:</strong></span> <span class='ocrx_word' id='word_1_349' title='bbox 3320 2001 3429 2039; x_wconf 92' lang='lat' dir='ltr'><strong>uno</strong></span> <span class='ocrx_word' id='word_1_350' title='bbox 3470 2000 3613 2040; x_wconf 88' lang='lat' dir='ltr'><strong>anno</strong></span> 
     </span>
    </p>
   </div>
   <div class='ocr_carea' id='block_1_50' title="bbox 2030 2073 3614 2151">
    <p class='ocr_par' dir='ltr' id='par_1_50' title="bbox 2030 2073 3614 2151">
     <span class='ocr_line' id='line_1_50' title="bbox 2030 2073 3614 2151; baseline -0.006 -16"><span class='ocrx_word' id='word_1_351' title='bbox 2030 2082 2277 2151; x_wconf 80' lang='lat' dir='ltr'><strong>perdidit,</strong></span> <span class='ocrx_word' id='word_1_352' title='bbox 2310 2097 2441 2149; x_wconf 62' lang='lat' dir='ltr'><strong>quos</strong></span> <span class='ocrx_word' id='word_1_353' title='bbox 2468 2080 2535 2134; x_wconf 87' lang='lat' dir='ltr'><strong>de</strong></span> <span class='ocrx_word' id='word_1_354' title='bbox 2569 2078 2919 2147; x_wconf 79' lang='lat' dir='ltr'><strong>Fredegunde</strong></span> <span class='ocrx_word' id='word_1_355' title='bbox 2950 2077 2974 2113; x_wconf 75' lang='grc' dir='ltr'><strong>¹ί</strong></span> <span class='ocrx_word' id='word_1_356' title='bbox 3010 2077 3242 2131; x_wconf 86' lang='lat' dir='ltr'><strong>habebat</strong></span> <span class='ocrx_word' id='word_1_357' title='bbox 3289 2075 3447 2147; x_wconf 85' lang='lat' dir='ltr'><strong>(Cap.</strong></span> <span class='ocrx_word' id='word_1_358' title='bbox 3494 2073 3614 2143; x_wconf 76' lang='grc'><strong>55).</strong></span> 
     </span>
    </p>
   </div>
   <div class='ocr_carea' id='block_1_51' title="bbox 2031 2169 3615 2237">
    <p class='ocr_par' dir='ltr' id='par_1_51' title="bbox 2031 2169 3615 2237">
     <span class='ocr_line' id='line_1_51' title="bbox 2031 2169 3615 2237; baseline -0.006 -8"><span class='ocrx_word' id='word_1_359' title='bbox 2031 2174 2325 2229; x_wconf 76' lang='lat' dir='ltr'><strong>Resniterat</strong></span> <span class='ocrx_word' id='word_1_360' title='bbox 2349 2172 2524 2227; x_wconf 89' lang='lat' dir='ltr'><strong>adhuc</strong></span> <span class='ocrx_word' id='word_1_361' title='bbox 2545 2170 2884 2225; x_wconf 83' lang='lat' dir='ltr'><strong>Chlodoveus</strong></span> <span class='ocrx_word' id='word_1_362' title='bbox 2924 2170 3061 2223; x_wconf 87' lang='lat' dir='ltr'><strong>filius</strong></span> <span class='ocrx_word' id='word_1_363' title='bbox 3090 2169 3240 2237; x_wconf 87' lang='lat' dir='ltr'><strong>ejus,</strong></span> <span class='ocrx_word' id='word_1_364' title='bbox 3274 2184 3428 2234; x_wconf 85' lang='lat' dir='ltr'><strong>quem</strong></span> <span class='ocrx_word' id='word_1_365' title='bbox 3473 2175 3615 2232; x_wconf 85' lang='lat' dir='ltr'><strong>post-</strong></span> 
     </span>
    </p>
   </div>
   <div class='ocr_carea' id='block_1_52' title="bbox 2027 2257 3612 2335">
    <p class='ocr_par' dir='ltr' id='par_1_52' title="bbox 2027 2257 3612 2335">
     <span class='ocr_line' id='line_1_52' title="bbox 2027 2257 3612 2335; baseline -0.007 -13"><span class='ocrx_word' id='word_1_366' title='bbox 2027 2283 2124 2334; x_wconf 88' lang='lat' dir='ltr'><strong>ea,</strong></span> <span class='ocrx_word' id='word_1_367' title='bbox 2181 2269 2470 2335; x_wconf 80' lang='lat' dir='ltr'><strong>instigante</strong></span> <span class='ocrx_word' id='word_1_368' title='bbox 2517 2262 2885 2332; x_wconf 81' lang='lat' dir='ltr'><strong>Fredcgunde,</strong></span> <span class='ocrx_word' id='word_1_369' title='bbox 2921 2264 3156 2314; x_wconf 82' lang='lat' dir='ltr'><strong>vinetum</strong></span> <span class='ocrx_word' id='word_1_370' title='bbox 3213 2260 3266 2313; x_wconf 87' lang='lat' dir='ltr'><strong>in</strong></span> <span class='ocrx_word' id='word_1_371' title='bbox 3314 2257 3612 2313; x_wconf 82' lang='lat' dir='ltr'><strong>cusmdiam</strong></span> 
     </span>
    </p>
   </div>
   <div class='ocr_carea' id='block_1_53' title="bbox 2028 2353 3611 2427">
    <p class='ocr_par' dir='ltr' id='par_1_53' title="bbox 2028 2353 3611 2427">
     <span class='ocr_line' id='line_1_53' title="bbox 2028 2353 3611 2427; baseline -0.006 -12"><span class='ocrx_word' id='word_1_372' title='bbox 2028 2360 2273 2423; x_wconf 87' lang='lat' dir='ltr'><strong>retrusit,</strong></span> <span class='ocrx_word' id='word_1_373' title='bbox 2302 2360 2480 2427; x_wconf 87' lang='lat' dir='ltr'><strong>ibique</strong></span> <span class='ocrx_word' id='word_1_374' title='bbox 2509 2357 2744 2412; x_wconf 89' lang='lat' dir='ltr'><strong>factione</strong></span> <span class='ocrx_word' id='word_1_375' title='bbox 2770 2354 3136 2425; x_wconf 73' lang='lat' dir='ltr'><strong>Fredegunda:</strong></span> <span class='ocrx_word' id='word_1_376' title='bbox 3163 2353 3335 2407; x_wconf 84' lang='lat' dir='ltr'><strong>cultro</strong></span> <span class='ocrx_word' id='word_1_377' title='bbox 3392 2368 3611 2422; x_wconf 84' lang='lat' dir='ltr'><strong>percus-</strong></span> 
     </span>
    </p>
   </div>
   <div class='ocr_carea' id='block_1_54' title="bbox 2030 2450 2601 2521">
    <p class='ocr_par' dir='ltr' id='par_1_54' title="bbox 2030 2450 2601 2521">
     <span class='ocr_line' id='line_1_54' title="bbox 2030 2450 2601 2521; baseline -0.016 -13"><span class='ocrx_word' id='word_1_378' title='bbox 2030 2469 2122 2509; x_wconf 84' lang='lat' dir='ltr'><strong>sus</strong></span> <span class='ocrx_word' id='word_1_379' title='bbox 2148 2452 2280 2507; x_wconf 86' lang='lat' dir='ltr'><strong>obiit</strong></span> <span class='ocrx_word' id='word_1_380' title='bbox 2308 2451 2457 2521; x_wconf 86' lang='lat' dir='ltr'><strong>(Cap.</strong></span> <span class='ocrx_word' id='word_1_381' title='bbox 2484 2450 2601 2519; x_wconf 70' lang='grc'><strong>40).</strong></span> 
     </span>
    </p>
   </div>
   <div class='ocr_carea' id='block_1_55' title="bbox 2101 2534 3612 2605">
    <p class='ocr_par' dir='ltr' id='par_1_55' title="bbox 2101 2534 3612 2605">
     <span class='ocr_line' id='line_1_55' title="bbox 2101 2534 3612 2605; baseline -0.005 -6"><span class='ocrx_word' id='word_1_382' title='bbox 2101 2543 2362 2599; x_wconf 74' lang='lat' dir='ltr'><strong>LXXXV.</strong></span> <span class='ocrx_word' id='word_1_383' title='bbox 2410 2542 2533 2595; x_wconf 83' lang='lat' dir='ltr'><strong>Post</strong></span> <span class='ocrx_word' id='word_1_384' title='bbox 2577 2542 2692 2593; x_wconf 71' lang='lat' dir='ltr'><strong>tunc</strong></span> <span class='ocrx_word' id='word_1_385' title='bbox 2761 2536 3076 2593; x_wconf 78' lang='lat' dir='ltr'><strong>Mummoltts</strong></span> <span class='ocrx_word' id='word_1_386' title='bbox 3138 2534 3388 2605; x_wconf 87' lang='lat' dir='ltr'><strong>patricius</strong></span> <span class='ocrx_word' id='word_1_387' title='bbox 3442 2548 3612 2601; x_wconf 78' lang='lat' dir='ltr'><strong>regno</strong></span> 
     </span>
    </p>
   </div>
   <div class='ocr_carea' id='block_1_56' title="bbox 2028 2623 3604 2700">
    <p class='ocr_par' dir='ltr' id='par_1_56' title="bbox 2028 2623 3604 2700">
     <span class='ocr_line' id='line_1_56' title="bbox 2028 2623 3604 2700; baseline -0.01 -7"><span class='ocrx_word' id='word_1_388' title='bbox 2028 2634 2343 2697; x_wconf 82' lang='lat' dir='ltr'><strong>Cttnlramni</strong></span> <span class='ocrx_word' id='word_1_389' title='bbox 2397 2633 2519 2700; x_wconf 81' lang='lat' dir='ltr'><strong>fuga</strong></span> <span class='ocrx_word' id='word_1_390' title='bbox 2549 2631 2847 2685; x_wconf 85' lang='lat' dir='ltr'><strong>dilabitur:</strong></span> <span class='ocrx_word' id='word_1_391' title='bbox 2893 2626 3261 2685; x_wconf 76' lang='lat' dir='ltr'><strong>Av-nniouetn</strong></span> <span class='ocrx_word' id='word_1_392' title='bbox 3303 2623 3315 2662; x_wconf 90' lang='grc'><strong>¹</strong></span> <span class='ocrx_word' id='word_1_393' title='bbox 3366 2635 3604 2681; x_wconf 84' lang='lat' dir='ltr'><strong>castrum</strong></span> 
     </span>
    </p>
   </div>
   <div class='ocr_carea' id='block_1_57' title="bbox 2026 2714 3599 2793">
    <p class='ocr_par' dir='ltr' id='par_1_57' title="bbox 2026 2714 3599 2793">
     <span class='ocr_line' id='line_1_57' title="bbox 2026 2714 3599 2793; baseline -0.006 -12"><span class='ocrx_word' id='word_1_394' title='bbox 2026 2742 2138 2786; x_wconf 77' lang='lat' dir='ltr'><strong>su;e</strong></span> <span class='ocrx_word' id='word_1_395' title='bbox 2166 2724 2462 2782; x_wconf 86' lang='lat' dir='ltr'><strong>defensioni</strong></span> <span class='ocrx_word' id='word_1_396' title='bbox 2490 2722 2711 2791; x_wconf 76' lang='lat' dir='ltr'><strong>expetiit</strong></span> <span class='ocrx_word' id='word_1_397' title='bbox 2735 2720 2851 2793; x_wconf 75' lang='lat' dir='ltr'><strong>(Lib</strong></span> <span class='ocrx_word' id='word_1_398' title='bbox 2900 2736 2970 2784; x_wconf 85' lang='lat' dir='ltr'><strong>vi,</strong></span> <span class='ocrx_word' id='word_1_399' title='bbox 2990 2736 3106 2787; x_wconf 75' lang='lat' dir='ltr'><strong>cap.</strong></span> <span class='ocrx_word' id='word_1_400' title='bbox 3134 2718 3205 2789; x_wconf 83' lang='grc' dir='ltr'><strong>Ι).</strong></span> <span class='ocrx_word' id='word_1_401' title='bbox 3236 2716 3416 2785; x_wconf 83' lang='lat' dir='ltr'><strong>Legati</strong></span> <span class='ocrx_word' id='word_1_402' title='bbox 3448 2714 3599 2771; x_wconf 79' lang='lat' dir='ltr'><strong>Chii-</strong></span> 
     </span>
    </p>
   </div>
   <div class='ocr_carea' id='block_1_58' title="bbox 2029 2814 3607 2888">
    <p class='ocr_par' dir='ltr' id='par_1_58' title="bbox 2029 2814 3607 2888">
     <span class='ocr_line' id='line_1_58' title="bbox 2029 2814 3607 2888; baseline -0.004 -16"><span class='ocrx_word' id='word_1_403' title='bbox 2029 2819 2215 2888; x_wconf 88' lang='lat' dir='ltr'><strong>periei,</strong></span> <span class='ocrx_word' id='word_1_404' title='bbox 2243 2817 2334 2887; x_wconf 92' lang='lat' dir='ltr'><strong>qui</strong></span> <span class='ocrx_word' id='word_1_405' title='bbox 2358 2817 2423 2870; x_wconf 90' lang='lat' dir='ltr'><strong>ad</strong></span> <span class='ocrx_word' id='word_1_406' title='bbox 2478 2815 2756 2870; x_wconf 82' lang='lat' dir='ltr'><strong>Tiberium</strong></span> <span class='ocrx_word' id='word_1_407' title='bbox 2810 2814 3189 2879; x_wconf 77' lang='lat' dir='ltr'><strong>imperatorem</strong></span> <span class='ocrx_word' id='word_1_408' title='bbox 3246 2817 3607 2869; x_wconf 82' lang='lat' dir='ltr'><strong>accesserant.</strong></span> 
     </span>
    </p>
   </div>
   <div class='ocr_carea' id='block_1_59' title="bbox 2020 2896 3607 2974">
    <p class='ocr_par' dir='ltr' id='par_1_59' title="bbox 2020 2896 3607 2974">
     <span class='ocr_line' id='line_1_59' title="bbox 2020 2896 3607 2974; baseline -0.008 -7"><span class='ocrx_word' id='word_1_409' title='bbox 2020 2913 2095 2966; x_wconf 85' lang='lat' dir='ltr'><strong>ab</strong></span> <span class='ocrx_word' id='word_1_410' title='bbox 2119 2911 2309 2967; x_wconf 90' lang='lat' dir='ltr'><strong>eodem</strong></span> <span class='ocrx_word' id='word_1_411' title='bbox 2332 2908 2422 2963; x_wconf 92' lang='lat' dir='ltr'><strong>illo</strong></span> <span class='ocrx_word' id='word_1_412' title='bbox 2448 2916 2686 2974; x_wconf 83' lang='lat' dir='ltr'><strong>tempore</strong></span> <span class='ocrx_word' id='word_1_413' title='bbox 2717 2913 3059 2959; x_wconf 83' lang='lat' dir='ltr'><strong>revertuntur</strong></span> <span class='ocrx_word' id='word_1_414' title='bbox 3084 2902 3217 2973; x_wconf 73' lang='lat' dir='ltr'><strong>(AL,</strong></span> <span class='ocrx_word' id='word_1_415' title='bbox 3243 2896 3607 2968; x_wconf 82' lang='lat' dir='ltr'><strong>removentur]</strong></span> 
     </span>
    </p>
   </div>
   <div class='ocr_carea' id='block_1_60' title="bbox 2026 2997 2584 3069">
    <p class='ocr_par' dir='ltr' id='par_1_60' title="bbox 2026 2997 2584 3069">
     <span class='ocr_line' id='line_1_60' title="bbox 2026 2997 2584 3069; baseline -0.016 -9"><span class='ocrx_word' id='word_1_416' title='bbox 2026 3003 2285 3060; x_wconf 82' lang='lat' dir='ltr'><strong>continuo</strong></span> <span class='ocrx_word' id='word_1_417' title='bbox 2319 3000 2471 3069; x_wconf 83' lang='lat' dir='ltr'><strong>(Cap.</strong></span> <span class='ocrx_word' id='word_1_418' title='bbox 2502 2997 2584 3067; x_wconf 74' lang='lat'><strong>2).</strong></span> 
     </span>
    </p>
   </div>
   <div class='ocr_carea' id='block_1_61' title="bbox 2098 3081 3607 3152">
    <p class='ocr_par' dir='ltr' id='par_1_61' title="bbox 2098 3081 3607 3152">
     <span class='ocr_line' id='line_1_61' title="bbox 2098 3081 3607 3152; baseline -0.008 -5"><span class='ocrx_word' id='word_1_419' title='bbox 2098 3091 2381 3147; x_wconf 72' lang='lat' dir='ltr'><strong>LXXXVI.</strong></span> <span class='ocrx_word' id='word_1_420' title='bbox 2413 3088 2810 3152; x_wconf 87' lang='lat' dir='ltr'><strong>Cbildebertus,</strong></span> <span class='ocrx_word' id='word_1_421' title='bbox 2861 3085 3047 3140; x_wconf 82' lang='lat' dir='ltr'><strong>relicta</strong></span> <span class='ocrx_word' id='word_1_422' title='bbox 3079 3081 3395 3138; x_wconf 88' lang='lat' dir='ltr'><strong>Guntramni</strong></span> <span class='ocrx_word' id='word_1_423' title='bbox 3452 3095 3607 3150; x_wconf 70' lang='lat' dir='ltr'><strong>pace,</strong></span> 
     </span>
    </p>
   </div>
   <div class='ocr_carea' id='block_1_62' title="bbox 334 3172 3604 3251">
    <p class='ocr_par' dir='ltr' id='par_1_62' title="bbox 334 3172 3604 3251">
     <span class='ocr_line' id='line_1_62' title="bbox 334 3172 3604 3251; baseline -0.001 -20"><span class='ocrx_word' id='word_1_424' title='bbox 334 3178 579 3243; x_wconf 77' lang='lat' dir='ltr'><strong>homines</strong></span> <span class='ocrx_word' id='word_1_425' title='bbox 609 3189 1040 3248; x_wconf 86' lang='lat' dir='ltr'><strong>prostraverunt.</strong></span> <span class='ocrx_word' id='word_1_426' title='bbox 1070 3180 1233 3243; x_wconf 81' lang='lat' dir='ltr'><strong>Vicus</strong></span> <span class='ocrx_word' id='word_1_427' title='bbox 1271 3181 1711 3251; x_wconf 80' lang='lat' dir='ltr'><strong>Burdcgalensis,</strong></span> <span class='ocrx_word' id='word_1_428' title='bbox 1743 3183 1925 3237; x_wconf 89' lang='lat' dir='ltr'><strong>incen-</strong></span> <span class='ocrx_word' id='word_1_429' title='bbox 1952 3186 1996 3247; x_wconf 69' lang='grc' dir='ltr'>Ο</span> <span class='ocrx_word' id='word_1_430' title='bbox 2028 3199 2087 3239; x_wconf 89' lang='lat' dir='ltr'><strong>se</strong></span> <span class='ocrx_word' id='word_1_431' title='bbox 2117 3200 2236 3238; x_wconf 92' lang='lat' dir='ltr'><strong>cum</strong></span> <span class='ocrx_word' id='word_1_432' title='bbox 2268 3181 2343 3234; x_wconf 78' lang='lat' dir='ltr'><strong>Ch</strong></span> <span class='ocrx_word' id='word_1_433' title='bbox 2369 3179 2591 3251; x_wconf 91' lang='lat' dir='ltr'><strong>lperico,</strong></span> <span class='ocrx_word' id='word_1_434' title='bbox 2616 3190 2669 3233; x_wconf 90' lang='lat' dir='ltr'><strong>ut</strong></span> <span class='ocrx_word' id='word_1_435' title='bbox 2698 3192 2916 3247; x_wconf 83' lang='lat' dir='ltr'><strong>regnum</strong></span> <span class='ocrx_word' id='word_1_436' title='bbox 2938 3176 3053 3243; x_wconf 84' lang='lat' dir='ltr'><strong>ejus</strong></span> <span class='ocrx_word' id='word_1_437' title='bbox 3086 3175 3282 3244; x_wconf 88' lang='lat' dir='ltr'><strong>pariter</strong></span> <span class='ocrx_word' id='word_1_438' title='bbox 3306 3172 3604 3234; x_wconf 75' lang='lat' dir='ltr'><strong>auferrent.</strong></span> 
     </span>
    </p>
   </div>
   <div class='ocr_carea' id='block_1_63' title="bbox 334 3272 1918 3345">
    <p class='ocr_par' dir='ltr' id='par_1_63' title="bbox 334 3272 1918 3345">
     <span class='ocr_line' id='line_1_63' title="bbox 334 3272 1918 3345; baseline 0.005 -20"><span class='ocrx_word' id='word_1_439' title='bbox 334 3272 423 3342; x_wconf 80' lang='lat' dir='ltr'><strong>dio</strong></span> <span class='ocrx_word' id='word_1_440' title='bbox 454 3274 707 3329; x_wconf 84' lang='lat' dir='ltr'><strong>divinitus</strong></span> <span class='ocrx_word' id='word_1_441' title='bbox 736 3285 946 3341; x_wconf 81' lang='lat' dir='ltr'><strong>exorto,</strong></span> <span class='ocrx_word' id='word_1_442' title='bbox 979 3276 1174 3331; x_wconf 90' lang='lat' dir='ltr'><strong>multos</strong></span> <span class='ocrx_word' id='word_1_443' title='bbox 1202 3276 1429 3342; x_wconf 78' lang='lat' dir='ltr'><strong>exussit,</strong></span> <span class='ocrx_word' id='word_1_444' title='bbox 1464 3275 1644 3331; x_wconf 86' lang='lat' dir='ltr'><strong>subito</strong></span> <span class='ocrx_word' id='word_1_445' title='bbox 1672 3291 1918 3345; x_wconf 60' lang='lat' dir='ltr'><strong>cumpre«</strong></span> 
     </span>
    </p>
   </div>
   <div class='ocr_carea' id='block_1_64' title="bbox 334 3367 1921 3435">
    <p class='ocr_par' dir='ltr' id='par_1_64' title="bbox 334 3367 1921 3435">
     <span class='ocr_line' id='line_1_64' title="bbox 334 3367 1921 3435; baseline 0.004 -17"><span class='ocrx_word' id='word_1_446' title='bbox 334 3367 608 3433; x_wconf 86' lang='lat' dir='ltr'><strong>ltcndeus,</strong></span> <span class='ocrx_word' id='word_1_447' title='bbox 658 3368 850 3423; x_wconf 88' lang='lat' dir='ltr'><strong>domus</strong></span> <span class='ocrx_word' id='word_1_448' title='bbox 886 3378 941 3423; x_wconf 92' lang='lat' dir='ltr'><strong>ct</strong></span> <span class='ocrx_word' id='word_1_449' title='bbox 984 3384 1126 3423; x_wconf 73' lang='lat' dir='ltr'><strong>arezc</strong></span> <span class='ocrx_word' id='word_1_450' title='bbox 1152 3372 1191 3435; x_wconf 72' lang='grc' dir='ltr'><strong>ξε</strong></span> <span class='ocrx_word' id='word_1_451' title='bbox 1229 3384 1351 3424; x_wconf 91' lang='lat' dir='ltr'><strong>cum</strong></span> <span class='ocrx_word' id='word_1_452' title='bbox 1400 3371 1628 3425; x_wconf 85' lang='lat' dir='ltr'><strong>annonis</strong></span> <span class='ocrx_word' id='word_1_453' title='bbox 1674 3370 1921 3425; x_wconf 84' lang='lat' dir='ltr'><strong>inccndio</strong></span> 
     </span>
    </p>
   </div>
   <div class='ocr_carea' id='block_1_65' title="bbox 333 3461 1923 3533">
    <p class='ocr_par' dir='ltr' id='par_1_65' title="bbox 333 3461 1923 3533">
     <span class='ocr_line' id='line_1_65' title="bbox 333 3461 1923 3533; baseline 0.005 -21"><span class='ocrx_word' id='word_1_454' title='bbox 333 3470 761 3526; x_wconf 83' lang='lat' dir='ltr'><strong>concretnautur,</strong></span> <span class='ocrx_word' id='word_1_455' title='bbox 811 3461 954 3521; x_wconf 84' lang='lat' dir='ltr'><strong>nulla</strong></span> <span class='ocrx_word' id='word_1_456' title='bbox 997 3462 1343 3521; x_wconf 86' lang='lat' dir='ltr'><strong>incitamenta</strong></span> <span class='ocrx_word' id='word_1_457' title='bbox 1374 3462 1578 3518; x_wconf 82' lang='lat' dir='ltr'><strong>habens</strong></span> <span class='ocrx_word' id='word_1_458' title='bbox 1608 3464 1780 3533; x_wconf 81' lang='lat' dir='ltr'><strong>ignis;</strong></span> <span class='ocrx_word' id='word_1_459' title='bbox 1828 3463 1923 3520; x_wconf 82' lang='lat' dir='ltr'><strong>sed</strong></span> 
     </span>
    </p>
   </div>
   <div class='ocr_carea' id='block_1_66' title="bbox 335 3553 1926 3623">
    <p class='ocr_par' dir='ltr' id='par_1_66' title="bbox 335 3553 1926 3623">
     <span class='ocr_line' id='line_1_66' title="bbox 335 3553 1926 3623; baseline 0.004 -19"><span class='ocrx_word' id='word_1_460' title='bbox 335 3553 555 3608; x_wconf 85' lang='lat' dir='ltr'><strong>forsitan</strong></span> <span class='ocrx_word' id='word_1_461' title='bbox 602 3553 775 3623; x_wconf 62' lang='lat' dir='ltr'><strong>jussio</strong></span> <span class='ocrx_word' id='word_1_462' title='bbox 802 3554 983 3609; x_wconf 90' lang='lat' dir='ltr'><strong>divina</strong></span> <span class='ocrx_word' id='word_1_463' title='bbox 1025 3554 1143 3610; x_wconf 88' lang='lat' dir='ltr'><strong>ftiit.</strong></span> <span class='ocrx_word' id='word_1_464' title='bbox 1185 3554 1460 3614; x_wconf 74' lang='lat' dir='ltr'><strong>Auriliana</strong></span> <span class='ocrx_word' id='word_1_465' title='bbox 1499 3556 1691 3613; x_wconf 87' lang='lat' dir='ltr'><strong>civitas</strong></span> <span class='ocrx_word' id='word_1_466' title='bbox 1728 3557 1795 3609; x_wconf 89' lang='lat' dir='ltr'><strong>ab</strong></span> <span class='ocrx_word' id='word_1_467' title='bbox 1826 3561 1926 3610; x_wconf 86' lang='lat' dir='ltr'><strong>hoc</strong></span> 
     </span>
    </p>
   </div>
   <div class='ocr_carea' id='block_1_67' title="bbox 333 3642 1924 3717">
    <p class='ocr_par' dir='ltr' id='par_1_67' title="bbox 333 3642 1924 3717">
     <span class='ocr_line' id='line_1_67' title="bbox 333 3642 1924 3717; baseline 0.003 -20"><span class='ocrx_word' id='word_1_468' title='bbox 333 3642 581 3711; x_wconf 71' lang='lat' dir='ltr'><strong>incendio</strong></span> <span class='ocrx_word' id='word_1_469' title='bbox 608 3655 810 3703; x_wconf 83' lang='lat' dir='ltr'><strong>vastata</strong></span> <span class='ocrx_word' id='word_1_470' title='bbox 851 3655 933 3707; x_wconf 85' lang='lat' dir='ltr'><strong>est</strong></span> <span class='ocrx_word' id='word_1_471' title='bbox 958 3645 1113 3717; x_wconf 88' lang='lat' dir='ltr'><strong>(Cap.</strong></span> <span class='ocrx_word' id='word_1_472' title='bbox 1140 3646 1256 3717; x_wconf 75' lang='grc'><strong>55).</strong></span> <span class='ocrx_word' id='word_1_473' title='bbox 1285 3648 1436 3716; x_wconf 80' lang='lat' dir='ltr'><strong>Apud</strong></span> <span class='ocrx_word' id='word_1_474' title='bbox 1463 3648 1753 3705; x_wconf 83' lang='lat' dir='ltr'><strong>terminum</strong></span> <span class='ocrx_word' id='word_1_475' title='bbox 1793 3650 1924 3703; x_wconf 81' lang='lat' dir='ltr'><strong>Car—</strong></span> 
     </span>
    </p>
   </div>
   <div class='ocr_carea' id='block_1_68' title="bbox 334 3738 1926 3809">
    <p class='ocr_par' dir='ltr' id='par_1_68' title="bbox 334 3738 1926 3809">
     <span class='ocr_line' id='line_1_68' title="bbox 334 3738 1926 3809; baseline 0.003 -19"><span class='ocrx_word' id='word_1_476' title='bbox 334 3749 587 3807; x_wconf 76' lang='lat' dir='ltr'><strong>notenum</strong></span> <span class='ocrx_word' id='word_1_477' title='bbox 628 3738 697 3795; x_wconf 90' lang='lat' dir='ltr'><strong>de</strong></span> <span class='ocrx_word' id='word_1_478' title='bbox 741 3738 962 3794; x_wconf 75' lang='lat' dir='ltr'><strong>eﬂracto</strong></span> <span class='ocrx_word' id='word_1_479' title='bbox 1012 3755 1151 3806; x_wconf 87' lang='lat' dir='ltr'><strong>pane</strong></span> <span class='ocrx_word' id='word_1_480' title='bbox 1187 3741 1402 3809; x_wconf 81' lang='lat' dir='ltr'><strong>sanguis</strong></span> <span class='ocrx_word' id='word_1_481' title='bbox 1451 3740 1619 3795; x_wconf 77' lang='lat' dir='ltr'><strong>fluxit.</strong></span> <span class='ocrx_word' id='word_1_482' title='bbox 1661 3740 1766 3795; x_wconf 87' lang='lat' dir='ltr'><strong>Sed</strong></span> <span class='ocrx_word' id='word_1_483' title='bbox 1811 3740 1926 3795; x_wconf 49' lang='lat' dir='ltr'><strong>hate</strong></span> 
     </span>
    </p>
   </div>
   <div class='ocr_carea' id='block_1_69' title="bbox 334 3831 1923 3908">
    <p class='ocr_par' dir='ltr' id='par_1_69' title="bbox 334 3831 1923 3908">
     <span class='ocr_line' id='line_1_69' title="bbox 334 3831 1923 3908; baseline -0.001 -22"><span class='ocrx_word' id='word_1_484' title='bbox 334 3832 571 3908; x_wconf 85' lang='lat' dir='ltr'><strong>prodigia</strong></span> <span class='ocrx_word' id='word_1_485' title='bbox 600 3831 917 3901; x_wconf 83' lang='lat' dir='ltr'><strong>gravissima</strong></span> <span class='ocrx_word' id='word_1_486' title='bbox 966 3833 1081 3888; x_wconf 86' lang='lat' dir='ltr'><strong>lues</strong></span> <span class='ocrx_word' id='word_1_487' title='bbox 1108 3842 1191 3887; x_wconf 87' lang='lat' dir='ltr'><strong>est</strong></span> <span class='ocrx_word' id='word_1_488' title='bbox 1219 3833 1536 3899; x_wconf 84' lang='lat' dir='ltr'><strong>subsecuta,</strong></span> <span class='ocrx_word' id='word_1_489' title='bbox 1572 3843 1623 3887; x_wconf 91' lang='lat' dir='ltr'><strong>ct</strong></span> <span class='ocrx_word' id='word_1_490' title='bbox 1654 3834 1923 3888; x_wconf 85' lang='lat' dir='ltr'><strong>discordia</strong></span> 
     </span>
    </p>
   </div>
   <div class='ocr_carea' id='block_1_70' title="bbox 334 3923 1922 3995">
    <p class='ocr_par' dir='ltr' id='par_1_70' title="bbox 334 3923 1922 3995">
     <span class='ocr_line' id='line_1_70' title="bbox 334 3923 1922 3995; baseline 0.001 -16"><span class='ocrx_word' id='word_1_491' title='bbox 334 3938 537 3993; x_wconf 83' lang='lat' dir='ltr'><strong>regum.</strong></span> <span class='ocrx_word' id='word_1_492' title='bbox 563 3923 755 3978; x_wconf 91' lang='lat' dir='ltr'><strong>lterum</strong></span> <span class='ocrx_word' id='word_1_493' title='bbox 770 3924 965 3978; x_wconf 87' lang='lat' dir='ltr'><strong>bellum</strong></span> <span class='ocrx_word' id='word_1_494' title='bbox 979 3927 1136 3981; x_wconf 87' lang='lat' dir='ltr'><strong>civile</strong></span> <span class='ocrx_word' id='word_1_495' title='bbox 1156 3926 1486 3994; x_wconf 87' lang='lat' dir='ltr'><strong>patantibns,</strong></span> <span class='ocrx_word' id='word_1_496' title='bbox 1511 3924 1922 3995; x_wconf 74' lang='lat' dir='ltr'><strong>dysmtericusd</strong></span> 
     </span>
    </p>
   </div>
   <div class='ocr_carea' id='block_1_71' title="bbox 336 4016 1921 4087">
    <p class='ocr_par' dir='ltr' id='par_1_71' title="bbox 336 4016 1921 4087">
     <span class='ocr_line' id='line_1_71' title="bbox 336 4016 1921 4087; baseline 0.001 -16"><span class='ocrx_word' id='word_1_497' title='bbox 336 4018 553 4073; x_wconf 88' lang='lat' dir='ltr'><strong>morbus</strong></span> <span class='ocrx_word' id='word_1_498' title='bbox 598 4026 734 4071; x_wconf 84' lang='lat' dir='ltr'><strong>totas</strong></span> <span class='ocrx_word' id='word_1_499' title='bbox 764 4016 965 4071; x_wconf 85' lang='lat' dir='ltr'><strong>Gallias</strong></span> <span class='ocrx_word' id='word_1_500' title='bbox 995 4020 1409 4087; x_wconf 70' lang='lat' dir='ltr'><strong>pr.co&quot;cupavit.</strong></span> <span class='ocrx_word' id='word_1_501' title='bbox 1452 4018 1548 4072; x_wconf 85' lang='lat' dir='ltr'><strong>llis</strong></span> <span class='ocrx_word' id='word_1_502' title='bbox 1589 4018 1777 4073; x_wconf 82' lang='lat' dir='ltr'><strong>diebus</strong></span> <span class='ocrx_word' id='word_1_503' title='bbox 1808 4019 1921 4073; x_wconf 80' lang='lat' dir='ltr'><strong>Au-</strong></span> 
     </span>
    </p>
   </div>
   <div class='ocr_carea' id='block_1_72' title="bbox 333 4109 1925 4179">
    <p class='ocr_par' dir='ltr' id='par_1_72' title="bbox 333 4109 1925 4179">
     <span class='ocr_line' id='line_1_72' title="bbox 333 4109 1925 4179; baseline 0 -15"><span class='ocrx_word' id='word_1_504' title='bbox 333 4109 641 4165; x_wconf 77' lang='lat' dir='ltr'><strong>SIret-hildis</strong></span> <span class='ocrx_word' id='word_1_505' title='bbox 686 4110 1002 4164; x_wconf 86' lang='lat' dir='ltr'><strong>Guntramni</strong></span> <span class='ocrx_word' id='word_1_506' title='bbox 1032 4110 1112 4179; x_wconf 90' lang='lat' dir='ltr'><strong>pri</strong></span> <span class='ocrx_word' id='word_1_507' title='bbox 1154 4111 1286 4179; x_wconf 77' lang='lat' dir='ltr'><strong>cipis</strong></span> <span class='ocrx_word' id='word_1_508' title='bbox 1311 4110 1487 4178; x_wconf 71' lang='lat' dir='ltr'><strong>regini</strong></span> <span class='ocrx_word' id='word_1_509' title='bbox 1518 4111 1585 4164; x_wconf 89' lang='lat' dir='ltr'><strong>ab</strong></span> <span class='ocrx_word' id='word_1_510' title='bbox 1615 4110 1715 4163; x_wconf 87' lang='lat' dir='ltr'><strong>hoc</strong></span> <span class='ocrx_word' id='word_1_511' title='bbox 1736 4110 1925 4164; x_wconf 86' lang='lat' dir='ltr'><strong>inorbo</strong></span> 
     </span>
    </p>
   </div>
   <div class='ocr_carea' id='block_1_73' title="bbox 332 4202 1923 4271">
    <p class='ocr_par' dir='ltr' id='par_1_73' title="bbox 332 4202 1923 4271">
     <span class='ocr_line' id='line_1_73' title="bbox 332 4202 1923 4271; baseline -0.002 -13"><span class='ocrx_word' id='word_1_512' title='bbox 332 4212 647 4271; x_wconf 84' lang='lat' dir='ltr'><strong>consumpta</strong></span> <span class='ocrx_word' id='word_1_513' title='bbox 676 4211 781 4270; x_wconf 89' lang='lat' dir='ltr'><strong>est,</strong></span> <span class='ocrx_word' id='word_1_514' title='bbox 806 4203 1044 4257; x_wconf 88' lang='lat' dir='ltr'><strong>medicos</strong></span> <span class='ocrx_word' id='word_1_515' title='bbox 1067 4202 1133 4257; x_wconf 86' lang='lat' dir='ltr'><strong>ad</strong></span> <span class='ocrx_word' id='word_1_516' title='bbox 1163 4202 1550 4265; x_wconf 78' lang='lat' dir='ltr'><strong>Guntramnutn</strong></span> <span class='ocrx_word' id='word_1_517' title='bbox 1597 4215 1856 4259; x_wconf 80' lang='lat' dir='ltr'><strong>accusans</strong></span> <span class='ocrx_word' id='word_1_518' title='bbox 1880 4215 1923 4264; x_wconf 77' lang='grc'><strong>⁸.</strong></span> 
     </span>
    </p>
   </div>
   <div class='ocr_carea' id='block_1_74' title="bbox 331 4292 1925 4365">
    <p class='ocr_par' dir='ltr' id='par_1_74' title="bbox 331 4292 1925 4365">
     <span class='ocr_line' id='line_1_74' title="bbox 331 4292 1925 4365; baseline -0.003 -13"><span class='ocrx_word' id='word_1_519' title='bbox 331 4297 483 4365; x_wconf 83' lang='lat' dir='ltr'><strong>iussu</strong></span> <span class='ocrx_word' id='word_1_520' title='bbox 517 4295 832 4350; x_wconf 85' lang='lat' dir='ltr'><strong>Guntramni</strong></span> <span class='ocrx_word' id='word_1_521' title='bbox 884 4295 1076 4352; x_wconf 89' lang='lat' dir='ltr'><strong>medici</strong></span> <span class='ocrx_word' id='word_1_522' title='bbox 1116 4294 1341 4353; x_wconf 88' lang='lat' dir='ltr'><strong>diversis</strong></span> <span class='ocrx_word' id='word_1_523' title='bbox 1395 4294 1569 4364; x_wconf 79' lang='lat' dir='ltr'><strong>ptenis</strong></span> <span class='ocrx_word' id='word_1_524' title='bbox 1609 4292 1784 4348; x_wconf 55' lang='lat' dir='ltr'><strong>amicti</strong></span> <span class='ocrx_word' id='word_1_525' title='bbox 1826 4294 1925 4348; x_wconf 85' lang='lat' dir='ltr'><strong>mi-</strong></span> 
     </span>
    </p>
   </div>
   <div class='ocr_carea' id='block_1_75' title="bbox 331 4386 1925 4461">
    <p class='ocr_par' dir='ltr' id='par_1_75' title="bbox 331 4386 1925 4461">
     <span class='ocr_line' id='line_1_75' title="bbox 331 4386 1925 4461; baseline 0.003 -20"><span class='ocrx_word' id='word_1_526' title='bbox 331 4396 486 4456; x_wconf 82' lang='lat' dir='ltr'><strong>grant</strong></span> <span class='ocrx_word' id='word_1_527' title='bbox 510 4403 540 4444; x_wconf 89' lang='lat' dir='ltr'><strong>a</strong></span> <span class='ocrx_word' id='word_1_528' title='bbox 568 4388 766 4445; x_wconf 71' lang='lat' dir='ltr'><strong>smculo</strong></span> <span class='ocrx_word' id='word_1_529' title='bbox 796 4386 949 4461; x_wconf 87' lang='lat' dir='ltr'><strong>(Cap.</strong></span> <span class='ocrx_word' id='word_1_530' title='bbox 976 4388 1095 4459; x_wconf 80' lang='lat'><strong>56).</strong></span> <span class='ocrx_word' id='word_1_531' title='bbox 1126 4388 1201 4441; x_wconf 81' lang='lat' dir='ltr'><strong>Eo</strong></span> <span class='ocrx_word' id='word_1_532' title='bbox 1228 4403 1369 4442; x_wconf 88' lang='lat' dir='ltr'><strong>anno</strong></span> <span class='ocrx_word' id='word_1_533' title='bbox 1401 4402 1589 4459; x_wconf 85' lang='lat' dir='ltr'><strong>magna</strong></span> <span class='ocrx_word' id='word_1_534' title='bbox 1626 4388 1679 4441; x_wconf 92' lang='lat' dir='ltr'><strong>in</strong></span> <span class='ocrx_word' id='word_1_535' title='bbox 1712 4388 1925 4456; x_wconf 89' lang='lat' dir='ltr'><strong>Spaniis</strong></span> 
     </span>
    </p>
   </div>
   <div class='ocr_carea' id='block_1_76' title="bbox 333 4475 1920 4548">
    <p class='ocr_par' dir='ltr' id='par_1_76' title="bbox 333 4475 1920 4548">
     <span class='ocr_line' id='line_1_76' title="bbox 333 4475 1920 4548; baseline -0.001 -17"><span class='ocrx_word' id='word_1_536' title='bbox 333 4476 762 4533; x_wconf 88' lang='lat' dir='ltr'><strong>Christianorum</strong></span> <span class='ocrx_word' id='word_1_537' title='bbox 793 4477 1096 4547; x_wconf 88' lang='lat' dir='ltr'><strong>persecutio</strong></span> <span class='ocrx_word' id='word_1_538' title='bbox 1126 4475 1245 4537; x_wconf 86' lang='lat' dir='ltr'><strong>fuit.</strong></span> <span class='ocrx_word' id='word_1_539' title='bbox 1284 4476 1570 4548; x_wconf 82' lang='lat' dir='ltr'><strong>instigante</strong></span> <span class='ocrx_word' id='word_1_540' title='bbox 1600 4477 1920 4543; x_wconf 82' lang='lat' dir='ltr'><strong>Coaesinda,</strong></span> 
     </span>
    </p>
   </div>
   <div class='ocr_carea' id='block_1_77' title="bbox 333 4567 1924 4641">
    <p class='ocr_par' dir='ltr' id='par_1_77' title="bbox 333 4567 1924 4641">
     <span class='ocr_line' id='line_1_77' title="bbox 333 4567 1924 4641; baseline 0.002 -18"><span class='ocrx_word' id='word_1_541' title='bbox 333 4585 493 4640; x_wconf 82' lang='lat' dir='ltr'><strong>quam</strong></span> <span class='ocrx_word' id='word_1_542' title='bbox 528 4579 647 4641; x_wconf 84' lang='lat' dir='ltr'><strong>post</strong></span> <span class='ocrx_word' id='word_1_543' title='bbox 677 4570 1091 4639; x_wconf 81' lang='lat' dir='ltr'><strong>Athanagildum</strong></span> <span class='ocrx_word' id='word_1_544' title='bbox 1134 4584 1312 4640; x_wconf 84' lang='lat' dir='ltr'><strong>regem</strong></span> <span class='ocrx_word' id='word_1_545' title='bbox 1340 4585 1433 4625; x_wconf 84' lang='lat' dir='ltr'><strong>rex</strong></span> <span class='ocrx_word' id='word_1_546' title='bbox 1464 4568 1755 4626; x_wconf 88' lang='lat' dir='ltr'><strong>Leubildus</strong></span> <span class='ocrx_word' id='word_1_547' title='bbox 1786 4567 1805 4606; x_wconf 71' lang='grc' dir='ltr'>ί</span> <span class='ocrx_word' id='word_1_548' title='bbox 1835 4583 1924 4626; x_wconf 87' lang='lat' dir='ltr'><strong>ac—</strong></span> 
     </span>
    </p>
   </div>
   <div class='ocr_carea' id='block_1_78' title="bbox 405 4684 1924 4753">
    <p class='ocr_par' dir='ltr' id='par_1_78' title="bbox 405 4684 1924 4753">
     <span class='ocr_line' id='line_1_78' title="bbox 405 4684 1924 4753; baseline -0.003 -12"><span class='ocrx_word' id='word_1_549' title='bbox 405 4696 431 4724; x_wconf 61' lang='lat'>“</span> <span class='ocrx_word' id='word_1_550' title='bbox 472 4686 696 4741; x_wconf 81' lang='lat' dir='ltr'><strong>Mortem</strong></span> <span class='ocrx_word' id='word_1_551' title='bbox 721 4685 890 4741; x_wconf 70' lang='lat' dir='ltr'><strong>evasit</strong></span> <span class='ocrx_word' id='word_1_552' title='bbox 918 4700 980 4739; x_wconf 83' lang='lat' dir='ltr'><strong>ex</strong></span> <span class='ocrx_word' id='word_1_553' title='bbox 1013 4684 1199 4748; x_wconf 77' lang='lat' dir='ltr'><strong>Greg.,</strong></span> <span class='ocrx_word' id='word_1_554' title='bbox 1225 4686 1310 4753; x_wconf 85' lang='lat' dir='ltr'><strong>qui</strong></span> <span class='ocrx_word' id='word_1_555' title='bbox 1333 4686 1401 4739; x_wconf 84' lang='lat' dir='ltr'><strong>de</strong></span> <span class='ocrx_word' id='word_1_556' title='bbox 1432 4699 1496 4738; x_wconf 89' lang='lat' dir='ltr'><strong>eo</strong></span> <span class='ocrx_word' id='word_1_557' title='bbox 1519 4684 1589 4737; x_wconf 85' lang='lat' dir='ltr'><strong>ad</strong></span> <span class='ocrx_word' id='word_1_558' title='bbox 1606 4700 1692 4738; x_wconf 89' lang='lat' dir='ltr'><strong>an.</strong></span> <span class='ocrx_word' id='word_1_559' title='bbox 1718 4684 1844 4747; x_wconf 73' lang='lat'><strong>586,</strong></span> <span class='ocrx_word' id='word_1_560' title='bbox 1871 4696 1924 4737; x_wconf 75' lang='lat' dir='ltr'><strong>et</strong></span> 
     </span>
    </p>
   </div>
   <div class='ocr_carea' id='block_1_79' title="bbox 2027 3264 3610 3344">
    <p class='ocr_par' dir='ltr' id='par_1_79' title="bbox 2027 3264 3610 3344">
     <span class='ocr_line' id='line_1_79' title="bbox 2027 3264 3610 3344; baseline -0.009 -14"><span class='ocrx_word' id='word_1_561' title='bbox 2027 3274 2326 3344; x_wconf 78' lang='lat' dir='ltr'><strong>conjunxit.</strong></span> <span class='ocrx_word' id='word_1_562' title='bbox 2366 3272 2683 3342; x_wconf 90' lang='lat' dir='ltr'><strong>promittens</strong></span> <span class='ocrx_word' id='word_1_563' title='bbox 2736 3268 3109 3338; x_wconf 69' lang='lat' dir='ltr'><strong>Chilperiests,</strong></span> <span class='ocrx_word' id='word_1_564' title='bbox 3162 3268 3285 3319; x_wconf 89' lang='lat' dir='ltr'><strong>dum</strong></span> <span class='ocrx_word' id='word_1_565' title='bbox 3317 3266 3433 3319; x_wconf 89' lang='lat' dir='ltr'><strong>sine</strong></span> <span class='ocrx_word' id='word_1_566' title='bbox 3486 3264 3610 3316; x_wconf 87' lang='lat' dir='ltr'><strong>liliis</strong></span> 
     </span>
    </p>
   </div>
   <div class='ocr_carea' id='block_1_80' title="bbox 2028 3355 3607 3433">
    <p class='ocr_par' dir='ltr' id='par_1_80' title="bbox 2028 3355 3607 3433">
     <span class='ocr_line' id='line_1_80' title="bbox 2028 3355 3607 3433; baseline -0.008 -10"><span class='ocrx_word' id='word_1_567' title='bbox 2028 3375 2166 3433; x_wconf 88' lang='lat' dir='ltr'><strong>erat,</strong></span> <span class='ocrx_word' id='word_1_568' title='bbox 2191 3374 2246 3420; x_wconf 92' lang='lat' dir='ltr'><strong>ut</strong></span> <span class='ocrx_word' id='word_1_569' title='bbox 2285 3362 2684 3419; x_wconf 75' lang='lat' dir='ltr'><strong>(Zhildcbertum</strong></span> <span class='ocrx_word' id='word_1_570' title='bbox 2735 3360 2882 3429; x_wconf 88' lang='lat' dir='ltr'><strong>regni</strong></span> <span class='ocrx_word' id='word_1_571' title='bbox 2923 3360 3003 3411; x_wconf 91' lang='lat' dir='ltr'><strong>sui</strong></span> <span class='ocrx_word' id='word_1_572' title='bbox 3061 3358 3401 3423; x_wconf 87' lang='lat' dir='ltr'><strong>tclinqneret‘</strong></span> <span class='ocrx_word' id='word_1_573' title='bbox 3433 3355 3607 3410; x_wconf 62' lang='lat' dir='ltr'><strong>luereo</strong></span> 
     </span>
    </p>
   </div>
   <div class='ocr_carea' id='block_1_81' title="bbox 2028 3449 3603 3529">
    <p class='ocr_par' dir='ltr' id='par_1_81' title="bbox 2028 3449 3603 3529">
     <span class='ocr_line' id='line_1_81' title="bbox 2028 3449 3603 3529; baseline -0.008 -15"><span class='ocrx_word' id='word_1_574' title='bbox 2028 3463 2148 3514; x_wconf 91' lang='lat' dir='ltr'><strong>dem</strong></span> <span class='ocrx_word' id='word_1_575' title='bbox 2185 3459 2371 3529; x_wconf 77' lang='lat' dir='ltr'><strong>(Capp.</strong></span> <span class='ocrx_word' id='word_1_576' title='bbox 2401 3460 2452 3527; x_wconf 84' lang='lat' dir='ltr'><strong>I,</strong></span> <span class='ocrx_word' id='word_1_577' title='bbox 2480 3459 2557 3528; x_wconf 73' lang='grc' dir='ltr'><strong>ὅ).</strong></span> <span class='ocrx_word' id='word_1_578' title='bbox 2587 3458 2691 3512; x_wconf 87' lang='lat' dir='ltr'><strong>Sed</strong></span> <span class='ocrx_word' id='word_1_579' title='bbox 2717 3470 2865 3509; x_wconf 84' lang='lat' dir='ltr'><strong>more</strong></span> <span class='ocrx_word' id='word_1_580' title='bbox 2889 3455 3050 3508; x_wconf 90' lang='lat' dir='ltr'><strong>solito</strong></span> <span class='ocrx_word' id='word_1_581' title='bbox 3074 3452 3300 3506; x_wconf 79' lang='lat' dir='ltr'><strong>mendax</strong></span> <span class='ocrx_word' id='word_1_582' title='bbox 3336 3449 3603 3519; x_wconf 83' lang='lat' dir='ltr'><strong>apparuit.</strong></span> 
     </span>
    </p>
   </div>
   <div class='ocr_carea' id='block_1_82' title="bbox 2032 3541 3614 3621">
    <p class='ocr_par' dir='ltr' id='par_1_82' title="bbox 2032 3541 3614 3621">
     <span class='ocr_line' id='line_1_82' title="bbox 2032 3541 3614 3621; baseline -0.006 -15"><span class='ocrx_word' id='word_1_583' title='bbox 2032 3552 2211 3621; x_wconf 83' lang='lat' dir='ltr'><strong>Lupus</strong></span> <span class='ocrx_word' id='word_1_584' title='bbox 2251 3552 2356 3605; x_wconf 76' lang='lat' dir='ltr'><strong>dux</strong></span> <span class='ocrx_word' id='word_1_585' title='bbox 2385 3548 2778 3618; x_wconf 84' lang='lat' dir='ltr'><strong>Campanensis</strong></span> <span class='ocrx_word' id='word_1_586' title='bbox 2824 3546 2889 3603; x_wconf 89' lang='lat' dir='ltr'><strong>ab</strong></span> <span class='ocrx_word' id='word_1_587' title='bbox 2920 3545 3147 3602; x_wconf 80' lang='lat' dir='ltr'><strong>Ursione</strong></span> <span class='ocrx_word' id='word_1_588' title='bbox 3202 3554 3252 3598; x_wconf 90' lang='lat' dir='ltr'><strong>et</strong></span> <span class='ocrx_word' id='word_1_589' title='bbox 3306 3541 3614 3599; x_wconf 65' lang='lat' dir='ltr'><strong>[tertefrcdo</strong></span> 
     </span>
    </p>
   </div>
   <div class='ocr_carea' id='block_1_83' title="bbox 2026 3636 3611 3708">
    <p class='ocr_par' dir='ltr' id='par_1_83' title="bbox 2026 3636 3611 3708">
     <span class='ocr_line' id='line_1_83' title="bbox 2026 3636 3611 3708; baseline -0.008 -7"><span class='ocrx_word' id='word_1_590' title='bbox 2026 3647 2095 3703; x_wconf 81' lang='lat' dir='ltr'><strong>ab</strong></span> <span class='ocrx_word' id='word_1_591' title='bbox 2122 3646 2360 3701; x_wconf 80' lang='lat' dir='ltr'><strong>exercitu</strong></span> <span class='ocrx_word' id='word_1_592' title='bbox 2404 3643 2772 3697; x_wconf 87' lang='lat' dir='ltr'><strong>internecione</strong></span> <span class='ocrx_word' id='word_1_593' title='bbox 2828 3640 3208 3708; x_wconf 85' lang='lat' dir='ltr'><strong>persequitur;</strong></span> <span class='ocrx_word' id='word_1_594' title='bbox 3260 3636 3355 3692; x_wconf 88' lang='lat' dir='ltr'><strong>sed</strong></span> <span class='ocrx_word' id='word_1_595' title='bbox 3409 3637 3611 3690; x_wconf 73' lang='lat' dir='ltr'><strong>Bruns-</strong></span> 
     </span>
    </p>
   </div>
   <div class='ocr_carea' id='block_1_84' title="bbox 2028 3728 3611 3799">
    <p class='ocr_par' dir='ltr' id='par_1_84' title="bbox 2028 3728 3611 3799">
     <span class='ocr_line' id='line_1_84' title="bbox 2028 3728 3611 3799; baseline -0.007 -7"><span class='ocrx_word' id='word_1_596' title='bbox 2028 3737 2206 3792; x_wconf 89' lang='lat' dir='ltr'><strong>cbilde</strong></span> <span class='ocrx_word' id='word_1_597' title='bbox 2231 3734 2595 3790; x_wconf 84' lang='lat' dir='ltr'><strong>intercedente</strong></span> <span class='ocrx_word' id='word_1_598' title='bbox 2618 3733 2911 3791; x_wconf 80' lang='lat' dir='ltr'><strong>liberatur,</strong></span> <span class='ocrx_word' id='word_1_599' title='bbox 2964 3730 3379 3799; x_wconf 66' lang='lat' dir='ltr'><strong>praesidiumque</strong></span> <span class='ocrx_word' id='word_1_600' title='bbox 3426 3728 3543 3797; x_wconf 82' lang='lat' dir='ltr'><strong>ejus</strong></span> <span class='ocrx_word' id='word_1_601' title='bbox 3580 3742 3611 3781; x_wconf 90' lang='lat' dir='ltr'><strong>a</strong></span> 
     </span>
    </p>
   </div>
   <div class='ocr_carea' id='block_1_85' title="bbox 2026 3820 3175 3895">
    <p class='ocr_par' dir='ltr' id='par_1_85' title="bbox 2026 3820 3175 3895">
     <span class='ocr_line' id='line_1_85' title="bbox 2026 3820 3175 3895; baseline -0.009 -14"><span class='ocrx_word' id='word_1_602' title='bbox 2026 3842 2185 3895; x_wconf 80' lang='lat' dir='ltr'><strong>supra</strong></span> <span class='ocrx_word' id='word_1_603' title='bbox 2216 3826 2429 3895; x_wconf 75' lang='lat' dir='ltr'><strong>scriptis</strong></span> <span class='ocrx_word' id='word_1_604' title='bbox 2456 3824 2704 3879; x_wconf 89' lang='lat' dir='ltr'><strong>tralatum</strong></span> <span class='ocrx_word' id='word_1_605' title='bbox 2732 3832 2814 3877; x_wconf 78' lang='lat' dir='ltr'><strong>est</strong></span> <span class='ocrx_word' id='word_1_606' title='bbox 2847 3820 2997 3891; x_wconf 84' lang='lat' dir='ltr'><strong>(Cap.</strong></span> <span class='ocrx_word' id='word_1_607' title='bbox 3031 3820 3175 3888; x_wconf 52' lang='grc' dir='ltr'><strong>ἄνη.</strong></span> 
     </span>
    </p>
   </div>
   <div class='ocr_carea' id='block_1_86' title="bbox 2101 3909 3609 3982">
    <p class='ocr_par' dir='ltr' id='par_1_86' title="bbox 2101 3909 3609 3982">
     <span class='ocr_line' id='line_1_86' title="bbox 2101 3909 3609 3982; baseline -0.007 -10"><span class='ocrx_word' id='word_1_608' title='bbox 2101 3915 2408 3972; x_wconf 73' lang='lat' dir='ltr'><strong>LXXXVII.</strong></span> <span class='ocrx_word' id='word_1_609' title='bbox 2444 3914 2561 3968; x_wconf 79' lang='lat' dir='ltr'><strong>Fuit</strong></span> <span class='ocrx_word' id='word_1_610' title='bbox 2587 3914 2677 3967; x_wconf 87' lang='lat' dir='ltr'><strong>illo</strong></span> <span class='ocrx_word' id='word_1_611' title='bbox 2736 3923 2974 3982; x_wconf 88' lang='lat' dir='ltr'><strong>tempore</strong></span> <span class='ocrx_word' id='word_1_612' title='bbox 3020 3912 3291 3966; x_wconf 82' lang='lat' dir='ltr'><strong>reclausus</strong></span> <span class='ocrx_word' id='word_1_613' title='bbox 3332 3909 3609 3977; x_wconf 70' lang='lat' dir='ltr'><strong>Ilosp’cius</strong></span> 
     </span>
    </p>
   </div>
   <div class='ocr_carea' id='block_1_87' title="bbox 2028 3999 3611 4080">
    <p class='ocr_par' dir='ltr' id='par_1_87' title="bbox 2028 3999 3611 4080">
     <span class='ocr_line' id='line_1_87' title="bbox 2028 3999 3611 4080; baseline -0.008 -16"><span class='ocrx_word' id='word_1_614' title='bbox 2028 4010 2168 4080; x_wconf 78' lang='lat' dir='ltr'><strong>apud</strong></span> <span class='ocrx_word' id='word_1_615' title='bbox 2197 4008 2475 4062; x_wconf 79' lang='lat' dir='ltr'><strong>Nicensem</strong></span> <span class='ocrx_word' id='word_1_616' title='bbox 2502 4006 2708 4069; x_wconf 81' lang='lat' dir='ltr'><strong>urbem,</strong></span> <span class='ocrx_word' id='word_1_617' title='bbox 2739 4005 2827 4072; x_wconf 87' lang='lat' dir='ltr'><strong>qtti</strong></span> <span class='ocrx_word' id='word_1_618' title='bbox 2846 4002 3168 4060; x_wconf 82' lang='lat' dir='ltr'><strong>constrictus</strong></span> <span class='ocrx_word' id='word_1_619' title='bbox 3186 3999 3392 4055; x_wconf 90' lang='lat' dir='ltr'><strong>catenis</strong></span> <span class='ocrx_word' id='word_1_620' title='bbox 3420 4001 3483 4053; x_wconf 92' lang='lat' dir='ltr'><strong>ad</strong></span> <span class='ocrx_word' id='word_1_621' title='bbox 3518 4016 3611 4068; x_wconf 75' lang='lat' dir='ltr'><strong>pii-</strong></span> 
     </span>
    </p>
   </div>
   <div class='ocr_carea' id='block_1_88' title="bbox 2028 4094 3603 4165">
    <p class='ocr_par' dir='ltr' id='par_1_88' title="bbox 2028 4094 3603 4165">
     <span class='ocr_line' id='line_1_88' title="bbox 2028 4094 3603 4165; baseline -0.007 -8"><span class='ocrx_word' id='word_1_622' title='bbox 2028 4120 2142 4158; x_wconf 92' lang='lat' dir='ltr'><strong>rum</strong></span> <span class='ocrx_word' id='word_1_623' title='bbox 2172 4115 2369 4164; x_wconf 87' lang='lat' dir='ltr'><strong>corpus</strong></span> <span class='ocrx_word' id='word_1_624' title='bbox 2395 4099 2580 4153; x_wconf 63' lang='lat' dir='ltr'><strong>ferreis</strong></span> <span class='ocrx_word' id='word_1_625' title='bbox 2602 4138 2615 4162; x_wconf 94' lang='lat'><strong>,</strong></span> <span class='ocrx_word' id='word_1_626' title='bbox 2639 4099 2870 4165; x_wconf 61' lang='lat' dir='ltr'><strong>desuper</strong></span> <span class='ocrx_word' id='word_1_627' title='bbox 2895 4097 3090 4154; x_wconf 75' lang='lat' dir='ltr'><strong>cilicio.</strong></span> <span class='ocrx_word' id='word_1_628' title='bbox 3123 4094 3250 4148; x_wconf 92' lang='lat' dir='ltr'><strong>nihil</strong></span> <span class='ocrx_word' id='word_1_629' title='bbox 3275 4094 3414 4148; x_wconf 85' lang='lat' dir='ltr'><strong>aliud</strong></span> <span class='ocrx_word' id='word_1_630' title='bbox 3446 4110 3603 4163; x_wconf 84' lang='lat' dir='ltr'><strong>quam</strong></span> 
     </span>
    </p>
   </div>
   <div class='ocr_carea' id='block_1_89' title="bbox 2028 4185 3612 4264">
    <p class='ocr_par' dir='ltr' id='par_1_89' title="bbox 2028 4185 3612 4264">
     <span class='ocr_line' id='line_1_89' title="bbox 2028 4185 3612 4264; baseline -0.006 -17"><span class='ocrx_word' id='word_1_631' title='bbox 2028 4209 2215 4264; x_wconf 90' lang='lat' dir='ltr'><strong>purum</strong></span> <span class='ocrx_word' id='word_1_632' title='bbox 2234 4206 2422 4261; x_wconf 88' lang='lat' dir='ltr'><strong>panem</strong></span> <span class='ocrx_word' id='word_1_633' title='bbox 2435 4198 2485 4243; x_wconf 93' lang='lat' dir='ltr'><strong>et</strong></span> <span class='ocrx_word' id='word_1_634' title='bbox 2504 4202 2697 4256; x_wconf 87' lang='lat' dir='ltr'><strong>paucos</strong></span> <span class='ocrx_word' id='word_1_635' title='bbox 2711 4187 2949 4244; x_wconf 79' lang='lat' dir='ltr'><strong>dactvlos</strong></span> <span class='ocrx_word' id='word_1_636' title='bbox 2961 4186 3296 4248; x_wconf 75' lang='lat' dir='ltr'><strong>comedebat,</strong></span> <span class='ocrx_word' id='word_1_637' title='bbox 3314 4185 3364 4237; x_wconf 93' lang='lat' dir='ltr'><strong>in</strong></span> <span class='ocrx_word' id='word_1_638' title='bbox 3378 4185 3612 4250; x_wconf 71' lang='lat' dir='ltr'><strong>Quadra~</strong></span> 
     </span>
    </p>
   </div>
   <div class='ocr_carea' id='block_1_90' title="bbox 2026 4277 3610 4353">
    <p class='ocr_par' dir='ltr' id='par_1_90' title="bbox 2026 4277 3610 4353">
     <span class='ocr_line' id='line_1_90' title="bbox 2026 4277 3610 4353; baseline -0.003 -15"><span class='ocrx_word' id='word_1_639' title='bbox 2026 4284 2227 4353; x_wconf 77' lang='lat' dir='ltr'><strong>gesima</strong></span> <span class='ocrx_word' id='word_1_640' title='bbox 2257 4280 2463 4335; x_wconf 84' lang='lat' dir='ltr'><strong>radices</strong></span> <span class='ocrx_word' id='word_1_641' title='bbox 2493 4280 2775 4332; x_wconf 80' lang='lat' dir='ltr'><strong>herbarum</strong></span> <span class='ocrx_word' id='word_1_642' title='bbox 2806 4278 2953 4348; x_wconf 81' lang='lat' dir='ltr'><strong>(Cap.</strong></span> <span class='ocrx_word' id='word_1_643' title='bbox 2976 4277 3307 4346; x_wconf 86' lang='lat' dir='ltr'><strong>G).Quidttm</strong></span> <span class='ocrx_word' id='word_1_644' title='bbox 3330 4291 3610 4333; x_wconf 77' lang='lat' dir='ltr'><strong>conversa-</strong></span> 
     </span>
    </p>
   </div>
   <div class='ocr_carea' id='block_1_91' title="bbox 2026 4370 3611 4442">
    <p class='ocr_par' dir='ltr' id='par_1_91' title="bbox 2026 4370 3611 4442">
     <span class='ocr_line' id='line_1_91' title="bbox 2026 4370 3611 4442; baseline -0.006 -11"><span class='ocrx_word' id='word_1_645' title='bbox 2026 4385 2173 4431; x_wconf 90' lang='lat' dir='ltr'><strong>retur</strong></span> <span class='ocrx_word' id='word_1_646' title='bbox 2213 4376 2265 4429; x_wconf 91' lang='lat' dir='ltr'><strong>in</strong></span> <span class='ocrx_word' id='word_1_647' title='bbox 2296 4388 2546 4442; x_wconf 87' lang='lat' dir='ltr'><strong>corpore,</strong></span> <span class='ocrx_word' id='word_1_648' title='bbox 2571 4372 2751 4425; x_wconf 67' lang='lat' dir='ltr'><strong>multae</strong></span> <span class='ocrx_word' id='word_1_649' title='bbox 2782 4373 3024 4436; x_wconf 84' lang='lat' dir='ltr'><strong>virtutes,</strong></span> <span class='ocrx_word' id='word_1_650' title='bbox 3046 4379 3333 4439; x_wconf 70' lang='lat' dir='ltr'><strong>prtestante</strong></span> <span class='ocrx_word' id='word_1_651' title='bbox 3366 4370 3611 4433; x_wconf 81' lang='lat' dir='ltr'><strong>Domino,</strong></span> 
     </span>
    </p>
   </div>
   <div class='ocr_carea' id='block_1_92' title="bbox 2028 4461 3613 4538">
    <p class='ocr_par' dir='ltr' id='par_1_92' title="bbox 2028 4461 3613 4538">
     <span class='ocr_line' id='line_1_92' title="bbox 2028 4461 3613 4538; baseline -0.006 -15"><span class='ocrx_word' id='word_1_652' title='bbox 2028 4484 2124 4538; x_wconf 87' lang='lat' dir='ltr'><strong>per</strong></span> <span class='ocrx_word' id='word_1_653' title='bbox 2176 4466 2421 4523; x_wconf 85' lang='lat' dir='ltr'><strong>eumdem</strong></span> <span class='ocrx_word' id='word_1_654' title='bbox 2479 4473 2709 4518; x_wconf 73' lang='lat' dir='ltr'><strong>nsteusm</strong></span> <span class='ocrx_word' id='word_1_655' title='bbox 2766 4472 2889 4517; x_wconf 83' lang='lat' dir='ltr'><strong>sunt</strong></span> <span class='ocrx_word' id='word_1_656' title='bbox 2938 4462 3090 4533; x_wconf 85' lang='lat' dir='ltr'><strong>(Cap.</strong></span> <span class='ocrx_word' id='word_1_657' title='bbox 3138 4462 3247 4531; x_wconf 72' lang='grc'><strong>12).</strong></span> <span class='ocrx_word' id='word_1_658' title='bbox 3276 4461 3613 4530; x_wconf 79' lang='lat' dir='ltr'><strong>Chilpericus</strong></span> 
     </span>
    </p>
   </div>
   <div class='ocr_carea' id='block_1_93' title="bbox 2032 4556 3612 4625">
    <p class='ocr_par' dir='ltr' id='par_1_93' title="bbox 2032 4556 3612 4625">
     <span class='ocr_line' id='line_1_93' title="bbox 2032 4556 3612 4625; baseline -0.006 -8"><span class='ocrx_word' id='word_1_659' title='bbox 2032 4560 2360 4618; x_wconf 84' lang='lat' dir='ltr'><strong>Desiderium</strong></span> <span class='ocrx_word' id='word_1_660' title='bbox 2384 4558 2572 4613; x_wconf 89' lang='lat' dir='ltr'><strong>ducem</strong></span> <span class='ocrx_word' id='word_1_661' title='bbox 2605 4556 2668 4609; x_wconf 88' lang='lat' dir='ltr'><strong>ad</strong></span> <span class='ocrx_word' id='word_1_662' title='bbox 2696 4557 3089 4625; x_wconf 87' lang='lat' dir='ltr'><strong>pervadendnm</strong></span> <span class='ocrx_word' id='word_1_663' title='bbox 3123 4557 3531 4625; x_wconf 83' lang='lat' dir='ltr'><strong>Petrocorcgum</strong></span> <span class='ocrx_word' id='word_1_664' title='bbox 3558 4565 3612 4609; x_wconf 91' lang='lat' dir='ltr'><strong>et</strong></span> 
     </span>
    </p>
   </div>
   <div class='ocr_carea' id='block_1_94' title="bbox 2108 4669 3617 4737">
    <p class='ocr_par' dir='ltr' id='par_1_94' title="bbox 2108 4669 3617 4737">
     <span class='ocr_line' id='line_1_94' title="bbox 2108 4669 3617 4737; baseline -0.007 -9"><span class='ocrx_word' id='word_1_665' title='bbox 2108 4683 2132 4721; x_wconf 74' lang='grc' dir='ltr'><strong>ε</strong></span> <span class='ocrx_word' id='word_1_666' title='bbox 2172 4673 2259 4728; x_wconf 72' lang='grc' dir='ltr'><strong>δερ</strong></span> <span class='ocrx_word' id='word_1_667' title='bbox 2289 4687 2418 4724; x_wconf 65' lang='grc' dir='ltr'>ιιιες.</span> <span class='ocrx_word' id='word_1_668' title='bbox 2462 4679 2513 4722; x_wconf 86' lang='lat' dir='ltr'><strong>et</strong></span> <span class='ocrx_word' id='word_1_669' title='bbox 2555 4669 2719 4736; x_wconf 89' lang='lat' dir='ltr'><strong>editi,</strong></span> <span class='ocrx_word' id='word_1_670' title='bbox 2763 4669 2905 4723; x_wconf 84' lang='lat' dir='ltr'><strong>unde</strong></span> <span class='ocrx_word' id='word_1_671' title='bbox 2933 4679 3153 4737; x_wconf 83' lang='lat' dir='ltr'><strong>apparet</strong></span> <span class='ocrx_word' id='word_1_672' title='bbox 3186 4670 3279 4722; x_wconf 88' lang='lat' dir='ltr'><strong>has</strong></span> <span class='ocrx_word' id='word_1_673' title='bbox 3326 4683 3482 4722; x_wconf 78' lang='lat' dir='ltr'><strong>voces</strong></span> <span class='ocrx_word' id='word_1_674' title='bbox 3524 4669 3617 4719; x_wconf 73' lang='lat' dir='ltr'><strong>mi</strong></span> 
     </span>
    </p>
   </div>
   <div class='ocr_carea' id='block_1_95' title="bbox 333 4738 1924 4826">
    <p class='ocr_par' dir='ltr' id='par_1_95' title="bbox 333 4738 1924 4826">
     <span class='ocr_line' id='line_1_95' title="bbox 333 4738 1924 4826; baseline -0.002 -11"><span class='ocrx_word' id='word_1_675' title='bbox 333 4756 451 4826; x_wconf 82' lang='lat' dir='ltr'><strong>ejus</strong></span> <span class='ocrx_word' id='word_1_676' title='bbox 473 4738 704 4811; x_wconf 67' lang='lat' dir='ltr'><strong>mortem</strong></span> <span class='ocrx_word' id='word_1_677' title='bbox 726 4738 971 4826; x_wconf 68' lang='lat' dir='ltr'><strong>refertad</strong></span> <span class='ocrx_word' id='word_1_678' title='bbox 991 4738 1076 4809; x_wconf 82' lang='lat' dir='ltr'><strong>an.</strong></span> <span class='ocrx_word' id='word_1_679' title='bbox 1099 4738 1499 4818; x_wconf 37' lang='lat' dir='ltr'><strong>SI‘C&#39;hi&#39;ldeberti,</strong></span> <span class='ocrx_word' id='word_1_680' title='bbox 1530 4756 1621 4808; x_wconf 91' lang='lat' dir='ltr'><strong>lih.</strong></span> <span class='ocrx_word' id='word_1_681' title='bbox 1652 4738 1733 4818; x_wconf 85' lang='lat' dir='ltr'><strong>vi,</strong></span> <span class='ocrx_word' id='word_1_682' title='bbox 1754 4770 1804 4810; x_wconf 85' lang='lat' dir='ltr'><strong>c.</strong></span> <span class='ocrx_word' id='word_1_683' title='bbox 1832 4738 1924 4812; x_wconf 55' lang='lat'><strong>:28.</strong></span> 
     </span>
    </p>
   </div>
   <div class='ocr_carea' id='block_1_96' title="bbox 2028 4738 3609 4826">
    <p class='ocr_par' dir='ltr' id='par_1_96' title="bbox 2039 4738 3609 4815">
     <span class='ocr_line' id='line_1_96' title="bbox 2039 4738 3609 4815; baseline -0.003 -18"><span class='ocrx_word' id='word_1_684' title='bbox 2039 4744 2288 4815; x_wconf 66' lang='lat' dir='ltr'><strong>[agundis</strong></span> <span class='ocrx_word' id='word_1_685' title='bbox 2319 4759 2379 4795; x_wconf 78' lang='lat' dir='ltr'><strong>ex</strong></span> <span class='ocrx_word' id='word_1_686' title='bbox 2426 4741 2586 4811; x_wconf 83' lang='lat' dir='ltr'><strong>Greg.</strong></span> <span class='ocrx_word' id='word_1_687' title='bbox 2623 4740 2689 4793; x_wconf 88' lang='lat' dir='ltr'><strong>ab</strong></span> <span class='ocrx_word' id='word_1_688' title='bbox 2733 4742 3084 4810; x_wconf 88' lang='lat' dir='ltr'><strong>epitomatore</strong></span> <span class='ocrx_word' id='word_1_689' title='bbox 3119 4755 3214 4809; x_wconf 85' lang='lat' dir='ltr'><strong>pro</strong></span> <span class='ocrx_word' id='word_1_690' title='bbox 3246 4739 3396 4792; x_wconf 89' lang='lat' dir='ltr'><strong>unica</strong></span> <span class='ocrx_word' id='word_1_691' title='bbox 3448 4738 3609 4792; x_wconf 58' lang='lat' dir='ltr'><strong>fuisse</strong></span> 
     </span>
    </p>
   </div>
   <div class='ocr_carea' id='block_1_97' title="bbox 404 4825 1923 4897">
    <p class='ocr_par' dir='ltr' id='par_1_97' title="bbox 404 4825 1923 4897">
     <span class='ocr_line' id='line_1_97' title="bbox 404 4825 1923 4897; baseline 0 -18"><span class='ocrx_word' id='word_1_692' title='bbox 404 4826 431 4866; x_wconf 72' lang='grc' dir='ltr'><strong>ιι</strong></span> <span class='ocrx_word' id='word_1_693' title='bbox 471 4827 599 4881; x_wconf 88' lang='lat' dir='ltr'><strong>Can.</strong></span> <span class='ocrx_word' id='word_1_694' title='bbox 634 4836 685 4880; x_wconf 79' lang='lat' dir='ltr'><strong>et</strong></span> <span class='ocrx_word' id='word_1_695' title='bbox 710 4825 941 4892; x_wconf 87' lang='lat' dir='ltr'><strong>Cltesn.,</strong></span> <span class='ocrx_word' id='word_1_696' title='bbox 978 4828 1184 4897; x_wconf 66' lang='lat' dir='ltr'><strong>ejusme</strong></span> <span class='ocrx_word' id='word_1_697' title='bbox 1213 4828 1376 4894; x_wconf 76' lang='lat' dir='ltr'><strong>ﬁlium</strong></span> <span class='ocrx_word' id='word_1_698' title='bbox 1406 4842 1511 4880; x_wconf 67' lang='lat' dir='ltr'><strong>sua!</strong></span> <span class='ocrx_word' id='word_1_699' title='bbox 1555 4826 1697 4893; x_wconf 66' lang='lat' dir='ltr'><strong>ﬁliae.</strong></span> <span class='ocrx_word' id='word_1_700' title='bbox 1735 4826 1923 4892; x_wconf 80' lang='lat' dir='ltr'><strong>Freli.,</strong></span> 
     </span>
    </p>
   </div>
   <div class='ocr_carea' id='block_1_98' title="bbox 334 4896 1924 4968">
    <p class='ocr_par' dir='ltr' id='par_1_98' title="bbox 334 4896 1924 4968">
     <span class='ocr_line' id='line_1_98' title="bbox 334 4896 1924 4968; baseline 0.001 -17"><span class='ocrx_word' id='word_1_701' title='bbox 334 4899 543 4968; x_wconf 68' lang='lat' dir='ltr'><strong>ejusque</strong></span> <span class='ocrx_word' id='word_1_702' title='bbox 573 4898 681 4963; x_wconf 80' lang='lat' dir='ltr'><strong>ﬁlio</strong></span> <span class='ocrx_word' id='word_1_703' title='bbox 708 4914 801 4951; x_wconf 69' lang='lat' dir='ltr'><strong>sua</strong></span> <span class='ocrx_word' id='word_1_704' title='bbox 826 4896 1181 4961; x_wconf 32' lang='lat' dir='ltr'><strong>ﬁliam’suam.</strong></span> <span class='ocrx_word' id='word_1_705' title='bbox 1216 4897 1523 4965; x_wconf 77' lang='lat' dir='ltr'><strong>Legcndnm</strong></span> <span class='ocrx_word' id='word_1_706' title='bbox 1550 4906 1605 4949; x_wconf 89' lang='lat' dir='ltr'><strong>ut</strong></span> <span class='ocrx_word' id='word_1_707' title='bbox 1628 4896 1764 4965; x_wconf 90' lang='lat' dir='ltr'><strong>apud</strong></span> <span class='ocrx_word' id='word_1_708' title='bbox 1790 4898 1924 4953; x_wconf 85' lang='lat' dir='ltr'><strong>Gre-</strong></span> 
     </span>
    </p>
   </div>
   <div class='ocr_carea' id='block_1_99' title="bbox 333 4968 1488 5040">
    <p class='ocr_par' dir='ltr' id='par_1_99' title="bbox 333 4968 1488 5040">
     <span class='ocr_line' id='line_1_99' title="bbox 333 4968 1488 5040; baseline -0.003 -17"><span class='ocrx_word' id='word_1_709' title='bbox 333 4970 722 5040; x_wconf 73' lang='lat' dir='ltr'><strong>gor.,_ejusque</strong></span> <span class='ocrx_word' id='word_1_710' title='bbox 746 4968 1052 5040; x_wconf 38' lang='lat' dir='ltr'><strong>ﬁtiamLsuo</strong></span> <span class='ocrx_word' id='word_1_711' title='bbox 1081 4968 1189 5034; x_wconf 79' lang='lat' dir='ltr'><strong>lilio</strong></span> <span class='ocrx_word' id='word_1_712' title='bbox 1212 4978 1488 5040; x_wconf 59' lang='lat' dir='ltr'><strong>expeteret.</strong></span> 
     </span>
    </p>
   </div>
   <div class='ocr_carea' id='block_1_100' title="bbox 310 5037 1925 5109">
    <p class='ocr_par' dir='ltr' id='par_1_100' title="bbox 310 5037 1925 5109">
     <span class='ocr_line' id='line_1_100' title="bbox 310 5037 1925 5109; baseline -0.002 -15"><span class='ocrx_word' id='word_1_713' title='bbox 310 5037 359 5109; x_wconf 39' lang='grc' dir='ltr'><strong><em>ί</em></strong></span> <span class='ocrx_word' id='word_1_714' title='bbox 413 5050 435 5077; x_wconf 74' lang='grc' dir='ltr'><strong>ο</strong></span> <span class='ocrx_word' id='word_1_715' title='bbox 475 5037 633 5101; x_wconf 65' lang='lat' dir='ltr'><strong>Cin.,</strong></span> <span class='ocrx_word' id='word_1_716' title='bbox 668 5037 871 5091; x_wconf 82' lang='lat' dir='ltr'><strong>horrea.</strong></span> <span class='ocrx_word' id='word_1_717' title='bbox 904 5038 1100 5091; x_wconf 80' lang='lat' dir='ltr'><strong>Chesn.</strong></span> <span class='ocrx_word' id='word_1_718' title='bbox 1128 5047 1180 5090; x_wconf 92' lang='lat' dir='ltr'><strong>et</strong></span> <span class='ocrx_word' id='word_1_719' title='bbox 1212 5037 1602 5109; x_wconf 75' lang='lat' dir='ltr'><strong>Frelter.,_orto</strong></span> <span class='ocrx_word' id='word_1_720' title='bbox 1627 5040 1925 5106; x_wconf 73' lang='lat' dir='ltr'><strong>ﬂammatus</strong></span> 
     </span>
    </p>
   </div>
   <div class='ocr_carea' id='block_1_101' title="bbox 336 5107 1925 5165">
    <p class='ocr_par' dir='ltr' id='par_1_101' title="bbox 336 5107 1925 5165">
     <span class='ocr_line' id='line_1_101' title="bbox 336 5107 1925 5165; baseline -0.001 -4"><span class='ocrx_word' id='word_1_721' title='bbox 336 5111 592 5165; x_wconf 80' lang='lat' dir='ltr'><strong>multas...</strong></span> <span class='ocrx_word' id='word_1_722' title='bbox 625 5116 670 5161; x_wconf 82' lang='lat' dir='ltr'><strong>et</strong></span> <span class='ocrx_word' id='word_1_723' title='bbox 702 5124 847 5160; x_wconf 79' lang='lat' dir='ltr'><strong>areas</strong></span> <span class='ocrx_word' id='word_1_724' title='bbox 888 5123 1004 5159; x_wconf 85' lang='lat' dir='ltr'><strong>cum</strong></span> <span class='ocrx_word' id='word_1_725' title='bbox 1034 5108 1250 5159; x_wconf 77' lang='lat' dir='ltr'><strong>annonis</strong></span> <span class='ocrx_word' id='word_1_726' title='bbox 1292 5107 1583 5164; x_wconf 78' lang='lat' dir='ltr'><strong>incendium</strong></span> <span class='ocrx_word' id='word_1_727' title='bbox 1632 5123 1925 5160; x_wconf 84' lang='lat' dir='ltr'><strong>concrema-</strong></span> 
     </span>
    </p>
   </div>
   <div class='ocr_carea' id='block_1_102' title="bbox 334 5177 1815 5243">
    <p class='ocr_par' dir='ltr' id='par_1_102' title="bbox 334 5177 1815 5243">
     <span class='ocr_line' id='line_1_102' title="bbox 334 5177 1815 5243; baseline -0.003 -9"><span class='ocrx_word' id='word_1_728' title='bbox 334 5182 425 5234; x_wconf 78' lang='grc' dir='ltr'>υξι.</span> <span class='ocrx_word' id='word_1_729' title='bbox 462 5180 618 5243; x_wconf 76' lang='lat' dir='ltr'><strong>lInIi.,</strong></span> <span class='ocrx_word' id='word_1_730' title='bbox 658 5181 834 5232; x_wconf 80' lang='lat' dir='ltr'><strong>domos</strong></span> <span class='ocrx_word' id='word_1_731' title='bbox 864 5186 910 5230; x_wconf 87' lang='lat' dir='ltr'><strong>et</strong></span> <span class='ocrx_word' id='word_1_732' title='bbox 942 5178 1097 5238; x_wconf 71' lang='lat' dir='ltr'><strong>arvis,</strong></span> <span class='ocrx_word' id='word_1_733' title='bbox 1131 5177 1363 5229; x_wconf 84' lang='lat' dir='ltr'><strong>incendio</strong></span> <span class='ocrx_word' id='word_1_734' title='bbox 1409 5186 1815 5239; x_wconf 80' lang='lat' dir='ltr'><strong>concremantur.</strong></span> 
     </span>
    </p>
   </div>
   <div class='ocr_carea' id='block_1_103' title="bbox 407 5246 1675 5312">
    <p class='ocr_par' dir='ltr' id='par_1_103' title="bbox 407 5246 1675 5312">
     <span class='ocr_line' id='line_1_103' title="bbox 407 5246 1675 5312; baseline -0.002 -12"><span class='ocrx_word' id='word_1_735' title='bbox 407 5248 443 5288; x_wconf 72' lang='grc' dir='ltr'><strong>ιι</strong></span> <span class='ocrx_word' id='word_1_736' title='bbox 475 5252 612 5304; x_wconf 75' lang='lat' dir='ltr'><strong>()lar.</strong></span> <span class='ocrx_word' id='word_1_737' title='bbox 648 5258 703 5304; x_wconf 86' lang='lat' dir='ltr'><strong>et</strong></span> <span class='ocrx_word' id='word_1_738' title='bbox 732 5256 889 5312; x_wconf 83' lang='lat' dir='ltr'><strong>t&#39;an.,</strong></span> <span class='ocrx_word' id='word_1_739' title='bbox 928 5247 1296 5309; x_wconf 75' lang='lat' dir='ltr'><strong>besentericus,</strong></span> <span class='ocrx_word' id='word_1_740' title='bbox 1327 5258 1377 5299; x_wconf 88' lang='lat' dir='ltr'><strong>et</strong></span> <span class='ocrx_word' id='word_1_741' title='bbox 1409 5247 1487 5303; x_wconf 86' lang='lat' dir='ltr'><strong>sic</strong></span> <span class='ocrx_word' id='word_1_742' title='bbox 1518 5246 1675 5299; x_wconf 74' lang='lat' dir='ltr'><strong>infra.</strong></span> 
     </span>
    </p>
   </div>
   <div class='ocr_carea' id='block_1_104' title="bbox 411 5314 1926 5381">
    <p class='ocr_par' dir='ltr' id='par_1_104' title="bbox 411 5314 1926 5381">
     <span class='ocr_line' id='line_1_104' title="bbox 411 5314 1926 5381; baseline -0.004 -7"><span class='ocrx_word' id='word_1_743' title='bbox 411 5331 436 5374; x_wconf 55' lang='grc' dir='ltr'><strong>ἒ</strong></span> <span class='ocrx_word' id='word_1_744' title='bbox 475 5321 702 5381; x_wconf 79' lang='lat' dir='ltr'><strong>Chesn.,</strong></span> <span class='ocrx_word' id='word_1_745' title='bbox 728 5320 935 5371; x_wconf 73' lang='lat' dir='ltr'><strong>medicis</strong></span> <span class='ocrx_word' id='word_1_746' title='bbox 964 5316 1031 5368; x_wconf 83' lang='lat' dir='ltr'><strong>ad</strong></span> <span class='ocrx_word' id='word_1_747' title='bbox 1054 5314 1435 5370; x_wconf 81' lang='lat' dir='ltr'><strong>Guntramnum</strong></span> <span class='ocrx_word' id='word_1_748' title='bbox 1464 5317 1732 5370; x_wconf 76' lang='lat' dir='ltr'><strong>accusatis.</strong></span> <span class='ocrx_word' id='word_1_749' title='bbox 1764 5314 1926 5379; x_wconf 82' lang='lat' dir='ltr'><strong>Can.,</strong></span> 
     </span>
    </p>
   </div>
   <div class='ocr_carea' id='block_1_105' title="bbox 339 5386 1926 5445">
    <p class='ocr_par' dir='ltr' id='par_1_105' title="bbox 339 5386 1926 5445">
     <span class='ocr_line' id='line_1_105' title="bbox 339 5386 1926 5445; baseline -0.002 -2"><span class='ocrx_word' id='word_1_750' title='bbox 339 5392 598 5445; x_wconf 74' lang='lat' dir='ltr'><strong>medici...</strong></span> <span class='ocrx_word' id='word_1_751' title='bbox 650 5389 892 5444; x_wconf 71' lang='lat' dir='ltr'><strong>accusati.</strong></span> <span class='ocrx_word' id='word_1_752' title='bbox 922 5386 1054 5442; x_wconf 73' lang='lat' dir='ltr'><strong>Ean.</strong></span> <span class='ocrx_word' id='word_1_753' title='bbox 1105 5397 1155 5441; x_wconf 91' lang='lat' dir='ltr'><strong>et</strong></span> <span class='ocrx_word' id='word_1_754' title='bbox 1191 5386 1349 5441; x_wconf 80' lang='lat' dir='ltr'><strong>Freb.</strong></span> <span class='ocrx_word' id='word_1_755' title='bbox 1398 5386 1614 5439; x_wconf 78' lang='lat' dir='ltr'><strong>laudant</strong></span> <span class='ocrx_word' id='word_1_756' title='bbox 1643 5387 1801 5441; x_wconf 86' lang='lat' dir='ltr'><strong>aliam</strong></span> <span class='ocrx_word' id='word_1_757' title='bbox 1850 5389 1926 5440; x_wconf 84' lang='lat' dir='ltr'><strong>le-</strong></span> 
     </span>
    </p>
   </div>
   <div class='ocr_carea' id='block_1_106' title="bbox 336 5453 1931 5522">
    <p class='ocr_par' dir='ltr' id='par_1_106' title="bbox 336 5453 1931 5522">
     <span class='ocr_line' id='line_1_106' title="bbox 336 5453 1931 5522; baseline -0.004 -7"><span class='ocrx_word' id='word_1_758' title='bbox 336 5461 571 5516; x_wconf 79' lang='lat' dir='ltr'><strong>etiunetn</strong></span> <span class='ocrx_word' id='word_1_759' title='bbox 603 5453 689 5514; x_wconf 84' lang='lat' dir='ltr'><strong>ubi</strong></span> <span class='ocrx_word' id='word_1_760' title='bbox 719 5500 733 5522; x_wconf 96' lang='lat'><strong>,</strong></span> <span class='ocrx_word' id='word_1_761' title='bbox 786 5460 1014 5511; x_wconf 73' lang='lat' dir='ltr'><strong>medicus</strong></span> <span class='ocrx_word' id='word_1_762' title='bbox 1045 5456 1353 5511; x_wconf 80' lang='lat' dir='ltr'><strong>Guntranmi</strong></span> <span class='ocrx_word' id='word_1_763' title='bbox 1394 5456 1709 5511; x_wconf 73' lang='lat' dir='ltr'><strong>Christianos</strong></span> <span class='ocrx_word' id='word_1_764' title='bbox 1740 5459 1791 5509; x_wconf 88' lang='lat' dir='ltr'><strong>in</strong></span> <span class='ocrx_word' id='word_1_765' title='bbox 1836 5457 1931 5509; x_wconf 86' lang='lat' dir='ltr'><strong>hoc</strong></span> 
     </span>
    </p>
   </div>
   <div class='ocr_carea' id='block_1_107' title="bbox 338 5527 1933 5602">
    <p class='ocr_par' dir='ltr' id='par_1_107' title="bbox 338 5527 1933 5602">
     <span class='ocr_line' id='line_1_107' title="bbox 338 5527 1933 5602; baseline -0.003 -19"><span class='ocrx_word' id='word_1_766' title='bbox 338 5547 608 5594; x_wconf 71' lang='lat' dir='ltr'><strong>accusans,</strong></span> <span class='ocrx_word' id='word_1_767' title='bbox 626 5532 803 5602; x_wconf 76' lang='lat' dir='ltr'><strong>jussu,</strong></span> <span class='ocrx_word' id='word_1_768' title='bbox 826 5540 930 5584; x_wconf 87' lang='lat' dir='ltr'><strong>etc.</strong></span> <span class='ocrx_word' id='word_1_769' title='bbox 956 5528 1095 5582; x_wconf 67' lang='lat' dir='ltr'><strong>[id-ili</strong></span> <span class='ocrx_word' id='word_1_770' title='bbox 1116 5543 1303 5583; x_wconf 84' lang='lat' dir='ltr'><strong>omnes</strong></span> <span class='ocrx_word' id='word_1_771' title='bbox 1325 5527 1460 5583; x_wconf 84' lang='lat' dir='ltr'><strong>infra</strong></span> <span class='ocrx_word' id='word_1_772' title='bbox 1488 5528 1683 5582; x_wconf 80' lang='lat' dir='ltr'><strong>habent</strong></span> <span class='ocrx_word' id='word_1_773' title='bbox 1712 5529 1933 5597; x_wconf 82' lang='lat' dir='ltr'><strong>migrant</strong></span> 
     </span>
    </p>
   </div>
   <div class='ocr_carea' id='block_1_108' title="bbox 337 5603 634 5656">
    <p class='ocr_par' dir='ltr' id='par_1_108' title="bbox 337 5603 634 5656">
     <span class='ocr_line' id='line_1_108' title="bbox 337 5603 634 5656; baseline -0.007 -3"><span class='ocrx_word' id='word_1_774' title='bbox 337 5603 408 5654; x_wconf 81' lang='lat' dir='ltr'><strong>ad</strong></span> <span class='ocrx_word' id='word_1_775' title='bbox 437 5604 634 5656; x_wconf 68' lang='lat' dir='ltr'><strong>calum.</strong></span> 
     </span>
    </p>
   </div>
   <div class='ocr_carea' id='block_1_109' title="bbox 418 5666 1922 5737">
    <p class='ocr_par' dir='ltr' id='par_1_109' title="bbox 418 5666 1922 5737">
     <span class='ocr_line' id='line_1_109' title="bbox 418 5666 1922 5737; baseline -0.003 -10"><span class='ocrx_word' id='word_1_776' title='bbox 418 5672 434 5709; x_wconf 71' lang='grc' dir='ltr'><strong>ί</strong></span> <span class='ocrx_word' id='word_1_777' title='bbox 470 5674 560 5727; x_wconf 85' lang='lat' dir='ltr'><strong>Sic</strong></span> <span class='ocrx_word' id='word_1_778' title='bbox 580 5684 790 5736; x_wconf 85' lang='lat' dir='ltr'><strong>semper</strong></span> <span class='ocrx_word' id='word_1_779' title='bbox 813 5670 957 5722; x_wconf 70' lang='lat' dir='ltr'><strong>(Ilar.</strong></span> <span class='ocrx_word' id='word_1_780' title='bbox 986 5670 1107 5733; x_wconf 79' lang='lat' dir='ltr'><strong>Alii,</strong></span> <span class='ocrx_word' id='word_1_781' title='bbox 1137 5669 1428 5731; x_wconf 61' lang='lat' dir='ltr'><strong>Lcttvildut,</strong></span> <span class='ocrx_word' id='word_1_782' title='bbox 1456 5667 1755 5737; x_wconf 79' lang='lat' dir='ltr'><strong>Lcupildm.</strong></span> <span class='ocrx_word' id='word_1_783' title='bbox 1783 5666 1922 5722; x_wconf 78' lang='lat' dir='ltr'><strong>Idctt‘</strong></span> 
     </span>
    </p>
   </div>
   <div class='ocr_carea' id='block_1_110' title="bbox 341 5739 1922 5808">
    <p class='ocr_par' dir='ltr' id='par_1_110' title="bbox 341 5739 1922 5808">
     <span class='ocr_line' id='line_1_110' title="bbox 341 5739 1922 5808; baseline -0.001 -16"><span class='ocrx_word' id='word_1_784' title='bbox 341 5751 427 5801; x_wconf 75' lang='lat' dir='ltr'><strong>est</strong></span> <span class='ocrx_word' id='word_1_785' title='bbox 452 5744 540 5808; x_wconf 85' lang='lat' dir='ltr'><strong>qui</strong></span> <span class='ocrx_word' id='word_1_786' title='bbox 569 5742 701 5794; x_wconf 73' lang='lat' dir='ltr'><strong>alios</strong></span> <span class='ocrx_word' id='word_1_787' title='bbox 731 5739 1068 5801; x_wconf 77' lang='lat' dir='ltr'><strong>Leuvioldus,</strong></span> <span class='ocrx_word' id='word_1_788' title='bbox 1094 5756 1187 5794; x_wconf 82' lang='lat' dir='ltr'><strong>seu</strong></span> <span class='ocrx_word' id='word_1_789' title='bbox 1216 5740 1577 5806; x_wconf 72' lang='lat' dir='ltr'><strong>Leuvigildus,</strong></span> <span class='ocrx_word' id='word_1_790' title='bbox 1607 5740 1922 5807; x_wconf 81' lang='lat' dir='ltr'><strong>appellatur.</strong></span> 
     </span>
    </p>
   </div>
   <div class='ocr_carea' id='block_1_111' title="bbox 343 5809 1925 5879">
    <p class='ocr_par' dir='ltr' id='par_1_111' title="bbox 343 5809 1925 5879">
     <span class='ocr_line' id='line_1_111' title="bbox 343 5809 1925 5879; baseline -0.001 -14"><span class='ocrx_word' id='word_1_791' title='bbox 343 5812 432 5865; x_wconf 82' lang='lat' dir='ltr'><strong>Sic</strong></span> <span class='ocrx_word' id='word_1_792' title='bbox 462 5824 515 5868; x_wconf 84' lang='lat' dir='ltr'><strong>et</strong></span> <span class='ocrx_word' id='word_1_793' title='bbox 563 5811 681 5879; x_wconf 85' lang='lat' dir='ltr'><strong>ejus</strong></span> <span class='ocrx_word' id='word_1_794' title='bbox 726 5810 862 5862; x_wconf 86' lang='lat' dir='ltr'><strong>filius</strong></span> <span class='ocrx_word' id='word_1_795' title='bbox 890 5810 1006 5862; x_wconf 86' lang='lat' dir='ltr'><strong>aliis</strong></span> <span class='ocrx_word' id='word_1_796' title='bbox 1035 5824 1110 5862; x_wconf 75' lang='grc' dir='ltr'>ρει</span> <span class='ocrx_word' id='word_1_797' title='bbox 1150 5809 1579 5879; x_wconf 73' lang='lat' dir='ltr'><strong>Ermeachildus,</strong></span> <span class='ocrx_word' id='word_1_798' title='bbox 1629 5818 1685 5865; x_wconf 87' lang='lat' dir='ltr'><strong>ut</strong></span> <span class='ocrx_word' id='word_1_799' title='bbox 1728 5809 1925 5879; x_wconf 64' lang='lat' dir='ltr'><strong>sacpius</strong></span> 
     </span>
    </p>
   </div>
   <div class='ocr_carea' id='block_1_112' title="bbox 340 5880 1137 5960">
    <p class='ocr_par' dir='ltr' id='par_1_112' title="bbox 340 5880 1137 5960">
     <span class='ocr_line' id='line_1_112' title="bbox 340 5880 1137 5960; baseline -0.004 -25"><span class='ocrx_word' id='word_1_800' title='bbox 340 5882 473 5960; x_wconf 59' lang='lat' dir='ltr'><strong>infra</strong></span> <span class='ocrx_word' id='word_1_801' title='bbox 491 5924 511 5957; x_wconf 10' lang='lat'><strong>,7</strong></span> <span class='ocrx_word' id='word_1_802' title='bbox 542 5882 588 5935; x_wconf 94' lang='grc'><em>11</em></span> <span class='ocrx_word' id='word_1_803' title='bbox 597 5880 966 5947; x_wconf 70' lang='lat' dir='ltr'><strong>ermencgildu:</strong></span> <span class='ocrx_word' id='word_1_804' title='bbox 984 5918 1003 5951; x_wconf 14' lang='grc' dir='ltr'><strong>,κ</strong></span> <span class='ocrx_word' id='word_1_805' title='bbox 1031 5889 1137 5935; x_wconf 78' lang='lat' dir='ltr'><strong>etc.</strong></span> 
     </span>
    </p>
   </div>
   <div class='ocr_carea' id='block_1_113' title="bbox 2032 4826 2352 4878">
    <p class='ocr_par' dir='ltr' id='par_1_113' title="bbox 2032 4826 2352 4878">
     <span class='ocr_line' id='line_1_113' title="bbox 2032 4826 2352 4878; baseline -0.009 -9"><span class='ocrx_word' id='word_1_806' title='bbox 2032 4826 2352 4878; x_wconf 80' lang='lat' dir='ltr'><strong>assumptas.</strong></span> 
     </span>
    </p>
   </div>
   <div class='ocr_carea' id='block_1_114' title="bbox 2100 4878 3614 4947">
    <p class='ocr_par' dir='ltr' id='par_1_114' title="bbox 2100 4878 3614 4947">
     <span class='ocr_line' id='line_1_114' title="bbox 2100 4878 3614 4947; baseline -0.007 -7"><span class='ocrx_word' id='word_1_807' title='bbox 2100 4885 2128 4923; x_wconf 72' lang='grc' dir='ltr'><strong>ιι</strong></span> <span class='ocrx_word' id='word_1_808' title='bbox 2166 4886 2366 4939; x_wconf 84' lang='lat' dir='ltr'><strong>Chesn.</strong></span> <span class='ocrx_word' id='word_1_809' title='bbox 2420 4893 2472 4937; x_wconf 88' lang='lat' dir='ltr'><strong>et</strong></span> <span class='ocrx_word' id='word_1_810' title='bbox 2503 4880 2663 4935; x_wconf 83' lang='lat' dir='ltr'><strong>Freh.</strong></span> <span class='ocrx_word' id='word_1_811' title='bbox 2686 4919 2703 4947; x_wconf 93' lang='lat'><strong>,</strong></span> <span class='ocrx_word' id='word_1_812' title='bbox 2753 4881 2805 4933; x_wconf 85' lang='lat' dir='ltr'><strong>in</strong></span> <span class='ocrx_word' id='word_1_813' title='bbox 2837 4897 2990 4934; x_wconf 86' lang='lat' dir='ltr'><strong>uuam</strong></span> <span class='ocrx_word' id='word_1_814' title='bbox 3037 4881 3308 4933; x_wconf 77' lang='lat' dir='ltr'><strong>civitatem.</strong></span> <span class='ocrx_word' id='word_1_815' title='bbox 3338 4878 3505 4944; x_wconf 89' lang='lat' dir='ltr'><strong>Can.,</strong></span> <span class='ocrx_word' id='word_1_816' title='bbox 3563 4878 3614 4930; x_wconf 83' lang='lat' dir='ltr'><strong>in</strong></span> 
     </span>
    </p>
   </div>
   <div class='ocr_carea' id='block_1_115' title="bbox 2030 4957 2381 5010">
    <p class='ocr_par' dir='ltr' id='par_1_115' title="bbox 2030 4957 2381 5010">
     <span class='ocr_line' id='line_1_115' title="bbox 2030 4957 2381 5010; baseline -0.009 -1"><span class='ocrx_word' id='word_1_817' title='bbox 2030 4974 2131 5010; x_wconf 76' lang='lat' dir='ltr'><strong>una</strong></span> <span class='ocrx_word' id='word_1_818' title='bbox 2163 4957 2381 5008; x_wconf 82' lang='lat' dir='ltr'><strong>civitate.</strong></span> 
     </span>
    </p>
   </div>
   <div class='ocr_carea' id='block_1_116' title="bbox 2107 5018 3568 5085">
    <p class='ocr_par' dir='ltr' id='par_1_116' title="bbox 2107 5018 3568 5085">
     <span class='ocr_line' id='line_1_116' title="bbox 2107 5018 3568 5085; baseline -0.008 -5"><span class='ocrx_word' id='word_1_819' title='bbox 2107 5031 2121 5064; x_wconf 72' lang='grc' dir='ltr'><strong>ι</strong></span> <span class='ocrx_word' id='word_1_820' title='bbox 2166 5026 2255 5080; x_wconf 83' lang='lat' dir='ltr'><strong>Sic</strong></span> <span class='ocrx_word' id='word_1_821' title='bbox 2284 5026 2413 5077; x_wconf 87' lang='lat' dir='ltr'><strong>Cati.</strong></span> <span class='ocrx_word' id='word_1_822' title='bbox 2452 5021 2552 5074; x_wconf 80' lang='lat' dir='ltr'><strong>Alii</strong></span> <span class='ocrx_word' id='word_1_823' title='bbox 2586 5036 2735 5081; x_wconf 85' lang='lat' dir='ltr'><strong>vero,</strong></span> <span class='ocrx_word' id='word_1_824' title='bbox 2766 5022 2956 5073; x_wconf 73' lang='lat' dir='ltr'><strong>cultum</strong></span> <span class='ocrx_word' id='word_1_825' title='bbox 2987 5022 3307 5085; x_wconf 74' lang='lat' dir='ltr'><strong>baptizatus,</strong></span> <span class='ocrx_word' id='word_1_826' title='bbox 3342 5018 3568 5083; x_wconf 72' lang='lat' dir='ltr'><strong>c/I&#39;arlus.</strong></span> 
     </span>
    </p>
   </div>
   <div class='ocr_carea' id='block_1_117' title="bbox 2101 5089 3605 5154">
    <p class='ocr_par' dir='ltr' id='par_1_117' title="bbox 2101 5089 3605 5154">
     <span class='ocr_line' id='line_1_117' title="bbox 2101 5089 3605 5154; baseline -0.008 -7"><span class='ocrx_word' id='word_1_827' title='bbox 2101 5100 2125 5147; x_wconf 69' lang='grc' dir='ltr'><strong>ι</strong></span> <span class='ocrx_word' id='word_1_828' title='bbox 2164 5094 2359 5147; x_wconf 84' lang='lat' dir='ltr'><strong>Cltesn.</strong></span> <span class='ocrx_word' id='word_1_829' title='bbox 2394 5102 2445 5143; x_wconf 83' lang='lat' dir='ltr'><strong>et</strong></span> <span class='ocrx_word' id='word_1_830' title='bbox 2483 5092 2638 5154; x_wconf 83' lang='lat' dir='ltr'><strong>Can.,</strong></span> <span class='ocrx_word' id='word_1_831' title='bbox 2673 5090 2877 5143; x_wconf 76' lang='lat' dir='ltr'><strong>Suaria:</strong></span> <span class='ocrx_word' id='word_1_832' title='bbox 2919 5102 2989 5145; x_wconf 77' lang='lat' dir='ltr'><strong>ct.</strong></span> <span class='ocrx_word' id='word_1_833' title='bbox 3025 5091 3207 5153; x_wconf 66' lang='grc' dir='ltr'><strong>ντυιυ..</strong></span> <span class='ocrx_word' id='word_1_834' title='bbox 3252 5090 3473 5142; x_wconf 73' lang='grc' dir='ltr'><strong>(ἰαηιιὶἱ.</strong></span> <span class='ocrx_word' id='word_1_835' title='bbox 3507 5089 3605 5141; x_wconf 61' lang='grc' dir='ltr'><strong>Νηι-</strong></span> 
     </span>
    </p>
   </div>
   <div class='ocr_carea' id='block_1_118' title="bbox 2028 5161 3616 5228">
    <p class='ocr_par' dir='ltr' id='par_1_118' title="bbox 2028 5161 3616 5228">
     <span class='ocr_line' id='line_1_118' title="bbox 2028 5161 3616 5228; baseline -0.007 -8"><span class='ocrx_word' id='word_1_836' title='bbox 2028 5177 2134 5221; x_wconf 81' lang='lat' dir='ltr'><strong>stra</strong></span> <span class='ocrx_word' id='word_1_837' title='bbox 2166 5166 2343 5226; x_wconf 85' lang='lat' dir='ltr'><strong>lectio,</strong></span> <span class='ocrx_word' id='word_1_838' title='bbox 2373 5163 2606 5214; x_wconf 86' lang='lat' dir='ltr'><strong>Clarum.</strong></span> <span class='ocrx_word' id='word_1_839' title='bbox 2640 5161 2845 5213; x_wconf 83' lang='lat' dir='ltr'><strong>melior.</strong></span> <span class='ocrx_word' id='word_1_840' title='bbox 2867 5202 2881 5219; x_wconf 89' lang='lat'><strong>,</strong></span> <span class='ocrx_word' id='word_1_841' title='bbox 2914 5162 3109 5214; x_wconf 85' lang='lat' dir='ltr'><strong>indieat</strong></span> <span class='ocrx_word' id='word_1_842' title='bbox 3138 5162 3332 5228; x_wconf 86' lang='lat' dir='ltr'><strong>quippe</strong></span> <span class='ocrx_word' id='word_1_843' title='bbox 3379 5163 3616 5219; x_wconf 72' lang='lat' dir='ltr'><strong>Suevos,</strong></span> 
     </span>
    </p>
   </div>
   <div class='ocr_carea' id='block_1_119' title="bbox 2033 5231 3609 5301">
    <p class='ocr_par' dir='ltr' id='par_1_119' title="bbox 2033 5231 3609 5301">
     <span class='ocr_line' id='line_1_119' title="bbox 2033 5231 3609 5301; baseline -0.004 -10"><span class='ocrx_word' id='word_1_844' title='bbox 2033 5249 2083 5291; x_wconf 85' lang='lat' dir='ltr'><strong>et</strong></span> <span class='ocrx_word' id='word_1_845' title='bbox 2130 5234 2406 5291; x_wconf 74' lang='lat' dir='ltr'><strong>Galliciam</strong></span> <span class='ocrx_word' id='word_1_846' title='bbox 2459 5246 2670 5287; x_wconf 85' lang='lat' dir='ltr'><strong>omnem</strong></span> <span class='ocrx_word' id='word_1_847' title='bbox 2735 5246 2893 5299; x_wconf 86' lang='lat' dir='ltr'><strong>quam</strong></span> <span class='ocrx_word' id='word_1_848' title='bbox 2941 5232 3307 5301; x_wconf 88' lang='lat' dir='ltr'><strong>occupabant,</strong></span> <span class='ocrx_word' id='word_1_849' title='bbox 3357 5231 3609 5296; x_wconf 60' lang='lat' dir='ltr'><strong>deinceps</strong></span> 
     </span>
    </p>
   </div>
   <div class='ocr_carea' id='block_1_120' title="bbox 2034 5303 3029 5370">
    <p class='ocr_par' dir='ltr' id='par_1_120' title="bbox 2034 5303 3029 5370">
     <span class='ocr_line' id='line_1_120' title="bbox 2034 5303 3029 5370; baseline -0.014 -7"><span class='ocrx_word' id='word_1_850' title='bbox 2034 5304 2343 5370; x_wconf 73' lang='lat' dir='ltr'><strong>Leuvigildo</strong></span> <span class='ocrx_word' id='word_1_851' title='bbox 2370 5303 2793 5365; x_wconf 87' lang='lat' dir='ltr'><strong>obtemperasse.</strong></span> <span class='ocrx_word' id='word_1_852' title='bbox 3026 5312 3029 5315; x_wconf 92' lang='grc'><strong>·</strong></span> 
     </span>
    </p>
   </div>
   <div class='ocr_carea' id='block_1_121' title="bbox 2106 5370 3611 5437">
    <p class='ocr_par' dir='ltr' id='par_1_121' title="bbox 2106 5370 3611 5437">
     <span class='ocr_line' id='line_1_121' title="bbox 2106 5370 3611 5437; baseline -0.006 -5"><span class='ocrx_word' id='word_1_853' title='bbox 2106 5377 2130 5415; x_wconf 79' lang='grc' dir='ltr'>¹ι</span> <span class='ocrx_word' id='word_1_854' title='bbox 2162 5378 2424 5431; x_wconf 85' lang='lat' dir='ltr'><strong>Observat</strong></span> <span class='ocrx_word' id='word_1_855' title='bbox 2470 5370 2733 5433; x_wconf 84' lang='lat' dir='ltr'><strong>Valesius,</strong></span> <span class='ocrx_word' id='word_1_856' title='bbox 2767 5372 2902 5425; x_wconf 88' lang='lat' dir='ltr'><strong>libro</strong></span> <span class='ocrx_word' id='word_1_857' title='bbox 2930 5388 2984 5431; x_wconf 74' lang='grc' dir='ltr'>ι.</span> <span class='ocrx_word' id='word_1_858' title='bbox 3011 5372 3387 5437; x_wconf 76' lang='lat' dir='ltr'><strong>Frcdegarium</strong></span> <span class='ocrx_word' id='word_1_859' title='bbox 3420 5371 3505 5431; x_wconf 84' lang='lat' dir='ltr'><strong>hic</strong></span> <span class='ocrx_word' id='word_1_860' title='bbox 3529 5385 3611 5423; x_wconf 82' lang='lat' dir='ltr'><strong>er-</strong></span> 
     </span>
    </p>
   </div>
   <div class='ocr_carea' id='block_1_122' title="bbox 2035 5442 3610 5515">
    <p class='ocr_par' dir='ltr' id='par_1_122' title="bbox 2035 5442 3610 5515">
     <span class='ocr_line' id='line_1_122' title="bbox 2035 5442 3610 5515; baseline -0.003 -20"><span class='ocrx_word' id='word_1_861' title='bbox 2035 5444 2533 5515; x_wconf 70' lang='lat' dir='ltr'><strong>rasse,qttiseripsit</strong></span> <span class='ocrx_word' id='word_1_862' title='bbox 2568 5453 2675 5495; x_wconf 77' lang='lat' dir='ltr'><strong>tres</strong></span> <span class='ocrx_word' id='word_1_863' title='bbox 2706 5458 2766 5515; x_wconf 78' lang='lat' dir='ltr'><strong>ex</strong></span> <span class='ocrx_word' id='word_1_864' title='bbox 2791 5442 3137 5515; x_wconf 77' lang='lat' dir='ltr'><strong>Fredegtinde</strong></span> <span class='ocrx_word' id='word_1_865' title='bbox 3170 5443 3451 5509; x_wconf 78' lang='lat' dir='ltr'><strong>Cltilperici</strong></span> <span class='ocrx_word' id='word_1_866' title='bbox 3478 5442 3610 5515; x_wconf 74' lang='lat' dir='ltr'><strong>filim</strong></span> 
     </span>
    </p>
   </div>
   <div class='ocr_carea' id='block_1_123' title="bbox 2029 5512 3601 5591">
    <p class='ocr_par' dir='ltr' id='par_1_123' title="bbox 2029 5512 3601 5591">
     <span class='ocr_line' id='line_1_123' title="bbox 2029 5512 3601 5591; baseline -0.004 -20"><span class='ocrx_word' id='word_1_867' title='bbox 2029 5522 2138 5591; x_wconf 83' lang='lat' dir='ltr'><strong>jam</strong></span> <span class='ocrx_word' id='word_1_868' title='bbox 2161 5512 2369 5591; x_wconf 68' lang='lat' dir='ltr'><strong>adultas</strong></span> <span class='ocrx_word' id='word_1_869' title='bbox 2400 5529 2508 5591; x_wconf 77' lang='lat' dir='ltr'><strong>uno</strong></span> <span class='ocrx_word' id='word_1_870' title='bbox 2536 5528 2676 5566; x_wconf 90' lang='lat' dir='ltr'><strong>anno</strong></span> <span class='ocrx_word' id='word_1_871' title='bbox 2701 5512 3004 5582; x_wconf 78' lang='lat' dir='ltr'><strong>dysenteria</strong></span> <span class='ocrx_word' id='word_1_872' title='bbox 3060 5514 3438 5591; x_wconf 74' lang='lat' dir='ltr'><strong>obiisse.__l)uo</strong></span> <span class='ocrx_word' id='word_1_873' title='bbox 3460 5514 3601 5591; x_wconf 83' lang='lat' dir='ltr'><strong>enim</strong></span> 
     </span>
    </p>
   </div>
   <div class='ocr_carea' id='block_1_124' title="bbox 2037 5585 3606 5649">
    <p class='ocr_par' dir='ltr' id='par_1_124' title="bbox 2037 5585 3606 5649">
     <span class='ocr_line' id='line_1_124' title="bbox 2037 5585 3606 5649; baseline -0.01 -3"><span class='ocrx_word' id='word_1_874' title='bbox 2037 5585 2372 5649; x_wconf 72' lang='lat' dir='ltr'><strong>solummodo</strong></span> <span class='ocrx_word' id='word_1_875' title='bbox 2398 5587 2751 5641; x_wconf 81' lang='lat' dir='ltr'><strong>decesserunt</strong></span> <span class='ocrx_word' id='word_1_876' title='bbox 2786 5600 2798 5635; x_wconf 90' lang='lat'>:</span> <span class='ocrx_word' id='word_1_877' title='bbox 2836 5600 2969 5637; x_wconf 89' lang='lat' dir='ltr'><strong>unus</strong></span> <span class='ocrx_word' id='word_1_878' title='bbox 3002 5587 3204 5638; x_wconf 76' lang='lat' dir='ltr'><strong>exactis</strong></span> <span class='ocrx_word' id='word_1_879' title='bbox 3229 5585 3398 5637; x_wconf 87' lang='lat' dir='ltr'><strong>trilms</strong></span> <span class='ocrx_word' id='word_1_880' title='bbox 3429 5585 3606 5635; x_wconf 76' lang='lat' dir='ltr'><strong>lusu-is</strong></span> 
     </span>
    </p>
   </div>
   <div class='ocr_carea' id='block_1_125' title="bbox 2035 5654 3606 5723">
    <p class='ocr_par' dir='ltr' id='par_1_125' title="bbox 2035 5654 3606 5723">
     <span class='ocr_line' id='line_1_125' title="bbox 2035 5654 3606 5723; baseline -0.008 -8"><span class='ocrx_word' id='word_1_881' title='bbox 2035 5662 2163 5715; x_wconf 78' lang='lat' dir='ltr'><strong>alter</strong></span> <span class='ocrx_word' id='word_1_882' title='bbox 2206 5674 2333 5712; x_wconf 81' lang='lat' dir='ltr'><strong>vero</strong></span> <span class='ocrx_word' id='word_1_883' title='bbox 2383 5654 2556 5708; x_wconf 86' lang='lat' dir='ltr'><strong>infans</strong></span> <span class='ocrx_word' id='word_1_884' title='bbox 2597 5654 2779 5706; x_wconf 86' lang='lat' dir='ltr'><strong>statim</strong></span> <span class='ocrx_word' id='word_1_885' title='bbox 2824 5666 2943 5722; x_wconf 86' lang='lat' dir='ltr'><strong>post</strong></span> <span class='ocrx_word' id='word_1_886' title='bbox 2991 5665 3271 5723; x_wconf 77' lang='lat' dir='ltr'><strong>accepturu</strong></span> <span class='ocrx_word' id='word_1_887' title='bbox 3322 5654 3606 5722; x_wconf 82' lang='lat' dir='ltr'><strong>baptiStt.a,</strong></span> 
     </span>
    </p>
   </div>
   <div class='ocr_carea' id='block_1_126' title="bbox 2034 5732 2434 5787">
    <p class='ocr_par' dir='ltr' id='par_1_126' title="bbox 2034 5732 2434 5787">
     <span class='ocr_line' id='line_1_126' title="bbox 2034 5732 2434 5787; baseline -0.023 -1"><span class='ocrx_word' id='word_1_888' title='bbox 2034 5747 2094 5787; x_wconf 70' lang='lat' dir='ltr'><strong>ex</strong></span> <span class='ocrx_word' id='word_1_889' title='bbox 2117 5732 2434 5785; x_wconf 66' lang='lat' dir='ltr'><strong>&#39;P‘nrtttna&#39;o.</strong></span> 
     </span>
    </p>
   </div>
   <div class='ocr_carea' id='block_1_127' title="bbox 2111 5792 3575 5862">
    <p class='ocr_par' dir='ltr' id='par_1_127' title="bbox 2111 5792 3575 5862">
     <span class='ocr_line' id='line_1_127' title="bbox 2111 5792 3575 5862; baseline -0.008 -8"><span class='ocrx_word' id='word_1_890' title='bbox 2111 5802 2127 5839; x_wconf 78' lang='grc' dir='ltr'><strong>ι</strong></span> <span class='ocrx_word' id='word_1_891' title='bbox 2159 5802 2246 5855; x_wconf 82' lang='lat' dir='ltr'><strong>Sic</strong></span> <span class='ocrx_word' id='word_1_892' title='bbox 2278 5799 2417 5851; x_wconf 78' lang='lat' dir='ltr'><strong>Clar.</strong></span> <span class='ocrx_word' id='word_1_893' title='bbox 2462 5806 2512 5849; x_wconf 88' lang='lat' dir='ltr'><strong>et</strong></span> <span class='ocrx_word' id='word_1_894' title='bbox 2544 5792 2675 5846; x_wconf 77' lang='lat' dir='ltr'><strong>Bob.</strong></span> <span class='ocrx_word' id='word_1_895' title='bbox 2709 5792 2868 5856; x_wconf 78' lang='lat' dir='ltr'><strong>Editi,</strong></span> <span class='ocrx_word' id='word_1_896' title='bbox 2903 5795 3157 5849; x_wconf 85' lang='lat' dir='ltr'><strong>titentlose</strong></span> <span class='ocrx_word' id='word_1_897' title='bbox 3178 5838 3192 5862; x_wconf 86' lang='lat'><strong>,</strong></span> <span class='ocrx_word' id='word_1_898' title='bbox 3227 5795 3575 5848; x_wconf 72' lang='lat' dir='ltr'><strong>Arcucionem.</strong></span> 
     </span>
    </p>
   </div>
   <div class='ocr_carea' id='block_1_128' title="bbox 2104 5866 3594 5935">
    <p class='ocr_par' dir='ltr' id='par_1_128' title="bbox 2104 5866 3594 5935">
     <span class='ocr_line' id='line_1_128' title="bbox 2104 5866 3594 5935; baseline -0.011 -6"><span class='ocrx_word' id='word_1_899' title='bbox 2104 5883 2141 5911; x_wconf 69' lang='grc' dir='ltr'>ω</span> <span class='ocrx_word' id='word_1_900' title='bbox 2156 5872 2354 5929; x_wconf 77' lang='lat' dir='ltr'><strong>Clar.et</strong></span> <span class='ocrx_word' id='word_1_901' title='bbox 2370 5866 3143 5935; x_wconf 66' lang='grc' dir='ltr'>Οειη.,‹ιδιῳνιιεει-ἰμιὲδιιιίαιιιε</span> <span class='ocrx_word' id='word_1_902' title='bbox 3162 5877 3251 5931; x_wconf 68' lang='lat' dir='ltr'><strong>cst;</strong></span> <span class='ocrx_word' id='word_1_903' title='bbox 3271 5871 3313 5917; x_wconf 83' lang='lat' dir='ltr'><strong>al</strong></span> <span class='ocrx_word' id='word_1_904' title='bbox 3347 5866 3594 5929; x_wconf 65' lang='lat' dir='ltr'><strong>,srolnttu</strong></span> 
     </span>
    </p>
   </div>
  </div>
