4132 6348
555 286 659 343 695

1063 282 1120 339 S.
1162 274 1491 336 GREGORII
1530 268 1837 330 EPISCOPI
1875 264 2309 324 TURONENSIS
2347 263 2619 323 lllSTOR.
2661 264 2907 320 FRANC.
2949 230 3367 321 EPITOMA'I'A.

3714 267 3837 323 604

555 404 835 469 Agermum
863 408 985 451 cum
1014 393 1247 450 exercito
1272 390 1471 460 dirigit;
1496 389 1584 459 qui
1613 387 1793 457 fugato
1818 384 2129 455 Ragnoaldo
2164 381 2207 441 A
2237 385 2468 450 peratori
2499 382 2692 436 direxit
2723 380 2870 452 (Cap.
2904 382 3022 437 96‘.
3046 383 3177 437 Cum
3204 385 3399 439 exinde
3424 386 3615 441 luisset
3637 404 3835 443 rever-

555 495 716 558 dure,
744 491 840 545 has
865 489 1107 545 civitates
1141 483 1394 555 pervasit,
1424 483 1647 551 ejusque
1678 495 1895 534 uxorem
1924 478 2130 533 cunctis

556 584 715 638 rebus
730 578 1069 651 exspoliavit.
1086 575 1363 631 Baudastis
1390 582 1417 610 ι
1441 574 1545 628 dux
1580 572 1630 627 in
1667 571 1952 626 Wasconia
1976 569 2127 637 obiit,

555 677 949 741 maximamque
994 680 1195 741 partem
1224 668 1492 723 exercitus
1514 667 1597 722 sui
1627 666 1806 721 amisit
1836 663 2054 736 (Ibid.).

629 769 785 822 Anno
809 765 972 837 igitur
1010 763 1238 830 septimo
1272 759 1599 815 Childeberti
1658 759 1816 827 regis,
1875 756 1963 825 qui
2019 765 2135 810 erat

554 856 843 926 Chilperici
893 862 949 911 et
975 853 1289 908 Guntratnni
1314 850 1600 920 vigesimus
1643 850 1843 916 primus
1867 845 1897 885 δ
1918 890 1931 911 ,
1980 846 2129 903 stella

555 956 796 1005 cometes
824 945 1071 1013 apparuit
1109 944 1164 997 in
1194 942 1283 997 die
1327 950 1526 996 sanctae
1573 939 1792 995 Paschae
1835 937 1993 1010 (Cap.
2024 936 2133 1006 I4).

556 1038 711 1108 Apud
735 1037 1023 1094 Sexsionas
1045 1035 1312 1089 civitatem
1344 1034 1538 1088 ccelum
1578 1031 1771 1085 ardere
1799 1029 1974 1084 visum
2027 1036 2134 1084 est.

558 1129 919 1192 ln.Parisiaco
946 1142 1074 1181 vero
1099 1128 1313 1195 sanguis
1348 1124 1525 1179 denuo
1554 1122 1725 1189 fluxit,
1756 1131 1812 1177 et
1856 1135 2020 1191 super
2040 1136 2137 1177 ve-

556 1219 807 1275 alimenta
839 1218 1125 1272 multorum
1156 1215 1433 1269 hominum
1487 1214 1648 1285 582
1673 1212 1885 1268 cecidit.
1940 1212 2139 1267 Valitu-

559 1307 714 1363 dines
743 1308 927 1372 variae,
958 1315 1013 1361 et
1041 1305 1339 1360 mortalitas
1371 1318 1562 1373 magna
1590 1319 1657 1359 eo
1684 1317 1825 1358 anno
1856 1303 1909 1357 in
1940 1302 2141 1372 populo

559 1396 662 1453 fuit
689 1398 843 1468 (Cap.
878 1396 995 1467 18).
1052 1395 1217 1467 Igitur
1269 1395 1426 1463 legati
1478 1394 1785 1462 Chilperici,
1838 1392 2141 1449 Ansoaldus

559 1497 617 1543 et
662 1488 1068 1559 Domegiselus,
1118 1486 1207 1555 qui
1253 1486 1319 1540 ad
1377 1485 1810 1554 conSpiciendam
1861 1482 2039 1538 dotem
2088 1484 2141 1537 in

560 1577 812 1645 Spaniam
844 1582 1053 1633 fuerant
1103 1577 1287 1639 missi,
1339 1586 1464 1631 sunt
1508 1576 1739 1647 regressi
1801 1574 1885 1630 his
1930 1575 2140 1629 diebus.

563 1669 858 1725 Leubildus
886 1684 977 1724 rex
1010 1679 1197 1723 contra
1230 1668 1663 1723 Ermenchildum
1710 1666 1874 1720 ﬁlium
1903 1681 2056 1720 suum
2087 1666 2140 1719 In

563 1762 801 1815 exercitu
856 1759 1134 1815 resedebat
1182 1776 1197 1814 :

563 1854 788 1924 ejusque
815 1854 1092 1910 mulierem
1119 1869 1149 1908 a
1187 1852 1391 1909 Graecis
1419 1852 1650 1907 liberare
1684 1866 1793 1906 non
1831 1850 2022 1921 potuit,
2050 1842 2145 1906 sed

566 1958 734 2011 usque
763 1945 816 1998 in
836 1954 1062 1999 mortem
1092 1944 1217 1998 illuc
1254 1943 1548 2012 permansit
1573 1941 1725 2012 (Cap.
1759 1938 1879 2011 45).

638 2031 968 2087 LXXXVIII.
1022 2036 1096 2087 Eo
1126 2047 1267 2088 anno
1302 2033 1539 2087 Rodinus
1574 2042 1597 2070 ο
1641 2032 1750 2087 dux
1792 2031 2038 2096 moritur,
2066 2032 2149 2087 vir

569 2123 1045 2196 cicemosynarius,
1067 2135 1124 2181 et
1179 2126 1418 2181 bonitate
1467 2124 1827 2195 plenissimus,
1882 2126 2061 2194 justus
2095 2127 2146 2180 in

570 2219 803 2282 cunctis,
849 2218 1119 2288 piissimus
1150 2218 1203 2273 in
1234 2219 1559 2290 pauperibus
1592 2237 1604 2271 :
1634 2218 1723 2289 qui
1763 2219 1892 2274 dum
1921 2218 2149 2289 quadam

577 2309 717 2374 vice,
749 2317 807 2363 ut
827 2320 1197 2375 consueverat,
1222 2321 1490 2366 mortuum
1526 2311 1761 2381 sepelire
1791 2312 2148 2380 praecepisset,

572 2408 628 2455 et
647 2402 714 2456 ad
744 2402 1009 2470 quoddam
1040 2414 1444 2458 uicinumentum
1495 2418 1615 2458 cum
1646 2403 1834 2459 cultris
1862 2405 2011 2473 pueri
2042 2405 2152 2457 fos-

574 2507 688 2547 sam
716 2495 975 2562 facerent,
1004 2496 1180 2550 levato
1205 2496 1380 2565 lapide
1409 2497 1612 2551 invenit
1654 2498 1806 2552 mira:
1828 2498 2153 2567 magnitudi-

575 2584 656 2637 nis
681 2585 1007 2645 thesaurum.
1039 2596 1091 2641 et
1122 2587 1417 2642 solidorum
1443 2587 1838 2642 multitudinem
1862 2587 2015 2659 (Cap.
2035 2587 2151 2656 20).

577 2675 850 2737 IIunc-sibi
880 2680 1151 2746 praprium
1184 2693 1372 2734 verum
1430 2680 1639 2733 censuit
1665 2679 1715 2741 ά,
1742 2694 1900 2749 quem
1930 2680 2045 2735 sine
2076 2680 2155 2734 itt-

586 2767 930 2823 termissione
976 2768 1205 2824 ﬁdeliter
1256 2770 1574 2839 pauperibus
1604 2771 1863 2841 erogavit.
1894 2770 2157 2841 :quani-

587 2859 749 2914 miter
777 2874 839 2916 ea
871 2859 976 2917 ﬁde
1006 2860 1240 2917 reddidit
1260 2862 1402 2918 hunc
1422 2863 1472 2918 ei
1503 2861 1833 2930 thesaurum,
1866 2880 1893 2919 a
1929 2880 2034 2935 quo
2062 2878 2155 2920 ac-

580 2959 815 3018 ceperat.
850 2951 1008 3005 Multa
1058 2952 1206 3021 signa
1248 2961 1302 3006 et
1343 2952 1581 3022 prodigia
1612 2967 1679 3007 eo
1733 2967 1875 3007 anno
1922 2955 1978 3009 in
2018 2953 2159 3010 coelo

578 3048 706 3095 sunt
736 3040 847 3095 visa.
875 3041 1026 3113 (Cap.
1048 3042 1161 3112 21).
1182 3042 1485 3109 Chilperico
1517 3044 1659 3099 ﬁlius
1688 3044 1866 3100 denuo
1897 3048 2154 3113 nascitur,

578 3133 727 3203 jubet
748 3149 935 3190 omnes
956 3145 1255 3191 carceratos
1278 3137 1456 3191 laxare
1483 3135 1631 3207 (Cap.
1657 3135 1773 3207 25).

652 3224 940 3280 LXXXIX.
972 3226 1337 3291 Gundoaldus,
1367 3227 1454 3294 qui
1475 3242 1533 3281 se
1556 3227 1722 3282 ﬁlium
1744 3226 2000 3283 Chlotarii
2032 3242 2154 3285 esse

583 3313 818 3379 dicebat,
846 3314 915 3368 de
942 3314 1403 3384 Constantinopoli
1446 3317 1751 3387 revertitur,
1800 3330 1852 3373 et
1880 3318 2155 3375 Chlotatio

581 3421 608 3459 τι
640 3405 984 3463 Childeberto
1013 3418 1199 3478 patruo
1219 3410 1453 3465 directus
1480 3422 1563 3465 est
1594 3421 1616 3449 ε
1641 3411 1791 3483 (Cap.
1813 3413 1932 3481 24).
1983 3414 2154 3479 Quem

581 3497 881 3553 Chlotarius
935 3500 1123 3556 videns
1157 3543 1172 3565 ,
1213 3516 1418 3556 comam
1469 3504 1659 3573 capitis
1704 3506 1926 3560 tondere
1978 3506 2153 3574 iussit.

586 3588 755 3658 Quem
785 3588 1082 3661 Sigibertus
1131 3594 1440 3647 arcessitum
1473 3595 1615 3647 misit
1638 3595 1689 3647 in
1713 3595 2157 3664 Agrippinensem

590 3678 887 3745 civitatem,
914 3695 1033 3749 qua:
1060 3698 1196 3737 nunc
1220 3682 1433 3737 Colonia
1482 3683 1697 3739 dicitur.
1747 3685 1950 3740 Exinde
1979 3685 2159 3755 lapsus

586 3771 651 3825 ad
686 3773 961 3829 Narsidem
992 3775 1168 3846 dirigit
1202 3775 1246 3845 ί,
1299 3786 1353 3832 et
1377 3777 1560 3833 Narsis
1601 3793 1723 3833 eum
1774 3780 2029 3836 Mauricio
2060 3782 2156 3834 im-

2232 490 2345 538 sus-,
2375 490 2403 527 a
2428 475 2717 529 Mummolo
2746 475 2968 543 patricio
2995 474 3090 529 fuit
3117 486 3398 543 susceptus
3423 476 3656 534 factione
3676 480 3827 550 Sya-

2234 566 2330 635 grii
2355 575 2410 621 et
2440 565 2609 620 Flavii
2637 565 3007 635 episc0porum
3033 575 3083 630 8,
3117 578 3173 618 ιιι
3217 567 3607 622 Gontramnum
3624 570 3832 641 degra-

2235 656 2427 712 darent
2454 671 2483 709 a
2500 672 2684 726 regno,
2707 667 2760 711 et
2782 658 3134 715 sublimarent
3156 658 3528 715 Gundoaldum
3549 661 3689 729 (Lib.
3724 680 3828 727 vn,

2236 765 2353 817 cap.
2401 747 2514 818 διε).
2544 748 2627 803 0b
2666 748 2804 803 hanc
2854 764 3069 803 causam
3125 750 3443 807 Muntmolus
3501 755 3831 811 iute:fectus

2237 849 2341 895 est.
2367 839 2715 896 Gundoaldus
2734 856 2763 895 a
2794 841 3004 896 Bosone
3044 842 3177 897 duce
3205 845 3431 899 factione
3454 846 3830 903 Conleennen-

2239 930 2314 985 sis
2333 931 2479 985 urbis
2507 931 2576 986 de
2612 933 2887 987 cacumine
2935 934 3081 1001 rupis
3128 934 3469 1006 impingitur;
3506 939 3684 1008 ibique
3713 941 3835 995 dis-

2240 1032 2429 1092 ruptus
2480 1021 2707 1076 moritur
2758 1021 2910 1094 (Cap.
2940 1021 3055 1094 38).
3085 1025 3340 1096 Cariatto,
3366 1030 3633 1097 spatarius
3676 1032 3836 1087 Gun-

2242 1115 2458 1181 tramni,
2482 1116 2571 1185 qui
2593 1116 2728 1173 hanc
2748 1130 2861 1172 rem
2885 1117 3139 1187 prodidit,
3170 1119 3327 1190 hujus
3349 1119 3710 1187 vicissitudine
3744 1140 3836 1181 re-

2245 1208 2515 1276 pensionis
2541 1208 2907 1277 episcOpatum
2937 1209 3347 1267 Genuavensem
3374 1214 3403 1250 ιι
3433 1216 3752 1284 assumpsit.

2316 1298 2476 1370 583
2507 1298 2619 1353 XC.
2646 1300 2739 1354 Illo
2755 1308 2991 1370 tempore
3013 1301 3345 1373 Chilpericus
3362 1304 3621 1375 Parisios,
3638 1318 3833 1365 contra

2246 1400 2454 1459 pactum
2476 1390 2615 1461 quod
2633 1405 2754 1447 cum
2773 1391 2992 1447 Francis
3016 1394 3228 1465 inierat,
3254 1396 3568 1466 ingreditur,
3583 1398 3655 1453 ob
3665 1416 3832 1470 quam

2246 1496 2359 1535 rem
2393 1481 2690 1549 portionem
2718 1497 2871 1537 suam
2896 1483 3090 1538 exinde
3107 1485 3249 1554 juste
3262 1488 3439 1541 amisit
3456 1488 3596 1555 (Lib.
3617 1505 3833 1561 vr,cap.

2247 1574 2364 1643 27).
2383 1573 2744 1630 Cuntramnos
2762 1574 2777 1612 ί
2798 1585 3000 1645 partem
3014 1576 3335 1633 Childeberti
3350 1579 3415 1634 de
3441 1581 3673 1636 Massilia
3703 1583 3834 1638 red-

2248 1663 2675 1735 didit(Cap.55).
2694 1666 3038 1721 Mummolutn
3063 1667 3292 1723 factione
3322 1668 3713 1741 Fredegundte,
3744 1675 3833 1727 cui

1255 1771 1378 1814 tunc
1436 1758 1601 1812 ﬁlium
1656 1772 1812 1813 suum
1852 1757 2142 1825 interfecit,
2174 1774 2223 1833 Β
2250 1757 2747 1826 reputabantﬁlium
2764 1773 2915 1813 suum
2933 1761 3833 1827 pcrincantationeminterfecisse,

2246 1849 2408 1920 jussit
2452 1864 2544 1904 rex
2584 1850 2891 1920 suggillare,
2950 1849 3234 1919 multaeque
3264 1852 3515 1907 mulieres
3564 1869 3661 1921 pro
3718 1857 3835 1921 ipso

2251 1942 2528 1996 mendacio
2553 1956 2581 1994 a
2615 1941 2962 2011 Fredegunde
3008 1952 3132 1996 sunt
3182 1943 3477 1997 interfectae
3530 1944 3684 2015 (Cap.
3715 1946 3832 2014 '55).

2323 2032 2455 2087 XCI.
2486 2031 2823 2101 Chilpericus
2854 2033 3049 2087 timens
3100 2033 3489 2088 Guntramnom
3516 2046 3571 2089 ct
3616 2034 3834 2092 Childe-

2251 2122 2461 2178 bertnm
2479 2124 2529 2177 in
2545 2122 2987 2179 Camaracensem
3007 2138 3129 2178 cum
3155 2124 3416 2179 thesauris
3428 2127 3681 2195 omnique
3704 2145 3835 2195 pra:-

2251 2215 2393 2269 sidio
2421 2224 2503 2269 est
2531 2228 2816 2285 aggreSSus
2844 2213 2999 2285 (Cap.
3057 2214 3172 2284 Η).
3210 2215 3309 2271 Per
3361 2217 3533 2286 ipsum
3588 2220 3835 2273 timorem

2252 2320 2395 2374 szepe
2416 2306 2706 2360 exercitum
2736 2306 3003 2371 movebat,
3030 2315 3084 2361 et
3116 2308 3364 2362 resedere
3402 2309 3653 2364 faciebat.

2328 2396 2479 2451 XCII.
2505 2397 2881 2453 Childebertus
2909 2398 2961 2452 in
3002 2398 3206 2453 Italiam
3232 2400 3382 2468 abiit,
3418 2412 3472 2455 et
3500 2402 3836 2472 Langobardi

2254 2501 2313 2541 se
2334 2502 2445 2541 sua:
2468 2486 2655 2540 ditioni
2679 2488 3053 2543 commendant
3077 2488 3226 2559 (Cap.
3249 2490 3363 2561 42).
3382 2490 3627 2546 Cloriose
3644 2495 3838 2549 exinde

2254 2580 2630 2634 Childebcrtus
2679 2579 2841 2651 584
2892 2584 3194 2635 revertitur.
3265 2584 3561 2651 Acceperat
3609 2586 3754 2652 prius
3807 2602 3835 2638 a

2255 2670 2512 2726 Mauricio
2561 2672 2882 2740 imperatore
2940 2674 3322 2744 quinquaginta
3368 2677 3535 2731 millia
3584 2680 3734 2743 auri,
3786 2690 3840 2732 ut

2257 2762 2635 2831 Langobardos
2664 2764 2730 2819 de
2760 2764 2902 2819 Italia
2923 2777 3277 2837 expugnaret.
3304 2768 3409 2823 Sed
3432 2786 3538 2825 non
3559 2772 3731 2825 solum
3763 2776 3841 2826 eis

2258 2873 2365 2912 non
2397 2858 2601 2923 nocuit,
2662 2858 2755 2913 sed
2785 2860 2944 2913 etiam
2989 2860 3251 2917 amicitias
3303 2878 3424 2917 cum
3481 2863 3606 2933 ipsis
3655 2865 3839 2919 inivit.

2260 2950 2548 3005 Leuhildos
2579 2966 2700 3015 rex,
2729 2960 2786 3004 ut
2817 2965 2975 3020 supra
3028 2951 3247 3008 fecimus
3294 2957 3638 3022 mentionem,
3670 2956 3843 3010 ﬁlium

2259 3058 2415 3098 suum
2450 3044 2885 3099 Ermenchiidum
2914 3045 3207 3101 interfecit.

2183 3160 2231 3222 ρ
2339 3135 2516 3190 XCIII.
2564 3136 2913 3205 Cliilpcricus,
2944 3148 2992 3191 et
3038 3137 3400 3208 Fredcgundis
3459 3139 3620 3194 ﬁliam
3654 3154 3841 3193 eorum

2261 3244 2381 3283 cum
2404 3227 2611 3298 magnis
2639 3226 2770 3299 [Αι.,
2802 3226 3002 3299 multis]
3031 3228 3291 3284 thesauris
3323 3241 3374 3284 et
3401 3229 3743 3283 multitudine
3779 3231 3840 3282 fa.

2263 3321 2420 3375 milia:
2449 3320 2499 3375 in
2522 3319 2639 3390 ejus
2680 3320 3030 3375 ministerium
3061 3320 3257 3375 direxit
3300 3319 3350 3373 in
3379 3322 3653 3389 Spaniam,
3685 3337 3839 3391 quam

2265 3414 2404 3468 ﬁlius
2438 3412 2674 3467 Leubildi
2724 3412 2918 3481 accipit
2947 3428 3169 3467 uxorem
3204 3412 3352 3482 (Cap.
3403 3414 3520 3481 46).
3568 3413 3677 3467 Nec
3726 3423 3839 3482 post

2271 3519 2416 3559 mora
2447 3512 2693 3559 exstante
2749 3504 3084 3573 Chilpericus
3135 3506 3200 3557 ad
3251 3502 3430 3558 Calam
3485 3503 3689 3566 villam,
3745 3519 3839 3556 nec

2266 3594 2509 3661 procula
2540 3593 2797 3658 Parisios,
2829 3594 2897 3647 ab
2920 3593 3157 3658 homine,
3182 3594 3397 3648 nomine
3450 3593 3702 3658 Falcone,
3753 3594 3840 3661 qui

2262 3688 2456 3741 missus
2483 3700 2511 3738 a
2547 3685 2902 3741 Brunechilde
2948 3686 3144 3750 fuerat,
3177 3696 3258 3740 est
3308 3686 3623 3741 interfectus
3679 3686 3725 3739 ἰ.
3784 3687 3842 3740 Ει

2259 3777 2336 3832 sic
2356 3776 2780 3832 crudelissimam
2793 3777 2953 3832 vitam
2979 3777 3338 3848 digna,morte
3355 3778 3525 3833 ﬁnivit
3543 3777 3699 3849 (Cap.
3724 3776 3838 3846 46).

1560 3970 1855 4017 EXPLICJT
1896 3972 2086 4015 LIBER
2128 3970 2479 4016 EXCERPTE
2523 3966 2862 4013 CURONICE

657 4195 682 4224 ο
706 4183 928 4250 Chesn.,
951 4182 1269 4240 Blaudastis.
1296 4183 1365 4255 Et
1386 4192 1561 4240 tamen
1574 4183 1863 4254 Gregorius
1876 4200 2024 4255 ptura
2039 4199 2165 4239 nar-

586 4264 670 4308 rat
691 4258 756 4308 de
779 4256 964 4309 eodem
988 4256 1230 4309 tiladaste
1260 4254 1416 4316 infra.
1444 4272 1566 4309 nam
1590 4268 1644 4309 et
1668 4256 1881 4310 biennio
1909 4265 2030 4323 post
2068 4255 2162 4308 Bi-

591 4326 808 4395 turicym
826 4323 1044 4395 pallavit,
1058 4334 1112 4379 et
1145 4334 1324 4393 postea
1355 4324 1701 4380 Gundovaldo
1727 4324 2041 4395 conjun_ctus
2056 4336 2157 4380 cst.

656 4392 800 4467 l{Sic
825 4391 965 4448 Clar.
1013 4391 1154 4449 Editi
1181 4409 1330 4461 vero,
1381 4397 1671 4467 vigesimus.
1714 4391 1853 4449 Infra
1901 4392 2003 4448 Ch.
2060 4396 2159 4461 aL,

584 4462 729 4514 stel’a
755 4470 971 4515 comata.

659 4530 880 4605 sChesn
951 4533 1048 4605 al.,_
1095 4532 1405 4600 Chrodinus,
1430 4534 1498 4590 de
1544 4547 1652 4603 quo
1699 4548 1859 4603 supra
1908 4548 2025 4605 cap.
2072 4533 2161 4590 59.

590 4599 751 4664 Βοὴ..
782 4602 1001 4656 ἇοηιιαιε
1030 4603 1341 4657 lenissimus.

655 4668 682 4708 ἀ
714 4671 803 4729 Sic
832 4672 965 4745 Boii.
1005 4684 1058 4727 et
1086 4674 1224 4727 Clar.
1257 4673 1415 4739 Can.,
1446 4675 1568 4745 jure
1606 4675 1817 4729 censuit.
1852 4674 2012 4730 Freh.
2041 4717 2056 4741 ,
2087 4676 2166 4731 vir

581 4745 794 4797 censuit.
828 4743 1050 4809 Chesn.,
1081 4745 1301 4796 ceusivit.

662 4823 686 4850 ⁸
714 4813 1060 4882 Fredegarios
1084 4813 1421 4869 existimasse
1461 4814 1671 4869 videtur
1699 4814 2095 4872 Childebertnm
2120 4816 2162 4881 I,

586 4882 701 4952 qui,
725 4899 793 4954 ex
812 4881 1089 4954 Gregorio,
1113 4885 1516 4941 Condovaldnm
1547 4885 1732 4941 Chlota
1744 4888 1821 4941 rio
1847 4888 2160 4954 transmisit,

593 4953 1024 5026 ipsiusChloturii
1043 4957 1203 5010 fuisse
1228 4965 1494 5025 patruum,
1513 4956 1651 5026 quod
1673 4955 1862 5012 falsum
1875 4967 1958 5011 est
1984 4953 2166 5020 :erant

583 5025 728 5078 enim
761 5025 967 5080 fratres.
998 5031 1101 5082 Aut
1121 5038 1266 5082 certe
1288 5025 1886 5082 Childeb.Gundovaldi
1918 5036 2161 5096 patruum

588 5097 847 5167 appellat,
866 5106 920 5151 et
954 5106 1079 5152 tunc
1105 5097 1220 5166 ejus
1260 5100 1419 5153 verba
1467 5099 1545 5153 sic
1592 5095 2162 5167 exponendaessent:

586 5164 631 5217 A
649 5165 989 5221 Chiideberto
1004 5164 1235 5223 directus
1248 5170 1406 5228 estad
1429 5180 1629 5236 patrem
1644 5164 1796 5222 suum
1811 5169 2161 5232 Chlotarium,

588 5236 727 5302 quod
766 5251 797 5290 a
837 5239 1058 5293 veritate
1093 5239 1320 5292 alienum
1352 5244 1457 5293 nan
1489 5247 1593 5295 est.
1625 5240 1756 5293 Nam
1781 5239 2165 5293 Gundovuldus

589 5305 1188 5377 primnmChildeberto
1218 5311 1234 5362 i
1261 5319 1611 5377 praesentatus
1640 5321 1742 5374 est,
1768 5325 1887 5364 cum
1913 5310 1979 5363 ad
2004 5309 2167 5362 Chlo-

590 5375 784 5448 tariqu
812 5375 1044 5448 directus
1072 5378 1185 5431 fuit.
1220 5375 1416 5435 florifer
1443 5394 1560 5448 cap.
1594 5378 1666 5432 24
1696 5380 1788 5433 lib.
1814 5395 1864 5433 vt
1889 5378 2157 5445 Gregorii.

661 5442 681 5566 ἴ
719 5445 854 5566 Cain;
886 5455 938 5500 ct
960 5446 1087 5515 Ch.,
1118 5450 1378 5518 dirigitur.
1408 5442 1597 5505 Nostra
1650 5450 1808 5504 lectio
1861 5442 2081 5517 melior,
2111 5449 2165 5504 id

702 5529 766 5564 va
812 5532 869 5566 Ι.

592 5522 673 5567 cst
702 5522 869 5568 vadit.

667 5594 690 5631 ς
720 5583 979 5654 Syagrius
1020 5598 1133 5643 erat
1177 5589 1688 5660 Augostodunensis,
1750 5598 1803 5645 ct
1833 5588 2050 5647 Flavius
2071 5588 2168 5646 Ca-

2188 4291 2243 4353 D

2269 4184 2589 4239 billonensis
2617 4183 2876 4253 episcopi,
2898 4195 3035 4252 quos
3061 4180 3247 4238 ﬁdeles
3272 4195 3489 4251 semper
3510 4180 3845 4239 Cttntramno

2269 4257 2544 4309 exstitisse
2573 4252 2849 4310 existimat
2880 4253 3138 4320 Valesius,
3164 4252 3592 4322 proditionisque
3622 4269 3843 4308 accusa-

2268 4337 2352 4381 tos
2378 4341 2408 4381 a
2456 4325 2744 4380 Mummolo
2803 4324 3085 4389 invidiose,
3136 4323 3277 4392 quod
3317 4338 3503 4379 corutn
3552 4328 3845 4391 petentiam

2266 4411 2408 4465 aegre
2447 4398 2632 4451 ferret.
2750 4431 2761 4441 -

2338 4466 2361 4504 δ
2390 4466 2491 4531 Ch;
2519 4466 2615 4533 al.,
2645 4464 2901 4520 Cariatus.
2932 4463 3261 4534 Subscripsit
3292 4463 3760 4521 Conc.Valentiuo
3784 4481 3845 4532 tt,

2263 4552 2353 4612 an.
2387 4536 2585 4612 ἤρκει
2615 4537 2989 4612 IIIatisconensi
3041 4537 3166 4612 item
3211 4550 3270 4602 tt,
3301 4538 3733 4612 annoaequenti.

2337 4607 2352 4657 i
2395 4609 2484 4663 Sic
2509 4606 2653 4675 Clar,
2683 4605 2842 4673 Editi,
2870 4606 3009 4661 male
3032 4646 3049 4671 ,
3074 4605 3419 4660 Cumramno.
3444 4605 3575 4661 Vide
3598 4604 3844 4677 Gregorii

2263 4684 2461 4733 locum.

2338 4760 2352 4799 ι
2392 4746 2679 4815 Chilperici
2710 4761 2896 4802 necem
2928 4745 3260 4812 Fredegundi
3296 4744 3475 4799 tribuit
3505 4753 3695 4801 auctor
3714 4745 3846 4801 Ges-

2266 4816 2909 4877 torunilt‘rancorutu,et
2964 4828 3080 4885 post
3132 4831 3254 4870 eum
3304 4818 3603 4882 Aitnoiuus,
3663 4818 3846 4870 verita:

2267 4889 2477 4943 scilicet
2501 4903 2566 4942 ne
2592 4889 2707 4955 ejus
2737 4889 2974 4956 impuros
3002 4900 3215 4942 amores
3235 4926 3249 4949 ,
3274 4901 3413 4956 quos,
3444 4901 3563 4940 cum
3592 4887 3847 4941 blunderi-

2267 4974 2335 5013 co
2363 4959 2609 5024 habebat,
2638 4958 2753 5026 ipse
2784 4955 2876 5013 rex
2896 4957 3131 5027 puniret.
3150 4955 3511 5025 Sunnigisilus
3528 4969 3728 5022 tamen,
3754 4958 3844 5024 qui

2264 5044 2331 5084 ex
2361 5030 2495 5084 Ilist.
2526 5027 2688 5098 Greg.
2719 5029 2815 5084 lib.
2851 5026 2908 5093 x,
2962 5044 3079 5095 cap.
3110 5028 3196 5093 I9,
3229 5026 3399 5080 fassus
3426 5036 3533 5098 gest
3582 5042 3642 5081 se
3698 5042 3845 5081 reum

2265 5116 2387 5155 esse
2416 5096 2704 5167 Chilperici
2734 5099 2941 5164 mortis,
2966 5098 3171 5153 crimen
3220 5098 3273 5151 in
3302 5096 3707 5165 Fredegundem
3740 5111 3843 5151 non

2266 5171 2471 5237 rejecit.
2504 5170 2908 5238 Fredegundem
2932 5169 3149 5238 ejusgrei
3171 5181 3429 5222 accusare
3459 5169 3670 5222 videtur
3698 5167 3841 5238 Chllf

2267 5235 2546 5305 debertus,
2576 5235 2703 5294 cuni
2739 5240 2911 5309 ipsam
2963 5235 2994 5293 ἐι
3027 5235 3359 5292 Gnntramno
3412 5248 3659 5307 repetens
3711 5237 3847 5305 apud

2266 5310 2448 5383 Greg,
2481 5310 2576 5383 lib.
2608 5327 2703 5383 νιι,
2734 5324 2856 5383 cap.
2876 5310 3071 5383 7,7eam
3094 5323 3248 5383 suum
3281 5316 3574 5383 patrem_ac
3601 5315 3847 5383 patruum

2267 5376 2605 5442 interfecisse
2631 5376 2864 5435 dicebat.
2915 5376 3026 5433 Il'oc
3055 5379 3259 5440 crimen
3286 5376 3431 5446 ipsa
3478 5376 3847 5444 Fredegundis

2266 5452 2526 5578 zgjlccglin
2555 5451 2864 5510 Eberulfuut
2886 5449 3175 5520 Cbilperici
3198 5448 3612 5517 cubicularium,
3632 5446 3728 5504 lib.
3752 5459 3855 5510 vn,

2268 5536 2386 5591 cap.
2412 5536 2500 5578 τι.
