4132 6348
347 289 3620 349 Ἥ

1011 471 1522 546 MONITUM
1584 470 1702 545 IN
1757 466 2228 556 SEQUENS
2301 464 2989 540 CHRONICUM.

424 656 773 722 Chromcum,
805 654 949 726 quod
979 656 1031 710 in
1061 654 1384 711 collectione
1412 652 1737 722 Fredegario
1768 652 2020 707 attributa
2065 659 2314 721 quartum
2344 657 2437 703 aut
2462 658 2673 704 sextum
2701 648 2880 703 locum
2909 647 3135 713 obtinet,
3165 646 3410 719 Gregorii
3447 649 3619 706 nostri

353 747 605 804 Historia:
621 747 1013 819 subjungimus,
1034 747 1173 817 quod
1201 747 1271 801 sit
1297 746 1414 817 ejus
1434 745 1598 800 veluti
1629 745 1978 801 continuatio.
2012 743 2148 798 Hinc
2174 741 2414 797 nonnulli
2448 740 2662 795 codices
2691 740 2894 811 scripti,
2925 742 2979 796 in
3008 742 3203 811 quibus
3233 758 3405 798 nonus
3436 742 3615 797 Histo-

349 842 444 897 riae
470 842 811 912 Gregoriana:
832 841 968 897 liber
994 849 1049 896 et
1076 840 1320 896 decimus
1351 839 1405 893 in
1446 854 1609 895 unum
1658 837 1994 905 conﬂantur,
2023 850 2182 907 quem
2208 835 2483 905 appellant
2520 849 2740 902 nonum,
2782 834 2884 890 hoc
2916 836 3089 905 ipsum
3136 835 3464 890 Chronicum
3520 836 3620 905 sub

349 931 544 987 decimi
576 932 826 987 Historim
851 930 1096 1001 Gregorii
1119 930 1448 985 Turonensis
1480 928 1598 983 libri
1632 926 1787 983 titulo
1832 933 2261 995 repraesentant;
2288 924 2430 993 quod
2473 924 2527 977 in
2558 923 2828 994 plerisque
2853 924 3011 979 editis
3041 923 3144 979 sub
3166 924 3476 994 Appendicis
3523 932 3619 976 aut

348 1019 589 1092 Gregorii
616 1020 866 1075 Historiw
883 1019 1002 1075 libri
1026 1020 1283 1073 undecimi
1307 1018 1462 1073 titulo
1500 1016 1771 1087 vulgatum
1802 1022 1907 1069 est.
1938 1014 2068 1085 Ejus
2095 1021 2371 1070 auctorem
2400 1014 2502 1069 sub
2532 1012 2741 1083 Pippini
2766 1016 2910 1085 regis
2950 1026 3042 1069 aut
3058 1024 3207 1070 certe
3239 1014 3418 1069 Caroli
3446 1013 3619 1084 Magni

347 1114 465 1183 ejus
492 1113 586 1169 lilii
613 1112 915 1185 principatu
947 1114 1249 1185 scripsisse,
1272 1122 1331 1168 ut
1354 1112 1639 1183 plurimum
1670 1112 1767 1165 viri
1798 1110 1995 1172 eruditi
2025 1109 2466 1167 existimaverunt
2496 1130 2513 1176 φ
2543 1110 2685 1177 quod
2712 1110 2767 1164 in
2791 1111 3020 1180 vulgatis
3074 1112 3233 1167 editis
3262 1112 3618 1181 omnibusque

350 1204 520 1260 lerme
549 1203 926 1270 manuscriptis
950 1218 1036 1258 res
1066 1202 1131 1258 ad
1160 1203 1349 1258 horum
1387 1203 1687 1273 principum
1730 1215 1899 1274 usque
1922 1213 2160 1273 tempora
2185 1211 2349 1273 gesta:
2376 1202 2785 1267 describantur;
2816 1211 2871 1256 at
2893 1203 2964 1256 illi
2987 1218 3091 1258 non
3120 1206 3255 1262 satis
3282 1207 3620 1261 continuato-

353 1310 444 1352 res
474 1312 504 1350 a
527 1294 700 1367 primo
727 1294 978 1352 Chronici
1006 1306 1227 1353 auctore
1257 1297 1637 1353 distinxerunt.
1668 1298 1821 1365 Quod
1849 1307 2033 1369 postea
2058 1313 2117 1353 re
2162 1297 2465 1352 accuratius
2495 1305 2720 1363 attenta,
2749 1306 2805 1353 et.
2827 1306 3066 1352 veterum
3096 1300 3339 1355 codicum
3360 1313 3461 1368 cpe
3484 1311 3619 1368 princ

347 1388 529 1445 stitum
555 1398 639 1445 est
659 1403 688 1443 a
720 1390 848 1443 viris
872 1387 1064 1455 doctis,
1116 1389 1546 1444 existimantibus
1573 1391 1728 1457 primi
1758 1389 1997 1445 auctoris
2024 1404 2161 1458 opus
2191 1389 2325 1444 ultra
2348 1402 2548 1442 annum
2579 1398 2826 1456 quartum
2865 1387 3157 1444 Chloduvci
3184 1390 3249 1457 ll,
3290 1405 3412 1445 ενι-εει
3433 1390 3618 1459 vulga-

348 1482 425 1538 ris
451 1480 579 1547 641,
610 1498 715 1538 non
741 1483 1045 1554 pertigisse;
1077 1498 1139 1538 ea
1163 1497 1292 1537 vero
1315 1499 1432 1554 quae
1460 1493 1757 1551 sequuntur
1794 1497 1826 1537 a
1869 1482 2028 1538 variis
2067 1481 2374 1537 auctoribus
2413 1480 2574 1549 fuisse
2603 1481 2807 1545 adjecta
2831 1522 2847 1547 ,
2879 1498 2998 1565 quae
3021 1484 3199 1538 omnia
3242 1485 3354 1539 suis
3388 1483 3524 1540 locis
3564 1484 3617 1539 in

352 1576 454 1631 hac
506 1584 691 1631 nostra
745 1577 977 1633 editione
1018 1577 1434 1645 distinguantur.
1494 1576 1653 1632 Plura
1679 1575 1744 1637 ,si
1769 1576 1891 1646 quis
1942 1576 2011 1633 de
2040 1575 2123 1632 his
2170 1577 2334 1631 rebus
2363 1575 2505 1631 scire
2546 1575 2715 1645 cupit,
2746 1574 2907 1645 legat,
2950 1576 2994 1631 si
3035 1575 3213 1643 lubet,
3245 1575 3613 1647 praelationem

349 1680 507 1734 quam
532 1666 656 1721 huic
679 1665 937 1721 volumini
966 1667 1320 1735 prmﬁximus.
2564 1694 2567 1695 '
3483 1660 3497 1675 ’

615 1936 1887 2125 FREDEGARII
2008 1935 3350 2084 SCHOLASTICI

755 2562 1111 2670 CUM
1179 2560 1517 2669 SUIS
1606 2532 2387 2668 οοΝΤΙΝΠαε

1606 2532 2429 2668 οοΝΤΙΝΠΑ
2454 2559 2937 2665 TORIB
2958 2558 3143 2665 US
3174 2617 3231 2716 ,ι

1912 2767 2071 2825 SIVE

620 2937 1424 3043 APPENDIX
1557 2936 1769 3037 AD
1904 2932 2464 3039 SANCTI
2596 2894 3455 3041 GREGORII'

1216 3150 1833 3255 ‘EPISCOPI
1912 3151 2355 3257 TURON
2362 3150 2535 3257 ΕΝ
2544 3152 2733 3256 SIS

545 3396 1834 3540 HISTORIAM
1951 3400 2222 3536 FB
2258 3395 3387 3541 ANCORUM.

1331 331 1783 343 ——————————b

1317 3678 2577 3719 ψ-

1638 3853 2343 4042 Ξιβτοῐοᾳιιβ.

412 4259 769 4333 585-586
790 4261 921 4317 Cum
953 4259 1155 4332 aliquid
1181 4258 1341 4315 unius
1367 4256 1515 4313 verbi
1544 4257 1873 4327 proprietate
1903 4267 1929 4296 α
1957 4275 2061 4314 non
2091 4259 2264 4314 habeo
2293 4262 2434 4330 quod
2464 4260 2752 4332 proferam,
2785 4264 2884 4319 "ibi
2910 4265 3206 4335 przestitum
3236 4268 3306 4327 ab
3328 4270 3607 4326 Altissimo

338 4352 523 4421 fuerit,
546 4363 600 4409 et
627 4355 752 4409 dum
784 4370 967 4422 qnzero
990 4354 1215 4424 implere
1237 4355 1581 4419 sententiam,
1612 4352 1772 4421 longo
1798 4351 2001 4406 ambitu
2026 4350 2118 4406 vix
2148 4352 2327 4407 brevis
2354 4353 2455 4407 vise
2496 4356 2727 4422 spatium
2759 4370 3095 4422 consumma,
3120 4362 3467 4415 vernaculum
3500 4362 3605 4415 lin-

337 4459 456 4514 guae
484 4444 643 4514 hujus
672 4445 819 4500 verbi
844 4447 1226 4516 interpretator
1252 4446 1485 4502 absurde
1522 4451 1741 4500 resonat
1769 4442 1793 4480 δ
1818 4460 1833 4510 ;
1857 4443 1903 4498 si
1936 4442 2005 4497 ob
2036 4445 2409 4500 necessitatem
2439 4445 2647 4516 aliquid
2670 4447 2723 4502 in
2750 4448 2939 4503 ordine
2968 4465 3277 4507 sermonum
3310 4461 3605 4520 mutavere,

340 4535 409 4591 ab
440 4536 750 4607 interpretis
776 4537 963 4593 videor
986 4536 1166 4593 ofﬁcio
1204 4537 1519 4594 recessisse.
1554 4535 1736 4607 Itaque
1771 4535 1912 4590 beati
1965 4534 2299 4602 Hieronymi,
2332 4535 2538 4604 Ydacii,
2569 4546 2624 4593 et
2646 4538 2924 4609 cujusdam
2958 4541 3249 4612 Sapientis,
3284 4559 3378 4598 seu
3432 4553 3488 4600 et
3513 4545 3579 4600 lsi

337 4627 476 4695 dori,
504 4629 721 4699 imoque
750 4638 803 4683 et
828 4627 1070 4699 Gregorii
1099 4628 1381 4685 chronicas
1409 4644 1440 4683 a
1471 4627 1654 4683 mundi
1684 4625 1889 4697 origine
1916 4625 2325 4696 diligentissime
2358 4642 2699 4697 percurrens,
2732 4646 2901 4701 usque
2930 4631 3223 4699 decedente
3250 4650 3412 4704 regno
3439 4636 3591 4691 Gun—

336 4720 556 4785 tramni,
581 4720 666 4773 his
686 4718 922 4789 quinque
950 4719 1222 4775 chronicis
1256 4718 1415 4788 hujus
1438 4717 1629 4784 libelli,
1661 4732 1759 4774 nec
1782 4716 2007 4787 plurima
2037 4719 2393 4785 praetermissa
2418 4730 2442 4759 ο
2474 4719 2783 4788 singiliatim
2815 4726 3163 4791 congruentia
3206 4728 3345 4795 stylo
3376 4726 3599 4793 inserui,

337 4812 476 4881 quod
507 4811 644 4885 [Al.,
676 4810 816 4884 quae]
844 4812 918 4867 illi
943 4812 1298 4867 solertissime
1325 4813 1526 4894 absque
1558 4812 1977 4879 reprehensione
1996 4810 2372 4866 condiderunt.
2400 4812 2534 4865 Cum
2572 4810 2688 4867 haec
2735 4812 2807 4867 ita
2839 4830 2897 4869 se
2939 4816 3188 4881 habeant,
3221 4819 3584 4872 necessarium

341 4906 470 4961 duxi
500 4908 776 4963 veritatem
798 4907 1102 4978 diligentius
1127 4906 1358 4976 insequi,
1384 4915 1437 4962 et
1465 4906 1535 4962 ob
1565 4906 1617 4961 id
1645 4908 1697 4960 in
1724 4906 1987 4975 prioribus
2018 4906 2103 4961 his
2127 4903 2155 4944 ἀ
2185 4907 2476 4972 chronicis,
2505 4909 2655 4976 quasi
2682 4909 2912 4978 quodam
2947 4910 3121 4965 futuro
3148 4926 3331 4982 opere,
3361 4910 3603 4964 omnium

337 4997 466 5051 mihi
504 5011 667 5069 regna
694 5004 749 5053 et
780 5005 1017 5066 tempora
1044 4996 1339 5067 pmnotavi
1371 5005 1417 5049 ο.
1444 4996 1499 5049 1η
1523 4998 1772 5065 praesenti
1804 5009 1981 5052 autem
2006 4997 2144 5067 stylo
2171 5014 2232 5052 ea
2280 5008 2518 5066 tempora
2546 5015 2767 5069 ponens,
2802 5012 2857 5057 et
2882 5004 3207 5073 singularum
3234 5004 3470 5075 gentium
3499 5019 3596 5058 cu-

343 5088 642 5145 riosissimo
672 5090 864 5145 ordine
892 5104 1012 5159 quae
1040 5096 1322 5160 gesserunt
1347 5090 1624 5156 coaptavi;
1657 5089 1797 5158 quod
1826 5088 2228 5158 prudentissimi
2271 5092 2630 5161 587-588
2660 5093 2779 5155 viri,
2813 5107 2949 5162 quos
2975 5110 3137 5164 supra
3189 5095 3432 5160 memini,
3459 5096 3606 5151 hisce

334 5180 603 5238 chronicis
630 5181 875 5253 (verbum
906 5180 1007 5235 hoc
1029 5188 1114 5236 est
1144 5193 1339 5235 nomcn
1360 5179 1628 5244 Graecum,
1649 5178 1789 5248 quod
1828 5178 2015 5233 Latine
2041 5176 2440 5249 interpretatur,
2476 5188 2626 5247 gesta
2685 5183 3010 5251 temporum)
3052 5186 3390 5243 severissime
3424 5185 3443 5225 ί
3476 5187 3591 5243 dic-

406 5396 433 5423 δ
462 5386 621 5456 (iam,
645 5383 775 5440 Cum
804 5385 872 5439 ad
902 5382 1348 5456 liquidum‘jursus
1377 5381 1494 5456 [al.,
1521 5384 1726 5454 iussio;
1754 5384 1917 5448 Boh.,
2092 5381 2118 5422 δ
2154 5385 2310 5452 Boh.,
2335 5398 2381 5442 et
2405 5388 2762 5447 obediendum.
2798 5389 2862 5445 In
2882 5392 2983 5447 his.

336 5452 503 5534 iusso]
531 5452 668 5513 verbi
723 5452 1108 5534 proprietatem.
1143 5452 1330 5521 Freh.,
1380 5452 1530 5509 Cum
1566 5458 1633 5508 ad
1669 5456 1918 5527 liquidam
2081 5460 2489 5534 f‘Chesqquasi
2508 5464 2782 5534 quamdam
2804 5464 2968 5532 futuri
2990 5465 3611 5534 opmsminiamomm'um

337 5528 571 5609 irrisui...
599 5544 701 5581 non
720 5528 956 5609 (caecout,
981 5538 1094 5609 etc.
1228 5596 1240 5609 .
1333 5594 1365 5609 μ
1577 5594 1589 5609 ¹
1653 5598 1664 5609 .
1863 5596 1873 5609 ι
2022 5529 2149 5609 mihi
2174 5547 2344 5585 rerum
2372 5530 2489 5602 [al.,
2520 5528 2747 5604 'regum]
2796 5528 2842 5587 et
2893 5528 3177 5605 temporum
3230 5554 3391 5609 per...
3415 5541 3610 5598 notavi.

407 5598 433 5637 δ
460 5598 949 5674 εὴεειιτεῌδτθιμ,
981 5596 1275 5652 Vernacula
1325 5594 1517 5666 lingua:
1569 5594 1724 5666 hujus
1772 5596 1919 5650 verba
2025 5600 2281 5674 Frch.,et
2311 5594 2838 5674 temporum'ponéns,
2861 5614 2966 5663 etc.

336 5668 689 5735 interpretatio
708 5668 947 5721 absurde.
2101 5670 2119 5709 ί
2142 5673 2337 5728 Bolier.
2354 5713 2368 5737 ,
2397 5668 2450 5727 se
2472 5668 2788 5730 verissimum

413 5750 434 5779 ε
464 5739 627 5797 Forte
650 5754 746 5809 pro
769 5748 924 5794 sexto
950 5752 1096 5806 casu,
1128 5738 1361 5809 plurimis
1392 5739 1767 5808 prwtermissis.
