4132 6348
547 350 642 401 fiil

1721 334 2133 391 FREDEGARII
2174 336 2610 391 SCIIOIASTICI

3732 326 3850 383 (ili

620 489 719 542 Au.
745 499 1004 541 oLxxxtv.
1037 512 1105 522 -—
1127 482 1281 536 Anno
1302 479 1371 532 ‘25
1394 477 1541 547 regni
1572 477 1653 529 sui
1688 484 1710 511 ιι
1737 474 1917 528 divino
1943 486 2127 525 amore
2156 476 2204 535 Α
2231 486 2387 540 quem
2436 473 2485 523 in
2520 470 2693 525 Rioilo
2733 470 2744 506 ί
2788 468 2911 523 villa
2953 470 3208 539 baptizari
3258 468 3431 537 jubet.
3484 476 3538 521 et
3582 481 3717 523 cun:
3774 466 3851 523 de

548 581 831 639 ecclesiam
864 578 1003 631 beati
1027 573 1280 638 Marcelli,
1306 572 1390 625 ubi
1421 571 1533 644 ipse
1558 568 1822 638 pretiosus
1844 565 2132 636 requiescit

550 677 606 730 in
660 685 919 738 corpore,
972 667 1281 737 suburbano
1325 660 1719 723 Cabilloneusi,
1772 657 1868 713 sed
1917 656 2130 725 quidem

549 775 725 820 tamen
757 762 1059 829 Sequanam
1084 766 1173 811 est
1211 754 1571 818 territorium,
1620 749 1844 805 miriﬁce
1885 758 1941 803 et
1970 748 2131 819 59s

546 857 772 913 solerter
797 851 1052 907 aedificari
1072 850 1254 919 jussit,
1298 846 1476 916 ibique
1498 842 1773 898 monachis
1795 841 2131 911 congregatis

546 945 928 1005 monasterium
962 943 985 981 ιτ
1015 940 1290 1005 condidit,
1334 939 1611 1009 ipsamque
1642 935 1921 990 ecclesiam
1970 935 2131 990 rebus

550 1038 796 1109 plurimis
824 1034 1030 1091 ditavit.
1071 1030 1344 1102 Synodum
1377 1027 1726 1098 quadraginta
1755 1013 2131 1094 episcoporum

550 1133 663 1187 fieri
683 1128 955 1200 praecepit,
970 1135 1022 1181 et
1042 1126 1108 1179 ad
1128 1125 1295 1179 instar
1315 1120 1667 1176 institutionis
1679 1118 1990 1173 monasterii
2009 1133 2133 1172 san-

550 1236 761 1280 ctorum
810 1218 1207 1289 Agaunensium
1227 1257 1245 1280 ,
1278 1215 1416 1285 quod
1452 1214 1779 1282 temporibus
1808 1211 2130 1282 Sigismundi

552 1317 696 1388 regis
726 1316 793 1369 ab
824 1314 980 1367 Avito
1009 1320 1061 1366 et
1090 1308 1301 1365 cancris
1330 1307 1618 1377 episcOpis,
1645 1306 1761 1374 ipso
1782 1306 2021 1374 principe
2048 1304 2134 1371 ju-

554 1412 735 1473 bente,
788 1409 955 1461 fuerat
984 1402 1353 1457 conﬁrmatum
1384 1409 1433 1463 α,
1480 1399 1637 1468 hujus
1685 1398 1875 1467 synodi
1906 1397 2132 1465 conjun—

555 1490 1074 1554 rtiune‘monasterii
1105 1491 1274 1547 sancti
1321 1490 1550 1546 Marcelli
1582 1489 2015 1545 Guutchramnus
2044 1490 2132 1543 in-

552 1595 885 1648 stitutionem
917 1589 1252 1645 formandum
1283 1588 1309 1624 ά
1340 1587 1564 1642 curavit.

626 1686 691 1739 ll.
736 1684 845 1739 lloc
874 1697 1012 1737 anno
1041 1680 1392 1736 Guudoaldus
1416 1689 1441 1717 ο
1484 1696 1602 1734 cum
1632 1678 1823 1731 solatio
1862 1676 2133 1731 Mummoli

553 1790 609 1831 et
640 1776 901 1831 Desiderii
949 1789 1134 1828 mense
1188 1771 1475 1827 Novembri
1518 1781 1721 1839 partem
1773 1769 1919 1838 regni
1968 1767 2134 1822 Gunt-

2232 574 2420 615 sancto
2477 564 2691 618 lavacro
2756 561 3033 631 excipiens
3089 562 3142 616 in
3217 576 3441 631 regnum
3502 561 3669 629 patris
3739 560 3845 613 tir-

2233 655 2418 706 mavit.

2301 756 2403 810 Aa.
2432 770 2665 810 ccxxxv.
2714 783 2780 795 -—-
2808 752 2898 807 IV.
2930 753 3087 808 Anno
3116 753 3188 808 25
3231 751 3381 821 regni
3422 750 3840 807 Guntchramni

2234 846 2553 901 Mummolus
2576 845 2807 902 Senuvia
2834 848 2848 897 l
2883 845 3029 915 jussu
3055 843 3443 900 Guntchramni
3463 843 3803 896 interficitur
3825 858 3843 895 :

2231 953 2454 992 uxorem
2484 938 2601 1006 ejus
2629 936 2905 992 Sidoniam
2937 951 3041 990 una
3069 950 3191 988 cum
3245 932 3499 987 omnibus
3554 932 3845 985 thesauris

2232 1029 2350 1099 ejus
2374 1028 2675 1083 Domnulus
2701 1028 3029 1083 domesticus
3057 1036 3112 1081 et
3142 1023 3557 1079 Wandalmarus
3578 1038 3845 1077 camera-

2235 1120 2353 1176 rius
2392 1120 2798 1175 Guntchramno
2828 1126 3174 1189 praeacutam.
3286 1126 3301 1131 '

2306 1225 2407 1277 Aa.
2441 1235 2693 1276 DLXXXVI.
2735 1250 2807 1260 —
2852 1219 2920 1273 ν.
2953 1219 3107 1273 Auno
3134 1217 3203 1272 26
3238 1216 3387 1287 regni
3437 1215 3520 1271 sui
3556 1215 3846 1270 exercitus

2234 1311 2624 1367 Guntchramni
2656 1310 2886 1381 Spanias
2907 1309 3226 1381 ingreditur,
3252 1308 3345 1363 sed
3376 1307 3479 1363 loci
3517 1307 3843 1362 inﬁrmitate

2233 1413 2506 1475 gravatus,
2530 1404 2773 1473 protinus
2800 1402 2866 1456 ad
2901 1402 3113 1471 propria
3147 1400 3455 1456 revertitur.

2306 1500 2408 1552 ΑΝ.
2450 1513 2729 1552 uexxxvn.
2784 1526 2851 1534 —
2889 1499 3045 1551 Anno
3070 1495 3138 1548 27
3182 1493 3424 1562 ejusdem
3480 1491 3629 1559 regni
3690 1491 3841 1548 Leu-

2235 1587 2437 1643 disclus
2477 1586 2499 1624 ¹ι
2548 1602 2579 1641 a
2621 1585 3025 1641 Guntchramno
3054 1583 3312 1654 patricius
3339 1584 3577 1652 partibus
3607 1581 3843 1639 Proviih

2235 1678 2333 1734 cia:
2363 1678 2661 1733 ordinatur.
2698 1678 2861 1731 Filius
2884 1675 3215 1731 Childeberti
3254 1673 3398 1745 regis
3423 1671 3841 1729 Theodoberttts

2240 1780 2397 1826 natus
2428 1771 2590 1823 fuisse
2629 1767 2921 1823 nuntiatur.

554 1867 1156 1939 cbramniprresumpsit
1197 1865 1479 1926 invadere,
1511 1872 1566 1919 et
1592 1865 1833 1918 civitates
1862 1871 2127 1917 evertere.
2164 1844 2208 1903 Β
2319 1875 2405 1930 γι,
2448 1874 2528 1929 Eo
2554 1887 2699 1928 anno
2728 1870 2889 1928 nimia
2941 1869 3219 1925 inundatio
3266 1868 3546 1923 numinum
3594 1869 3650 1923 in
3702 1868 3842 1922 Βυτ..

560 1967 717 2038 597
767 1961 1202 2016 Guntchramnus
1246 1958 1649 2027 Lcudcgisclnm
1687 1955 1705 1994 τ
1739 1958 1986 2011 comitem
2030 1968 2138 2010 Sta-

564 2057 701 2121 bnli,
745 2063 801 2110 ct
845 2054 1143 2123 IEgilanem
1188 2050 1469 2120 patricium
1520 2065 1642 2104 eum
1680 2049 1920 2104 exercitu
1951 2060 2141 2103 contra

559 2150 705 2217 ipsos
731 2147 945 2200 direxit.
974 2142 1323 2199 Gundoaldus
1347 2150 1491 2211 terga
1517 2150 1749 2206 vertens,
1775 2139 2079 2195 Coubanem
2112 2148 2139 2187 s

556 2239 830 2294 civitatem
862 2236 1094 2291 latebras
1122 2234 1308 2300 dedit,
1342 2244 1397 2287 et
1422 2233 1546 2287 inde
1567 2234 1634 2288 de
1660 2248 1789 2302 rupe
1817 2247 1847 2285 a
1879 2233 2085 2288 Bosone
2112 2232 2139 2269 ιι

557 2334 692 2387 duce
715 2331 1075 2401 prmcipitatus
1101 2328 1323 2382 interiit.

634 2423 719 2477 ιη.
764 2420 1002 2490 Cumque
1049 2419 1452 2475 Guntchramno
1506 2418 1769 2487 perlatum
1826 2417 2031 2483 fuisset,
2076 2432 2143 2474 eo

561 2513 705 2583 quod
732 2513 895 2566 frater
937 2525 1067 2565 suus
1095 2510 1425 2578 Chilpericus
1455 2518 1594 2564 eSset
1625 2508 1966 2577 interfectus,
1997 2509 2142 2565 festi-

564 2620 696 2658 nans
748 2602 984 2671 perrexit
1035 2602 1290 2666 Parisius,
1345 2602 1525 2670 ibique
1578 2600 1979 2670 Fredegundem
2019 2616 2141 2657 cum

562 2695 676 2748 tilio
714 2672 1005 2761 Chilperici
1052 2690 1366 2747 Chlothario
1418 2691 1486 2745 ad
1523 2705 1583 2745 se
1621 2690 1803 2747 venire
1850 2692 2141 2762 prmeepit;

642 2900 667 2927 α
700 2887 1056 2956 Fredegarius
1083 2885 1343 2941 calculum
1375 2884 1616 2956 Gregorii
1641 2886 1841 2943 Turnn.
1868 2902 1976 2943 uno
2004 2903 2145 2945 anno

565 2962 839 3028 praevertit
856 2999 871 3023 ,
896 2959 1035 3028 quod
1061 2964 1347 3011 observare
1365 2958 1515 3025 juvat
1538 2958 1602 3010 ad
1625 2959 1988 3014 conciliandos
2009 2960 2145 3015 duos

567 3032 689 3085 illos
717 3039 981 3083 auctores.
1027 3028 1160 3094 Quae
1181 3035 1357 3081 autem
1388 3039 1683 3096 sequuntur
1705 3028 1768 3081 att
1803 3046 1999 3083 annum
2039 3031 2145 3085 592

564 3101 888 3156 conterenda
917 3107 1043 3153 sunt
1069 3112 1188 3151 cum
1210 3098 1449 3165 ejusdem
1472 3099 1715 3168 Gregorii
1742 3099 1999 3156 Historia.

639 3170 666 3209 δ
691 3171 1000 3239 Gregorius,
1028 3168 1092 3221 ad
1120 3184 1208 3222 au.
1249 3167 1375 3233 579,
1407 3169 1498 3223 lib.
1532 3167 1597 3233 v,’
1614 3184 1734 3237 cap.
1764 3168 1836 3225 ‘28
1856 3212 1869 3233 ,
1901 3172 2145 3227 meminit

567 3230 1001 3312 ltasllicrevsancti
1025 3238 1261 3312 Marcelli
1280 3279 1296 3303 ,
1325 3230 1410 3293 cui
1442 3230 1605 3312 abbas
1631 3230 1897 3312 praeerat,
1926 3256 1991 3296 ex
2020 3258 2139 3312 cap.
2170 3230 2217 3292 C

568 3310 637 3365 53
665 3312 757 3365 lib.
788 3328 799 3365 I
846 3310 912 3364 de
944 3308 1089 3363 Glor.
1124 3309 1431 3380 Martyrum.
1466 3310 1655 3380 Exstat
1675 3311 1833 3363 etiam
1859 3327 1999 3366 nunc
2029 3308 2146 3367 mo-

569 3381 858 3435 nasterium
893 3380 1053 3451 istud,
1084 3378 1176 3433 sed
1203 3378 1412 3451 abbatis
1444 3379 1598 3433 titulo
1624 3381 1906 3444 minutum,
1940 3398 2004 3437 ex
2038 3397 2146 3451 quo

567 3450 1163 3531 Cluniacousubjectnm
1212 3448 1554 3531 fuit.LSit.um
1598 3461 1681 3531 est
1726 3454 1861 3531 ultra
1910 3448 2144 3531 Ararim,

570 3523 714 3577 unde
739 3524 789 3575 in
831 3522 1200 3590 Sequanorum
1233 3520 1502 3574 territorio
1531 3520 1758 3588 pesitum
1802 3520 1887 3575 hic
1925 3523 2143 3581 dicitur.

571 3593 673 3647 Ch.
704 3600 758 3645 et
788 3591 946 3647 Freh.
995 3604 1099 3644 una
1145 3590 1371 3646 lectione
1418 3590 1615 3645 habent
1655 3592 1743 3645 sed
1775 3599 1941 3647 tamen
1986 3604 2055 3647 est
2093 3595 2147 3647 in

571 3664 849 3733 Segonum,
885 3677 981 3731 pro
1008 3661 1325 3733 Sequanam.

647 3730 669 3771 ἒ
706 3734 835 3800 Iloe,
871 3730 927 3786 ut
966 3732 1238 3800 conjicere
1283 3732 1429 3795 licet,
1459 3732 1656 3784 factum
1684 3740 1769 3787 est
1807 3730 1861 3786 in
1892 3730 2148 3787 solemni-

573 3816 680 3859 tate
707 3803 1023 3859 Sauctorum
1056 3804 1341 3872 Martyrum
1390 3801 1489 3856 hoc
1519 3802 1635 3868 ipso
1659 3816 1834 3866 anno.
1878 3818 1983 3872 quo
2020 3818 2146 3857 san-

571 3886 686 3929 ctus
719 3876 901 3928 Avitus
934 3874 1118 3927 habuit
1144 3872 1437 3936 humiliam,
1468 3888 1586 3941 qua:
1611 3873 1939 3939 inscribitur,
1968 3872 2035 3927 In
2060 3875 2148 3927 ba-

570 3947 717 4000 silica
744 3954 1037 3999 sanctorum
1067 3944 1443 4012 Agaunt'nsium
1472 3944 1523 3995 in
1549 3944 1870 4003 innovatione
1896 3957 2150 3998 monaste-

571 4017 637 4069 rii
668 4016 828 4085 ipsius
866 4016 941 4069 uel
985 4018 1227 4085 passione
1263 4022 1569 4083 martyrum.
1620 4014 1748 4084 Ejus
1794 4016 2147 4085 fragmentum

577 4084 745 4141 habes
772 4102 803 4139 a
831 4084 1119 4140 Sirmondo
1148 4084 1369 4139 editum.

640 4154 670 4193 (ι
713 4156 815 4211 Ed.
865 4156 1066 4224 aliquot
1094 4168 1214 4224 cum
1245 4152 1435 4219 Colb.,
1466 4155 1903 4224 monasterium...
1945 4157 2152 4211 institu-

572 4228 710 4280 tione
742 4222 1085 4295 formaudum.
1132 4222 1294 4295 AVat.,
1344 4224 1674 4295 ﬁrmandum.
1723 4223 1777 4277 ld
1815 4226 2056 4280 Valesius
2099 4236 2154 4282 et

570 4293 756 4350 exteri
775 4296 1102 4349 arbitrantur
1131 4293 1181 4347 in
1205 4293 1408 4363 synodo
1432 4294 1803 4349 Matisconeusi
1831 4310 1888 4359 ιι,
1910 4310 1998 4349 an.
2024 4294 2150 4363 585,

574 4366 771 4435 factum
794 4364 977 4435 fuisse,
1004 4363 1121 4435 ubi,
1146 4364 1223 4416 uti
1244 4378 1309 4416 ex
1351 4364 1837 4435 subscriptionibns
1864 4366 2149 4435 colligitur,

575 4434 647 4488 45
671 4432 909 4502 episcopi
953 4432 1175 4502 adfuere
1210 4446 1330 4485 cum
1363 4433 1535 4486 tribus
1578 4433 1701 4502 aliis
1739 4435 1830 4500 qui
1864 4432 2019 4489 sedes
2050 4432 2153 4491 non

576 4500 871 4565 habebant,
914 4509 969 4555 et
992 4500 1065 4554 20
1089 4502 1389 4554 absentium
1419 4503 1617 4555 missis.
1671 4501 1781 4555 Hoc
1813 4512 1987 4559 tamen
2019 4505 2155 4562 forte

576 4571 863 4645 meliusuad
910 4570 1186 4645 synodum
1218 4570 1899 4645 ValentinamAn‘revoeari
1954 4590 2150 4645 posset,

575 4656 736 4711 quam
768 4641 889 4695 licet
917 4638 1057 4694 anno
1084 4638 1190 4711 585
1211 4642 1603 4709 consignaverit
1631 4642 1895 4708 Cointius,
1933 4638 2032 4701 hoc
2062 4638 2144 4702 ιειέ

578 4708 703 4766 men
730 4712 845 4779 ipso
870 4725 1010 4765 anno
1040 4708 1144 4763 584
1172 4708 1521 4766 ηιθηεθΜθὶο
1562 4712 1795 4766 habitam
1836 4713 1999 4770 fuisse
2026 4733 2153 4772 con-

579 4790 663 4838 set
699 4782 1035 4837 Sirmoudus.
1081 4780 1150 4835 Et
1193 4780 1408 4849 quidem
1438 4780 1490 4835 in
1537 4797 1599 4837 ea
1639 4788 2010 4841 contirmatum
2055 4788 2153 4843 fuit

577 4851 837 4922 quidquid
877 4867 970 4905 rex
1022 4859 1077 4906 et
1103 4852 1305 4917 caeteri,
1336 4852 1557 4907 basilica:
1594 4856 1757 4907 sancti
1792 4856 2045 4922 Marcelli,
2078 4864 2154 4913 vel

575 4924 741 4977 sancti
773 4923 1165 4993 Symphoriani,
1216 4930 1306 4975 aut
1350 4922 1625 4990 quibusvis
1656 4926 1775 4980 aliis
1818 4928 1946 4982 locis
1986 4932 2155 4984 sacris

577 4992 963 5059 contulerant,
1016 4992 1186 5046 autin
1247 5000 1517 5059 posterum
1566 4995 1812 5051 conferre
1864 5000 2150 5055 voluerint.

583 5064 846 5119 Lalandus
874 5064 927 5117 in
974 5064 1344 5132 supplemento
1370 5061 1729 5119 Conciliorum
1760 5068 1945 5121 Galliae
1974 5073 2155 5124 conci-

578 5135 706 5189 lium
737 5134 873 5188 istud
902 5135 952 5187 iu
981 5135 1095 5203 ipsa
1125 5132 1182 5189 S.
1215 5132 1447 5187 Marcelli
1479 5134 1694 5191 basilica
1720 5137 1953 5191 habitum
1988 5139 2157 5195 fuisse

580 5220 668 5259 an.
701 5205 803 5260 594
834 5203 1134 5276 contendit,
1168 5203 1323 5272 eique
1354 5218 1459 5276 non
1506 5206 1682 5273 plures
1719 5222 1876 5276 quam
1907 5209 2152 5265 undecim

578 5277 860 5350 episcopos
909 5273 1261 5350 interfuisse:
1307 5274 1446 5350 unde
1493 5273 1813 5350 errorem'in
1849 5278 2152 5350 Fredegarii

580 5343 1078 5412 textumirrepsisse
1109 5352 1273 5411 putat,
1305 5343 1395 5411 qui
1417 5360 1483 5397 ιι.
1501 5360 1596 5413 pro
1630 5363 1680 5400 xu
1711 5349 1918 5404 habeat.
1950 5343 2152 5405 Aul-tor

579 5427 661 5470 ρει
678 5417 870 5471 Paulus
888 5416 1149 5471 Diaconus
1166 5415 1405 5488 historia:
1420 5414 1661 5486 Langob.
1689 5418 1780 5471 lib.
1807 5435 1886 5483 ut,
1915 5436 2034 5488 cap.
2060 5421 2146 5485 55,

581 5490 889 5540 thesaurum
920 5501 949 5538 a
998 5500 1120 5554 rege
1158 5485 1490 5539 Guntramno
1530 5485 1662 5540 miro
1696 5490 1852 5542 modo
1884 5485 2149 5545 detccmm

581 5554 768 5629 fuisse,
792 5556 846 5607 in
890 5571 1013 5629 quo,
1046 5556 1213 5623 inquit
1239 5554 1358 5629 ille,
1394 5557 1770 5611 inaestimabiles
1802 5559 2035 5613 thesauri
2065 5564 2153 5629 qui

583 5625 777 5680 ibidem
814 5625 1102 5694 antiquitus
1140 5628 1297 5697 positi
1315 5626 1539 5697 fuerant,
1565 5636 1686 5681 sunt
1712 5631 1929 5696 reperti.
1955 5630 2027 5685 De
2052 5625 2154 5697 quo

583 5712 716 5750 auro
768 5698 877 5763 ipse
927 5710 1018 5749 rex
1060 5696 1393 5764 postmodum
1436 5696 1694 5750 ciborium
1749 5700 1974 5753 solidum
2005 5696 2153 5756 mira:

586 5763 963 5837 magnitudinis
981 5773 1034 5819 et
1051 5763 1223 5834 magni
1249 5765 1495 5831 ponderis
1518 5767 1660 5827 fecit,
1685 5768 1970 5837 multisque
2022 5773 2149 5826 illud

585 5835 979 5905 pretiosissimis
1004 5837 1228 5905 gemmis
1256 5837 1590 5902 decoratum,
1621 5839 1683 5891 ad
1715 5835 2015 5907 sepulcrum
2050 5842 2125 5898 Do

2242 1967 2445 2040 gundia
2477 1965 2595 2029 fuit,
2644 1974 2704 2019 ut
2728 1977 2913 2019 eorum
2945 1962 3206 2017 terminos
3231 1960 3452 2014 nimium
3485 1960 3843 2014 transcende-

2243 2066 2382 2114 rent.
2416 2057 2642 2127 lpsoque
2686 2070 2828 2109 anno
2857 2053 3112 2123 Syagrius
3148 2065 3333 2106 comes
3377 2050 3840 2119 Constantinopo-

2242 2153 2333 2207 lim
2360 2149 2513 2220 jussu
2546 2147 2937 2203 Guntchramni
2990 2145 3043 2198 in
3076 2143 3341 2217 legatione
3390 2142 3591 2212 pergit,
3655 2142 3841 2209 ibique

2243 2242 2428 2297 fraude
2455 2237 2472 2277 ι
2525 2240 2782 2310 patricius
2809 2236 3103 2292 ordinatur.
3146 2233 3334 2303 Coepta
3358 2233 3572 2303 quidem
3600 2242 3708 2295 est,
3740 2231 3838 2285 sed

2244 2335 2312 2390 ad
2352 2333 2739 2405 perfectionem
2791 2331 2904 2384 haec
2945 2328 3090 2383 fraus
3130 2343 3234 2380 non
3286 2324 3639 2396 peraccessit.
3673 2323 3840 2395 598

2246 2429 2325 2484 Eo
2362 2440 2504 2481 anno
2541 2426 2752 2494 signum
2796 2421 3042 2492 apparuit
3091 2420 3143 2474 in
3175 2417 3318 2473 ctelo
3351 2434 3365 2471 :
3412 2415 3603 2488 globus
3653 2418 3839 2488 igneus

2244 2518 2501 2575 decidens
2549 2516 2601 2570 in
2642 2522 2838 2568 terram
2867 2528 2989 2567 cum
3019 2509 3269 2565 scintillis
3288 2517 3345 2563 et
3375 2508 3585 2577 rugitu;
3610 2506 3839 2575 ipsoque

2244 2623 2384 2663 anno
2416 2606 2671 2661 Levildus
2692 2604 2729 2626 "
2760 2620 2853 2660 rex
2873 2603 3096 2670 Spauire
3126 2602 3374 2666 moritur,
3408 2608 3462 2655 ct
3486 2613 3710 2669 regnum
3740 2598 3839 2655 ob-

2246 2698 2407 2756 tinuit
2437 2698 2757 2754 Richaridus
2794 2695 2936 2750 filius
2957 2694 3094 2765 ejus.

2248 2901 2377 2957 mini
2409 2897 2671 2956 Hicrosol.
2718 2898 3083 2952 transmittere
3110 2894 3294 2951 voluit.
3325 2896 3431 2951 Sed
3464 2910 3580 2949 cum
3608 2894 3837 2949 minimo

2248 2971 2543 3043 potuisset,
2562 2970 2699 3024 idem
2722 2984 2880 3043 supra
2909 2981 3101 3043 corpus
3131 2967 3270 3043 beati
3300 2967 3530 3021 Marcelli
3561 2968 3837 3043 martyris,

2246 3037 2386 3113 quod
2419 3043 2470 3113 in
2502 3041 2716 3095 civitate
2763 3040 3053 3113 Cavallono
3103 3038 3373 3113 sepultum
3404 3046 3509 3100 est,
3539 3037 3628 3113 ubi
3672 3038 3835 3091 sedes

2246 3107 2395 3185 regni
2418 3112 2561 3185 illius
2605 3119 2739 3185 erat,
2772 3111 2893 3178 poni
2922 3108 3068 3174 fecit,
3098 3116 3152 3163 et
3195 3118 3277 3185 est
3307 3108 3376 3161 ibi
3404 3122 3574 3176 usque
3613 3107 3667 3161 in
3694 3122 3837 3175 prro-

2246 3179 2453 3238 sentem
2492 3182 2785 3236 dietn.Nee
2813 3188 2897 3235 est
2920 3194 3143 3247 usquam
3167 3179 3333 3234 ullum
3386 3194 3523 3249 Opus
3582 3193 3649 3233 ex
3703 3192 3837 3232 auro

2252 3254 2499 3309 etl‘ectum
2532 3251 2673 3321 quod
2705 3252 2752 3304 ei
2792 3252 2965 3306 valeat
2992 3250 3311 3321 comparari.

2323 3333 2359 3407 τ’
2381 3323 2525 3405 Ἶρι..
2550 3317 2923 3407 Gundwaldus.
2955 3317 3301 3407 deique‘fuse
3322 3318 3463 3390 apud
3492 3317 3836 3391 Gregorium,

2254 3394 2585 3464 potissimum
2618 3393 2713 3446 lib.
2743 3409 2836 3456 vn,
2860 3407 2980 3462 cap.
3004 3391 3097 3455 26,
3129 3401 3232 3446 etc.

2330 3462 2351 3502 ί
2395 3464 2500 3518 Alii
2526 3506 2539 3531 ,
2604 3462 2929 3517 Leudiselum
2952 3504 2968 3531 ,
3018 3461 3435 3530 Leudichildum,
3493 3459 3793 3515 Leudisiam
3818 3500 3833 3525 ,

2254 3534 2631 3604 Leudigildum.

2325 3614 2351 3675 tt
2391 3601 2444 3660 Id
2478 3614 2582 3667 est,
2616 3602 2933 3675 Convennas.
2961 3602 3095 3657 Vide
3117 3601 3455 3675 Gregorium.

2327 3673 2352 3711 δ
2395 3676 2521 3738 Alii,
2549 3677 2611 3728 ab
2647 3676 2835 3739 Osone,
2881 3674 3018 3728 forte
3050 3688 3146 3742 pro
3178 3671 3379 3736 Utlone,
3421 3689 3450 3726 a
3481 3688 3587 3742 quo
3617 3671 3831 3725 Gundo-

2254 3746 2447 3801 baldus
2473 3745 2677 3815 pulsus,
2704 3754 2758 3799 et
2783 3760 2815 3799 a
2846 3746 3059 3799 Bosone
3087 3753 3389 3813 peremptus
3436 3744 3555 3811 fuit,
3581 3758 3645 3798 ex
3669 3743 3827 3813 Greg.

2255 3817 2348 3871 lib.
2377 3832 2447 3869 vn
2477 3830 2597 3871 cat).
2631 3814 2717 3871 38.

2277 3818 2348 3869 ib.
2377 3832 2447 3869 vn
2477 3830 2597 3870 cap.
2631 3818 2717 3870 38.

2332 3853 2348 3923 ί
2377 3830 2790 3951 νὲὶιῗῖἳἰῖ“ῗ·ῗξ’11.,
2822 3884 3060 3954 Riogilo;
3098 3884 3198 3953 al.,
3234 3883 3384 3939 Riolo
3406 3924 3440 3954 ,_
3479 3883 3635 3954 vulgo
3680 3883 3828 3939 liuet.

2256 3957 2619 4013 Guntramnus
2666 3950 2783 4010 hoc
2820 3950 3032 4024 quidem
3082 3950 3225 4009 anno
3280 3950 3513 4008 Parisios
3541 3950 3685 4009 venit
3739 3970 3832 4025 pro

2255 4027 2523 4097 baptismo
2550 4026 2833 4093 Chlotarii,
2867 4028 2962 4080 sed
2986 4036 3161 4081 tamen
3191 4025 3405 4082 nonnisi
3427 4026 3687 4080 sexennio
3716 4036 3833 4095 post

2255 4098 2555 4165 baptizatus
2585 4097 2699 4152 fuit.

2333 4169 2348 4219 i
2402 4168 2523 4234 Alii,
2550 4167 2803 4223 Senoviw.
2831 4166 2996 4233 Infra,
3020 4164 3119 4221 Ch.
3152 4167 3248 4231 aL,
3291 4166 3585 4221 Sinodiam.

2331 4238 2356 4278 ιι
2397 4240 2488 4293 Sic
2512 4240 2655 4293 Clar.
2691 4238 2738 4293 Is
2768 4240 2882 4307 ipse
2896 4249 2997 4297 est.
3025 4240 3075 4293 ni
3104 4238 3275 4296 fallor.
3303 4237 3371 4291 de
3398 4253 3505 4307 quo
3529 4250 3689 4302 supra
3713 4251 3834 4306 cap.

2256 4309 2311 4363 2.
2344 4310 2553 4363 Etenim
2586 4311 2637 4363 in
2668 4305 2821 4365 Colb.
2865 4318 2919 4364 et
2954 4307 3052 4363 Ch.
3090 4308 3162 4363 al.
3218 4309 3416 4363 dicitur
3464 4305 3833 4377 Leudigisitus,

2256 4389 2319 4449 ut
2359 4379 2655 4448 appellatur
2703 4395 2732 4433 a
2772 4379 3033 4449 Gregorio
3083 4379 3175 4434 lib.
3232 4394 3325 4433 vnt
3372 4392 3491 4446 cap.
3556 4377 3647 4433 30.
3703 4380 3836 4435 Aliis

2258 4448 2581 4520 Lcadisetus,
2604 4448 2901 4520 Leudisius,
2925 4448 3259 4520 Leugisistus,
3294 4449 3585 4520 Leudistus.

2336 4518 2352 4557 ι
2399 4520 2651 4590 Syagrius
2699 4519 2764 4575 ad
2796 4535 2977 4587 pacem
3007 4518 3433 4589 componendam
3476 4518 3585 4576 GP.
3612 4519 3834 4585 missus,

2181 4619 2232 4679 Β
2260 4589 2911 4679 patriciidignitatemnab
2939 4591 3261 4679 imperatore
3288 4592 3547 4679 suscepit,
3584 4590 3726 4679 quod
3751 4591 3837 4646 hic

2260 4664 2404 4733 fraus
2434 4662 2757 4733 appellatur.
2805 4659 2922 4716 Non
2970 4663 3113 4717 enim
3143 4662 3194 4717 ei
3226 4662 3418 4733 licebat
3444 4659 3496 4716 id
3527 4659 3832 4730 acceptare,

2259 4748 2353 4801 per
2376 4732 2514 4799 quod
2540 4744 2662 4786 sese
2689 4732 3028 4801 imperatoris
3057 4733 3251 4788 ditioni
3270 4732 3503 4789 subdere
3530 4733 3834 4787 videbatur.

2257 4804 2521 4856 Caeterum
2553 4805 2651 4856 hoc
2678 4802 2745 4857 de
2768 4803 2886 4858 solo
2930 4802 3141 4873 patricii
3171 4819 3265 4859 seu
3290 4804 3579 4859 consiliarii
3608 4805 3837 4870 impera-

2260 4874 2378 4927 torii
2403 4875 2555 4943 titulo
2579 4874 2963 4943 interpretatur
2996 4875 3273 4943 Valesius;
3306 4875 3401 4931 sed
3432 4890 3552 4929 eum
3582 4873 3835 4943 Fredega-

2259 4944 2371 4998 rius
2409 4942 2689 5013 Syagrium
2725 4942 3005 5013 patricium
3038 4942 3367 5012 ordinatum,
3404 4955 3561 5013 atque
3599 4942 3835 5012 crepui-

2264 5029 2360 5068 nec
2399 5024 2576 5067 tamen
2599 5027 3026 5070 consummatam
3054 5014 3221 5070 fuisse
3262 5013 3682 5070 fraudem-dicat
3712 5054 3727 5076 ,
3784 5014 3837 5069 id

2265 5083 2401 5169 forte
2433 5084 2839 5168 intelligendum
2861 5095 2944 5139 est
2966 5086 3033 5140 de
3057 5086 3342 5169 patriciam
3372 5086 3663 5169 Provincize
3709 5084 3838 5169 Mas-

2263 5155 2523 5226 silieusis,
2546 5170 2703 5225 quam
2732 5155 3004 5225 regionem
3055 5155 3281 5226 imperio
3323 5157 3604 5210 restituere
3636 5163 3839 5210 tentas-

2263 5234 2345 5278 set
2365 5225 2667 5288 Mauricius,
2690 5234 2782 5279 aut
2808 5235 2956 5280 certe
2991 5225 3221 5295 aliquam
3254 5226 3475 5280 dominii
3500 5226 3744 5281 umbram
3782 5228 3836 5283 in

2262 5307 2323 5349 ea
2349 5295 2600 5350 retinere.
2622 5295 2675 5348 ω
2692 5297 2853 5351 etiam
2872 5295 3010 5351 forte
3030 5313 3061 5351 a
3076 5297 3331 5353 Mauricio
3350 5305 3606 5351 tentatum
3639 5296 3834 5363 fuerat,

2261 5366 2402 5433 quod
2435 5368 2610 5436 rcipsa
2642 5366 3077 5436 Burgundionum
3120 5382 3271 5436 reges
3302 5376 3588 5435 antequam
3642 5365 3835 5423 Franci

2260 5449 2443 5489 eorum
2466 5452 2685 5505 regnum
2700 5448 3066 5506 occupassent,
3089 5439 3328 5493 solerent
3344 5439 3410 5493 ab
3427 5438 3836 5505 imperatoribus

2261 5507 2466 5576 patricii
2514 5524 2703 5561 nomen
2736 5508 3025 5577 impetrare
3056 5525 3069 5561 :
3102 5508 3243 5577 quod
3275 5508 3463 5561 saltem
3503 5524 3595 5576 per
3634 5508 3837 5578 legatos

2257 5578 2555 5631 continuari
2586 5579 2744 5631 etiam
2772 5592 2802 5631 a
2851 5577 3069 5634 Francis
3105 5578 3344 5634 eamdem
3398 5581 3666 5649 regionem
3700 5579 3839 5634 obti-

2257 5650 2505 5701 nentibus
2531 5659 2880 5716 percptasset.

2331 5727 2368 5753 τε
2400 5718 2525 5781 Alii,
2550 5716 2853 5785 Leupitdus,
2890 5719 3277 5788 Leuvichi'dus,
3309 5719 3623 5781 Leupoldus.
3657 5720 3748 5777 Sic
3783 5730 3840 5776 et

2257 5788 2369 5857 ejus
2401 5789 2536 5845 lilius
2563 5788 2868 5857 [iit/tardus,
2907 5792 3195 5861 Ricltarius,
3231 5792 3528 5846 lticharicus
