4132 6348
292 302 396 359 613

1727 298 2122 355 CIIRONICUM

3467 313 3571 369 GM

362 417 463 466 As.
507 427 799 466 nnxxxvnt.
852 439 924 454 —
970 413 1124 466 Anno
1171 412 1241 466 :28
1278 410 1426 480 regni
1476 408 1660 464 domni
1697 410 1867 466 Gunt-
1895 415 1941 472 Λ
1974 415 2184 480 loquor,
2219 413 2326 465 vita
2361 413 2571 468 illorum
2595 413 2660 469 ad
2688 415 2855 470 instar
2877 429 3068 471 canunt
3099 404 3212 483 est;
3236 419 3570 495 siconvcrsi,

290 507 533 562 chramni
564 506 699 560 alius
732 506 872 559 ﬁlius
902 504 1263 570 Childeberti,
1306 503 1526 559 nomine
1578 502 1881 559 'l‘heuderi-

289 609 407 660 cus,
439 604 596 650 natus
622 596 918 650 nuntiatur.

366 690 475 745 VII.
515 688 948 745 Guutchramnus
990 702 1053 743 se
1100 704 1223 742 cum
1281 687 1653 752 Childeberto,
1694 702 1878 756 pacem

295 781 512 835 ﬁrmans
542 779 803 844 Audelao,
830 779 1131 847 conjunxit.
1159 778 1288 833 Inibi
1312 786 1506 845 mater,
1534 788 1587 832 et
1616 793 1794 845 soror,
1827 788 1882 833 et

291 870 487 941 conjux
510 870 840 925 Childebcrti
872 870 1016 941 regis
1057 870 1364 940 pariterque
1401 869 1659 934 fuerunt;
1702 869 1882 937 ibique

296 963 509 1032 speciali
559 962 929 1017 convenientia
962 962 1104 1017 inter
1141 962 1397 1017 domuum
1420 961 1879 1017 Guntchramnum

287 1068 348 1112 et
387 1055 794 1112 Chihlebertum
835 1055 936 1109 fuit
980 1066 1326 1121 conventum,
1367 1067 1425 1109 ut
1450 1070 1671 1123 regnum
1712 1054 1883 1110 Gunt-

293 1146 539 1203 chramni
570 1157 715 1217 post
777 1148 898 1218 ejus
947 1147 1244 1203 discessum
1300 1146 1675 1201 Cliildebcrtus
1732 1161 1885 1200 assu-

297 1248 487 1295 rueret.

374 1329 508 1384 VIII.
535 1327 762 1397 Ipsoque
791 1337 1032 1398 tempore
1054 1325 1416 1396 Rauehingus,
1458 1335 1514 1381 et
1540 1326 1679 1381 Boso
1715 1325 1883 1380 Gunt—

293 1420 613 1486 chramuus,
666 1419 843 1486 Ursio,
896 1428 953 1475 et
984 1417 1316 1475 Bertefridus
1343 1419 1625 1487 optimates
1663 1419 1881 1474 (Iliilde-

300 1515 436 1569 berli
491 1514 651 1584 regis,
711 1527 777 1567 eo
825 1516 968 1581 quod
1000 1526 1122 1567 eum
1168 1512 1521 1567 tractaverint
1558 1512 1877 1578 interﬁcere,

298 1607 417 1676 ipso
444 1620 568 1676 rege
605 1604 888 1661 ordinante
937 1604 1205 1659 interfecti
1234 1613 1379 1660 sunt.
1439 1604 1545 1661 Sed
1575 1614 1629 1659 et
1678 1603 1884 1659 Leude-

297 1695 471 1752 fridus
502 1697 920 1751 Alamannorum
951 1696 1059 1751 dux
1081 1696 1134 1750 in
1163 1694 1421 1751 offensam
1459 1695 1710 1750 antedicti
1740 1695 1882 1763 regis

298 1789 505 1854 incidit,
536 1787 697 1843 etiam
729 1796 785 1843 et
815 1787 1073 1843 latebram
1117 1786 1288 1841 dedit.
1317 1786 1608 1841 Ordinatus
1651 1795 1733 1839 est
1764 1783 1880 1839 loco

296 1879 463 1949 ipsius
490 1878 781 1934 Uncilenus
802 1878 928 1933 dux.
961 1877 1041 1933 Eo
1070 1892 1212 1931 anno
1240 1876 1560 1932 Richaridus
1610 1892 1704 1931 rex
1757 1876 1886 1931 Got-

295 1970 515 2025 thorum
541 1969 725 2024 divino
774 1969 1105 2039 amplectens
1157 1966 1517 2022 Christianam
1569 1966 1883 2043 religionem

297 2077 503 2128 amore,
529 2062 678 2132 prius
703 2062 816 2131 ipse
841 2071 866 2098 ι
890 2062 1207 2131 baptizatur.
1243 2060 1369 2115 Post
1399 2060 1513 2115 haec
1543 2074 1731 2115 omnes
1756 2061 1887 2116 Got-

296 2154 441 2218 thos,
473 2154 563 2223 qui
592 2160 704 2208 tum
726 2151 975 2207 Arianam
1016 2159 1219 2206 sectam
1258 2150 1541 2215 tenebant,
1575 2148 1823 2204 Toletum
1856 2148 1883 2188 δ

306 2244 547 2299 adunare
584 2243 857 2314 praecepit,
888 2252 942 2298 et
962 2257 1151 2298 omnes
1182 2242 1346 2296 libros
1376 2241 1600 2295 Ariauos
1632 2244 1888 2311 praecepit

299 2346 362 2393 ut
402 2336 505 2391 sibi
534 2344 928 2407 prtesententur
971 2352 985 2388 :
1026 2349 1161 2404 quos
1206 2334 1259 2388 in
1288 2348 1391 2387 una
1418 2333 1578 2387 domo
1597 2335 1886 2389 collocatos

294 2428 548 2483 inccndio
578 2437 925 2482 concremarc
950 2426 1127 2495 jussit,
1155 2434 1210 2480 et
1237 2424 1303 2479 ad
1329 2422 1686 2480 Christianam
1714 2424 1883 2496 legem

298 2522 572 2592 baptizare
608 2534 799 2576 omnes
828 2518 1054 2575 Gutthos
1082 2516 1228 2572 fecit.

370 2621 464 2677 IX.
506 2621 587 2677 Eo
625 2635 767 2675 anno
821 2635 958 2674 uxor
1003 2617 1216 2674 Anaulﬁ
1257 2628 1282 2657 α
1335 2615 1672 2689 imperatoris
1723 2616 1886 2687 599

304 2715 617 2778 Persarum,
674 2712 890 2766 nomine
929 2710 1166 2777 Cresara,
1200 2710 1375 2766 virum
1404 2711 1730 2779 relinquens,
1762 2725 1885 2763 cum

298 2815 525 2877 quatuor
552 2804 752 2875 pueris,
780 2804 1113 2871 totidemque
1144 2803 1332 2871 puellis
1354 2802 1419 2857 ad
1454 2802 1667 2857 beatum
1697 2799 1887 2856 Johan-

297 2912 421 2954 nem
462 2898 774 2968 episcopum
803 2896 1321 2963 Constantinopolim
1355 2895 1599 2960 veniens,
1632 2909 1691 2948 se
1723 2908 1883 2948 unam

298 2997 418 3040 esse
447 2983 513 3039 de
552 2985 752 3053 popqu
788 2982 963 3051 dixit,
1008 2991 1063 3037 et
1091 2982 1343 3050 baptismi
1371 2983 1597 3051 gratiam
1627 2979 1696 3035 ab
1734 2988 1887 3034 antc-

302 3075 444 3131 dieto
468 3075 628 3130 beato
662 3074 908 3129 Johanne
934 3073 1177 3142 expetiit.
1208 3072 1449 3142 Cumque
1493 3071 1561 3125 ab
1599 3071 1716 3139 ipso
1744 3068 1883 3122 Pon-

1981 500 2297 569 Cliristiani,
2357 506 2495 559 sicut
2544 518 2598 561 et
2646 521 2746 575 ego
2778 523 2918 573 sum,
2953 508 3276 578 efficiuntur,
3324 521 3449 571 tunc
3492 520 3575 575 eis

1983 594 2340 662 respondebo.
2374 595 2556 665 Legati
2588 612 2716 651 vero
2734 601 2912 653 animo
2952 600 3134 655 libenti
3168 604 3417 672 baptismi
3450 624 3575 677 gra—

1985 683 2110 737 tiam
2134 685 2423 753 accipiunt.
2463 687 2651 741 Postea
2694 688 2823 743 dicit
2862 689 2928 743 ad
2957 706 3050 745 eos
3081 691 3332 748 Caesare:
3388 693 3445 750 Si
3495 698 3575 750 vir

1984 792 2137 831 meus
2169 777 2400 833 voluerit
2446 779 2785 835 Christianus
2817 781 2954 849 ﬁeri,
2983 792 3037 837 et
3060 784 3311 853 baptismi
3342 788 3569 856 gratiam

1984 869 2251 938 accipere,
2308 870 2539 925 libenter
2583 873 2650 926 ad
2682 888 2805 927 eum
2836 887 3101 929 revertar.
3162 875 3295 930 Nam
3355 878 3572 946 penitus

1983 963 2142 1017 aliter
2170 963 2235 1016 ad
2266 962 2440 1032 ipsum
2468 979 2573 1019 non
2621 966 2910 1034 repedabo.
2960 967 3145 1036 Legati
3170 968 3223 1023 id
3253 969 3570 1039 imperatori

1984 1053 2267 1108 Persarum
2300 1055 2626 1122 nuntiantes,
2659 1060 2841 1111 statim
2872 1058 2959 1114 ille
2986 1059 3306 1129 legationem
3325 1062 3391 1116 ad
3418 1062 3564 1117 Mau-

1984 1146 2171 1200 ricium
2225 1147 2601 1215 imperatorem
2629 1150 2793 1215 misit,
2838 1162 2894 1205 ut
2921 1163 3139 1207 sanctus
3178 1153 3456 1210 Johanues
3479 1171 3574 1210 ve-

1986 1239 2127 1293 niret
2173 1240 2534 1306 Antiochiam,
2583 1242 2699 1311 ipso
2755 1242 3000 1299 tradente
3040 1244 3364 1313 baptismum
3414 1248 3576 1303 vellet

1985 1331 2248 1400 accipere.
2302 1332 2452 1389 Tunc
2503 1334 2791 1391 Mauricius
2839 1336 3130 1406 imperator
3156 1338 3572 1396 inﬁnitissimum

1985 1432 2295 1492 apparatum
2321 1424 2621 1479 Antiochia:
2650 1428 2760 1480 fieri
2779 1426 2978 1497 jussit:
3012 1429 3087 1483 ibi
3120 1430 3408 1499 imperator
3445 1433 3577 1487 Per-

1989 1530 2173 1571 sarum
2203 1533 2323 1572 cum
2352 1520 2629 1590 sexaginta
2660 1520 2897 1577 millibus
2942 1522 3227 1579 Persarum
3280 1527 3577 1596 baptizatus

1985 1619 2089 1677 est,
2120 1618 2172 1665 et
2218 1626 2314 1679 per
2342 1611 2475 1667 duas
2504 1613 2867 1669 hebdomadas
2895 1632 2925 1671 a
2968 1617 3217 1674 Johanne
3245 1626 3302 1674 et
3356 1622 3576 1690 reliquis

1985 1700 2252 1787 episcopis
2303 1704 2479 1759 Persm
2514 1706 2578 1759 ad
2620 1708 3006 1775 plenitudinem
3038 1726 3201 1779 supra
3256 1714 3441 1780 scripti
3473 1730 3575 1768 nu-

1912 1792 1955 1849 B
1986 1794 2120 1848 meri
2152 1794 2505 1862 baptizantur.
2546 1797 2929 1867 Imperatorem
2963 1801 3113 1856 illum
3147 1801 3435 1871 Gregorius
3459 1806 3567 1858 An-

1990 1883 2246 1939 tiocltiznd
2299 1885 2583 1956 episcopus
2631 1890 2871 1957 suscepit
2921 1891 2989 1945 de
3024 1895 3254 1947 lavacro.
3311 1892 3572 1948 Anaulfus

1986 1975 2276 2043 imperator
2325 1976 2490 2049 600
2536 1992 2565 2030 a
2620 1977 2879 2032 Mauricio
2924 1980 3246 2049 imperatore
3300 1991 3487 2049 petens
3516 1992 3573 2036 ut

1986 2069 2086 2124 sibi
2113 2070 2397 2140 episcopos
2422 2086 2540 2125 cum
2573 2072 2718 2126 clero
2758 2072 3063 2127 sufﬁciente
3096 2082 3119 2109 θ
3149 2073 3321 2141 daret,
3347 2089 3480 2143 quos
3520 2076 3573 2129 in

1988 2160 2175 2217 Persia
2205 2164 2489 2228 stabiliret,
2525 2172 2583 2218 ut
2612 2164 2843 2219 universi
2874 2165 3110 2220 Persida;
3156 2165 3403 2234 baptismi
3450 2182 3573 2235 gra-

1989 2254 2113 2308 tiam
2148 2256 2489 2310 adhiberent.
2522 2256 2672 2322 Quod
2698 2256 2982 2312 Mauricius
3012 2258 3195 2311 libenti
3228 2259 3406 2311 animo
3433 2274 3571 2327 pra:-

1984 2346 2137 2411 stitit,
2170 2361 2481 2416 summaque
2503 2346 2779 2402 celeritate
2803 2363 2990 2402 omnes
3013 2347 3247 2403 Persida‘
3274 2348 3341 2402 ad
3369 2347 3585 2404 Christi

1985 2437 2185 2492 cultum
2208 2438 2564 2508 baptizantur.

2056 2529 2157 2584 AN.
2186 2545 2446 2583 nnxxxu.
2478 2560 2546 2570 —
2576 2529 2641 2585 Χ.
2669 2530 2824 2585 Anno
2849 2531 2917 2584 20
2947 2530 3329 2586 Guntcliraiuni
3363 2532 3571 2587 exerci—

1987 2630 2071 2674 tus
2093 2621 2145 2675 in
2166 2620 2421 2690 Spaniam
2450 2620 2470 2659 ί
2508 2622 2747 2689 ejusdem
2786 2621 2937 2691 jussu
2972 2624 3246 2694 dirigitur;
3276 2624 3370 2679 sed
3406 2625 3572 2695 negli-

1985 2712 2165 2780 gentia
2193 2712 2441 2778 Bosonis,
2493 2714 2581 2783 qui
2621 2724 2781 2783 caput
2825 2717 3093 2770 exercitus
3124 2716 3242 2787 fuit,
3274 2717 3511 2788 graviter
3540 2732 3570 2772 a

1986 2803 2197 2859 Gottbis
2222 2804 2497 2860 exercitus
2527 2805 2614 2859 ille
2635 2806 2949 2861 trucidatur.

2055 2896 2156 2951 AN.
2180 2910 2302 2951 nxc.
2334 2926 2403 2937 —
2428 2897 2517 2951 XI.
2552 2898 2705 2952 Anno
2741 2899 2810 2952 5O
2837 2899 2986 2966 regni
3030 2901 3376 2969 suprascripti
3417 2901 3568 2970 prii:-

1984 2986 2138 3057 cipis,
2187 2988 2362 3042 tnuica
2405 2988 2609 3041 Domini
2646 2990 2808 3042 nostri
2832 2989 2957 3043 .lcsu
2995 2989 3216 3056 Christi,
3246 3006 3365 3060 quae
3387 2991 3565 3046 eidem

1984 3080 2039 3134 in
2067 3079 2315 3150 passione
2344 3080 2546 3135 sublata
2570 3090 2672 3145 est,
2698 3091 2749 3135 et
2776 3097 2806 3133 a
2828 3081 3082 3136 militibus
3114 3085 3200 3153 qui
3233 3099 3353 3138 eum
3386 3093 3568 3139 custo-

299 3169 447 3225 tiﬁce
476 3169 665 3224 fuisset
690 3167 979 3237 baptizata,
1011 3168 1246 3236 Augusta
1269 3162 1507 3219 Mauricii
1544 3148 1883 3233 imperatoris
1910 3159 1955 3220 C
1984 3148 2221 3240 die‘banl,
2276 3181 2359 3230 est
2387 3173 2599 3236 sortita,
2656 3173 2722 3227 de
2753 3188 2853 3243 qua
2896 3173 3060 3229 David
3087 3148 3344 3245 propheta
3397 3175 3524 3230 dicit
3556 3193 3571 3230 :

301 3277 420 3318 eam
449 3262 515 3317 de
548 3271 735 3317 sancto
764 3258 1273 3329 suscepitlavacro;
1304 3272 1460 3327 quam
1492 3270 1614 3311 cum
1644 3253 1723 3308 vir
1752 3269 1882 3309 suus

298 3358 591 3423 imperator
612 3353 895 3408 Persarum
923 3366 1021 3421 per
1060 3351 1351 3420 legationes
1378 3348 1572 3415 saepius
1595 3354 1877 3416 repeteret,

304 3460 356 3507 et
378 3451 664 3506 Mauricius
704 3451 996 3519 imperator
1023 3462 1243 3503 uxorem
1276 3446 1443 3517 ipsius
1482 3460 1601 3500 csse
1629 3446 1879 3512 nesciret,

306 3551 430 3597 tunc
467 3541 704 3612 Augusta
737 3540 924 3595 videns
955 3553 1073 3595 eam
1108 3537 1545 3608 pulcherrimam,
1577 3536 1882 3602 suSpicatur

306 3646 374 3688 ne
400 3633 509 3701 ipsa
541 3640 687 3686 esset
714 3645 873 3700 quam
905 3629 1063 3700 legati
1087 3628 1415 3697 quaerebant,
1450 3626 1737 3693 dicensque
1763 3624 1837 3679 eis
1868 3641 1880 3677 :

304 3725 492 3779 Mulier
541 3724 785 3794 quaedam
827 3724 894 3778 de
934 3722 1110 3778 Persis
1163 3721 1267 3776 huc
1322 3720 1487 3785 venit,
1538 3720 1781 3789 dixitque
1826 3735 1886 3774 se

306 3834 465 3872 unam
498 3833 620 3874 esse
647 3818 713 3873 de
743 3816 978 3888 populo;
1030 3815 1203 3871 videte
1230 3830 1374 3883 eam,
1409 3814 1631 3869 forsitan
1664 3816 1776 3883 ipsa
1805 3823 1888 3869 est

307 3925 463 3979 quam
489 3910 751 3982 qureritis.
776 3909 944 3977 Quam
963 3909 1123 3978 legati
1145 3906 1407 3972 videntes,
1436 3907 1587 3975 proni
1619 3906 1671 3960 in
1692 3915 1886 3961 terram

308 4002 685 4066 adoraverunt,
715 4000 960 4055 dicentes
989 4000 1156 4067 ipsam
1186 4012 1305 4051 esse
1354 4011 1540 4052 eorum
1591 3996 1886 4063 dominam,

307 4109 465 4165 quam
486 4093 817 4164 quaerebant.
852 4091 990 4145 Dicit
1010 4091 1075 4142 ad
1116 4104 1234 4143 eam
1263 4091 1539 4158 Augusta:
1571 4087 1756 4142 Redde
1785 4088 1889 4142 illis

311 4198 652 4255 responsum.
684 4184 836 4239 Tunc
866 4183 951 4236 illa
984 4179 1259 4249 respondit
1292 4196 1306 4232 :
1340 4180 1451 4249 Ego
1476 4193 1596 4233 cum
1635 4178 1751 4232 istis
1782 4191 1888 4233 non

387 4376 413 4404 °
449 4364 645 4420 Boher.
676 4372 732 4419 et
757 4362 877 4427 alii,
908 4360 1053 4432 prius
1078 4358 1317 4432 secretius
1346 4357 1652 4428 baptizatur.

384 4437 413 4477 Β
454 4436 529 4489 De
572 4436 654 4489 his
685 4433 807 4489 vide
861 4426 1154 4486 concilium
1206 4426 1526 4483 Toletanum
1572 4443 1652 4491 III,
1683 4426 1889 4486 Concil.

317 4508 483 4564 Labb.
513 4518 661 4562 tomo
689 4504 758 4570 V,
788 4504 853 4557 ad
891 4518 980 4557 an.
1006 4501 1130 4563 589,
1152 4498 1240 4554 cui
1270 4515 1363 4554 rex
1392 4498 1792 4570 ipseinterfuit,
1830 4514 1891 4552 ac

316 4580 434 4635 ﬁdei
457 4575 793 4649 professioni,
823 4588 980 4643 quam
1014 4586 1086 4649 eo_
1118 4572 1234 4649 ipso
1273 4580 1464 4649 agente
1501 4569 1683 4625 Gotthi
1708 4583 1892 4624 susce-

318 4642 529 4720 perant,
557 4659 676 4720 Cum
703 4642 872 4720 uxore
891 4658 985 4720 sua
1006 4642 1339 4720 subscripsit.

392 4732 415 4761 ο
457 4710 583 4786 Alii,
614 4714 849 4784 Aunulﬁ,
877 4712 1103 4781 Arnulﬁ,
1133 4710 1591 4786 Manaulﬁ._ilanc
1621 4710 1893 4786 historiam

318 4790 384 4846 ad
410 4780 638 4846 Heraclii
668 4780 906 4854 tempora
954 4780 1171 4854 revocat
1199 4782 1396 4854 Paulus
1427 4782 1667 4854 Diacon.,
1718 4780 1812 4854 lib.
1847 4796 1896 4834 tv

320 4864 385 4918 de
414 4861 591 4917 Gestis
614 4851 851 4926 Langob.
877 4870 997 4922 cap.
1022 4852 1419 4926 52._Johanncs
1448 4852 1642 4926 Biclar.
1661 4855 1712 4905 in
1743 4851 1898 4905 chro-

321 4935 442 5002 nico
472 4928 715 5002 meminit
735 4923 1084 5002 imperatoris
1101 4923 1425 5002 Persarum,
1471 4923 1582 5002 qui,
1628 4936 1758 4990 pace
1785 4938 1901 5002 curn

323 5001 578 5056 Mauricio
608 4992 841 5059 ﬁrmata,
871 4994 1065 5051 Christi
1096 4994 1252 5048 ﬁdem
1280 4992 1549 5061 suscepit:
1582 5006 1698 5060 qua:
1722 4992 1898 5061 omnia

325 5073 393 5128 de
420 5071 660 5127 Cbosroe
690 5067 902 5137 juniore
926 5066 1351 5133 interpretantur
1396 5060 1495 5117 viri
1529 5061 1757 5137 eruditi.
1808 5060 1898 5129 qui

323 5158 425 5212 ope
448 5131 842 5212 Mauricii—imp.
878 5131 1158 5189 Baramum
1188 5143 1467 5212 tyrannum
1498 5131 1901 5212 oppressit,‘_re_-

323 5201 592 5283 gnumque
617 5201 851 5283 recepit,
883 5221 952 5283 ex
978 5220 1086 5283 quo
1122 5204 1307 5283 pulsus
1350 5201 1546 5283 fuerat.
1576 5201 1904 5283 Ilunc_ChrE-

325 5270 555 5339 stianuin
576 5270 1138 5344 fuisse'r‘redega'rius,
1159 5274 1501 5344 Biclarcnsis,
1526 5273 1631 5344 imo
1656 5278 1710 5344 et
1729 5270 1907 5344 Theo-

324 5355 612 5424 phylactus
635 5348 876 5424 arbitrati
925 5340 1071 5424 sunt,
1113 5343 1280 5424 quod_
1304 5342 1493 5424 Syram
1545 5340 1903 5424 Christianam

329 5412 559 5480 uxorein
584 5422 827 5485 duxerit,
855 5412 1141 5488 palamque
1160 5412 1430 5488 professus
1460 5412 1618 5488 fuerit
1644 5426 1704 5488 se
1732 5412 1904 5465 sancti

329 5495 501 5565 Sergii
541 5482 822 5565 martyris
845 5482 947 5565 ope
976 5482 1233 5565 in_'regno_
1254 5484 1551 5565 res-titulum
1585 5482 1781 5565 fuisse,
1805 5498 1901 5536 cu-

325 5566 414 5635 jus
432 5554 981 5635 Ecclesim'prazclara
1015 5554 1152 5635 dona
1183 5556 1394 5635 obtulit.
1431 5554 1901 5635 Vide‘livagrium,

333 5622 426 5690 lib.
457 5652 505 5688 vr
540 5635 678 5688 Ilist.
703 5622 821 5699 cap.
849 5630 913 5682 19
941 5637 993 5681 et
1012 5628 1104 5680 2i).
1136 5629 1309 5699 Ipsum
1339 5633 1515 5699 tamen
1542 5622 1902 5699 Christianum

334 5707 498 5761 fuisse
540 5712 736 5772 negant
772 5694 883 5753 ‘viri
929 5694 1253 5772 eruditi.’E_t
1291 5696 1504 5772 quidem
1550 5694 1902 5772 Domitianum

337 5764 785 5842 Melitenatcpisc.
822 5767 1312 5842 laudat‘Gregorius
1344 5767 1559 5834 Magnus
1582 5765 1674 5819 lib.
1705 5780 1764 5842 ll,
1790 5764 1901 5817 iud.

339 5848 407 5917 ‘2,
456 5861 542 5916 cp.
592 5837 690 5910 63',
735 5840 873 5917 quod
910 5840 973 5894 ad
1005 5839 1130 5909 imp.
1168 5838 1444 5894 Persarum
1474 5837 1902 5901 conversionem,

1986 3265 2055 3319 Et
2087 3280 2237 3334 super
2261 3266 2551 3319 vestimenta
2578 3281 2689 3319 mea
2720 3274 2999 3336 posuerunt
3024 3277 3210 3321 sortem
3240 3267 3418 3337 (Joari.
3454 3284 3569 3333 χιι,

1982 3355 2089 3422 24;
2119 3355 2212 3410 Ps.
2246 3372 2358 3422 χχι,
2390 3356 2499 3426 19),
2554 3357 2765 3411 iuventa
2797 3367 2883 3411 est
2910 3358 3165 3427 prodente
3211 3359 3432 3414 Simone
3464 3359 3573 3413 ﬁlio

1984 3445 2169 3510 Jacob,
2198 3446 2290 3515 qui
2332 3460 2426 3514 per
2464 3445 2599 3501 duas
2629 3445 2994 3500 hebdomadas
3034 3448 3214 3503 multis
3247 3447 3574 3502 cruciatibus

1985 3538 2231 3603 affectus,
2273 3539 2483 3593 tandem
2508 3540 2787 3606 proﬁtetur
2816 3539 2986 3609 ipsam
3012 3541 3248 3595 tunicam
3282 3541 3333 3593 in
3359 3541 3576 3595 civitate

1987 3633 2150 3687 Zafad
2179 3643 2205 3682 κ
2239 3633 2423 3701 procul
2450 3649 2476 3684 a
2520 3633 2889 3703 Hierosolyma
2920 3649 2973 3687 tn
3001 3649 3121 3688 arca
3156 3650 3453 3688 marmorea
3482 3650 3575 3702 po-

1986 3724 2142 3778 sitam
2181 3739 2320 3779 esse.
2363 3724 2532 3791 Quam
2580 3723 2871 3793 Gregorius
2912 3714 3278 3778 Antiochenus
3323 3732 3371 3778 et
3440 3723 3573 3775 Ilio-

1988 3828 2101 3866 mas
2123 3812 2151 3847 ιι
2180 3812 2693 3881 llierosMymorum,
2724 3821 2778 3867 et
2819 3811 3094 3867 Johannes
3119 3813 3574 3880 Constantinopo-

1990 3900 2183 3954 litanus
2213 3900 2450 3969 epise0pi
2471 3915 2591 3954 cum
2614 3900 2734 3954 aliis
2756 3900 2935 3955 multis
2950 3902 3238 3971 episc0pis,
3257 3901 3563 3955 triduanum

1992 3989 2247 4045 facientes
2271 3989 2533 4059 jejunium
2558 4028 2573 4055 ,
2616 3990 2809 4045 exinde
2847 3991 3109 4061 condigne
3139 4006 3260 4045 cum
3285 4004 3409 4046 arca
3434 4006 3576 4045 mar-

1990 4096 2193 4149 morea,
2228 4083 2332 4137 levi
2361 4081 2570 4147 ellecta,
2619 4081 2771 4151 quasi
2819 4097 2888 4137 ex
2929 4083 3074 4151 ligno
3120 4082 3337 4149 fuisset,
3379 4082 3572 4137 ordine

1992 4177 2223 4243 pedestri
2268 4175 2689 4245 Hierosolymam
2737 4189 2859 4231 cum
2900 4174 3185 4231 devotione
3223 4174 3572 4231 sanctissima

1994 4358 2119 4413 licet
2148 4357 2363 4421 frustra,
2418 4354 2766 4410 laltoraverit.
2800 4353 3071 4409 Iohannes
3118 4368 3251 4410 vero
3295 4352 3578 4423 Jejunator

1998 4428 2193 4493 dictus,
2242 4426 2353 4482 ΟΡ.
2385 4427 2577 4494 episc.,
2626 4425 2692 4480 de
2739 4440 2845 4494 quo
2888 4424 2975 4479 hic
3020 4424 3269 4493 Fredeg.,
3318 4422 3579 4494 Eutychiu

1998 4498 2272 4563 successit,
2304 4513 2397 4551 an.
2426 4496 2551 4551 589..
2591 4495 2851 4550 Fautosus
2902 4496 3087 4551 fuitob
3138 4495 3440 4549 universalis
3483 4508 3580 4548 seu

1921 4544 1969 4602 Ῑ)
1995 4544 2287 4624 {ueliﬁchiéi
2310 4568 2713 4638 titulum,quem
2745 4567 2845 4621 sibi
2874 4567 3159 4622 resistente
3185 4566 3447 4635 Gregorio
3476 4563 3581 4618 Ma-

2000 4654 2105 4710 gno
2132 4639 2436 4710 arrogabat.

2068 4707 2095 4746 ἀ
2135 4702 2405 4765 Successit
2453 4714 2636 4763 sancto
2679 4708 2960 4762 Anastasio
3013 4705 3065 4760 in
3121 4704 3367 4760 exsilium
3404 4702 3581 4770 pulso,

2000 4795 2088 4834 an.
2122 4780 2248 4835 571.
2299 4781 2430 4835 Eum
2477 4780 2693 4833 laudant
2726 4778 3009 4846 Evagrius,
3058 4777 3155 4846 lib.
3200 4772 3579 4846 vt,jpassim;

2001 4851 2373 4917 Theophanes,
2432 4858 2488 4903 et
2541 4849 2697 4904 Joan.
2741 4844 3013 4912 Mos—chus,
3061 4845 3203 4900 Prati
3250 4844 3423 4917 spirit.
3455 4857 3578 4917 cap.

2004 4919 2125 4974 140.
2151 4912 2291 4975 Obiit
2326 4912 2415 4972 an.
2438 4917 2571 4984 592;
2605 4933 2710 4989 quo
2747 4917 3034 4983 defuncto,
3064 4916 3381 4971 Anastasius
3406 4912 3583 4968 sedent

2003 5004 2154 5043 suam
2188 4989 2408 5057 recepit.

2081 5069 2104 5096 θ
2145 5059 2365 5127 B0her.,
2414 5074 2529 5111 cum
2558 5058 2756 5112 clericis
2806 5058 2853 5110 ei
2898 5057 3131 5110 daret....

2005 5129 2136 5183 sida.

2082 5199 2101 5236 ί
2146 5199 2198 5253 Id
2229 5206 2333 5263 est,
2381 5196 2787 5265 Septimaniam,
2818 5204 2877 5250 ut
2906 5194 3185 5252 evidenter
3220 5201 3367 5265 patet
3399 5207 3464 5249 ex
3494 5191 3583 5246 lib.

2008 5285 2064 5324 ix
2092 5285 2212 5335 cap.
2242 5268 2310 5324 51
2340 5268 2588 5323 Historiae
2611 5266 2877 5335 Gregorii.

2081 5350 2106 5388 Β
2150 5332 2224 5396 Ea
2262 5348 2368 5401 est,
2420 5348 2480 5392 ut
2529 5340 2686 5407 vulgo
2717 5332 2922 5406 putant,
2978 5334 3167 5407 Joppe,
3224 5335 3351 5389 urbs
3393 5335 3445 5389 in
3500 5332 3571 5386 Pa

2010 5411 2219 5467 laastina
2256 5410 2519 5475 celebris,
2574 5406 2701 5463 olim
2734 5408 2862 5462 srde
2892 5406 3178 5475 episcopali
3212 5416 3420 5467 ornata,
3472 5418 3588 5473 qua‘

2009 5486 2315 5538 etiamnunc
2347 5484 2504 5551 vulgo
2547 5480 2675 5549 Jafa
2728 5478 3043 5551 appellatur,
3101 5476 3476 5551 Italis__Ja[fo,_
3507 5475 3587 5528 vrl

2008 5552 2180 5622 Za/fo.
2234 5554 2308 5609 De
2350 5546 2527 5608 tunica
2571 5546 2669 5605 hac
2722 5546 2844 5602 vide
2888 5548 2985 5605 lib.
3040 5564 3057 5602 ι
3115 5548 3182 5602 de
3223 5547 3403 5602 Gloria
3434 5546 3588 5599 Mart.

2008 5638 2126 5684 can.
2157 5626 2212 5680 8.

2082 5692 2110 5732 δ
2152 5693 2471 5763 Fredegario
2497 5693 2718 5746 Thomre
2752 5706 2943 5745 nomen
2979 5688 3282 5763 Obrepsisse
3314 5695 3470 5763 putat
3495 5685 3591 5763 lla-

2012 5757 2352 5833 pcbrochius:
2412 5780 2507 5831 pro
2560 5766 2733 5825 Amos,
2780 5777 2938 5831 quem
2988 5776 3052 5814 ex
3092 5760 3303 5833 Graecis
3335 5757 3592 5833 cataloii.ii

2014 5828 2139 5891 iuue
2168 5828 2633 5891 ierosolviuiianm
2681 5828 2928 5890 Ecclesiae
2972 5831 3249 5898 praefuisse
3296 5828 3573 5884 existimat

3181 5055 3417 5109 universa
3462 5051 3567 5105 Per
