4132 6348
320 317 416 373 6ιῖ

1735 316 2156 371 CIIRONICUM.

3484 325 3583 380 (illi

322 449 443 490 netu
476 433 644 502 ipsam
694 429 757 485 ad
790 428 1179 486 Theudericum
1221 429 1485 499 perducit.
1538 430 1901 486 Theodericus
1932 435 1981 491 Α
2007 430 2140 483 doro
2170 444 2290 484 cum
2319 440 2505 486 saneto
2534 432 2667 487 Urso
2692 441 2715 480 ε
2746 448 2931 504 passus
2958 434 3151 499 fuerat,
3182 450 3209 489 a
3239 441 3394 493 beato
3420 438 3557 495 ΑΕρυ

320 527 492 581 aviam
536 540 685 578 suam
729 522 1125 578 Brunicltildem
1177 522 1408 577 libenter
1456 525 1741 594 recipiens,
1784 525 1905 595 glo-

321 618 462 671 riose
486 615 648 686 603
676 621 924 670 honorat.
956 613 1125 681 Hujus
1159 614 1527 671 vicissitudine
1572 618 1743 671 tneriti
1794 620 1905 684 epi-

323 720 600 779 scopatum
658 707 1197 773 Antissiodorensem,
1254 707 1481 762 faciente
1531 708 1901 774 Brunicbilde,

323 816 498 854 assum
507 800 627 868 psit.

393 893 493 945 Art.
538 906 711 944 nc.—-
739 888 859 944 XX.
891 892 1047 944 Anno
1086 888 1118 941 5
1146 889 1292 959 regni
1328 889 1670 953 Theoderici,
1715 891 1903 944 iterum

323 980 475 1052 signa
515 996 632 1049 quae
677 995 818 1032 anno
863 980 1138 1047 superiore
1177 982 1285 1032 visa
1319 979 1546 1044 fuerant,
1581 980 1722 1048 globi
1767 981 1905 1049 ignei

324 1086 419 1140 per
453 1073 649 1124 cmlum
691 1081 992 1134 currentes,
1021 1078 1077 1124 et
1118 1071 1186 1125 ad
1218 1071 1385 1125 instar
1431 1071 1783 1125 multitudinis
1814 1072 1907 1123 ba-

323 1171 526 1216 starttm
566 1163 835 1230 ignearum
866 1162 931 1215 ad
962 1162 1293 1217 occidentem
1341 1173 1722 1232 apparuerunt.
1757 1163 1905 1233 Ipso-

320 1266 426 1319 que
466 1266 609 1304 anno
631 1251 1039 1306 Theudehertus
1068 1261 1123 1306 et
1146 1251 1513 1306 Theudoricus
1542 1267 1693 1319 reges
1720 1262 1905 1307 contra

322 1340 689 1395 Chlotharium
723 1355 904 1411 regem
934 1350 1152 1395 movent
1191 1342 1507 1407 exercitum,
1546 1352 1601 1396 et
1629 1357 1789 1412 super
1812 1342 1907 1395 llu-

322 1431 466 1486 vium
513 1433 819 1486 Aroanuam
864 1440 915 1497 ³,
965 1448 1065 1487 nec
1115 1433 1299 1502 procul
1348 1449 1379 1489 a
1420 1434 1721 1489 Doromello
1766 1435 1904 1499 vico,

322 1523 565 1589 praelium
626 1524 973 1593 conﬂigentes
1018 1526 1333 1592 junxerunt.
1398 1526 1577 1596 Ibique
1638 1528 1907 1582 exercitus

323 1614 623 1670 Chlotharii
672 1617 986 1686 gravissime
1029 1619 1323 1673 trucidatus
1364 1628 1465 1673 est.
1512 1619 1734 1688 Ipsoque
1784 1635 1905 1674 cum

323 1706 406 1761 bis
436 1708 525 1779 qui
557 1720 934 1765 remanserunt
965 1712 1015 1765 in
1047 1711 1222 1782 fugam
1266 1728 1442 1777 verso,
1487 1730 1649 1783 pagos
1691 1726 1743 1769 et
1783 1716 1907 1770 civi-

2010 520 2100 573 nio
2134 519 2383 586 pontifice
2411 521 2819 577 Mauriennense
2850 523 2877 560 ιι
2909 526 3193 582 invenitur.
3224 530 3461 595 Quadam
3491 549 3589 589 no-

2006 618 2091 663 cte
2120 610 2170 662 in
2201 624 2293 663 sua
2324 610 2538 667 civitate
2570 614 2618 668 ei
2651 614 2915 670 revelatur
2941 632 3034 686 per
3064 622 3351 686 somnium,
3386 633 3441 678 ut
3465 638 3587 679 sur-

2005 715 2138 769 gens
2170 701 2411 768 protinus
2461 703 2564 758 iret
2590 704 2655 757 ad
2690 707 2995 774 ecclesiam,
3047 727 3203 780 quam
3236 714 3527 773 Sedeleuba
3563 718 3584 761 ί

2010 794 2194 861 regina
2226 796 2276 847 in
2308 796 2615 851 suburbano
2641 798 2938 855 Genavensi
2967 814 3358 873 construxerat,
3391 808 3441 863 in
3475 825 3588 865 me-

2006 887 2095 940 diu
2136 889 2379 942 ecclesia!
2404 890 2684 959 designato
2713 893 2846 957 loco,
2883 895 2969 948 ubi
3001 906 3242 953 sanctum
3271 915 3463 969 corpus
3495 905 3589 957 ad-

2007 987 2172 1032 esset.
2225 981 2466 1050 Cumque
2495 980 2763 1037 Genavam
2808 985 3031 1040 festiuus
3080 993 3416 1059 perrexisset,
3464 1010 3587 1051 cum

2008 1073 2175 1127 beatis
2221 1071 2457 1127 Ilu~ticio
2506 1084 2559 1128 et
2602 1074 2830 1129 Patricio
2878 1076 2891 1126 i
2949 1080 3236 1149 episc0pis,
3282 1085 3584 1141 triduanum

2003 1162 2264 1231 jejunium
2297 1163 2572 1231 fac'entes,
2609 1164 2784 1219 lumen
2816 1181 2910 1234 per
2939 1177 3170 1238 noctem,
3202 1173 3289 1226 ubi
3322 1175 3448 1229 illud
3477 1178 3589 1247 glo-

2006 1254 2209 1306 riosum
2257 1262 2311 1307 et
2354 1254 2687 1321 splendidum
2733 1269 2927 1323 corpus
2974 1269 3111 1324 erat,
3155 1268 3420 1333 apparuit,
3449 1272 3589 1338 quod

2006 1355 2127 1396 cum
2157 1343 2369 1397 silentio
2397 1343 2446 1397 hi
2480 1353 2587 1399 tres
2619 1345 2897 1413 pontifices
2947 1362 3065 1402 cum
3096 1351 3345 1421 lacrymis
3374 1368 3427 1410 et
3468 1372 3591 1413 ora-

2006 1431 2240 1486 tionibus
2282 1432 2493 1488 elevato
2524 1434 2698 1503 lapide
2748 1437 2799 1489 in
2826 1451 2949 1491 arca
2993 1452 3241 1508 argentea
3277 1445 3591 1504 invenerunt

2006 1524 2289 1591 sepu'tum,
2321 1523 2475 1593 cujus
2506 1524 2693 1578 faciem
2734 1526 3012 1582 rubentem
3059 1534 3209 1600 quasi
3243 1535 3346 1590 viti
3378 1553 3592 1607 repere-

2006 1626 2150 1667 runt.
2209 1615 2395 1685 Ibique
2425 1618 2673 1685 princeps
2697 1617 3062 1676 Theodericus
3104 1640 3337 1690 praesens
3382 1631 3587 1701 aderat,

2011 1704 2300 1775 multisque
2341 1708 2501 1761 rebus
2533 1708 2690 1775 hujus
2733 1711 2975 1767 ecclesiae
3007 1713 3270 1782 tribuens,
3304 1722 3590 1777 maximam

321 1810 456 1856 mes
486 1802 616 1869 τερα,
642 1802 859 1872 δίεοηω
885 1801 935 1866 b’
965 1805 1055 1873 qui
1093 1819 1153 1858 se
1182 1804 1247 1857 ad
1277 1804 1646 1859 cmorhmium
1678 1807 1911 1861 "adma-
1942 1815 1988 1874 Β
2016 1804 2220 1860 partem
2266 1794 2538 1850 facultatis
2569 1796 2939 1854 Warnacltarii
2987 1802 3183 1858 ibidem
3232 1807 3593 1865 confirmavit.

321 1902 461 1955 rant,
490 1892 885 1962 depopulantur
912 1905 965 1948 et
994 1902 1220 1947 vastant.
1244 1894 1501 1949 Civitates
1530 1907 1719 1963 ruptae,
1745 1897 1905 1951 nimis

322 1982 544 2049 pluritas
581 1988 910 2053 captivorum
942 1985 1009 2041 ab
1034 1987 1271 2041 exercitu
1300 1987 1618 2043 Theoderici
1649 1998 1704 2043 ot
1729 1988 1908 2043 Theu-

322 2075 531 2131 deberti
556 2077 751 2132 exinde
778 2078 1006 2132 ducitur.
1039 2078 1382 2133 Chlotharius
1410 2094 1718 2148 Oppressus,
1748 2082 1909 2136 vellet

322 2168 509 2231 nollet,
540 2182 633 2234 per
661 2168 923 2236 pactionis
954 2168 1220 2221 vinculum
1265 2167 1517 2233 ﬁrmavit,
1551 2178 1606 2223 ut
1654 2170 1795 2225 inter
1823 2171 1908 2224 Si-

320 2271 515 2328 gonam
541 2268 594 2312 et
621 2257 865 2329 Ligerem
909 2274 1075 2328 usque
1120 2272 1269 2313 mare
1318 2259 1589 2314 Oceanum
1619 2269 1674 2315 et
1701 2262 1907 2316 Britan-

323 2362 514 2402 norum
553 2349 777 2405 limitem
809 2364 932 2420 pars
967 2350 1289 2407 Theoderici
1322 2351 1569 2419 haberet;
1609 2362 1665 2408 ct
1705 2369 1801 2423 per
1826 2355 1909 2410 Si-

322 2454 512 2508 gonam
536 2450 591 2495 et
618 2442 813 2495 tsararn
838 2443 1092 2497 Ducatum
1114 2444 1379 2514 integrum
1404 2445 1668 2501 Dentelini
1695 2457 1717 2485 ο
1744 2462 1909 2518 usque

322 2534 595 2587 Oceanum
644 2548 793 2589 mare
836 2534 1245 2590 Tlteudebertus
1283 2537 1566 2605 reciperet.
1618 2536 1907 2595 Duodecim

323 2632 527 2678 tantum
556 2625 673 2694 pagi
700 2624 839 2679 inter
867 2625 1063 2679 lsaram
1096 2634 1151 2681 et
1170 2618 1425 2697 Sigonam
1454 2635 1510 2682 et
1538 2642 1686 2684 mare
1715 2628 1909 2687 littoris

323 2714 520 2767 Uceani
554 2712 868 2769 Cblothario
895 2725 1269 2771 remanserunt

396 2808 499 2859 Au.
538 2820 645 2860 DCI.
665 2834 733 2844 —
754 2807 910 2859 Anno
941 2806 975 2861 6
1003 2808 1148 2878 regni
1173 2807 1487 2866 Theoderici
1517 2810 1774 2867 Cautinus
1803 2812 1909 2868 dux

324 2896 688 2952 Tlieudeberti
720 2898 1039 2953 interficitur

396 2989 494 3043 Ax.
536 3004 659 3043 acu.
687 3017 758 3028 —
787 2988 926 3043 XXI.
970 2994 1127 3045 Anno
1155 2993 1186 3046 7
1217 2989 1243 3029 ἀ
1277 2994 1427 3063 regni
1471 2994 1789 3049 Theoderici
1842 2996 1911 3049 de

325 3080 621 3133 concubina
686 3078 831 3134 filius
896 3082 1155 3148 nascitur,
1198 3084 1415 3139 nomine
1473 3085 1799 3153 Sigibertus;
1857 3094 1911 3140 et

2014 1884 2095 1938 Ad
2121 1886 2427 1954 sepulcrum
2479 1888 2608 1942 illud
2651 1898 2892 1944 sanctum
2923 1892 3071 1948 mirae
3099 1898 3321 1953 virtutes
3365 1917 3429 1955 ex
3481 1904 3593 1972 ipsa

2007 1976 2115 2039 die,
2149 1994 2250 2044 qua
2296 1990 2564 2048 repertum
2609 1990 2724 2048 est,
2780 1992 3065 2050 praestante
3093 1987 3341 2057 Domino,
3389 1994 3594 2065 integra

2009 2067 2321 2121 assiduitate
2349 2069 2723 2124 ostenduntur.
2750 2071 2827 2126 Eo
2854 2087 2994 2127 anno
3010 2073 3289 2131 Etherius
3311 2083 3595 2150 episcopus

2013 2159 2385 2228 Lugdunensis
2412 2161 2582 2217 obiit:
2608 2164 2887 2219 ordinatur
2915 2167 3035 2222 loco
3060 2167 3229 2237 ipsius
3254 2172 3596 2232 Secundinus

2015 2250 2298 2318 episcopus

2085 2340 2275 2395 XXIII.
2319 2342 2395 2395 Eo
2424 2358 2565 2397 anno
2594 2344 2764 2399 Focas
2790 2344 2815 2383 ι
2845 2346 2949 2402 dux
2978 2358 3031 2403 et
3060 2350 3311 2418 patricius
3341 2353 3595 2421 reipubli-

2011 2446 2107 2498 cae,
2137 2433 2306 2488 victor
2334 2450 2364 2487 a
2396 2435 2575 2491 Persis
2604 2440 2841 2506 rediens,
2874 2440 3184 2497 Mauricium
3217 2447 3592 2511 imperatorem

2011 2523 2299 2592 interfecit,
2332 2537 2384 2581 et
2415 2528 2534 2583 loco
2565 2529 2735 2597 ipsius
2764 2532 3045 2601 imperium
3074 2538 3364 2606 assumpsit

2081 2624 2183 2671 An.
2234 2633 2380 2672 nam.
2403 2649 2473 2659 —
2497 2619 2683 2675 XXIV.
2720 2624 2874 2676 Anno
2914 2622 2947 2675 8
2989 2627 3135 2695 regni
3164 2627 3481 2685 Theoderth
3528 2632 3596 2686 de

2009 2714 2306 2765 concubina
2340 2716 2574 2767 nascitur
2600 2716 2648 2767 ei
2674 2714 2832 2781 filius,
2869 2718 3083 2773 nomine
3109 2720 3511 2789 Childebertns,
3541 2734 3599 2781 et

2012 2805 2252 2874 synodus
2272 2805 2553 2860 Cabillono
2571 2808 2731 2877 605
2762 2809 3048 2879 colligitur.
3084 2814 3412 2870 Desiderium
3438 2817 3599 2872 Vien-

2013 2897 2595 2977 nensemaepiscopum
2636 2899 2917 2965 dejiciunt,
2967 2910 3021 2954 et
3070 2903 3355 2973 instigante
3385 2908 3593 2973 Aridio,

2014 2986 2357 3056 Lugdunensi
2386 2988 2659 3057 episcopo,
2691 3001 2745 3042 et
2774 2991 3137 3060 Brunichilde,
3165 2995 3484 3066 subrogatus
3512 3011 3597 3054 est

2013 3079 2132 3131 luco
2163 3079 2330 3145 ipsius
2366 3079 2684 3131 sacerdotali
2727 3080 2905 3134 ofﬁcio
2936 3082 3260 3150 Domnolus;
3292 3086 3598 3143 Desiderius

325 3173 502 3242 [Egila
538 3182 561 3210 ο
596 3173 883 3241 patricius,
931 3174 1093 3229 nullis
1136 3176 1306 3244 culpis
1353 3178 1707 3241 exstantibus,
1760 3179 1910 3231 insti-

2017 3182 2143 3222 vero
2169 3168 2220 3221 in
2249 3167 2478 3222 insulam
2505 3168 2786 3239 quamdam
2814 3170 3002 3226 exsilio
3026 3174 3336 3229 retruditur.
3362 3177 3438 3231 Eo
3457 3192 3597 3235 anno

325 3278 481 3333 gante
525 3264 891 3329 Brunichilde,
943 3264 1135 3334 ligatus
1185 3266 1521 3338 interﬁcitur,
1560 3268 1661 3323 nisi
1706 3277 1910 3322 tantum

326 3354 632 3424 cupiditatis
676 3354 954 3419 instinctu,
986 3363 1043 3409 ut
1090 3355 1370 3411 facultates
1414 3356 1533 3427 ejus
1563 3356 1722 3413 fiscus
1762 3372 1914 3412 assu-

327 3456 519 3500 meret.
567 3446 641 3501 Eo
670 3461 810 3500 anno
836 3446 1245 3502 Tlteudebertus
1274 3458 1327 3503 et
1349 3447 1714 3503 Theudericus
1759 3463 1915 3504 exer-

328 3538 489 3590 citum
517 3546 702 3591 contra
725 3537 1015 3591 Wascones
1040 3538 1296 3607 dirigunt,
1322 3539 1593 3607 ipsosque,
1619 3538 1783 3611 605
1807 3540 1915 3598 Deo

329 3628 654 3693 auxiliante,
697 3626 937 3697 deiectos
985 3644 1096 3683 suae
1144 3630 1491 3685 dominationi
1542 3634 1810 3701 redigunt,
1862 3641 1915 3685 et

331 3721 642 3775 tributarios
686 3720 907 3774 faciunt.
944 3721 1137 3775 Ducem
1170 3737 1331 3792 super
1360 3726 1523 3792 ipsos,
1572 3725 1787 3781 nomine
1812 3726 1915 3781 Ge-

330 3812 525 3865 uialem
549 3810 593 3876 ί,
627 3812 931 3878 instituunt,
965 3813 1053 3879 qui
1080 3828 1174 3867 eos
1203 3814 1426 3869 feliciter
1454 3816 1765 3870 dominavit.

404 3900 569 3954 XXII.
616 3901 691 3954 Eo
729 3916 871 3955 anno
914 3918 1108 3972 corpus
1156 3904 1324 3960 sancti
1356 3904 1580 3959 Victoris
1635 3908 1725 3964 oui
1771 3907 1917 3961 Salo-

330 4072 451 4113 esse
474 4056 745 4113 contendit
774 4056 1015 4112 Cointius
1045 4058 1109 4111 ad
1141 4074 1229 4113 an.
1258 4057 1383 4121 51:9,
1412 4060 1550 4127 quod
1582 4059 1915 4113 Antissiodu.

330 4129 500 4182 rensis
518 4131 752 4183 Ecclesia
783 4137 907 4182 tunc
937 4144 1039 4181 non
1059 4139 1289 4193 vacaret,
1316 4128 1561 4197 quodque
1587 4130 1915 4195 Desiderius,

330 4202 419 4266 qui
457 4200 659 4269 aliquot
694 4212 873 4267 postea
920 4201 1073 4253 annis
1104 4202 1443 4252 Auuaehario
1475 4202 1749 4262 successit,
1784 4216 1914 4268 pau-

331 4285 427 4339 per
477 4286 579 4324 non
633 4269 822 4329 fuerit,
880 4285 976 4322 nec
1022 4270 1138 4321 this
1167 4272 1252 4337 qui
1304 4271 1386 4322 hic
1439 4270 1774 4334 describitur,
1810 4273 1915 4322 imo

334 4340 695 4395 nobilissimus
721 4342 913 4394 dicitur
948 4341 996 4392 in
1026 4339 1163 4392 Hist.
1205 4340 1576 4408 epist-optimm
1620 4339 1818 4393 Amissi
1843 4343 1910 4394 ul.

331 4424 447 4479 cap.
474 4410 540 4464 19
569 4420 621 4463 et
645 4411 735 4475 20,
769 4422 817 4464 et
852 4426 1032 4480 regum
1065 4419 1367 4464 nostrorum
1403 4413 1737 4477 prapinqutts.
1772 4413 1915 4464 Obiit

333 4495 476 4534 anno
507 4481 631 4543 623,
663 4492 715 4534 et
746 4482 985 4547 sepultus
1014 4494 1091 4533 (κει
1140 4483 1190 4532 in
1224 4482 1439 4533 basilica
1470 4485 1633 4533 sancti
1663 4484 1913 4535 Germani

2013 3261 2093 3315 sol
2122 3260 2433 3316 obscuratus
2458 3270 2561 3315 est.
2593 3261 2669 3314 Eo
2698 3275 2910 3331 quoque
2939 3272 3182 3333 tempore
3215 3267 3594 3333 Berthoaldus,

2013 3366 2208 3421 genere
2234 3349 2493 3417 Francus,
2526 3350 2698 3419 tnajor
2737 3352 2927 3407 donius
2968 3354 3145 3421 palatii
3194 3366 3311 3410 erat
3351 3357 3598 3414 Theode-

2014 3441 2147 3507 rici,
2194 3441 2431 3495 moribus
2478 3449 2844 3507 mensuratus,
2894 3444 3136 3511 sapiens,
3187 3455 3243 3501 et
3283 3458 3491 3507 cautus
3540 3452 3595 3506 in

2016 3538 2197 3604 prmlio
2231 3536 2405 3603 furtis,
2438 3536 2594 3591 fidem
2620 3552 2740 3591 cum
2770 3539 3017 3595 omnibus
3044 3555 3287 3599 servans.

2084 3632 2183 3683 As.
2214 3644 2356 3684 ncrv.
2378 3659 2449 3670 —
2474 3634 2629 3684 Anno
2660 3633 2691 3686 9
2721 3632 2868 3700 regni
2899 3632 3221 3688 Theudorici
3272 3638 3508 3692 nascitur
3545 3639 3596 3693 ei

2018 3723 2153 3776 filius
2182 3724 2249 3777 de
2286 3724 2610 3787 concubina.
2644 3726 2861 3779 nomine
2886 3725 3112 3781 Corbus.
3144 3726 3278 3781 Cum
3311 3728 3422 3796 jam
3468 3729 3597 3784 Pro-

2019 3816 2191 3868 tadius
2234 3831 2431 3883 genere
2480 3816 2750 3871 Romanus
2779 3818 3121 3873 vehementer
3147 3820 3215 3874 ab
3252 3821 3498 3875 omnibus
3542 3823 3597 3878 in

2019 3908 2208 3974 palatio
2238 3916 2603 3973 \eneraretur,
2628 3918 2682 3962 et
2711 3908 3065 3963 tlrunichildis
3093 3912 3261 3980 stupri
3285 3913 3450 3982 gratia
3473 3928 3592 3969 eum

2018 4059 2194 4134 minus
2221 4058 2511 4134 adannum
2538 4058 2592 4112 9.
2625 4060 2788 4114 Iidem
2816 4074 2937 4114 cum
2970 4059 3101 4114 Bob.
3132 4062 3297 4117 lilium
3329 4063 3471 4119 hunc
3500 4079 3597 4134 ap-

2019 4132 2220 4198 pellant
2249 4130 2602 4198 Sigobertum.

2092 4208 2116 4275 ξ
2156 4200 2304 4275 golb.
2339 4200 2761 4275 corripit-risque
2790 4200 2970 4275 editis,
3000 4204 3170 4275 Agilo.

2093 4267 2112 4306 ί
2156 4269 2333 4333 Colb.,
2362 4267 2659 4335 Eclionem;
2680 4267 2931 4339 plerique
2957 4267 3069 4338 edf,
3102 4271 3381 4328 Centialem

2089 4350 2112 4387 s
2139 4341 2373 4415 ABAoIinet
2399 4342 2599 4415 aliquot
2636 4342 2744 4415 rd.,
2773 4341 3009 4398 Ursione.
3045 4345 3107 4400 lli
3138 4353 3376 4399 erantex
3408 4359 3597 4415 perce-

2020 4411 2148 4465 lebri
2185 4411 2534 4465 'l‘liebtcorum
2579 4412 2820 4482 legione,
2852 4429 2968 4480 qua:
2999 4415 3048 4468 in
3082 4417 3196 4469 istis
3229 4411 3467 4480 partibus
3497 4420 3599 4473 sub

2023 4482 2337 4553 Maximiano
2370 4482 2616 4535 Iletculiu
2650 4482 2869 4553 martyri
2893 4501 2961 4536 »ιη
2992 4487 3409 4540 consummavit.
3465 4487 3598 4543 Vide

334 4567 456 4624 cum
503 4554 614 4624 suis
644 4553 1081 4620 pracessordius.
1129 4551 1333 4605 Colitur
1364 4553 1435 4604 uti
1468 4563 1682 4605 sanctus
1712 4568 1762 4605 vr
1793 4552 1907 4605 Kal.
1948 4549 1995 4607 D
2021 4555 2075 4606 Α·
2099 4562 2148 4604 ta
2190 4552 2482 4624 _Mar_tyrutn
2517 4567 2719 4606 sincera
2744 4598 2756 4618 ,
2789 4549 2803 4553 ⁷
2828 4569 2944 4624 pag.
2977 4555 3102 4622 295,
3155 4563 3209 4608 et
3231 4556 3476 4620 Sttrium,
3530 4558 3597 4612 ad

333 4620 650 4675 Novembris

407 4702 432 4729 ι
455 4692 552 4745 Vix
581 4691 764 4745 incolis
791 4703 967 4754 notus,
993 4692 1147 4760 vulgo
1168 4693 1383 4745 ()uoiuc.
1412 4693 1623 4745 Lustrat
1644 4694 1911 4748 Senonum

335 4764 487 4827 lines,
519 4774 568 4815 et
600 4764 649 4815 in
683 4763 879 4827 Lttpatn
916 4765 985 4831 (le
1002 4763 1149 4831 Lam)
1183 4764 1512 4831 immeigttur
1545 4780 1704 4828 prope
1732 4766 1915 4817 Morit-

337 4844 469 4887 ttttn.
503 4833 888 4892 Doromellutn,
923 4837 1078 4900 vulgo
1106 4834 1399 4898 Dornu'ille,
1432 4836 1741 4902 appellatur.
1778 4842 1912 4886 Arn.

335 4918 527 4956 annatn
581 4914 755 4955 tamen
784 4904 1025 4973 (Σωιιιίιιδ
1057 4918 1121 4956 ex
1155 4904 1424 4957 Fauchetti
1464 4906 1536 4955 ait
1582 4906 1709 4955 oriri
1752 4923 1914 4973 prope

336 4976 555 5037 Trecas,
590 4991 649 5025 ac
682 4988 845 5040 prope
874 4972 1142 5027 Senonum
1178 4980 1357 5027 urbem
1405 4976 1455 5025 in
1487 4976 1726 5025 Icaunam
1754 4972 1908 5028 flaui.

338 5045 393 5099 In
417 5043 758 5097 Testamento
784 5046 950 5094 sancti
982 5043 1357 5096 Ilertichrantni
1388 5059 1550 5106 eptsc.
1580 5044 1910 5099 (Zenutuaou.

340 5126 666 5167 memoratur
699 5117 895 5164 Aroeua
934 5113 1195 5179 ﬂuviolus,
1247 5116 1295 5165 in
1325 5112 1476 5181 cujus
1507 5113 1617 5181 ripa
1649 5116 1804 5166 situm
1831 5124 1914 5167 est

338 5185 582 5251 oppidum
608 5183 881 5235 Diabliutis
910 5186 1045 5247 apud
1078 5185 1471 5238 Ceuomannus.

410 5256 436 5291 δ
466 5256 564 5307 tth.
599 5257 693 5317 aL,
726 5255 1007 5320 Sequatur;
1047 5268 1205 5325 quam
1232 5255 1475 5323 Sigonam
1514 5267 1609 5306 seu
1639 5251 1911 5325 Segonam,

340 5324 430 5378 ille
457 5336 641 5377 auctor
670 5338 725 5377 ot
751 5326 1031 5391 plurimo-at
1060 5324 1305 5387 appellat.

414 5405 435 5432 ε
468 5396 626 5451 Infra.
679 5409 795 5458 cap.
826 5394 913 5446 57.
964 5393 1123 5446 Freh.
1176 5404 1228 5446 et
1258 5392 1357 5445 Cll.
1400 5392 1495 5455 al.,
1529 5392 1815 5457 Di'nzelt'ni,
1864 5402 1917 5444 ct

340 5481 458 5533 cap.
483 5467 573 5528 '76,
620 5464 906 5517 Dmrzi.’eui.
961 5464 1421 5528 (Iomplcclebalttr
1471 5464 1763 5531 regionem,
1796 5478 1917 5524 qua:

336 5537 483 5607 jacet
534 5539 583 5589 in
611 5552 669 5607 er
698 5536 1016 5607 Sequanam,
1062 5534 1280 5597 lsaratn,
1332 5548 1425 5607 seu
1478 5533 1734 5607 Ocsiatup
1766 5534 1921 5600 vulgo

344 5604 527 5672 l‘Oise,
577 5617 629 5658 et
652 5606 903 5671 Ligeruu.
938 5604 1084 5658 UnJe
1112 5619 1238 5659 vero
1265 5605 1403 5659 istud
1430 5621 1620 5661 nomen
1652 5605 1917 5671 habuerit,

344 5679 581 5746 ignotum
605 5676 731 5727 inibi
752 5684 854 5728 est.

416 5746 439 5784 ιι
473 5747 603 5800 (ιυιι.
639 5746 788 5799 υυιυ.
819 5752 871 5797 et
904 5743 1088 5811 Frch.,
1120 5746 1265 5798 Anno
1292 5746 1358 5802 vi.
1390 5756 1443 5801 et
1474 5748 1546 5801 sic
1578 5761 1682 5801 uno
1712 5760 1923 5813 semper

657 5859 923 5917 PAT‘ROL.
980 5858 1202 5917 LXXI.

2017 4627 2155 4677 diem
2189 4621 2256 4674 5U
2286 4622 2558 4696 Septemb.
2610 4621 2935 4696 Soloditrutit
2978 4628 3130 4696 urbs,
3162 4626 3321 4695 vulgo
3356 4627 3593 4696 Soleure,

2017 4702 2175 4760 caput
2219 4701 2302 4746 est
2351 4695 2467 4763 pagi
2520 4697 2852 4763 cognominis
2894 4694 3273 4754 Helvetioran
3309 4694 3599 4752 catholico;

2021 4777 2159 4817 rum.

2090 4832 2116 4869 ιι
2144 4833 2316 4887 Mallet
2365 4834 2606 4889 Valesius
2650 4834 2825 4902 legere
2864 4831 3081 4889 /Eonio.
3134 4832 3253 4902 Ipse
3299 4850 3431 4889 vero
3478 4850 3599 4891 sese

2025 4902 2301 4975 Iliconium
2328 4907 2557 4975 appellat
2590 4910 2639 4957 in
2668 4919 2821 4958 conc.
2854 4907 3055 4959 Matisc.
3089 4922 3103 4958 l
3133 4915 3185 4958 et
3210 4920 3269 4969 II,
3299 4907 3493 4975 quibus
3518 4907 3601 4961 in-

2022 4974 2220 5027 terfuit.
2256 4976 2463 5027 l’timus
2492 4974 2587 5027 fuit
2618 4974 2772 5041 hujus
2804 4975 2947 5029 sedis
2972 4976 3272 5042 episeopus.

2100 5044 2117 5115 ξ
2144 5044 2265 5115 llzec
2291 5043 2384 5095 fuit
2412 5058 2565 5115 soror
2584 5045 2865 5097 Citlotildis
2890 5059 3066 5115 nitoris
3086 5046 3376 5100 Chlodovei
3400 5044 3596 5115 Magni.

2024 5112 2153 5165 Vide
2183 5114 2404 5181 Gregor.
2438 5113 2570 5166 Ilisl.
2604 5114 2693 5165 lib.
2720 5125 2754 5164 Il
2784 5128 2898 5179 cap.
2921 5111 3012 5168 28.

2096 5185 2109 5230 l
2152 5184 2276 5244 Alli,
2325 5182 2534 5235 Rustico
2565 5192 2609 5236 et
2646 5183 2885 5247 Palrico;
2917 5184 3106 5237 melius
3139 5183 3275 5238 forte
3300 5185 3519 5241 Rustico
3549 5198 3603 5242 et

2027 5253 2269 5326 Patricio.
2306 5253 2587 5326 Utriusque
2617 5255 2811 5305 nudum
2843 5268 3035 5307 nomen
3066 5259 3323 5326 exstatfin
3355 5260 3599 5326 catalogo

2025 5324 2190 5385 eaisc.
2222 5321 2641 5387 Genaveusium;
2696 5326 2953 5376 alteruter
2986 5335 3158 5379 tamen
3192 5324 3355 5381 fuisse
3387 5321 3595 5383 videtur

2025 5392 2304 5461 cpiscOpus
2332 5394 2714 5448 Octodurensis
2745 5408 2835 5446 seu
2864 5393 3213 5449 Seduni-usis.

2099 5461 2123 5499 κ
2158 5465 2266 5516 lluc
2296 5467 2407 5531 ipso
2438 5478 2575 5515 anno
2599 5464 2788 5517 Phoco:
2824 5464 3027 5531 imperii
3062 5465 3264 5518 initium
3298 5468 3517 5521 habetur
3544 5468 3594 5522 in

2028 5535 2384 5607 instrumento
2414 5536 2643 5602 publico,
2692 5534 2831 5602 quod
2865 5535 3044 5587 κωπίω
3074 5546 3314 5607 πλειιιιςιο
3341 5534 3598 5607 Gregorio

2030 5606 2417 5677 promulgatum
2460 5615 2570 5667 est;
2622 5607 3025 5677 undelirrnatur
3071 5605 3411 5677 chronologia
3441 5605 3597 5677 tinam

2031 5676 2115 5747 hic
2143 5689 2435 5747 sequimur.
2463 5678 2643 5727 Exstat
2672 5676 2819 5727 initio
2849 5677 2967 5730 libi
2997 5690 3051 5729 ιι
3080 5676 3424 5743 epistolarum
3459 5676 3601 5747 ejus-

2030 5746 2149 5799 dctu
2184 5746 2463 5799 uoutilicis.

3130 5860 3207 5919 9.0
