4132 6348
537 302 638 356 διε)

1737 295 2155 350 1·’ῐὶΙζΠΕ(;ΑΙὶΙΙ
2195 295 2634 350 StlllOI..—\\"l'|(.l

3709 301 3818 352 6'20

536 418 692 474 vellet
745 416 1035 472 honoribus
1088 415 1326 469 exaltare
1353 433 1366 478 ;
1427 413 1679 466 defuncto
1740 410 2120 464 Wandalmaro
2151 413 2197 469 A
2232 425 2352 476 pars
2377 414 2644 466 exercitus
2669 412 2984 467 Theudorici
3013 415 3337 481 transierat,
3367 415 3555 468 initum
3581 423 3661 469 est
3690 431 3818 483 pra--

534 511 690 573 duce.
725 511 774 564 in
823 524 957 580 pago
1005 506 1384 564 Ultra-Jurano
1415 515 1468 559 et
1515 504 1890 572 Sentingorum
1922 513 1947 539 α
1983 503 2114 556 Pro-

538 602 708 657 tadius
739 601 988 668 patricius
1017 599 1298 654 ordinatur
1341 597 1682 665 instigatione
1737 594 2112 646 Brunichildis.

539 693 605 749 Ut
635 691 954 748 Bertnaldus
985 691 1154 760 potius
1201 689 1476 752 interiret,
1509 701 1631 741 eum
1673 687 1725 739 in
1774 686 1943 752 ripam
1978 685 2122 750 Sign-

536 801 658 841 natn
689 799 855 852 usque
883 783 1152 838 Oceanum
1185 794 1332 835 mare
1362 794 1454 847 per
1483 793 1648 848 pagos
1675 788 1728 831 et
1756 776 1999 831 civitates
2031 776 2122 828 fis-

535 891 656 931 cum
684 873 1055 944 inquirendum
1077 872 1328 940 dirigunt.

609 969 773 1025 XXV.
807 967 1118 1023 Bertoaldus
1145 980 1173 1018 a
1206 964 1546 1019 Theuderico
1576 962 1707 1034 [Al.,
1733 960 1798 1015 ad
1826 958 2123 1014 'l'heuderi-

536 1060 681 1132 cum]
707 1060 964 1125 directus,
991 1073 1112 1112 cum
1146 1057 1399 1110 trecentis
1447 1063 1650 1108 tantum
1683 1054 1808 1106 viris
1857 1051 1959 1104 illis
2005 1064 2124 1118 par-

539 1153 682 1208 tibus
709 1151 1040 1222 properavit;
1075 1163 1302 1214 cumque
1344 1146 1409 1199 ad
1457 1146 1651 1199 Arelao
1676 1142 1703 1180 ι)
1739 1143 1914 1196 villam
1947 1142 2124 1195 venis-

539 1255 649 1309 set,
678 1253 736 1300 et
767 1245 1102 1298 venationem
1135 1240 1262 1294 inibi
1293 1249 1606 1305 exerceret,
1639 1237 1754 1290 bare
1789 1235 2126 1302 comperiens

542 1334 908 1399 Clilotbarius,
939 1333 1102 1387 filium
1131 1345 1285 1386 suum
1318 1330 1617 1383 bleroveum
1646 1336 1700 1381 ct
1727 1325 2074 1379 Landericum
2103 1333 2136 1403 ¢_

541 1428 799 1496 majorem
829 1425 1019 1480 domus
1060 1438 1183 1478 cum
1231 1422 1468 1476 exercitu
1507 1422 1582 1473 ad
1625 1418 1960 1472 Bcrtualdum
2003 1431 2126 1484 pre-

547 1518 799 1574 mendum
824 1516 1053 1581 direxit;
1083 1525 1137 1570 et
1165 1516 1448 1568 maximam
1480 1520 1683 1580 partem
1713 1512 1849 1562 inter
1877 1509 2128 1576 Sigonam

543 1619 596 1664 et
628 1609 870 1678 Ligerem
918 1622 1080 1677 pagos
1109 1615 1164 1662 et
1196 1606 1435 1660 civitates
1475 1604 1543 1657 de
1592 1618 1757 1672 regno
1805 1601 2127 1654 Theuderici

542 1702 881 1771 praesumpsit
930 1709 1118 1755 contra
1170 1710 1380 1767 pactum
1433 1696 1747 1766 pervadere.
1809 1693 2126 1746 Bertoaldus

542 1796 658 1850 haec
702 1793 945 1860 audiens,
977 1806 1098 1847 cum
1128 1789 1393 1845 sustinere
1441 1803 1546 1842 non
1580 1785 1888 1855 prmvaleret
1912 1826 1925 1849 ,
1980 1795 2124 1851 terga
2163 1793 2206 1854 Β

544 1899 784 1954 vertens,
817 1887 1118 1944 Aurelianis
1158 1884 1472 1954 ingreditur,
1510 1881 1685 1950 ibique
1715 1895 1744 1932 a
1777 1881 1892 1932 viro
1938 1879 2132 1932 beatis-

543 1983 680 2036 simo
708 1979 964 2034 Austrino
1001 1977 1254 2046 episcopo
1303 1975 1606 2042 suscipitur.
1659 1971 1983 2024 Landcricus
2012 1984 2130 2022 cum

543 2072 782 2127 exercitu
806 2068 1106 2124 Aurelianis
1134 2065 1476 2121 circumdatis
1498 2061 1722 2116 vocabat
1754 2060 2093 2114 Bertoaldnm
2117 2099 2130 2123 ,

544 2174 602 2217 ut.
631 2162 805 2217 exiret
849 2159 914 2214 ad
948 2157 1208 2227 praelium.
1248 2154 1561 2210 Bertualdtts
1591 2154 1659 2206 de
1710 2166 1863 2205 muro
1909 2166 2130 2218 τεενοιιο

541 2255 674 2308 dens
698 2269 712 2306 :
740 2251 905 2323 ωδ
934 2250 1042 2304 Nos
1072 2249 1177 2302 duo
1207 2248 1475 2316 singulare
1514 2253 1816 2306 certamen,
1851 2245 1895 2295 si
1930 2258 2014 2295 me
2043 2258 2132 2295 ex.

541 2354 784 2414 spectare
821 2341 1112 2406 deliberas,
1153 2340 1354 2406 reliqua
1397 2336 1736 2391 multitudine
1781 2334 1961 2402 procul
2011 2349 2132 2387 sus-

542 2449 741 2506 pensa,
771 2434 1056 2502 jungamus
1083 2431 1146 2484 ad
1177 2431 1442 2500 prmlium.
1471 2433 1509 2480 Α
1557 2427 1780 2480 Domino
1807 2425 2129 2495 judicemur.

541 2528 649 2582 Sed
681 2526 797 2580 bare
827 2524 1151 2579 Landericus
1181 2521 1358 2575 facere
1386 2519 1609 2573 distulit.
1646 2517 1860 2572 Addens
1893 2517 2132 2570 Bcrtual-

542 2617 643 2672 dus
667 2615 850 2671 dixit:
877 2614 1011 2668 Dum
1039 2612 1216 2665 facere
1243 2625 1348 2664 non
1378 2609 1564 2674 audes,
1595 2608 1842 2677 proximo
1869 2617 2132 2673 tempore,

543 2707 743 2761 domii
787 2704 953 2760 nostri
993 2717 1089 2770 pro
1134 2701 1200 2756 iis
1239 2716 1358 2772 qua:
1399 2700 1572 2754 facitis
1607 2699 1835 2770 jungent
1880 2699 1954 2753 ad
1999 2715 2134 2767 pra:-

545 2801 696 2856 lium.
731 2799 1017 2854 lnduamur
1062 2805 1306 2867 uterque.
1338 2809 1438 2865 ego
1466 2803 1521 2849 et
1550 2803 1638 2862 tu,
1671 2795 1908 2848 vestibus
1940 2795 2137 2847 vermi-

543 2894 644 2948 clis
665 2889 716 2958 δ.
744 2891 1112 2960 praeedamus
1142 2898 1368 2944 crateres
1398 2887 1486 2942 ubi
1518 2901 1835 2956 congressus
1881 2888 1986 2940 erit
2015 2902 2132 2940 cer-

547 2984 793 3049 taminis;
822 2984 1023 3054 ibique,
1045 2991 1098 3037 et
1123 2995 1238 3036 mea
1266 2990 1320 3035 et
1345 2987 1432 3033 tua
1462 2981 1738 3049 apparebit
1767 2978 1991 3044 utilitas,
2021 2995 2137 3049 pro-

547 3081 818 3133 mittentes
843 3085 972 3132 ante
1003 3075 1169 3130 Deum
1198 3074 1268 3128 ab
1297 3073 1523 3129 invicem
1573 3070 1944 3143 promissionis
1973 3073 2132 3141 hujus

547 3172 824 3226 veritatem
856 3169 1168 3224 subsistere.

618 3260 805 3316 XXVI.
835 3259 1076 3328 Cumque
1101 3259 1204 3313 hoc
1227 3257 1282 3312 in
1311 3255 1396 3312 die
1425 3256 1542 3311 festi
1573 3257 1746 3312 sancti
1786 3255 1992 3311 Martini
2033 3271 2130 3309 an-

547 3354 729 3408 tistitis
771 3361 950 3406 actum
991 3349 1206 3413 fuisset,
1248 3347 1720 3416 'fhendericusque
1752 3350 1866 3400 haec
1909 3362 2129 3416 compe-

549 3450 737 3508 risset,
767 3444 908 3514 quod
937 3458 967 3496 a
997 3441 1306 3498 Chlothario
1337 3455 1456 3508 pars
1504 3441 1652 3510 regni
1676 3439 1758 3493 sui
1782 3448 1970 3492 contra
2005 3452 2132 3505 pac-

550 3547 659 3590 tum
691 3534 865 3590 fuerat
893 3547 1135 3603 pervasa,
1166 3533 1444 3587 nativitate
1488 3532 1695 3585 Domini
1737 3531 1977 3600 ρτοιὶιιιι,
2008 3545 2130 3584 cum

551 3629 786 3685 exercitu
813 3629 1062 3697 Stampas
1095 3636 1118 3664 ε
1148 3642 1241 3697 per
1271 3626 1487 3680 ﬂuvium
1521 3626 1628 3679 Loa
1655 3625 1924 3693 pervenit,
1956 3623 2134 3691 ibique

549 3726 758 3780 obviam
786 3723 1064 3779 Meroveus
1095 3722 1236 3776 filius
1265 3720 1558 3774 Chlotharii
1593 3719 1753 3788 regis,
1785 3733 1904 3773 cum
1937 3718 2135 3772 Laude-

550 3817 661 3873 rico
699 3823 754 3871 et
781 3830 974 3885 magno
1001 3813 1239 3868 exercitu
1274 3811 1436 3865 venit.
1465 3808 1597 3864 Cum
1626 3819 1769 3864 esset
1796 3819 1976 3864 arctus
2018 3824 2134 3876 per-

550 3908 716 3966 vius‘
753 3910 860 3978 ille,
891 3909 984 3964 ubi
1035 3907 1142 3962 Loa
1197 3906 1388 3960 ﬂuvius
1440 3914 1816 3970 transmeatur,
1847 3905 1932 3958 vix
1978 3907 2132 3958 tertia

623 4098 650 4125 σι
683 4086 1044 4155 Scotingorum
1074 4098 1167 4137 seu
1204 4081 1566 4155 Semingorum
1615 4079 1732 4155 pagi
1763 4079 1922 4155 situm
1973 4079 2133 4133 disci-

554 4176 671 4214 mus
699 4174 764 4211 ex
797 4149 912 4210 Vita
941 4155 1106 4208 sancti
1139 4153 1364 4206 Anatolii
1389 4149 1667 4221 episcopi,
1696 4149 1999 4204 Salinarum
2046 4166 2135 4216 pa-

552 4229 690 4284 troni
710 4269 726 4291 ,
749 4242 866 4296 quas
895 4221 1341 4296 habet_Scodinga
1373 4227 1425 4276 in
1450 4221 1729 4296 Sequanis,
1758 4221 1842 4272 ubi
1873 4236 2007 4296 nunc
2035 4221 2134 4274 Sa-

554 4291 780 4354 linaruni
797 4299 955 4350 locus.
985 4293 1177 4349 Salinae
1205 4291 1352 4357 vero,
1378 4291 1543 4362 vulgo
1561 4292 1756 4352 Salius,
1778 4291 2031 4362 iuppidum
2054 4302 2136 4344 εει

555 4371 619 4422 ad
663 4367 903 4420 Foricam
936 4379 1144 4417 amnem
1192 4364 1242 4416 in
1293 4361 1605 4432 Burgundize
1649 4361 1900 4413 comitatu
1947 4361 2132 4414 nolam

555 4439 695 4493 inter
735 4445 790 4490 et
832 4435 1207 4489 Vesontionem
1227 4472 1241 4496 ,
1270 4436 1410 4501 quod
1443 4432 1903 4501 archidiaconatus
1933 4446 2133 4496 cegno-

557 4508 716 4563 minis
757 4515 838 4560 est
882 4510 1060 4573 caput.
1097 4502 1227 4556 Vide
1273 4500 1511 4557 notitiam
1562 4500 1753 4555 \‘alesii
1799 4501 1864 4554 ad
1914 4504 2128 4556 verbum

559 4577 810 4633 Scutinai.

626 4592 829 4698 ξιὲἓῖιί
877 4643 1154 4714 plerique,
1187 4642 1459 4708 Arelaum,
1510 4641 1639 4696 Bob.
1684 4650 1737 4696 et
1782 4640 1981 4700 Chesn.
2012 4660 2130 4699 cum

560 4716 827 4781 Aimoino,
861 4715 1200 4781 Arelaunum,
1225 4714 1366 4782 quod
1396 4728 1586 4768 nomen
1612 4722 1727 4768 erat
1753 4717 1898 4768 silvw
1920 4728 1968 4770 et
1995 4717 2135 4770 villa:

559 4788 719 4859 regiae
742 4786 903 4859 baud
948 4789 1128 4859 procul
1167 4802 1198 4859 a
1233 4785 1624 4859 Fontanellensi
1656 4789 1976 4859 monasterio
2017 4802 2135 4851 per-

558 4855 759 4913 t-elebri
798 4856 1043 4911 dioecesis
1085 4857 1546 4926 ltothomagensis,
1591 4855 1642 4908 in
1675 4857 1944 4926 peniusula
1976 4871 2132 4924 quam

560 4931 802 4998 Sequana
824 4926 1086 4982 eﬂormat.
1118 4927 1248 4981 Vide
1272 4925 1366 4998 lib.
1397 4941 1446 4977 tv
1475 4925 1540 4978 de
1570 4926 1648 4979 Ite
1677 4925 2035 4998 diplomatica.
2069 4930 2136 4982 At

559 4995 675 5054 aliis
705 4997 931 5054 fortasse
959 4997 1220 5052 videbitur
1251 4997 1505 5063 majorem
1535 5011 1654 5049 esse
1700 4995 1837 5049 inter
1886 4999 2021 5050 hunc
2056 4999 2132 5052 lo-

558 5085 676 5124 cum
702 5080 758 5123 et
781 5067 1094 5124 Gennabum
1138 5068 1472 5130 distantiam,
1503 5077 1554 5118 ut
1582 5067 1776 5120 exinde
1825 5068 2133 5125 Bertoaldue

560 5143 762 5210 fugiens
785 5155 906 5195 sese
932 5140 1066 5194 intra
1097 5139 1504 5210 Aurelianenses
1535 5152 1714 5210 muros
1746 5139 2024 5207 receperit.

633 5206 656 5250 ε
689 5211 868 5277 Colb.,
897 5210 1239 5274 Landricum;
1266 5208 1384 5273 alii,
1422 5206 1776 5261 Lnndericum.

635 5285 659 5320 α
691 5283 780 5337 Sic
824 5296 952 5336 mss.
983 5292 1035 5334 et
1063 5282 1221 5345 editi,
1252 5289 1442 5348 praeter
1491 5277 1685 5348 tlhesn.
1718 5289 1770 5331 et
1811 5279 1996 5345 Freh.,
2025 5297 2135 5333 ver-

564 5355 748 5407 nn‘olis.
778 5353 944 5418 Quam
974 5365 1156 5405 vocem
1183 5347 1460 5402 Aimoinus
1489 5347 1662 5402 habet.
1691 5348 1785 5401 llic
1816 5359 1988 5404 tamen
2020 5369 2138 5405 ver-

565 5424 873 5478 tuicnlatum
897 5421 1131 5475 colorem
1159 5418 1421 5486 designari
1451 5426 1632 5482 putant
1654 5420 1748 5470 viri
1774 5421 1993 5486 eruditi,
2019 5438 2137 5489 qua:

563 5509 666 5546 vox
713 5493 909 5560 passim
939 5491 1076 5559 apud
1108 5501 1353 5543 auctores
1394 5490 1644 5560 occurrit.
1679 5490 1813 5560 llinc
1855 5497 2135 5547 vernacula

566 5578 665 5614 vox
695 5558 901 5614 uermeil
930 5577 949 5616 :
979 5558 1152 5616 vestes
1181 5569 1357 5613 autem
1389 5559 1675 5624 vermiclue,
1727 5558 1776 5610 id
1825 5571 1906 5614 est
1947 5577 2139 5630 purpu-

564 5647 690 5698 reae,
724 5641 812 5685 aut
840 5633 1114 5686 scarleteze
1150 5630 1462 5699 (d‘écarlate)
1496 5630 1571 5699 sic
1603 5632 1850 5682 dieuntur
1878 5637 2022 5698 quasi
2051 5649 2142 5686 co-

567 5703 692 5756 loris
720 5702 1014 5756 vermiculi.
1051 5703 1112 5754 lit
1152 5698 1363 5770 quidem
1397 5701 1447 5753 iu
1479 5698 1593 5754 Vita
1625 5701 1796 5755 Caroli
1848 5701 2018 5770 Magni
2051 5707 2137 5757 ubi

569 5773 886 5828 describitur
914 5768 1239 5840 antiquorum
1279 5768 1598 5824 Francorum
1631 5780 1839 5823 ornatus
1870 5768 1952 5824 vel
1989 5791 2138 5842 paru-

2223 501 2384 569 lium;
2418 503 2592 570 ibique
2625 503 2932 556 Bertoaldus
2979 503 3275 558 secundum
3321 502 3572 571 placitum
3617 517 3818 574 aggre-

2223 596 2385 660 ditur,
2419 597 2659 648 vocitans
2693 595 3067 650 Landericnm.
3097 595 3200 650 Sed
3242 595 3566 650 Landericns
3598 611 3704 650 non
3734 610 3816 647 est

2223 703 2410 752 ausus,
2445 701 2497 743 ut
2547 688 2894 757 promiserat,
2927 697 3127 741 tantam
3160 687 3318 756 hujus
3345 686 3656 743 certaminis
3686 703 3814 741 con-

2223 783 2556 851 gressionem
2588 782 2756 835 adire.
2798 781 2978 848 Ibique
3013 781 3321 834 Bertoaldus
3355 796 3475 833 cum
3523 781 3680 833 nimis
3711 795 3817 834 ese-

2227 881 2370 927 teros
2399 875 2759 941 prrecessisset
2781 915 2794 936 ,
2843 872 2910 924 ab
2939 875 3178 927 etercitu
3209 873 3505 926 Chlotharii
3549 887 3672 926 cum
3704 873 3819 926 suis

2228 963 2570 1017 interficitur:
2604 979 2704 1017 nec
2743 964 2946 1017 vellens
2990 964 3182 1017 exinde
3227 963 3476 1018 evadere.
3521 962 3645 1015 dum
3693 977 3821 1015 sen-

2227 1063 2370 1108 serat
2400 1069 2458 1108 se
2489 1056 2554 1108 de
2584 1055 2663 1108 sui
2697 1055 2893 1124 gradus
2940 1057 3142 1109 honore
3171 1069 3198 1106 a
3245 1054 3493 1107 Pint-idin
3521 1053 3819 1122 degradati-

2229 1146 2375 1198 dum.
2411 1145 2590 1214 Ibique
2623 1147 2902 1201 Merovens
2936 1146 3074 1198 filius
3104 1146 3395 1199 Chlotharii
3429 1145 3653 1212 capitur,
3689 1145 3800 1198 Lan

2229 1236 2442 1290 dericus
2469 1237 2523 1290 iu
2563 1235 2739 1306 fugam
2773 1252 2960 1290 versus
2989 1249 3098 1299 est,
3136 1235 3297 1289 n'mia
3339 1236 3622 1290 multitudo
3665 1252 3821 1290 exer-

2230 1329 2368 1380 citus
2398 1328 2692 1381 Cblutbarii
2747 1328 2799 1381 iu
2845 1343 2911 1381 eo
2956 1329 3139 1396 prrrlie
3191 1328 3365 1397 gladio
3405 1328 3665 1382 trucidata
3713 1338 3821 1382 est.

2230 1417 2592 1472 Theodericus
2620 1419 2789 1470 vietor
2816 1417 3046 1470 Parisius
3070 1417 3382 1485 ingreditur,
3411 1416 3822 1471 Theudebertus

2235 1525 2420 1578 pacem
2463 1525 2581 1564 cum
2631 1509 2944 1563 Chlothario
2993 1509 3324 1574 Compendio
3364 1509 3487 1562 villa
3541 1510 3721 1572 inivit;
3769 1519 3822 1560 et

2235 1613 2462 1670 uterque
2513 1604 2784 1656 exercitus
2833 1616 3022 1655 eorum
3073 1601 3234 1670 607
3291 1601 3487 1654 illmsns
3543 1601 3702 1654 rediit
3757 1599 3822 1652 ad

2237 1697 2468 1762 propria.

2310 1788 2408 1837 Aa.
2434 1800 2550 1838 nrv.
2578 1815 2640 1822 —
2667 1783 2876 1837 XXVII.
2906 1785 3060 1837 Anno
3091 1783 3152 1836 l0
3175 1784 3319 1852 regni
3350 1783 3664 1837 Theoderici
3695 1783 3825 1836 Pro-

2235 1876 2425 1939 tadius,
2475 1876 2756 1942 instigante
2804 1874 3162 1934 Brunicbilde.
3197 1875 3529 1928 Theoderico
3569 1875 3826 1943 jubeutc,

2235 1969 2405 2034 major
2444 1967 2633 2021 domus
2681 1967 3045 2022 substituitur.
3091 1969 3190 2033 Qui
3238 1983 3358 2021 cum
3409 1979 3555 2022 esset
3603 1967 3826 2022 nimium

2233 2061 2628 2126 argutis-imus,
2659 2072 2710 2114 et
2756 2071 3006 2114 strenuus
3051 2061 3103 2115 in
3150 2063 3377 2125 cunctis,
3409 2062 3502 2115 sed
3550 2076 3692 2115 szeva
3749 2063 3825 2114 illi

2236 2153 2333 2206 frit
2381 2163 2565 2206 contra
2623 2167 2879 2221 personas
2935 2154 3219 2220 iniquitas,
3275 2153 3404 2206 fisco
3457 2154 3678 2206 nimium
3730 2156 3828 2206 tri.

2235 2246 2404 2300 buens
2433 2255 2479 2310 8,
2511 2245 2578 2299 de
2610 2246 2766 2300 rebus
2797 2261 3144 2314 personarum
3185 2247 3459 2316 ingeniose
3506 2247 3692 2299 liscum
3727 2247 3828 2298 vel-

2235 2338 2348 2391 lens
2389 2336 2634 2406 implere,
2670 2349 2722 2391 et
2752 2337 2990 2405 seipsum
3016 2337 3212 2392 ditare.
3244 2339 3606 2404 Quaecunque
3631 2352 3828 2404 genere

2236 2428 2440 2481 nobiles
2471 2429 2755 2496 reperiret,
2788 2438 2927 2483 totus
2959 2429 3240 2483 lmmiliare
3269 2429 3585 2490 conabatur,
3621 2437 3676 2481 ut
3709 2432 3827 2481 nu!-

2237 2521 2317 2574 lus
2373 2522 2696 2591 reperiretur
2743 2522 2833 2590 qui
2880 2522 3103 2590 gradum
3156 2537 3312 2590 quem
3371 2519 3675 2588 arripuerat
3725 2536 3823 2588 pn-

2237 2613 2428 2667 tuisset
2451 2627 2743 2667 assumere.
2772 2614 2864 2666 llis
2885 2623 2938 2666 et
2959 2614 3075 2666 aliis
3101 2613 3264 2666 nimia
3287 2613 3574 2681 sagacitate
3597 2615 3823 2675 vexat-5,

2237 2705 2465 2757 maxime
2487 2713 2708 2758 cunctus
2739 2706 2788 2757 in
2817 2720 2981 2773 regno
3013 2706 3329 2773 Burgundim
3361 2705 3489 2759 fecit
3518 2706 3614 2758 sibi
3647 2705 3825 2758 inimi-

2236 2809 2346 2849 cos.
2379 2797 2511 2850 Cum
2558 2796 2914 2851 Brunichildis
2963 2808 3209 2866 nepotem
3247 2813 3399 2852 suum
3431 2797 3826 2852 'I‘beuderieum

2239 2894 2440 2960 integra
2489 2891 2805 2945 assiduitate
2853 2901 3125 2952 moneret,
3159 2900 3216 2944 ut
3259 2900 3445 2944 contra
3479 2891 3826 2944 Theudcber-

2237 2996 2346 3040 tum
2371 2994 2608 3038 moveret
2627 2984 2926 3038 exercitum
2949 3023 2962 3047 ,
2985 2984 3170 3038 dicens
3197 3001 3209 3034 :
3235 2983 3396 3050 Quasi
3421 2983 3828 3038 Theudebertus

2239 3093 2344 3132 non
2373 3085 2515 3130 esset
2545 3076 2681 3130 filius
2727 3075 3053 3129 Childeberti
3088 3077 3136 3139 ιι,
3173 3075 3270 3129 nisi
3306 3073 3583 3144 cnjn-daiu
3630 3074 3826 3128 hortu-

2158 3177 2203 3241 C
2236 3171 2377 3236 lani,
2426 3181 2479 3224 et
2528 3169 2807 3224 Protadius
2852 3167 2951 3237 ipsi
3001 3184 3216 3239 quoque
3261 3167 3486 3222 consilio
3539 3167 3825 3231 assistens,

2238 3266 2450 3319 tandem
2477 3265 2630 3331 jussu
2679 3263 2998 3317 Theuderici
3051 3273 3304 3317 movetur
3350 3262 3639 3315 exercitus.
3673 3261 3827 3329 Quod

2235 3371 2354 3410 cum
2407 3355 2545 3418 loco,
2599 3355 2810 3408 nomine
2854 3352 3139 3407 Caraciaco
3188 3351 3232 3418 ί,
3285 3353 3655 3406 'l‘heulericns
3705 3368 3828 3406 eum

2235 3450 2470 3504 exercitu
2517 3459 2692 3501 castra
2744 3455 3031 3510 metasset,
3085 3445 3440 3500 hortabaturi
3503 3460 3533 3499 a
3584 3444 3828 3500 Ieudibus

2234 3543 2366 3606 suis,
2399 3552 2453 3595 ut
2500 3555 2623 3594 cum
2671 3540 3048 3595 Thcudeberto
3094 3555 3276 3609 pacem
3309 3541 3488 3594 iniret.
3547 3540 3828 3594 Protadius

2235 3635 2478 3704 singulos
2556 3632 2898 3696 hortabatur,
2956 3640 3014 3685 ut
3067 3633 3310 3701 prrclium
3366 3633 3828 3686 con'imitterctur.

2238 3725 2647 3781 Theudebertus
2676 3739 2772 3778 nec
2805 3724 2988 3791 procul
3031 3739 3152 3777 cum
3182 3725 3421 3778 exercitu
3469 3725 3664 3778 exinde
3697 3726 3830 3778 resi-

2237 3820 2412 3875 debat.
2447 3819 2596 3874 Tuttc
2626 3820 2800 3873 omnis
2843 3817 3108 3873 exercitus
3137 3819 3456 3874 Theudorici
3489 3820 3701 3874 inventa
3736 3835 3829 3872 oe-

2235 3911 2449 3966 casione
2491 3924 2649 3979 supra
2694 3908 2996 3964 Protadium
3045 3909 3290 3975 irruunt,
3330 3911 3571 3964 dicentes
3627 3909 3826 3964 melius

2237 4097 2381 4151 tura,
2416 4085 2552 4138 inter
2591 4093 2811 4139 caeteras
2840 4093 3015 4140 vestes
3056 4094 3400 4140 recensentur
3441 4084 3673 4156 [ιιεςὲοιιε
3702 4102 3828 4138 cru-

2237 4159 2369 4210 rales
2401 4158 2761 4209 vermiculata.

2314 4239 2334 4262 ε
2365 4227 2488 4287 CIL,
2519 4243 2670 4292 super
2693 4226 2904 4295 [luvium
2936 4225 3063 4279 Loa.
3097 4229 3164 4280 At
3193 4227 3425 4295 blampre
3468 4225 3719 4295 oppidum
3753 4227 3829 4279 si-

2243 4307 2350 4350 tunt
2387 4308 2468 4368 est
2497 4298 2561 4350 ad
2593 4299 2820 4368 .lunnam
2852 4297 3066 4350 fluvium
3101 4297 3175 4368 (la
3202 4299 3398 4362 Juine),
3433 4301 3519 4366 qui
3553 4305 3706 4368 paulo
3751 4299 3832 4349 iu-

2241 4369 2400 4421 ferius
2431 4367 2536 4421 Lua
2569 4367 2756 4436 majori
2787 4382 2848 4421 ac
2875 4369 3064 4422 minori
3095 4367 3265 4423 fluviis
3292 4371 3368 4437 (le
3397 4368 3497 4422 Loe
3520 4381 3573 4422 et
3598 4370 3645 4422 le
3678 4367 3827 4436 Lac-'1)

2239 4449 2483 4506 augetur.

2320 4529 2337 4568 ί
2372 4531 2459 4585 Sic
2505 4529 2646 4584 Clar.
2674 4538 2728 4582 et
2762 4530 2890 4584 Bob.
2925 4534 2990 4584 At
3036 4533 3212 4597 Colli.,
3242 4549 3451 4602 cumque
3493 4544 3618 4586 esset
3657 4543 3830 4584 artius

2240 4603 2440 4671 pervius
2469 4602 2554 4654 ille
2581 4602 2737 4654 locus.
2785 4603 2838 4655 In
2872 4603 3029 4656 Frelt.
3055 4604 3200 4658 deest
3227 4620 3324 4659 vox
3359 4607 3520 4657 locus.
3548 4604 3649 4656 Alii
3676 4620 3831 4664 verr,

2241 4688 2356 4743 cum
2391 4682 2517 4725 esset
2553 4684 2720 4724 autent
2767 4677 2984 4742 pervius.
3017 4675 3274 4730 Chronica
3306 4677 3476 4729 sancti
3523 4674 3741 4743 Benigni
3776 4684 3831 4728 et

2241 4742 2530 4806 Besuense,
2561 4757 2674 4795 cum
2706 4755 2830 4798 esset
2861 4747 3076 4811 arduus,
3103 4754 3203 4799 etc.

2300 4846 2338 4958 ὑπ
2370 4837 2520 4891 Coll).
2549 4846 2604 4891 et
2649 4837 2848 4906 aliquot
2885 4838 3046 4902 editi,
3097 4839 3312 4891 nimium
3361 4841 3638 4909 stringens,
3679 4845 3726 4891 et
3770 4838 3833 4890 de

2332 4924 2411 4958 us.
2441 4918 2544 4958 CIC.

2241 4918 2411 4969 rebus,
2441 4918 2544 4961 etc.

2316 4999 2342 5034 ιι
2376 4997 2485 5050 Hoc
2513 4995 2699 5068 falsum
2733 5013 2850 5053 esse
2878 4998 3184 5052 existimant
3209 4998 3304 5052 viri
3333 5000 3558 5064 eruditi,
3589 5000 3730 5068 quod
3765 5013 3832 5054 ex

2247 5067 2486 5138 Gregorii
2533 5067 2792 5134 Historia,
2824 5069 2914 5123 lib.
2949 5085 3070 5131 vut,
3101 5084 3217 5138 cap.
3249 5069 3336 5131 57.
3369 5083 3424 5124 et
3468 5073 3556 5125 lib.
3589 5067 3637 5124 ιι
3661 5113 3675 5134 ,
3709 5086 3834 5138 cap.

2245 5139 2310 5212 xi,
2345 5147 2591 5212 ςριιδιιιτβ
2639 5139 2868 5193 videtur.
2915 5138 3145 5208 Uterque
3190 5156 3252 5194 ex
3303 5140 3550 5195 Falleuia
3597 5143 3834 5212 legitima

2245 5208 2575 5264 Childeberti
2607 5225 2769 5262 uxore
2799 5220 2953 5263 natus
2983 5222 3116 5264 erat.
3150 5213 3278 5275 Quae
3308 5211 3352 5265 si
3383 5208 3672 5279 aliquando
3697 5228 3836 5266 cnn—

2245 5280 2434 5351 cubina
2484 5280 2622 5348 apud
2673 5282 2957 5334 nonnullos
3003 5291 3248 5334 auctores
3277 5283 3420 5335 dicta
3455 5286 3680 5351 legatur,
3715 5299 3838 5336 me-

2246 5350 2486 5424 minis~e
2507 5351 2762 5424 debemus
2790 5366 2865 5424 ea
2898 5366 3026 5404 voce
3059 5353 3321 5420 legitimas
3353 5350 3548 5406 uxores
3581 5355 3835 5424 frequen-

2249 5431 2328 5474 ter
2377 5422 2681 5491 designatas
2729 5422 2912 5486 fuisse,
2943 5437 3060 5491 quae
3103 5439 3167 5477 ex
3218 5425 3400 5476 infimo
3447 5439 3647 5493 genere
3680 5422 3837 5480 nam:

2245 5501 2416 5544 erant.

2324 5560 2338 5598 ί
2380 5562 2470 5615 Est
2499 5561 2858 5628 Carisiacum,
2900 5561 3040 5632 quod
3090 5572 3271 5631 postea
3318 5563 3452 5618 adeo
3480 5565 3693 5623 celebre
3737 5563 3836 5619 fuit

2249 5630 2384 5685 inter
2416 5632 2604 5698 palatia
2638 5635 2801 5700 regia.
2841 5630 2972 5686 lluh.
3009 5630 3198 5698 habet,
3231 5634 3518 5690 (Iamciatc.

2323 5705 2334 5751 i
2375 5703 2499 5758 Mss.
2525 5712 2579 5758 ct
2606 5703 2802 5772 aliquot
2831 5704 2941 5774 cd.,
2972 5705 3199 5775 singulos
3227 5705 3545 5763 hortabatur.
