4132 6348
356 263 451 316 Gil

1795 258 2221 317 CllllUNlleM.

3506 274 3606 331 (ἷξε

356 389 475 430 esse
500 391 664 431 unum
688 375 954 433 hominem
982 379 1295 434 moriturum
1323 389 1369 443 δ,
1400 393 1553 447 quam
1585 388 1748 435 totum
1771 391 1924 431 exer-
1952 381 2001 436 Α
2029 383 2116 448 qui
2143 384 2336 439 exinde
2365 383 2778 458 Ertnenbergam
2808 389 2969 445 ﬁliam
2992 391 3109 460 ejus
3138 392 3470 450 Theoderico
3497 414 3602 449 ma-

357 478 519 521 cuum
541 483 593 520 Ill
618 469 908 537 pertculom
934 470 1093 524 mitti.
1119 468 1399 524 Pretadius
1422 470 1473 523 in
1496 468 1726 523 tentorio
1750 467 1929 521 Theo-

356 558 524 613 derici
554 559 692 629 regis
718 576 839 621 cum
884 562 1041 617 Petro
1085 562 1355 623 archiatrn
1384 562 1448 615 ad
1484 562 1712 616 tabulam
1745 560 1930 617 ludens

357 655 606 717 sedebat,
639 672 795 725 quem
831 658 1061 727 undique
1087 674 1205 712 rom
1247 658 1355 726 jam
1399 660 1662 713 exercitus
1706 658 1932 713 circum-

358 745 571 810 dasset,
601 754 653 798 et
681 746 1069 803 Theodericum
1096 749 1277 805 leodes
1302 749 1383 803 sui
1408 749 1651 803 tenebant
1671 789 1688 811 ,
1718 763 1786 801 ne
1809 748 1935 802 illuc

357 835 690 902 graderetur,
732 838 873 893 misit
908 837 1252 904 Uncilenum,
1288 848 1344 892 ιιι
1387 854 1496 893 sua?
1522 839 1776 908 jussionis
1815 853 1935 893 ver-

358 927 481 979 bum
529 929 792 982 nuntiaret
840 930 1130 996 exercitui,
1162 937 1221 984 ut
1249 945 1308 985 se
1352 929 1417 983 de
1448 929 1654 985 insidiis
1700 930 1934 984 Protadii

360 1026 716 1071 removerent.
755 1017 1036 1074 chilenos
1071 1022 1309 1089 protinus
1360 1021 1526 1092 608
1554 1021 1617 1074 ad
1645 1021 1934 1075 exercitum

359 1109 627 1172 nuntians,
659 1109 831 1167 dixit:
862 1109 949 1165 Sic
995 1111 1146 1180 jubet
1191 1112 1418 1167 domnus
1458 1110 1837 1175 Theodericus,
1883 1119 1939 1164 ut

360 1196 707 1253 interﬁciatur
739 1200 1038 1256 Protadius.
1081 1201 1348 1256 lrruentes
1396 1216 1553 1268 super
1578 1216 1732 1265 eum,
1767 1209 1939 1255 teuto-

363 1294 502 1347 rium
528 1294 671 1364 regis
699 1294 873 1362 gladio
903 1294 1136 1364 undique
1166 1296 1479 1361 incidentes,
1514 1294 1819 1349 Protadium
1860 1295 1937 1347 iu-

362 1385 650 1443 terliciunt.
683 1386 1049 1442 Theodericus
1075 1388 1408 1444 conlusustet
1434 1396 1651 1442 coactus
1682 1400 1801 1440 cum
1834 1385 1941 1440 fra-

358 1488 443 1535 tre
490 1479 865 1536 Thcudeberto
918 1496 1099 1551 pacem
1146 1481 1330 1546 inivit,
1376 1490 1430 1535 et
1478 1481 1677 1534 illaisus
1721 1488 1941 1549 uterque

358 1569 626 1623 exercitus
655 1570 937 1624 revertitur
966 1570 1029 1623 ad
1061 1570 1304 1639 proprias
1333 1569 1489 1625 sedes
1522 1579 1638 1638 post
1664 1568 1939 1624 decessum

358 1659 492 1730 μυ..
516 1658 739 1731 eisdem]
768 1659 1025 1716 Protadii.

2036 474 2282 526 trimonio
2307 476 2611 533 sociandam
2657 480 3001 537 adducerent.
3046 482 3226 553 Ibique
3257 484 3394 541 datis
3423 501 3602 541 sacra-

2034 562 2249 627 menlis,
2280 574 2334 617 ιιι
2363 579 2396 618 a
2439 566 2773 624 Theoderico
2803 585 2868 625 ne
2896 568 3059 640 609
3100 587 3326 641 unquam
3372 588 3403 627 a
3444 590 3609 643 regno

2036 649 2439 720 degradarelor,
2470 655 2745 728 ipsamque
2769 660 3033 730 accip'uut
3050 702 3065 725 ,
3086 673 3140 717 et
3163 662 3491 719 Theoderico
3508 666 3611 720 Ca-

2038 740 2240 796 billono
2289 756 2649 813 praesentem,
2701 765 2858 818 quam
2910 751 3003 805 ille
3049 752 3286 822 gaudens
3330 755 3611 825 diligenter

2037 834 2289 901 suscepit.
2342 835 2574 906 Eadem,
2627 840 2853 897 factione
2897 843 3033 897 avize
3078 859 3190 898 suae.
3238 846 3607 913 Brunicltllda',

2040 924 2245 978 virilem
2296 925 2493 983 coitum
2542 944 2647 984 non
2696 933 2961 1003 cognovit.
3016 933 3389 1002 Instigantihus
3438 938 3613 991 verbis

2041 1011 2392 1070 Bxunichilda:
2420 1016 2560 1070 avia:
2604 1029 2658 1073 et
2701 1018 3044 1076 Theudilaum
3073 1031 3095 1067 Β
3127 1037 3397 1090 germana:
3438 1023 3611 1079 cilicia-

2042 1112 2127 1158 lur
2150 1106 2350 1160 odiosa.
2379 1107 2504 1163 Post
2529 1108 2652 1163 anni
2676 1110 2934 1167 circulum
2960 1109 2985 1148 δ
3004 1112 3365 1171 Theodericus
3390 1117 3613 1171 Ermen-

2040 1197 2256 1268 bergam
2285 1202 2631 1269 exspoliatam
2661 1218 2689 1256 a
2722 1203 2980 1263 thesauris
3021 1206 3072 1260 in
3102 1205 3353 1276 Spaniam
3381 1218 3612 1264 retrans-

2040 1300 2203 1344 ωιειι.
3494 1356 3495 1359 η

2114 1380 2307 1436 XXXI.
2350 1381 2648 1440 Bettericus
2687 1384 2803 1441 haec
2855 1386 3135 1456 indignans
3180 1387 3496 1457 legationem
3546 1391 3612 1444 a.I

2042 1470 2410 1528 Chlotharium
2442 1474 2650 1531 direxit
2679 1494 2690 1528 :
2725 1478 2931 1547 legatus
2956 1476 3254 1534 Chlotharii
3285 1495 3405 1534 cum
3435 1482 3612 1536 Bette-

2041 1564 2137 1617 rici
2167 1565 2341 1633 legato
2368 1566 2433 1620 ad
2461 1567 2894 1625 Theudebertum
2926 1571 3178 1640 perrexit.
3214 1572 3408 1627 Iterum
3435 1573 3615 1628 Theu-

2038 1657 2249 1712 deberti
2278 1659 2432 1728 legati
2453 1677 2573 1716 cum
2599 1662 2891 1717 Chlotharii
2912 1672 2974 1730 et_
2986 1665 3231 1720 Bellerici
3257 1666 3525 1733 legatariis
3550 1666 3614 1720 ad

432 1753 534 1806 Ax.
566 1764 706 1806 νει-ι.
736 1779 803 1794 -
836 1750 1068 1805 XXVIII.
1118 1751 1273 1805 Anno
1322 1750 1382 1805 11
1436 1752 1580 1819 regni
1625 1748 1938 1804 Theoderici
1968 1757 2016 1821 Β
2050 1752 2282 1815 Agonem
2322 1746 2338 1786 ί
2371 1765 2547 1818 regem
2581 1751 2747 1807 Italiae
2795 1765 3174 1819 accesserunt,
3204 1765 3258 1810 et
3296 1756 3619 1811 unanimiter

360 1840 681 1909 subrogatur
700 1841 869 1908 major
890 1841 1079 1895 domus
1097 1839 1367 1905 Claudius,
1392 1856 1582 1911 genere
1606 1837 1939 1904 Ruinaaosb,

367 1931 527 1986 homo
557 1931 808 1999 prodens,
836 1931 1102 2002 jucundus
1131 1930 1183 1985 in
1216 1930 1429 1998 fabulis,
1457 1941 1705 1993 strenuus
1737 1932 1788 1985 in
1816 1943 1948 1985 Cun-

358 2024 488 2089 ctis,
521 2024 782 2091 patientia:
807 2022 1036 2091 deditos,
1062 2022 1389 2095 plenitudine
1410 2020 1614 2076 consilii
1645 2021 1944 2087 abundans,

362 2110 662 2167 litterarum
684 2111 876 2167 studiis
892 2116 1150 2178 eruditus,
1172 2112 1274 2167 lide
1295 2114 1500 2183 plenos,
1516 2112 1803 2167 atnici:iam
1823 2126 1947 2172 cum

362 2201 608 2259 orantibus
633 2214 862 2257 sectans.
896 2202 1139 2257 Priorum
1170 2202 1421 2270 exempla
1462 2211 1723 2269 metuens,
1771 2203 1945 2259 lenem

362 2307 425 2347 se
450 2302 504 2348 et
532 2292 827 2362 patientem
861 2294 1018 2365 hujus
1043 2295 1238 2363 gradus
1263 2310 1516 2349 ascensus
1543 2293 1677 2366 [Αι.,
1702 2292 1949 2366 ascenso]

371 2386 628 2441 ostendit.
659 2385 766 2440 Sed
815 2387 917 2440 hoc
963 2396 1165 2441 tantum
1212 2386 1655 2456 impedimentum
1688 2386 1949 2455 habebat,

366 2475 508 2546 quod
538 2477 719 2546 sagina
747 2484 894 2531 esset
921 2477 1162 2547 corporis
1192 2488 1525 2546 aggravatos.

438 2570 541 2623 Art.
561 2583 719 2623 DCVII.
743 2597 813 2606 —
834 2568 987 2625 Anno
1010 2566 1077 2620 12
1101 2567 1251 2637 regni
1281 2567 1602 2624 Theoderici
1632 2567 1948 2634 Uncilenus,

369 2661 456 2728 qui
483 2660 550 2713 ad
578 2670 805 2714 mortem
831 2659 1063 2714 Protadii
1082 2660 1339 2715 insidiose
1362 2660 1533 2716 fuerat
1554 2661 1782 2725 locutus,
1813 2660 1956 2715 insti-

370 2762 528 2819 gante
558 2750 915 2813 Brunichilde,
953 2751 1088 2821 pede
1118 2759 1385 2818 truncato,
1407 2750 1477 2809 de
1504 2751 1663 2813 rebus
1691 2752 1959 2822 exspolia-

373 2850 456 2903 tus
476 2838 544 2893 ad
571 2840 898 2896 debilitatem
927 2849 949 2878 °
986 2839 1269 2909 perdoctus
1296 2850 1399 2897 est.

357 2976 361 2982 .
445 2929 638 2984 XXIX.
675 2930 859 2986 ινυιιυε
898 2928 1173 3000 patricius,
1202 2931 1469 3002 idemque,
1500 2929 1846 2986 Brunicbilde
1874 2930 1960 2993 io-

379 3023 602 3090 stigante
620 3021 871 3090 consilio,
891 3022 979 3091 qui
1005 3022 1058 3074 in
1081 3032 1309 3077 mortem
1333 3021 1567 3076 Protadii
1588 3027 1953 3088 consenserat,

2055 1837 2105 1889 Ιιὶ
2133 1847 2358 1905 quatuor
2391 1854 2545 1910 reges
2575 1855 2695 1896 cum
2726 1846 2963 1898 exercitu
2993 1846 3229 1914 undique
3256 1862 3416 1915 super
3443 1848 3620 1903 Theu-

2051 1927 2289 1983 derieum
2338 1930 2637 1996 irroeront,
2693 1941 2752 1986 ut
2797 1948 3017 2003 regnum
3061 1935 3179 2003 ejus
3222 1936 3528 2002 auferrent,
3566 1950 3621 1992 et

2052 2032 2174 2073 eum
2217 2028 2389 2074 morte
2431 2020 2779 2091 damnarent,
2813 2038 2878 2077 eo
2905 2024 3045 2090 quod
3077 2033 3273 2081 tantam
3296 2027 3368 2081 de
3393 2026 3511 2094 ipso
3538 2043 3624 2082 re-

2057 2109 2353 2163 verentiam
2379 2108 2665 2165 dueebant.
2690 2111 2917 2183 Legatus
2943 2129 3072 2170 vero
3097 2115 3411 2172 Gottborum
3435 2127 3623 2172 evectn

2056 2200 2231 2254 naVaIi
2265 2202 2332 2256 de
2360 2199 2506 2255 Italia
2539 2217 2633 2269 per
2661 2218 2808 2259 mare
2835 2204 2890 2257 in
2916 2205 3165 2276 Spaniam
3192 2208 3493 2267 revertitur.
3518 2209 3622 2265 Sed

2058 2289 2160 2345 hoc
2202 2290 2483 2346 consilium
2531 2293 2716 2349 divino
2762 2304 2893 2351 nutu
2940 2312 3045 2353 non
3082 2298 3306 2353 sortitur
3341 2299 3621 2368 eﬂectum,

2055 2383 2198 2452 quod
2224 2398 2346 2440 cum
2377 2385 2716 2442 Theoderico
2744 2398 3076 2458 compertum
3123 2389 3315 2447 fuisset
3334 2431 3351 2457 ,
3394 2392 3623 2446 [artissi-

2056 2475 2195 2527 sime
2219 2473 2288 2528 ab
2317 2474 2503 2531 eodem
2536 2476 2845 2544 despicitur.

2131 2562 2344 2622 XXXII.
2371 2566 2449 2620 Eo
2472 2581 2612 2623 anno
2631 2567 3024 2635 Theodericus,
3048 2571 3272 2627 consilio
3300 2572 3464 2635 Aridii
3515 2574 3627 2643 epl-

2060 2660 2210 2726 scopi
2255 2659 2628 2728 Lugdunensis
2671 2661 2857 2731 perfidi
2886 2670 3076 2729 utens,
3100 2675 3157 2720 et
3202 2680 3460 2735 persuasu
3495 2668 3629 2722 aviae

2059 2764 2172 2805 suae
2205 2750 2564 2809 Bruniehildae
2590 2763 2838 2810 sanctum
2869 2755 3200 2815 Desiderium
3228 2757 3297 2813 de
3322 2759 3512 2819 exsilio
3544 2776 3629 2814 rc-

2060 2854 2301 2909 gressum
2340 2843 2586 2911 Iapidare
2626 2846 2924 2915 prtecepiti
2959 2863 2975 2901 :
3017 2848 3083 2903 ad
3125 2849 3278 2917 cujus
3319 2852 3625 2918 sepulcrum

2064 2931 2212 2985 mira:
2248 2930 2476 2987 virtutes
2514 2949 2544 2986 a
2584 2934 2671 2990 die
2703 2943 2960 2992 transitus
2995 2940 3076 2993 sui
3120 2940 3373 2994 Dominus
3426 2943 3629 3011 integra

2064 3021 2376 3078 assiduitate
2403 3023 2691 3079 ostendere
2718 3025 2988 3095 dignatur.
3017 3029 3116 3083 Per
3135 3030 3277 3097 quod
3308 3032 3631 3090 credendum

380 3113 747 3174 mmmam}
787 3115 932 3181 vim,
954 3114 1177 3186 iubeam
1214 3113 1547 3170 Theoderico
1582 3112 1877 3178 occiditur;
1904 3119 1962 3179 et
1986 3135 2036 3203 α
2064 3122 2179 3181 est,
2219 3130 2313 3185 pro
2341 3115 2445 3173 hoc
2471 3119 2611 3173 malo
2635 3128 2784 3188 gesto
2825 3136 3043 3189 regnum
3072 3123 3386 3181 Theoderici
3407 3135 3467 3181 et
3498 3128 3632 3182 lilio.

381 3209 434 3263 in
464 3208 800 3276 patriciatum
848 3207 965 3278 ejus
1015 3207 1370 3275 Richomeris,
1419 3206 1694 3261 Romanus
1736 3219 1954 3274 genere,

380 3300 722 3371 subrogatur.
774 3300 974 3359 Eodem
1020 3314 1165 3357 anno
1216 3309 1371 3355 natos
1416 3308 1500 3355 est
1542 3298 1616 3352 de
1663 3297 1957 3353 conubim

383 3390 698 3447 Theoderici
742 3392 904 3459 Iillus,
936 3392 1151 3447 nomine
1181 3389 1480 3455 Meroveus,
1503 3403 1660 3458 quem
1707 3388 1958 3443 Clllotha-

384 3488 498 3539 rios
518 3483 585 3538 de
611 3492 799 3538 sancto
828 3484 1041 3537 lavacro
1064 3484 1321 3552 suscepit.

458 3572 624 3628 XXX.
656 3572 856 3627 Eodem
904 3587 1044 3628 anno
1074 3572 1447 3645 Theodericus
1467 3568 1708 3625 Aridium
1755 3571 1963 3638 episco-

385 3681 508 3736 pum
534 3664 976 3736 Lugdunensem,
1004 3663 1309 3721 Roeconetn
1338 3672 1361 3703 ο
1395 3674 1450 3719 et
1478 3661 1830 3733 Epporinum
1871 3676 1962 3717 ω-

385 3757 735 3815 mestabulum
774 3757 841 3811 ad
882 3757 1203 3813 Betterieum
1233 3753 1253 3796 ί
1286 3770 1467 3826 regem
1495 3754 1706 3825 Spanius
1733 3755 1958 3821 direxit,

459 3900 486 3963 ξι
516 3891 615 3947 Alii
635 3934 651 3958 ,
680 3904 969 3958 mortuum;
997 3892 1090 3957 al.,
1118 3893 1248 3947 mori
1272 3909 1428 3963 quam
1454 3900 1671 3947 tantum.

456 3960 486 4013 δ
513 3964 648 4027 Alii,
684 3963 963 4017 Docudt‘us.
994 3964 1261 4017 Romanos
1285 3960 1457 4017 etiam
1498 3967 1603 4017 iste
1646 3970 1832 4016 auctor
1858 3978 1961 4030 ap-

384 4032 582 4101 pellat,
613 4048 707 4087 cns
731 4034 822 4101 qui
852 4048 1048 4101 genere
1083 4032 1274 4088 Franci
1302 4048 1404 4087 non
1431 4042 1619 4094 erant,
1650 4036 1743 4087 sed
1772 4048 1836 4086 ex
1862 4050 1960 4085 an-

390 4103 549 4170 tiqots
574 4102 863 4158 Galliarum
893 4106 1125 4167 lanuliis,
1153 4119 1269 4171 quae
1298 4112 1424 4156 ante
1455 4103 1776 4161 Francorum
1805 4102 1964 4157 stabi-

388 4173 537 4228 litunt
565 4172 619 4226 iu
645 4175 830 4227 Galliis
856 4175 1132 4241 imperium
1162 4176 1411 4227 Humanis
1432 4184 1583 4225 erant
1610 4171 1886 4240 subjectis.

463 4253 486 4281 ε
517 4242 713 4298 Chesn.
742 4253 797 4298 et
822 4246 937 4309 alit,
967 4245 1271 4298 brevitatem.
1306 4245 1461 4305 Boh.,
1484 4244 1746 4295 vilitatem.

462 4312 488 4352 ⁴
522 4314 691 4368 Locus
725 4318 794 4369 ob
822 4315 1201 4369 nwnasteaiotn
1229 4314 1431 4368 ordinis
1462 4311 1784 4366 Beuedictini
1806 4353 1819 4376 ,
1857 4313 1965 4381 pri-

393 4400 537 4439 mum
566 4385 852 4453 virginum,
880 4398 989 4438 tum
1018 4387 1282 4449 virorum,
1315 4383 1561 4445 celebris,
1591 4384 1746 4452 vulgo
1776 4382 1963 4436 Faver-

392 4470 517 4525 ηας,
548 4454 615 4508 ad
647 4461 931 4509 Lantauam
963 4456 1231 4509 lloviolum
1265 4460 1315 4508 in
1365 4456 1676 4525 Borgttndize
1706 4454 1960 4525 comitatu

393 4510 719 4592 ditiscesique
755 4525 1175 4579 Vesontiuuensi.
1221 4526 1276 4579 In
1326 4510 1521 4578 statuto
1566 4524 1820 4578 Ludovici
1885 4525 1961 4578 Pii
1990 4510 2045 4570 Ῑ)

391 4597 587 4649 dicitur
635 4595 1000 4661 Fariuiacum,
1046 4608 1100 4651 ut
1146 4596 1231 4649 hic
1273 4597 1324 4650 in
1371 4596 1469 4650 Ch.
1508 4605 1562 4648 et
1607 4595 1768 4649 Freh.
1817 4596 1964 4648 Nunc

398 4681 460 4719 vo
483 4683 549 4735 go
575 4682 605 4720 a
638 4678 875 4735 tempore
903 4668 1066 4721 Sancti
1112 4668 1364 4720 Bernardi
1384 4707 1398 4727 ,
1426 4667 1575 4732 cujus
1605 4666 1691 4719 ille
1723 4668 1966 4719 meminit

395 4734 618 4803 epistola
647 4738 773 4802 547,
805 4734 1207 4798 Faberniacum,
1238 4748 1327 4791 aut
1359 4736 1753 4789 Favermacum.
1789 4738 1882 4790 Est
1913 4746 1966 4790 et

398 4805 688 4861 Fauernach
720 4823 879 4876 prope
907 4807 1064 4861 Frtbu
1076 4823 1219 4875 rgum
1245 4808 1296 4860 in
1328 4808 1560 4873 Brisgoia
1582 4846 1595 4870 ,
1623 4816 1677 4860 et
1700 4804 1964 4876 Favermty

396 4878 540 4931 vicu's
561 4879 698 4933 inter
726 4881 993 4932 Divtonetn
1018 4889 1071 4931 et
1096 4883 1388 4930 Ausonum
1418 4881 1468 4928 in
1500 4877 1823 4945 liorgoutlia.

468 4958 494 4986 ⁸
546 4951 682 5002 Edt‘ti
729 4951 995 5018 plerique,
1042 4949 1303 5016 “agonem
1346 4959 1393 5000 et
1436 4944 1736 4999 Eborniuon.
1788 4947 1965 5007 μου»,

404 5018 684 5073 (latronem
712 5031 760 5072 et
795 5020 1103 5081 Ebronium,
1130 5030 1186 5071 et
1217 5020 1351 5070 tdem
1379 5018 1540 5070 altera
1583 5032 1737 5068 manu
1765 5017 1969 5068 comites

396 5090 616 5153 stabuli;
647 5092 731 5144 cui
763 5091 1037 5144 Aiutoinus
1066 5090 1362 5153 consentit,
1394 5103 1483 5154 qui
1516 5086 1676 5139 habet
1702 5084 1970 5157 prtrfectos

398 5176 656 5215 cauerunt.
1494 5170 1505 5183 ‘

425 5176 676 5285 4:08:33.
705 5238 759 5285 et
787 5229 859 5284 al.
884 5228 1035 5291 edit.,
1066 5226 1408 5281 Bel/terimur.
1441 5226 1487 5278 Is
1531 5235 1613 5279 est
1642 5226 1970 5290 Wittericos,

397 5302 508 5370 qui,
538 5316 716 5356 occ.so
745 5303 909 5356 Lioba
940 5300 1011 5364 ll,
1053 5315 1270 5368 regnum
1301 5296 1737 5366 Wisigotthorum
1780 5298 1975 5351 invasit

399 5389 539 5425 anno
568 5374 690 5427 003.

473 5450 499 5489 κ
528 5444 620 5499 Sic
647 5445 817 5507 Clam,
846 5441 978 5496 Bob.
1005 5450 1057 5494 et
1079 5441 1285 5503 caeteri;
1315 5448 1370 5492 at
1390 5438 1541 5493 Colb.
1563 5452 1681 5491 eunt
1713 5438 1975 5508 plerisque

400 5511 515 5576 οὐ..
550 5515 930 5567 ’l‘lteodeiindw.
968 5513 1041 5566 lle
1066 5512 1196 5571 hac.
1228 5513 1359 5564 inl'ra
1379 5552 1393 5575 ,
1424 5524 1543 5578 cap.
1578 5508 1669 5563 4‘2.

475 5582 504 5619 ⁸
539 5587 612 5639 δι
637 5585 722 5638 his
750 5583 925 5636 verbis
955 5583 1191 5636 nonnulli
1221 5580 1459 5635 iul'eront
1486 5596 1547 5634 ea
1577 5594 1695 5647 quae
1738 5593 1973 5649 sequun-

407 5662 491 5706 tur
512 5655 577 5707 ad
608 5671 697 5708 an.
720 5652 785 5708 15
806 5654 1117 5705 Theoderici
1149 5668 1270 5706 esse
1301 5651 1619 5705 revocanda.

483 5725 500 5763 ι
546 5726 594 5779 Is
629 5734 713 5780 est
750 5722 1008 5793 Agilullus
1045 5723 1511 5792 L'tngohardorum
1544 5737 1632 5777 rex
1666 5724 1751 5792 qui
1784 5730 1837 5776 et
1867 5721 1979 5788 Ago

2065 3219 2184 3260 rum
2217 3219 2434 3263 suorum
2461 3207 2626 3278 διο
2652 3209 2814 3263 fuisse
2844 3209 3194 3266 destructum.

2134 3293 2374 3357 XXXIII.
2410 3296 2486 3350 Eo
2518 3295 2545 3333 κ
2576 3312 2740 3363 auito,
2773 3310 2985 3361 mortuo
3016 3301 3309 3365 Betterico,
3341 3303 3631 3362 Sisebodus

2062 3389 2320 3443 successit
2342 3389 2396 3443 in
2422 3388 2635 3457 Spania:
2666 3407 2907 3460 regnum,
2932 3393 3011 3447 vir
3033 3395 3247 3463 sapiens
3268 3404 3321 3451 et
3353 3412 3445 3466 per
3470 3406 3632 3452 totam

2065 3480 2317 3548 Spanism
2351 3481 2636 3536 laudabilis
2670 3483 2855 3549 valde,
2891 3486 3087 3555 pietate
3115 3487 3471 3553 plenissimos.
3505 3488 3635 3544 Nam

2063 3579 2119 3624 et
2145 3574 2410 3626 adversus
2451 3588 2663 3627 manum
2708 3576 2970 3640 publicam
3020 3572 3039 3613 ι
3089 3575 3296 3632 fortiter
3340 3579 3631 3633 dimicavit.

2065 3662 2399 3719 Provinciam
2420 3664 2768 3719 Cantabriam
2789 3675 2829 3703 ιιι
2855 3667 3173 3723 Gotthorum
3202 3684 3365 3736 regno
3392 3670 3634 3739 subegit,

2061 3769 2221 3823 quam
2251 3755 2538 3823 aliquando
2565 3755 2756 3810 Franci
2790 3758 3163 3825 possederant.
3210 3760 3321 3812 Dux
3342 3801 3355 3824 ,
3405 3759 3630 3814 Francio

2063 3891 2235 3961 dictos
2264 3901 2375 3957 est,
2408 3900 2467 3944 ot
2495 3900 2675 3961 monet
2703 3891 2899 3945 Paulus
2948 3893 3091 3946 Diae.
3144 3892 3235 3945 lib.
3280 3908 3332 3945 tv
3372 3909 3489 3961 cap.
3520 3895 3543 3947 I
3583 3904 3637 3949 rt

2065 3958 2135 4013 45
2156 4003 2169 4024 ,
2201 3962 2267 4080 (ἐς
2294 3977 2399 4032 quo
2430 3960 2587 4029 vide,
2617 3976 2775 4030 supra
2798 4000 2811 4025 ,
2843 3972 2994 4015 notas
3024 3965 3088 4015 ad
3116 3963 3209 4016 ιιι).
3245 3979 3274 4016 x
3308 3958 3449 4016 Hist.
3470 3964 3631 4035 Creg.

2065 4046 2181 4080 ωο.
2249 4072 2265 4080 -
3328 4044 3333 4051 ’

2063 4046 2119 4085 ω
2130 4047 2181 4088 ιι.
2211 4044 2265 4088 ἔ).
3328 4044 3333 4051 ’

2165 4068 2181 4086 .
2211 4047 2265 4088 ί).
3329 4047 3333 4051 ’

2130 4047 2160 4099 p
2204 4103 2399 4154 Passus
2437 4111 2515 4173 est
2547 4100 3110 4173 Stll'ICIIISUDCS‘tIGIIIIS
3156 4102 3475 4156 Viennensis
3515 4105 3633 4173 epi-

2066 4185 2260 4237 sc0pus
2287 4185 2429 4224 anno
2453 4168 2554 4224 607
2575 4171 2662 4225 die
2698 4188 2728 4224 χ
2762 4171 3025 4225 Kalendas
3054 4172 3257 4239 Iunias,
3291 4176 3341 4226 in
3373 4168 3637 4227 territorio

2069 4241 2408 4313 Lugdonensi
2432 4242 2498 4293 ad
2532 4244 2841 4313 (ialaronam
2874 4244 3088 4295 ﬂuvium
3121 4243 3137 4310 (
3166 4246 3216 4295 la
3243 4244 3566 4297 Chalaroune
3591 4244 3633 4313 ).

2066 4311 2123 4365 In
2164 4313 2278 4379 ipso
2307 4313 2453 4377 loco,
2487 4311 2574 4365 ubi
2614 4327 2802 4380 passus
2831 4323 2942 4376 est,
2974 4327 3114 4366 noue
3151 4324 3323 4367 exstat
3357 4316 3507 4367 vicus
3538 4311 3655 4379 suo,

2069 4383 2234 4450 ipsius
2250 4383 2464 4437 nomine
2484 4383 2729 4435 donatus.
2752 4383 2825 4436 De
2844 4397 2910 4436 eo
2931 4382 3167 4436 Cointius
3188 4394 3333 4438 tomo
3353 4386 3393 4438 Il
3416 4386 3479 4438 ad
3498 4386 3635 4438 hunc

2066 4467 2262 4506 annum
2293 4454 2460 4505 iusius
2484 4453 2725 4516 disserit,
2755 4453 2841 4505 ubi
2871 4454 3108 4506 Aridiuiu
3136 4468 3164 4505 a
3196 4457 3490 4509 sceleribus
3516 4471 3634 4521 qua:

2070 4524 2153 4577 hic
2186 4534 2239 4576 et
2291 4524 2657 4591 superioribus
2708 4524 2966 4590 capitibus
3014 4524 3111 4591 ipsi
3145 4523 3447 4579 tribuuntur
3475 4527 3637 4593 pluri-

2072 4594 2171 4646 bus
2200 4593 2469 4647 vindicare
2498 4604 2738 4647 conatur.
2775 4598 2849 4647 lle
2876 4599 3042 4647 sancti
3074 4596 3333 4649 Desiderii
3379 4597 3633 4663 martyrio

2068 4664 2293 4731 legenda
2330 4673 2414 4718 est
2446 4666 2669 4732 epistola
2713 4664 2914 4717 Adonis
2940 4664 3006 4717 ad
3048 4664 3328 4718 ecclesiam
3365 4666 3637 4718 Viennen-

2073 4750 2323 4799 nensem,
2354 4736 2438 4788 cui
2473 4737 2586 4801 ipse
2614 4735 2814 4788 saecqu
2845 4750 2895 4787 Ix
2929 4733 3156 4801 prsel'uit.

2144 4803 2169 4842 Ιι
2215 4805 2324 4857 lloc
2352 4815 2510 4873 caput
2538 4802 2689 4857 deest
2721 4804 2771 4857 in
2798 4805 2920 4857 cod.
2953 4805 3105 4857 (Solii.
3137 4818 3294 4870 quem
3328 4802 3639 4857 .‘llettensem

2072 4876 2305 4943 appellat
2332 4873 2589 4927 Cointius.
2625 4873 2998 4942 Interpolalom
3038 4884 3215 4926 tamen
3256 4873 3358 4926 diei
3404 4887 3510 4925 non
3536 4888 3643 4943 Apu.

2074 4941 2180 4998 test
2200 4980 2218 5009 ,
2246 4944 2441 5012 quippe
2469 4943 2611 5011 quod
2653 4941 2881 4997 habetur
2909 4945 2960 4996 in
2989 4952 3150 4996 veteri
3192 4943 3485 5012 exemplari
3519 4941 3643 4994 Col-

2073 5015 2193 5081 Iegii
2224 5020 2553 5069 Claromont.
2576 5054 2590 5077 ,
2622 5014 2762 5080 quod
2794 5026 2921 5065 sane
2952 5014 3091 5064 haud
3136 5012 3223 5065 dio
3263 5026 3382 5080 post
3411 5013 3643 5065 auctoris

2073 5080 2283 5138 aetatem
2308 5082 2633 5149 descriptum
2665 5093 2767 5135 est.
2811 5082 3006 5135 Eadem
3051 5080 3216 5134 rerum
3259 5084 3412 5134 habet
3456 5094 3645 5134 auctor

2058 5152 2379 5220 ‘appeodicis
2405 5154 2469 5205 ad
2496 5151 2643 5205 Marii
2669 5150 3302 5220 Chronicom.‘C;eterum
3327 5150 3644 5212 Sisebodus.

2072 5218 2169 5277 seu
2201 5234 2254 5277 ut
2284 5223 2412 5276 editi
2446 5221 2677 5287 habent,
2710 5223 2987 5277 Sisebutos
3015 5218 3356 5276 Gundemaro
3382 5219 3644 5275 Witteriei

2075 5295 2376 5347 successori
2416 5292 2737 5347 soliStitutns
2771 5302 2855 5346 est
2891 5307 3033 5344 anno
3075 5290 3216 5346 (ili:
3260 5308 3425 5359 quare
3460 5307 3648 5344 emen-

2078 5363 2284 5417 dandus
2309 5373 2391 5417 est
2421 5362 2725 5430 Fredegarii
2756 5363 3013 5416 calculus.
3045 5361 3276 5416 Sisebuti
3313 5364 3497 5415 Iaudes
3527 5363 3648 5415 vide

2078 5440 2216 5503 apud
2246 5435 2504 5488 lsidorom
2525 5474 2541 5498 ,
2574 5435 2624 5485 in
2654 5430 2951 5495 Chronico,
2985 5432 3048 5484 ad
3081 5449 3239 5485 rerum
3271 5432 3394 5485 6:30.

2156 5503 2175 5542 1
2222 5506 2274 5558 Id
2313 5512 2396 5559 est
2444 5506 2697 5557 adversus
2746 5505 3047 5566 Romanos,
3099 5517 3193 5555 seu
3246 5506 3646 5569 imperatorem.

2081 5576 2226 5629 Alias
2254 5578 2451 5645 saepius
2483 5575 2864 5641 rempublicam
2896 5575 3158 5641 appellat,
3188 5584 3242 5626 et
3269 5574 3405 5626 intra
3436 5575 3647 5640 imperii

2154 5654 2311 5699 rtem.

2085 5660 2315 5773 ωἷυιεῒά
2356 5714 2663 5784 Hispaniam
2707 5712 3173 5785 Tarraconensem
3208 5712 3527 5783 pertinebat,
3559 5713 3628 5765 ho
