4132 6348
545 310 645 364 (ἲίὲὗ

1742 306 2062 361 Fli‘EDEGA
2078 307 2161 359 lill
2204 304 2641 363 SCHOLASTICI

3691 303 3797 357 σενι

547 429 790 488 nomine,
822 429 906 495 qui
938 426 1277 479 Cantabriam
1320 437 1565 494 tempore
1600 425 1793 479 Fratre.
1819 442 1931 477 runt
1981 424 2108 477 sult-
2142 427 2186 484 Α
2219 434 2423 477 menter
2462 422 2791 490 diligeretur,
2840 417 3241 486 simplicitatem
3284 415 3649 470 Theudcbrrti
3692 418 3793 467 ιιι»-

549 528 740 574 exerat
765 528 815 581 ι,
846 519 1038 570 tributa
1071 515 1396 569 Francorum
1430 514 1641 585 regibus
1671 515 1841 568 multo
1875 522 2115 580 tempore

547 610 876 678 impleverat.
917 607 1021 662 Sed
1053 623 1175 661 cum
1205 622 1233 660 a
1276 617 1425 676 parte
1465 608 1673 673 imperii
1716 606 1886 659 fuerat
1922 606 2119 659 Canta-

550 704 662 758 bria
691 709 932 756 revocata
963 698 1014 764 ι’,
1048 714 1079 753 a
1110 700 1319 754 Gottbis
1340 742 1353 765 ,
1389 709 1444 753 nt
1474 714 1629 767 supra
1662 698 1877 767 legitur,
1914 711 2117 765 praeoc-

546 804 794 864 cupatur,
823 804 876 848 et
906 793 1084 861 plures
1122 793 1363 847 civitates
1402 793 1468 845 ab
1508 791 1732 859 imperio
1765 790 2005 843 Romano
2032 789 2118 842 Si-

548 884 780 940 sebodus
810 883 864 938 in
894 884 1071 937 littore
1097 884 1257 936 maris
1286 883 1523 945 abstulit,
1544 891 1599 936 et
1626 896 1793 949 usque
1816 880 2121 933 fundamen-

550 984 660 1028 tum
688 972 973 1029 destruxit.
998 971 1235 1039 Cumque
1259 971 1480 1026 Romani
1508 972 1576 1025 ab
1604 972 1840 1027 exercitu
1873 970 2115 1026 Sisebodi

552 1065 963 1127 trucidarentur,
988 1060 1277 1118 Sisebodus
1300 1064 1509 1117 dicebat
1532 1065 1725 1132 pietate
1751 1063 1940 1132 plenus
1966 1078 1979 1115 :
2008 1062 2117 1115 ilcu

550 1169 636 1208 me
665 1154 916 1207 miserum
943 1194 958 1217 ,
989 1152 1137 1219 cujus
1166 1161 1405 1220 tempore
1434 1162 1573 1204 tanta
1605 1153 1875 1222 sanguinis
1903 1150 2117 1204 humani

550 1245 740 1299 effusio
770 1247 893 1299 titur
919 1247 930 1298 !
973 1244 1280 1315 Cuieunque
1307 1252 1511 1313 poterat
1539 1257 1821 1298 occurrere
1853 1243 1919 1296 de
1950 1253 2119 1296 morte

550 1336 828 1390 liberabat.
873 1336 1256 1392 Confirmatum
1302 1346 1383 1390 est
1433 1350 1658 1403 regnum
1703 1335 2018 1388 Gotthorutn
2067 1337 2118 1389 in

550 1425 743 1495 Spania
776 1440 870 1493 per
899 1427 1064 1481 maris
1095 1428 1269 1481 littora
1302 1440 1466 1490 usque
1495 1437 1702 1478 montes
1734 1424 2045 1492 Pyrenaeos.

564 1539 567 1541 ν
593 1574 597 1583 _
620 1515 864 1569 XXXIV.
896 1517 1010 1586 Ago
1036 1533 1129 1571 rex
1156 1516 1621 1585 Langobardorum
1642 1516 1845 1584 accepit
1864 1529 2080 1567 morem
2104 1556 2117 1579 ,

551 1603 844 1658 Gritnoaldi
886 1615 940 1659 et
979 1606 1277 1660 Gundoaldi
1317 1618 1661 1674 germanam,
1702 1604 1919 1657 nomine
1947 1602 2123 1658 Theu-

550 1692 849 1757 delindam,
877 1710 939 1747 ex
968 1710 1161 1763 genere
1188 1694 1511 1748 Francorum
1543 1703 1589 1757 ε,
1623 1708 1781 1762 quam
1810 1692 2123 1745 Childcber-

2226 524 2375 568 ueste
2432 509 3007 582 cetnpertans,‘nihil
3071 523 3130 561 se
3195 508 3454 561 minorem
3514 520 3544 559 a
3604 506 3794 560 Brutti-

2170 648 2173 649 ν
2221 608 2397 660 childe
2436 622 2555 660 esse
2595 610 2873 666 censeret,
2916 601 3004 655 sed
3046 600 3240 668 saepius
3282 615 3375 668 per
3414 599 3621 668 legatos
3662 599 3793 652 Bru-

2223 697 2510 751 nicbiidem
2550 695 2883 762 despiceret.
2938 691 3061 744 dum
3116 692 3184 746 ab
3234 693 3347 759 ipsa
3394 690 3791 758 increpahator,

2221 788 2359 855 quod
2408 787 2598 841 ancilla
2641 783 2994 839 Bruniehildre
3052 783 3281 846 luisset,
3343 781 3555 835 tandem
3608 782 3689 834 bis
3740 794 3788 834 et

2221 878 2338 932 aliis
2400 876 2606 941 verbis,
2670 876 2855 944 legatis
2914 874 3374 937 discurrentibus,
3434 873 3501 925 ab
3564 871 3789 926 invicem

2223 977 2562 1030 vexarentur,
2621 968 2869 1036 placitum
2936 968 3073 1020 inter
3122 967 3465 1020 Colercnsem
3521 976 3573 1018 et
3607 966 3794 1021 Sueu-

2224 1068 2423 1112 tenseut
2458 1068 2483 1105 8
2516 1057 2657 1125 litnr,
2688 1068 2744 1110 ut
2783 1059 2879 1110 has
2919 1057 3052 1110 duas
3091 1060 3301 1125 reginas
3346 1056 3443 1125 pro
3489 1071 3616 1124 pace
3657 1057 3794 1109 inttr

2222 1148 2607 1203 'l‘heudericum
2671 1157 2725 1201 ct
2785 1147 3214 1200 Tlicudebertum
3275 1144 3659 1214 conjungercnt
3725 1146 3790 1195 a-l

2222 1237 2649 1305 colloquendum.
2677 1236 2782 1291 Sed
2809 1235 3103 1290 Bilicbildis
3130 1235 3367 1289 consiliis
3394 1235 3789 1288 Austra~ioruta

2225 1329 2351 1382 inibi
2386 1329 2567 1382 venire
2595 1328 2818 1382 distulit.

2294 1424 2390 1475 AN.
2432 1437 2570 1475 θοις.
2599 1451 2667 1461 —-
2693 1421 2929 1475 XXXVI.
2966 1424 3120 1476 Anno
3152 1419 3215 1473 14
3247 1421 3393 1491 τρειιί
3434 1420 3753 1474 Thcuderici
3778 1461 3794 1483 ,

2227 1513 2364 1566 beati
2398 1512 2712 1567 Columbini
2744 1510 2775 1551 Ιι
2805 1524 3046 1568 creverat
3080 1514 3188 1583 jam
3236 1514 3429 1581 passim
3466 1512 3605 1566 fama
3640 1514 3689 1565 in
3724 1516 3797 1566 ci-

2225 1604 2475 1657 vitatibus
2524 1605 2635 1659 sive
2672 1603 2687 1641 ί
2725 1605 2776 1658 ἰιι
2830 1605 3109 1660 universas
3160 1605 3363 1659 Gallias
3407 1615 3459 1658 et
3501 1605 3799 1657 Germania

2229 1695 2529 1757 provincias
2557 1713 2569 1748 :
2604 1704 2829 1765 eratque
2858 1697 3094 1750 omnium
3120 1711 3334 1750 rumore
3356 1696 3657 1759 laudabilis,
3684 1710 3801 1747 om-

555 1795 639 1839 tus
678 1786 938 1841 habuerat
976 1787 1371 1856 deSponsatam.
1414 1784 1549 1839 Cum
1593 1800 1708 1838 cant
1738 1786 1966 1839 consilio
1997 1785 2126 1838 Bru-
2160 1783 2200 1842 Β
2234 1792 2377 1841 nium
2418 1790 2561 1841 cultu
2604 1782 2942 1853 venerabilis,
2986 1790 3037 1842 in
3081 1799 3318 1849 tantum.
3352 1799 3407 1841 ut
3437 1787 3802 1840 'l'lteuderieus

554 1881 803 1937 nichildae
841 1884 1263 1952 postposuisset,
1310 1879 1658 1935 Gundoaldus
1710 1894 1831 1932 cum
1878 1879 2122 1933 omnibus

555 1975 715 2030 rebus
760 1990 943 2029 secum
984 1989 1302 2044 germanam
1345 1971 1770 2027 Tltendelindam
1822 1971 1873 2024 in
1920 1970 2122 2023 Italiam

553 2066 861 2133 transtulit,
894 2076 947 2120 et
975 2067 1028 2120 in
1057 2066 1454 2121 matrimonium
1484 2063 1652 2132 Agoni
1697 2062 1931 2116 tradidit.
1975 2062 2122 2116 Gun-

551 2157 774 2211 doaldus
802 2157 866 2211 de
896 2166 1052 2227 gente
1077 2156 1240 2211 nobili
1272 2154 1740 2223 Langobardorum
1766 2153 1972 2220 accepit
1994 2166 2125 2205 uxo-

552 2263 664 2303 rem
684 2289 701 2315 ,
729 2248 795 2303 de
822 2264 925 2317 qua
956 2248 1092 2302 duos
1119 2249 1278 2317 δι]
1315 2247 1448 2300 filios
1476 2244 1716 2313 accepit,
1767 2243 1852 2297 his
1894 2244 2123 2296 nomini-

552 2341 683 2405 bus,
717 2340 1117 2395 Gundebertum
1139 2349 1192 2394 et
1213 2337 1587 2392 Charibertum
1612 2335 1659 2390 ἀ.
1690 2336 1801 2405 Ago
1829 2352 1918 2389 rex
1939 2378 1953 2400 ,
1986 2335 2126 2389 illius

552 2430 795 2486 Autharii
834 2432 1007 2500 regis,
1048 2429 1115 2484 de
1153 2428 1522 2483 Theudelinda
1564 2426 1749 2480 habuit
1789 2424 1991 2489 lilium,
2032 2441 2126 2479 no-

553 2521 694 2576 mine
721 2520 1019 2575 Adoaldum
1050 2520 1157 2591 μι.
1183 2516 1501 2587 Odoaldum]
1523 2561 1535 2583 ,
1581 2528 1636 2571 et
1676 2517 1869 2581 tiliam,
1913 2515 2126 2571 nomine

556 2612 987 2681 Gundobergam.
1042 2612 1172 2666 Dum
1204 2611 1547 2665 Cundoaidus
1578 2623 1606 2662 a
1642 2608 2003 2679 Langobardis
2043 2609 2126 2662 ni-

555 2702 722 2757 mium
762 2702 1093 2772 diligeretur,
1126 2701 1356 2756 factione
1392 2702 1591 2770 Agonis
1630 2702 1769 2770 regis
1800 2711 1856 2755 et
1883 2701 2128 2756 Theode-

553 2793 745 2859 lindar,
778 2797 900 2849 cum
929 2794 1101 2863 ipsum
1129 2793 1238 2863 jam
1272 2792 1388 2848 zelo
1414 2790 1524 2865 [AL
1553 2792 1606 2846 in
1639 2791 1834 2862 selum]
1864 2801 2125 2859 tenerent,

553 2885 643 2941 ubi
682 2885 747 2940 ad
787 2896 1031 2942 ventrem
1072 2886 1406 2957 purgandum
1439 2887 1493 2941 in
1522 2884 1771 2941 faldeone
1805 2894 1828 2922 ο
1868 2884 2125 2952 sedebat,

550 2976 736 3045 sagitta
769 2976 982 3031 saucius
1011 2977 1258 3030 moritur.

625 3073 723 3128 AN.
754 3088 933 3127 ncvut.
963 3102 1032 3113 —-
1055 3071 1275 3126 XXXV.
1302 3070 1457 3127 Anno
1489 3072 1557 3127 15
1582 3070 1732 3141 regni
1766 3068 2081 3125 Theoderici
2107 3109 2123 3135 ,

2230 1896 2320 1936 rex
2352 1884 2416 1934 ad
2446 1897 2568 1936 eum
2601 1897 2746 1950 szepe
2778 1882 3090 1935 Lussovium
3116 1887 3130 1930 ι
3163 1882 3394 1945 veniret,
3423 1890 3475 1932 et
3499 1880 3801 1933 orationum

2226 1987 2443 2025 suarum
2482 1973 2733 2041 suffragia
2773 1974 2918 2026 ouuti
2958 1988 3078 2026 cum
3127 1972 3423 2024 humilitate
3465 1971 3802 2036 deposceret.

2227 2063 2306 2117 Ad
2351 2080 2504 2131 qut-tn
2552 2065 2844 2132 saipissime
2871 2065 3032 2134 612
3061 2077 3179 2117 cum
3224 2063 3467 2127 veniret,
3516 2061 3679 2129 erepit
3722 2062 3805 2114 vir

2228 2153 2325 2209 Dei
2375 2170 2495 2209 eum
2545 2155 2857 2223 increpare,
2913 2171 3009 2209 cur
3053 2154 3471 2208 concubinarum
3526 2153 3806 2207 adulteriis

2228 2244 2560 2308 tnisceretur,
2604 2255 2659 2299 et
2696 2260 2799 2299 non
2842 2248 3021 2314 potius
3052 2245 3272 2315 legitimi
3315 2244 3547 2315 eonjugii
3586 2243 3805 2298 solami-

2228 2341 2383 2394 nihus
2433 2340 2734 2403 frueretur;
2794 2350 2851 2394 ut
2899 2339 3093 2410 regalis
3146 2339 3324 2409 proles
3375 2354 3441 2393 ex
3502 2338 3803 2393 honorabili

2227 2436 2404 2501 regina
2438 2434 2783 2502 procederet,
2815 2445 2868 2488 et
2900 2449 3003 2487 non
3036 2435 3211 2503 potius
3242 2449 3308 2487 ex
3343 2433 3691 2498 lupanaribus
3720 2432 3803 2486 vi-

2226 2526 2443 2581 deretur
2463 2542 2758 2597 emergere.
2786 2527 3022 2596 Cumque
3040 2526 3149 2596 jam
3178 2526 3242 2578 ad
3272 2526 3368 2579 viri
3397 2525 3485 2579 Dei
3518 2525 3801 2592 imperium

2228 2617 2367 2685 regis
2393 2631 2573 2670 sermo
2603 2618 3031 2685 obtemperaret,
3062 2628 3112 2669 et
3152 2631 3209 2671 se
3234 2615 3301 2669 ab
3327 2615 3572 2668 omnibus
3604 2615 3803 2669 illicitis

2227 2720 2510 2777 segregare
2562 2708 2889 2775 sponderet,
2944 2716 3177 2761 mentem
3236 2706 3590 2761 Drunichildis
3637 2706 3803 2769 aviae,

2227 2797 2461 2852 secunda
2508 2808 2560 2852 at
2596 2808 2711 2853 erat
2749 2798 3010 2853 chahelis
3038 2797 3088 2863 ιε,
3130 2800 3376 2868 antiquus
3416 2797 3601 2867 anguis
3642 2797 3804 2861 adiit,

2228 2901 2455 2956 eamque
2519 2898 2703 2942 contra
2762 2888 2933 2943 virum
2991 2888 3087 2943 Dei
3142 2889 3467 2942 stitnnlatam
3534 2888 3805 2956 superbiai

2228 2978 2417 3033 aculeo
2444 2981 2678 3043 excitat,
2709 2980 2829 3047 quia
2860 2988 3104 3034 cerneret
3130 2980 3247 3032 viro
3279 2979 3371 3034 Dei
3412 2978 3803 3034 Theudcricum

2229 3071 2466 3126 obedire.
2499 3071 2795 3126 Verebatur
2827 3072 2967 3126 enim
3000 3086 3066 3125 ne
3087 3118 3100 3140 ,
3142 3071 3185 3126 si
3229 3071 3453 3141 abjectis
3491 3070 3807 3125 concubinis

553 3178 673 3219 cum
720 3162 1125 3217 Theudebertus
1175 3161 1508 3217 Bilithildem
1542 3160 1560 3200 ί
1594 3159 1823 3217 habebat
1866 3173 2118 3223 uxorem,
2149 3148 2195 3211 C
2230 3162 2469 3231 reginam
2511 3163 2647 3217 anhe
2674 3160 3033 3233 prrefecisset,
3068 3162 3340 3231 dignitatis
3379 3172 3537 3232 atque
3580 3161 3805 3216 honoris

553 3268 710 3323 quam
744 3251 1099 3307 Brunichildis
1142 3267 1171 3306 a
1212 3252 1635 3322 negotiatoribus
1669 3259 2000 3307 mercaverat
2026 3295 2040 3319 ,
2071 3260 2126 3305 et

552 3358 692 3403 esset
718 3347 1015 3402 Bilicbildis
1058 3345 1199 3402 utilis
1219 3385 1235 3413 ,
1267 3355 1321 3403 et
1348 3362 1377 3402 a
1410 3347 1618 3403 cunctis
1644 3346 1934 3401 Austrasiis
1960 3345 2125 3399 vehe-

554 3500 637 3557 die
665 3500 819 3569 vulgo
852 3500 1069 3572 Biscaya
1106 3499 1444 3572 (lagBiscaye)
1476 3500 1690 3572 dicitur.
1723 3501 1876 3571 cujus
1907 3499 2114 3556 incolas

553 3573 790 3694 “Olmllltlii
820 3572 977 3625 etiam
1007 3570 1207 3626 antiqui
1231 3570 1478 3627 auctores
1504 3570 1753 3625 Baseulos
1777 3570 1872 3627 seu
1904 3572 2118 3626 Basclos

553 3657 687 3694 amte
728 3650 839 3694 ant.

530 3643 839 3697 appellant.

588 3658 901 3785 piei'iii'iét,
944 3711 1229 3785 subegerat.
1274 3710 1411 3785 Edi_ti
1432 3753 1445 3773 ,
1476 3720 1693 3785 rexerat.
1725 3711 1889 3785 Boh.,
1917 3720 2118 3785 egerat;

553 3798 715 3851 quare
743 3783 984 3836 Cointius
1016 3790 1163 3849 putat
1189 3784 1327 3833 hunc
1353 3780 1702 3851 Franeionem
1724 3798 1753 3836 a
1778 3780 2121 3837 Childéberto

552 3850 603 3907 et
637 3853 865 3906 Clotarto
896 3854 1201 3922 praelectum
1234 3851 1395 3922 fuisse
1421 3850 1720 3922 Qantahriae
1740 3895 1754 3915 ,
1778 3868 1937 3922 quam
1964 3855 2123 3910 sube-

553 3933 771 3993 gerant,
802 3932 859 3976 ut
885 3920 1086 3991 colligit
1111 3937 1175 3975 ex
1210 3921 1300 3975 lib.
1336 3920 1559 3993 Ill7HiSl.
1588 3922 1750 3993 Greg.
1782 3920 1900 3985 cap.
1929 3923 2023 3977 29.

625 3991 652 4031 ι’
694 3994 907 4062 Aliquot
932 3994 1043 4057 etl.,
1075 4002 1360 4046 revocatus.
1395 3992 1558 4045 Porro
1590 4009 1619 4043 a
1648 3991 1790 4060 parte
1813 3994 2035 4060 imperii.
2070 3994 2119 4048 id

552 4073 663 4127 est,
698 4065 759 4116 ab
788 4063 1013 4116 exercitu
1044 4063 1402 4129 imperatoris;
1434 4074 1521 4113 aut
1557 4077 1701 4117 certe
1743 4064 2020 4133 legendum
2053 4067 2120 4118 ad

552 4145 778 4204 partem,
810 4143 937 4204 ete.,
971 4134 1019 4185 id
1050 4142 1163 4197 est,
1196 4134 1420 4204 imperio
1450 4133 1715 4204 restituta.

629 4214 650 4241 ο
690 4204 841 4256 Colb.
872 4203 965 4256 alt.
1001 4218 1157 4254 manu
1179 4243 1193 4263 ,
1222 4202 1394 4273 et‘Clt.
1420 4203 1512 4268 aL,
1542 4202 1920 4273 Bajuariorum.
1945 4204 2124 4258 Theo-

553 4272 764 4342 delinda
805 4273 1029 4340 primum
1072 4270 1359 4342 Autltario,
1404 4270 1729 4339 Agonisiseu
1774 4275 1984 4342 Agilulli
2025 4276 2120 4328 de-

554 4341 789 4412 cessori,
830 4340 1267 4412 nupserattVide
1307 4342 1526 4395 Paulum
1563 4342 1734 4407 Diae,
1770 4340 1867 4396 liti.
1900 4359 1956 4397 ιιι
1996 4359 2115 4412 cap.

554 4411 643 4473 3i,
672 4420 723 4464 et
754 4410 846 4464 lib.
878 4425 929 4464 tv
960 4423 1079 4475 cap.
1104 4409 1136 4462 5
1164 4420 1218 4464 et
1246 4425 1396 4479 seqq.
1426 4412 1621 4464 Dicitur
1643 4427 1705 4464 ex
1728 4428 1923 4481 genere
1954 4409 2120 4468 Fran-

554 4494 775 4548 corum,
816 4494 922 4533 non
969 4480 1136 4532 solum
1189 4481 1327 4548 quod
1381 4481 1616 4548 Bajoaria
1663 4480 1804 4536 esset
1849 4492 1975 4538 tunc
2019 4487 2118 4537 sub

556 4534 1129 4619 Francorumiditione,
1155 4534 1339 4619 verum
1366 4534 1525 4603 etiam
1552 4552 1689 4619 quod
1719 4534 2119 4609 aviamwhabne;
2154 4534 2199 4592 D

557 4620 659 4682 rit.
701 4629 755 4673 ut
795 4618 950 4674 multi
987 4617 1202 4682 volunt,
1246 4617 1655 4686 Ragiulrudetn,
1696 4622 2053 4678 Theodeberti
2094 4624 2113 4678 Ι

556 4690 743 4743 tiliam.
794 4689 944 4744 Adde
983 4688 1121 4756 quod
1170 4696 1392 4741 matrem
1441 4690 1717 4757 habuerit,
1762 4695 1838 4748 uti
1887 4694 2113 4755 videtur,

558 4759 825 4814 Ultradam
855 4761 1094 4813 retiolam
1124 4758 1485 4814 Theodebaldi
1516 4762 1675 4825 regis.

622 4827 647 4867 δ
690 4829 824 4883 Alii:
855 4828 1223 4889 Haribertum,
1255 4830 1393 4897 quod
1427 4832 1643 4898 perinde
1668 4842 1769 4887 est.

627 4911 650 4937 ο
694 4900 825 4955 llinc
870 4900 1083 4971 dictum_
1113 4898 1499 4971 faldistorium,
1549 4903 1702 4971 vulgo
1745 4920 1813 4957 un
1861 4902 2076 4970 fautctu'l
2101 4945 2115 4968 ,

554 4986 712 5039 quam
756 4984 941 5041 vocem
961 4984 1010 5041 Ae
1050 4968 1315 5041 Saxonico
1362 4968 1783 5041 vocabulo'fald
1823 4968 2113 5028 derivatum

555 5037 757 5095 volunt.
791 5039 922 5093 Vide
949 5038 1132 5106 Cangii
1166 5037 1516 5095 Glossarium.

602 5110 648 5173 μί
689 5111 824 5182 Alii_,
862 5108 1198 5182 Belichildis;
1237 5123 1289 5165 et
1326 5110 1494 5177 inira,
1527 5123 1747 5166 cerneret
1773 5129 1789 5167 :
1817 5112 1904 5167 sed
1933 5115 2121 5182 satpius

552 5182 741 5252 lagatos
766 5179 1133 5252 Bruttia/tium.
1163 5249 1171 5252 _
2007 5179 2015 5182 ’
2114 5222 2129 5235 ,

623 5261 648 5298 ις
685 5251 882 5321 ωλει
910 5248 1092 5313 Freli.,
1119 5249 1358 5321 placitus.
1390 5252 1487 5305 Ch.
1520 5252 1615 5315 al.,
1647 5252 1891 5307 Colcause
1920 5263 1967 5306 et
2001 5254 2122 5309 Soi—

551 5329 706 5383 tense,
737 5320 819 5376 vel
847 5319 1165 5390 Segintense.
1192 5323 1332 5385 (30L,
1359 5321 1534 5389 Bign,,
1561 5323 1707 5387 Bar.,
1738 5323 1815 5375 Ill.
1846 5334 1900 5377 et
1929 5325 2116 5390 Boch.,

552 5390 799 5455 placitum
827 5400 899 5444 est
930 5391 980 5442 in
1010 5389 1268 5445 Colecensi
1306 5401 1351 5444 et
1396 5392 1678 5447 Soluitenzi
1718 5395 1847 5457 ﬁeri.
1895 5394 2026 5445 lioh.
2070 5389 2119 5445 et

552 5460 737 5524 Colb.,
766 5458 1116 5531 ittColerense
1144 5469 1191 5513 et
1220 5461 1539 5531 Sogintcnse.
1567 5463 1628 5515 lli
1657 5466 1768 5529 pagi
1798 5462 2115 5517 contermini

554 5538 739 5601 erant,
766 5530 911 5601 prior
938 5529 990 5582 in
1016 5530 1231 5601 Austria
1250 5572 1265 5598 ,
1293 5529 1428 5601 alter
1457 5532 1508 5583 in
1536 5532 1835 5600 Burgundia
1854 5572 1871 5597 ,
1902 5534 1950 5585 in
1981 5547 2113 5601 quo-

557 5612 671 5651 rum
713 5598 905 5651 finibus
943 5600 1177 5653 habitum
1217 5610 1300 5654 est
1339 5599 1609 5666 placitura.
1648 5598 2115 5666 Sugintensis'no-

553 5669 692 5741 mine
718 5668 985 5741 designari
1017 5669 1220 5721 videtur
1248 5671 1293 5723 le
1324 5670 1590 5741 Suntgaw,
1624 5671 1675 5725 in
1707 5672 1974 5741 provincia
2007 5675 2112 5725 Ma—

552 5738 687 5791 xima
729 5739 1093 5803 Sequanorum
1136 5752 1319 5793 versus
1370 5738 1665 5807 Elisaliam,
1708 5738 1871 5810 quem
1916 5759 2105 5812 pagum

2227 3255 2308 3309 sui
2344 3254 2557 3309 modum
2597 3262 2943 3323 amputasset.
2976 3254 3164 3308 Evenit
3187 3269 3315 3322 ergo
3350 3263 3408 3309 ut
3440 3253 3665 3321 quadam
3711 3252 3804 3305 die

2225 3346 2413 3401 beatus
2450 3344 2809 3401 Columbanus
2848 3345 2914 3400 ad
2957 3345 3358 3401 Brunichildem
3404 3344 3628 3400 veniret.
3676 3341 3806 3398 Erat

2228 3500 2471 3557 nonnulli
2514 3503 2779 3575 superiori
2823 3502 3058 3577 Elistttize
3093 3503 3406 3559 attribuunt.
3451 3500 3604 3558 Alter
3649 3502 3798 3573 igno-

2227 3581 2309 3627 tus
2337 3578 2439 3626 εει.

2302 3640 2329 3715 ‘f
2359 3642 2489 3708 Qum.
2514 3644 2600 3699 hic
2627 3643 2890 3699 habentur
2917 3660 3082 3715 usque
3110 3644 3173 3698 ad
3204 3644 3362 3712 hujus
3384 3642 3571 3715 capitis
3600 3643 3761 3715 linem
3787 3686 3803 3707 ,

2227 3712 2415 3787 iisdem
2445 3717 2665 3787 omnino
2696 3717 2875 3770 verbis
2908 3712 3152 3787 leguntur
3173 3717 3223 3769 in
3250 3717 3365 3771 Vita
3390 3712 3806 3787 sanctiAColum-

2232 3784 2352 3838 bani
2381 3798 2476 3851 per
2505 3786 2695 3840 Jonam
2727 3788 2922 3854 scripta
2944 3784 3139 3850 ,‘nutn.
3169 3788 3231 3842 5|
3268 3797 3321 3840 et
3348 3800 3501 3855 seqq.
3526 3824 3542 3848 ,
3570 3784 3622 3838 in
3652 3787 3805 3839 Actis

2226 3865 2533 3924 sanctorum
2564 3858 2683 3911 ord.
2716 3857 3077 3922 Benedictini,
3111 3872 3236 3912 szec.
3272 3871 3305 3911 ιι
3327 3896 3341 3920 ,
3377 3871 3495 3924 pag.
3530 3856 3615 3909 17.

2303 3923 2318 3963 ί
2355 3927 2448 3983 Sic
2487 3927 2852 3995 antiquissima
2886 3943 3043 3981 manu
3073 3929 3413 3981 emendatum
3446 3930 3494 3978 in
3526 3925 3647 3979 eod.
3679 3924 3805 3979 Cl..-

2224 4012 2385 4065 rom.,
2417 3998 2504 4065 qui
2535 3999 2665 4050 alias
2696 4005 2752 4049 nt
2788 3998 2951 4060 editi,
2996 3998 3261 4051 habebat:
3295 3996 3482 4050 Beatus
3522 3997 3807 4050 Columbu-

2227 4083 2324 4120 nus
2373 4077 2593 4124 creverat
2634 4071 2749 4138 jam
2792 4068 2979 4134 passim
3013 4070 3150 4137 fama
3189 4068 3406 4121 civitatis
3433 4082 3543 4118 sure
3570 4067 3657 4127 in,
3692 4078 3803 4121 etc.

2224 4139 2398 4205 Colb.,
2434 4142 2575 4203 fama
2603 4138 2809 4191 invitate
2835 4154 2927 4190 sua
2951 4155 2969 4203 ;
2996 4148 3047 4190 et
3074 4140 3243 4191 altera
3275 4153 3432 4190 manu
3456 4179 3467 4197 ,
3505 4138 3770 4189 incitante.

2299 4220 2314 4258 ι
2356 4210 2493 4265 Editi
2524 4224 2642 4262 cum
2673 4208 2851 4266 Colb..
2887 4207 3199 4271 Luxuriam,
3226 4217 3280 4262 et
3309 4210 3386 4261 sic
3414 4208 3569 4260 infra.
3600 4208 3674 4260 lbi
3697 4208 3803 4261 Co«

2225 4278 2503 4335 lumbanus
2536 4278 2918 4331 monasterium
2949 4280 3258 4332 condiderat
3278 4320 3293 4341 ,
3324 4278 3463 4347 quod
3494 4292 3560 4329 ex
3592 4288 3716 4330 tunc
3749 4288 3808 4332 et

2224 4352 2508 4405 sanctitate
2545 4356 2598 4401 et
2640 4347 3023 4402 monachorum
3066 4365 3286 4403 nurnero
3331 4349 3639 4417 percelehre
3682 4348 3804 4402 fuit.

2224 4418 2482 4486 Superest
2510 4434 2652 4473 nunc
2676 4434 2797 4472 cum
2828 4420 3026 4487 Oppido
3052 4422 3373 4487 cognomini,
3407 4420 3458 4472 in
3486 4418 3805 4486 Burgundia:

2224 4495 2497 4554 Comitatu,
2522 4490 2678 4555 vulgo
2708 4489 2928 4543 Lucreutl
2951 4492 3174 4555 dictum,
3203 4488 3597 4557 congregationi
3628 4492 3805 4543 sancti

2232 4558 2402 4614 Vitoni
2434 4559 2550 4614 0rd.
2583 4561 2750 4613 sancti
2781 4560 3051 4614 Benedicti
3082 4562 3400 4629 subjectum.
3546 4628 3549 4629 ν
3686 4627 3715 4629 Α
3786 4568 3789 4569 ⁷

2298 4633 2324 4666 κ
2358 4631 2508 4684 Colb.
2540 4639 2594 4683 et
2621 4631 2784 4693 Clam,
2809 4629 3066 4683 Zezabelis
3090 4648 3107 4693 ;
3132 4627 3231 4683 Cb.
3258 4630 3353 4691 al.,
3379 4628 3652 4682 diabolica.
3680 4627 3803 4684 Vet.

2226 4699 2314 4755 ed.
2346 4701 2509 4754 Boeh.
2540 4708 2595 4753 et
2634 4704 2831 4762 caeteri,
2872 4701 3147 4754 secundum
3181 4713 3342 4755 cetera
3367 4711 3415 4753 et
3456 4701 3801 4755 detestabilia.

2226 4771 2328 4842 _ll|_.,
2355 4770 2687 4825 detestabilis.
2714 4771 2977 4842 lulieiatur
3000 4772 3236 4824 COllllilh‘
3263 4786 3292 4824 a
3320 4769 3655 4842 Theodorico
3676 4785 3805 4842 rege

2225 4838 2447 4908 injustas
2475 4854 2669 4895 uxores
2695 4841 2879 4894 ductas
2919 4843 3082 4894 fuisse
3102 4881 3116 4903 ,
3160 4842 3465 4909 nullamque
3503 4840 3662 4907 hujus
3688 4838 3802 4896 odi

2223 4924 2437 4964 causam
2463 4913 2738 4966 exstitisse
2762 4912 3071 4976 arbitratur,
3100 4911 3200 4965 nisi
3228 4915 3369 4980 quod
3389 4912 3755 4965 Columbanns
3774 4930 3804 4965 a

2224 4982 2305 5034 sui
2336 4984 2644 5036 monasterii
2678 4983 2915 5050 ingressu
2946 4984 3231 5037 smeulures
3262 4983 3426 5046 vit-ns,
3450 4982 3612 5035 etiam
3652 4983 3807 5049 prin-

2228 5052 2372 5116 cipes
2393 5093 2409 5117 ,
2442 5052 2719 5121 ipsamque
2764 5053 3154 5106 Bruttiehildem
3199 5052 3418 5107 areniss.
3440 5062 3458 5103 t
3479 5092 3492 5110 ,
3523 5066 3685 5119 quam
3712 5066 3740 5104 s
3768 5078 3805 5099 t-

2228 5122 2331 5174 lam
2360 5138 2577 5177 causnm
2610 5132 2870 5176 memerat
2906 5134 3092 5176 auctor
3120 5135 3419 5176 coaetancus
3451 5122 3582 5174 Vita:
3621 5126 3802 5191 sancti

2233 5193 2373 5260 Agiti
2404 5194 2611 5247 abbatis
2635 5193 3005 5247 [tesbacensis
3036 5192 3192 5247 Forte
3226 5195 3335 5246 lucc
3364 5193 3530 5260 prima
3561 5192 3805 5260 fuitjur-

2228 5262 2434 5327 giorum
2465 5267 2709 5328 occasio,
2742 5279 2800 5316 et
2832 5280 2934 5333 qua
2957 5303 2971 5328 ,
3005 5267 3077 5317 uti
3108 5265 3221 5315 ΙῘι⁸Ι⁹Ι
3257 5267 3421 5325 solet,
3452 5262 3571 5333 alia:
3614 5278 3711 5327 pos
3738 5281 3803 5317 ea

2227 5344 2431 5387 exurite
2474 5335 2704 5388 fuerunt.
2752 5332 2884 5388 llinc
2913 5350 3038 5387 vero
3067 5333 3244 5385 mirari
3277 5334 3419 5385 subit
3453 5332 3667 5385 Patrum
3701 5348 3801 5386 no-

2224 5412 2455 5457 strorum
2498 5406 2810 5472 religionem
2841 5406 2891 5456 in
2927 5404 3171 5471 fugiendo
3203 5405 3536 5455 saecularium
3568 5418 3799 5457 consm-

2225 5473 2329 5525 tio.
2364 5477 2623 5540 Quantam
2664 5491 2790 5528 vero
2827 5475 3149 5543 diligentiam
3191 5475 3241 5525 in
3289 5474 3553 5527 servanda
3584 5476 3685 5527 hac
3710 5490 3800 5525 ar-

2221 5544 2511 5613 cendorum
2543 5546 2877 5599 sa~cularium
2907 5560 2935 5597 a
2967 5545 3255 5598 monasteri
3280 5561 3305 5597 s
3332 5545 3610 5613 disciplina
3642 5545 3797 5597 adhi-

2221 5611 2441 5686 berent,
2484 5615 2677 5686 videsis
2716 5615 2855 5685 apud
2906 5613 3173 5671 Mabillon.
3221 5619 3270 5669 in
3318 5611 3483 5686 [περτζ
3518 5615 3699 5670 saeculi
3755 5630 3789 5670 ιι

2220 5680 2413 5738 Beuetl.
2444 5700 2589 5738 num.
2622 5683 2707 5738 55.
