4132 6348
336 319 439 373 025

1792 305 2195 364 CHRONICUM

3503 296 3607 355 6‘36

339 440 481 496 enim
524 448 649 492 tune
690 436 829 506 apud
862 437 1233 490 lirucarraeum
1265 444 1289 471 ι
1322 433 1518 487 villarn.
1554 430 1796 498 Cumque
1826 427 1914 480 illa
1944 424 1993 483 Α
2022 421 2281 475 adversus
2322 430 2564 475 sanctum
2610 416 3001 473 Columbanum
3053 425 3306 483 excitatr
3353 416 3606 487 omnique

338 550 461 588 eum
488 532 539 589 in
563 532 733 585 aulam
766 532 949 585 venire
976 538 1238 592 cerneret,
1267 528 1403 580 filios
1424 523 1766 585 Tltcttderici,
1791 534 1923 589 quos

341 627 407 678 de
434 623 750 678 adulterinis
779 621 1221 692 perniixtionibns
1252 619 1510 680 habebat,
1542 617 1605 670 ad
1627 613 1920 685 τιωωρρι

339 715 594 781 adducit;
637 729 769 782 quos
820 729 938 766 cum
991 712 1236 787 vidisset,
1271 709 1592 787 sciscitata;
1621 707 1770 775 timid
1820 705 1920 758 sibi

339 807 557 860 vellent.
615 806 711 859 Cui
756 799 1112 865 Bruttiohild‘is
1162 805 1239 855 ait
1275 819 1287 855 :
1339 796 1494 870 liegis
1533 810 1657 853 sunt
1698 799 1822 863 lilii,
1866 806 1922 851 tu

342 917 433 954 eos
469 898 845 953 benedictione
876 896 1087 950 robora.
1136 896 1205 949 At
1247 894 1375 948 ille:
1420 892 1802 959 Nequaquam,
1845 889 1925 943 iu-

337 990 486 1056 quit,
541 991 671 1043 istos
721 988 919 1056 regalia
970 993 1181 1053 sceptra
1230 994 1580 1051 suscepturus
1626 981 1800 1045 scias;
1855 978 1924 1033 de

340 1079 691 1149 lupanaribus
718 1086 1075 1131 emerserunt.
1126 1076 1217 1129 Illa
1260 1074 1441 1128 furens
1482 1072 1731 1142 parvulos
1774 1069 1925 1124 abire

334 1170 507 1237 jubet.
568 1167 862 1239 Egrediens
917 1168 997 1221 vir
1050 1166 1142 1220 Dei
1203 1164 1401 1234 regiam
1456 1163 1630 1217 aulam
1674 1160 1738 1224 δ,
1797 1161 1920 1213 dum

342 1259 568 1312 limitem
635 1258 963 1322 transiliret,
1028 1257 1203 1324 fragor
1258 1271 1322 1310 ex
1390 1263 1594 1308 terrore
1661 1253 1921 1317 incussit,

343 1362 441 1402 nec
498 1358 674 1402 tamen
733 1348 944 1400 miserae
996 1346 1205 1400 feminae
1265 1345 1497 1398 furorem
1553 1346 1918 1413 compescuit,

342 1451 605 1511 paratque
647 1442 842 1496 deinde
888 1440 1109 1496 insidias
1153 1441 1351 1493 moliri.
1387 1439 1586 1494 Vicinis
1615 1440 1921 1493 monasterii

340 1549 435 1601 per
484 1533 698 1587 nuntios
743 1534 968 1602 imperat
1014 1543 1068 1585 ut
1115 1531 1247 1586 nulli
1284 1548 1467 1587 eorum
1510 1543 1661 1586 extra
1706 1548 1919 1585 monas-

340 1624 456 1677 terii
519 1624 778 1677 terminos
838 1624 938 1677 iter
992 1621 1299 1691 pandatur,
1356 1637 1528 1690 neque
1580 1622 1921 1690 receptacula

340 1713 615 1767 monachis
659 1715 776 1782 ejus
822 1714 901 1767 vel
950 1714 1203 1784 qutelibet
1249 1722 1273 1752 ο
1320 1712 1556 1767 subsidia
1602 1712 1920 1767 tribuantur.

2024 523 2218 569 conatu
2265 514 2579 583 perturbare
2632 513 2894 578 intendit;
2926 520 3149 581 oratque
3188 525 3440 582 proceres
3472 510 3608 565 auli-

2023 622 2136 674 cos,
2168 608 2453 675 optimates
2473 621 2681 671 omnes,
2712 615 2769 660 ιιι
2796 604 2937 675 regis
2964 605 3197 658 animum
3221 611 3409 657 contra
3432 603 3605 657 virum

2024 699 2120 754 Dei
2151 699 2526 769 perturbarent
2553 717 2567 753 :
2599 699 2992 769 episcoposque
3014 697 3305 753 sollicitare
3330 710 3603 766 aggressa,

2026 800 2083 845 ut
2108 790 2174 845 de
2208 788 2225 827 ί
2261 791 2377 859 ejus
2418 791 2678 856 religione
2721 789 3091 857 detrahendo,
3126 798 3323 843 statum
3370 788 3571 850 regulae
3613 830 3625 851 ,

2024 898 2181 951 quam
2204 884 2323 938 suis
2351 882 2761 939 custodiendam
2791 881 2956 953 615
2981 881 3262 937 monachis
3310 880 3579 934 indiderat
3612 920 3626 939 .

2026 972 2374 1027 macularent.
2406 972 2853 1038 Obtemperantes
2902 975 3064 1043 igitur
3112 970 3268 1025 aulici
3317 970 3445 1039 regii
3489 985 3610 1038 per-

2025 1062 2364 1118 suasionibus
2408 1062 2619 1117 miserat:
2669 1062 2903 1131 reginas,
2956 1062 3195 1115 animum
3244 1061 3383 1130 regis
3422 1070 3606 1115 contra

2026 1156 2196 1209 virum
2226 1156 2319 1210 Dei
2353 1156 2687 1222 perturbant,
2714 1165 2970 1224 cogentes
3004 1164 3057 1208 ut
3087 1154 3371 1209 accederet
3398 1167 3461 1208 ac
3482 1151 3609 1206 reli-

2024 1249 2236 1316 gionem
2278 1247 2527 1318 probaret
2557 1248 2775 1301 abactos
2801 1247 2845 1301 ἱ.
2877 1247 3059 1315 Itaque
3090 1262 3180 1299 rex
3212 1244 3277 1299 ad
3310 1245 3482 1299 virum
3519 1242 3611 1296 Dei

2028 1331 2340 1394 Lussovium
2361 1340 2525 1403 venit,
2544 1347 2976 1407 conquestusque
3002 1352 3123 1392 cum
3152 1353 3249 1401 eo,
3274 1354 3373 1392 cur
3401 1352 3430 1390 a
3459 1350 3611 1390 com-

2027 1432 2442 1504 provincialibus
2490 1432 2731 1486 moribus
2761 1431 3123 1495 descisceret,
3176 1439 3227 1484 et
3278 1429 3416 1483 intra
3462 1436 3613 1497 septa

2025 1526 2317 1580 secretiora
2366 1524 2616 1578 omnibus
2665 1521 2985 1577 Christianis
3024 1522 3199 1575 aditus
3229 1534 3333 1573 non
3385 1528 3610 1589 pateret.

2028 1616 2223 1671 Beatus
2252 1616 2430 1684 itaque
2457 1614 2846 1678 Colombanus,
2879 1623 2936 1666 ut
2967 1623 3083 1666 erat
3112 1610 3284 1666 audax
3315 1618 3476 1680 atque
3502 1612 3614 1663 atti-

2029 1722 2118 1761 mo
2167 1705 2392 1774 vigens,
2445 1706 2645 1759 talibus
2690 1704 2966 1773 objicienti
3019 1705 3135 1774 regi
3184 1700 3507 1771 respondit:
3544 1701 3615 1756 Se

334 1804 577 1858 Cernens
596 1804 757 1874 613
787 1804 971 1857 beatus
996 1802 1354 1856 Columbauus
1383 1802 1562 1870 regios
1588 1800 1795 1855 animos
1823 1801 1915 1854 ad-
1952 1803 1991 1860 Β
2021 1795 2461 1851 consuetudinem
2498 1810 2601 1847 non
2628 1792 2823 1851 habere
2851 1801 2904 1846 ut
2933 1792 3285 1847 srecalm'ibus
3304 1789 3609 1845 hominibus

338 1912 553 1951 versum
575 1912 633 1951 se
662 1905 953 1965 permotos,
974 1894 1039 1948 ad
1070 1909 1164 1949 eos
1189 1904 1459 1963 properat,
1488 1903 1544 1947 ut
1572 1894 1682 1947 suis
1704 1893 1873 1946 monit
1894 1909 1920 1946 s

338 1984 588 2040 miseram
645 1986 953 2053 pertinaciae
1001 1984 1321 2039 iurentivam
1367 1982 1617 2052 frangant
1656 1979 1709 2037 (³.
1756 1981 1921 2035 Erant

335 2077 473 2130 enim
497 2076 891 2142 tunctemporis
914 2076 1052 2145 apud
1077 2074 1342 2143 Spiosiam
1370 2084 1392 2112 ο
1421 2074 1601 2129 villam
1628 2073 1917 2143 publicam.

338 2168 455 2233 Quo
486 2184 606 2222 cum
651 2168 762 2238 jam
794 2169 910 2252 sole
952 2168 1304 2222 occumbente
1333 2168 1603 2231 venisset,
1635 2169 1746 2238 regi
1778 2183 1916 2221 nun-

336 2259 469 2312 tiant
501 2261 668 2313 virum
703 2260 794 2313 Dei
823 2259 951 2314 inibi
982 2274 1123 2325 esse,
1154 2275 1251 2315 nec
1280 2260 1421 2330 regis
1447 2260 1695 2315 domibus
1718 2273 1922 2316 ructare

337 2352 491 2407 velle.
520 2352 668 2405 Tune
698 2350 1063 2407 Theodericus
1091 2353 1199 2418 ait,
1238 2353 1434 2408 melius
1463 2367 1584 2408 esse
1614 2353 1785 2407 virum
1828 2353 1919 2408 Dei

337 2444 648 2513 opportunis
698 2444 953 2498 subsidiis
1002 2444 1301 2510 honorare,
1334 2460 1493 2514 quam
1534 2444 1815 2499 Dominum
1854 2462 1918 2500 ex

338 2530 615 2587 servorum
642 2533 758 2602 ejus
789 2533 992 2588 offensa
1023 2534 1089 2587 ad
1121 2535 1448 2588 iracundiam
1484 2551 1801 2604 provocare.
1826 2536 1923 2591 Ju-

337 2629 429 2681 bet
450 2642 576 2696 ergo
599 2628 745 2694 regio
762 2626 903 2679 cultu
927 2636 1225 2694 opportune
1243 2626 1348 2699 [ΑΙ.
1370 2627 1692 2700 Opportuna]
1712 2644 1919 2698 parare,

336 2719 431 2772 Dei
464 2718 661 2770 famqu
692 2717 946 2786 dirigere.
979 2719 1157 2787 Itaque
1190 2730 1471 2783 venerunt,
1506 2731 1557 2773 et
1582 2721 1730 2788 juxta
1755 2719 1921 2790 impe-

338 2808 471 2861 rium
526 2806 663 2877 regis
693 2806 869 2861 oblata
923 2806 1025 2879 [AL
1076 2806 1333 2879 oblatam]
1382 2809 1638 2864 oll'eruut.
1671 2810 1920 2878 Quicum

339 2899 561 2954 vidisset
608 2902 771 2969 dapes
792 2941 808 2967 ,
846 2910 899 2954 et
942 2902 1128 2969 pocula
1159 2904 1304 2957 cultu
1338 2904 1483 2970 regio
1512 2903 1877 2962 administrata
1905 2946 1918 2968 ,

340 2989 555 3058 inquirit
583 2990 708 3059 quid
737 2990 839 3043 sibi
865 2990 963 3044 ista
988 2992 1204 3045 vellent.
1234 2992 1425 3045 Dicunt
1450 2992 1526 3046 illi
1554 3014 1567 3049 :
1592 2994 1709 3048 Tibi
1742 3010 1771 3048 a
1798 3011 1933 3064 rege-

341 3080 453 3135 fore
468 3081 693 3135 directa.
730 3080 1085 3135 Abominatus
1113 3097 1174 3135 ea
1200 3083 1273 3134 ait
1302 3097 1316 3134 :
1348 3083 1615 3150 Scriptum
1645 3093 1727 3138 est
1756 3101 1768 3137 :
1797 3082 1918 3137 Mu-

2026 1899 2078 1945 et
2105 1890 2363 1959 religione
2388 1888 2580 1943 alienis
2608 1884 2932 1941 famulorum
2967 1885 3062 1939 Dei
3101 1884 3444 1938 habitationis
3478 1899 3606 1952 pan-

2024 1982 2116 2035 dat
2160 1982 2458 2036 introitum.
2491 1979 2599 2037 Sed
2640 1988 2945 2048 opportuna
2991 1986 3218 2046 aptaque
3247 1979 3360 2030 loca
3402 1976 3466 2031 ad
3512 1976 3612 2030 hoc

2028 2073 2223 2128 habere
2250 2082 2453 2142 parata,
2485 2086 2592 2141 quo
2620 2070 2862 2124 omnium
2898 2070 3167 2137 hospitum
3198 2069 3334 2122 adve
3359 2076 3460 2121 itus
3487 2081 3611 2121 sus-

2024 2169 2269 2236 cipiatur.
2316 2166 2398 2222 Ad
2443 2168 2557 2220 haec
2588 2180 2679 2220 rex
2708 2180 2723 2219 :
2762 2164 2843 2228 Si,
2876 2164 3087 2233 inquit,
3124 2164 3385 2234 largitatis
3415 2170 3614 2217 ιιοδιτιθ

2026 2276 2247 2316 munera
2294 2268 2345 2315 et
2394 2259 2673 2321 salaminis
2721 2257 3155 2327 supplementum
3204 2270 3397 2323 capere
3423 2254 3612 2321 cupis.

2026 2356 2275 2409 omnibus
2305 2354 2355 2407 in
2388 2354 2519 2408 locis
2557 2350 2797 2407 omnium
2847 2349 3051 2419 patebit
3082 2346 3352 2402 introitus.
3392 2345 3485 2400 Vir
3511 2345 3612 2401 Dei

2027 2443 2301 2513 respondit
2332 2460 2343 2494 :
2381 2442 2435 2498 Si
2464 2440 2606 2511 quod
2639 2456 2780 2494 nunc
2808 2454 2977 2508 usque
3018 2439 3117 2493 sub
3147 2437 3410 2507 regularis
3448 2434 3612 2491 disci-

2026 2536 2187 2605 plina:
2220 2535 2443 2590 habenis
2488 2535 2839 2588 constrictum
2898 2532 3007 2610 [ΑΙ.
3064 2527 3456 2599 cuustrnctmn]
3511 2526 3612 2582 fuit

2028 2625 2228 2680 violare
2254 2627 2496 2688 conaris,
2533 2639 2629 2677 nec
2658 2624 2760 2677 tuis
2782 2624 3125 2687 muneribus,
3152 2636 3249 2676 nec
3279 2621 3612 2690 quibuscuu-

2027 2734 2129 2788 que
2158 2717 2412 2772 subsidiis
2445 2734 2527 2769 ιιιιε
2560 2716 2718 2771 l'orea
2754 2726 2805 2770 te
2834 2724 3282 2771 sustentaturum.
3316 2714 3382 2768 Et
3408 2715 3452 2767 si
3480 2713 3614 2769 hanc

2028 2811 2096 2865 ob
2123 2826 2339 2865 causam
2372 2819 2423 2862 tu
2455 2810 2555 2863 hoc
2588 2810 2639 2863 in
2672 2809 2790 2863 loco
2818 2794 3051 2869 venisti.
3100 2816 3154 2860 ut
3196 2820 3478 2861 servorum
3522 2805 3613 2864 Dei

2027 2903 2269 2959 ιωιιοδῖει
2300 2903 2565 2969 destruas,
2594 2908 2648 2955 et
2669 2902 2965 2972 regularem
2990 2900 3327 2968 disciplinam
3351 2898 3613 2967 macules,

2027 2997 2163 3050 scito
2194 3006 2340 3050 tuum
2376 3009 2598 3063 regnum
2634 2993 2871 3047 funditus
2903 2992 3164 3046 ruiturum
3189 3032 3205 3058 ,
3239 3000 3440 3046 etcum
3470 2992 3615 3049 omni

2030 3088 2318 3157 propagine
2366 3085 2511 3156 regia
2560 3084 2852 3153 periturum
2884 3083 2992 3155 [AL
3017 3081 3436 3153 detnersurum].
3464 3084 3615 3147 Quod

340 3187 461 3224 uera
490 3171 764 3237 impiorum
793 3170 1032 3239 reprobat
1062 3171 1355 3224 Altissimus
1379 3170 1557 3242 (Prov.
1588 3189 1676 3237 xv,
1705 3175 1784 3243 8).
1808 3173 1920 3227 Non
1950 3183 1997 3246 α
2032 3186 2211 3245 postea
2244 3175 2319 3230 rei
2349 3174 2593 3245 probavit
2621 3183 2863 3229 eventus.
2897 3174 3014 3228 Jam
3040 3176 3183 3226 enim
3209 3173 3493 3226 temerario
3520 3188 3616 3226 co-

341 3262 481 3315 enim
513 3262 730 3331 dignum
776 3272 859 3317 est
900 3272 957 3315 ut
999 3260 1321 3316 famulorum
1369 3263 1462 3317 Dei
1507 3279 1601 3317 ora
1648 3267 1781 3319 cibis
1806 3264 1922 3334 ejus

342 3355 642 3423 polluantur
674 3353 718 3423 ί,
749 3354 837 3423 qui
870 3369 973 3407 non
1006 3354 1180 3408 solum
1227 3355 1340 3408 suis
1382 3353 1488 3426 [ΑΙ.
1535 3356 1652 3426 sua]
1675 3396 1692 3420 ,
1739 3372 1923 3411 verum

342 3451 501 3501 etiam
526 3447 749 3501 aliorum
778 3447 1093 3501 habitaculis
1117 3446 1227 3520 [AL
1249 3445 1573 3517 habitacula]
1593 3448 1805 3503 famulis
1830 3449 1925 3504 Dei

344 3540 543 3593 aditum
590 3540 842 3609 denegat.
879 3537 970 3591 llis
999 3539 1187 3603 dictis,
1219 3539 1433 3592 vascula
1468 3541 1643 3594 omnia
1673 3540 1725 3593 iu
1758 3538 1923 3593 frusta

344 3633 581 3702 disrupta
612 3642 756 3698 sunt,
790 3632 1018 3702 vinaque
1046 3648 1108 3686 ac
1138 3633 1308 3687 sicera
1349 3634 1466 3688 solo
1497 3635 1725 3703 diffusa,
1760 3646 1923 3691 caete-

344 3737 507 3790 raque
554 3723 839 3791 separatim
886 3722 1149 3790 diSpel'Sﬂ.
1207 3723 1470 3778 l’avefaeti
1524 3726 1793 3792 ministri,
1845 3728 1921 3782 rei

345 3828 505 3883 gestae
536 3831 715 3870 casum
749 3814 855 3886 [ΑΙ.
887 3814 1122 3886 causam]
1156 3817 1261 3885 regi
1297 3819 1560 3869 nuntiant.
1596 3819 1686 3873 llle
1729 3834 1925 3887 pavore

345 3909 621 3972 perculsus
650 3923 774 3962 cum
801 3908 917 3961 avia
941 3908 1174 3961 diluculo
1199 3908 1263 3959 ad
1295 3909 1460 3961 virum
1498 3911 1587 3962 Dei
1613 3923 1923 3979 properant.

347 3999 635 4054 Precautur
684 3998 751 4053 de
796 3999 1088 4052 commisso
1148 3999 1390 4062 veniam,
1438 4013 1497 4053 se
1542 4000 1594 4053 in
1649 4012 1924 4069 posterum

346 4091 631 4145 emendare
674 4091 1009 4159 pollicentur.
1067 4091 1157 4144 llis
1214 4102 1432 4158 pacatus
1480 4092 1926 4157 promissionibus

347 4185 730 4238 monasterium
759 4183 943 4249 rediit,
975 4183 1066 4237 sed
1100 4184 1316 4252 polliciti
1348 4183 1635 4238 vadimooii
1665 4186 1788 4254 jura
1820 4202 1922 4240 nou

347 4281 432 4335 diu
482 4288 690 4335 servata
740 4280 1008 4333 violantur
1030 4288 1054 4325 ε
1086 4296 1115 4332 εν
1135 4287 1452 4332 exercentur
1482 4279 1816 4332 miseriarum
1846 4281 1927 4334 in-

347 4384 638 4439 c.-etuenta,
665 4372 927 4438 solitoque
956 4383 984 4422 a
1011 4368 1153 4437 Rege
1181 4368 1439 4427 adulteria
1470 4377 1762 4436 patrantur.
1791 4370 1925 4436 Qui-

347 4468 443 4522 bus
475 4466 683 4530 auditis,
720 4465 905 4519 beatus
935 4461 1293 4517 Columbanus
1324 4461 1526 4517 litteras
1557 4465 1621 4517 ad
1654 4481 1776 4519 eum
1805 4483 1921 4520 ver-

2032 3276 2155 3321 uatu
2186 3284 2281 3321 rex
2312 3265 2650 3322 refectorium
2690 3266 2966 3334 ingressus
3009 3264 3202 3318 fuerat.
3243 3263 3335 3318 liis
3363 3278 3491 3333 ergo
3521 3272 3616 3318 ter-

2028 3363 2162 3416 ritus
2192 3360 2349 3415 dictis
2377 3360 2519 3415 foras
2560 3360 2707 3415 celer
2748 3359 2990 3429 repedat.
3028 3358 3184 3412 Duris
3210 3368 3329 3427 post
3376 3357 3490 3413 bace
3522 3358 3617 3415 viri

2030 3452 2125 3507 Dei
2174 3451 2631 3519 increpationibus
2682 3449 2709 3488 ἰ
2763 3467 2856 3506 rex
2910 3461 3149 3521 urgetur.
3208 3438 3424 3505 contra.
3460 3466 3617 3519 quem

2027 3542 2394 3597 Theodericus
2422 3543 2497 3596 ait
2523 3560 2536 3596 :
2564 3542 2799 3612 Martyrii
2818 3558 3072 3596 coronam
3107 3558 3191 3596 me
3222 3544 3314 3596 tibi
3342 3543 3609 3596 illaturum

2028 3652 2251 3705 speras:
2284 3652 2391 3690 non
2421 3650 2540 3691 esse
2572 3650 2657 3689 me
2691 3646 2851 3689 tanta:
2896 3635 3179 3688 dementia:
3214 3637 3351 3689 scias
3380 3645 3482 3693 ..ut
3511 3633 3615 3687 hoc

2030 3736 2234 3780 tantum
2266 3736 2529 3796 patrarem
2581 3726 2799 3790 scelus,
2850 3726 2944 3779 sed
2998 3724 3219 3791 potioris
3267 3722 3475 3778 consilii
3522 3723 3618 3779 tibi

2030 3822 2166 3873 scias
2194 3819 2342 3873 utilia
2375 3828 2706 3886 paraturum,
2728 3826 2782 3872 ut
2810 3817 2901 3887 qui
2924 3817 2991 3871 ab
3018 3818 3258 3870 onmium
3282 3815 3617 3869 saecularium

2031 3912 2271 3966 moribus
2297 3910 2536 3965 disciscit
2570 3909 2612 3976 ι,
2637 3927 2741 3981 qua
2767 3912 2995 3973 venerit,
3028 3925 3092 3964 ea
3124 3909 3203 3964 via
3234 3909 3491 3978 repedare
3515 3919 3601 3962 stu

2028 4004 2173 4059 deat.
2208 4004 2378 4057 Aulici
2429 4003 2585 4057 simul
2622 4017 2861 4057 consona
2894 4016 3025 4056 voce
3058 4010 3176 4054 vota
3212 4010 3615 4071 prorumpunt,

2030 4111 2089 4150 se
2134 4094 2330 4149 habere
2378 4096 2428 4148 in
2478 4094 2570 4148 his-
2590 4096 2723 4148 locis
2752 4110 2855 4147 non
2886 4095 3047 4157 velle,
3091 4095 3199 4164 qui»
3226 4093 3476 4148 omnibus
3509 4110 3615 4148 non

2029 4188 2280 4242 societur.
2318 4187 2395 4241 Ad
2426 4187 2541 4241 haec
2573 4186 2760 4266 beatus
2789 4185 3159 4242 Columbanus
3182 4203 3239 4241 se
3262 4186 3390 4241 dicit
3411 4186 3479 4241 de
3504 4201 3616 4242 60³·-

2032 4280 2174 4336 nubii
2197 4282 2362 4349 septis
2394 4296 2497 4334 non
2523 4293 2887 4350 egressurum,
2920 4279 3021 4333 nisi
3048 4280 3309 4334 violenter
3334 4278 3593 4334 abstraba

2033 4386 2134 4429 tur.
2191 4374 2445 4428 Discessit
2489 4372 2656 4444 615
2700 4388 2831 4444 ergo
2889 4389 2981 4428 rex
3010 4416 3022 4438 ,
3077 4375 3387 4444 relinquens
3437 4373 3613 4427 virum

2030 4466 2312 4534 quemdam
2347 4481 2652 4536 procerum,
2682 4467 2899 4521 nomine
2932 4452 3245 4520 Baudulfum
3298 4474 3358 4518 ιη.
3403 4464 3451 4519 Is
3487 4479 3616 4534 ergo

348 4558 561 4613 beribus
588 4555 612 4594 δ
650 4557 835 4625 plenas
862 4554 1087 4619 direxit,
1118 4556 1580 4623 comminaturqne
1606 4571 1912 4610 excomtnn-
1955 4557 2006 4618 D
2034 4576 2153 4614 cum
2190 4559 2557 4626 remansisset,
2594 4560 2767 4614 virum
2803 4560 2897 4615 Dei
2928 4574 2955 4610 a
2988 4559 3318 4614 monasterio
3348 4568 3539 4625 petiit”
3564 4567 3618 4611 et

349 4650 667 4703 uicationem
695 4693 707 4716 ,
741 4649 782 4701 si
826 4647 1095 4701 emendari
1147 4647 1421 4700 dilatando
1470 4664 1579 4701 non
1624 4650 1799 4704 vellet.
1848 4652 1933 4703 Ad

351 4744 462 4797 Ιιευο
509 4757 721 4798 rursum
773 4753 1011 4811 permota
1057 4741 1448 4807 Brunichildis,
1502 4745 1640 4813 regis
1692 4745 1928 4799 animum

420 4888 440 4911 υ
477 4876 531 4930 ιη
556 4876 668 4929 Υἰιει
686 4875 853 4929 sancti
878 4872 1189 4927 Columhaui
1214 4873 1518 4926 Brocuriacu
1542 4874 1927 4931 dicitur.Vicus

350 4958 427 5000 est
459 4949 598 4999 inter
635 4946 947 5001 Cabilonum
991 4954 1045 4997 et
1087 4943 1527 5013 Augustodunum
1563 4947 1804 5013 positus,
1838 4947 1923 5000 dio

350 5027 463 5070 ctus
496 5018 649 5087 vulgo
680 5016 1067 5087 Bourclteresse.

418 5086 443 5124 δ
478 5081 610 5152 Alii:
645 5089 833 5154 regina:
863 5085 1059 5136 aulam.
1094 5081 1234 5154 Infra
1255 5124 1269 5149 ,
1299 5096 1444 5152 parat
1474 5084 1677 5151 quidem
1704 5085 1843 5142 inde.

419 5168 441 5196 ε
474 5150 629 5211 Colb.
660 5150 719 5211 et
740 5157 854 5216 eil.,
887 5157 962 5209 uel
991 5152 1214 5206 cuilibet.
1300 5150 1308 5152 “
1490 5150 1495 5151 ⁷
1930 5150 1938 5155 ’

416 5223 446 5268 ἀ
476 5230 564 5283 Sic
596 5230 753 5297 Boh.;
786 5227 896 5293 alii,
928 5240 1198 5297 meserw_...
1228 5223 1474 5297 intention
1507 5224 1697 5297 fragm.

420 5309 443 5336 °
477 5299 643 5357 Alias.
675 5294 894 5365 Spissia,
926 5298 1084 5364 vulgo
1108 5292 1351 5361 Espuisse
1372 5334 1385 5353 ,
1421 5294 1556 5365 inter
1584 5296 1923 5349 Siuemurum

352 5381 397 5423 et
427 5370 656 5425 Montem
710 5364 943 5439 regalem
986 5368 1083 5421 sita
1117 5365 1168 5439 in
1203 5364 1526 5432 Burgundii.-
1559 5365 1751 5417 ducatu
1786 5366 1922 5439 haud

352 5443 533 5495 procul
565 5455 594 5493 a
622 5437 823 5494 Sereno
848 5439 1030 5504 fluvio,
1060 5437 1145 5506 qui
1168 5442 1283 5500 post
1304 5449 1577 5488 emensum
1604 5449 1794 5505 pagunt
1818 5438 1929 5491 An-

355 5511 784 5565 .is~iodorensetn
813 5510 1019 5563 lcanna:
1046 5508 1304 5575 jungitur.

426 5581 443 5619 τ
484 5582 638 5649 Dein,
681 5592 751 5633 est
790 5582 1101 5650 famulorum
1139 5578 1231 5650 Dei
1260 5575 1681 5650 orationibus,gt_tt
1712 5575 1791 5628 Itis
1819 5580 1925 5647 pol.

357 5646 585 5715 tuantur,
612 5646 799 5717 Frch.,
833 5651 1016 5718 dignus
1042 5659 1183 5699 est...
1211 5648 1254 5701 is
1286 5647 1556 5718 potientur.
1597 5646 1925 5714 Aliquut'ed.

357 5735 485 5781 ι·ι-ι..
518 5733 572 5776 ut
601 5716 789 5791 [amuli
809 5716 904 5773 Dei
928 5736 1061 5771 mum
1080 5719 1214 5791 ribus
1246 5721 1358 5786 ejus
1387 5716 1687 5791 polluuntur

423 5807 444 5841 ιι
484 5788 675 5854 πτιιι..
711 5794 800 5845 sed
838 5790 1121 5865 po'liritum
1164 5789 1207 5838 ri
1245 5789 1479 5840 «ta’momi
1523 5788 1797 5853 iurandum
1831 5806 1929 5844 non

2038 4644 2204 4720 penes
2229 4652 2610 4707 Vesontionem
2638 4653 2891 4722 oppidum
2921 4652 2987 4705 ad
3019 4651 3371 4706 exsulandum
3419 4651 3615 4720 perduc

2035 4746 2125 4810 (ll,
2158 4744 2503 4815 quoadusque
2533 4760 2592 4797 ex
2629 4759 2694 4797 eo
2727 4744 2919 4814 regalis
2950 4743 3218 4798 sententia
3246 4741 3387 4812 quod
3417 4741 3615 4795 voluis-

2037 4879 2125 4931 rlitt
2156 4890 2404 4933 servatur.
2453 4877 2731 4931 Violenter.

2109 4948 2134 4984 ιι
2169 4952 2306 5003 Editi
2337 4960 2467 5012 vet.,
2498 4947 2953 5017 objut'gatt'onibus.

2115 5020 2128 5053 ί
2168 5021 2291 5084 Alii,
2318 5026 2363 5071 et
2393 5022 2454 5071 de
2483 5014 2660 5089 ejus...
2695 5027 2742 5070 et
2780 5026 2985 5089 statum.
3017 5014 3378 5089 Colb._altera
3418 5028 3580 5067 manu
3603 5059 3618 5081 ,

2038 5091 2173 5141 sicut
2204 5100 2256 5143 et
2282 5089 2445 5141 Jonas
2471 5086 2520 5140 in
2556 5086 2666 5140 Vita
2699 5088 2867 5139 sancti
2887 5086 3221 5148 Columba-ui,
3251 5094 3378 5137 etut
3408 5091 3517 5153 ejus
3541 5101 3624 5138 re-

2035 5161 2218 5283 figiom’
2243 5158 2560 5212 detrahentes
2582 5165 2793 5222 statum,
2817 5165 2921 5211 etc.
2958 5156 3219 5221 Clarom.,
3252 5155 3407 5219 infra,
3442 5170 3614 5208 macu-

2060 5241 2185 5283 aret.

2060 5241 2185 5283 (πει.

2106 5300 2121 5350 i
2160 5302 2382 5365 (2hesn.,
2414 5300 2645 5351 adactus.
2670 5298 2856 5362 Jonas,
2885 5306 3093 5352 coactus
3123 5298 3296 5363 itaque
3323 5311 3432 5349 rex.

2105 5370 2127 5407 ιι
2164 5373 2241 5439 Qu
2263 5392 2290 5422 ιι
2318 5377 2611 5438 sequuntur
2639 5370 2704 5421 ad
2751 5369 2863 5422 haec
2894 5369 3053 5421 verba
3079 5410 3091 5427 .
3124 5383 3222 5436 qua
3251 5367 3443 5419 venerit
3466 5410 3479 5432 ,
3505 5380 3617 5439 [ope

2035 5435 2264 5497 iuss.'et
2311 5435 2461 5496 .lona:
2500 5440 2861 5507 restituimus,
2907 5454 3024 5508 quae
3069 5435 3312 5493 ineditis
3360 5435 3615 5493 mendosa

2036 5524 2179 5568 Stmt.
2368 5528 2371 5531 '

2115 5583 2128 5622 ι
2166 5585 2287 5645 Alii,
2319 5590 2614 5644 recesserat,
2652 5590 2740 5634 aut
2770 5581 3018 5633 discescut

2108 5664 2144 5689 ιη
2177 5657 2353 5717 tlolb.,
2378 5655 2577 5705 ttoti.et
2605 5652 2842 5721 plerique
2858 5652 2968 5714 θα..
2988 5650 3295 5719 Audulfum.
3330 5658 3422 5704 aut
3446 5650 3612 5703 Adul-

2035 5730 2163 5793 fum.
2185 5724 2282 5778 Ωιι.
2307 5727 2372 5778 al.
2395 5734 2445 5775 ι·ι
2469 5720 2623 5778 Freh.
2658 5723 2703 5776 al
2740 5764 2753 5791 ,
2774 5738 2963 5791 procera
2982 5738 3051 5789 m,
3075 5720 3278 5774 nomine
3302 5720 3593 5791 Attdulfum
