4132 6348
323 334 428 388 629

1752 332 2172 390 CIIIIONICUM.

3489 339 3597 396 630

323 446 485 514 prias.
521 443 614 499 His
642 446 826 500 diebus
852 453 905 501 et
942 446 1219 501 Alamanni
1253 448 1305 502 in
1336 463 1474 517 pago
1498 448 1843 504 Aventicensi
1873 457 1899 486 ⁸
1929 453 1978 509 Α
2006 458 2219 518 oportet
2267 450 2425 519 hujus
2468 452 2543 505 rei
2592 466 2806 507 causam
2853 462 3129 522 expetere.
3162 453 3379 509 Rustica
3418 453 3595 511 fabula

328 540 470 593 Ultra
488 538 711 592 Jurano
748 539 1013 595 hosuliter
1043 539 1267 610 ingressi
1311 544 1466 606 snatf,
1500 541 1781 611 ipsumque
1813 557 1909 611 pa-

322 645 446 699 gum
496 632 798 699 prmlantes
823 672 837 694 .
887 632 1181 688 Abbelinus
1215 642 1269 688 et
1311 633 1575 702 llerpinus
1607 632 1635 673 ι’
1682 635 1909 690 comites

321 739 443 778 cum
476 726 686 779 caeteris
713 726 783 781 de
813 727 930 793 ipso
962 742 1099 799 pago
1146 729 1435 784 comitibus
1485 744 1607 785 cum
1662 730 1906 785 exercitu

326 824 553 884 pergunt
580 816 793 870 obviam
823 818 1151 875 Alamannis.
1190 820 1426 891 Uterque
1456 821 1733 890 phalanga
1764 836 1910 876 wano

325 921 418 974 gas
448 917 470 945 α
497 908 724 978 jungunt
750 909 813 963 ad
849 911 1126 978 praelium;
1156 913 1435 967 Alamanni
1467 912 1906 970 Trans-Juranos

325 1009 597 1065 superant,
632 1001 936 1069 pluritatern
964 1018 1149 1058 eorum
1180 1005 1356 1073 g!adio
1382 1006 1671 1073 trucidant,
1703 1015 1758 1063 et
1784 1020 1908 1076 pro-

325 1096 602 1153 sternunt;
652 1092 937 1147 maximam
983 1107 1189 1162 partem
1236 1096 1493 1153 territorii
1529 1097 1907 1154 Aventicensis

325 1180 573 1236 incendio
592 1193 969 1250 concremant;
993 1185 1344 1254 plurimorum
1366 1189 1594 1245 nimium
1625 1190 1905 1247 hominum

324 1274 719 1330 multitudinem
760 1277 957 1350 exinde
989 1279 1041 1333 in
1092 1279 1453 1350 captivitatem
1491 1282 1789 1348 duxerunt;
1822 1298 1908 1338 re-

326 1366 570 1436 versique
598 1384 718 1423 cum
747 1345 923 1437 pimda
953 1345 1259 1441 perguntad
1290 1376 1523 1442 propria.
1542 1345 1908 1430 Tlteudericus

326 1457 393 1511 rb
423 1458 517 1510 has
558 1456 780 1527 injurias
815 1460 1073 1529 deinceps
1119 1462 1325 1533 integra
1372 1463 1690 1520 assiduitate
1721 1465 1905 1521 consi-

326 1548 451 1602 lium
483 1548 704 1617 iniebat,
732 1567 836 1621 quo
857 1562 1012 1621 pacto
1039 1554 1474 1610 Theudebertum
1510 1557 1776 1625 potuisset
1804 1572 1905 1627 op-

326 1640 576 1708 primere.
611 1643 689 1697 Eo
712 1660 855 1700 anno
884 1645 1184 1702 [lilichildis
1212 1645 1236 1684 δ
1270 1663 1300 1702 a
1326 1647 1703 1705 Theudeberto
1739 1650 1908 1705 inter.

329 1733 521 1787 tit-itur.
566 1734 607 1787 Τ
613 1734 973 1792 heudehel'tns
1002 1738 1267 1808 puellam,
1297 1740 1518 1797 nomine
1559 1740 1906 1797 Theudichil-

326 1823 471 1888 dem,
496 1827 692 1895 accipit
720 1844 964 1884 uxorem.
1771 1888 1781 1897 .

393 1914 495 1969 An.
527 1931 666 1971 acu.
700 1948 769 1959 -—
797 1922 953 1975 Anno
988 1921 1056 1974 I6
1089 1931 1112 1959 ο
1144 1920 1487 1988 Theuderici,
1541 1924 1905 1980 Theudericus

326 2004 646 2076 legatiwnem
672 2010 736 2063 ad
760 2011 1127 2067 Chlotharium
1144 2014 1362 2081 direxit,
1389 2016 1555 2086 618
1582 2006 1825 2071 indicans
1848 2032 1907 2073 se

324 2108 509 2154 contra
538 2101 988 2168 Theudehertum,
1014 2121 1081 2161 eo
1109 2108 1248 2175 quod
1266 2106 1430 2161 frater
1456 2124 1586 2164 suus
1611 2126 1715 2165 non
1738 2122 1903 2177 esset,

262 2202 277 2209 ·
326 2188 594 2249 ho~tiliter
618 2196 759 2251 velTe
784 2197 1095 2268 aggredere,
1130 2198 1175 2252 si
1224 2197 1570 2254 Cblothaiius
1614 2200 1664 2253 in
1715 2200 1907 2255 solatio

326 2283 687 2341 Theudeherti
714 2302 819 2341 non
853 2297 1032 2354 esset;
1072 2287 1325 2342 ducatum
1378 2289 1638 2345 Dentelini
1672 2287 1717 2355 ί,
1748 2305 1905 2361 quem

328 2385 515 2430 contra
566 2376 1002 2435 Thendebertum
1050 2393 1385 2447 cassaverat,
1446 2385 1490 2439 si
1546 2384 1909 2441 Theodericus

326 2465 759 2525 Tbeudebertum
798 2483 1091 2542 superaret,
1132 2473 1478 2531 Chlotharius
1511 2492 1670 2546 supra
1700 2491 1906 2531 memo-

325 2572 497 2614 ratum
523 2564 784 2619 Dentelini
810 2566 1061 2621 ducatum
1111 2569 1163 2622 in
1213 2583 1366 2623 suam
1406 2569 1664 2625 ditionem
1698 2572 1903 2638 recipe-

322 2661 424 2707 ret.
458 2654 565 2709 llac
601 2660 971 2714 convenientia
1018 2674 1048 2713 a
1074 2660 1413 2716 Theoderico
1462 2670 1517 2716 et
1562 2662 1900 2729 Chlothario,

324 2744 514 2817 legatis
541 2748 1047 2819 intercurrentibus,
1076 2753 1307 2812 (innata.
1341 2753 1708 2810 Theudericus
1728 2765 1909 2810 movet

320 2840 637 2894 exercitum.

393 2930 495 2983 Att.
528 2946 688 2985 nexu.
721 2962 792 2973 —
821 2933 1106 2991 XXXVIII.
1151 2938 1308 2991 Anno
1353 2939 1415 2993 I7
1455 2938 1778 2994 'I‘heuderici
1822 2954 1906 2994 re-

322 3021 425 3089 gis,
450 3020 715 3092 Lingonas
743 3025 812 3080 de
843 3027 1107 3083 universis
1133 3031 1281 3099 regni
1311 3030 1391 3084 sui
1413 3031 1701 3100 provinciis
1723 3046 1909 3088 mense

320 3111 492 3168 Medio
542 3119 815 3173 exercitus
852 3121 1152 3187 adunatur,
1199 3123 1545 3194 dirigensque
1586 3140 1680 3193 per
1728 3125 1907 3181 Ande-

2014 538 2231 607 dicitur,
2262 541 2405 611 quod
2444 556 2565 597 cum
2596 543 2752 614 lupus
2773 542 3106 601 ascendisset
3148 544 3201 601 in
3248 552 3598 617 montem,“

2013 646 2134 687 cum
2166 632 2259 686 lilii
2309 634 2391 688 sui
2432 632 2544 704 jam
2601 649 2801 691 venare
2826 639 3265 707 cmpissent,eos
3311 640 3378 694 ad
3430 654 3491 695 se
3538 640 3595 696 in

2013 731 2196 777 monte
2226 732 2414 790 vocat,
2447 725 2633 789 dicens
2662 742 2676 779 :
2713 743 2734 777 s
2772 726 2940 792 Quam
2989 727 3147 798 longe
3175 728 3315 783 oculi
3350 733 3514 786 vestri
3542 733 3594 786 in

2014 827 2445 883 unamquamque
2489 826 2693 885 partem
2718 817 2884 888 619
2927 819 3112 874 videre
3146 820 3457 889 praevalent,
3488 839 3594 879 non

2015 905 2224 961 habetis
2248 907 2472 971 amicos,
2502 907 2604 962 nisi
2658 923 2855 979 paucos
2905 911 2995 981 qui
3044 911 3113 967 de
3171 922 3352 968 vestro
3400 928 3597 984 genere

2012 1012 2157 1058 sunt.
2185 1001 2437 1060 Perticite
2486 1004 2648 1075 igitur
2696 1008 2838 1078 quod
2882 1009 3141 1078 cmpistis.
3174 1029 3197 1064 ι
3229 1012 3596 1070 Theodericus

2011 1108 2132 1150 cum
2158 1097 2400 1152 exercitu
2428 1096 2741 1154 Ardennam
2771 1101 3039 1157 transiens
3066 1102 3383 1160 Tolbiacnm
3408 1119 3596 1174 perve-

2011 1185 2110 1240 nit.
2139 1184 2547 1243 Theudebertns
2601 1203 2723 1245 cum
2754 1189 3081 1258 Saxonibus,
3101 1193 3390 1266 Thuringis
3417 1205 3473 1252 et
3491 1212 3597 1253 ca:-

2012 1277 2139 1332 teris
2165 1278 2447 1348 gentibus,
2472 1294 2607 1350 quos
2635 1280 2702 1335 de
2754 1281 2894 1335 ultra
2925 1283 3191 1352 Rhenum,
3225 1285 3307 1339 vel
3363 1285 3598 1357 undique

2012 1377 2258 1439 potuerat
2312 1370 2571 1437 adunare,
2620 1381 2811 1427 contra
2862 1372 3255 1430 Tbeudericum
3284 1377 3593 1434 Tolbiacum

2013 1460 2266 1527 perrexit,
2322 1459 2501 1531 ibique
2551 1462 2733 1517 denuo
2796 1464 3144 1519 commissum
3187 1479 3271 1522 est
3325 1468 3590 1536 praelium.

2013 1548 2206 1604 Fertur
2237 1565 2267 1603 a
2307 1549 2529 1607 Francis
2560 1554 2876 1625 ceterisque
2914 1557 3161 1628 gentibus
3196 1559 3265 1613 ab
3303 1562 3595 1632 antiquitus

2016 1639 2033 1680 ί
2068 1642 2145 1696 sic
2168 1643 2302 1699 forte
2334 1659 2434 1700 nec
2451 1645 2739 1716 aliquando
2776 1647 2943 1704 fuisse
2970 1650 3212 1718 praelium
3242 1663 3588 1722 conceptum.

2011 1734 2084 1788 lbi
2114 1737 2256 1788 enim
2289 1744 2431 1791 tanta
2477 1746 2684 1808 strages
2710 1738 2779 1795 ab
2809 1750 3036 1811 utroque
3061 1745 3300 1798 exercitu
3332 1743 3466 1798 facta
3489 1753 3596 1809 est,

1942 1828 1988 1888 Β
2019 1832 2073 1875 ut
2100 1821 2394 1895 phalanges
2418 1825 2471 1879 in
2501 1825 2743 1895 ingressu
2790 1828 3101 1885 certaminis
3154 1840 3339 1886 contra
3368 1847 3427 1888 se
3457 1848 3595 1904 pra:-

2013 1914 2207 1971 liantes
2231 1920 2248 1967 t
2268 1955 2285 1982 ,
2311 1918 2573 1974 cadavera
2601 1919 2844 1975 virorum
2895 1921 3196 1976 occisorum
3228 1923 3462 1995 undique
3488 1941 3595 1980 non

2011 2010 2275 2067 haberent
2304 2011 2395 2067 ubi
2426 2012 2675 2068 inclinata
2718 2014 2987 2083 jacerent,
3014 2014 3110 2069 sed
3138 2014 3353 2071 stabant
3399 2019 3594 2073 mortui

2012 2110 2153 2163 inter
2181 2118 2499 2166 cteterorum
2531 2110 2788 2164 cadavera
2813 2110 2979 2164 stricti
3010 2111 3165 2181 quasi
3193 2111 3458 2167 viventes.
3488 2111 3594 2169 Sed

2014 2201 2239 2255 Domino
2268 2200 2602 2269 pmcedente
2624 2202 2815 2255 iterum
2844 2201 3209 2256 Tbeudericus
3244 2201 3590 2259 'l‘beudeber-

2012 2301 2122 2346 tum
2148 2302 2399 2360 superat,
2428 2301 2480 2347 et
2502 2307 2532 2347 a
2564 2292 2819 2348 Tolbiaco
2864 2307 3035 2362 usque
3072 2291 3349 2347 Coloniam
3387 2295 3595 2351 exerciv

2012 2396 2097 2441 tus
2120 2386 2481 2442 Theudeberti
2536 2384 2717 2456 gladio
2771 2384 3088 2440 trucidatur.
3138 2384 3241 2440 Per
3296 2384 3410 2440 loca
3441 2400 3593 2441 oram

2010 2487 2170 2532 terrae
2195 2476 2494 2547 cooperuit,
2528 2475 2752 2545 ipsoque
2780 2476 2869 2531 die
2889 2474 3164 2531 Coloniam
3198 2477 3453 2546 perrexit,
3484 2491 3595 2532 om-

2010 2584 2214 2641 nesque
2268 2570 2553 2625 thesauros
2592 2568 2956 2624 Tbeudeberti
2998 2568 3128 2623 inibi
3182 2570 3406 2638 recepit.
3445 2567 3595 2625 Diri-

2009 2677 2248 2732 gensqne
2292 2662 2659 2717 Theudericus
2717 2663 2853 2717 ultra
2913 2661 3159 2717 Rhenum
3221 2672 3340 2730 post
3386 2670 3592 2734 tergum

2010 2752 2370 2807 TLeudeberti
2397 2752 2730 2808 Bertharium
2762 2751 3171 2818 cubicularium,
3193 2754 3281 2822 qui
3310 2752 3595 2823 diligenter

2012 2842 2444 2897 Theudebertum
2478 2844 2789 2911 insequens,
2818 2857 2940 2897 cum
2960 2843 3069 2912 jam
3098 2858 3222 2897 cum
3281 2844 3465 2913 paucis
3511 2844 3592 2900 fu-

2009 2946 2183 3002 geret,
2217 2934 2389 3000 ipsum
2413 2943 2628 3002 captum
2678 2933 2989 2989 Bertharius
3014 2932 3257 2987 Colonia:
3281 2934 3590 3002 conspectui

2010 3025 2326 3080 Theoderici
2353 3034 2659 3092 prtesentat,
2697 3034 2917 3078 exutum
2951 3024 3187 3079 vestibus
3244 3024 3508 3094 regalibus
3529 3022 3592 3082 ι.

2011 3115 2418 3171 Theudebertus
2453 3113 2785 3183 exspoliatus
2808 3154 2825 3181 ,
2854 3128 3127 3183 equusque
3152 3113 3274 3184 ejus
3298 3129 3420 3169 ctam
3448 3122 3593 3170 stra-

324 3204 466 3259 laum
499 3214 546 3271 ε,
571 3206 737 3263 Nasio
775 3221 952 3264 castro
1003 3222 1180 3282 capto,
1214 3214 1429 3269 Tullum
1472 3216 1740 3271 civitatem
1787 3231 1907 3286 per-
1934 3213 1980 3275 C
2014 3218 2132 3263 ιιιηὶ
2164 3209 2331 3278 κεῖαν
2390 3208 2493 3263 "00
2536 3214 2815 3275 ιοιιιπισιιιθ
2863 3204 3144 3261 Βετιιιδπίο
3171 3221 3203 3260 ³
3253 3204 3592 3262 Τ¹¹ευάθτί⁰⁰

322 3298 482 3351 rexit.
515 3298 695 3370 Ibique
722 3302 1130 3361 Theudebertus
1152 3321 1275 3359 cum
1317 3308 1717 3362 Austrasiorum
1744 3324 1906 3363 exer-

322 3388 427 3442 citu
450 3388 658 3445 obviam
688 3407 935 3463 pergens,
964 3396 1016 3449 in
1039 3396 1275 3452 Tullensi
1304 3398 1581 3467 carnpania
1615 3399 1907 3469 conﬂigunt

321 3481 635 3537 certamine.
661 3483 1028 3541 Theudericus
1046 3497 1265 3557 superat
1286 3490 1906 3561 'I‘heudebertmn,ejus—

323 3588 427 3641 que
452 3576 745 3632 exercitum
779 3580 1092 3647 prosternit.
1121 3582 1269 3637 Caesa
1318 3592 1402 3638 est
1445 3584 1513 3638 de
1541 3586 1780 3641 exercitu
1809 3600 1903 3640 eo-

328 3666 449 3719 dem
483 3669 670 3736 praelio
702 3672 862 3726 nimia
890 3674 1170 3728 multitudo
1190 3674 1426 3730 virorum
1457 3676 1695 3731 fortium.
1727 3678 1903 3734 Then-

320 3757 575 3813 debcrtus
632 3770 779 3831 terga
828 3776 1046 3820 vertens
1101 3780 1198 3834 per
1250 3768 1578 3822 territorium
1642 3769 1901 3825 Mettense

321 3850 563 3915 veniens,
600 3855 823 3909 transito
869 3856 1097 3927 Vusago,
1119 3858 1394 3914 Coloniam
1426 3861 1681 3930 fugaciter
1713 3877 1901 3930 perve-

321 3940 421 3996 nit.
444 3943 808 4001 Theodericus
830 3958 1166 4021 posttergum
1190 3967 1310 4005 cum
1339 3948 1897 4021 exercituinsequens,

321 4032 507 4090 beatus
526 4045 578 4089 et
610 4039 932 4107 apostolicus
954 4041 1033 4094 vir
1053 4040 1333 4096 Leonisius
1350 4040 1400 4107 ιι,
1424 4043 1791 4111 Magancensis
1814 4059 1900 4097 ur-

320 4125 406 4180 bis
449 4127 765 4197 episcOpus,
813 4131 1038 4201 diligens
1093 4133 1381 4187 utilitatem
1430 4134 1790 4202 Theuderici,
1844 4143 1901 4189 et

322 4217 507 4272 odieus
536 4220 815 4274 stultitiam
852 4220 1236 4289 Theudeberti,
1267 4224 1331 4277 ad
1380 4224 1773 4281 Tbeudericum
1805 4241 1897 4279 ve-

319 4312 474 4365 niens
503 4312 634 4367 dixit
666 4328 680 4366 :
712 4315 864 4379 Quod
891 4315 1101 4384 coepisti
1150 4316 1415 4384 perﬁcito.
1445 4317 1577 4371 satis
1619 4325 1671 4373 te
1698 4319 1900 4373 utiliter

392 4479 418 4506 ⁸
450 4471 785 4533 Aventicum,
815 4470 943 4525 urbs
988 4471 1114 4525 olim
1160 4472 1387 4528 celebris
1425 4483 1483 4529 et
1530 4474 1894 4531 Helvetiorum

320 4551 498 4614 caput,
529 4540 686 4614 hodie
732 4542 797 4614 ad
850 4541 1021 4614 vicum
1070 4546 1308 4608 redacta,
1362 4547 1672 4614 episcopum
1715 4547 1898 4603 habuit

2010 3300 2343 3356 conceditur.
2370 3298 2783 3354 Theudebertus
2811 3296 3023 3352 vinctus
3048 3296 3329 3352 Cabillono
3356 3296 3592 3352 destina-

2009 3402 2123 3455 tur;
2150 3392 2287 3447 tilius
2333 3392 2471 3460 ejus,
2505 3392 2720 3447 nomine
2774 3390 3073 3455 Merovens,
3118 3390 3391 3458 parvulus,
3434 3387 3590 3461 jussu

2008 3484 2328 3539 'I‘heuderiei
2363 3482 2733 3553 apprehensus
2762 3499 2793 3538 a
2818 3484 3046 3552 quodam
3073 3499 3167 3552 per
3197 3484 3384 3553 pedem
3407 3485 3473 3538 ad
3497 3499 3592 3555 pe-

2007 3584 2141 3630 tram
2170 3576 2489 3644 percutitur,
2534 3576 2816 3629 cerebrum
2844 3576 2963 3643 ejus
2992 3576 3166 3645 capite
3186 3584 3433 3642 ereptum
3458 3574 3589 3630 ami-

2007 3670 2077 3720 sit
2103 3667 2371 3729 s,.iritum.
2400 3666 2744 3720 Chlotharius
2780 3667 3030 3720 ducatum
3082 3665 3347 3721 Dentelini
3400 3679 3592 3721 secun-

2009 3763 2131 3812 dum
2161 3759 2592 3814 convenientiam
2617 3758 2937 3814 'I‘heuderici
2970 3759 3236 3827 integrum
3268 3772 3379 3811 sua:
3399 3756 3589 3812 ditioni

2009 3852 2221 3919 redigit.
2241 3852 2321 3905 Ob
2349 3867 2506 3920 quam
2533 3867 2643 3905 rem
2668 3851 3033 3905 Theudericns
3054 3866 3174 3905 cum
3201 3851 3312 3922 jam
3338 3852 3430 3905 toti
3458 3853 3590 3908 Auso

2006 3952 2087 3996 ter
2117 3941 2135 3979 ι
2168 3944 2333 4014 620
2388 3942 2775 4010 dominaretur,
2823 3942 2984 3997 nimia
3037 3942 3407 4014 indignatione
3429 3956 3583 3998 com-

2004 4049 2205 4103 motus,
2236 4045 2420 4091 contra
2451 4036 2822 4090 Chlotharium
2869 4036 3170 4090 exercitum
3204 4043 3406 4091 movet.

2074 4128 2173 4181 Av.
2204 4142 2387 4181 nestit.
2408 4156 2479 4168 --
2497 4127 2652 4181 Anno
2677 4128 2745 4182 18
2772 4128 2919 4197 regni
2950 4127 3031 4182 sui
3060 4127 3130 4184 de
3154 4128 3349 4184 Auster
3371 4136 3426 4185 et
3452 4128 3586 4184 Bur-

2002 4220 2195 4291 gundia
2218 4234 2438 4274 movere
2461 4222 2737 4290 prmcepit,
2771 4219 3089 4289 legationem
3122 4222 3269 4291 prius
3317 4219 3580 4292 dirigens,

2002 4322 2058 4367 ut
2084 4329 2143 4368 se
2173 4310 2513 4367 Chlotharius
2531 4310 2599 4366 de
2620 4310 2730 4382 jam
2757 4311 2899 4366 dicto
2928 4310 3122 4367 ducatu
3148 4310 3411 4368 Dentelini
3432 4313 3577 4368 omni

2002 4467 2366 4537 inveniuntur.
2393 4465 2549 4521 Certe
2577 4480 2696 4519 cum
2736 4466 2791 4520 in
2834 4480 2897 4521 ea
2956 4466 3177 4537 regione
3235 4481 3578 4525 versaremur

2002 4535 2273 4601 an.t(i9ti,
2295 4535 2501 4592 detecta
2546 4546 2628 4591 est
2680 4552 2913 4603 camera,
2972 4535 3129 4603 cujus
3179 4539 3315 4592 muri
3370 4542 3579 4593 musivu

322 4590 542 4685 giariu'm
594 4611 845 4685 Chroniei
887 4613 1224 4679 scriptorem,
1282 4590 1898 4685 qui'subseripsitconc:

2008 4590 2287 4685 incrustati
2327 4590 2528 4685 erant,
2552 4590 2623 4685 eg
2668 4590 3123 4685 assignant"
3151 4590 3584 4685 q'meaaj's‘ta.

323 4682 528 4758 hlatisc.
556 4697 593 4737 ιι
619 4700 707 4736 an.
733 4684 857 4758 5854,
889 4699 1028 4737 nunc
1056 4700 1184 4758 vero
1232 4687 1388 4758 sedes
1430 4685 1547 4755 ejus
1576 4682 1900 4758 episcopalis

321 4752 653 4827 hatisanoani
686 4756 937 4808 translata
970 4766 1072 4810 est.
1105 4756 1148 4809 A
1179 4755 1333 4809 nobis
1356 4752 1623 4827 Arenclte,
1659 4760 1725 4813 ab
1754 4752 1901 4814 inco-

320 4823 728 4895 lis_Uw/lisburg
760 4827 1077 4893 appellatur.

319 4965 338 5017 Ι
392 4891 419 4931 δ
449 4891 669 4965 Aliquot
694 4891 843 4960 editi,
877 4894 1181 4964 Appellinus
1213 4905 1261 4949 et
1298 4895 1564 4966 Erpinus;
1600 4898 1700 4967 al.,
1742 4900 1901 4955 Abbe—

339 4981 482 5017 enus.

339 4981 482 5020 crtus.

396 5047 416 5073 ε
449 5039 535 5088 Sic
566 5050 696 5110 mss.
725 5036 864 5110 Etliti
896 5035 1130 5104 aliquot,
1159 5037 1379 5090 ordines.
1415 5036 1478 5090 Et
1503 5037 1658 5103 infra,
1684 5041 1895 5110 plurimi

316 5121 526 5168 eorum;
555 5105 733 5176 Clin)”
764 5108 937 5176 plures
966 5116 1102 5159 tunc.

388 5176 415 5212 ιι
447 5178 573 5243 Alii,
606 5175 866 5231 Belieldis.
903 5178 1029 5230 Erat
1059 5177 1222 5246 ipsius
1252 5177 1609 5234 Theodeberti
1635 5194 1792 5246 uxor,
1826 5195 1891 5234 ex

317 5260 434 5314 Cap.
470 5246 558 5310 55,
588 5264 769 5315 sulira.

392 5326 417 5354 °
446 5317 589 5373 Clar.
624 5329 676 5371 et
705 5320 910 5387 aliquot
934 5318 1093 5379 Editi,
1126 5332 1258 5371 anno
1291 5317 1379 5371 l5.

399 5388 416 5425 ί
462 5392 586 5454 Alii,
624 5390 908 5453 Denchim',
942 5397 993 5443 et
1022 5389 1179 5442 infra.

401 5467 425 5506 8
463 5460 557 5513 llic
589 5461 755 5528 locus,
786 5470 844 5513 ut
869 5462 975 5529 jam
1007 5459 1139 5512 alias
1168 5457 1472 5529 monuimus
1498 5502 1512 5525 ,
1536 5460 1768 5525 priscum
1802 5478 1895 5514 no-

326 5542 449 5585 men
476 5532 690 5594 retinet,
715 5527 1107 5599 vulgo'Andelot
1130 5532 1182 5584 in
1215 5527 1508 5598 Lingonum
1540 5531 1756 5584 diceeesi
1789 5548 1901 5585 ver-

325 5612 419 5654 sus
446 5601 659 5655 Nasium
690 5610 925 5655 castrum
956 5601 1275 5666 Leucorum,
1295 5601 1435 5669 quod
1454 5616 1601 5654 nunc
1624 5601 1674 5653 in
1702 5601 1896 5655 ducatu

322 5669 569 5727 Barrensi
610 5672 770 5725 situm
812 5672 875 5724 ad
909 5671 1105 5724 Ornam
1136 5672 1356 5729 Ilutnen.
1394 5670 1509 5724 Ναί
1536 5671 1695 5740 vulgo
1718 5672 1899 5740 appel-

322 5742 479 5795 latur.
508 5741 723 5796 Nasium
754 5742 879 5795 olim
912 5743 1124 5794 celebre
1164 5742 1281 5802 fuit,
1312 5742 1385 5796 uti
1415 5750 1557 5809 patet
1581 5757 1646 5795 ex
1675 5746 1899 5796 vetustis

320 5815 626 5868 auctoribus
650 5824 697 5866 et
732 5829 795 5867 cx
827 5812 1058 5867 nummis
1096 5812 1347 5881 antiquis,
1374 5812 1458 5881 qui
1488 5811 1558 5868 ibi
1590 5812 1898 5881 frequenter

2006 4682 2144 4733 eruti
2185 4678 2253 4732 ad
2301 4693 2400 4733 nos
2444 4678 2606 4733 delati
2665 4678 2899 4735 fuerunt.
2966 4681 3120 4733 llunc
3174 4690 3355 4732 autem
3405 4676 3581 4734 locum

2008 4751 2148 4804 male
2193 4748 2432 4802 nonnulli
2475 4749 2765 4804 Nanseiutn
2825 4749 3188 4819 Letharingia:
3252 4758 3413 4815 caput
3459 4762 3581 4803 esse

2006 4830 2355 4887 scripserunt.

2083 4889 2107 4926 ιι
2139 4892 2195 4944 In
2223 4890 2363 4943 utar.
2388 4898 2441 4943 et
2462 4886 2559 4943 Ch.
2594 4888 2689 4955 aL,
2724 4888 2892 4942 Lesio.
2924 4889 3043 4944 Fuit
3086 4888 3427 4957 Moguntinus
3470 4887 3583 4957 epi-

2007 4976 2227 5026 scopus,
2254 4974 2411 5027 quem
2453 4960 2559 5011 alio
2608 4962 2824 5013 nomine.
2857 4955 3253 5025 Lindegasiuin,
3282 4972 3379 5012 seu
3414 4955 3587 5027 Lude-

2011 5041 2219 5099 gastum
2249 5026 2566 5096 appellaturi]
2586 5028 2746 5099 fuisse
2767 5030 3010 5083 Cointius
3033 5030 3181 5081 dicit.
3211 5028 3441 5099 Sanctus
3464 5026 3584 5082 Lin-

2001 5098 2253 5180 degasius
2282 5101 2476 5152 dicitur
2504 5113 2533 5151 a
2582 5098 2785 5152 Brusch
2810 5116 2843 5152 o
2891 5101 2941 5153 in
2986 5100 3232 5168 catalogo
3272 5098 3440 5166 episc.
3470 5099 3556 5153 M0
3581 5127 3587 5134 -

2002 5180 2365 5243 gunttno‘rum.

2090 5240 2104 5278 ί
2150 5240 2286 5305 Alii,
2315 5240 2379 5292 ab
2424 5247 2634 5308 antiquo
2684 5247 2790 5292 tam
2832 5254 3090 5307 nunquam
3138 5237 3298 5303 fuisse
3350 5237 3582 5306 prwlimu

2006 5318 2268 5435 factmé'hd.
2308 5379 2449 5435 Clar.
2471 5419 2488 5445 ,
2516 5381 2603 5434 ubi
2652 5378 3002 5451 phalanges...
3034 5379 3365 5447 prwliantur,
3400 5387 3454 5432 at
3492 5394 3582 5430 εα-

2006 5455 2364 5588 άαῖϐιέι.ιεςη,,
2422 5529 2695 5591 prmentnt
2735 5518 3011 5591 exhibitura
3058 5526 3207 5591 reste
3243 5519 3425 5591 regali,
3474 5528 3579 5573 ell‘.

2003 5596 2155 5649 Colb.
2190 5589 2467 5665 utramque
2490 5594 2770 5649 lectionem
2791 5590 2967 5653 habet,
2986 5600 3038 5644 et
3056 5589 3195 5643 intra
3214 5590 3443 5659 aliquot,
3467 5604 3582 5641 cum

2006 5671 2398 5792 mlHgi‘cmélar.
2440 5748 2651 5803 semper
2684 5730 2948 5787 Austriam
2980 5730 3250 5798 designat,
3287 5727 3433 5783 Editi
3492 5744 3585 5781 va—

2004 5810 2143 5864 riunt
