4132 6348
398 333 503 385 653

1816 323 2233 383 CllBUNlCUM.

3543 330 3644 384 υδι

395 461 530 514 pago
552 440 923 499 Uitra-Jorano
956 456 1021 496 ex
1054 441 1179 495 villa
1213 439 1391 494 Urba'|
1425 454 1527 493 una
1568 453 1685 491 cum
1720 436 1961 492 Theude-
1993 440 2038 494 A
2066 443 2177 488 Ster
2199 449 2417 505 regnum
2448 435 2779 517 arripuisset,
2832 434 3126 505 llerponem
3173 438 3279 510 [ΑΙ.
3330 440 3644 514 lierpiuumj

398 536 516 588 lane
547 550 797 602 germana
838 533 1156 587 Theoderici
1197 531 1523 600 producitur,
1564 539 1619 583 et
1662 529 1967 582 Cblothario

399 629 635 679 ltionava
667 627 781 679 vico
805 625 831 664 δ
879 641 1039 693 super
1090 625 1359 677 Vincenna
1396 623 1557 676 ﬂuvio
1597 631 1964 690 praesentator.

398 718 693 787 Sigibcrtus
714 728 766 770 et
795 716 1001 771 Corbos
1029 717 1116 769 lilii
1142 716 1455 770 Theudorici
1482 716 1632 783 jussu
1670 712 1960 767 Chlotharii

400 809 657 863 interfecti
690 817 831 862 sunt.
874 809 1148 862 Meroveus
1176 807 1437 861 secretius
1478 807 1627 874 jussu
1674 804 1970 857 Chlotharii

400 901 449 956 in
476 899 722 968 Neptrico
740 910 760 936 ε
787 898 1113 968 perducitur,
1137 898 1380 951 eumdem
1413 896 1737 963 amplectens
1764 908 1967 957 amore,

401 993 538 1060 quod
568 992 737 1060 ipsum
768 991 832 1043 de
877 1000 1062 1043 sancto
1091 991 1393 1055 excepisset
1442 988 1672 1041 lavacro.
1704 985 1970 1054 lugobodo

397 1078 693 1137 Graiﬁonid
724 1081 1145 1147 commendatur,
1169 1081 1257 1134 ubi
1284 1081 1460 1149 plures
1489 1089 1604 1147 post
1632 1092 1800 1130 annos
1820 1078 1967 1130 vixit.

395 1173 749 1233 Cblmbarius.
797 1188 915 1226 cum
949 1171 1307 1224 Brunichildis
1341 1185 1439 1224 suo
1481 1168 1788 1237 conspectui
1837 1183 1968 1235 prmo

395 1274 721 1331 sentaretur,
753 1274 805 1319 et
833 1266 1009 1318 odium
1038 1278 1221 1319 contra
1253 1266 1419 1333 ipsam
1452 1263 1670 1317 nimium
1701 1262 1923 1317 haberet
1949 1303 1964 1329 ,

396 1366 647 1424 reputans
699 1356 745 1409 ei
797 1371 861 1409 eo
899 1355 1038 1424 quod
1090 1356 1273 1410 decem
1324 1370 1475 1426 reges
1517 1355 1842 1408 Francorum
1876 1368 1969 1422 per

394 1444 563 1513 ipsam
613 1444 873 1499 interfecti
917 1444 1161 1511 fuissent,
1194 1445 1245 1499 id
1277 1456 1376 1510 est,
1418 1445 1736 1513 Sigibertus,
1768 1452 1823 1497 et
1856 1443 1968 1497 Me-

393 1551 606 1599 roveus,
648 1538 808 1608 623
838 1548 889 1591 et
918 1538 1127 1606 genitor
1154 1552 1284 1591 suus
1324 1536 1688 1606 Cbilpericos,
1726 1536 1971 1590 Theode-

393 1624 576 1679 bertus
606 1635 658 1677 et
690 1627 827 1680 lilius
866 1640 992 1680 suus
1021 1626 1392 1693 Cblotharius,
1428 1627 1555 1681 item
1603 1624 1878 1680 Meroveus
1908 1626 1968 1678 ii-

391 1714 495 1770 lius
523 1714 838 1781 Chlotharii,
888 1716 1287 1782 Theodericus,
1327 1717 1669 1785 ejusdemque
1700 1716 1793 1770 lilii
1827 1726 1963 1780 tres,

2077 524 2284 585 ducem,
2316 538 2511 591 genere
2543 524 2827 591 Francum,
2858 527 2973 581 loco
3002 529 3287 583 Eudelanii
3320 532 3370 585 in
3402 548 3534 602 pago
3557 534 3647 588 Ul-

2079 614 2382 669 tra-Jurano
2408 617 2635 670 instituit
2663 635 2677 671 :
2711 619 2798 687 qui
2826 620 2948 671 dum
2980 635 3159 688 pacem
3183 621 3234 676 io
3258 622 3371 689 ipso
3395 641 3526 694 pago
3556 641 3644 679 ve-

2078 707 2349 760 hementer
2392 709 2703 772 arripuisset
2738 712 2952 777 sectari,
2990 715 3248 768 malorum
3292 720 3642 786 nogacitatem

2078 798 2391 866 reprimens,
2425 799 2491 852 ab
2519 800 2646 864 ipsis
2677 804 2994 870 pagensibus
3014 845 3026 868 ,
3070 804 3353 873 instigante
3385 818 3529 872 parte
3554 809 3645 860 ads

2074 906 2249 957 versa,
2279 892 2503 947 consilio
2529 894 2692 964 624
2730 896 2937 950 Alethei
2968 901 3168 966 patricii
3201 913 3253 955 et
3285 900 3643 956 Lendemumli

2074 981 2307 1049 episcopi
2340 991 2391 1036 et
2437 982 2700 1051 ilerponis
2738 987 2969 1051 comitis,
3018 1003 3110 1054 per
3139 990 3446 1045 rebellionis
3483 994 3646 1045 auda-

2076 1073 2210 1125 ciam
2246 1073 2419 1141 llerpo
2459 1074 2566 1128 dux
2607 1075 2940 1131 interiit-itur.
2967 1077 3306 1134 Chlotharios
3322 1097 3440 1136 cum
3475 1084 3527 1136 in
3559 1086 3645 1137 Al-

2060 1163 2203 1215 .satia
2252 1164 2447 1232 villam,
2478 1165 2814 1235 Marolegiam
2844 1165 2867 1204 ¹ι
2894 1182 3265 1237 cognomento,
3294 1187 3415 1228 cum
3465 1175 3645 1229 Berle-

2077 1253 2265 1307 Ihrude
2295 1254 2412 1327 [ΑΙ.
2466 1256 2752 1327 Bertrude]
2776 1260 2954 1326 regina
2984 1264 3314 1323 accessisset.
3345 1279 3528 1332 pacem
3562 1280 3644 1320 se-

2072 1351 2268 1409 ctatus,
2303 1345 2495 1400 multos
2536 1348 2711 1417 inique
2748 1358 2967 1419 agentes
2996 1351 3170 1420 gladio
3198 1355 3495 1410 trucidavit.

2144 1434 2323 1490 XLIV.
2366 1435 2776 1493 Leudemundus
2806 1440 3019 1509 quidem
3065 1443 3345 1512 episcopus
3371 1446 3644 1501 Sednncn-

2070 1525 2145 1580 sis
2188 1524 2205 1564 ι
2248 1527 2314 1580 ad
2362 1527 2762 1584 Bertetbrudem
2796 1534 3030 1601 reginam
3083 1535 3300 1589 veniens
3350 1537 3641 1601 secretius,

2070 1619 2297 1672 consilio
2324 1620 2535 1676 Alethei
2568 1624 2734 1677 verba
2763 1623 3109 1691 ignominiosa
3138 1627 3290 1691 dixit,
3315 1629 3453 1697 quud
3483 1628 3643 1684 Chlo-

2073 1708 2272 1763 tharius
2301 1710 2488 1766 eodem
2514 1725 2652 1765 anno
2681 1714 3001 1769 omnimodis
3040 1717 3295 1785 migraret
3328 1717 3395 1771 de
3420 1718 3636 1784 sarculo,

392 1807 478 1875 qui
514 1809 578 1860 ad
612 1822 848 1876 praesens
897 1807 1145 1862 exs-tineti
1179 1808 1406 1869 fuerant,
1435 1823 1530 1876 per
1560 1807 1789 1861 triduum
1820 1821 1960 1872 eam,
1998 1818 2039 1875 Β
2070 1812 2123 1853 ut
2148 1801 2447 1870 thesauros,
2474 1813 2727 1871 quantum
2758 1814 2983 1873 poterat,
3006 1809 3365 1863 secretissime
3386 1808 3450 1863 ad
3473 1809 3642 1863 Sedu-

388 1900 616 1955 diversis
639 1901 920 1955 tormentis
948 1901 1211 1965 aliectam,
1241 1900 1392 1969 jubet
1438 1899 1583 1968 prius
1620 1900 1826 1953 camelo
1870 1914 1964 1968 per

388 2006 597 2045 omnem
630 1994 920 2046 exercitum
951 1990 1224 2045 sedentem
1248 1990 1560 2060 perducere,
1591 1999 1711 2056 post
1737 1989 1848 2044 hinc
1873 2003 1963 2043 ro-

388 2095 473 2134 ma
497 2082 704 2145 capitis,
735 2098 837 2135 ouo
868 2081 1000 2151 pede
1023 2090 1076 2136 et
1105 2081 1323 2136 brachio
1350 2082 1413 2134 ad
1439 2078 1769 2135 vitiocissimi
1790 2089 1812 2117 ο
1840 2080 1959 2151 equi

387 2171 609 2225 caudam
659 2172 855 2241 ligare;
902 2171 1082 2239 ibique
1110 2172 1345 2226 calcibus
1371 2181 1425 2227 et
1451 2171 1732 2226 velocitate
1776 2186 1962 2226 cursus

387 2266 722 2318 membratim
764 2263 1172 2333 disrumpitor‘.
1232 2264 1645 2320 Warnacharius
1691 2265 1742 2319 in
1797 2280 1961 2336 regno

388 2353 707 2422 Burgttndim
735 2355 1078 2409 substituitur
1106 2355 1276 2425 major
1315 2358 1506 2410 domus
1526 2396 1541 2421 ,
1567 2369 1903 2411 sacramento
1931 2371 1960 2410 a

388 2444 697 2499 Chlothario
722 2457 965 2516 accepto,
992 2463 1059 2503 oe
1088 2463 1318 2516 unquam
1346 2450 1469 2502 vita:
1498 2463 1607 2502 ειη
1637 2450 1963 2519 temporibus

387 2536 785 2605 degradaretur.
815 2539 870 2593 lu
902 2542 1097 2595 Auster
1124 2540 1272 2594 [lado
1296 2539 1544 2610 idemque
1576 2541 1713 2596 hunc
1737 2543 1959 2610 gradum

386 2627 544 2681 honor
560 2628 604 2683 is
630 2632 940 2697 assumpsit.
962 2631 1251 2685 Firmatum
1276 2641 1360 2686 est
1377 2647 1534 2686 omne
1556 2647 1774 2700 regnum
1800 2630 1962 2687 Fran-

385 2733 589 2781 corum,
621 2722 754 2774 sicut
776 2715 811 2774 a'
835 2722 1008 2790 priore
1035 2722 1385 2776 Cblotharios
1411 2721 1737 2776 dominatum
1769 2722 1960 2791 fuerat,

384 2826 506 2864 cum
534 2812 738 2865 cunctis
765 2814 1032 2865 thesauris
1059 2812 1245 2867 dilioni
1273 2813 1568 2868 Chlotharii
1587 2814 1813 2882 junioris
1844 2815 1962 2871 sub-

385 2900 583 2971 jicitur,
634 2902 772 2968 quud
805 2901 1029 2956 leliciter
1057 2915 1173 2971 post
1212 2905 1480 2960 sexdecim
1520 2903 1714 2960 annisll
1744 2908 1911 2962 tenuit
1942 2952 1956 2976 ,

387 3005 567 3058 pacem
614 2990 817 3045 habens
860 3007 979 3046 cum
1020 2994 1265 3048 omnibus
1309 2995 1553 3063 gentibus
1604 2996 1809 3052 vicinis.
1859 2996 1962 3051 Iste

390 3081 724 3136 Chlotharins
766 3083 1032 3151 patientia:
1068 3083 1309 3147 deditus,
1351 3085 1543 3138 litteris
1587 3085 1855 3147 eruditos,
1896 3086 1963 3138 ti-

2067 1893 2148 1943 nis
2185 1906 2336 1944 suam
2377 1892 2646 1946 civitatem
2681 1894 3030 1961 transferret,
3063 1912 3129 1951 eo
3156 1900 3292 1967 quod
3318 1910 3463 1954 esset
3494 1900 3640 1953 locus

2065 1980 2381 2047 tutissimus,
2423 1991 2479 2035 et
2515 1980 2769 2037 Aletheus
2797 1995 2938 2038 esset
2981 1996 3194 2054 paratus
3217 1998 3276 2054 ω,
3301 2004 3448 2042 suam
3479 1989 3641 2043 relin-

2062 2087 2230 2142 quens
2262 2087 2479 2127 uxorem
2502 2115 2516 2139 ,
2550 2074 2957 2129 Bertethrudem
2998 2079 3231 2147 reginan
3271 2079 3513 2137 accipere
3574 2095 3641 2135 eo

2062 2161 2202 2232 quod
2250 2175 2394 2219 esset
2443 2165 2589 2234 regio
2634 2180 2828 2235 genere
2864 2167 2931 2221 de
2971 2168 3466 2238 Burgundionibus,
3525 2172 3639 2240 ipse

2063 2266 2181 2323 post
2207 2256 2573 2310 Chlotharium
2593 2260 2621 2287 ¹²
2657 2265 2836 2325 posset
2866 2274 3084 2329 regnum
3117 2277 3406 2317 assumere.
3433 2264 3634 2335 Regina

2064 2345 2428 2402 Bertetbrudis
2454 2362 2577 2402 cum
2601 2348 2715 2403 haec
2734 2350 2990 2417 audisset,
3020 2353 3184 2407 verita
3210 2369 3274 2408 ne
3292 2356 3487 2410 veritas
3507 2358 3635 2412 sub-

2061 2440 2298 2508 sisteret,
2330 2440 2381 2495 in
2428 2442 2688 2510 lacrymas
2720 2458 3070 2514 prorumpens
3091 2447 3222 2501 abiit
3244 2448 3293 2501 in
3311 2449 3635 2508 cubiculum.

2063 2536 2470 2593 Leudemundus
2493 2553 2716 2593 cernens
2745 2555 2805 2594 se
2844 2540 3208 2610 hujuscemodi
3238 2543 3413 2597 verbis
3444 2544 3639 2599 habere

2063 2626 2382 2696 periculum,
2431 2626 2688 2697 fugaciter
2732 2643 2825 2697 per
2863 2637 3070 2685 noctem
3114 2631 3340 2685 Sedunis
3384 2634 3638 2701 perrexit.

2063 2719 2267 2774 Exinde
2311 2720 2532 2774 latenter
2562 2720 2681 2787 fuga
2721 2719 3032 2776 Lussovium
3062 2722 3127 2775 ad
3157 2722 3411 2777 domuum
3444 2728 3639 2779 Austa-

2062 2814 2198 2866 sium
2229 2812 2512 2867 abbatemo
2544 2814 2803 2882 pervenit.
2853 2813 2978 2868 Post
3024 2814 3137 2868 haec
3181 2814 3247 2869 ab
3289 2817 3404 2882 ipso
3449 2815 3640 2870 abbate

2064 2918 2183 2955 cum
2232 2902 2430 2956 domno
2476 2900 2785 2955 Cblothario
2824 2901 2905 2957 his
2948 2903 3117 2970 culpis
3157 2912 3457 2970 excusatur,
3491 2913 3546 2959 et
3573 2907 3639 2960 ad

2063 3007 2213 3046 suam
2234 3006 2481 3046 reversus
2508 3000 2589 3046 est
2615 2992 2902 3046 civitatem.
2939 2992 3272 3048 Chlotliarius
3304 2994 3592 3052 Massolacu
3617 3007 3641 3046 ρ

2064 3086 2186 3138 villa
2206 3099 2325 3138 cum
2353 3084 2662 3154 proceribus
2690 3084 2949 3150 residens,
2980 3085 3260 3139 Aletbeom
3286 3086 3350 3140 ad
3374 3101 3433 3140 se
3460 3088 3642 3143 venire

389 3186 539 3225 mens
593 3171 757 3225 Deum
782 3214 796 3239 ,
853 3173 1197 3228 ecclesiarum
1255 3186 1310 3228 et
1353 3175 1689 3230 sacerdotum
1744 3190 1966 3244 magnus
1995 3185 2039 3244 ο
2074 3174 2364 3241 praecepit:
2398 3173 2554 3243 hujus
2582 3174 2809 3229 consilio
2839 3174 3171 3244 iniquissimo
3209 3185 3499 3246 comperto,
3531 3180 3644 3249 gla-

388 3273 714 3328 munerator,
741 3265 1061 3332 pauperibus
1090 3266 1480 3335 eleemosynam
1524 3267 1782 3331 tribuens,
1817 3267 1961 3320 beni-

389 3370 544 3424 gnum
572 3371 631 3412 se
652 3357 898 3411 omnibus
922 3369 973 3411 et
998 3359 1191 3425 pietate
1216 3361 1428 3427 plenum
1456 3357 1767 3412 ostendens.
1794 3357 1964 3412 Vena-

389 3447 533 3501 tione
561 3447 792 3501 ferarum
818 3449 981 3503 nimia
1008 3449 1323 3503 assiduitate
1354 3456 1526 3512 utens,
1550 3457 1603 3503 et
1628 3457 1959 3516 postremum

389 3541 668 3595 mulierum
718 3552 771 3596 et
816 3543 1107 3610 puellarum
1150 3542 1578 3613 suggestionibus
1608 3542 1828 3596 nimium
1867 3558 1961 3597 an-

390 3647 577 3698 nuens,
611 3635 679 3687 ob
706 3633 803 3687 hoc
832 3635 1045 3703 quidem
1081 3632 1505 3706 blasphematuri
1541 3648 1571 3687 a
1596 3633 1860 3688 leudibus.

462 3724 645 3779 XLIII.
684 3724 812 3779 Cum
860 3739 1000 3779 anno
1038 3727 1107 3780 50
1136 3726 1281 3797 regni
1309 3726 1390 3781 sui
1427 3724 1745 3795 Burgundio:
1772 3733 1826 3779 et
1853 3725 1960 3777 Au-

461 3888 488 3915 ι
512 3878 751 3946 Plerique
777 3879 934 3943 Editi,
964 3878 1170 3933 Urbana
1184 3895 1317 3932 cum.
1335 3879 1477 3934 Clar.
1494 3888 1544 3931 et
1565 3879 1664 3933 Ch.
1682 3876 1775 3940 al.,
1799 3876 1958 3930 Orba.

392 3948 685 4015 Utrumque
709 3966 899 4002 nomen
930 3949 1067 4001 Urba
1092 3960 1141 4003 et
1170 3951 1326 4014 Orba,
1352 3951 1488 4015 apud
1511 3962 1753 4002 auctores
1773 3962 1962 4001 occur-

392 4021 480 4081 rit,
508 4021 659 4085 vulgo
688 4020 880 4073 dicitur
931 4019 1081 4083 Orbe,
1113 4035 1205 4072 seu
1253 4019 1472 4085 Orbaclt,
1502 4028 1731 4071 castrum
1760 4031 1961 4086 cogno-

393 4091 519 4142 mini
552 4090 709 4142 ﬂuvio
742 4092 1042 4158 impositum
1072 4091 1122 4142 iu
1155 4090 1472 4155 Burgundio:
1494 4088 1659 4158 libero
1683 4088 1957 4158 corr-italu.

462 4158 489 4197 ιι
528 4160 678 4212 Co-b.
712 4156 830 4213 cuni
865 4160 1125 4226 plerisque
1153 4161 1338 4219 liditis.
1365 4160 1417 4211 in
1448 4157 1591 4210 Novo
1612 4157 1737 4209 vico.
1770 4156 1963 4226 [iiuna-

392 4244 510 4281 ram
533 4230 772 4282 Cointins
804 4225 1179 4299 interpretatur
1214 4231 1425 4283 liionne.
1459 4227 1834 4299 Vincenna_(la
1874 4225 1964 4278 Vi—

395 4317 563 4363 renne,
594 4315 685 4354 seu
724 4297 967 4371 Vigenne)
999 4301 1052 4354 in
1083 4303 1291 4354 Ararim
1338 4298 1511 4353 inﬂuit
1541 4313 1704 4367 prope
1746 4297 1965 4351 l’ontem

395 4371 649 4425 Arleium.

465 4451 488 4477 ο
514 4441 603 4495 Sic
630 4455 840 4509 semper
862 4440 1001 4495 C'ar.
1024 4443 1087 4495 At
1112 4439 1379 4506 Boh.,Ch.
1402 4447 1453 4492 et
1470 4438 1654 4493 Freh..
1677 4436 1961 4509 Neptriqm,

394 4510 464 4563 al.
501 4506 763 4578 Neplrico,
798 4512 935 4573 Co|.,
990 4514 1162 4578 Bign.,
1204 4513 1347 4575 Bar.,
1383 4511 1545 4564 Boch.
1599 4518 1651 4562 et
1686 4510 1788 4572 ll|.,
1833 4506 1967 4560 Neu-

394 4582 585 4644 sm'am,
611 4582 801 4647 quibus
829 4584 1072 4636 erunibus
1093 4583 1276 4636 eadem
1304 4581 1545 4634 Neustria
1570 4578 1893 4649 designatur.

464 4650 488 4686 ά
531 4652 825 4705 Gialtiones
869 4653 1025 4704 iidem
1074 4663 1225 4707 erant
1261 4667 1322 4706 ac
1362 4652 1582 4704 comites
1628 4648 1721 4704 seu
1764 4648 1969 4714 judices

394 4737 669 4789 pagorum,
700 4734 753 4774 ot
780 4739 844 4776 ex
876 4722 1035 4777 variis
1061 4722 1362 4778 auctoribus
1392 4722 1621 4789 antiquis
1649 4729 1808 4787 patet,
1834 4732 1967 4786 quos

395 4792 589 4844 \ide~is
617 4793 665 4842 in
700 4792 879 4856 Cangii
911 4795 1205 4847 Glossario.
1234 4796 1337 4845 Eos
1366 4802 1541 4844 autem
1570 4792 1645 4843 sic
1667 4792 1837 4843 dictos
1869 4804 1966 4855 pu-

396 4872 468 4913 tat
497 4862 791 4915 Clnflletius
823 4864 873 4915 in
905 4866 1147 4917 Anastasi
1193 4862 1498 4926 Childerici,
1548 4860 1685 4922 quod
1727 4860 1968 4925 graphia-

396 4932 528 4984 I'iom
563 4933 701 5002 regis
722 4936 1068 4987 custodirent.
1103 4934 1394 4987 Gravioucs
1418 4932 1612 4999 passim
1643 4931 1965 5002 scrit_i_otit_ur,_

394 5010 448 5052 et
490 4997 749 5069 ΙιυιΙτσῖψιθ
790 5003 1089 5071 Luntgravii
1132 5004 1269 5072 apud
1317 4997 1611 5055 Germanus
1654 4997 1969 5051 nobilissimi

396 5072 672 5126 habentur.

470 5150 493 5215 ξ
533 5144 640 5215 AL,
680 5143 1076 5215 ferocisrinti,et
1108 5140 1263 5215 infra,
1297 5156 1509 5215 comula.
1550 5207 1561 5215 ι
1698 5205 1709 5215 ⁸
1870 5181 1910 5215 _.

466 5209 490 5250 ί
532 5203 927 5269 Brunicbildem
960 5203 1089 5265 l‘also
1118 5228 1145 5264 a
1184 5203 1315 5286 ana
1350 5223 1401 5264 et
1428 5205 1750 5286 Fredegario
1779 5203 1972 5286 multo;

394 5300 510 5338 rom
558 5286 838 5339 criminum
882 5293 1180 5337 accusatam
1222 5279 1388 5335 fuisse
1437 5276 1674 5346 pluribus
1700 5276 1973 5329 contendit

394 5356 652 5417 Cointios,
684 5372 865 5426 quem,
896 5359 935 5407 si
968 5354 1132 5418 lubet,
1156 5348 1754 5426 console,potissit_oum
1779 5346 1843 5399 ad
1864 5363 1971 5426 ⁸ιιηο

395 5441 519 5478 num
550 5428 675 5491 615,
711 5427 797 5479 ubi
824 5425 937 5495 ejus
967 5425 1261 5491 apologiam
1298 5422 1597 5496 scribit,__ac
1627 5418 1968 5496 laudesejus-

395 5497 514 5548 dem
546 5512 607 5548 ex
635 5489 789 5549 variis
817 5489 1969 5567 monumentiscongerit.-Ejus‘sopplicium

396 5567 711 5620 describitur
747 5580 956 5632 quoque
987 5566 1037 5616 iu
1070 5565 1216 5617 Marii
1259 5558 1586 5632 appendice;
1628 5558 1803 5611 locum
1841 5558 1975 5610 inte-

395 5651 546 5703 grum
573 5638 732 5689 habes
758 5638 808 5687 in
826 5634 1116 5702 appendice
1142 5635 1299 5702 hujus
1319 5634 1618 5686 voluminis.

468 5716 493 5753 κ
518 5706 780 5760 Clotarius
802 5705 845 5773 l,
864 5698 1007 5758 ii‘lius
1029 5698 1336 5766 Chlodovei,
1359 5703 1624 5757 deluncus
1647 5698 1898 5754 fratribus
1920 5707 1973 5753 et

398 5775 678 5846 ncjvuibus
707 5775 840 5843 suis,
868 5775 1228 5830 mouarchiam
1256 5775 1578 5829 obtinuerat.

1998 4556 2052 4617 Ι)

2066 3266 2155 3320 dio
2182 3265 2449 3321 trucidare
2470 3266 2648 3335 jussit.

2137 3361 2237 3412 AN.
2271 3362 2454 3413 ocxvi.
2488 3388 2560 3399 —
2582 3360 2735 3413 Anno
2771 3359 2840 3414 5'5
2860 3368 2887 3408 ει
2922 3358 3067 3428 regni
3097 3357 3392 3414 Chlotharii
3422 3359 3643 3415 Warna~

2069 3449 2307 3505 charium
2337 3448 2591 3520 majorem
2622 3448 2810 3503 domus
2839 3465 2957 3504 cum
2998 3450 3256 3507 universis
3286 3452 3642 3522 pontiﬁcibus,

2068 3540 2159 3596 sed
2186 3553 2239 3595 et
2269 3540 2777 3609 Burgundael‘aroues
2808 3551 2827 3577 τ
2864 3541 3128 3611 Bonogelo
3151 3544 3270 3598 villa
3293 3544 3356 3599 ad
3382 3559 3440 3600 se
3468 3547 3647 3601 venire

2071 3631 2340 3701 praacepit,
2372 3630 2552 3700 ibique
2592 3631 2802 3684 cunctis
2832 3631 3040 3686 illorum
3071 3633 3229 3703 625
3253 3635 3409 3704 justis
3440 3639 3647 3706 petitio-

2071 3722 2224 3776 nibus
2245 3735 2507 3785 annuens,
2540 3721 2986 3789 praeceptiooibus
3014 3724 3249 3777 roborat.

2142 3880 2170 3919 ¹ι
2211 3882 2368 3947 Boli.,
2399 3897 2487 3950 per
2519 3882 2770 3936 sexdecim
2798 3900 2981 3938 annos.
3014 3885 3197 3950 Frelt.,
3231 3896 3342 3955 post
3364 3888 3646 3957 quindecim

2070 3970 2249 4007 annos.

2152 4022 2192 4103 ί·.
2214 4023 2265 4074 .d
2309 4028 2408 4083 est,
2440 4020 2787 4091 vituperatur,
2813 4024 3001 4093 gallice
3030 4024 3210 4092 bltimé,
3244 4035 3299 4080 ut
3323 4028 3432 4099 jam
3465 4031 3647 4087 obser-

2076 4108 2338 4146 \'3\'llllllS.

2073 4232 2092 4285 ι
2149 4161 2179 4244 ἱ.
2211 4162 2409 4217 Cliesn.
2447 4172 2501 4218 et
2540 4162 2702 4218 Freh.
2726 4205 2741 4231 ,
2785 4163 3123 4218 Tlteudclanis
3194 4166 3293 4221 Ch.
3326 4167 3429 4236 al.,
3477 4168 3651 4225 Eude-

2096 4249 2227 4285 ams.

2096 4249 2227 4285 ants.

2145 4300 2171 4339 ¹ι
2212 4302 2302 4356 Sic
2336 4302 2840 4373 Clarom.,optime.
2868 4302 3020 4358 Colb.
3054 4314 3107 4358 et
3136 4306 3357 4373 Caeam,
3388 4308 3649 4364 Maurole-

2072 4374 2242 4447 giam;
2271 4377 2372 4447 Ch.
2415 4376 2509 4447 al.,
2550 4372 3120 4447 _Maurolegico._Editi
3168 4379 3432 4447 plerique,
3477 4383 3651 4435 villam

2075 4443 2418 4513 Aurolegiam.
2451 4445 2523 4497 De
2550 4443 2645 4498 hac
2673 4458 2829 4510 supra
2860 4444 3107 4499 diximus.

2154 4510 2167 4549 ί
2198 4510 2287 4588 Sit}
2311 4515 2646 4588 Clarom.,_at
2673 4512 2833 4588 (Συῌ)ἒ
2854 4525 2906 4588 et
2934 4514 3068 4588 Bob.
3107 4531 3227 4570 cum
3260 4518 3429 4574 Editis
3459 4522 3651 4588 pleris-

2075 4600 2199 4660 que,
2228 4585 2545 4660 Sidoueusis.
2574 4585 2637 4637 Et
2656 4585 2732 4660 sic
2754 4583 2999 4660 inferius.
3023 4586 3317 4660 Seduuuut,
3336 4583 3490 4660 vulgo
3504 4593 3649 4658 Sion,

2075 4652 2126 4707 in
2163 4655 2387 4720 \‘alesia,
2422 4656 2487 4708 de
2517 4670 2617 4723 qua
2652 4656 2782 4707 urbe
2807 4652 2918 4723 jam
2952 4657 3198 4711 diximus.

2144 4734 2178 4760 η)
2206 4725 2364 4781 Freh.
2383 4737 2433 4779 et
2449 4725 2822 4795 Ch.,patricius
2838 4725 2944 4793 qui.
2960 4776 2961 4779 η
2976 4728 3264 4795 .occiperel.
3288 4727 3651 4795 Ed.ounnulli,

2071 4806 2124 4849 et
2152 4799 2239 4866 sic,
2268 4811 2498 4863 semper,
2529 4794 2845 4866 Bertrudem,
2878 4795 2971 4866 ab,
3004 4794 3329 4849 Beretrudem
3357 4794 3646 4866 appellant.

2071 4873 2168 4987 Cl:
2208 4865 2359 4945 Colh.
2390 4861 2445 4919 et
2472 4865 2557 4918 alii
2588 4864 2749 4928 Editi,
2779 4866 2873 4916 sub
2912 4861 3194 4920 Cltlotario.
3227 4861 3532 4939 Freltaipsa
3558 4871 3649 4923 sub

2130 4953 2142 4985 l
2172 4946 2348 4987 alario.
3299 4979 3307 4987 .

2130 4946 2348 4987 llftlarlo.
3299 4979 3307 4988 .

2149 5013 2172 5037 ο
2203 5006 2337 5057 Editi
2371 5003 2625 5071 plerique,
2653 5004 2719 5055 ad
2748 5003 2953 5055 domum
2974 5005 3199 5060 Austasii
3224 5008 3434 5061 abbatis.
3471 5007 3558 5063 Sic
3600 5020 3654 5064 et

2074 5072 2247 5134 Colb.,
2279 5075 2365 5140 qui
2396 5088 2515 5125 cum
2548 5072 2707 5125 Frelt.
2730 5083 2781 5125 et
2804 5075 2902 5126 Cb.
2921 5075 2991 5127 al.
3020 5077 3177 5130 habet
3203 5080 3472 5132 Austrasii.
3503 5081 3549 5132 Is
3571 5090 3655 5135 est

2075 5142 2603 5219 SilllClllS-Eusbasilts
2634 5142 2772 5195 beati
2822 5141 3153 5219 Golumbani
3170 5161 3466 5214 successor,
3503 5149 3654 5219 cujus

2075 5214 2179 5264 vita
2204 5228 2267 5265 ex
2292 5210 2422 5266 Jona
2448 5212 2670 5265 habetur
2698 5212 2893 5266 sacculo
2921 5210 2955 5266 ti
2982 5214 3179 5270 Bened.
3204 5219 3341 5272 inter
3363 5210 3492 5274 Acta
3515 5210 3648 5275 Sain-

2075 5294 2304 5346 ctorum,
2335 5283 2399 5335 ad
2431 5298 2626 5335 annum
2655 5282 2776 5335 (5‘25.

2149 5363 2176 5427 P_
2212 5352 2374 5427 Ciam,
2423 5350 2758 5427 illasolaguni.
2794 5351 2960 5421 Hujus
2989 5354 3128 5409 villa:
3150 5356 3283 5412 situs
3312 5360 3520 5427 ignotus
3544 5371 3648 5416 est.

2080 5424 2211 5477 Vide
2244 5424 2332 5474 lib.
2364 5438 2413 5475 tv
2436 5423 2502 5475 de
2526 5423 2601 5488 lie
2625 5423 2906 5488 Diplomat.

2148 5504 2173 5542 ει
2212 5492 2468 5615 δὶεϐἶᾲλειτ.
2502 5482 2703 5547 Crateri"
2726 5506 2912 5547 omnes
2934 5509 3053 5549 cum
3086 5496 3351 5563 Aimoioo,
3397 5518 3533 5555 anno
3560 5503 3651 5567 Ξῖ,

2154 5572 2253 5615 est.
2366 5579 2410 5615 ι.

2076 5566 2127 5620 id
2154 5572 2253 5624 est,
2286 5563 2410 5616 6l7.

2153 5644 2171 5671 τ
2206 5634 2303 5708 βία
2330 5630 2495 5708 Clam;
2533 5641 2588 5708 at
2627 5630 2782 5708 Gell).
2819 5648 2937 5708 cum
2965 5636 3129 5703 Edit.,
3171 5640 3491 5708 pontiﬁcibus
3524 5643 3654 5693 Bur-

2078 5705 2279 5777 gundio:
2308 5712 2350 5756 et
2376 5702 2655 5777 juvenibus.
2694 5702 2863 5777 8011.,
2896 5702 3209 5776 Burgundio:
3239 5702 3448 5777 fimbriis.
3480 5713 3652 5764 Cann-

2082 5792 2174 5829 nes
2199 5776 2379 5830 decem
2395 5787 2459 5827 ex
2485 5771 2603 5826 cod.
2634 5785 2733 5827 ms.
2759 5771 3071 5833 RbcmenSis
3099 5771 3347 5836 Ecclesia:
3379 5781 3538 5837 refert
3560 5783 3649 5835 l'e-
