4132 6348
493 348 594 403 ιῖδῖ

1652 334 2073 393 FREDEGARII
2111 332 2552 389 SCHOLASTICI

3655 327 3765 384 656

561 458 1209 531 XI.V.Langobardorum
1232 469 1363 528 gens
1383 453 1837 525 quemadmodum
1871 451 2069 506 tributa
2099 450 2144 510 Α
2176 446 2378 515 pegius,
2411 454 2467 499 et
2515 443 2709 503 Canto.
2752 441 2820 495 ab
2863 442 3043 511 Agone
3082 450 3105 487 ι
3140 455 3262 531 rege
3292 438 3359 531 ad
3387 438 3765 493 Cblotharium

492 558 776 612 duodecim
810 556 970 609 millia
1012 553 1304 607 solidorum
1337 550 1527 605 ditioni
1562 548 1887 604 Francorum
1920 547 2075 600 annis

493 652 717 721 singulis
767 646 1154 708 dissoltebant,
1182 644 1450 707 referam;
1482 640 1565 696 vel
1593 656 1699 710 quo
1724 640 1913 693 ordine
1944 638 2077 691 duas

495 746 756 803 civitalES,
806 742 1097 809 Angustam
1142 748 1194 789 et
1237 735 1471 791 Siusiutn
1507 741 1533 770 ³
1562 749 1683 787 cum
1717 733 2001 787 territoriis
2048 745 2077 784 a

498 844 646 899 υ.ιτιε
684 830 1013 883 Francmum
1055 836 1420 891 cassaverant,
1454 841 1560 881 non
1592 825 1941 879 abscondam.
1977 824 2074 877 De-

497 921 678 976 functo
707 921 834 989 Clt'p
887 921 1123 987 ipsorum
1153 918 1178 957 δ
1210 918 1472 987 principe,
1524 916 1809 972 duodecim
1855 916 2019 970 duces
2055 927 2075 954 ε

500 1015 972 1081 Langobardorum
1003 1012 1285 1066 duodecim
1316 1013 1472 1065 annis
1500 1012 1617 1065 sine
1644 1009 1857 1079 regibus
1890 1008 2081 1062 transi-

502 1116 718 1174 gerunt.
751 1106 977 1175 Ipsoque
1030 1114 1291 1172 tempore,
1320 1104 1456 1157 sicut
1483 1116 1644 1167 supra
1674 1100 1932 1168 scriptum
1962 1099 2085 1167 legi-

500 1212 607 1265 tur,
642 1218 736 1271 per
777 1202 891 1255 loca
940 1202 993 1255 in
1044 1214 1269 1269 regnum
1315 1198 1640 1253 Francorum
1693 1186 2093 1265 proruperuntf

502 1308 597 1359 pro
627 1307 689 1346 ea
740 1292 1157 1360 prmsumptione
1205 1291 1257 1344 in
1288 1289 1676 1358 compositione
1707 1291 1997 1356 Augusmm
2032 1294 2087 1339 et

503 1384 740 1437 Siueium
772 1383 1020 1436 cititates
1049 1397 1167 1435 cum
1202 1381 1408 1449 integro
1454 1378 1669 1434 illorum
1718 1377 1987 1433 territorio
2032 1384 2088 1431 et

504 1476 720 1542 populo,
755 1473 995 1544 partibus
1018 1470 1408 1526 Guntchramni
1442 1470 1797 1525 tradiderunt.
1822 1470 1947 1524 Post
1972 1468 2087 1524 ham

505 1568 825 1637 legationem
856 1564 922 1619 ad
972 1564 1283 1618 Slauricium
1330 1566 1708 1632 imperatorem
1752 1561 2018 1630 dirigunt;
2052 1561 2087 1614 ii

507 1656 791 1713 duodecim
819 1657 985 1711 duces
1014 1656 1252 1725 singulos
1276 1650 1560 1725 legatarios
1585 1656 1874 1718 destinant,
1905 1668 2087 1722 pacem

507 1757 563 1803 et
610 1748 964 1818 patrocinium
1017 1746 1223 1815 imperii
1269 1756 1536 1817 petentes.
1576 1746 1847 1815 lidemque
1874 1755 1925 1799 et
1955 1745 2091 1797 alios

2181 550 2359 605 regem
2395 536 2754 597 destinantur,
2790 541 3034 600 petentes
3067 540 3123 583 ut
3163 529 3251 583 illa
3283 528 3567 583 duodecim
3598 531 3766 585 ntillxa

2181 628 2505 695 solidorum,
2539 641 2658 696 quae
2712 624 2867 678 annis
2921 622 3146 690 singulis
3190 622 3515 675 Francorum
3560 623 3767 675 aerariis

2180 720 2567 785 dissolvebaut,
2614 717 2928 774 debuissent
2975 714 3198 780 cassari,
3248 714 3567 768 exhibentes
3618 712 3767 781 inge.

2183 814 2333 867 niose
2369 813 2630 867 secretius
2659 811 2755 865 tria
2788 810 2949 864 millia
2982 808 3203 872 solidos,
3225 822 3293 860 ex
3324 805 3516 871 quibus
3539 804 3771 859 Warna-

2182 908 2400 963 rharius
2428 908 2597 972 mille,
2635 904 3017 962 Gundelandus
3049 902 3216 967 mille,
3248 912 3299 956 ct
3326 901 3541 955 Chucus
3562 899 3591 936 δ
3617 898 3767 954 mille

2182 1009 2553 1066 acceperunt:
2595 995 2915 1051 Cltlothario
2962 1009 3089 1050 vero
3141 993 3351 1063 triginta
3399 1006 3492 1046 sex
3537 989 3553 1028 ί
3589 987 3759 1044 millia

2186 1093 2479 1147 solidorum
2504 1090 2720 1145 lnsimul
2746 1087 3094 1144 exhibebant.
3119 1087 3295 1152 Quare
3326 1082 3555 1138 consilio
3584 1094 3773 1151 supra-

2186 1186 2529 1253 scriptorum,
2560 1184 2651 1252 qui
2699 1182 2911 1236 occulte
2942 1177 3183 1234 exeniati
3237 1177 3470 1243 Inerant,
3503 1174 3769 1230 Cltlotha-

2188 1278 2298 1330 rius
2343 1275 2455 1344 ipsa
2500 1274 2697 1328 tributa
2731 1288 2760 1325 a
2804 1282 2953 1340 parte
2986 1268 3462 1341 Langobardorum
3509 1266 3775 1331 cassavit;

2189 1367 2551 1423 etamicitiatn
2585 1377 2893 1436 perpetuam
2928 1379 3050 1420 cum
3081 1359 3448 1433 Laugobardis
3467 1372 3779 1414 sacramen-

2192 1460 2259 1515 tis
2282 1469 2335 1515 et
2364 1462 2532 1529 pactis
2563 1459 2818 1513 ﬁrmavit.

2262 1555 2361 1607 Aa.
2391 1564 2603 1606 nchm.
2636 1578 2705 1589 —
2727 1545 2911 1603 XLVI.
2948 1547 3103 1601 Anno
3129 1544 3198 1600 55
3233 1543 3249 1596 i
3287 1544 3438 1613 regni
3469 1541 3773 1597 Cblotharii

2193 1641 2560 1697 Bertetbrudis
2590 1638 2773 1709 regina
2805 1638 3051 1703 moritur,
3075 1652 3234 1706 quam
3267 1636 3425 1689 unico
3474 1648 3663 1686 amore
3700 1630 3782 1685 di-

2195 1736 2402 1789 lexerat
2430 1732 2799 1796 Cblotharins,
2827 1740 2881 1784 et
2906 1743 3097 1784 omnes
3127 1727 3314 1782 leudes
3338 1725 3635 1780 bonitatem
3669 1721 3784 1793 ejus

508 1837 793 1908 legatarios
840 1836 1123 1891 duodecim
1172 1836 1238 1891 ad
1271 1836 1731 1891 Guntcbramnum
1778 1844 1831 1890 et
1873 1834 2089 1892 Cbilde-

2212 1834 2482 1880 :ernentes
2510 1838 2562 1875 Vt
2579 1821 2862 1877 hementer
2882 1830 3217 1874 amaverant.

509 1932 717 1987 bertam
769 1929 1062 1992 destinant,
1106 1938 1162 1982 ut
1211 1929 1564 1998 patrocinium
1618 1937 1671 1981 et
1724 1927 2089 1983 delensioncm

512 2024 839 2078 Francorum
898 2018 1193 2085 habentes,
1244 2018 1525 2074 duodecim
1588 2018 1752 2073 millia
1800 2020 2091 2076 solidorum

512 2119 670 2172 annis
701 2116 925 2186 singulis
972 2115 1056 2170 his
1085 2115 1292 2170 duobus
1324 2114 1538 2183 regibus
1580 2115 1631 2169 in
1665 2114 1856 2169 tributa
1903 2114 2094 2182 imple-

515 2219 657 2276 rent,
692 2210 878 2264 vallem
929 2216 1287 2278 cognomento
1316 2207 1588 2276 Atnetegis
1644 2207 1885 2278 partibus
1927 2208 2096 2263 Gunt-

514 2302 754 2357 chramni
785 2309 1084 2366 cassanles,
1117 2310 1173 2353 ut
1197 2299 1277 2353 his
1316 2300 1523 2370 legatis,
1548 2300 1634 2353 ubi
1671 2302 1786 2366 plus
1831 2315 2097 2370 congrue-

517 2394 629 2460 bat,
679 2392 1033 2463 patrocinium
1080 2392 1180 2447 sibi
1228 2391 1523 2446 ﬁrmarent.
1556 2390 1683 2447 Post
1726 2395 1841 2447 lucc
1892 2393 2099 2463 integra

518 2485 803 2540 deretione
823 2484 1176 2553 patrocinium
1204 2484 1407 2553 eligunt
1435 2480 1782 2539 Francorum.
1799 2483 1905 2538 Nec
1928 2501 2098 2551 tnora,

522 2587 645 2648 post
676 2579 938 2645 permissu
982 2577 1369 2634 Guntchramni
1418 2586 1472 2631 et
1520 2574 1848 2631 Childeberti
1897 2578 2099 2631 Autba-

526 2672 662 2725 rittm
702 2668 730 2707 ά
762 2668 953 2724 ducem
1005 2682 1165 2737 super
1216 2684 1275 2723 se
1317 2668 1654 2739 Langobardi
1710 2670 1998 2723 sublimaut
2050 2672 2101 2726 in

528 2775 714 2830 regno.
744 2760 897 2817 Alius
949 2760 1245 2815 Autharius
1276 2760 1523 2829 idemque
1567 2760 1695 2826 dux,
1726 2778 1845 2815 cum
1900 2764 2106 2832 integro

523 2869 623 2909 suo
654 2855 854 2909 ducatu
896 2864 955 2907 se
1006 2851 1194 2906 ditioni
1245 2851 1463 2906 tradidit
1508 2851 1742 2921 imperii,
1774 2852 1949 2923 ibique
1980 2869 2105 2923 per-

526 2944 742 3010 mansit,
772 2955 825 3002 ct
856 2943 1148 3000 Autharius
1169 2940 1334 3014 626
1362 2960 1451 2998 rex
1487 2945 1680 3017 tr.bttta
1726 2960 1844 3013 qua:
1894 2944 2107 3017 Lango-

530 3040 679 3095 bardi
729 3040 793 3092 ad
849 3048 1054 3107 partem
1110 3034 1437 3090 Francorum
1489 3036 1911 3105 spoponderant,
1955 3037 2111 3092 annis

500 3184 503 3187 .
530 3128 755 3200 singulis
779 3128 1028 3183 reddidit.
1047 3127 1172 3182 Post
1190 3127 1305 3197 ejus
1327 3129 1620 3183 discessum
1647 3127 1783 3182 [ilius
1803 3128 1918 3197 ejus
1935 3134 2045 3197 Ago
2062 3140 2109 3197 ε,

2270 1919 2367 1972 AN.
2400 1930 2597 1971 acuit.
2630 1944 2699 1955 —
2732 1912 2939 1968 XLVII.
2999 1912 3155 1966 Anno
3186 1911 3254 1966 59
3281 1918 3304 1946 ί
3341 1923 3489 1978 regnt
3518 1904 3780 1960 Unlotba-
3856 1916 3857 1919 ‘

2197 2009 2287 2074 rii,
2322 2010 2681 2078 Dagobertum
2722 2007 2891 2061 lilium
2924 2021 3077 2059 suum
3110 2013 3415 2060 consortem
3448 2000 3599 2073 regni
3640 2000 3792 2065 facit,

2198 2113 2427 2169 euntque
2475 2112 2635 2165 super
2683 2099 2990 2153 Austrasios
3036 2111 3217 2167 regem
3269 2094 3519 2157 instituit.
3550 2093 3790 2148 retinens

2199 2191 2300 2247 sibi
2349 2189 2488 2259 quod
2544 2189 2793 2244 Ardeuna
2821 2195 2877 2243 et
2907 2188 3146 2259 Vosagus
3186 2185 3418 2241 lversus
3462 2181 3695 2240 Neuster
3738 2191 3793 2238 et

2205 2284 2563 2356 Burgundiam
2595 2282 2975 2338 excludebant.

2274 2405 2374 2456 An.
2408 2395 2975 2457 sanun—XLVIII.
3024 2396 3181 2452 Anno
3232 2395 3301 2449 ιο
3347 2394 3497 2462 regni
3524 2391 3790 2447 Cblotha-

2205 2490 2291 2558 rii,
2323 2492 2485 2545 homo
2522 2489 2762 2560 quidam,
2796 2488 3010 2543 nomine
3052 2486 3234 2547 Sarno.
3265 2485 3485 2539 natione
3523 2481 3789 2546 Francus,

2205 2585 2273 2639 de
2304 2599 2436 2651 pago
2459 2584 2781 2653 Sennonago
2808 2591 2846 2618 ω
2872 2581 3050 2650 plures
3079 2594 3261 2635 secum
3280 2578 3629 2649 negotiantes
3658 2576 3796 2631 ascio

2207 2675 2301 2742 vit,
2347 2674 2413 2729 ad
2458 2674 2617 2745 627
2648 2672 3009 2727 exercendum
3067 2671 3336 2741 negotium
3391 2671 3444 2723 in
3490 2669 3715 2724 Sclavos
3741 2676 3794 2729 π.

2208 2778 2563 2838 cognomento
2604 2765 2871 2829 Winidos,
2922 2763 3178 2834 perrexit.
3221 2762 3398 2819 Sclavi
3441 2762 3551 2831 jam
3595 2772 3799 2816 contra

2214 2866 2435 2927 Avares,
2462 2871 2818 2932 cognomento
2845 2859 3061 2914 Chunos
3097 2866 3148 2921 ο,
3180 2868 3233 2912 et
3264 2872 3445 2925 regem
3473 2870 3658 2911 eorum
3689 2854 3799 2908 Ga-

2210 2972 2403 3027 ganum
2433 2964 2713 3025 coeperant
2742 2954 3021 3009 rebellare.
3059 2950 3257 3007 Winidi
3291 2948 3490 3004 Bel‘ulci
3524 2958 3549 2996 Ρ
3580 2946 3797 3000 Cltunis

2214 3050 2547 3114 Iuerantjam
2573 3047 2640 3100 ab
2661 3046 2976 3116 antiquitus,
3013 3053 3068 3099 ut
3089 3058 3211 3099 cum
3242 3041 3421 3095 Cbuni
3455 3042 3507 3093 in
3547 3036 3805 3093 exercitu

2213 3151 2399 3195 contra
2446 3151 2660 3209 gentem
2708 3139 3003 3209 quamlibet
3049 3135 3451 3205 aggrediebant,
3483 3130 3659 3187 Chuni
3706 3144 3802 3198 pre

532 3226 586 3278 in
645 3237 870 3294 regnum
913 3219 1270 3289 sublimatus,
1323 3220 1574 3275 similiter
1627 3220 1878 3290 implesse
1924 3220 2103 3292 digno-

2218 3234 2410 3287 castris
2433 3233 2667 3286 adunato
2692 3207 2903 3286 illorum
2922 3228 3163 3283 exercitu
3190 3227 3428 3289 stabant,
3452 3222 3652 3277 Winidi
3676 3235 3805 3276 vero

531 3316 717 3373 scitur.

608 3412 705 3464 Att.
733 3420 927 3462 ocxvu.
950 3437 1020 3447 —
1044 3408 1200 3459 Anno
1250 3404 1319 3459 54
1352 3402 1371 3441 τ
1405 3405 1552 3471 regni
1605 3403 1924 3475 Cblotharu,
1957 3405 2115 3473 legati

541 3510 649 3553 tres
673 3499 878 3552 nobiles
906 3513 971 3551 ex
1002 3506 1162 3566 gente
1187 3495 1657 3566 Langobardorum
1674 3496 1936 3565 Agiull‘us,
1960 3498 2118 3551 Pom-

542 3690 657 3734 trus
686 3675 1039 3732 Delalandein
1068 3675 1448 3744 Supplementa
1476 3675 1813 3744 antiquorum
1847 3672 2117 3733 Concilio-

543 3766 658 3804 rmn
685 3750 890 3810 tiallim,
927 3763 1043 3815 pag.
1073 3748 1161 3808 6‘2,
1190 3748 1253 3798 ad
1287 3762 1376 3801 an.
1405 3745 1529 3810 618,
1558 3760 1692 3815 quos
1717 3750 1766 3800 in
1798 3748 1895 3802 hac
1918 3751 2121 3819 synodo

543 3821 788 3874 conditus
838 3820 1118 3872 existimat.
1163 3818 1476 3889 Complures
1504 3820 1604 3869 sub
1630 3822 1844 3873 nomine
1888 3818 2115 3889 Ilonege‘

542 3893 624 3947 sili
654 3892 789 3945 villa:
814 3890 1009 3943 fat-inm
1037 3891 1194 3941 situm
1214 3888 1364 3940 istius
1383 3888 1667 3952 incertum,
1689 3905 1804 3956 qua:
1830 3893 1969 3954 regia
1997 3888 2119 3957 fuit;

542 3964 701 4031 vulgo
729 3961 975 4017 dicuntur
1020 3958 1220 4011 Bonetl.
1276 3958 1369 4011 llic
1388 3960 1638 4031 Quintius
1687 3962 1959 4030 designari
2013 3966 2123 4016 vult

542 4048 658 4088 eam
685 4050 801 4098 qua:
832 4036 882 4085 in
931 4032 1136 4090 llrieaio
1178 4044 1340 4096 prope
1381 4030 1676 4083 Matronam
1716 4033 1814 4083 sita
1854 4045 1934 4085 est
1985 4033 2123 4086 haud

583 4102 730 4157 roeul
787 4119 814 4155 a
863 4103 1073 4156 Calensi
1125 4106 1478 4174 morriaster‘to;
1512 4101 1597 4174 alii
1640 4103 1863 4174 alteram
1908 4106 1959 4157 in
1998 4119 2125 4174 agro

589 4176 832 4228 arisiensi
864 4174 1107 4241 positam.
1147 4171 1273 4223 Vide
1302 4172 1391 4222 lib.
1420 4186 1468 4222 iv
1496 4172 1561 4224 de
1584 4173 1660 4225 Ite
1694 4172 1979 4240 Diplomat.

620 4254 644 4281 ⁸
680 4250 749 4300 lia
770 4258 846 4299 est
865 4252 1083 4313 augusta
1110 4242 1361 4313 Prrmtoria
1387 4243 1747 4313 Salassnrnm,
1767 4246 1925 4313 vulgo
1943 4246 2126 4309 Aousl;

545 4316 761 4370 Su~iutn
808 4330 959 4378 vero.
992 4328 1086 4367 seu
1139 4312 1443 4383 Segusiutn,
1492 4312 1661 4375 Snze;
1701 4330 1821 4383 qua:
1864 4312 2019 4368 antea
2053 4332 2123 4369 ex

547 4386 697 4439 Italia
748 4386 1152 4448 Transpadana,
1210 4388 1320 4433 tum
1372 4381 1425 4434 in
1481 4381 2121 4451 Ligurialcenscbuntur,

552 4468 673 4520 post
699 4457 834 4508 hanc
859 4454 1155 4506 cessionem
1178 4452 1241 4521 ad
1262 4453 1616 4518 Iinrgundiam
1642 4456 1972 4521 pertinuere.
1994 4455 2127 4510 Vide

551 4523 746 4578 Valesii
774 4524 1035 4577 notitiam.
1072 4522 1194 4582 Ed.,
1225 4520 1382 4583 inira,
1413 4526 1481 4573 ait
1509 4520 1723 4590 partem.

2218 3324 2551 3392 pugnabant;
2582 3322 2781 3377 sivero
2806 3323 2872 3375 ad
2902 3319 3221 3374 vincendum
3256 3316 3645 3386 praevalebant,
3677 3322 3805 3368 tunc

2217 3415 2388 3469 Cliuni
2435 3414 2641 3481 prmdas
2692 3415 3013 3481 capiendum
3046 3410 3460 3482 aggrediebant;
3492 3408 3576 3462 sin
3623 3416 3807 3461 autem

2218 3504 2419 3560 Winidi
2464 3507 2876 3575 superabantur,
2911 3504 3224 3559 Chunorum
3252 3501 3457 3557 auxilio
3488 3499 3609 3553 fulti
3664 3498 3807 3553 vires

2224 3684 2413 3737 laneus
2436 3683 2488 3737 in
2513 3682 2756 3737 Neustria
2788 3692 2839 3735 et
2869 3681 3003 3736 forte
3023 3680 3237 3736 Cltucus
3264 3679 3315 3733 in
3346 3676 3561 3734 Austris
3598 3674 3813 3731 Radoni

2226 3770 2383 3816 supra
2418 3764 2710 3807 memorato
2733 3763 3083 3806 SIICCt'SSPI'iIl.

2304 3823 2318 3862 ὶ
2352 3824 2509 3877 Freh.
2540 3834 2594 3877 et
2622 3822 2848 3886 Chcsn.,
2883 3825 3087 3893 triginta
3109 3824 3349 3891 quinque.

2300 3896 2314 3946 l
2353 3894 2441 3950 Sic
2463 3895 2626 3959 Clar.;
2656 3903 2709 3947 at
2730 3893 2879 3949 Colb.
2908 3888 3169 3949 habet58.
3198 3890 3529 3956 Boh.,Ches.
3556 3900 3605 3943 et
3641 3888 3810 3945 Freb.

2226 3980 2345 4020 cum
2368 3968 2645 4034 Anonymo
2671 3974 2725 4019 et
2755 3966 3021 4028 Aimoino,
3052 3965 3151 4026 36;
3181 3964 3269 4017 alii
3295 3964 3420 4026 Ed.,
3444 3962 3533 4034 ῥυ.
3562 3960 3811 4034 Berctru-

2228 4038 2347 4092 dem
2402 4031 2638 4089 nonnulli
2686 4038 2873 4089 volunt
2916 4038 2966 4088 in
3015 4034 3242 4089 ect'lesia
3269 4035 3439 4089 sancti
3469 4031 3629 4093 Petri,
3665 4048 3809 4084 nunc

2229 4108 2402 4160 sancti
2439 4108 2700 4168 Andneui,
2726 4106 3027 4173 Rotomagi,
3060 4105 3321 4171 sepultam
3347 4102 3531 4173 fuisse,
3557 4101 3645 4155 ubi
3664 4101 3813 4169 jacet

2230 4178 2538 4233 Aldetrudis
2566 4178 2731 4231 altera
2762 4172 3002 4247 ejusdem
3046 4178 3184 4245 regis
3233 4191 3388 4229 uxor.
3424 4172 3531 4247 Sed
3560 4173 3812 4247 lieretru-

2230 4248 2351 4302 dem
2400 4247 2539 4315 apud
2592 4244 2837 4301 sanctum
2886 4244 3212 4302 Germanum
3244 4260 3273 4298 a
3324 4245 3496 4298 l‘ratis
3543 4244 3812 4315 sepultam

2232 4321 2395 4372 luisse
2420 4313 2523 4371 non
2547 4318 2718 4371 solum
2747 4318 2937 4384 probat
2966 4318 3191 4370 aliorum
3217 4315 3538 4383 scriptorum
3572 4313 3811 4384 auctori-

2234 4398 2334 4453 tas,
2366 4390 2456 4442 sed
2481 4390 2680 4443 evincit
2704 4382 2820 4456 ejus
2848 4389 3175 4455 sepulcrum,
3213 4382 3353 4455 quod
3383 4385 3583 4456 aliquot
3604 4382 3815 4456 abhinc

2233 4452 2385 4511 annis
2408 4452 2777 4523 erutum,cuin
2805 4452 3014 4514 czeteris
3039 4452 3544 4527 regtttn'tumulis'in
3568 4452 3811 4527 ejusdem

2232 4532 2472 4600 ecclesia}
2518 4522 2847 4600 prchyterio
2875 4522 3195 4583 collocatitm
3227 4541 3327 4591 est,
3360 4542 3480 4580 eum
3518 4522 3694 4594 lapide
3718 4522 3813 4594 qui

622 4592 647 4631 ιι
682 4595 869 4669 Fiet)”
900 4592 1133 4669 Clepioso
1160 4578 1381 4646 summa.
1408 4578 1531 4660 Ch.',
1564 4592 1748 4663 Clepeo
1784 4608 2001 4650 summa.
2034 4599 2093 4651 AI

2228 4599 2347 4669 ejus
2371 4578 2599 4662 elligietn
2632 4578 3559 4667 recentervscnlptain'repricsentat.

548 4665 671 4731 Ed.,
707 4666 938 4734 C(epioso
966 4664 1210 4732 principe.

625 4748 646 4775 ε
684 4736 879 4791 Paulus
915 4738 1057 4790 Diae.
1091 4734 1302 4804 ttiginta
1334 4734 1569 4805 quinque
1594 4733 1952 4789 duceS'Iuisse
1985 4749 2119 4790 scrt-

548 4809 625 4865 bit
653 4811 745 4864 lib.
778 4825 815 4863 ιι
843 4824 964 4877 cap.
997 4805 1083 4859 39..

621 4877 648 4917 ἀ
684 4879 839 4936 Colb.
863 4874 1141 4947 et'aliquot
1158 4874 1676 4945 Ed.,Cltlot/tarium.
1694 4875 1818 4947 Alii,
1842 4875 2125 4931 cumCItlo-

550 4953 738 5007 thario.
767 4950 901 5005 Vide
925 4945 1109 5004 lib.'nt
1143 4948 1272 5002 Ilist.
1310 4947 1475 5015 Lang.
1514 4947 1664 4999 I’anl.
1692 4945 1838 5002 Diue.

622 5036 643 5058 θ
674 5027 789 5093 Ago
819 5038 913 5076 seu
943 5020 1200 5089 Agilull‘us
1222 5018 1658 5093 _A|lllial‘lI“IlIIUS
1690 5033 1793 5072 non
1826 5018 1939 5093 fuit.
1975 5020 2124 5075 Unde

548 5093 662 5148 haec
707 5089 770 5147 ad
806 5093 1158 5147 Adnloaldum
1206 5090 1407 5149 Agonis
1461 5089 1623 5143 lilium
1656 5091 1953 5145 revocanda
2004 5107 2125 5146 esse

547 5166 763 5233 cuttjirit
807 5164 1073 5218 Valesius.
1112 5163 1220 5221 Sed
1270 5161 1623 5232 Fredegarius
1654 5166 1855 5227 putavit
1884 5166 2123 5230 Agonem

550 5236 796 5290 Autharii
829 5237 997 5290 fuisse
1020 5234 1209 5298 (ilium,
1233 5233 1373 5303 quod
1397 5235 1529 5303 elgin
1560 5245 1724 5299 regno
1751 5235 2121 5289 successisset.

534 5358 538 5373 ,
624 5308 639 5345 ί
674 5311 763 5361 Sic
793 5306 1024 5359 Claront.
1056 5301 1270 5368 Cmteri,
1295 5318 1429 5355 anno
1453 5301 1542 5373 33.
1573 5304 1659 5370 qui
1690 5313 1770 5355 est
1797 5305 1923 5358 618.

514 5407 535 5427 λ
618 5388 643 5422 κ
675 5379 797 5442 Alii,
835 5376 1119 5443 Agilulfus,
1152 5375 1450 5443 Pompeius,
1484 5372 1778 5443 Guto.iAgo
1818 5385 2017 5439 autem,
2045 5390 2124 5428 se-

547 5447 777 5501 cundum
811 5442 1004 5501 Coiutii
1060 5442 1344 5509 calculum,
1395 5454 1520 5497 tunc
1561 5442 1841 5497 defunctus
1892 5456 2029 5498 erat.
2061 5446 2119 5500 Si

550 5530 750 5579 tamen,
800 5528 857 5570 nt
898 5518 1017 5571 aliis
1060 5518 1253 5584 placet.
1288 5532 1375 5570 an.
1411 5513 1515 5569 592
1546 5515 1793 5566 thronum
1842 5515 2008 5568 subiit
2057 5519 2120 5568 ad

547 5604 715 5639 annos
733 5588 822 5650 9.3,
845 5598 899 5638 ut
920 5588 1104 5640 scribit
1125 5588 1313 5640 Paulus
1346 5588 1513 5647 Diac.,
1546 5585 1609 5636 ad
1628 5584 1765 5636 hunc
1796 5599 1993 5639 annum
2019 5586 2122 5640 6l7

551 5661 812 5725 pervenit,
848 5658 1075 5725 indeque
1109 5658 1404 5710 lirmabitur
1432 5655 1555 5711 eod.
1583 5653 1815 5707 Clarum.
1844 5656 2022 5709 lectio.

620 5727 644 5765 δ
681 5730 801 5791 Alii,
841 5727 1155 5791 Hunus,sen
1180 5742 1298 5779 cum
1322 5725 1746 5781 Caunii/tuitus.
1781 5727 1944 5779 Porro
1975 5726 2123 5781 War-

553 5802 831 5853 nncliarius
864 5809 977 5852 erat
1016 5797 1182 5854 maior
1222 5799 1409 5851 damus
1457 5799 1506 5850 in
1554 5796 1876 5861 Bttrgttndia,
1910 5794 2123 5852 (itm-le~

2302 4668 2327 4707 ιι
2359 4670 2428 4724 Ita
2456 4670 2621 4732 Clar.,
2652 4671 2806 4724 (Iolb.
2834 4680 2884 4722 et
2912 4671 3065 4724 Alex.
3088 4686 3207 4723 cum
3230 4669 3495 4731 Aimoino,
3519 4679 3812 4737 anonymo,

2231 4738 2516 4793 Valesioet
2541 4742 2771 4794 exteris.
2811 4742 2947 4793 καίιί
2984 4751 3334 4805 tamen,mmo
3361 4737 3451 4793 58.

2309 4808 2325 4847 ¹
2362 4812 2526 4868 Silva:
2562 4810 2873 4876 natissimte,
2904 4811 2975 4865 les
3012 4811 3116 4865 bois
3157 4804 3478 4863 d’Ardennes
3518 4808 3653 4862 etde
3685 4804 3816 4861 Vos-

2266 4897 2338 4935 88.

2266 4900 2338 4935 es.

2232 4900 2261 4952 θ
2304 4962 2341 4988 ιε
2377 4951 2471 5006 E-l.
2509 4949 2742 5021 plerique
2770 4953 2821 5006 in
2851 4952 3085 5017 margine
3113 4950 3308 5006 habent
3335 4947 3647 5021 Sermonico,
3672 4946 3815 5015 quod

2236 5024 2371 5077 forte
2416 5020 2667 5078 Senones
2708 5024 2904 5093 (Sena)
2936 5025 3202 5077 celebrem
3248 5022 3298 5093 in
3332 5020 3505 5093 Gallia
3554 5021 3816 5093 populum

2234 5098 2320 5148 hic
2365 5094 2630 5163 designari
2670 5092 2937 5161 putarent.
2984 5098 3050 5146 At
3080 5093 3170 5146 alii
3201 5092 3403 5163 malunt
3432 5092 3809 5163 ghuncnlocum

2235 5158 2571 5232 interpretari
2599 5158 2693 5234 dei
2712 5180 2846 5231 pago
2874 5164 3156 5234 Seuonago
3186 5161 3471 5233 (Sengaw),
3505 5163 3559 5215 in
3592 5158 3815 5214 llanuo-

2232 5235 2343 5298 nia,
2382 5235 2470 5289 ubi
2500 5232 2756 5303 Sonegia,
2781 5237 2979 5288 nostris
3007 5232 3263 5305 Soiynies,
3282 5234 3527 5305 habetur.

2302 5296 2556 5358 nEorum
2608 5296 2929 5372 provincia),
2976 5296 3258 5373 ltodiEqne—
3296 5301 3525 5373 Alarcltia
3571 5296 3817 5373 SYinido—

2231 5391 2369 5438 rum,
2402 5368 2705 5438 Sclavonia,
2755 5387 2807 5429 et
2849 5368 3125 5429 Carinthia
3155 5368 3428 5427 dicuntur.
3474 5370 3549 5426 De
3580 5368 3819 5425 Winidis

2233 5456 2286 5499 et
2313 5447 2570 5511 ejusmodi
2604 5448 2853 5513 gentibus
2886 5446 3151 5507 barbaris,
3178 5459 3471 5513 eorumque
3518 5441 3819 5513 originibus

2237 5510 2457 5587 legenda
2510 5510 2743 5584 [lagonis
2792 5515 2963 5571 Grodi
2995 5510 3472 5585 prolegomena'in
3520 5510 3816 5567 Historiam

2234 5584 2577 5647 Gdlllmrttm,
2610 5596 2718 5640 CIC.

2308 5667 2332 5693 ο
2367 5658 2487 5721 Alii,
2523 5656 2767 5721 Hunnus,
2791 5665 2845 5709 et
2867 5654 2941 5710 sic
2964 5668 3200 5724 semper.

2309 5740 2334 5777 ιι
2368 5727 2641 5785 ιιίηθῑωηη
2664 5725 2878 5791 ΒίῙιιιςὶ,
2910 5726 2987 5781 sic
3008 5722 3311 5796 dictigsunt.
3339 5724 3478 5796 quod
3513 5722 3592 5782 his
3618 5738 3797 5796 pugna

2236 5811 2381 5859 rent;
2415 5809 2463 5851 et
2496 5800 2626 5853 inl'ra
2660 5799 2793 5852 sicut
2816 5796 2974 5855 Cbes.
3005 5799 3095 5862 a|.,
3136 5793 3380 5863 Pi'u'lulti
