4132 6348
380 374 479 431 G37

1805 360 2218 417 CllliONlCUM.

3538 376 3643 435 638

377 486 739 543 resumebant.
774 485 895 541 ideo
947 482 1145 540 Befulci
1194 485 1519 537 vocabantur
1563 496 1591 535 a
1635 479 1856 541 Cliunis,
1890 496 1953 533 eo
1983 480 2033 539 Α
2059 481 2218 546 ciam,
2250 482 2498 550 superbia
2544 482 2737 549 elatus,
2773 486 3032 543 adversus
3061 488 3420 544 Charoaldum
3459 505 3639 563 regem

377 577 518 645 quod
552 577 747 640 duplici
774 574 826 630 in
852 576 1238 646 congressione
1268 574 1576 629 certaminis
1598 575 1782 627 vestita
1816 587 1956 641 prte-

376 672 442 723 lia
476 668 731 723 facientes
774 680 898 724 ante
925 666 1141 723 Chunos
1188 668 1551 736 prmccderent
1576 674 1624 719 ει.
1663 665 1834 720 Chuni
1886 666 1951 718 ad

376 760 718 815 liieinanilum
769 760 923 813 annis
981 760 1203 828 singulis
1256 759 1307 811 in
1361 758 1585 813 Sclavos
1636 754 1950 820 veniebant;

378 863 575 903 uxores
613 852 923 904 Sclavorum
953 860 1005 903 ct
1050 849 1184 902 tilias
1215 864 1397 903 eorum
1444 858 1613 902 stratu
1642 848 1950 911 sumebant;

376 943 573 995 tr.bnta
604 957 766 1009 super
792 944 924 995 alias
946 944 1323 1010 oppressiones
1355 942 1531 996 Sclavi
1556 940 1759 993 Cliunis
1781 939 1957 993 solve-

372 1036 521 1087 haut.
555 1026 675 1088 Filii
701 1034 1033 1101 (lliunorum,
1066 1048 1199 1102 quos
1230 1034 1282 1087 in
1318 1048 1513 1087 uxores
1536 1030 1872 1085 Winidorum
1899 1038 1953 1084 et

372 1126 508 1181 lilias
532 1136 916 1194 generaverant
946 1125 993 1192 δ,
1030 1128 1241 1182 tandem
1290 1142 1392 1180 non
1443 1124 1763 1181 suli'erentes
1815 1123 1953 1177 hanc

373 1219 627 1271 malitiam
662 1218 800 1273 ferre
834 1228 885 1272 et
910 1221 1339 1288 oppressionem,
1363 1214 1674 1272 Chunorum
1705 1214 1953 1269 domina-

372 1311 570 1365 tionem
598 1317 873 1379 negantes,
910 1319 964 1362 ut
991 1323 1150 1375 supra
1202 1308 1445 1373 memini,
1477 1314 1752 1375 cmperant
1779 1302 1953 1358 rebel-

371 1400 653 1454 lare.Cum
682 1400 733 1453 in
758 1402 995 1457 exercitu
1029 1400 1229 1455 Winidi
1260 1409 1444 1454 contra
1472 1397 1694 1454 Chunos
1728 1396 1951 1450 fuissent

368 1494 630 1560 aggressi,
648 1491 809 1548 Samo
834 1495 1129 1562 negotians,
1148 1494 1213 1549 de
1242 1509 1345 1562 quo
1364 1493 1654 1547 memoravi
1676 1492 1946 1561 superius,

367 1596 489 1636 cum
523 1582 653 1651 ipsis
687 1583 737 1637 in
766 1586 1001 1638 exercitu
1033 1584 1291 1652 perrexit,
1328 1584 1507 1652 ibique
1532 1592 1675 1636 tanta
1705 1583 1822 1650 ejus
1853 1579 1950 1635 fuit

370 1675 591 1743 utilitas,
636 1686 694 1730 ut
743 1679 937 1730 mirum
985 1677 1191 1742 fuisset,
1232 1685 1287 1731 et
1332 1675 1495 1731 nimia
1548 1673 1834 1727 multitudo
1881 1672 1949 1727 de

366 1766 570 1822 Chunis
612 1766 788 1838 gladio
820 1767 1156 1823 Winidoruin
1208 1766 1468 1822 trucidata
1511 1766 1717 1820 fuisset.
1744 1765 1942 1823 Winidi

2058 584 2297 641 cmperat
2320 575 2604 632 rebellare.

2131 684 2215 740 Ll.
2246 686 2595 756 Gundebcrga
2626 704 2803 760 regina
2836 705 2953 745 cum
2976 699 3119 746 esset
3142 692 3359 761 pulchra
3389 705 3631 763 aspectu,

2058 777 2283 848 benigna
2336 777 2386 832 in
2435 780 2658 845 cunctis,
2716 792 2767 835 et
2834 786 3031 852 pietate
3079 782 3408 852 plenissima,
3479 786 3632 840 Chri-

2056 871 2247 933 stiana,
2282 870 2638 941 elcemosynis
2668 876 2839 943 larga,
2860 877 3198 943 priecellente
3230 878 3466 932 bonitate
3496 880 3633 947 ejus,

2056 963 2376 1033 diligebatur
2396 980 2424 1016 a
2454 966 2680 1019 cunctis.
2714 967 2883 1022 1101110
2905 970 3141 1037 quidam,
3172 971 3387 1025 nomine
3415 971 3631 1026 Adalnl-

2058 1054 2159 1117 fus,
2193 1070 2256 1109 ex
2294 1072 2491 1124 genere
2522 1056 3014 1126 Langobardorum,
3051 1076 3170 1115 cnm
3202 1062 3253 1115 in
3283 1063 3399 1115 aula
3454 1062 3633 1132 palatii

2054 1146 2266 1223 assidue
2298 1149 2361 1201 ad
2391 1150 2703 1219 obsequium
2738 1152 2876 1221 regis
2930 1162 3363 1218 conversaretur,
3404 1154 3632 1223 quadam

2050 1222 2173 1293 'vice
2215 1240 2278 1293 ad
2313 1242 2547 1308 reginam
2596 1242 2836 1307 veniens,
2868 1260 2986 1297 cum
3031 1244 3081 1298 in
3126 1249 3244 1314 ejus
3287 1255 3454 1301 staret
3498 1261 3631 1302 con-

2053 1341 2260 1397 Spectu,
2293 1331 2643 1403 Guinleberga
2684 1335 2866 1405 regina
2892 1351 3013 1390 eum
3042 1338 3182 1391 810111
3207 1346 3261 1390 et
3290 1349 3518 1392 caateros
3548 1338 3631 1392 di-

2054 1421 2246 1489 ligens,
2277 1423 2409 1477 dixit
2455 1427 2693 1479 honesue
2738 1438 2957 1487 statura:
3002 1425 3307 1481 Adalulfuin
3338 1430 3497 1482 fuisse
3525 1428 3631 1483 for-

2054 1524 2276 1569 matum.
2314 1514 2403 1568 ille
2434 1516 2547 1570 haec
2579 1516 2801 1571 audiens
2830 1516 2896 1571 ad
2929 1516 3337 1590 Gundcbergain
3368 1520 3629 1576 secretius

2051 1601 2147 1666 ait,
2183 1600 2395 1657 dicens:
2421 1603 2670 1659 Formam
2689 1615 2857 1661 status
2890 1609 2991 1661 mei
3013 1618 3036 1645 ο
3064 1607 3279 1662 laudare
3310 1610 3519 1680 dignata
3550 1626 3629 1680 es,

2050 1690 2242 1746 stratui
2294 1702 2383 1744 tuo
2420 1693 2552 1761 jobe
2584 1710 2668 1749 ine
2712 1696 3051 1765 subjungere.
3087 1697 3180 1751 Illa
3212 1695 3420 1752 fortiter
3465 1700 3631 1753 dene-

2052 1796 2203 1849 gans,
2234 1796 2462 1851 eumque
2486 1783 2781 1849 despiciens
2812 1787 2862 1838 in
2912 1787 3097 1840 faciem
3147 1790 3377 1855 exspuit.
3414 1788 3631 1844 Adalul-

364 1870 648 1917 cernentes
681 1863 962 1918 utilitatem
1010 1862 1278 1928 Samonis,
1308 1877 1429 1916 cum
1463 1878 1625 1931 super
1654 1877 1711 1918 se
1741 1862 1936 1931 eligunt

2055 1872 2134 1925 fus
2157 1888 2382 1927 cernens
2412 1872 2643 1944 62950
2674 1878 2795 1930 vita:
2822 1879 3114 1945 periculum
3142 1878 3359 1943 habere,
3388 1880 3453 1933 ad
3485 1879 3623 1934 Cha-

366 1953 679 2021 regem,ubi
712 1955 925 2023 triginta
954 1955 1188 2024 quinque
1221 1969 1389 2008 annos
1418 1954 1664 2023 regnavit
1695 1952 1942 2008 feliciter.

367 2043 523 2099 Plura
570 2046 748 2114 przelia
798 2057 983 2101 contra
1034 2045 1252 2100 Chunos
1303 2060 1402 2099 suo
1452 2046 1713 2115 regimine
1744 2043 1945 2099 Winidi

361 2146 659 2205 gesserunt,
695 2154 793 2192 suo
835 2140 1060 2193 consilio
1105 2149 1159 2193 et
1206 2136 1437 2194 utilitate
1484 2136 1685 2193 Winidi
1732 2154 1947 2204 semper

363 2236 707 2298 superarunt.
740 2230 903 2285 Samo
953 2229 1235 2284 duodecim
1279 2232 1474 2284 uxores
1513 2245 1576 2285 ex
1608 2246 1802 2298 genere
1831 2229 1946 2285 Wi~

364 2317 614 2371 nidorum
665 2318 913 2382 habebat,
944 2319 1013 2373 de
1056 2318 1248 2388 quibus
1297 2319 1481 2389 viginti
1526 2318 1664 2375 duos
1711 2321 1845 2376 lilios
1890 2329 1941 2376 et

360 2408 662 2478 quindecim
691 2411 824 2464 lilias
848 2410 1051 2466 habuit.

370 2490 373 2491 ν
430 2500 615 2558 XLIX.
648 2503 872 2573 Ipsoque
894 2520 1036 2556 anno
1059 2501 1125 2557 10
1147 2502 1466 2567 Chlotharii,
1491 2503 1815 2560 Adaloaldus
1843 2521 1939 2561 rex

359 2588 831 2665 Langobardorum
878 2594 1018 2650 [ilius
1062 2596 1263 2664 Agonis
1310 2596 1467 2667 regis.
1504 2613 1625 2652 cum
1676 2599 1808 2666 patri
1843 2614 1941 2654 suo

356 2687 713 2741 successisset
739 2687 975 2758 523m
1010 2702 1197 2755 regno,
1232 2687 1458 2756 legatum
1499 2686 1736 2742 Mauricii
1772 2690 1941 2758 impe-

356 2779 573 2843 ratoris,
607 2781 822 2833 nomine
863 2779 1171 2842 Eusebium,
1207 2783 1482 2847 ingeniose
1523 2780 1589 2833 ad
1621 2796 1680 2836 se
1706 2783 1934 2836 venien-

358 2876 465 2923 tem
500 2868 728 2938 benigne
750 2874 1005 2939 suscepit.
1035 2871 1290 2924 lnunctus
1317 2871 1367 2923 in
1399 2871 1589 2924 balneo
1613 2872 1794 2925 nescio
1819 2873 1937 2942 qui-

357 2959 454 3014 bus
509 2960 790 3030 unguentis
839 2959 906 3013 ab
956 2960 1071 3027 ipso
1104 2959 1335 3013 Eusebio
1390 2960 1841 3029 persuadebatur;
1885 2971 1939 3017 et

359 3063 475 3118 i-ost
508 3052 642 3106 hanc
675 3054 979 3108 unctionezii
1032 3053 1388 3121 nequidquam
1440 3052 1605 3117 aliud,
1644 3054 1742 3106 nisi
1793 3054 1933 3123 quod

355 3146 422 3199 ab
456 3140 685 3200 Eusebio
719 3144 1050 3209 hortabatur,
1081 3146 1254 3197 facere
1283 3152 1507 3212 poterat.
1545 3142 1839 3199 Persuasus
1868 3147 1935 3201 ab

356 3234 471 3306 ipso
512 3244 568 3291 ut
597 3239 850 3307 primates
889 3243 943 3289 et
974 3236 1262 3289 nobiliores
1286 3246 1505 3289 cunctos
1530 3238 1579 3289 in
1610 3253 1772 3307 regno
1796 3237 1930 3291 Lan-

354 3326 705 3399 gobardorum
731 3326 1030 3381 interiit-ere
1067 3326 1360 3389 ordinaret,
1396 3326 1596 3380 eisdem
1629 3329 1929 3393 exstinctis,

354 3435 413 3472 se
442 3434 561 3472 cuni
590 3417 733 3472 omni
765 3430 923 3489 gente
966 3416 1434 3487 Langobardorum
1470 3418 1697 3487 imperio
1731 3420 1931 3473 Mauri-

354 3512 420 3563 cii
448 3512 702 3566 traderet.
744 3508 896 3576 Quod
928 3526 1046 3563 cum
1074 3509 1183 3579 jam
1214 3508 1493 3563 duodecim
1540 3526 1603 3563 ex
1639 3510 1738 3577 eis,
1770 3511 1931 3565 nullis

355 3603 521 3672 culpis
544 3600 1095 3671 exslantibus,gladio
1122 3601 1460 3666 trucidasset,
1492 3600 1679 3669 reliqui
1706 3617 1932 3657 cernen-

357 3705 435 3750 tes
476 3711 658 3749 Clll'llm
691 3711 809 3749 esse
841 3694 960 3748 vite
994 3692 1310 3763 periculum,
1352 3693 1411 3748 L.
1446 3695 1802 3749 Charoaldum
1835 3699 1933 3750 du-

355 3802 472 3839 cem
505 3785 911 3851 Taminenscni,
961 3788 1049 3854 qui
1100 3802 1407 3853 germanam
1464 3786 1741 3843 Adulualdi
1792 3791 1931 3859 regis

358 3880 583 3934 habebat
612 3896 853 3943 uxorem,
882 3881 1099 3933 nomine
1146 3874 1577 3949 Gundebergain,
1609 3897 1795 3937 omnes
1845 3900 1931 3937 se—

356 3974 537 4027 niores
591 3983 644 4028 et
693 3972 1012 4027 nobilissimi
1065 3972 1538 4039 Langobardorum
1601 3977 1773 4043 gentis
1827 3993 1931 4031 uno

355 4067 721 4134 conspirantes
775 4066 1019 4129 consilio,
1055 4066 1104 4117 in
1140 4080 1357 4133 regnum
1400 4066 1603 4135 eligunt
1631 4069 1929 4121 subliman-

354 4157 502 4211 diim.
559 4157 904 4222 Adaloaldns,
968 4172 1173 4209 veneno
1228 4154 1417 4208 hausto
1453 4166 1503 4221 θ,
1536 4157 1749 4210 interiit.
1793 4159 1932 4214 (ilia-

357 4252 573 4305 roaldus
601 4252 779 4304 statim
819 4265 1037 4318 regnum
1076 4250 1320 4316 arripuit.
1344 4249 1484 4304 Taso
1512 4266 1652 4304 unus
1688 4268 1750 4305 ex
1783 4253 1932 4307 duci-

356 4344 454 4397 bus
484 4343 951 4412 Langobardorum
982 4357 1102 4396 cutn
1123 4351 1302 4410 ngeret
1325 4340 1621 4397 Tuscanain
1654 4340 1678 4379 ά
1711 4345 1925 4413 provin-

428 4544 451 4578 ·
485 4536 622 4596 Editi
671 4554 725 4595 ut
769 4542 1073 4610 plurimum,
1107 4544 1376 4597 certamine
1412 4544 1700 4599 utebantur.
1734 4544 1922 4615 Cliuni,

356 4621 460 4667 CIC.

426 4683 452 4724 δ
486 4685 609 4748 Alii,
639 4683 689 4737 in
721 4684 1083 4741 uxoribus.....
1114 4694 1161 4737 et
1224 4684 1424 4748 ﬁliabus
1453 4686 1782 4751 generabant.

431 4760 452 4795 δ
485 4758 572 4809 Sic
594 4758 690 4808 Ch.
725 4771 775 4809 et
805 4754 1000 4821 Fieh.;
1028 4757 1115 4809 alii
1149 4755 1268 4817 EtL,
1303 4773 1489 4809 veneno
1516 4759 1752 4825 infectus.
1784 4758 1925 4814 Clar.

354 4836 406 4879 et
438 4826 595 4881 Freh.
650 4829 746 4894 aL,
785 4841 985 4880 aucms.
1036 4826 1163 4881 Item
1200 4842 1250 4879 ei
1285 4826 1445 4879 Frch.
1491 4831 1583 4894 al.,
1626 4840 1825 4883 unctus.
1863 4831 1927 4883 Et

358 4898 489 4950 iolrn
521 4899 661 4952 Taso
689 4906 828 4967 apud
860 4900 1021 4953 (ibes.
1053 4899 1126 4952 al.
1160 4898 1351 4952 dicitur
1380 4896 1513 4950 Taro
1544 4912 1595 4952 et
1618 4902 1741 4965 A30,
1765 4910 1820 4953 et
1848 4906 1926 4956 sic

356 4969 508 5023 infra.

422 5038 447 5076 ἀ
482 5041 569 5092 Sic
595 5037 741 5091 Clar.
776 5037 937 5091 Freh.
964 5037 1034 5092 al.
1068 5045 1119 5091 et
1150 5034 1311 5090 Ches.
1330 5034 1428 5099 al.,
1454 5036 1503 5088 id
1535 5047 1634 5095 est.
1662 5037 1923 5093 Tusciam.

357 5109 454 5164 Alii
475 5112 526 5163 in
554 5110 848 5162 Tussirana.
875 5109 981 5173 AL,
1012 5118 1218 5160 teneret.
1238 5108 1308 5159 De
1326 5109 1354 5160 'l
1372 5109 1550 5159 asenis
1578 5124 1729 5167 nece,
1763 5108 1922 5174 infra,

357 5197 501 5234 tium.
536 5181 623 5235 69.
654 5179 987 5232 Cliaroaldus
1034 5194 1063 5230 a
1094 5179 1255 5230 Paulo
1298 5178 1442 5229 Iliae.
1476 5178 1565 5228 lib.
1598 5194 1646 5229 iv
1689 5180 1925 5245 appella.

357 5261 441 5305 tur
471 5250 795 5307 Roilozildus,
819 5262 871 5303 ct
901 5252 978 5303 sic
1014 5251 1111 5299 (1h.
1134 5249 1241 5308 aL;
1271 5247 1366 5299 sed
1394 5258 1602 5299 veteres
1629 5250 1920 5316 praemitte-

356 5322 483 5375 baiit
514 5326 740 5375 illltfl‘alll
778 5322 838 5382 Il,
867 5332 919 5374 et
944 5320 1345 5373 Chrodoaliluin
1396 5321 1825 5383 pronuntiabant.
1861 5323 1917 5375 Si

360 5404 533 5445 tamen
569 5406 709 5445 recta
742 5404 1036 5452 temporum
1068 5388 1233 5441 series
1257 5389 1591 5448 observetur,
1612 5389 1697 5441 hic
1716 5392 1920 5443 Arioal-

356 5463 454 5514 (lus
479 5465 593 5528 fuit,
614 5468 697 5515 cui
733 5464 1174 5527 Itotharis,quetn
1206 5459 1333 5511 infra
1365 5460 1919 5513 iiosteraiictorChio-

357 5535 546 5586 larium
594 5535 842 5600 appellat,
877 5543 1157 5592 successu,
1191 5540 1244 5582 et
1284 5528 1406 5581 huic
1457 5529 1781 5585 liodoaldus.
1815 5532 1916 5583 Sed

355 5618 471 5669 qua:
517 5603 599 5655 hic
647 5606 713 5655 de
760 5603 1060 5653 tiliaroaldo
1106 5601 1374 5665 dicuntur,
1416 5601 1717 5669 tribuuntur
1759 5601 1917 5668 infra,

355 5668 476 5741 cap.
523 5675 589 5725 ’111
628 5683 681 5725 et
720 5674 807 5735 Ἠ,
850 5672 1147 5723 (31110111ιί11.
1198 5672 1261 5723 Et
1303 5672 1514 5741 quidem
1574 5668 1917 5737 Fredegarius

357 5738 826 5814 Langobardorum
867 5742 1153 5814 historiam
1171 5738 1391 5814 0111111110
1423 5742 1715 5810 perturbat.
1751 5741 1823 5795 De
1855 5758 1916 5797 ea

358 5812 563 5885 legendi
599 5815 739 5867 l'auli
774 5813 986 5866 Diaconi
1019 5827 1111 5865 sex
1144 5812 1284 5865 libri.

2051 1970 2294 2023 roaldum
2328 1987 2505 2040 regem
2543 1973 2780 2039 protinus
2824 1973 3080 2037 cucurrit,
3119 1984 3303 2041 petens
3348 1984 3403 2028 ut
3448 1990 3627 2030 secre-

2052 2059 2155 2115 tius
2185 2063 2323 2131 qnod
2351 2062 2419 2117 ad
2440 2062 2831 2133 suggercndum
2866 2064 3113 2130 habebat,
3140 2074 3457 2129 exponeret.
3484 2065 3627 2119 Loco

2048 2163 2292 2221 accepto,
2321 2152 2459 2208 dixit
2500 2155 2566 2207 ad
2614 2170 2837 2224 regem:
2874 2156 3096 2210 Domina
3144 2172 3260 2210 mea
3313 2160 3493 2227 regina
3539 2169 3626 2212 tua

2048 2246 2399 2315 Guiiileberga
2447 2248 2585 2315 apud
2616 2246 2883 2301 Tasonem
2925 2247 3115 2302 ducem
3166 2252 3426 2303 secretius
3457 2248 3627 2303 tribus

2045 2340 2237 2394 diebus
2278 2339 2451 2393 locuta
2480 2352 2583 2403 εει,
2614 2349 2668 2394 111
2694 2349 2748 2395 te
2784 2354 2991 2396 veneno
3034 2342 3377 2403 interficeret,
3429 2341 3627 2410 ipsum-

2045 2448 2149 2503 que
2177 2433 2275 2485 sibi
2303 2433 2645 2502 cunjugatuni
2675 2433 2991 2488 sublimaret
3013 2435 3064 2487 in
3097 2449 3340 2501 regnum.
3369 2433 3626 2488 (1111110111-

2044 2522 2144 2576 dus
2184 2538 2277 2576 rex
2324 2521 2406 2575 his
2450 2520 2746 2577 mendaciis
2787 2523 2983 2577 auditis
3020 2523 3267 2587 credens,
3302 2522 3624 2578 Gundeber-

2046 2630 2165 2685 gain
2196 2614 2249 2668 in
2293 2611 2621 2668 Caumellol
2670 2625 2845 2668 eaStro
2888 2616 2938 2668 in
2992 2630 3152 2668 unam
3196 2625 3396 2667 turrem
3428 2613 3623 2667 exsilio

2044 2707 2225 2760 trudit.
2258 2705 2604 2760 Cblotharius
2653 2705 2860 2776 legatos
2906 2706 3140 2775 dirigens
3169 2705 3232 2758 ad
3267 2703 3623 2760 Cliaroaldum

2043 2814 2248 2871 regem,
2290 2800 2570 2868 inquirens
2607 2814 2706 2865 qua
2735 2798 2800 2852 de
2828 2814 2887 2851 re
2930 2798 3336 2867 Gundebergam
3379 2799 3618 2869 reginam

2043 2898 2314 2959 parentem
2355 2889 2678 2943 Francorum
2713 2900 2738 2937 ις
2773 2890 3127 2950 huniiliassel,
3159 2902 3209 2942 ut
3237 2889 3428 2942 exsilio
3456 2899 3621 2943 retru-

2040 2980 2224 3035 dissct.
2267 2979 2597 3032 Charoaldiis
2621 2977 2702 3029 his
2736 2978 2913 3031 verbis
2952 2977 3301 3030 mendacibus
3342 2981 3494 3047 quasi
3523 2993 3617 3032 ve-

2042 3072 2197 3125 ritate
2227 3069 2607 3134 subsisterent,
2640 3068 2939 3135 respondit.
2972 3056 3121 3120 '|"unc
3155 3083 3289 3120 unus
3312 3084 3375 3121 ex
3420 3066 3621 3137 legata-

2042 3165 2151 3227 riis,
2182 3164 2397 3217 nomine
2423 3160 2751 3227 Ansoaldus,
2773 3178 2876 3214 nou
2909 3162 3062 3230 quasi
3088 3159 3382 3231 injunctum
3403 3160 3620 3217 habuis-

2037 3266 2140 3321 set,
2173 3257 2264 3311 sed
2298 3273 2364 3309 ex
2400 3272 2456 3308 se
2478 3256 2541 3309 ad
2575 3255 2931 3309 (lbaroaldum
2963 3256 3099 3309 dixit
3131 3273 3144 3309 :
3183 3256 3440 3310 Liberare
3472 3265 3619 3323 pote-

2037 3366 2121 3404 ras
2153 3350 2218 3403 dc
2247 3350 2570 3418 blasphemia
2596 3346 2686 3420 [Id
2719 3344 3025 3418 esqbldme]
3056 3347 3189 3401 hanc
3211 3363 3462 3412 causam;
3490 3347 3620 3416 jube

2038 3444 2182 3498 illum
2215 3444 2485 3496 hominem
2517 3444 2605 3510 qui
2639 3440 3011 3509 hujuScemodi
3038 3442 3197 3495 verba
3231 3439 3321 3494 tibi
3354 3441 3619 3497 nuntiavit

2035 3536 2252 3597 armari,
2286 3548 2337 3587 ei
2383 3533 2636 3600 procedat
2684 3532 2821 3585 alios
2868 3532 2934 3586 de
2966 3544 3113 3597 parte
3148 3533 3350 3604 regina:
3398 3532 3619 3588 Gunde-

2039 3625 2251 3693 bergte;
2307 3628 2502 3694 quique
2551 3636 2787 3677 armatus
2830 3623 2893 3676 ad
2928 3625 3196 3693 singulare
3226 3634 3526 3690 certamen,
3558 3634 3617 3681 111

2031 3716 2231 3785 judicio
2264 3716 2349 3769 Dei
2383 3712 2431 3778 ll,
2460 3716 2541 3767 his
2589 3714 2796 3767 duolms
2832 3712 3274 3783 conﬂigentibus,
3322 3728 3617 3781 crignosca-

2038 3815 2123 3861 lur
2150 3818 2328 3859 utrum
2373 3805 2525 3873 hujus
2555 3798 2722 3873 culpa:
2755 3804 3105 3871 reputatioois
3153 3803 3509 3873 Gundehcrga
3542 3803 3617 3860 sit

2040 3897 2276 3959 innoxia,
2310 3913 2385 3960 an
2434 3896 2659 3949 fortasse
2708 3895 3013 3962 culpabilis.
3043 3895 3282 3963 Cumque
3314 3896 3427 3949 harc
3472 3894 3616 3949 (Iba-

2036 3990 2222 4043 roaldo
2242 3990 2349 4056 regi
2369 3994 2420 4040 et
2447 3986 2694 4038 omnibus
2727 4001 2772 4052 pi
2790 3986 2915 4038 iinat
2940 3986 3036 4037 bus
3066 3984 3246 4051 palatii
3274 3985 3353 4038 sui
3387 3985 3616 4046 placuis-

2034 4092 2171 4139 sent,
2198 4079 2349 4146 jubet
2370 4075 2673 4131 Atlalullnm
2694 4086 2955 4128 armatum
2986 4075 3288 4127 conﬂictum
3315 4076 3464 4130 adire
3487 4090 3613 4130 cer-

2036 4171 2270 4233 taminis,
2326 4179 2380 4222 et
2429 4169 2495 4221 de
2544 4177 2693 4233 parte
2743 4165 3115 4233 Gundehergm
3170 4169 3613 4236 procurrentibus

2034 4260 2370 4315 consobrinis
2423 4258 2790 4326 Gundehergre
2843 4266 2898 4311 et
2946 4258 3192 4311 Ariberto
3233 4256 3278 4324 ί,
3310 4258 3490 4323 homo,
3517 4275 3614 4315 no-

2034 4353 2178 4408 mine
2213 4352 2372 4419 Pitto,
2403 4360 2585 4405 contra
2628 4348 2932 4403 Adalulfum
2985 4358 3223 4405 armatus
3270 4352 3610 4422 aggreditur.

2112 4557 2135 4584 ο
2171 4543 2294 4608 Alii,
2322 4554 2530 4599 stataria
2557 4560 2701 4598 mete.

2114 4616 2132 4655 ί
2165 4618 2288 4680 Alii,
2316 4613 2559 4670 Cainello.
2598 4615 2697 4684 Est
2740 4614 3088 4684 Laumellum,
3130 4614 3287 4673 hodie
3313 4618 3462 4673 vicus
3493 4634 3556 4674 ex
3584 4649 3609 4663 ς

2031 4705 2166 4758 guns
2200 4689 2249 4740 111
2286 4686 2547 4747 Insubria,
2584 4683 3039 4758 Lumellqdictus.

2105 4770 2129 4808 ε
2165 4760 2288 4813 Erat
2313 4758 2525 4826 Agilnll‘i
2552 4760 2690 4823 tegis
2717 4768 2769 4809 et
2794 4755 3177 4811 Theodelindec
3198 4756 3323 4820 filia,
3355 4771 3416 4809 ev
3449 4756 3613 4811 Paulo

2032 4831 2181 4885 Diae.
2232 4830 2321 4881 lib.
2374 4845 2424 4881 ιν
2469 4844 2587 4893 cap.
2634 4828 2723 4879 49.
2767 4826 3129 4881 Theodelinda
3187 4841 3316 4879 vero
3347 4826 3452 4879 filia
3497 4837 3613 4885 erat

2034 4901 2300 4953 Garibaldi
2356 4898 2719 4966 Bajoariornin
2772 4897 2923 4951 ducis
2972 4904 3025 4966 rt
3064 4894 3384 4957 Waldradze,
3435 4896 3610 4950 Theo-

2030 4971 2171 5025 buhli
2204 4964 2525 5021 Francorum
2559 4966 2697 5034 regis
2721 4968 2943 5021 rclii'tze.
2974 4964 3110 5019 Vide
3141 4982 3323 5032 supra,
3366 4982 3483 5034 cap.
3514 4966 3609 5026 3L

2100 5036 2128 5077 Ῑι
2159 5036 2423 5093 Judiciuin
2460 5034 2546 5088 Dei
2574 5039 2917 5104 appellabant
2946 5036 3231 5106 singularia
3280 5040 3602 5107 certamina,

2030 5111 2277 5164 exaniiiia
2313 5124 2405 5174 per
2431 5123 2602 5172 ignem
2626 5118 2716 5158 aut
2746 5123 2960 5173 aquam,
2991 5118 3117 5169 rte.,
3151 5108 3341 5173 quilms
3368 5111 3607 5163 111111010-

2029 5181 2255 5247 gendatn
2306 5180 2583 5231 veritatem
2624 5174 2886 5247 occultam
2918 5187 3056 5247 tunc
3108 5178 3412 5240 utebantur,
3464 5176 3606 5247 quod

2031 5244 2338 5316 persuasum
2384 5248 2637 5301 haberent
2668 5244 2930 5315 ejusmodi
2978 5246 3382 5310 probationibus
3435 5244 3603 5301 neu...

2027 5321 2101 5374 rei
2138 5322 2410 5371 veritatem
2448 5319 2607 5371 etiam
2652 5317 2927 5381 miraculo,
2976 5318 3020 5368 si
3064 5330 3196 5383 opus
3242 5330 3405 5382 esset,
3457 5332 3607 5373 certo

2027 5392 2509 5444 niaiiifestaturum.
2558 5384 2630 5441 De
2657 5386 2772 5456 ejus
2799 5387 3083 5455 generibus
3111 5388 3374 5455 variisque
3405 5389 3601 5446 ritibus

2026 5464 2215 5529 quibus
2256 5460 2367 5511 lieri
2417 5461 2642 5521 solebat,
2694 5460 2908 5529 quando
2955 5466 3113 5529 etiam
3165 5470 3479 5529 permissum
3512 5470 3604 5514 aut

2025 5524 2244 5587 vetitum
2292 5530 2467 5592 fuerit,
2514 5530 2630 5587 fuse
2672 5528 2889 5582 disserit
2943 5527 3176 5595 Cangius
3216 5524 3271 5581 in
3303 5529 3605 5596 GloSsario,

2025 5618 2181 5670 quem
2216 5601 2457 5657 consule.

2106 5671 2118 5708 ί
2150 5671 2324 5730 00111..
2358 5672 2456 5723 1111.
2490 5678 2542 5722 et
2571 5667 2751 5730 Freh..
2786 5666 3080 5735 Ilariberlo,
3115 5669 3255 5724 unde
3287 5669 3434 5733 editi,
3464 5666 3603 5725 Clam

2023 5743 2229 5795 riberta.
2264 5741 2456 5793 Paulus
2502 5737 2619 5809 loco
2651 5739 3085 5809 laudatoscrihit
3126 5741 3372 5809 injitriani
3407 5745 3542 5795 hanc
3569 5756 3599 5794 ιι

2022 5812 2232 5866 (31110110
2263 5810 2423 5877 ipsius
2454 5808 2649 5879 reginis
2678 5826 2833 5866 servo
2867 5808 3029 5867 fuisse
3061 5808 3382 5866 vindicatum
