4132 6348
558 307 657 364 (539

1718 295 2127 353 ιτῑιεῡιηῖίελεὶιι
2167 294 2365 350 SCIIOI
2388 293 2601 376 ASTIC'

3695 293 3808 349 €40

556 422 794 488 Cumque
820 418 1183 474 conﬂixissent
1206 422 1523 479 certamine,
1554 411 1826 465 Adalulftts
1851 425 1878 465 a
1909 411 2121 464 Pittone
2150 408 2197 466 Δ
2228 407 2438 462 tandem
2478 424 2505 460 a
2546 406 2905 475 pontiﬁcibus,
2952 406 3035 460 vel
3065 406 3471 475 sapientissimis
3504 405 3629 459 viris
3669 422 3803 477 pm-

562 512 892 565 intetﬁcitnr.
918 510 1079 580 630
1109 506 1457 573 Gnndeberga
1485 504 1663 558 statim
1691 504 1756 556 de
1786 502 1976 556 exsilio
2004 510 2123 554 post

560 619 728 656 annos
754 613 859 655 tres
889 616 1129 671 regressa
1159 599 1476 652 sublimatur
1506 597 1557 650 in
1594 612 1837 665 regnum.

630 697 729 745 As.
786 705 995 744 ncvxtv.
1028 718 1097 729 —~
1132 688 1235 742 Lll.
1284 689 1437 742 Anno
1472 685 1531 738 41
1562 695 1587 722 ι
1618 684 1910 738 Chlotharii
1961 683 2121 749 regis,

557 799 675 836 cum
710 783 1033 851 Dagobertus
1060 779 1169 850 jam
1196 780 1397 833 utiliter
1421 791 1664 844 regnaret
1690 778 1739 829 in
1772 782 1983 833 Auster.
2010 774 2125 841 qui-

556 873 676 926 dam
706 886 771 926 ex
798 873 1102 939 proceribus
1130 871 1195 925 de
1221 881 1375 939 gente
1405 869 1565 923 nobili
1599 867 1925 937 Ayglolﬁnga
1956 862 2006 926 ιδ,
2030 879 2125 915 no-

559 965 700 1019 mine
744 964 1129 1026 Chrodoaldus,
1184 963 1235 1016 in
1274 962 1531 1015 offensam
1580 958 1861 1026 Dagoberti
1902 955 2122 1017 cadens,

558 1055 928 1121 instigantibus
955 1054 1261 1107 beatissimo
1285 1052 1397 1105 viro
1419 1059 1577 1119 atque
1607 1049 1855 1117 pontiﬁce
1883 1044 2123 1109 Arnulfu,

556 1154 611 1199 et
642 1145 861 1213 Pippino
892 1142 1092 1211 majore
1118 1142 1309 1195 domus
1335 1150 1380 1205 ε,
1414 1155 1507 1193 seu
1540 1147 1592 1192 et
1620 1136 1827 1191 caeteris
1866 1134 2126 1204 prioribus

560 1237 690 1309 [A!.,
721 1233 1063 1305 primoribus]
1093 1234 1393 1288 sublimatis
1425 1234 1477 1286 in
1509 1238 1717 1294 Auster,
1765 1244 1829 1283 eo
1870 1226 2012 1298 quod
2042 1242 2127 1280 es-

556 1338 639 1382 set
669 1326 782 1394 ipse
825 1324 1193 1380 Chrodoaldus
1226 1323 1401 1377 'rebus
1436 1322 1678 1391 plurimis
1722 1320 1939 1381 ditatus,
1970 1325 2130 1369 caete-

557 1433 736 1472 rorum
766 1417 1074 1471 facultatum
1122 1415 1410 1484 cupiditate
1443 1427 1714 1482 pervasor,
1744 1408 2011 1478 superbia:
2036 1408 2129 1461 de-

559 1509 723 1574 ditus,
755 1508 986 1563 elatione
1035 1507 1244 1574 plenus,
1280 1520 1379 1558 nec
1426 1504 1711 1573 quidquam
1760 1503 1878 1554 boui
1912 1500 1963 1553 in
2014 1500 2129 1567 ipso

558 1597 941 1665 reperiebatur.
983 1597 1222 1665 Cumque
1266 1596 1593 1665 Dagobertus
1632 1594 1804 1660 ipsum
1831 1593 1940 1659 jam
1972 1590 2131 1644 vellet

560 1705 654 1755 pro
706 1688 819 1742 suis
874 1688 1195 1743 facinoribus
1248 1687 1589 1749 interﬁcere,
1640 1682 2008 1738 Chrodoaldus
2060 1682 2124 1735 ad

2227 502 2458 561 ceribus,
2505 509 2653 566 pater
2694 500 2998 567 paciﬁcatur
3026 514 3145 553 cum
3188 499 3329 561 lilio;
3384 498 3718 565 reddeusquc
3751 502 3802 553 ci

2225 592 2507 645 solidatam
2541 590 2675 657 quod
2706 600 2985 653 asttexerat
3015 590 3079 642 ad
3111 605 3331 654 regnum
3366 589 3793 649 Austrasiorutn,

2229 683 2329 737 hoc
2360 693 2561 737 tantum
2590 682 2785 737 exinde
2824 683 2962 749 quod
3004 682 3137 736 citra
3182 682 3421 750 Ligerem
3455 682 3537 735 vel
3583 683 3635 735 in
3666 682 3799 735 l'ro-

2225 771 2415 827 vincire
2440 772 2676 840 partibus
2705 774 2863 825 situm
2892 782 3026 835 erat,
3052 787 3163 825 suae
3193 772 3382 825 ditioni
3411 772 3648 825 retinuit.

2297 868 2396 919 Aa.
2459 881 2674 921 ncuvt.
2704 895 2773 904 --
2802 864 2930 918 LIV.
2988 866 3143 918 Anno
3190 864 3259 917 45
3307 864 3457 932 regni
3504 864 3797 919 Chlotharii

2226 954 2640 1009 Warnacharius
2687 957 2857 1023 major
2894 956 3087 1009 domus
3127 956 3353 1009 moritur
3381 965 3427 1007 ες.
3472 955 3637 1009 Filius
3684 958 3799 1025 ejus

2228 1046 2467 1101 Codinus
2522 1047 2685 1101 animi
2741 1046 2959 1101 levitate
3016 1046 3247 1100 imbutus
3304 1061 3591 1101 novercam
3647 1062 3796 1100 suam

2230 1136 2510 1190 liertanem
2561 1152 2626 1192 eo
2655 1151 2796 1190 anno
2835 1138 3038 1204 accepit
3068 1152 3286 1190 exorent
3321 1154 3334 1190 :
3368 1138 3510 1191 unde
3547 1138 3799 1193 Cththa-

2229 1225 2340 1278 rius
2365 1241 2454 1278 rex
2479 1226 2732 1279 adversus
2760 1241 2879 1279 eum
2914 1227 3077 1279 nimio
3106 1226 3286 1280 furore
3313 1239 3613 1295 permoms,
3656 1227 3801 1295 jubet

2229 1314 2528 1369 Arueberto
2551 1316 2693 1379 duci,
2723 1319 2811 1384 qui
2835 1315 3027 1369 Godini
3059 1331 3362 1385 germanam
3386 1333 3609 1371 uxorem
3637 1318 3799 1373 habe-

2229 1404 2337 1472 bat,
2372 1422 2490 1459 eum
2522 1422 2640 1460 cum
2672 1406 2907 1463 exercitu
2941 1410 3260 1462 interﬁcere.
3304 1406 3546 1461 Cnd‘nus
3573 1425 3798 1464 cernens

2229 1511 2339 1551 sua:
2370 1497 2491 1551 vitae
2537 1498 2828 1566 periculum
2855 1541 2871 1565 ,
2924 1506 3070 1567 terga
3120 1509 3338 1553 vertens
3386 1514 3505 1553 Cum
3536 1516 3704 1555 uxore
3733 1505 3797 1555 ad

2232 1586 2586 1654 Dagolrertum
2616 1602 2794 1654 regem
2823 1590 3055 1655 perrexit
3084 1589 3135 1642 in
3158 1591 3373 1653 Auster,
3405 1600 3458 1645 et
3489 1592 3541 1645 in
3572 1593 3799 1648 ecclesia

2236 1682 2401 1734 sancti
2420 1680 2589 1749 Aprill
2611 1696 2756 1751 regtu
2779 1683 2968 1735 timore
2983 1683 3314 1750 perterritus,
3337 1681 3798 1748 lecitconlugium.

561 1751 928 1832 Clilotharium
959 1787 1104 1848 terga
1131 1780 1327 1841 vertit,
1384 1786 1439 1830 ut
1484 1790 1633 1828 suam
1673 1789 1793 1827 cum
1827 1774 1937 1825 ﬁlio
1967 1772 2128 1825 vitam
2161 1751 2204 1811 Β
2236 1771 2563 1840 Dagobertns
2596 1786 2688 1838 per
2724 1773 2925 1841 legatos
2962 1787 3056 1841 pro
3099 1771 3217 1841 ejus
3247 1774 3351 1827 vita
3392 1773 3588 1841 saepius
3629 1774 3793 1829 Chlo-

561 1867 805 1921 obtinere
843 1868 1170 1937 dignaretur.
1221 1864 1563 1919 Cltlotltarins
1601 1878 1720 1917 cum
1773 1861 2127 1931 Dagobertum

560 1959 798 2020 vidisset,
852 1958 989 2011 inter
1017 1966 1237 2012 caeteras
1268 1956 1654 2010 collocationes
1684 1952 2023 2008 Chrodoaldu
2054 1953 2131 2006 vi-

564 2058 668 2102 tam
720 2059 985 2117 precatur.
1050 2049 1378 2118 Dagobertus
1417 2047 1753 2115 promittens,
1804 2049 1845 2100 si
1894 2045 1947 2099 id
1992 2043 2130 2113 quod

561 2141 699 2194 male
728 2150 966 2211 gesserat
993 2141 1323 2203 emendaret,
1364 2138 1736 2193 Chrodoaldus
1770 2137 1891 2189 vita:
1925 2137 2133 2205 pericu-

561 2231 666 2285 lum
708 2248 810 2286 non
862 2231 1117 2297 haberet;
1175 2232 1268 2285 sed
1324 2232 1465 2286 nulla
1503 2238 1747 2285 eaStante
1799 2245 1967 2293 mora,
2012 2244 2131 2283 eum

559 2318 929 2375 Chrodualdus
954 2337 1073 2375 cum
1107 2322 1403 2391 Dagoberto
1425 2321 1672 2375 Treveris
1702 2320 1833 2393 [Al.,
1863 2319 2132 2393 reversus]

558 2415 894 2481 accessisset,
943 2415 1091 2483 jussu
1148 2415 1429 2485 Dagobcrti
1470 2412 1779 2468 interfectus
1818 2422 1943 2468 est:
1974 2428 2133 2482 quem

560 2506 869 2561 liertharins
901 2506 1060 2558 homo
1086 2506 1474 2576 Scarponcnsis
1504 2503 1528 2540 ἀ
1558 2505 1842 2575 evaginato
1868 2503 2042 2573 gladio
2066 2503 2133 2557 ad

558 2598 750 2651 ostium
780 2597 907 2668 [Al.,
944 2595 1245 2667 postilium]
1276 2595 1506 2649 cubiculi
1536 2596 1705 2663 capite
1737 2595 2024 2648 truncavit.

632 2693 726 2744 AN.
762 2706 950 2744 ncxxv.
974 2719 1040 2729 --
1072 2689 1199 2743 Llll.
1231 2690 1385 2743 Anno
1410 2688 1477 2740 42
1502 2689 1648 2758 regni
1674 2688 1998 2755 Chlotharii,
2033 2688 2134 2742 Da-

562 2780 813 2851 gobertus
869 2780 1013 2835 cultu
1059 2779 1223 2850 regio,
1264 2796 1326 2833 ex
1360 2778 1488 2852 [Al.,
1520 2779 1594 2851 et]
1633 2781 1783 2849 jussu
1818 2780 1984 2849 patris
2039 2780 2134 2835 ho-

558 2882 705 2928 neste
741 2888 859 2929 cum
884 2874 1127 2928 leudibus
1160 2874 1211 2928 in
1247 2874 1519 2943 Clippiaco
1570 2890 1674 2929 non
1708 2884 1730 2911 ⁶
1757 2875 1938 2943 procul
1987 2874 2134 2928 Pari-

559 2964 665 3018 sius
689 2965 850 3024 venit.
888 2963 1067 3033 ibique
1096 2980 1402 3033 germanam
1433 2963 1683 3019 Sichilda:
1725 2966 1929 3035 reginae
1957 2962 2002 3033 ί,
2039 2981 2133 3018 no-

556 3054 698 3105 mine
725 3053 1127 3119 Gnmatrudem,
1163 3054 1215 3108 in
1245 3055 1547 3125 conjugium
1579 3054 1793 3123 accipit.
1826 3054 2132 3109 Transactis

2232 1864 2459 1917 tharium
2508 1878 2685 1933 regem
2724 1863 3148 1931 deprecabatur:
3183 1866 3394 1920 tandem
3434 1882 3463 1919 a
3490 1868 3801 1921 Chlotltario

2234 1952 2557 2021 promittitur
2585 1952 2778 2007 Codini
2800 1953 2906 2007 vita
2934 1968 3209 2021 concessa,
3238 1964 3412 2010 tamen
3436 1954 3544 2028 [ΑΙ.
3572 1957 3798 2031 tantum]

2233 2054 2290 2098 ut
2330 2045 2633 2110 Bertanem,
2667 2061 2824 2115 quam
2863 2057 3046 2101 contra
3090 2061 3354 2101 canonum
3401 2049 3641 2104 in~tituta
3674 2067 3801 2105 uxo-

2233 2153 2347 2191 rem
2378 2147 2677 2207 acceperat,
2723 2140 3065 2207 relinqueret.
3114 2141 3353 2208 Cumque
3395 2142 3509 2212 ipse
3559 2143 3803 2212 reliquis-

2234 2238 2335 2293 set,
2366 2238 2420 2283 et
2450 2245 2694 2285 reversus
2736 2241 2878 2286 esset
2918 2235 2968 2285 in
3000 2248 3220 2303 regnum
3259 2234 3599 2302 Burgundiai,
3646 2234 3799 2288 Berta

2234 2323 2487 2376 continuo
2507 2323 2571 2377 ad
2598 2323 2963 2379 Chlotharium
2996 2329 3247 2393 perrexit,
3279 2327 3461 2381 dicens
3492 2344 3506 2380 :
3540 2329 3597 2386 Si
3642 2328 3802 2382 Codi-

2236 2428 2335 2467 nus
2362 2416 2669 2483 conspectui
2694 2415 2986 2470 Chlotbarii
3016 2426 3385 2483 praesentatur,
3428 2418 3603 2485 ipsum
3626 2434 3800 2489 regem

2237 2505 2395 2561 vellet
2425 2506 2745 2563 interﬁcere.
2777 2506 3019 2562 Godinus
3042 2508 3193 2577 jussu
3224 2508 3517 2563 Cblotharii
3550 2526 3646 2579 per
3676 2525 3804 2579 prai-

2235 2598 2389 2668 cipua
2435 2599 2550 2653 loca
2590 2608 2917 2664 sanctorum,
2951 2600 3131 2652 domui
3172 2600 3333 2671 632
3370 2599 3605 2654 Medardi
3650 2601 3805 2655 Sues-

2235 2690 2416 2743 sionas
2451 2698 2507 2742 et
2546 2687 2729 2742 domui
2773 2688 3013 2759 Dionysii
3058 2688 3294 2743 Parisius
3339 2705 3402 2743 ea
3447 2689 3806 2759 praeventione

2237 2789 2564 2833 sacramenta
2593 2779 2815 2833 daturus
2842 2780 3140 2844 adducitur,
3173 2791 3229 2834 ut
3259 2796 3473 2850 semper
3492 2781 3806 2836 Chlothario

2237 2870 2457 2923 deberet
2487 2884 2606 2924 esse
2637 2868 2829 2935 ﬁdelis,
2860 2879 2913 2923 ut
2938 2884 3173 2939 congrue
3195 2871 3344 2924 locus
3374 2880 3515 2925 esset
3536 2881 3808 2939 repertus,

2237 2977 2342 3031 quo
2369 2972 2525 3031 pacto
2546 2970 2821 3029 separatus
2849 2977 2875 3013 a
2907 2962 3020 3016 suis
3043 2963 3457 3016 interﬁceretur.
3488 2961 3808 3015 Chratnnul-

2241 3054 2320 3108 fus
2350 3051 2393 3116 ί,
2442 3068 2578 3106 unus
2606 3068 2667 3106 ex
2701 3053 3027 3121 proceribus,
3058 3062 3113 3107 et.
3142 3053 3509 3108 Waldebertus
3552 3053 3807 3109 domesti-

556 3143 774 3213 nuptiis,
806 3145 893 3198 die
919 3145 1070 3198 tertia
1116 3145 1251 3199 inter
1281 3146 1649 3199 Chlotharium
1685 3156 1739 3200 et
1770 3146 2127 3210 Dagobertum
2160 3115 2204 3177 C
2235 3159 2328 3198 cus
2358 3143 2596 3198 dicentes
2635 3143 2699 3197 ad
2746 3143 3010 3198 Codinum
3050 3155 3104 3198 ut
3148 3144 3450 3199 Aurelianis
3482 3145 3533 3199 in
3582 3146 3809 3201 ecclesia

558 3234 721 3289 ﬁlium
752 3250 905 3290 suum
935 3236 1093 3306 631
1140 3237 1315 3305 gravis
1349 3246 1465 3291 orta
1496 3238 1595 3291 fuit
1637 3238 1879 3293 intentio.
1913 3239 2135 3293 Petebat

556 3328 696 3381 enim
730 3328 1058 3395 Dagobertus
1088 3339 1278 3383 cuncta
1316 3344 1432 3399 qua!
1462 3329 1529 3383 ad
1571 3344 1794 3400 regnum
1824 3329 2131 3385 Austrasio-

558 3435 672 3472 rum
719 3420 1050 3485 pertinebant
1102 3436 1212 3474 sua:
1257 3420 1445 3476 ditioni
1484 3420 1619 3475 velle
1668 3421 1927 3489 recipere,
1983 3423 2125 3492 quod

558 3512 898 3567 Chlotharius
954 3514 1299 3569 vehementer
1349 3514 1649 3583 denegabat
1695 3516 1868 3568 eidem
1916 3530 1981 3570 ex
2031 3516 2133 3571 hoc

558 3602 689 3656 nibll
722 3604 856 3658 velle
883 3603 1200 3658 concedere.
1236 3604 1434 3657 Electis
1469 3605 1537 3657 ab
1566 3603 1647 3658 his
1674 3603 1884 3659 duobus
1916 3605 2131 3674 regibus

557 3694 837 3749 duodecim
861 3695 1184 3749 Francorum
1208 3696 1540 3764 proceribus,
1572 3706 1630 3751 ut
1651 3711 1834 3751 eorum
1865 3697 2131 3766 discepta-

557 3788 704 3841 tione
735 3786 847 3840 hrec
890 3788 1133 3841 ﬁniretur
1164 3787 1425 3852 intentio,
1459 3788 1601 3843 inter
1630 3803 1765 3858 quos
1807 3799 1861 3843 et
1897 3789 2129 3844 domnus

559 3874 813 3931 Arnull‘us
861 3877 1096 3945 pontifex
1139 3876 1413 3931 Mettensis
1452 3892 1572 3931 cum
1617 3878 1845 3945 reliquis
1866 3880 2130 3948 episcopis

556 3969 785 4036 eligitur,
819 3969 907 4037 qui
940 3968 1338 4038 benignissime,
1370 3976 1428 4022 ut
1458 3984 1550 4023 sua
1582 3979 1697 4023 erat
1725 3971 2000 4036 sanctitas,
2049 3971 2132 4024 in-

558 4071 638 4115 ter
668 4070 870 4131 patrem
902 4068 957 4116 et
979 4062 1144 4147 lilium
1175 4078 1269 4129 pro
1303 4065 1447 4131 pacis
1479 4062 1793 4131 loquebatur
1819 4063 2128 4132 concordia,

626 4246 651 4274 ³
682 4235 967 4290 Bollandus
1003 4247 1181 4290 mouet
1220 4237 1272 4290 in
1304 4236 1606 4291 Comment.
1648 4236 1713 4288 ad
1747 4235 1916 4289 Vitam
1957 4237 2125 4290 sancti

556 4306 783 4374 Pippini,
816 4308 903 4359 die
942 4307 1006 4358 21
1052 4306 1232 4369 Febr.,
1268 4306 1369 4360 hoc
1393 4319 1550 4374 caput
1583 4310 1635 4361 in
1664 4306 1871 4376 aliquot
1912 4307 2129 4375 scriptis

556 4379 765 4435 deesse,
799 4384 970 4428 exstat
1001 4385 1173 4430 tamen
1208 4381 1257 4429 in
1291 4379 1507 4430 nostris.

2234 3239 2402 3291 saneti
2444 3237 2656 3302 Aniani,
2698 3248 2751 3292 et
2789 3237 3018 3293 Turonis
3053 3239 3117 3293 ad
3169 3239 3347 3294 limina
3397 3239 3566 3294 sancti
3601 3238 3807 3294 Martini

2236 3325 2407 3393 ipsum
2440 3334 2832 3381 sacramentum
2865 3326 3054 3401 adhuc.
3081 3329 3393 3397 impleturus
3420 3331 3614 3384 adiret.
3657 3330 3813 3397 Quod

2233 3429 2357 3468 cum
2382 3416 2436 3467 in
2457 3415 2765 3469 suburbano
2793 3417 3056 3484 Carnotis,
3083 3417 3433 3473 Chramnulfo
3465 3422 3734 3477 indicante
3754 3432 3806 3477 et

2235 3507 2648 3570 transmittente,
2704 3506 2832 3561 liora
2879 3509 3088 3577 prandii
3127 3510 3182 3563 in
3231 3513 3513 3579 quamdam
3565 3514 3813 3569 villulam

2233 3597 2485 3662 venisset,
2534 3597 2714 3667 ibique
2745 3598 3118 3655 Chramnulfus
3147 3611 3201 3656 et
3223 3602 3599 3658 Waldebertus
3643 3621 3802 3674 super

2232 3686 2405 3757 ipsum
2434 3702 2552 3741 cum
2580 3688 2819 3743 exercitu
2844 3690 3071 3755 irruuut,
3104 3708 3333 3763 eumque
3366 3695 3725 3760 interﬁciunt;
3754 3709 3805 3752 et

2232 3796 2325 3836 eos
2355 3782 2443 3849 qui
2476 3798 2595 3837 cum
2628 3783 2744 3851 ipso
2773 3784 2945 3839 adhuc
2977 3786 3305 3853 restiterant,
3348 3792 3603 3857 quosdam
3633 3794 3793 3850 inter-

2234 3873 2436 3937 ﬁciunt,
2455 3872 2695 3943 aliosque
2723 3876 3050 3943 exspoliatos
3074 3878 3125 3932 in
3154 3880 3327 3950 fugam
3346 3894 3613 3940 vertentes
3644 3890 3800 3944 relin-

2232 3972 2419 4032 quunt.
2447 3964 2525 4017 Eo
2547 3979 2687 4019 anno
2713 3965 2977 4019 Palladius
3005 3968 3225 4038 ejusque
3255 3973 3394 4027 ﬁlius
3416 3974 3659 4039 Sitlocus.
3694 3983 3801 4048 epi-

2232 4070 2426 4125 sc0pus
2448 4054 2688 4110 Elosani
2715 4056 2762 4124 ἱ,
2813 4059 3089 4117 incusante
3130 4062 3442 4136 Aighynane
3467 4068 3624 4136 duce,
3666 4073 3802 4142 quod

2234 4231 2575 4302 (Doulcwart)
2599 4234 2779 4287 situm.

2307 4304 2505 4367 °Mss.,
2546 4304 2811 4375 Clippiaco
2854 4307 3052 4375 procul.
3096 4308 3154 4362 In
3184 4310 3326 4365 Clar.
3373 4321 3479 4367 tres
3521 4316 3711 4371 littera:
3736 4334 3799 4373 ex

2234 4373 2489 4447 industria
2542 4373 2954 4447 dct'rttazﬂsunt.
3015 4380 3299 4447 SupereSI,
3352 4384 3585 4440 laudibus
3644 4405 3798 4444 nec...

625 4444 651 4483 δ
828 4445 1086 4534 plerique:
1124 4447 1458 4534 fugiat/iuga
1486 4447 1750 4534 “nomine
1802 4444 2122 4534 ἔίοΔοξιιᾴμε,
2158 4477 2202 4534 D
2230 4442 2721 4534 Clippipcp|liroeul.
2772 4446 2892 4501 Vet.
2928 4442 3295 4534 Emungi-neten
3319 4452 3504 4533 Frein,
3559 4460 3623 4510 de
3652 4442 3801 4512 Picto

556 4530 647 4568 seu
672 4512 1010 4567 Charoaldus.
1044 4512 1346 4576 Bollandus,
1376 4512 1490 4583 loco
1516 4516 1684 4578 laud.,
1732 4516 1890 4568 habet
1929 4515 2121 4583 Agilo!-

558 4586 714 4654 ﬁnga,
746 4585 867 4643 sive,
899 4596 953 4635 ut
987 4585 1099 4650 ipse
1128 4585 1361 4654 extonit,
1394 4582 1567 4638 Boica.
1602 4586 1885 4637 llistoriam
1921 4582 2121 4653 Agilol.

557 4658 759 4724 tingica:
787 4654 1019 4719 familia},
1045 4671 1107 4706 ex
1140 4670 1239 4721 qua
1271 4653 1576 4707 Cuell'orum
1610 4654 1941 4721 aliarumque
1973 4655 2123 4707 nobi-

555 4726 743 4779 iturum
768 4726 1065 4778 Germania!
1094 4725 1412 4777 lautitiarum
1447 4728 1706 4793 origznem
1740 4726 1907 4790 repeti
1929 4724 2124 4779 debere.

553 4809 759 4859 censet,
809 4798 921 4847 fuse
959 4797 1244 4859 descripsit
1293 4793 1574 4849 Buceliuns
1615 4797 1905 4849 monachus
1936 4793 2122 4849 Wein-

553 4868 813 4934 gartensis
846 4877 987 4917 tomo
1019 4866 1057 4918 ll
1092 4864 1390 4918 Germania:
1417 4881 1602 4919 sacrm

626 4947 648 4975 ο
684 4938 756 4989 Ex
800 4935 879 4988 his
909 4938 1117 4989 duobus
1142 4941 1266 4989 virts
1307 4937 1685 5001 sanctissimis,
1728 4935 1794 4989 de
1822 4936 2013 5002 quibus
2044 4935 2141 5005 ing

557 5005 629 5058 fra
677 5008 871 5073 passim
921 5008 1112 5073 agitur,
1168 5007 1311 5075 prior
1357 5010 1453 5060 fuit
1501 5009 1784 5076 episcopus
1824 5007 2118 5074 Mettensis,

554 5078 690 5129 alter
715 5079 897 5141 laicus,
930 5080 1172 5145 equibus
1204 5078 1395 5145 prodiit
1433 5079 1662 5132 secunda
1700 5092 1879 5144 regunt
1916 5090 2123 5131 nostro-

555 5161 672 5199 rum
706 5152 887 5214 snrps.
921 5150 1223 5217 iAnsegisus
1272 5151 1466 5215 quippe
1507 5148 1675 5200 sancti
1722 5147 1924 5200 Arnulﬁ
1982 5147 2123 5200 ﬁlius

555 5232 770 5269 uxorem
802 5216 955 5269 duxit
984 5216 1209 5287 Beggam
1246 5218 1450 5285 Pippini
1478 5216 1637 5271 ﬁliam
1657 5258 1669 5281 ,
1703 5232 1768 5270 ex
1798 5233 1898 5286 qua
1938 5232 2122 5271 susce-

559 5287 633 5406 plit
678 5287 951 5354 Pippinum
1000 5288 1429 5341 Ilertstallensem
1454 5330 1466 5347 ,
1505 5289 1596 5355 qui
1633 5298 1780 5354 pater
1822 5288 1919 5340 fuit
1947 5287 2120 5339 Caroli

559 5390 571 5406 .
608 5357 808 5406 artelli-
859 5372 922 5406 ex
955 5372 1060 5406 oua
1102 5367 1251 5406 ortus
1288 5369 1371 5406 est
1410 5356 1664 5406 Pinninus
1697 5358 1911 5406 Brevis.
1946 5357 2120 5406 Caroli

558 5356 809 5427 Martelti,
859 5372 922 5409 ex
955 5372 1060 5427 qua
1102 5367 1251 5411 ortus
1288 5369 1371 5410 est
1410 5356 1664 5427 Pippinus
1697 5358 1911 5420 Brevis,
1946 5357 2121 5410 Caroli

556 5422 721 5492 Magni
764 5422 822 5493 pa
833 5435 930 5479 ter.

627 5500 651 5529 α
681 5496 948 5563 Searpoaa
987 5504 1135 5549 vetus
1179 5505 1259 5548 est
1299 5496 1650 5565 Lotbaringim
1685 5507 1939 5558 castrum,
1982 5510 2122 5549 nunc

560 5562 613 5615 in
642 5562 827 5616 vicum’
848 5564 1114 5617 redactum
1145 5576 1199 5618 et
1226 5568 1310 5618 vix
1344 5562 1647 5625 notumfad
1679 5566 1973 5629 Mosellam,
2010 5581 2123 5619 ses-

556 5633 795 5701 quileuca
819 5633 1022 5687 distans
1042 5649 1072 5687 a
1098 5634 1261 5689 Ponte
1290 5636 1787 5699 Montionis,versus
1809 5636 2122 5698 Nanceiutn,

557 5704 713 5771 vulgo
741 5702 1020 5771 Sarpet'que
1059 5703 1282 5771 dictum,
1317 5705 1453 5760 haud
1491 5707 1668 5775 procul
1695 5722 1722 5761 a
1747 5707 1994 5762 Custodia
2025 5708 2117 5760 llei

2232 4514 2435 4598 procul.
2463 4514 2816 4598 Clippiacun‘t‘,
2864 4519 3019 4586 vulgo
3044 4514 3243 4598 (llic/ty,
3278 4525 3447 4598 _sitttm
3474 4514 3557 4580 est
3597 4529 3647 4581 in
3671 4544 3797 4598 agro

2233 4584 2516 4637 l’arisiensi
2573 4601 2733 4652 prope
2771 4584 3097 4654 Sequanam;
3128 4584 3214 4643 ub'i
3260 4592 3540 4650 defunctus
3569 4610 3651 4652 est
3678 4584 3801 4653 san-

2232 4663 2348 4729 ctus
2368 4656 2673 4729 Andoenus.
2696 4657 2822 4729 Vide
2839 4658 2932 4713 lib.
2954 4674 3001 4710 tv
3017 4662 3080 4713 de
3096 4660 3173 4714 Re
3193 4662 3531 4729 Diplomatiea
3548 4684 3692 4723 num.
3712 4669 3797 4724 36.

2232 4725 2494 4809 Caeterum
2525 4726 2574 4777 id
2598 4727 2736 4793 apud
2770 4727 3123 4785 Romiliacum
3147 4725 3456 4803 contigisse,
3490 4738 3649 4808 infra,
3679 4755 3794 4809 cap.

2230 4793 2320 4858 58,
2351 4795 2562 4847 dicitur.

2350 4864 2471 4917 llrec
2496 4864 2590 4917 fuit
2620 4866 2783 4934 ipsius
2813 4866 3070 4924 Cltlotarii
3103 4887 3256 4926 utor.

2303 4945 2326 4981 s
2360 4935 2490 5016 Illuc
2514 4937 2703 5003 collige
2742 4941 2901 5016 alium
2924 4956 3053 5016 esse
3088 4944 3151 4996 ab
3183 4942 3285 4997 isto
3317 4944 3705 5002 Warnachario
3735 4951 3795 5005 il-

2228 5004 2335 5078 lum
2368 5006 2479 5073 qui,
2514 5019 2687 5074 partes
2729 5009 2955 5078 Agrestii
2987 5023 3169 5065 contra
3212 5025 3450 5069 sanctum
3500 5004 3797 5075 Eustasiutn

2232 5076 2614 5131 Luxoviensem
2657 5076 2899 5132 abbatem
2944 5082 3076 5135 tueri
3132 5085 3338 5147 volens,
3395 5088 3445 5140 itt
3496 5103 3651 5143 conc.
3695 5091 3798 5144 Ma-

2231 5149 2421 5199 tiscon.
2455 5164 2542 5200 an.
2576 5147 2678 5201 6‘22
2709 5152 2985 5210 repentina
3019 5164 3188 5207 morte
3220 5155 3439 5210 interiit.

2299 5215 2325 5252 ιι
2355 5215 2410 5269 1η
2470 5219 2725 5295 suburbio
2766 5218 3021 5295 Tullensi,
3076 5224 3414 5295 Suim—Evre,
3462 5230 3613 5295 cujus
3653 5229 3797 5283 urbis

2229 5286 2398 5341 fuerat
2425 5288 2728 5358 episcopus,
2773 5291 2859 5343 ubi
2891 5302 3064 5345 exstat
3091 5294 3298 5347 ab'iatia
3340 5286 3544 5353 ordinis
3578 5303 3784 5355 Benedi

2226 5358 2478 5428 etinisnb
2505 5363 2909 5428 congregatione
2939 5365 3106 5416 sancti
3146 5365 3337 5418 Vttuni.

2306 5425 2321 5502 ξ
2354 5426 2528 5502 Coll»,
2560 5425 2882 5502 llqnuiulfus.

2304 5498 2324 5580 il
2356 5498 2486 5551 Boh.
2519 5510 2571 5552 et
2608 5498 2909 5580 polibftt‘lll
2941 5502 3142 5580 aliquot
3190 5504 3310 5580 1Ξ‹Ι.,
3365 5505 3615 5580 Seducms
3644 5506 3797 5580 epiac.

2229 5565 2675 5648 Ialmenuualt,
2697 5579 2740 5621 et
2755 5571 3012 5648 _Sedocu_s.
3035 5565 3338 5648 'Aimoinus,
3366 5578 3456 5630 lib.
3488 5595 3538 5632 tv
3569 5565 3685 5648 cap:
3718 5580 3798 5645 14,

2231 5636 2459 5717 ξράοσιιε
2500 5636 2854 5717 Thalassii-ium
2900 5644 3186 5717 episcopus.
3241 5636 3441 5700 Chesn.
3489 5660 3545 5705 et
3596 5636 3799 5717 C'oint.,

2235 5708 2459 5760 Senocus
2485 5711 2635 5762 evisc.
2673 5708 2969 5781 ΔΕἸοδιιιηιέε.
3004 5713 3050 5769 Is
3071 5708 3160 5769 est
3189 5718 3278 5786 qui
3308 5732 3447 5774 anno
3482 5708 3799 5789 precedent;
