4132 6348
563 316 666 372 6ιῖ

1732 306 2148 366 FREllEGARll
2188 302 2635 364 SCIIOLASTICI

3731 309 3834 366 6M

560 428 776 503 peribus
818 429 840 462 ⁸
872 423 1146 496 judicabat
1194 421 1426 491 justitia,
1458 432 1516 476 ut
1563 422 1877 477 crederetur
1925 421 2150 475 omnino
2178 424 2225 483 Α
2254 430 2459 491 gentes,
2484 437 2603 491 qua:
2632 421 2772 476 circa
2793 420 2957 493 636
2978 422 3204 475 limitem
3232 422 3528 478 Avarorum
3550 432 3607 478 et
3625 423 3841 479 Sciat-o-

558 523 725 576 t'uissc
758 518 867 574 Deo
912 517 1163 587 placibile
1192 532 1205 569 ε
1240 516 1329 569 ubi
1363 513 1566 568 nullum
1608 513 1974 568 intercedebat
2004 528 2143 583 prre-

559 612 749 675 tnium,
780 622 880 664 nec
931 620 1279 675 personarum
1329 604 1593 671 acceptio,
1625 603 1725 656 nisi
1754 603 1866 656 sola
1903 602 2148 656 domina-

562 701 716 756 batur
766 698 994 770 justitia,
1046 711 1204 764 quam
1254 695 1512 763 diligebat
1560 694 1887 748 Altissimus.
1946 690 2149 745 Deinde

560 806 846 864 aggressus
875 790 1174 850 Diviouem,
1208 786 1425 856 imoque
1473 794 1531 839 et
1576 783 1779 838 Latona
1825 781 1853 821 δ
1906 781 2149 836 residens

560 885 849 954 aliquantis
888 884 1099 946 diebus,
1132 890 1280 935 tanta
1312 879 1609 954 intentione
1636 876 1799 947 635
1827 876 1893 929 ad
1934 874 2149 929 univer-

560 952 678 1032 sum
709 977 856 1044 regni
885 976 965 1029 sui
1010 974 1265 1043 populum
1293 952 1553 1041 justitiam
1584 968 1856 1037 judicandi
1898 977 1920 1004 α
1954 981 2150 1035 posue-

564 1079 665 1123 rat.
699 1068 865 1137 liuius
892 1067 1233 1137 benignitatis
1263 1062 1528 1116 desiderio
1552 1062 1741 1128 plenus
1771 1074 1870 1114 nec
1896 1074 2147 1113 somnum

564 1160 808 1231 capiebat
832 1161 1027 1223 oculis,
1055 1173 1155 1212 nec
1177 1158 1312 1212 cibis
1338 1155 1648 1218 satiabatur,
1675 1153 2035 1208 intentissime
2062 1166 2152 1205 co-

565 1254 740 1325 gitans
779 1263 835 1306 ut
862 1266 1052 1307 omnes
1083 1265 1205 1304 cum
1244 1248 1454 1319 justitia
1499 1256 1711 1315 recepta
1759 1246 1829 1301 de
1858 1254 2152 1314 conSpectu

566 1359 664 1400 suo
687 1344 794 1399 lati
818 1348 1144 1398 remearent.
1172 1340 1374 1394 Eodem
1402 1339 1489 1392 die
1515 1354 1619 1407 quo
1642 1339 1710 1391 de
1738 1337 1936 1390 Latona
1963 1336 2027 1389 ad
2051 1334 2155 1389 Ca-

566 1436 823 1491 billonum
865 1434 1131 1489 deliberat
1178 1445 1483 1500 properare,
1520 1429 1829 1497 priusquam
1856 1428 2155 1482 lucesceret

567 1527 821 1582 balneum
877 1525 1206 1596 ingrediens,
1238 1522 1547 1577 Brodulfum
1600 1521 1919 1574 avunculum
1970 1519 2155 1574 fratrls

567 1619 867 1677 Chariherti
906 1613 1412 1684 interticerejussit,
1442 1614 1531 1683 qui
1579 1614 1648 1667 ab
1687 1612 1991 1679 Amalgario
2031 1609 2058 1649 ἀ
2100 1620 2153 1666 et

568 1711 873 1769 Arneberto
902 1709 1151 1773 duribus,
1183 1718 1237 1763 et
1264 1706 1555 1761 Willibado
1584 1704 1815 1774 patricio
1845 1703 2152 1758 interfectus

2250 529 2365 568 rum
2386 515 2706 578 consistunt,
2731 529 2853 569 eum
2890 523 3131 584 prompte
3158 522 3492 583 expeterent,
3524 524 3583 569 ut
3612 516 3702 571 ille
3726 530 3842 584 post

2251 617 2453 676 tergum
2482 621 2665 662 eorum
2699 607 2803 662 iret
2826 606 3071 672 feliciter,
3100 614 3154 659 et
3176 607 3381 659 Avaros
3409 616 3465 659 et
3487 607 3709 661 Sclavos
3734 623 3841 663 ca:-

2251 708 2497 767 terasque
2524 699 2760 767 gentium
2802 698 3043 752 nationes
3072 713 3244 767 usque
3270 712 3484 752 manum
3522 698 3787 767 publicam
3811 698 3840 739 δ

2250 804 2363 844 sure
2391 790 2584 844 ditioni
2616 791 3006 859 subjiciendum
3041 790 3360 845 lidncial.ter
3382 792 3700 860 spondebat.
3722 793 3841 847 Post

2250 886 2545 949 discessum
2599 885 2738 940 beati
2787 885 2993 938 Amulli
3048 884 3091 948 ί,
3142 885 3318 940 adhuc
3365 885 3589 939 consilio
3640 884 3838 954 Pippiui

2252 977 2472 1046 majoris
2500 977 2692 1031 domus
2720 989 2773 1031 et
2797 975 3111 1030 Chuniberti
3152 986 3166 1025 ι
3221 976 3486 1042 pontiﬁcis
3514 977 3663 1029 urbis
3690 975 3841 1029 Colo-

2254 1066 2353 1119 nia:
2382 1076 2560 1132 utens,
2591 1075 2647 1120 et
2675 1067 2743 1120 ab
2771 1066 2885 1131 ipso
2909 1064 3120 1119 fortiter
3141 1063 3464 1131 admonitus,
3498 1074 3661 1118 tautze
3714 1080 3834 1133 pro-

2256 1159 2526 1225 speritatis
2550 1166 2606 1211 et
2629 1156 2851 1224 justitiaa
2873 1170 3055 1210 amore
3085 1158 3397 1223 complexus
3440 1156 3719 1209 universas
3746 1154 3837 1210 sibi

2253 1247 2493 1301 subditas
2537 1258 2745 1315 gentes.
2792 1261 2959 1316 usque
3003 1248 3127 1301 dum
3177 1246 3243 1299 ad
3289 1245 3543 1310 Paridos,
3586 1257 3643 1300 ut
3685 1263 3838 1315 supra

2255 1341 2496 1404 mcrnini,
2531 1342 2787 1408 pervenit,
2824 1341 3064 1409 regebat,
3104 1350 3161 1393 ut
3191 1340 3368 1393 nullus
3409 1340 3474 1392 de
3515 1339 3838 1393 Francorum

2255 1432 2469 1497 regibus
2524 1431 2950 1499 prmcedentibus
3002 1447 3095 1484 sua
3163 1432 3317 1484 laude
3378 1432 3569 1485 fuisset
3627 1446 3839 1500 praecer-

2258 1523 2470 1577 lentior.

2326 1620 2427 1671 Art.
2462 1631 2767 1670 ncxxrx.—
2789 1614 2924 1669 LIX.
2951 1615 3105 1669 Anno
3127 1615 3157 1669 8
3182 1613 3207 1651 ¹π
3234 1614 3381 1683 regni
3405 1614 3487 1668 sui
3511 1628 3634 1666 cum
3658 1615 3842 1667 Auster

2257 1708 2403 1776 regio
2451 1707 2592 1760 cultu
2647 1706 2917 1770 circttiret,
2965 1706 3250 1773 quamdam
3301 1704 3570 1773 puellam,
3627 1703 3841 1757 nomine

568 1812 670 1859 est.
700 1801 941 1871 Cumque
971 1800 1272 1869 Cabillono,
1307 1800 1395 1852 ubi
1422 1798 1644 1866 justitia:
1688 1810 1873 1849 amore
1912 1809 2015 1862 qua
2046 1809 2151 1847 cre-
2186 1802 2227 1860 Β
2259 1800 2651 1870 Ragnetrudam
2688 1795 2707 1835 ι
2751 1798 2938 1852 stratui
2971 1798 3163 1851 ascivit
3200 1811 3320 1861 suo,
3363 1796 3430 1849 dc
3458 1809 3561 1864 qua
3605 1809 3670 1849 eo
3709 1810 3843 1849 anno

574 1901 725 1963 perat
752 1892 1091 1961 perﬁcienda.-
1119 1891 1451 1960 Dagobertus
1480 1887 1663 1956 dirigit
1690 1888 2007 1950 intentione,
2040 1894 2156 1954 post

569 1998 668 2051 per
708 1981 1175 2051 Augustodunum,
1218 1978 1641 2033 Antissiodetum
1672 1991 1922 2047 pergens,
1954 1992 2049 2046 per
2074 1977 2154 2030 ci-

569 2076 791 2128 vitatem
820 2074 1063 2128 Senonas
1092 2073 1325 2126 Parisios
1356 2072 1523 2137 venit,
1559 2072 1737 2141 ibique
1765 2069 2152 2125 Gomatrudem

570 2165 807 2236 reginam
833 2165 1131 2219 liontiliaco
1154 2172 1178 2202 ο
1203 2162 1451 2227 villa,nbi
1482 2165 1648 2231 ipsam
1674 2162 1725 2216 in
1754 2164 2152 2217 matrimonium

570 2267 886 2327 acceperat,
946 2258 1256 2324 relinquens
1310 2255 1353 2321 τ,
1384 2255 1824 2320 Nantechildem,
1876 2270 2033 2309 unam
2089 2271 2153 2308 ex

571 2353 760 2422 puellis
780 2352 849 2408 de
879 2351 1175 2407 ministerio
1199 2361 1224 2399 ε
1246 2353 1531 2421 accipiens,
1558 2352 1796 2418 reginam
1830 2351 2151 2408 sublimavit.

572 2442 754 2511 Usque
778 2443 968 2497 eodem
992 2453 1236 2510 tempore
1255 2441 1323 2493 ab
1345 2441 1496 2494 initio
1517 2456 1623 2508 quo
1644 2456 1868 2507 regnare
1897 2452 2153 2510 coeperat,

548 2532 797 2597 ,eonsilio
830 2530 1081 2600 primitus
1122 2531 1414 2584 beatissimi
1441 2530 1669 2594 Arnulli,
1698 2530 1969 2585 Mettensis
2008 2532 2155 2585 urbis

576 2623 863 2692 pontiﬁcis,
892 2633 947 2677 et
970 2623 1177 2692 Pippini
1206 2622 1424 2691 majoris
1443 2622 1636 2679 donius
1658 2638 1807 2689 usus,
1838 2635 1979 2679 tanta
2030 2640 2156 2697 pro-

572 2715 831 2785 speritate
851 2715 1031 2786 regale
1052 2715 1287 2785 regimen
1303 2715 1355 2768 in
1375 2717 1566 2771 Auster
1582 2718 1821 2785 regebat,
1840 2723 2155 2774 utacunctis

572 2808 818 2877 gentibus
844 2809 1107 2863 immenso
1137 2809 1325 2863 ordine
1362 2807 1570 2863 laudem
1616 2809 1857 2864 haberet.
1884 2811 2152 2866 Timorem

573 2916 704 2956 vero
729 2900 810 2956 sic
839 2900 1029 2956 fortem
1057 2914 1152 2953 sua
1191 2910 1537 2955 concusserat
1566 2903 1785 2968 utilitas,
1821 2910 1877 2955 ut
1911 2902 2020 2970 jam
2060 2902 2156 2957 de-

574 2994 789 3048 votione
813 2991 1115 3061 arriperent
1143 3006 1256 3045 sua:
1286 3006 1346 3046 se
1376 2992 1589 3047 tradere
1632 2993 1817 3048 ditioni
1844 3034 1858 3059 ,
1890 3004 1948 3049 ut
1988 2996 2151 3050 etiam

585 3119 588 3122 ’
645 3136 671 3165 ⁸
704 3126 777 3182 Ex
811 3126 912 3183 hoc
955 3126 1075 3182 loco
1121 3127 1278 3183 infert
1308 3126 1553 3184 Cointius
1583 3146 1767 3184 vocem
1800 3131 1972 3187 tende:
2015 3148 2151 3187 non-

2257 1894 2440 1948 habuit
2469 1895 2656 1957 lilium,
2688 1892 2899 1946 nomine
2919 1890 3275 1959 gSigibertum.

2328 1986 2442 2040 LX.
2497 1984 2793 2037 Revertens
2836 1985 2888 2035 in
2938 1981 3268 2047 Neptricum,
3318 1977 3502 2033 sedem
3555 1976 3723 2045 patris
3768 1977 3846 2030 sui

2258 2076 2555 2131 Cblotharii
2592 2076 2839 2145 diligens,
2871 2073 3088 2126 assidue
3110 2072 3345 2126 residere
3386 2071 3671 2139 dispesuit.
3719 2068 3847 2123 Cum

2257 2171 2433 2224 omnis
2476 2170 2697 2237 justitite
2743 2182 2902 2238 quam
2951 2168 3093 2235 prius
3135 2166 3395 2219 dilexerat
3438 2174 3580 2219 esset
3630 2164 3846 2225 oblitus,

2256 2259 2565 2329 cupiditatis
2597 2261 2849 2313 instinctu
2876 2271 3039 2326 super
3070 2256 3229 2310 rebus
3270 2255 3630 2309 Ecclesiarum
3663 2267 3714 2309 et
3739 2256 3846 2309 leu-

2208 2366 2211 2367 '
2256 2349 2435 2414 dibus,
2472 2348 2649 2417 sagaci
2680 2346 2969 2410 desiderio,
2993 2344 3150 2399 vellet
3190 2344 3437 2398 omnibus
3466 2347 3699 2413 undique
3729 2359 3848 2411 spo-

2257 2441 2341 2496 liis
2364 2457 2533 2497 novos
2562 2440 2788 2509 implere
2817 2439 3121 2493 thesauros.
3155 2436 3411 2491 Luxuria:
3436 2452 3597 2503 supra
3630 2437 3843 2491 modum

2258 2534 2467 2588 deditus
2498 2546 2610 2588 tres
2649 2532 2881 2587 habebat
2908 2531 2975 2584 ad
3015 2530 3186 2583 instar
3213 2528 3515 2583 Salomonis
3541 2537 3581 2565 ³
3613 2530 3846 2599 reginas,

2261 2629 2494 2681 maxime
2537 2633 2594 2680 et
2643 2624 2902 2693 plurimas
2948 2621 3294 2676 concubinas.
3340 2619 3563 2689 Regium
3602 2632 3731 2674 vero
3773 2619 3851 2671 ba:

2257 2720 2419 2792 637
2445 2728 2621 2788 erant,
2640 2708 3029 2781 Nantechildis,
3047 2711 3384 2784 Wlfegundis
3406 2721 3463 2767 ct
3486 2709 3781 2766 Berehildis
3798 2716 3851 2766 ³.

2259 2813 2484 2868 Nomina
2504 2810 2924 2866 concubinarum
2946 2822 3013 2863 eo
3034 2807 3173 2875 quod
3200 2805 3378 2875 plures
3402 2805 3651 2865 fuissent,
3684 2803 3852 2858 inere-

2259 2903 2472 2958 vithnic
2483 2901 2760 2957 Chronica:
2790 2899 2974 2955 inseri.
2994 2898 3145 2967 Quod
3161 2913 3283 2952 curn
3298 2910 3542 2950 aversum
3566 2894 3851 2964 plurimum

2261 2999 2446 3054 fuisset
2474 3012 2569 3052 eor
2589 2995 2726 3066 ejus,
2750 2994 2889 3049 sicut
2910 3006 3071 3060 supra
3092 2990 3458 3058 meminimus,
3487 2997 3539 3044 et
3560 3002 3588 3041 a
3618 2988 3728 3044 Deo
3756 3002 3853 3043 co-

2262 3136 2470 3189 nisterio
2501 3134 2554 3190 in
2597 3130 2889 3187 Chlodovei
2936 3129 2977 3184 ll
3020 3129 3234 3184 thorum
3278 3130 3441 3183 ascita
3493 3131 3598 3191 est,
3633 3138 3699 3179 ex
3741 3121 3852 3193 ejus

574 3212 845 3270 nunquam
912 3199 1157 3252 subditos
1221 3213 1409 3253 omnes
1458 3200 1805 3269 designasse.
1857 3218 1975 3270 qua:
2024 3204 2155 3258 altas
2186 3194 2231 3258 C
2267 3206 2407 3259 Vita.

577 3269 763 3333 laicus,
791 3280 947 3337 prout
973 3270 1339 3339 sacerdotibus
1383 3282 1747 3338 opponuntur,
1781 3269 2065 3339 signiﬁcat,
2103 3286 2158 3329 ut

575 3348 720 3409 patet
761 3353 827 3393 ex
873 3354 993 3411 cap.
1033 3340 1057 3393 l
1089 3337 1335 3395 Chronici
1390 3337 1613 3410 Fredeg.
1648 3341 1715 3398 Ut
1758 3337 2045 3411 plurimum
2077 3353 2158 3398 ta-

576 3424 699 3482 men
727 3410 987 3482 vassallns
1035 3412 1173 3480 regis
1213 3410 1517 3479 specialiter
1552 3410 1816 3480 designat,
1856 3413 1945 3481 qui
1978 3426 2160 3482 postea

578 3479 789 3533 barones
816 3480 1062 3548 appellati
1093 3479 1322 3549 luerunt,
1348 3490 1404 3534 ut
1428 3482 1536 3549 jam
1577 3479 2001 3539 observavimus.
2027 3484 2161 3542 Vide

578 3549 790 3620 Henrici
818 3550 1125 3617 Spelmanni
1153 3558 1208 3604 et
1226 3550 1414 3620 Cangii
1454 3550 1748 3607 Glossaria.

650 3619 677 3659 δ
718 3621 801 3677 Ab
847 3620 1091 3675 ecclesiae
1137 3636 1247 3675 suae
1292 3619 1518 3689 patrono
1563 3638 1757 3678 nomen
1795 3622 1955 3679 habet
1986 3625 2161 3681 Saint-

576 3689 706 3746 Jean
737 3692 798 3746 de
827 3689 1020 3755 Latine,
1051 3705 1206 3759 supra
1234 3692 1444 3745 ﬂuvium
1472 3693 1700 3748 Ararim.

653 3773 676 3801 α
709 3763 809 3819 Ed.
860 3763 1083 3831 aliquot,
1097 3762 1301 3833 justitia
1318 3762 1707 3833 judicandum“

652 3833 679 3871 ιι
727 3835 775 3888 ιε
812 3833 912 3889 fuit
958 3834 1063 3887 dux
1099 3831 1431 3901 Burgunth
1484 3831 1799 3901 Cisjuranaa,
1856 3840 2162 3895 monasterii

579 3902 869 3976 Besuensis
901 3918 1069 3976 prepe
1096 3902 1373 3976 Divionem
1408 3902 1673 3970 fundator,
1704 3909 1789 3961 cui
1819 3906 1982 3961 lilium
2008 3923 2161 3964 suum

580 3973 953 4030 Waldalenuin
984 3973 1017 4038 ,’
1052 3973 1444 4029 Luxovienscm
1499 3978 1817 4031 monachum
1843 4017 1859 4040 ,
1916 3978 2163 4036 abbatem

580 4046 779 4115 prtelici
824 4047 1070 4110 curavit;
1121 4054 1176 4099 et
1229 4046 1500 4099 Donatiaci
1543 4061 1706 4113 prope
1758 4047 2162 4116 Vesontionem,

583 4131 679 4184 pro
726 4115 1064 4178 monialibus,
1095 4117 1257 4185 cujus
1299 4115 1575 4169 Adallinda
1622 4118 1785 4185 ipsius
1833 4118 1937 4171 lilia
1997 4115 2163 4185 prima

578 4183 843 4260 abbatissa
873 4185 986 4260 fuit.
1022 4186 1097 4239 De
1122 4187 1203 4240 his
1230 4183 1481 4241 Chronic.
1513 4183 1781 4243 Besu'ense
1820 4198 1965 4244 torno
1997 4183 2015 4243 Ι
2047 4192 2168 4260 Spi-

580 4258 671 4312 cil.
702 4256 1008 4311 Acberiani.

656 4336 684 4364 ο
715 4328 865 4400 Nune
886 4326 1142 4400 suburb‘o
1171 4327 1447 4400 parisiensi
1478 4328 1645 4381 Sancti
1678 4330 1889 4383 Antonii
1922 4331 2166 4400 contigua

585 4404 688 4469 est,
720 4397 874 4469 vulgo
924 4395 1150 4469 Reuilty.
1178 4395 1393 4469 Confer
1431 4414 1548 4465 cap.
1581 4401 1669 4462 55,
1725 4415 1903 4469 supra,
1939 4401 2028 4454 ubi
2071 4395 2165 4457 rex

584 4463 1001 4537 Gutruatrudem_
1019 4463 1153 4531 apud
1200 4463 1524 4533 Clippiacum
1555 4463 1825 4537 accepisic
1849 4473 2057 4526 dicitur.

658 4533 678 4575 ί
713 4535 931 4590 Addidit
962 4534 1247 4601 Cltesnius,
1279 4553 1333 4590 eo
1365 4542 1500 4601 quod
1524 4533 1707 4592 sterilis
1730 4552 1873 4603 esset,
1898 4558 2012 4593 cum
2043 4559 2166 4596 ron-

585 4605 697 4660 silio
740 4604 1088 4679 Fratrem-um,
1126 4618 1181 4658 ut
1208 4610 1366 4679 habet
1397 4615 1704 4679 Anonytnus
1744 4614 1830 4679 qui
1873 4611 2031 4665 Gesta
2066 4615 2167 4665 Da-

583 4679 787 4749 golterli
817 4677 1073 4745 set-ipsit;
1124 4678 1216 4732 sed
1248 4679 1298 4733 id
1351 4681 1523 4749 potius
1555 4677 1714 4749 ireg‘s
1762 4677 2165 4737 ineuntincntizc

583 4746 919 4805 tribuendum
950 4760 1052 4803 est.
1096 4746 1389 4804 lnvaluerat
1424 4760 1599 4805 autem
1631 4746 1755 4804 iuttc
1786 4752 2009 4818 peSsitﬂa
2035 4770 2163 4806 con-

582 4822 808 4874 suetudo
831 4820 931 4888 legi
960 4818 1274 4875 Christian.»
1299 4821 1566 4875 contraria
1584 4837 1800 4873 uxorem
1828 4825 2159 4891 repudiandi,

582 4906 643 4944 nc
671 4900 785 4959 post
814 4891 1099 4944 divortium
1129 4894 1351 4946 alteram
1384 4892 1707 4951 assumendi,
1730 4899 1785 4943 ut
1808 4903 1950 4958 patet
1973 4908 2037 4947 ex
2071 4896 2163 4948 lib.

580 4961 622 5014 ll
657 4962 894 5017 Μαι-(ξιιΙῆ
922 4966 1076 5015 torni.
1109 4965 1197 5024 50,
1228 4978 1344 5031 qua:
1377 4961 1539 5028 pcsris
1582 4970 1762 5027 postea
1794 4965 1960 5016 sacris
2002 4979 2166 5020 eano-

583 5035 735 5086 Itibns
763 5044 816 5087 et
848 5033 989 5101 regia
1016 5037 1326 5086 auctoritate
1352 5033 1637 5099 exstirpata
1670 5032 1785 5086 fuit.

655 5112 680 5150 κ
705 5105 796 5161 Sic
824 5107 1044 5157 omnino
1080 5104 1383 5173 legendum,
1416 5117 1520 5155 non
1571 5117 1695 5173 vero
1734 5108 1796 5156 de
1838 5108 2166 5173 monasterio,

581 5182 636 5225 nt
668 5176 862 5228 habent
904 5172 1101 5228 Excussi
1132 5172 1249 5224 cum
1290 5175 1559 5226 Aimoino.
1593 5172 1758 5227 Nemo
1789 5174 2043 5229 hactenus
2073 5172 2164 5231 coé

580 5246 748 5298 dieern
778 5261 876 5298 ms.
899 5248 1031 5297 vniat
1056 5245 1143 5297 ubi
1174 5258 1276 5297 non
1300 5243 1566 5302 legeretur
1596 5245 1895 5298 nunisterio.
1920 5248 1989 5297 Ita
2018 5263 2159 5303 enim

585 5315 775 5367 habent
824 5314 1302 5384 Claroruonteusrs,
1332 5310 1676 5383 Culbertiuus
1721 5332 1812 5368 seu
1861 5317 2155 5382 Mettensis,

582 5384 927 5449 ltnherianus,
963 5388 1264 5445 'l'huanens,
1294 5383 1439 5442 teste
1482 5383 1711 5448 Valesio,
1743 5396 1795 5437 et
1840 5402 1973 5439 unus
2001 5383 2159 5440 Citri-

578 5458 730 5527 stina:
747 5460 948 5511 Sueeia:
974 5462 1187 5525 reginae.
1207 5462 1293 5527 qui
1324 5464 1492 5512 luerat
1520 5452 1755 5507 Gultlztsli
1781 5457 1917 5523 apud
1948 5458 2162 5510 Bullati-

578 5526 725 5587 dum,
759 5528 948 5594 quibus
976 5526 1317 5584 consentiunt
1355 5530 1624 5584 Chronica
1650 5528 1834 5579 Belua:
1853 5530 2159 5581 monasterii

578 5604 630 5647 et
667 5598 833 5650 salteti
870 5602 1109 5667 lienigtti.
1163 5602 1224 5653 Et
1257 5603 1466 5667 quidem
1503 5599 1851 5667 Dagnbertus
1878 5601 2160 5655 utouialem

576 5680 696 5719 eum
730 5670 873 5736 regni
905 5685 1180 5736 procerum
1226 5674 1449 5725 consilio
1480 5686 1702 5725 uxorem
1743 5686 1845 5724 non
1876 5672 2158 5737 duxisset;

576 5749 867 5814 sensusque
896 5740 979 5792 hic
996 5741 1160 5814 exigit
1183 5750 1238 5794 ut
1268 5738 1437 5814 puella
1461 5741 2084 5795 cministeriosublevate
2108 5746 2157 5797 in

576 5810 807 5873 reginam
836 5810 1061 5865 dicatur.
1108 5812 1197 5866 hic
1232 5813 1424 5881 quippe
1456 5813 1735 5867 Balthildis
1780 5815 1975 5881 pariter
2006 5829 2034 5865 e
2059 5814 2153 5866 mi-

2199 4577 2249 4636 ι)

2338 3274 2366 3314 ιι
2397 3277 2583 3332 Manus
2607 3273 2832 3343 publica:
2852 3270 3066 3343 nomine
3087 3268 3388 3343 intelligere
3407 3265 3546 3321 solet
3564 3263 3653 3343 hic
3674 3272 3853 3343 auctor

2265 3346 2563 3405 Romanum
2610 3334 2919 3411 imperium.
2983 3340 3139 3402 \‘itle,
3190 3338 3370 3411 infra,
3411 3352 3530 3411 cap.
3588 3334 3681 3391 69.
3717 3335 3853 3411 _Hinc

2264 3435 2423 3488 usque
2466 3432 2670 3469 omnum
2694 3406 2959 3488 publicam
2992 3407 3431 3488 potest__i_nte_l_ligi
3459 3421 3627 3475 usque
3666 3406 3731 3461 ad
3774 3421 3852 3461 re—

2266 3480 2451 3560 gioncs
2481 3503 2597 3556 qua:
2627 3480 2779 3540 erant
2798 3484 2867 3537 de
2891 3481 3138 3551 Imperio.
3158 3480 3257 3535 Ed.
3281 3480 3675 3549 aliquot,usque
3704 3493 3854 3530 ιιιαιιιι

2304 3559 2494 3611 oblita.

2268 3577 2626 3683 puflggnctus
2643 3621 2916 3691 Arnulfus,
2943 3623 3129 3677 relicta
3147 3621 3275 3675 sede
3301 3633 3417 3682 sua,
3436 3618 3489 3673 in
3513 3616 3854 3691 solitudinem

2268 3699 2463 3761 Vosagi
2495 3698 2736 3762 secessit,
2766 3695 2856 3748 ubi
2890 3689 2917 3747 a
2949 3704 3133 3749 sancto
3165 3692 3470 3753 “ornavit-0,
3486 3689 3576 3759 qui
3601 3690 3653 3741 iu
3681 3699 3856 3741 castro

2269 3768 2609 3825 Habeudensi
2655 3765 3035 3820 multasterium
3083 3762 3347 3833 virginum
3398 3770 3452 3815 ιι
3481 3766 3709 3833 alterum
3761 3774 3855 3825 pro

2268 3838 2549 3895 monachis
2599 3845 2992 3901 construxerat,
3025 3830 3324 3901 susceptus,
3359 3833 3411 3885 in
3452 3830 3632 3883 vicino
3678 3838 3857 3883 monte

2270 3911 2549 3977 habitavit,
2579 3908 2665 3963 ubi
2697 3905 2853 3969 hodie
2874 3907 3128 3961 sacellum
3154 3904 3349 3977 visitur
3368 3917 3488 3957 cum
3511 3901 3703 3977 exigua
3730 3915 3855 3977 ere-

2269 3970 2689 4037 rnitarum'casa.
2712 3977 3095 4031 alonasterium
3127 3970 3498 4031 Habendense,
3526 3970 3665 4039 quod
3695 3988 3723 4024 a
3752 3972 3855 4024 situ

2268 4061 2323 4107 et
2353 4050 2644 4107 conditoris
2693 4047 2907 4102 nomine
2953 4043 3221 4101 Romarici
3266 4045 3421 4098 Mons
3461 4042 3854 4111 (Remimnont)

2272 4135 2454 4190 postea
2484 4122 2681 4175 dictum
2711 4128 2815 4182 est,
2841 4120 2891 4172 in
2925 4120 3113 4172 vallem
3144 4115 3436 4190 subjecram
3462 4120 3649 4190 postea
3679 4127 3851 4190 trans-

2270 4182 2457 4255 latum,
2486 4192 2571 4245 ubi
2604 4191 2765 4244 etiam
2797 4204 2940 4243 nunc
2966 4196 3141 4242 exstat
3169 4202 3291 4241 cum
3317 4184 3510 4250 oppido
3539 4182 3856 4253 cognomine

2266 4266 2416 4332 juxta
2436 4254 2733 4325 Mosellam,
2751 4276 2778 4312 a
2804 4259 3100 4332 canonissis
3123 4256 3463 4310 smcnlaribus
3480 4254 3848 4332 inlisu-tatur»,

2270 4323 2389 4403 qum
2414 4333 2609 4402 regula:
2639 4323 2994 4403 lienetlictitrzn
3013 4330 3198 4403 jngum
3223 4335 3596 4403 excusserunt.
3618 4323 3852 4403 alentem

2272 4395 2399 4457 vero
2427 4395 2596 4468 ipsum
2637 4404 2727 4469 qui
2758 4402 2916 4453 hodie
2940 4395 3093 4455 Mons
3113 4401 3345 4453 Sanctus
3376 4396 3592 4450 dit'itur.
3618 4395 3857 4469 incolunt

2274 4468 2986 4540 Benetlictiuicongnsancti
3025 4471 3222 4534 Vitoni,
3256 4472 3351 4540 ubi
3367 4475 3569 4540 praeter
3598 4468 3852 4531 majorem

2272 4545 2554 4597 ecclesiam
2590 4544 2711 4594 hinc
2732 4538 2797 4595 ἐι
2845 4543 2965 4596 inde
2987 4543 3187 4607 aliquot
3215 4538 3409 4593 sacella
3440 4546 3701 4601 Visuntur,
3732 4550 3850 4589 cum

2272 4616 2504 4681 antiquis
2543 4627 2874 4675 sanctorum,
2907 4614 2995 4680 qni
3037 4614 3107 4665 ibi
3138 4612 3364 4679 deposui
3419 4609 3645 4681 luerunt,
3678 4608 3854 4681 sepul-

2272 4677 2416 4737 eris;
2453 4685 2583 4748 ρυλε
2645 4685 2825 4735 omnia
2888 4677 3029 4735 anno
3072 4677 3222 4736 Nati
3270 4678 3632 4734 lustrationis.
3681 4677 3851 4730 Vitam

2272 4754 2440 4807 sancti
2485 4754 2688 4807 Arnulli
2721 4753 2885 4806 habes
2912 4757 2965 4805 in
3008 4768 3133 4806 saec.
3165 4768 3199 4806 ll
3251 4750 3472 4810 Beued.,
3520 4752 3583 4801 ad
3614 4763 3702 4801 an.
3729 4748 3848 4802 διο.

2272 4825 2479 4891 Corpus
2504 4824 2616 4892 ejus
2644 4826 2829 4877 Mettas
2856 4824 3163 4876 translatum
3194 4828 3499 4876 asservatur
3542 4820 3592 4892 in
3640 4820 3850 4892 basilica

2272 4889 2464 4964 insigni
2510 4889 2679 4961 ipsius
2724 4896 2924 4948 nomini
2967 4909 3139 4955 sacra,
3178 4910 3343 4964 quam
3387 4889 3658 4960 possident
3690 4891 3854 4943 Bene-

2271 4963 2456 5021 dictini
2490 4966 2737 5020 monachi
2768 4981 2926 5033 cong.
2969 4966 3137 5019 sancti
3174 4963 3372 5017 Vitoni.

2351 5038 2363 5087 i
2417 5040 2524 5101 AL,
2555 5035 2841 5089 Huniberti.
2873 5029 3112 5090 interfuit
3134 5050 3287 5089 conc.
3318 5032 3602 5089 lihemensi
3622 5029 3847 5086 an.630.

2276 5107 2406 5177 Ejus
2442 5109 2553 5161 Vita
2585 5107 2807 5177 habetur
2833 5107 2974 5171 apud
3021 5108 3235 5160 Surium
3281 5107 3369 5159 die
3422 5107 3486 5157 l2
3514 5104 3846 5169 Novembris,

2271 5175 2378 5244 quo
2405 5180 2571 5246 ipsius
2596 5175 2791 5231 festum
2820 5180 3141 5231 celebratur.

2346 5247 2368 5284 ιε
2401 5245 2498 5302 Alii
2530 5250 2581 5313 7,
2615 5249 2706 5301 alti
2734 5262 2858 5301 vero
2888 5251 2941 5310 9,
2960 5250 3096 5314 quod
3130 5263 3309 5301 verum
3332 5255 3417 5302 est
3445 5245 3512 5301 de
3537 5246 3618 5299 his
3646 5245 3846 5307 verbis,

2268 5335 2327 5372 eo
2351 5336 2485 5372 (ιιιιιο
2511 5320 2705 5372 habuit.
2740 5317 2870 5371 Nam
2899 5320 3195 5387 Sigibertus
3225 5330 3373 5372 ortus
3420 5329 3505 5373 est
3532 5332 3620 5371 an.
3652 5319 3778 5378 0'50,
3808 5316 3847 5367 si

2268 5406 2461 5443 annum
2497 5391 2716 5456 incipias
2743 5405 2772 5443 a
2799 5388 3069 5443 Januario.

2348 5458 2362 5498 ¹
2396 5461 2548 5514 Coll).
2592 5454 2647 5514 et
2689 5460 2827 5514 litltti
2875 5460 3135 5525 nonnulli,
3173 5459 3574 5529 liegiutrudam;
3611 5466 3663 5513 et
3715 5454 3847 5511 infra

2268 5531 2407 5585 Editi
2436 5533 2762 5597 complures,
2782 5531 3137 5600 Sygobertum.

2339 5614 2374 5637 ’πῖ
2407 5603 2528 5655 ΙΙιιιο
2558 5616 2658 5655 vox
2688 5597 2985 5655 Salomonis
3008 5614 3090 5656 est
3116 5603 3165 5655 itt
3195 5602 3311 5656 solo
3336 5604 3461 5658 cod.
3485 5601 3642 5658 Coll).
3660 5609 3713 5656 et
3730 5597 3846 5669 qui-

2268 5675 2385 5729 dem
2416 5676 2581 5727 altera
2618 5687 2797 5732 manu,
2829 5673 2921 5727 sed
2950 5674 3186 5741 antiqua.

2339 5754 2365 5782 η
2394 5745 2519 5805 Alii,
2552 5740 2873 5808 Nautltiidis,
2909 5741 3224 5813 Utﬁguudis,
3258 5743 3559 5800 Berl/rma.
