4132 6348
341 337 447 395 ειυς

1795 335 2213 394 CIIRONICUM.

3518 338 3623 395 646

339 455 527 526 grtatlo
552 457 673 524 ejus
712 452 1049 518 recessisset,
1084 462 1264 508 tamen
1297 460 1500 521 postea,
1530 461 1690 524 atque
1731 454 1931 508 utinam
1962 457 2009 512 Α
2040 458 2339 505 maveruut.
2366 450 2490 504 Post
2520 457 2633 506 haec
2654 451 3172 523 Constantinopol'm
3195 455 3379 511 sedem
3411 456 3619 527 imperii

340 552 414 608 illi
439 551 504 606 sd
525 549 823 606 mercedem
855 563 1035 604 veram
1066 546 1199 601 lucri
1227 548 1436 614 fuisset,
1466 564 1588 602 nam
1620 548 1923 618 eleemosy-

340 658 460 697 nam
487 643 806 711 pauperibus
843 655 1003 710 supra
1044 639 1258 692 modum
1292 640 1510 709 largiter
1555 640 1833 711 erogabat,
1877 639 1922 694 si

338 733 497 803 hujus
526 733 603 788 rei
643 731 905 803 sagacitas
945 730 1253 799 cupiditatis
1280 728 1530 785 instinctu
1578 746 1679 784 non
1716 746 1924 800 praepe-

337 827 523 891 disset,
554 840 774 894 regnum
807 834 864 879 ut
890 825 1125 879 creditur
1155 825 1439 878 meruisset
1469 833 1752 880 aeternum.

408 915 543 969 LXI.
584 914 714 969 Cum
761 914 946 970 leudes
990 914 1069 968 sui
1114 912 1231 984 ejus
1280 915 1572 984 nequitiam
1623 925 1922 984 gemerent,

340 1020 455 1061 mre
483 1020 710 1061 cernens
738 1006 1015 1076 Pippinus,
1052 1022 1172 1060 cum
1203 1016 1347 1061 esset
1376 1009 1584 1062 cautior
1611 1009 1843 1072 cunctis,
1874 1017 1929 1063 et

336 1101 655 1156 consilitrsus
678 1100 856 1165 valde,
890 1101 1234 1169 plenissimus
1263 1100 1388 1165 fide,
1424 1100 1490 1155 ab
1522 1101 1771 1155 omnibus
1797 1100 1929 1155 dile-

338 1202 475 1259 ctus,
506 1208 601 1262 pro
644 1192 863 1261 iustitia:
908 1207 1092 1247 amore
1121 1207 1223 1261 qua
1256 1192 1609 1262 Dagobertum
1642 1192 1929 1247 consiliose

340 1284 684 1349 instruxerat,
708 1283 833 1338 dum
866 1298 967 1337 suo
989 1299 1117 1338 usus
1150 1283 1321 1338 fuerat
1348 1284 1596 1347 consilio,
1622 1285 1720 1338 sibi
1749 1296 1926 1338 tamen

340 1390 436 1430 nec
458 1375 750 1445 quidquam
793 1374 997 1429 oblitus
1023 1374 1265 1445 justitite,
1297 1391 1470 1444 neque
1499 1376 1756 1429 recedens
1786 1391 1814 1428 a
1846 1376 1929 1429 via

339 1468 596 1522 bonitatis
619 1510 636 1537 ,
665 1482 786 1523 cum
817 1467 884 1522 ad
917 1468 1274 1537 Dagobertum
1305 1468 1606 1535 accederet,
1641 1469 1931 1539 prudenter

338 1559 528 1629 agebat
558 1559 610 1613 in
637 1560 866 1625 cunctis,
900 1568 957 1613 et
984 1568 1197 1614 cautum
1225 1574 1286 1614 se
1316 1561 1369 1613 in
1398 1560 1649 1614 omnibus
1679 1561 1929 1615 ostende-

337 1648 458 1716 bat;
492 1650 667 1704 zelum
700 1649 841 1722 [Clt.,
862 1647 1031 1719 zelus]
1054 1649 1457 1704 Austrasiorum
1489 1650 1749 1705 adversus
1772 1658 1927 1705 'eum-

340 1736 460 1793 dem
500 1738 852 1793 vehementer
895 1739 1237 1809 suggerebat,
1273 1747 1334 1791 ut
1376 1739 1536 1793 etiam
1589 1739 1759 1807 ipsum
1809 1755 1928 1793 cum

2031 543 2447 613 propinquantes
2472 544 2752 600 destruere
2781 547 3135 603 conabantur.
3171 549 3467 619 Egrediens
3487 567 3609 608 cum

2027 639 2267 693 exercitu
2315 639 2587 694 llcraclius
2631 641 2879 707 obviam,
2932 644 3120 713 legatis
3168 644 3614 712 discurrentibus,

2030 730 2305 785 Heraclius
2337 731 2710 800 imperatorem
2732 735 3272 803 Persarum,nomine
3301 738 3541 795 Cosdroe
3562 740 3618 807 τι,

2032 820 2183 890 petiit
2228 832 2284 874 ut
2331 821 2385 875 lii
2434 823 2539 876 duo
2593 823 2946 893 imperatores
3010 829 3265 889 singulari
3325 834 3622 887 certamine

2029 912 2507 981 coniungerentur,
2534 930 2789 983 suspensa
2822 918 3003 986 procul
3038 921 3314 989 utriusque
3344 922 3617 976 exercitus

2032 1006 2400 1071 multitudine;
2428 1016 2482 1060 et
2503 1009 2585 1061 cui
2615 1006 2836 1062 victoria
2861 1021 3208 1077 prmstaretur
3227 1014 3294 1065 ab
3320 1014 3617 1081 Altissimo,

2030 1095 2311 1165 imperium
2362 1096 2479 1167 ejus
2514 1100 2601 1165 qui
2645 1099 2957 1154 vintebatur
3004 1111 3058 1155 et
3099 1104 3347 1171 populum
3391 1105 3619 1159 illaesum

2034 1188 2319 1258 reciperet.
2350 1187 2646 1257 Imperator
2688 1190 2972 1245 Persarum
3021 1194 3119 1247 Irae
3156 1196 3528 1250 convenientia
3558 1215 3619 1253 se

2031 1294 2369 1349 egressurum
2396 1282 2461 1335 ad
2491 1282 2731 1349 praelium
2763 1283 3022 1352 singulari
3050 1287 3341 1339 certamine
3378 1302 3616 1356 spopon—

2032 1372 2130 1426 dit.
2178 1372 2454 1426 llcraclius
2504 1374 2798 1443 imperator
2844 1390 2991 1428 arma
3035 1389 3254 1430 sumens
3295 1379 3449 1432 telam
3484 1394 3617 1447 prte-

2034 1463 2088 1517 lii
2122 1472 2147 1500 ο
2175 1475 2229 1519 et
2280 1466 2597 1535 phalangem
2629 1483 2656 1519 a
2689 1468 2801 1522 suis
2850 1478 2971 1535 post
3010 1477 3215 1539 tergum
3266 1485 3617 1540 prteparatam

2034 1557 2343 1625 relinquens
2372 1599 2387 1623 ,
2440 1558 2694 1628 singulari
2743 1562 3058 1627 certamine,
3107 1575 3163 1615 ut
3211 1579 3381 1617 novus
3431 1565 3619 1627 David,

2035 1650 2274 1718 procedit
2318 1650 2387 1703 ad
2438 1649 2656 1706 bellum.
2702 1653 2995 1721 Imperator
3042 1655 3325 1709 Pcrsarmn
3355 1653 3620 1711 Cosdroes

2034 1742 2317 1809 patricium
2367 1746 2650 1810 quemdam
2697 1760 2761 1798 ex
2812 1747 2943 1812 suis,
2974 1762 3131 1816 quem
3186 1749 3534 1803 fortissimum
3567 1751 3618 1803 in

341 1828 647 1900 Dagoberto
691 1839 1018 1884 conarentur
1046 1829 1220 1884 facere
1265 1829 1531 1895 odiosum,
1559 1837 1618 1881 ut
1646 1831 1818 1896 potius
1852 1830 1929 1883 in-
1962 1840 2010 1901 Β
2036 1832 2226 1899 ρτωιὶο
2270 1848 2495 1888 cernere
2526 1846 2791 1904 potuerat,
2828 1838 2986 1905 hujus
3014 1842 3404 1894 convenientia:
3445 1843 3509 1894 ad
3543 1842 3620 1895 ἰη-

340 1922 694 1978 terllceretur.
732 1922 838 1978 Sed
870 1922 1090 1992 iustitia:
1139 1937 1290 1977 amor
1317 1933 1369 1975 et
1411 1922 1504 1975 Dei
1557 1924 1737 1985 timor,
1770 1937 1927 1989 quem

339 2013 627 2084 diligenter
655 2012 937 2083 amplexus
968 2010 1170 2076 fuerat,
1204 2013 1375 2079 ip~um
1424 2012 1668 2065 liberavit
1693 2027 1721 2064 a
1752 2012 1927 2065 malis.

340 2107 458 2178 Ipse
477 2121 607 2163 vero
639 2122 706 2162 eo
734 2122 876 2161 anno
915 2121 1036 2161 cum
1085 2104 1353 2171 Sigiberto
1394 2104 1505 2158 ﬁlio
1537 2104 1830 2175 Dagoberti
1862 2105 1927 2159 ad

340 2199 710 2256 Charibertum
745 2215 930 2272 regem
959 2200 1204 2255 accessit.

410 2294 572 2351 LXII.
614 2292 993 2357 Charibertus,
1046 2292 1347 2347 Aureliauis
1398 2291 1652 2357 veniens,
1690 2289 1932 2361 Sigiber-

343 2393 451 2440 tum
478 2386 546 2441 de
571 2393 759 2440 sancto
784 2386 997 2440 lavacro
1024 2386 1235 2452 excepit
1258 2392 1306 2437 ⁸.
1341 2381 1473 2452 Ᾰῖςτι
1506 2397 1633 2436 vero
1661 2397 1688 2434 s
1721 2386 1931 2436 caeteris

344 2475 641 2546 Neptrasiis
688 2475 716 2513 ιι
756 2476 982 2530 consilio
1030 2474 1311 2544 Dagoberti
1369 2482 1487 2527 erat
1534 2473 1799 2528 assiduus.
1853 2474 1934 2528 Eo

343 2579 483 2622 anno
506 2567 662 2637 legati
699 2567 1012 2637 Dsgoberti,
1045 2580 1183 2633 quos
1210 2564 1275 2617 ad
1308 2562 1609 2617 Heraelium
1640 2564 1932 2633 imperato-

342 2672 454 2714 rem
470 2659 767 2724 direxerat,
786 2658 869 2713 his
885 2657 1195 2713 nominibus
1206 2657 1465 2712 Servatus
1483 2654 1613 2728 [AL,
1630 2654 1933 2728 Servatius]

344 2757 396 2807 et
435 2749 731 2816 Paternns,
786 2750 851 2804 ad
906 2750 1154 2804 eumdem
1204 2756 1571 2812 revertuntur,
1625 2747 1934 2802 nuntiantes

343 2858 525 2913 pacem
558 2852 869 2912 perpetuam
899 2856 1019 2897 cum
1066 2841 1317 2896 Heraclio
1346 2841 1609 2896 firmasse.
1644 2842 1776 2896 Acta
1807 2856 1934 2896 vero

346 2935 585 2990 miraculi
608 2950 728 3005 qum
744 2936 814 2990 ab
828 2934 1076 2990 Heraclio
1092 2934 1229 2989 facta
1240 2944 1363 2989 sunt
1380 2949 1484 2987 non
1500 2935 1929 3004 praetermittam.

414 3050 591 3107 LXIII.
615 3051 888 3106 Ileraclius
910 3065 1031 3105 cum
1055 3060 1196 3105 esset
1221 3048 1473 3119 patricius
1493 3046 1612 3121 [CIL
1637 3050 1724 3101 ad.
1750 3050 1932 3121 super]

339 3142 620 3198 universas
651 3141 843 3196 Africa:
873 3141 1200 3212 provincias,
1224 3151 1278 3195 et
1310 3139 1500 3203 Focas,
1524 3142 1616 3210 qui
1652 3141 1933 3211 tyrannico

2031 1933 2144 1978 star
2173 1940 2270 1992 pro
2299 1939 2358 1980 se
2384 1934 2570 1980 contra
2594 1927 2895 1982 lleraclium
2922 1931 2986 1983 ad
3021 1932 3371 2001 prteliandum
3401 1933 3619 1988 direxit.

2030 2016 2273 2087 Cumque
2318 2028 2542 2089 uterque
2595 2035 2715 2075 cum
2770 2023 2945 2092 equis,
2988 2023 3040 2077 hi
3091 2025 3196 2078 duo
3241 2026 3623 2095 coogrcssioue

2032 2109 2199 2177 praelii
2247 2111 2299 2164 in
2348 2112 2575 2167 invicem
2630 2115 3072 2184 propinquarent,
3110 2117 3391 2171 lleraclius
3435 2119 3511 2171 ait
3556 2120 3622 2171 ad

2033 2201 2342 2269 patricium,
2375 2218 2533 2271 quem
2586 2204 2963 2271 imperatorem
2998 2205 3281 2259 Persarum
3326 2207 3619 2262 Cosdroem

2033 2294 2354 2358 aestimabat,
2385 2295 2569 2348 dicens
2594 2313 2609 2348 :
2633 2297 2721 2349 Sic
2759 2306 3086 2351 convenerat
3120 2309 3175 2353 ut
3205 2300 3476 2368 singulare
3502 2316 3622 2355 cer-

2034 2394 2213 2439 tamen
2260 2387 2423 2457 639
2467 2387 2813 2453 praeliandum
2868 2389 3243 2445 debuissemus
3289 2392 3579 2461 conﬂigere
3607 2435 3621 2457 ,

2033 2491 2200 2545 quare
2243 2485 2362 2544 post
2412 2488 2618 2548 tergum
2663 2488 2808 2533 tuum
2858 2480 2950 2534 alii
3001 2483 3329 2551 sequuntur?
3363 2483 3623 2537 Patricius

2034 2564 2123 2621 ille
2168 2581 2365 2636 gyrans
2409 2577 2599 2636 caput,
2628 2577 2686 2621 ut
2727 2570 3066 2637 conspiceret
3114 2571 3202 2639 qui
3249 2583 3371 2640 post
3413 2582 3621 2642 tergum

2035 2656 2149 2726 ejus
2176 2659 2441 2724 venirent,
2470 2658 2741 2714 Heraclius
2770 2674 2966 2729 equum
2991 2661 3243 2717 calcaneu
3274 2663 3622 2719 vehementer

2034 2764 2252 2821 urgens,
2286 2758 2577 2805 extrahens
2623 2765 2782 2805 uxum
2819 2750 2840 2789 ί
2878 2762 3037 2821 caput
3083 2754 3288 2822 patricii
3334 2753 3623 2811 Persarum

2033 2844 2319 2896 truncavit.
2353 2841 2627 2896 Cosdroes
2677 2843 2969 2910 imperator
2996 2859 3117 2896 cuin
3164 2843 3342 2897 Persis
3383 2843 3624 2899 devictus

2036 2940 2091 2987 et
2131 2934 2411 2998 confusus,
2440 2943 2589 3003 terga
2637 2945 2855 2988 vertens
2885 2948 2915 2988 a
2946 2936 3057 2989 suis
3089 2936 3320 3014 proprie
3351 2937 3626 3005 tyrannica

2035 3026 2226 3081 ordine
2268 3025 2610 3081 interficitur.
2660 3027 2837 3082 Persa:
2883 3036 3031 3096 terga
3074 3036 3345 3082 vertentes
3373 3030 3437 3083 ad
3470 3030 3627 3085 sedes

2036 3127 2281 3172 remeant
2307 3121 2571 3188 pr0prias.
2599 3117 2875 3172 lleraclius
2902 3128 3092 3173 evectu
3121 3120 3297 3172 navali
3324 3136 3444 3174 cum
3473 3136 3627 3175 exer-

344 3231 528 3287 ordlne
572 3232 884 3286 Mauricium
926 3232 1305 3301 imperatorem
1364 3231 1730 3296 interiecerat,
1759 3230 1931 3301 impe—

2038 3208 2147 3263 citu
2198 3206 2387 3262 Persas
2437 3209 2753 3278 ingreditur,
2783 3218 3056 3279 totamque
3089 3211 3363 3265 Persidam
3406 3227 3517 3266 suae
3546 3213 3627 3267 di-

349 3323 588 3393 riumque
608 3323 772 3394 638
798 3332 1072 3392 rapuerat,
1093 3320 1422 3392 nequissinve
1447 3330 1676 3391 regeret,
1702 3333 1751 3376 et
1776 3322 1937 3376 modo

349 3414 594 3469 amentim
635 3416 917 3468 thesauros
960 3414 1010 3467 in
1045 3427 1191 3466 mare
1242 3411 1546 3481 projiceret,
1576 3412 1763 3466 dicens
1792 3414 1932 3482 quod

349 3504 592 3575 Neptuno
643 3519 862 3560 munera
913 3503 1087 3571 daret,
1131 3511 1410 3557 senatores
1462 3512 1747 3558 cernentes
1794 3503 1936 3572 quod

349 3598 508 3673 vellet
552 3596 836 3665 imperium
888 3610 983 3665 per
1022 3594 1305 3649 stultitiam
1351 3595 1672 3658 destruere,
1707 3591 1939 3649 factione

352 3686 581 3743 IIeraclli
618 3686 869 3742 Focatem
914 3687 1309 3755 apprehensum
1356 3697 1575 3739 senatus
1617 3686 1858 3740 manibus
1887 3696 1941 3740 et

352 3776 575 3846 pedibus
625 3777 884 3829 truncatis
932 3775 1108 3843 lapide
1150 3775 1214 3828 ad
1264 3776 1457 3829 collum
1505 3776 1667 3844 ligato
1708 3776 1760 3829 in
1793 3791 1939 3830 mare

353 3867 662 3938 projiciunt.
696 3867 971 3922 Heraclius
998 3881 1267 3922 consensu
1304 3876 1523 3921 senatus
1554 3868 1608 3920 in
1657 3867 1938 3938 imperium

353 3959 664 4014 sublimatur
718 3969 766 4027 ε,
791 3974 910 4013 cum
952 3958 1289 4013 infestatinne
1331 3960 1612 4013 Persarum
1656 3960 1938 4029 imperium

353 4050 684 4120 temporibus
725 4050 965 4104 Mauricii
996 4061 1050 4105 et
1082 4049 1293 4105 Focatis
1338 4052 1719 4119 imperatorum
1756 4052 1939 4105 multze

354 4142 642 4210 provinciae
674 4142 899 4195 fuissent
929 4151 1172 4195 vastatas.

400 4232 613 4288 ‘L'XIV.
660 4233 807 4288 More
837 4232 996 4287 sol‘.to
1026 4230 1201 4311 denuo
1228 4239 1412 4284 contra
1442 4229 1742 4284 Hcraclium
1769 4244 1940 4298 tmpe-

354 4334 498 4381 ratnr
526 4324 805 4381 Persarum
848 4340 969 4378 cum
1000 4324 1238 4378 exercitu
1261 4339 1514 4390 surgens,
1545 4322 1957 4379 Chalcedonam,

353 4418 621 4472 civitatem
672 4433 771 4472 nec
820 4418 1002 4486 procul
1053 4432 1081 4469 a
1134 4415 1643 4483 Constantinopoli,
1674 4424 1942 4469 vastantes

359 4510 536 4563 Persa:
580 4512 867 4580 provinciae
900 4509 912 4581 [
947 4506 1151 4562 Forsan
1179 4549 1194 4573 ,
1228 4505 1569 4578 provincias]
1605 4507 1937 4575 reipublicae,

2042 3300 2173 3354 tioni
2198 3300 2408 3371 redigit,
2427 3302 2598 3370 captis
2618 3301 2812 3356 exinde
2835 3303 3015 3357 multis
3035 3302 3325 3370 thesauris,
3345 3312 3400 3358 et
3420 3314 3627 3373 septem

2041 3391 2449 3448 Eltiarnitiss:
2494 3394 2662 3449 tribus
2707 3395 2860 3449 annis
2908 3395 3124 3450 circiter
3178 3395 3396 3450 Persida
3426 3405 3629 3457 vastata

2039 3486 2160 3554 eius
2184 3484 2374 3539 ditioni
2400 3486 2700 3555 subjicitur.
2745 3485 2873 3540 Post
2905 3489 3020 3543 haec
3046 3487 3225 3543 denuo
3257 3488 3435 3544 Persa:
3467 3478 3611 3560 impe

2041 3591 2274 3634 ratorem
2305 3593 2467 3645 super
2492 3593 2552 3634 se
2582 3588 2766 3633 creant
2794 3577 2844 3634 ιι.

2113 3674 2274 3730 LXV.
2312 3674 2588 3729 lleraclius
2630 3674 2928 3743 imperator
2955 3684 3071 3729 erat
3100 3675 3379 3744 speciosus
3404 3689 3632 3744 conspe-

2042 3776 2153 3832 ctu,
2206 3765 2427 3835 pulchra
2484 3766 2637 3833 facie,
2687 3772 2857 3819 status
2907 3766 3075 3819 forma
3119 3766 3292 3835 digna:
3338 3778 3630 3829 mensurre,

2043 3860 2365 3913 fortissimus
2397 3859 2631 3922 creteris,
2655 3866 2919 3926 pugnator
2948 3857 3213 3925 egregius.
3248 3855 3378 3912 Nam
3408 3868 3463 3911 et
3487 3871 3631 3927 srepe

2043 3951 2223 4005 leones
2251 3948 2303 4002 in
2326 3962 2510 4011 arena,
2537 3955 2593 4002 et
2615 3948 2837 4002 inermis
2864 3948 3041 4016 plures
3069 3946 3317 4017 singulos
3342 3944 3632 4001 interfecit.

2043 4041 2175 4094 Cum
2206 4048 2348 4093 esset
2380 4038 2571 4092 litteris
2602 4037 2828 4091 nimimn
2875 4037 3118 4092 eruditus
3138 4077 3154 4103 ,
3185 4036 3489 4106 astrologus
3519 4037 3634 4092 eiii.

2044 4132 2201 4194 citur,
2231 4146 2326 4200 per
2348 4132 2485 4198 quod
2516 4143 2743 4183 cernens
2767 4143 2796 4182 a
2823 4127 3157 4182 circumcisis
3182 4128 3431 4196 gentibus
3455 4127 3634 4184 divino
3686 4190 3691 4193 _

2048 4233 2175 4276 nutu
2223 4220 2505 4284 imperium
2536 4233 2655 4273 esse
2688 4216 3024 4282 vastandum,
3055 4217 3120 4271 ad
3154 4217 3516 4288 Dagobertum
3548 4232 3633 4273 re-

2045 4330 2165 4385 gem
2217 4313 2544 4367 Francorum
2595 4312 2869 4379 dirigens,
2910 4311 3042 4379 petit
3091 4320 3146 4364 ut
3188 4325 3377 4365 omnes
3420 4310 3634 4365 Judtens

2047 4408 2197 4478 regni
2229 4406 2310 4462 sui
2341 4406 2404 4458 ad
2455 4406 2612 4458 ﬁdem
2644 4403 2955 4458 catholicam
3006 4402 3351 4471 baptizandus
3383 4404 3636 4472 praecipe-

2048 4512 2151 4566 ret,
2182 4500 2323 4570 quod
2356 4499 2597 4567 protinus
2649 4494 2983 4566 Dagnbertus
3010 4494 3252 4564 implevit
3283 4492 3324 4548 ί.
3359 4494 3635 4549 ileraclins

358 4602 746 4671 perveniSsent,
772 4616 997 4669 eamque
1043 4608 1389 4668 erumpentes
1440 4596 1685 4653 incendio
1716 4614 1941 4654 concre-
1980 4593 2024 4649 D
2058 4609 2152 4666 per
2176 4608 2361 4647 omnes
2394 4590 2694 4661 provincias
2740 4588 2952 4643 imuerii
2985 4587 3145 4642 talem
3178 4586 3427 4657 idemque
3458 4586 3640 4642 facere

435 4764 460 4792 ³
487 4753 677 4809 Narrat
697 4753 1108 4807 Bauuemundus
1127 4769 1177 4805 tn
1200 4752 1316 4806 Vita
1335 4752 1503 4805 sancti
1526 4751 1753 4806 Amzmdi
1772 4768 1942 4819 cprsc.

357 4825 734 4893 Trajectutsis,
765 4824 918 4891 cujus
945 4825 1237 4890 dlSt'iplliUS
1270 4825 1365 4876 luit
1387 4863 1403 4885 ,
1435 4823 1758 4889 Sigibertum
1786 4826 1851 4875 ab
1878 4839 1945 4877 eo

358 4896 679 4961 baptizatum
712 4896 899 4956 fuisse,
931 4909 1100 4959 eaque
1125 4895 1405 4948 occasione
1452 4895 1771 4947 miraculum
1815 4894 1945 4946 insi-

354 4983 458 5038 gne
486 4965 795 5036 contigisse.
828 4965 956 5018 Nam
985 4980 1105 5018 cum
1139 4966 1219 5018 vir
1246 4976 1461 5018 sanctus
1494 4965 1777 5038 puerulum
1804 4975 1945 5038 rate-

356 5036 679 5092 cltumcnutu
725 5038 951 5099 faceret,
985 5048 1037 5087 et
1086 5050 1244 5089 nemo
1291 5036 1642 5098 responderet
1688 5036 1939 5096 orationi,

359 5109 609 5177 puerulus
635 5111 774 5161 clara
802 5123 929 5160 voce
959 5106 1230 5170 restioudit
1255 5109 1436 5177 Amen,
1457 5107 1597 5173 quod
1625 5105 1764 5173 apud
1797 5104 1941 5171 (iltp-

359 5175 568 5246 piacum
600 5178 862 5232 accidisse
893 5178 1031 5230 itIettt
1061 5186 1247 5229 auctor
1278 5175 1467 5227 innuit.

489 5251 586 5305 Erl.
613 5250 836 5316 aliquot,
867 5264 926 5300 ac
964 5248 1158 5300 ueteris
1205 5246 1502 5299 Ausumit's.
1547 5246 1609 5299 Et
1641 5245 1797 5307 infra,
1830 5256 1939 5299 erat

357 5322 425 5374 ad
454 5321 700 5384 insidias;
734 5319 948 5381 Ruben,
980 5319 1047 5371 ad
1076 5317 1301 5371 insidiis.

433 5404 455 5431 ο
488 5391 765 5445 lleraclius
813 5402 1023 5443 (‘t‘ealus
1063 5397 1144 5440 est
1186 5389 1478 5455 imperator
1517 5401 1582 5439 an
1615 5385 1741 5438 (ilo.
1771 5386 1942 5439 Clins-

360 5466 519 5516 droes
541 5478 631 5515 an.
678 5459 783 5514 614
828 5460 1219 5530 .ler-osolymam
1267 5461 1442 5523 cepit,
1478 5467 1555 5530 get
1602 5459 1741 5530 Saes
1777 5458 1941 5523 ipsius

359 5536 692 5589 exercitmrm
748 5533 939 5585 ductor
983 5528 1369 5583 Clialeetlonem
1397 5572 1413 5595 ,
1461 5528 1832 5582 Alexandriam
1891 5537 1944 5580 et

361 5616 521 5657 tutam
551 5599 841 5669 Ezyptuzn
870 5619 957 5654 an.
989 5601 1092 5655 6ιό
1115 5611 1205 5654 aut
1232 5602 1497 5669 sequenti.
1531 5601 1631 5651 An.
1659 5613 1784 5650 vero
1811 5598 1937 5662 (522i,

361 5676 634 5729 lleracltus
664 5674 714 5726 iu
749 5680 889 5739 ipsus
916 5676 1208 5727 exercitum
1254 5675 1438 5734 movit,
1465 5681 1518 5723 «ιι
1546 5670 1823 5724 Chosdroe
1848 5683 1937 5721 an.

359 5747 467 5800 628
499 5747 698 5813 fugato,
735 5755 844 5797 tum
891 5758 1017 5809 pace
1066 5758 1184 5797 eum
1218 5744 1397 5797 Sisroe
1444 5743 1585 5796 illius
1631 5740 1737 5813 lilio
1778 5739 1935 5801 inita,

359 5812 577 5873 crucem
607 5823 878 5877 sanctam,
909 5828 1025 5883 quae
1051 5814 1100 5868 in
1135 5814 1404 5870 Persidem
1430 5814 1604 5869 delata
1636 5812 1823 5875 fuerat,
1849 5823 1936 5863 re-

2052 4751 2215 4819 cepit:
2250 4764 2311 4802 ac
2358 4746 2583 4801 solemni
2630 4759 2841 4819 pompa_
2867 4742 3218 4819 .Ierosolymis
3268 4740 3519 4819 restituit.
3560 4741 3637 4795 De

2051 4813 2132 4877 his
2184 4813 2299 4875 fuse
2356 4819 2749 4887 'I‘heOphanes,
2802 4814 3077 4869 Cetlreuus
3132 4825 3185 4867 et
3237 4813 3328 4866 alii
3379 4824 3639 4866 auctores

2050 4893 2245 4949 Gra‘ci.
2858 4941 2864 4947 .

2118 4960 2145 4999 ά
2176 4961 2315 5016 Edit.
2348 4967 2453 5014 vet.
2487 4968 2541 5012 et
2583 4957 2742 5011 Ches.
2774 4956 2868 5020 aL,
2903 4956 3199 5018 Construes,
3235 4967 3331 5007 seu
3359 4952 3620 5019 Costrues,

2046 5045 2099 5087 et
2126 5034 2353 5088 Costrus.
2390 5030 2543 5092 Boh.,
2572 5027 2838 5087 Construe,
2874 5037 2927 5079 et
2952 5025 3029 5078 sic
3058 5024 3216 5077 infra.

2123 5114 2145 5139 θ
2174 5104 2347 5166 Colb.,
2377 5116 2579 5151 sumens
2608 5099 2707 5150 tela
2732 5108 2815 5157 et;
2846 5099 2916 5147 al.
2955 5095 3075 5166 ΕΔ..
3107 5106 3165 5166 et
3186 5092 3476 5166 phalangis.

2127 5172 2145 5211 ί
2176 5172 2266 5228 Sic
2294 5160 2469 5229 Clar.,
2508 5168 2619 5220 Pal.
2661 5176 2714 5221 et
2743 5166 2898 5218 Freb.
2951 5165 3004 5217 In
3056 5164 3209 5218 Colb.
3244 5160 3438 5217 detrito
3465 5160 3631 5233 priori

2048 5244 2305 5296 vocabulo
2333 5241 2590 5309 scriptum
2612 5247 2696 5292 est
2716 5252 2905 5292 ensem.
2935 5234 3034 5288 Ch.
3068 5235 3137 5288 al.
3171 5243 3226 5287 et
3251 5234 3342 5286 alii
3364 5235 3487 5301 Ed.,
3517 5235 3632 5303 glo-

2049 5316 2266 5439 ώῗιωέίο
2292 5380 2433 5436 Clar.
2479 5389 2533 5435 et
2581 5379 2719 5441 Col.,
2752 5378 2911 5430 (Ilres.
2946 5377 3019 5431 al.
3060 5386 3113 5430 et
3160 5376 3361 5429 caueri.
3414 5376 3635 5431 Veteres

2054 5455 2151 5508 Ed.
2181 5458 2390 5508 incaute
2437 5452 2640 5504 litteras
2692 5449 2996 5502 numerales
3047 5463 3117 5499 vn
3166 5448 3365 5500 numini
3416 5448 3631 5515 proprio
3710 5478 3719 5485 -

2047 5527 2355 5593 jungeutes,
2395 5519 3030 5593 νγαιιὶανηὶιὶωνειμ-..μγ
3059 5517 3422 5593 Αέιιξανιιρὶδί
3446 5519 3540 5593 Cb.
3574 5530 3633 5593 et

2053 5587 2236 5659 Frein,
2262 5587 2451 5663 septem
2495 5592 2725 5646 Arnitis:
2762 5591 2857 5652 aL,
2890 5588 3073 5663 zEltjs.
3108 5588 3264 5663 liohf,
3292 5587 3630 5642 Celtiuruitis.

2117 5658 2325 5721 h'Editi
2363 5680 2484 5719 cum
2531 5664 2711 5731 Colb.,
2764 5663 2931 5714 denuo
2981 5658 3170 5713 Persas
3215 5659 3495 5729 imperator
3542 5674 3632 5711 su-

2053 5752 2314 5864 peiaidem
2350 5804 2545 5862 fecerat
2577 5801 2908 5872 Cliilperirus
2936 5816 2997 5855 ex
3041 5800 3261 5868 Giegur.
3291 5799 3383 5853 lib.
3418 5812 3493 5861 vt,
3516 5810 3617 5865 cap
