4132 6348
547 316 647 371 647

1717 304 2136 363 FREDECARII
2176 303 2624 361 SCIIOLASTICI

3710 304 3814 359 643

548 429 821 494 decrevit;
853 425 1129 497 ignorabat
1157 424 1298 481 enim
1325 423 1463 479 unde
1496 423 1608 477 hare
1634 422 1910 477 calamitas
1938 429 2125 474 contra
2156 431 2203 482 Α
2235 419 2424 472 ﬁnivit.
2449 415 2546 471 Cui
2576 413 2834 471 successit
2857 415 2906 468 in
2940 412 3147 483 imperii
3175 414 3401 486 gradum
3429 415 3813 473 Constantinus

552 521 835 592 imperium
863 529 1126 590 surgeret.

626 618 805 674 LXVI.
864 618 1129 687 Agareni,
1163 616 1252 686 qui
1309 624 1363 670 et
1405 612 1711 676 Sarraceni,
1759 612 1898 665 sicut
1954 609 2129 663 Orosii

553 709 705 783 [Boh.
734 709 960 778 Eorosii]
987 709 1117 762 liber
1154 715 1399 772 testatur,
1431 720 1560 774 gens
1582 704 1892 758 circumcisa
1914 716 1943 755 a
1966 701 2132 754 latere

553 800 751 854 montis
796 797 1039 862 Caucasi,
1070 812 1231 866 super
1282 812 1428 850 mare
1477 795 1755 863 Caspium,
1788 803 2006 854 terram,
2037 791 2134 844 Er-

552 893 704 946 colia:
730 900 756 929 ἰ
785 902 1141 962 cognomento
1162 934 1174 955 ,
1206 890 1317 959 jam
1365 891 1489 943 olim
1522 889 1895 954 consedentes,
1928 904 2047 942 cum
2080 888 2131 941 in

554 983 714 1035 nimia
749 981 1083 1035 multitudine
1129 982 1459 1042 crevissent.
1494 980 1705 1033 tandem
1736 994 1882 1033 arma
1910 995 2130 1034 sumen-

555 1082 666 1137 tes,
698 1072 997 1139 provincias
1049 1072 1277 1126 lleraclii
1326 1071 1663 1137 imperatoris
1718 1070 1783 1123 ad
1817 1071 2131 1124 vastandum

555 1165 761 1217 irruunt
786 1179 799 1217 :
821 1174 1004 1219 contra
1047 1180 1180 1232 quos
1212 1164 1486 1217 I'Ieraclius
1532 1162 1728 1215 milites
1757 1160 1921 1232 640
1950 1161 2015 1215 ad
2047 1179 2132 1215 re-

554 1256 848 1310 sistendum
880 1255 1098 1309 direxit.
1127 1253 1368 1321 Cumque
1402 1252 1633 1321 prmliari
1664 1257 1973 1321 cmpissent,
2007 1253 2136 1307 Sar-

556 1349 739 1404 raceni
768 1347 965 1401 milites
994 1355 1271 1415 superant,
1303 1360 1501 1413 eosque
1554 1344 1732 1415 gladio
1762 1345 1995 1413 graviter
2027 1356 2135 1399 tru-

554 1440 756 1494 cidant.
809 1445 999 1493 rertur
1040 1439 1092 1492 itt
1142 1453 1208 1492 eo
1260 1437 1443 1505 prazlio
1491 1448 1705 1490 centum
1751 1436 2131 1506 quinquaginta

556 1532 718 1587 millia
752 1530 977 1585 militum
1010 1546 1039 1583 a
1068 1528 1376 1585 Sarracenis
1418 1528 1586 1582 fuisse
1617 1528 1918 1583 interfecta.
1948 1528 2131 1594 Spolia

554 1638 738 1676 eorum
788 1619 1065 1675 Sarraceni
1126 1636 1218 1689 per
1272 1621 1479 1688 legatos
1532 1619 1779 1673 lleraclio
1833 1619 2133 1686 recipienda

555 1711 805 1767 offerunt.
840 1712 1109 1766 lleraclius
1152 1712 1369 1781 cupiens
1416 1726 1576 1778 super
1606 1712 1932 1766 Sarracenos
1964 1711 2134 1764 vindi-

2235 510 2375 563 fllius
2404 508 2554 577 ejus,
2586 507 2737 577 cujus
2766 516 3007 577 tempore
3037 519 3160 576 pars
3203 506 3415 576 publica
3444 522 3475 561 a
3501 506 3815 565 Sarracenis

2232 604 2454 657 nimium
2482 609 2737 656 vastatur.

2308 691 2413 748 AN.
2446 708 2645 746 ucxxx.
2679 718 2746 730 -—
2792 689 3001 745 LXVII.
3033 690 3189 745 Anno
3221 690 3252 744 9
3284 700 3307 728 ε
3340 690 3649 761 Dagoberli,
3681 691 3816 746 Cha-

2232 783 2460 837 ribertus
2482 798 2571 835 rex
2597 782 2837 845 moritur,
2871 782 3177 848 relinquens
3210 780 3374 835 filium
3404 783 3703 849 parvulum,
3730 799 3817 835 tto-

2234 876 2374 929 mine
2429 872 2793 941 Chilpericutn
2824 912 2838 935 ,
2871 871 2958 939 qui
2992 885 3091 924 nec
3132 881 3251 939 post
3298 886 3504 926 moram
3538 870 3815 926 defunctus

2234 975 2316 1020 est
2374 982 2388 1018 :
2445 964 2613 1017 fertur
2662 964 2894 1017 factione
2944 960 3224 1030 Dagoberti
3276 961 3443 1016 fuisse
3482 963 3809 1019 interfectos.

2244 1058 2416 1110 Omne
2441 1070 2658 1120 regnum
2683 1053 3002 1119 Cltariberti,
3030 1068 3133 1106 una
3159 1068 3279 1106 cum
3310 1053 3617 1119 Wasconia,
3650 1054 3813 1123 Dago-

2235 1148 2417 1203 bertus
2455 1150 2692 1213 protinus
2720 1162 2829 1199 sute
2860 1145 3050 1199 ditioui
3080 1145 3273 1214 redigit
3319 1162 3334 1200 :
3381 1148 3662 1199 thesauros
3688 1162 3813 1214 quo-

2235 1259 2337 1314 que
2367 1244 2661 1298 Chariberti
2712 1242 2945 1295 Baronto
2974 1240 3095 1294 duci
3144 1239 3162 1278 ί
3213 1240 3589 1295 adducendum
3633 1250 3689 1294 et
3716 1242 3808 1294 sibi

2239 1336 2663 1392 nttcsentandum
2691 1334 2906 1388 direxit.
2944 1334 3095 1389 Unde
3128 1334 3390 1387 Barontus
3419 1348 3582 1402 grave
3607 1334 3813 1401 dispen-

2237 1431 2382 1483 dium
2415 1429 2603 1482 fecisse
2632 1426 2988 1495 dignoscitur,
3016 1440 3119 1479 una
3151 1440 3271 1478 cum
3305 1424 3658 1479 thesaurariis
3688 1425 3813 1493 1.41.,

2241 1518 2526 1589 thesauris]
2596 1519 2816 1583 faciens,
2848 1519 3070 1573 nimium
3094 1518 3288 1573 exinde
3314 1518 3680 1573 fraudulenter
3709 1519 3812 1573 sub

2240 1616 2421 1670 traxit.

2309 1705 2541 1761 LXVIII.
2586 1704 2664 1758 Eo
2690 1718 2831 1759 anno
2859 1701 3012 1759 Sclav
3051 1742 3069 1769 ,
3098 1712 3457 1775 cognomento
3487 1704 3689 1758 Winidi
3710 1745 3726 1769 ,
3768 1705 3816 1759 in

554 1814 716 1867 ctam,
749 1804 878 1857 nihil
905 1804 973 1857 ab
1003 1804 1084 1858 his
1114 1803 1355 1869 recipere
1384 1803 1571 1857 voluit.
1615 1803 1946 1873 Congregata
1979 1804 2133 1856 undi-
2167 1801 2208 1859 Β
2238 1814 2402 1868 regno
2444 1798 2697 1855 Samonis
2722 1796 3085 1867 negotiantes,
3134 1797 3462 1851 Francorum
3502 1813 3625 1852 cum
3659 1799 3816 1867 pluri-

554 1912 658 1963 que
677 1896 742 1949 de
763 1896 1027 1950 universis
1051 1895 1345 1964 provinciis
1372 1895 1581 1961 imperii
1607 1895 1773 1948 nimia
1797 1895 2133 1950 multitudine

556 1986 818 2050 militum,
875 1986 1237 2039 transmittens
1320 1983 1600 2038 lieraclius
1666 1984 1982 2053 legationem
2066 1985 2131 2039 ad

559 2058 746 2130 Portas
795 2075 1015 2143 Caspias
1047 2074 1097 2139 ι),
1129 2090 1262 2144 quas
1307 2074 1605 2129 Alexander
1646 2075 1867 2145 Magnus
1912 2076 2133 2132 Macedo

556 2181 716 2234 Htpet‘
745 2182 893 2221 mare
923 2166 1172 2235 Caspium
1205 2180 1374 2220 terens
1406 2165 1519 2219 fieri
1559 2176 1615 2220 et
1642 2181 1853 2221 serrare
1879 2168 2129 2236 jusserat,

555 2269 776 2329 propter
820 2260 1220 2314 inundationem
1267 2260 1500 2328 gentium
1550 2260 1986 2326 sevissitnarum,
2016 2277 2134 2329 quae

556 2350 692 2404 ultra
736 2358 969 2405 montem
1003 2351 1227 2405 Caucasi
1276 2351 1525 2405 culminis
1558 2351 1889 2415 habitabant,
1917 2353 2131 2406 easdem

555 2450 737 2511 portas
782 2443 1057 2498 Ileraclius
1104 2443 1312 2512 aperire
1360 2444 1632 2513 praecepit,
1663 2444 1890 2513 indeque
1918 2455 2131 2500 centum

555 2536 935 2603 quinquaginta
985 2536 1151 2588 millia
1198 2547 1549 2605 pugnatorum
1578 2551 1812 2605 auroque
1840 2538 2132 2593 locatorum

554 2625 763 2679 auxilio
791 2639 890 2678 suo
915 2634 1101 2679 contra
1131 2624 1461 2680 Sarracenos
1478 2625 1542 2678 ad
1569 2627 1914 2694 prreliandttm
1947 2629 2132 2682 mittit.

557 2716 839 2771 Sarraceni
891 2715 1030 2770 duos
1092 2716 1350 2771 habentes
1397 2716 1698 2787 principes,
1750 2718 1977 2773 ducenta
2024 2718 2135 2774 fere

557 2806 720 2860 millia
742 2814 918 2861 erant.
947 2806 1187 2876 Cumque
1210 2816 1384 2862 castra
1413 2823 1511 2863 nec
1534 2811 1717 2877 procul
1742 2811 1880 2864 inter
1900 2825 1959 2865 se
1983 2825 2135 2867 exer-

556 2896 693 2951 citus
720 2906 943 2965 uterque
974 2896 1298 2965 posuissent,
1331 2898 1403 2951 ita
1434 2907 1491 2952 ιιι
1534 2899 1587 2952 in
1615 2901 1904 2954 crastinum
1935 2901 2134 2956 bellum

557 2988 769 3053 inirent,
797 2987 1165 3057 confligentes,
1192 2987 1376 3043 eadem
1409 2997 1563 3042 noete
1582 2988 1758 3059 gladio
1786 2990 1875 3044 Dei
1907 2991 2135 3046 lIeraclii

556 3079 822 3134 exercitus
872 3082 1182 3149 percutitur.
1211 3079 1270 3136 In
1304 3084 1499 3136 castris
1524 3082 1905 3151 quinquaginta
1934 3094 1987 3138 et
2027 3084 2134 3139 duo

2235 1907 2377 1946 mam
2409 1891 2798 1946 multitudinem
2832 1888 3223 1944 interfecissent
3250 1900 3305 1945 et
3326 1891 3485 1944 rebus
3516 1890 3814 1958 exspolias-

2234 1991 2375 2050 sent,
2411 1983 2512 2036 hoc
2559 1980 2661 2036 fuit
2700 1980 2905 2034 initium
2942 1979 3177 2033 scandali
3219 1980 3356 2035 inter
3384 1980 3745 2047 Dagobertum
3770 1991 3817 2035 et

2233 2072 2521 2127 Satnonem
2554 2086 2737 2141 regem
2776 2069 3151 2125 Sclavinorum
3181 2079 3230 2123 ε.
3256 2070 3610 2140 Dirigensque
3652 2071 3818 2140 Dago-

2234 2163 2416 2217 bertus
2438 2160 2740 2216 Sicharium
2766 2161 3078 2229 legatarium
3109 2160 3177 2215 ad
3198 2160 3508 2226 Samouem,
3542 2170 3733 2229 petens
3762 2171 3816 2215 ut

2235 2255 2569 2324 negotiantis
2595 2267 2733 2323 quos
2760 2254 2840 2306 sui
2886 2251 3301 2317 interfecerant,
3340 2262 3393 2306 et
3423 2267 3511 2307 res
3541 2268 3675 2321 quas
3718 2254 3790 2306 illi

2233 2347 2338 2402 cite
2379 2352 2769 2415 usurpaverant
2823 2360 2944 2399 cum
2994 2344 3201 2415 jnstitia
3249 2343 3452 2398 faceret
3498 2343 3789 2397 emendare

2235 2441 2397 2496 Samo
2429 2441 2617 2496 nolens
2670 2438 2969 2495 Sicbarium
3010 2438 3193 2493 videre
3212 2477 3227 2503 ,
3266 2451 3369 2491 nec
3393 2435 3460 2490 ad
3489 2451 3551 2491 se
3577 2450 3701 2491 eum
3728 2451 3819 2490 ve-

2242 2535 2358 2590 nire
2392 2534 2752 2604 permitteret;
2803 2533 3075 2589 Sicbarius
3101 2542 3276 2586 vestes
3304 2531 3519 2585 indutus
3558 2531 3627 2583 ad
3660 2530 3818 2584 instar

2235 2626 2600 2681 Sclavinorum
2652 2622 2681 2662 δ
2725 2638 2845 2678 cum
2886 2623 2998 2678 suis
3044 2622 3112 2677 ad
3153 2632 3501 2691 conspectum
3553 2621 3817 2690 pervenit,

2239 2716 2454 2772 Samoni
2504 2717 2752 2771 universa
2799 2731 2918 2785 qua:
2961 2713 3193 2784 iniuncta
3249 2714 3485 2769 habebat
3536 2714 3817 2768 nuntiavit.

2239 2808 2347 2863 Sed
2381 2816 2440 2862 ut
2469 2807 2625 2862 habet
2654 2806 2924 2877 gentilitas
2956 2816 3012 2861 et
3039 2805 3286 2874 superbia
3328 2820 3614 2874 pravorum
3641 2844 3655 2867 ,
3691 2804 3817 2858 nihil

2240 2915 2270 2954 a
2305 2899 2537 2956 Samone
2575 2914 2693 2969 quae
2723 2899 2804 2953 sui
2843 2898 3175 2952 admiserant
3201 2906 3285 2953 est.
3324 2896 3684 2959 emendatum,
3716 2896 3817 2951 nisi

2242 2999 2447 3045 tantum
2482 2990 2671 3060 placita
2702 2991 2902 3045 vellens
2933 2990 3215 3044 instituere
3240 3029 3255 3053 ,
3288 2988 3362 3042 uti
3387 2988 3456 3044 de
3503 2989 3581 3042 his
3615 2997 3671 3041 et
3698 2987 3818 3041 aliis

2241 3081 2623 3135 intentionibus
2648 3120 2663 3146 ,
2716 3096 2835 3151 quat
2878 3083 3016 3135 inter
3052 3079 3149 3134 bas
3189 3088 3371 3149 partes
3417 3088 3549 3134 uita:
3590 3079 3818 3144 fuerant,

561 3180 583 3208 ε
622 3173 787 3226 millia
819 3187 883 3227 ex
914 3173 1171 3229 militibus
1201 3174 1425 3229 Heraclii
1461 3176 1511 3228 in
1540 3186 1709 3231 stratu
1754 3181 1944 3232 mortui
1976 3189 2127 3235 sunt:
2164 3169 2209 3231 C
2235 3172 2436 3242 justitia
2470 3171 2788 3226 redderetur
2818 3171 2869 3225 in
2894 3170 3144 3225 invicent.
3195 3170 3488 3236 Sicharius,
3510 3168 3649 3225 sicut
3682 3170 3816 3224 stul-

555 3277 784 3334 cumque
824 3264 875 3318 in
919 3267 1154 3321 Crastino
1195 3266 1455 3320 deberent
1503 3268 1567 3319 ad
1621 3268 1859 3336 praelium
1906 3269 2128 3339 egredi,

556 3364 834 3409 cernentes
866 3371 1048 3409 eorum
1083 3359 1349 3411 exercitus
1382 3359 1577 3412 milites
1607 3370 1812 3427 partem
1842 3362 2131 3415 maximam

557 3444 733 3498 divino
756 3445 959 3515 judicio
990 3446 1347 3512 iuzerfectam,
1380 3449 1635 3503 adversus
1680 3451 2004 3506 Sarracenos
2034 3468 2133 3507 nec

557 3536 671 3589 ausi
698 3544 821 3589 sunt
867 3537 1000 3590 inire
1048 3536 1310 3606 praaliunt.
1344 3538 1638 3608 Regressus
1665 3542 1839 3595 omnis
1864 3543 2132 3599 exercitus

560 3626 784 3682 Ileraclii
814 3628 879 3682 ad
912 3631 1153 3698 proprias
1182 3631 1367 3695 sedes,
1402 3632 1681 3687 Sarraceni
1715 3649 1862 3688 more
1890 3651 1995 3705 quo
2023 3650 2133 3691 cce-

558 3731 765 3788 perant,
798 3721 1096 3790 provincias
1129 3722 1358 3776 lleraclii
1408 3723 1743 3791 imperatoris
1788 3729 2005 3783 assidue
2036 3745 2131 3782 va-

556 3819 696 3865 stare
739 3812 1048 3883 pergebant.
1106 3813 1238 3866 Ctnn
1286 3812 1397 3883 jam
1443 3815 1863 3886 Hierosolymam
1914 3821 2130 3889 propin-

556 3911 826 3969 quassent,
852 3902 1126 3957 lieraclius
1152 3903 1334 3957 videns
1357 3905 1494 3974 quod
1519 3921 1702 3959 eorum
1733 3909 1999 3964 violentia:
2027 3928 2131 3965 non

555 3991 815 4057 potuisset
857 3994 1106 4047 resistere
1133 4035 1147 4054 ,
1193 3995 1357 4047 nimia
1408 3994 1762 4051 amaritudine
1803 4006 1857 4052 et
1900 4014 2133 4056 moerere

555 4090 817 4149 arreptus,
851 4083 1030 4137 infelix
1065 4084 1407 4154 Eutycianam
1442 4087 1685 4141 haeresim
1704 4087 1817 4156 jam
1841 4098 2053 4145 sectans
2075 4089 2125 4156 ἀ,

554 4169 748 4226 Christi
779 4176 976 4227 cultum
1008 4175 1333 4243 relinquens,
1368 4176 1568 4233 habens
1596 4195 1817 4234 uxorem
1856 4180 2014 4236 filiam
2043 4198 2129 4237 so-

559 4264 700 4318 roris
744 4279 875 4330 sum,
907 4265 1064 4336 64],
1095 4282 1121 4317 a
1164 4266 1311 4322 febre
1355 4282 1576 4324 vexatus
1624 4272 1913 4327 crudeliter
1968 4277 2126 4330 vitam

2238 3274 2321 3319 tus
2350 3267 2583 3333 legatus,
2623 3264 2783 3318 vetba
2818 3262 3122 3333 improperii
3173 3276 3293 3331 quae
3326 3261 3564 3331 injuncta
3597 3277 3701 3317 non
3732 3264 3818 3315 ha-

2235 3357 2446 3423 buerat,
2479 3367 2532 3411 et
2579 3355 2752 3410 minas
2796 3355 3054 3412 adversus
3108 3356 3394 3411 Santonem
3456 3356 3711 3425 loquitur,
3758 3372 3819 3410 eu

2235 3449 2378 3518 quod
2411 3451 2577 3504 Samo
2605 3457 2660 3501 et
2682 3448 2910 3517 populus
2941 3448 3087 3518 regni
3113 3450 3194 3501 sui
3229 3448 3528 3517 Dagoberto
3560 3448 3819 3502 deberent

2233 3542 2532 3597 servitium.
2561 3542 2721 3596 Samo
2749 3541 3076 3610 respondens
3094 3542 3204 3609 jam
3231 3540 3441 3596 saucias
3469 3540 3661 3614 [Clar.,
3690 3556 3820 3597 cau-

2235 3638 2370 3710 cius]
2420 3639 2553 3693 di.it
2597 3654 2611 3691 :
2664 3636 2824 3708 642
2866 3636 2932 3692 Et
2961 3646 3154 3692 terram
3185 3652 3341 3705 quam
3375 3636 3630 3690 habemus
3655 3636 3820 3703 Dago~

2238 3729 2373 3782 berti
2401 3738 2503 3793 est,
2533 3739 2583 3783 et
2610 3742 2708 3783 nos
2746 3730 2826 3782 sui
2858 3743 3042 3783 sumus
3064 3770 3080 3795 ,
3121 3729 3166 3781 si
3201 3737 3377 3781 tamen
3409 3727 3683 3781 nobiscum
3710 3725 3821 3781 dis-

2237 3820 2477 3890 posuerit
2533 3820 2795 3873 amicitias
2849 3834 3195 3876 conservare.
3257 3820 3530 3874 Sicharius
3588 3819 3819 3874 dicens:

2234 3914 2349 3968 Non
2380 3921 2462 3967 est
2492 3912 2770 3981 possibile,
2802 3920 2858 3966 ut
2883 3911 3172 3966 Christiani
3203 3913 3293 3966 Dei
3328 3914 3469 3967 servi
3509 3927 3630 3966 cum
3668 3911 3819 3965 cani-

2238 4005 2339 4059 bus
2379 4005 2647 4059 amicitias
2693 4004 2955 4059 collocare
3004 4006 3228 4073 possint,
3270 4005 3430 4060 Samo
3475 4019 3507 4060 e
3553 4004 3818 4058 contrario

2235 4098 2369 4151 dixit
2395 4117 2407 4150 ι
2442 4098 2496 4153 Si
2526 4113 2620 4151 vos
2640 4099 2769 4151 estis
2794 4098 2883 4151 Dei
2907 4097 3071 4160 servi,
3102 4108 3154 4151 et
3182 4114 3278 4152 nos
3304 4113 3488 4152 sumus
3518 4098 3609 4152 Dei
3635 4115 3817 4163 canes,

2236 4189 2361 4242 dum
2397 4204 2490 4242 vos
2518 4189 2733 4243 assidue
2762 4197 2945 4243 contra
2976 4188 3147 4249 ipsum
3178 4197 3354 4259 agttt=,
3379 4205 3476 4243 nos
3499 4191 3817 4257 permissum

2238 4283 2545 4350 accepimus
2578 4297 2672 4335 vos
2698 4282 2961 4336 morsibus
2987 4282 3243 4337 lacerare.
3280 4283 3496 4351 Ejectus
3525 4293 3610 4337 est
3633 4285 3818 4338 Scha-

558 4377 641 4457 i'l:
694 4379 765 4457 De
796 4384 909 4457 hac.
928 4394 983 4432 re
1016 4380 1164 4457 plura
1193 4381 1262 4457 in
1290 4393 1567 4457 utramque
1586 4399 1809 4457 partem
1858 4402 2122 4455 scripsere
2160 4396 2208 4455 ι)
2236 4409 2395 4447 unam
2428 4393 2710 4447 conilatam
2744 4400 2986 4445 naturam
3019 4392 3355 4457 admittebat,
3378 4394 3463 4447 illa
3491 4398 3700 4449 unicam
3726 4414 3817 4449 vn.

558 4446 677 4501 Joh.
714 4446 980 4501 Latinoius
1009 4459 1061 4502 et
1092 4451 1149 4503 P.
1182 4450 1307 4505 Joh.
1340 4446 1538 4505 Nicolai
1584 4446 1981 4511 Dominicanus;

629 4525 652 4551 "
685 4517 833 4569 Colit.
864 4527 916 4570 et
948 4518 1080 4570 Editi
1122 4519 1339 4580 aliquot.
1378 4521 1641 4575 Ercolrirc.
1693 4526 1817 4585 Alii,
1865 4525 2122 4581 Ilercolei.

558 4585 838 4661 Inferiores
859 4586 1087 4661 Caucasi
1105 4598 1277 4655 partes
1300 4590 1469 4645 Colice
1490 4593 1747 4661 regionem
1767 4595 1936 4649 dictas
1964 4597 2127 4652 fuisse

559 4659 749 4720 legitur
768 4658 904 4723 apud
929 4659 1209 4711 ()rleliunt.

625 4726 651 4764 b
679 4728 856 4805 Codd.
876 4728 1015 4805 Clar.
1037 4739 1090 4805 et
1114 4728 1289 4805 Colli_.,
1314 4728 1544 4797 Cispius;
1577 4732 1846 4799 Frelt.al.,
1876 4733 2122 4805 Cispium.

556 4796 1317 4875 aiavult_I’tinins__Cauea~i.ts
1372 4796 1546 4866 portas
1588 4796 1874 4869 appellari:
1911 4796 2029 4875 quin
2073 4818 2127 4862 et

558 4866 695 4944 Pylae
741 4867 923 4920 Iberia:
969 4869 1237 4932 dicuntur,
1271 4887 1373 4922 non
1422 4874 1558 4937 quos]
1611 4866 1677 4925 ibi
1732 4890 1895 4938 pul‘lm
1929 4866 1981 4929 i-e
2012 4878 2122 4944 ipsa

557 4939 778 4999 l'nctint,
808 4954 1111 5004 quanquam
1149 4951 1202 4991 et
1239 4942 1305 4992 ab
1338 4944 1524 4994 incolis
1568 4944 1809 4997 dicantur
1842 4948 1994 4999 I’Orta
2027 4939 2126 5001 fcr-

558 5025 669 5086 rea,
705 5010 795 5061 sed
828 5010 992 5086 Iqund
1042 5012 1198 5086 locus
1235 5013 1369 5064 adeo
1414 5016 1485 5086 sit
1530 5026 1818 5081 angustus,
1852 5028 1906 5071 ut
1954 5024 2129 5086 quivis

562 5079 793 5157 ilthltllttt
827 5080 1053 5142 impetus
1082 5081 1235 5133 faetle
1267 5082 1473 5135 retundi
1506 5079 1695 5157 possit.
1722 5087 1908 5141 Aditus
1940 5079 2130 5157 nempe

556 5148 767 5199 ιιηιιιιὶςι
799 5158 1152 5201 trecentorum
1185 5168 1375 5217 passttu
1402 5174 1428 5203 ιι
1460 5148 1630 5219 spatio
1662 5158 1795 5209 inter
1824 5148 2126 5213 Caucasum

560 5229 796 5297 montem
827 5232 877 5297 ct
911 5236 1055 5273 lttttl'c
1088 5220 1402 5297 llircant-unt
1437 5236 1597 5288 patet,
1634 5228 1976 5297 inttninclqtte
2006 5233 2128 5283 valli

556 5290 829 5364 castellum
866 5292 915 5340 ιη
961 5306 1089 5356 rupe
1130 5291 1381 5364 (lntttanin
1425 5298 1673 5357 positum.
1726 5298 1793 5348 lbi
1845 5290 1970 5351 urbs
2016 5313 2121 5364 est,

558 5357 848 5436 Ilartt‘t‘astis
874 5375 1117 5436 nomine,
1152 5378 1309 5436 quam
1353 5362 1591 5436 vertent,
1627 5365 1675 5416 ίιΙ
1721 5379 1799 5419 est
1840 5357 2125 5436 Angnsttas

555 5430 840 5502 ιιιιινιιξιιιιιιι,
874 5429 1058 5502 Turcis
1097 5432 1289 5496 Ueiizii',
1315 5447 1405 5483 seu
1439 5432 1609 5486 Trmir
1642 5437 1773 5502 cupi.

592 5563 603 5612 I
628 5506 647 5531 ο
678 5497 863 5612 Clitis},
893 5499 1077 5563 Frein,
1096 5503 1458 5571 quinquaginta
1484 5497 1905 5573 quinquennium.
1925 5506 2123 5562 Cltesu.

615 5602 650 5612 .-
688 5580 766 5612 L0
823 5581 912 5612 LII-

557 5576 651 5627 aI.,
688 5580 718 5618 ι.
741 5576 788 5616 et
822 5581 913 5620 LII.

626 5636 648 5667 α
683 5634 1145 5714 illitttotlielitarutn
1204 5639 1447 5714 tereresim
1500 5644 1745 5695 tuebatur
1807 5645 2122 5714 llcratzlius,

557 5720 670 5758 ttibL‘
703 5706 1041 5761 Entychianze
1070 5710 1282 5763 soboles
1310 5722 1444 5765 erat.
1492 5713 1612 5766 Il.cc
1640 5729 1830 5781 nempe
1860 5734 1886 5769 c
1917 5706 2123 5773 duabus

2236 4464 2514 4516 luntatem.
2563 4464 2709 4516 Ilauc
2736 4463 2974 4529 opublico
3008 4464 3183 4516 edirto
3234 4462 3494 4518 Ectheaim
3523 4471 3813 4533 appellant,

2239 4534 2486 4586 omnibus
2519 4535 2799 4585 tenendam
2836 4548 3129 4599 proponere
3158 4536 3355 4589 veritus
3387 4552 3490 4587 non
3522 4545 3622 4589 est.
3656 4538 3817 4589 flera-

2233 4606 2337 4658 clio
2370 4605 2500 4668 patri
2536 4618 2754 4656 success
2782 4613 2799 4655 t
2828 4604 3212 4657 Constantinus
3235 4606 3537 4659 catholicus
3569 4622 3658 4659 an.
3687 4606 3812 4662 (ιιι.

2237 4673 2309 4726 llc
2362 4673 2605 4727 cladibus
2637 4688 2762 4744 vero
2795 4690 2885 4741 per
2919 4674 3241 4728 Sarracenos
3292 4679 3447 4729 illatis
3470 4717 3483 4739 ,
3514 4680 3600 4744 qui
3631 4678 3815 4731 Multa-

2234 4744 2402 4796 ntedis
2431 4758 2525 4795 Seu
2560 4738 2894 4803 Mahﬂmelis,
2942 4758 3029 4797 an.
3063 4746 3189 4809 6'51,
3223 4747 3371 4813 regni
3405 4748 3484 4799 sui
3520 4738 3681 4813 super
3714 4751 3815 4801 ali-

2232 4822 2364 4880 quot
2420 4814 2619 4884 Arabes
2666 4830 2807 4866 noto
2859 4815 3130 4880 definieti,
3165 4818 3441 4884 discipulis
3482 4817 3653 4884 juncti
3708 4834 3813 4873 non

2234 4899 2410 4937 llllllUS
2440 4883 2547 4934 Deo
2575 4900 2730 4955 quam
2758 4884 3061 4938 hominibus
3084 4888 3280 4939 bellum
3307 4883 3634 4955 indixerunt;
3664 4891 3813 4951 plura
3872 4937 3876 4942 .

2231 4955 2427 5006 videsis
2468 4957 2605 5020 apud
2642 4954 3015 5017 Τιιθονιιςιιιειιι
3039 4997 3052 5018 ,
3085 4958 3439 5022 Nicephorum
3468 4969 3522 5010 et
3564 4968 3814 5013 caeteros.

2230 5023 2397 5098 Nemo
2437 5026 2608 5078 nescit
2659 5034 2923 5098 quantum
2970 5028 3042 5079 illi
3096 5028 3303 5081 barbari
3350 5044 3446 5098 per
3497 5031 3813 5083 universum

2229 5094 2411 5148 orbem
2448 5107 2625 5157 postea
2657 5096 2927 5164 ptopagati
2955 5110 3081 5150 Sint.

2317 5174 2338 5200 θ
2385 5165 2567 5223 Frelt.,
2600 5181 2733 5216 anno
2766 5178 2960 5218 octavo.

2312 5231 2329 5270 ί
2377 5237 2496 5298 Alii,
2528 5234 2818 5287 Barontum
2847 5236 3059 5299 ducem;
3085 5236 3199 5298 alii,
3232 5235 3460 5291 Ifaronto
3490 5240 3617 5293 duce
3642 5242 3760 5294 sibi.

2304 5315 2328 5350 ε
2367 5305 2457 5378 Sic
2484 5306 2652 5369 Clar.,
2682 5306 2821 5373 quod
2850 5317 2903 5359 et
2923 5310 3103 5361 cmteri
3130 5310 3327 5362 habent
3358 5309 3686 5378 frequentius
3727 5314 3814 5367 iu-

2232 5373 2344 5436 I'ra;
2379 5374 2462 5426 Itic
2489 5390 2637 5437 vero,
2672 5380 2997 5430 Sclavorum.

2303 5441 2331 5478 ιι
2370 5444 2514 5521 Hine
2527 5448 2662 5499 forte
2686 5448 2953 5521 Sclavinia
2971 5447 3168 5521 dictum
3190 5458 3273 5503 est
3294 5450 3593 5505 vestimenti
3621 5468 3812 5521 genus,

2231 5530 2336 5578 quo
2358 5517 2555 5569 saeculo
2585 5531 2654 5568 xu
2690 5518 2953 5584 peregrini
2986 5520 3291 5580 utebantur,
3322 5535 3387 5573 ex
3420 5517 3646 5576 Caesarii
3677 5524 3813 5576 libro

2231 5586 2297 5636 de
2318 5584 2537 5663 binae.)
2557 5601 2716 5663 capp.
2748 5587 2891 5663 fidet
2928 5586 3025 5663 52,
3046 5599 3100 5663 ut
3120 5596 3368 5663 ottservat
3397 5593 3697 5656 Alteserra,
3722 5595 3810 5663 qui

2233 5668 2281 5705 et
2316 5656 2691 5730 Sa_xoniciam,
2713 5672 2774 5707 ex
2810 5659 3084 5725 Augustini
3108 5675 3227 5730 cap.
3260 5661 3357 5715 127
3386 5663 3585 5727 Qumst.
3616 5656 3812 5717 utrius-

2234 5739 2338 5791 quo
2369 5725 2536 5791 Tesb,
2578 5727 2751 5778 laudat
