4132 6348
321 317 436 376 649

1745 309 2164 372 CHRONICUM.

3497 312 3607 370 650

321 439 436 494 rius
477 436 544 493 de
589 443 879 506 conspectu
933 433 1202 490 Samonis.
1255 431 1388 488 Cum
1437 430 1552 486 luec
1604 428 1910 498 Dagoberto
1936 431 1988 488 Α
2014 439 2128 493 sus,
2157 423 2338 481 statim
2369 425 2458 496 qui
2489 425 2703 482 fuerant
2730 425 3014 496 praparati
3040 439 3203 498 super
3230 426 3495 484 Tasonem
3523 430 3596 484 ῑιι.

323 529 639 585 nuntiasset.
685 528 1017 600 Dago'bertus
1045 526 1347 596 superbiter
1375 524 1527 594 jubet
1557 524 1625 580 de
1657 524 1904 578 universo

319 635 487 690 regno
533 619 932 675 Austrasiorum
988 626 1173 672 contra
1216 617 1503 672 Satnonetn
1553 623 1608 669 et
1663 613 1910 669 Winidos

324 726 546 767 movere
573 713 863 768 exercitum
891 729 904 764 :
927 711 1018 764 ubi
1043 710 1208 764 tribus
1231 707 1419 763 turmis
1443 707 1719 777 phalanga:
1745 721 1909 775 super

319 805 566 861 Winidos
588 806 855 861 exercitus
896 804 1223 873 ingreditur,
1269 803 1430 857 etiam
1471 811 1525 856 et
1562 799 1903 868 Langobardi

318 896 581 953 solatione
613 905 637 932 α
668 897 952 967 Dagoherti
992 895 1241 962 idemque
1275 893 1544 947 hostiliter
1581 891 1634 945 in
1675 890 1900 946 Sclavos

322 1000 696 1061 perrexerunt.
729 988 905 1043 Sclavi
931 987 1011 1041 his
1039 994 1095 1042 et
1121 985 1239 1040 aliis
1263 985 1396 1040 locis
1426 997 1456 1038 e
1484 983 1755 1038 contrario
1777 997 1908 1052 pra:-

319 1090 590 1152 parantes,
616 1081 1040 1133 Alamannorum
1067 1075 1345 1131 exercitus
1375 1090 1494 1130 cum
1525 1072 1905 1128 Chrodoberto

316 1171 452 1226 duce
483 1172 534 1226 in
566 1181 716 1240 parte
758 1185 860 1240 qua
904 1171 1175 1237 ingressus
1213 1176 1294 1221 est
1344 1166 1618 1220 victoriam
1651 1164 1900 1220 obtinuit.

316 1262 646 1331 Langobardi
677 1261 967 1330 itidemque
1007 1259 1281 1316 victoriam
1303 1258 1682 1322 obtinuerunt;
1713 1267 1766 1312 et
1789 1257 1903 1324 plu-

317 1353 512 1406 rimum
546 1367 826 1407 numerum
855 1352 1186 1420 captivorum
1217 1349 1284 1404 de
1305 1348 1512 1404 Sclavis
1541 1346 1820 1402 Alamanni
1851 1355 1905 1402 et

316 1443 653 1513 Langobardi
685 1458 866 1498 secum
897 1443 1186 1496 duxerunt.
1227 1440 1489 1496 Austrasii
1523 1455 1650 1494 vero
1681 1454 1801 1494 cum
1834 1439 1901 1494 ad

315 1545 550 1588 castrum
583 1533 988 1604 Wogastisburc
1021 1531 1070 1599 δ,
1097 1532 1184 1586 ubi
1214 1531 1440 1602 plurima
1470 1546 1659 1586 manus
1684 1531 1901 1585 fortium

315 1622 650 1678 Winidorum
708 1625 1165 1688 immoraverant,
1221 1620 1616 1676 circumdantes
1649 1662 1664 1687 ,
1725 1621 1902 1675 triduo

315 1715 644 1784 prmliantes,
676 1716 858 1783 plures
895 1715 1094 1769 ibidem
1128 1713 1194 1768 de
1217 1714 1456 1767 exercitu
1490 1713 1771 1783 Dagoberti
1791 1714 1902 1783 gla-

2022 526 2202 584 ruunt,
2227 525 2283 572 et
2310 517 2504 587 ipsum,
2539 526 2596 574 et
2617 531 2744 572 suos
2774 525 2948 584 totos,
2982 518 3072 588 qui
3096 531 3216 574 cum
3245 535 3312 576 eo
3337 530 3597 577 venerant

2013 607 2148 680 [Al.,
2207 605 2382 678 erant]
2430 608 2837 664 interfecerunt.
2898 608 3230 664 Charoaldus
3285 626 3377 666 rex
3429 626 3592 666 unum

2011 700 2380 754 centenarium
2409 702 2547 767 auri,
2579 704 2720 756 sicut
2746 701 3088 770 promiserat,
3122 705 3362 772 partibus
3390 705 3595 760 Hisacii

2009 801 2062 847 et
2090 792 2299 860 imperii
2325 794 2574 848 cassavit.
2597 794 2712 847 Duo
2739 803 2942 848 tantum
2970 796 3276 850 centenaria
3307 797 3419 850 auri
3440 796 3595 852 dein-

2008 897 2134 951 ceps
2188 882 2254 936 ad
2311 893 2516 952 partem
2565 883 3033 954 Langobardorum
3076 902 3103 940 a
3135 887 3361 957 patricio
3390 887 3591 943 Roma-

2009 988 2200 1027 norum
2240 974 2397 1029 anuis
2439 974 2664 1044 singulis
2695 974 3004 1042 implentur.
3060 977 3204 1033 Unus
3249 980 3592 1035 centonarius

2007 1073 2219 1120 centum
2249 1065 2413 1121 libras
2441 1067 2558 1122 auri
2583 1067 2746 1136 capit.
2771 1068 2898 1124 Post
2921 1068 3036 1126 haec
3058 1071 3312 1127 continuo
3339 1069 3592 1129 Charoni-

2008 1154 2110 1210 dus
2139 1171 2231 1210 rex
2263 1157 2507 1212 moritur.

2079 1247 2238 1303 LXX.
2269 1250 2624 1322 Gundeberga
2666 1251 2868 1323 regina,
2897 1268 2962 1307 eo
2990 1254 3130 1324 quod
3161 1270 3351 1312 omnes
3376 1257 3588 1327 Lango-

2008 1337 2156 1394 bardi
2205 1343 2377 1398 eidem
2433 1344 2592 1398 fidem
2650 1360 2770 1400 cum
2816 1349 3163 1404 sacramentis
3217 1351 3586 1420 firmaverant,

2006 1435 2381 1490 Chrotharium
2410 1445 2434 1473 ο
2468 1438 2775 1506 quemdam,
2802 1454 2964 1494 unum
2991 1455 3055 1495 ex
3087 1441 3312 1498 ducibus
3338 1444 3406 1500 de
3433 1448 3587 1501 terri-

2007 1527 2164 1589 torio,
2197 1525 2386 1580 Brixia:
2416 1527 2484 1581 ad
2515 1541 2573 1582 se
2603 1530 2788 1584 venire
2810 1531 3073 1601 praecipit,
3107 1548 3228 1588 eum
3253 1537 3585 1605 compellens

2007 1626 2064 1671 ut
2095 1633 2319 1672 uxorem
2341 1635 2500 1688 quam
2531 1619 2760 1677 habebat
2790 1622 3137 1694 relinqueret,
3168 1635 3222 1680 et
3249 1641 3368 1682 eam
3395 1630 3580 1684 matri-

2006 1710 2187 1763 monio
2213 1710 2484 1778 acciperet
2508 1729 2522 1765 :
2557 1727 2650 1780 per
2679 1713 2848 1781 ipsam
2873 1729 3062 1772 omnes
3089 1717 3429 1788 Langobardi
3457 1737 3578 1778 eum

313 1805 402 1860 dio
434 1805 785 1868 trucidantur,
827 1814 882 1861 et
923 1804 1117 1860 exinde
1160 1804 1419 1874 fugaciter
1445 1819 1634 1859 omnes
1668 1805 1896 1858 tentoria
1933 1807 1974 1864 Β
2001 1800 2360 1856 sublimabant
2408 1801 2462 1856 in
2507 1819 2693 1872 regno.
2746 1807 2900 1871 Quod
2953 1807 3307 1867 Chrotharius
3357 1814 3585 1872 libemer

311 1905 366 1952 et
387 1911 474 1952 res
499 1912 631 1966 quas
654 1896 955 1951 habuerunt
979 1896 1361 1965 relinquentes,
1389 1895 1453 1948 ad
1479 1895 1720 1966 proprias
1741 1895 1894 1950 sedes

313 1999 674 2046 revertuntur.
705 1991 878 2044 Multis
904 2001 1025 2060 post
1048 1991 1162 2043 lucc
1200 1989 1405 2043 vicibus
1437 1987 1635 2042 Winidi
1669 1988 1720 2042 in
1753 1988 1896 2043 Tho-

313 2087 534 2155 ringiam
580 2096 634 2141 et
681 2086 919 2155 reliquus
959 2083 1220 2138 vastando
1270 2096 1433 2152 pagos
1473 2081 1525 2136 in
1568 2081 1895 2136 Francorum

312 2195 534 2249 regnum
568 2181 796 2234 irruunt.
846 2179 1018 2235 Etiam
1048 2187 1100 2233 et
1129 2180 1407 2232 Deruanus
1439 2177 1550 2232 dux
1581 2177 1757 2247 gentis
1788 2176 1892 2231 Ur-

311 2271 523 2328 biorurn
560 2283 607 2339 ο,
655 2273 744 2342 qui
782 2287 847 2327 ex
893 2287 1090 2338 genere
1134 2271 1503 2327 Sclavinorum
1545 2280 1718 2336 erant,
1747 2279 1800 2326 et
1830 2272 1896 2325 ad

311 2381 538 2439 regnum
565 2366 891 2422 Francorum
910 2381 1022 2435 iam
1053 2366 1177 2419 olim
1201 2373 1547 2434 aspexerant,
1572 2379 1632 2420 se
1661 2364 1726 2417 ad
1760 2363 1894 2435 1.41.,

313 2473 374 2514 se
403 2463 477 2529 et]
528 2473 749 2528 regnum
780 2458 995 2512 Samoni
1028 2472 1148 2512 cum
1187 2471 1300 2511 suis
1341 2454 1580 2510 tradidit.
1631 2455 1898 2524 Istamque

311 2551 594 2605 victoriam
626 2564 784 2619 quam
813 2548 1013 2604 Winidi
1059 2556 1244 2603 contra
1279 2538 1520 2602 Francos
1560 2555 1893 2608 meruerunt,

310 2657 417 2698 non
452 2651 654 2696 tantum
684 2641 1050 2698 Sclavinorum
1083 2639 1340 2694 fortitudo
1357 2638 1610 2702 obtinuit,
1641 2648 1896 2715 quantum

309 2735 636 2789 dementatio
677 2732 1107 2797 Austrasiorum,
1150 2732 1278 2787 dum
1321 2746 1382 2786 se
1425 2731 1720 2786 cernebant
1773 2745 1896 2786 cum

311 2824 616 2893 Dagoberto
662 2823 842 2878 odium
892 2822 1204 2888 incurrisse,
1254 2831 1310 2878 et
1361 2824 1578 2878 assidue
1619 2822 1890 2891 exspolia-

313 2926 520 2971 rentur.

378 3009 539 3081 643
571 3007 755 3066 LXIX.
796 3009 874 3064 Eo
920 3023 1063 3063 anno
1106 3009 1438 3064 Charoaldus
1480 2999 1645 3065 “rex
1691 2994 1900 3080 Lango-

311 3104 598 3160 bardorum
633 3104 832 3171 legatos
870 3101 935 3155 ad
985 3101 1255 3155 Ilisarium
1305 3101 1582 3169 patricium
1631 3106 1896 3158 secretius

1999 1894 2360 1959 consentiens,
2392 1896 2742 1950 sacramentis
2773 1913 2866 1966 per
2889 1899 3000 1953 loca
3027 1913 3335 1959 sanctorum
3365 1906 3582 1963 firmans

2000 2000 2069 2040 ne
2108 2001 2342 2054 unquam
2385 1986 2794 2057 Gundebergam
2843 1999 3217 2058 postponeret,
3250 2009 3347 2049 nec
3387 1997 3454 2052 de
3483 2000 3580 2053 ho-

2002 2093 2132 2133 nore
2160 2079 2357 2147 gradus
2385 2080 2587 2149 aliquid
2614 2081 2900 2148 minueret,
2931 2083 3210 2155 ipsamque
3242 2090 3398 2144 unico
3421 2091 3586 2164 644

2002 2183 2189 2223 amore
2219 2169 2449 2239 diligens
2489 2171 2540 2224 in
2582 2172 2832 2228 omnibus
2865 2175 3122 2230 honorem
3155 2191 3432 2247 prtcstaret
3457 2197 3586 2237 con-

1999 2261 2177 2330 digne,
2213 2259 2572 2332 Gondeberga
2616 2265 2943 2332 attrahente,
2972 2281 3161 2324 omnes
3203 2269 3585 2342 Langobardo-

2000 2370 2116 2410 rum
2139 2355 2394 2424 primates
2415 2356 2789 2412 Chrotharium
2810 2360 3100 2416 sublimant
3125 2363 3176 2416 in
3209 2378 3393 2434 regno.
3418 2365 3585 2421 Chro-

2001 2445 2206 2500 tharius
2237 2462 2355 2500 cum
2383 2462 2606 2518 regnare
2634 2449 2911 2518 cmpisset,
2937 2451 3129 2506 multos
3161 2454 3415 2509 nobilium
3445 2456 3583 2512 Lan-

1999 2536 2356 2604 gobardorum
2384 2576 2399 2601 ,
2431 2551 2565 2604 quos
2593 2537 2691 2591 sibi
2737 2549 2980 2595 senserat
3009 2553 3374 2611 contumaces,
3411 2546 3578 2602 inter-

2002 2627 2150 2682 fecit.
2183 2626 2534 2683 Cbrotharius
2574 2626 2918 2683 fortissimam
2961 2631 3295 2702 disciplinam
3341 2646 3396 2690 et
3426 2636 3584 2693 timo-

2000 2736 2113 2775 rem
2143 2720 2196 2774 in
2228 2734 2386 2775 omne
2414 2735 2637 2790 regnum
2669 2720 3137 2792 Langobardorum
3163 2742 3348 2794 pacem
3372 2741 3584 2787 sectans

2001 2812 2144 2867 fecit.
2195 2811 2548 2868 Chrotharius
2596 2813 2796 2868 oblitus
2840 2816 3161 2872 sacramenti
3190 2820 3331 2888 quod
3361 2820 3583 2878 Gunde-

2003 2907 2178 2977 berga:
2207 2907 2470 2975 dederat,
2517 2923 2743 2979 eamque
2772 2910 2825 2964 in
2875 2926 3038 2966 unum
3074 2913 3380 2970 cubiculum
3407 2916 3584 2973 Ticini

2004 3000 2057 3054 in
2086 3001 2208 3054 aula
2238 3002 2418 3070 palatii
2443 3000 2692 3068 retrudit,
2715 3015 2940 3074 eamque
2964 3003 3030 3058 ad
3054 3005 3318 3075 privatum
3340 3007 3578 3068 habitum

2005 3096 2186 3150 vivere
2216 3092 2385 3162 fecit;
2417 3096 2657 3167 quinque
2681 3111 2850 3152 annos
2874 3097 2975 3152 sub
3006 3113 3066 3154 ea
3100 3102 3404 3160 retrusione
3425 3113 3581 3162 tene-

317 3192 564 3261 miftens,
596 3203 747 3265 rogat
783 3203 840 3249 ut
869 3195 1133 3248 Tasonem
1154 3233 1169 3259 ,
1217 3193 1409 3248 ducem
1442 3194 1731 3262 provinciae
1759 3194 1894 3249 Tus-
1925 3186 1972 3250 C
2004 3196 2105 3240 tur.
2137 3187 2488 3242 Chrotharius
2517 3201 2611 3257 per
2639 3186 2968 3243 concubinas
2999 3188 3429 3248 debacchabatur
3452 3196 3582 3252 assi-

313 3305 482 3356 canm,
513 3303 618 3357 quo
649 3297 856 3356 poterat
899 3286 1114 3354 ingenio
1145 3283 1495 3338 interfiteret.
1528 3283 1695 3352 Ilujus
1726 3283 1888 3338 bene-

307 3382 413 3438 Iicii
440 3379 802 3435 vicissitudine
832 3377 1026 3432 tributa
1060 3417 1074 3441 ,
1107 3391 1224 3446 qua:
1265 3375 1602 3446 Langobardi
1633 3376 1701 3431 de
1729 3391 1887 3430 manu

306 3472 513 3541 publica
563 3468 664 3541 [Id
711 3477 818 3534 est,
874 3464 1132 3538 imperio]
1191 3466 1549 3536 recipiebant,
1607 3467 1704 3521 tria
1761 3482 1886 3522 cen-

304 3565 503 3619 tenaria
528 3564 640 3617 auri
681 3563 835 3616 annis
862 3561 1116 3631 singulis,
1145 3560 1287 3615 unde
1321 3577 1484 3615 unum
1513 3562 1882 3617 centenarium

303 3656 416 3712 auri
460 3655 792 3710 Charoaldus
843 3670 936 3708 rex
988 3655 1226 3721 partibus
1267 3654 1476 3721 Imperii
1519 3653 1588 3709 de
1631 3657 1880 3722 prmsenti

301 3757 557 3804 cassaret.
608 3746 848 3802 Hisacius
897 3728 1153 3805 naIricius
1207 3745 1320 3799 hinc
1370 3759 1632 3806 audiens,
1685 3755 1879 3800 tracta-

303 3842 391 3895 bat
441 3842 633 3910 quibus
683 3841 908 3909 ingeniis
962 3841 1075 3894 haac
1144 3839 1404 3908 potuisset
1454 3839 1717 3905 implere,
1775 3841 1881 3894 Ta-

302 3933 419 3988 soni
454 3932 731 4001 ingeniose
762 3930 1022 3986 mandans
1046 3971 1060 3995 ,
1101 3931 1224 3984 dum
1269 3932 1319 3984 in
1350 3930 1550 3983 oilensa
1588 3929 1879 3986 Charoaldi

301 4035 440 4090 erat,
468 4039 590 4080 cum
617 4037 734 4093 ipso
773 4022 1037 4077 amicitias
1083 4023 1361 4090 obngaret,
1396 4023 1509 4086 ipse
1539 4037 1666 4076 vero
1695 4031 1880 4078 contra

300 4115 659 4172 Charoaldum
703 4128 883 4183 regem
911 4114 962 4167 ei
1006 4113 1372 4166 auxiliaretur.
1419 4111 1531 4165 Tali
1583 4123 1883 4178 prmventus

300 4218 382 4266 est
434 4207 618 4262 fraude
667 4222 682 4260 :
731 4209 1040 4260 Ravennam
1077 4214 1265 4274 pergit.
1309 4205 1637 4259 I‘lisacius‘ei
1670 4209 1881 4260 onviam

300 4299 600 4361 mandans,
633 4313 743 4367 pra:
788 4301 982 4351 timore
1028 4295 1401 4364 imperatoris,
1447 4295 1711 4350 Tasonem
1759 4312 1879 4351 cum

299 4391 410 4446 suis
460 4390 592 4445 infra
644 4403 829 4443 muros
860 4387 1134 4440 Ravenna:
1162 4386 1307 4440 urbis
1335 4394 1598 4439 armatum
1630 4403 1737 4440 non
1782 4403 1880 4442 aus

298 4482 461 4537 debat
492 4483 752 4550 recipere.
781 4478 1022 4549 Cumque
1046 4478 1184 4532 Taso
1209 4478 1454 4542 credens,
1485 4493 1630 4531 arma
1661 4493 1876 4534 suorum

1991 3279 2119 3334 due.
2157 3279 2544 3350 Gundeberga,
2577 3295 2643 3336 eo
2673 3281 2812 3350 quod
2843 3292 2984 3336 esset
3021 3282 3359 3355 Christiana,
3391 3289 3443 3344 in
3477 3290 3576 3346 hac

1992 3371 2329 3427 tribulatione
2357 3371 2702 3426 benedicebat
2731 3371 2898 3426 Deum
2926 3374 3346 3440 omnipotentem
3375 3421 3390 3446 ,
3433 3381 3573 3451 jeju-

1991 3465 2094 3519 niis
2124 3474 2178 3520 et
2215 3464 2549 3521 orationibus
2576 3464 2791 3520 assidue
2823 3469 3157 3534 pervacahat.

2059 3562 2244 3619 LXXI.
2283 3564 2508 3631 Quando
2537 3566 2646 3620 Deo
2673 3567 3013 3635 complacuit.
3045 3568 3269 3624 Aubedo
3303 3568 3321 3607 ί
3368 3569 3570 3639 legata-

1988 3655 2100 3709 rius
2143 3655 2378 3711 directus
2425 3672 2454 3710 a
2485 3657 2798 3712 Cblodoveo
2832 3673 2957 3728 rege
2985 3668 3037 3716 8.
3080 3673 3241 3715 causa
3286 3660 3566 3727 legationis

1988 3761 2158 3817 usque
2181 3746 2560 3803 Chrothariutn
2591 3765 2770 3820 regem
2818 3749 3296 3820 Langobardorum
3327 3751 3568 3819 Papiam.

1986 3849 2343 3908 cognomento
2386 3839 2574 3894 Ticino
2600 3838 2651 3904 h,
2684 3841 2952 3895 civitatem
3004 3839 3166 3894 Italia:
3216 3841 3572 3910 pervenisset,

1987 3947 2216 3987 cernens
2245 3932 2484 4002 reginam
2504 3972 2518 3996 ,
2549 3947 2707 4001 quam
2738 3932 2934 4001 saepius
2961 3934 3011 3986 in
3047 3932 3312 4002 legatione
3341 3932 3564 3987 veniens

1989 4024 2220 4090 viderat,
2245 4032 2300 4077 et
2321 4026 2386 4079 ab
2416 4025 2528 4095 ipsa
2561 4025 2788 4094 benigne
2817 4039 3031 4093 semper
3060 4035 3341 4093 susceptus
3371 4025 3568 4090 fuerat.

1988 4117 2151 4170 fuisse
2205 4127 2466 4170 retrusam
2530 4115 2678 4183 quasi
2735 4115 3028 4183 injunctum
3082 4114 3324 4182 habens,
3375 4115 3568 4171 exinde

1988 4217 2125 4262 inter
2153 4219 2348 4262 caetera
2380 4188 2853 4276 Cbrothario'rcgi
2897 4207 3189 4277 suggessit,
3239 4205 3379 4276 quod
3424 4207 3569 4262 illam

1989 4311 2261 4367 parentem
2306 4301 2633 4355 Francorum
2675 4313 2832 4369 quam
2873 4299 3112 4368 reginam
3148 4299 3445 4367 habuerat,
3475 4315 3576 4370 per

1989 4407 2147 4462 quam
2171 4393 2331 4447 etiam
2363 4406 2581 4460 regnum
2610 4399 2998 4459 assumpserat,
3031 4404 3134 4444 non
3160 4389 3433 4446 debuisset
3464 4393 3569 4446 hu-

1992 4485 2221 4538 tniliare.
2258 4482 2467 4537 Exinde
2497 4496 2649 4552 reges
2687 4480 3016 4535 Francorum
3047 4487 3103 4534 et
3149 4479 3336 4534 Franci
3385 4490 3568 4536 essent

299 4575 430 4631 foris
457 4575 642 4630 urbem
667 4575 976 4642 relinquens
1000 4613 1014 4637 ,
1053 4572 1106 4624 in
1135 4571 1440 4624 Ravennam
1471 4571 1658 4624 fuisset
1679 4571 1886 4641 ingreso
1913 4570 1966 4630 D
1993 4576 2182 4647 ingrati
2208 4619 2221 4641 ,
2255 4590 2413 4646 quam
2442 4572 2792 4630 Chrotharius
2823 4572 2890 4627 de
2917 4572 3168 4642 praesenti
3210 4574 3566 4628 reverentiam

367 4715 394 4742 σι
437 4703 597 4766 Editi,
630 4703 1012 4756 sollicitatione.
1045 4700 1202 4766 Boh.,
1231 4701 1503 4778 solutione:
1531 4701 1594 4756 Et
1624 4701 1758 4757 infra
1781 4705 1879 4771 al.,

295 4785 615 4848 reputantes.

358 4846 386 4886 δ
443 4847 532 4901 Sic
577 4845 808 4898 Clarom.
859 4843 1009 4896 Colb.
1058 4858 1186 4896 vero
1213 4853 1265 4896 et
1293 4843 1485 4897 Boher.
1514 4859 1634 4898 cum
1683 4845 1875 4912 Palat.,

294 4919 642 4980 Vocastense;
669 4914 778 4975 alii,
824 4912 1149 4983 Vogaatense,
1191 4913 1490 4966 Vocatense.

363 4999 386 5028 ο
438 4987 617 5048 Colb.,
646 4985 840 5039 Boher.
872 4996 924 5035 et
946 4985 1149 5051 aliquot
1178 4985 1336 5047 Editi,
1359 4984 1597 5038 Urbium.
1626 4984 1734 5038 llos
1759 4986 1879 5039 Sur-

292 5062 404 5117 hios
420 5101 435 5125 ,
464 5057 664 5113 Sorbos
691 5070 786 5109 seu
817 5055 1049 5108 Sorabos
1073 5068 1192 5108 esse
1216 5056 1288 5107 ait
1314 5055 1574 5118 Cointius,
1595 5054 1882 5124 Thuringis

292 5132 382 5184 lini
401 5131 577 5191 timos,
610 5126 699 5196 qui
728 5125 1021 5178 Austrasiis
1044 5126 1332 5196 parebant.

359 5200 386 5238 (ι
433 5193 641 5253 Οιιθεηξ
665 5196 761 5258 al.,
792 5195 1169 5248 Chrodoaldus.
1205 5195 1288 5258 Et,
1317 5195 1471 5259 infra,
1506 5195 1674 5258 Clam,
1702 5193 1876 5264 Hyra-

291 5275 426 5325 rius.
462 5269 561 5322 Ed.
588 5269 808 5334 aliquot,
841 5264 942 5319 Iso-
964 5268 1064 5324 ius,
1087 5266 1173 5334 qui
1205 5275 1257 5317 et
1280 5265 1412 5318 infra
1438 5266 1634 5319 habent
1661 5267 1878 5318 Axonam

291 5357 411 5396 cum
444 5340 596 5394 Colb.
627 5338 795 5391 I’orro
819 5353 996 5390 rerum
1040 5335 1560 5403 Langobardicarum
1595 5337 1782 5389 notitia
1814 5351 1879 5389 ex

293 5412 466 5466 i‘aulo
496 5411 641 5463 Diae.
672 5409 1002 5475 potissimum
1046 5408 1332 5474 repetenda
1362 5415 1464 5470 est,
1506 5421 1637 5474 quas
1686 5406 1880 5473 passim

293 5483 509 5549 Fredeg
527 5481 654 5533 irius
675 5478 1215 5549 pertttrhat.0bsrrva
1243 5477 1527 5549 Ilisaciutn,
1547 5478 1638 5549 qui
1661 5477 1883 5540 Italiam,

295 5547 889 5622 itttperatorisgnomine
913 5589 928 5612 ,
962 5548 1197 5622 regebat,
1234 5548 1506 5616 patricium
1531 5547 1890 5622 Romonorum

297 5617 389 5677 hic:
447 5638 479 5676 a
533 5619 853 5687 Fredegario
900 5619 1184 5686 appellari,
1243 5634 1348 5687 quo
1398 5620 1616 5675 nomine
1663 5617 1885 5672 Carolus

294 5696 524 5763 Magnus
552 5705 815 5763 summam
852 5701 1029 5763 posma
1055 5689 1110 5763 i_n_
1142 5690 1640 5763 ltaliagpotestatem
1676 5689 1887 5763 habuit.

371 5758 407 5803 ί
441 5764 619 5828 Colb.,
665 5759 994 5814 Rotharium.
1052 5759 1213 5816 Ches.
1269 5761 1339 5815 al.
1389 5761 1588 5833 semel,
1636 5771 1689 5816 et
1729 5758 1888 5824 Boh.,

673 5878 943 5938 Ρηιιοι..
991 5873 1216 5934 LXXI.

1990 4707 2435 4769 Chrotachorium.
2466 4707 2637 4775 Vulgo
2666 4707 2962 4775 appellatur
2994 4706 3254 4761 Rat/toris.

2008 4795 2010 4798 ·
2064 4779 2080 4816 ¹
2131 4782 2177 4833 Is
2208 4789 2290 4833 est
2320 4779 2666 4832 Audohaldus
2699 4780 2875 4846 palatii
2905 4793 3118 4842 comes,
3158 4790 3217 4830 ut
3251 4789 3433 4834 censet
3467 4781 3561 4835 Pe-

1990 4850 2193 4913 raldus,
2223 4851 2311 4918 qui
2337 4863 2661 4902 memoratur
2693 4849 2943 4901 incharta
2974 4848 3191 4901 (Ilotarii
3216 4848 3301 4915 Ill,
3335 4866 3428 4913 pro
3456 4866 3573 4903 mo-

1992 4923 2228 4975 nasterio
2280 4919 2450 4973 sancti
2503 4918 2722 4985 Benigni
2778 4919 3130 4982 Divionensis,
3159 4918 3280 4971 data
3323 4936 3411 4973 an.
3443 4918 3568 4974 ($64.

1993 4990 2135 5043 ldetn
2186 4990 2460 5042 Audebedo
2503 5005 2594 5041 seu
2635 4987 2940 5040 Audebellua
2978 4989 3173 5041 dicitur
3215 4989 3266 5042 in
3306 4989 3574 5047 Chronico

1991 5061 2232 5128 ejusdem
2263 5059 2595 5120 monasterii,
2628 5069 2772 5110 tomo
2801 5057 2818 5109 I
2845 5058 3032 5125 Spicil.
3065 5058 3373 5112 Acheriani.

2069 5159 2091 5196 ε
2131 5148 2327 5202 Confer
2352 5157 2513 5215 caput
2538 5147 2626 5210 50,
2657 5162 2837 5212 supra.
2860 5147 2945 5200 ubi
2975 5148 3162 5201 eadem
3195 5147 3412 5203 historia
3446 5166 3574 5204 nar-

1983 5231 2148 5274 ratur.
2183 5219 2320 5272 Editi
2343 5217 2882 5285 plerique,Cltlotorio
2907 5216 3234 5286 rege.Colb.,
3267 5218 3575 5278 Chlodavio.

1987 5292 2083 5344 llic
2116 5293 2166 5344 in
2191 5289 2492 5352 Chronicis,
2521 5289 2690 5342 sancti
2724 5289 2938 5355 Benigni
2973 5297 3026 5342 ct
3055 5288 3332 5354 Besuensi,
3363 5289 3579 5346 Chlam-

1986 5363 2094 5415 rius
2124 5371 2180 5416 et
2203 5359 2520 5415 Chtodoveus
2550 5360 2845 5427 appellatus
2879 5360 3044 5412 fuisse
3070 5359 3283 5412 dicitur.

2063 5453 2089 5489 ιι
2132 5453 2311 5521 Papia,
2342 5452 2498 5520 vulgo
2529 5451 2871 5524 Pot-icturhs
2901 5451 3374 5524 Langobardorum
3399 5457 3562 5524 regia,

1993 5525 2174 5579 Flavia
2210 5525 2370 5578 etiam
2402 5524 2540 5577 dicta
2563 5563 2577 5586 ,
2618 5535 2670 5578 et
2710 5523 2954 5576 Ticinum
2986 5539 3012 5573 a
3043 5523 3227 5576 Ticino
3259 5525 3418 5578 fluvio
3453 5523 3574 5586 (Τέω

1992 5598 2119 5663 ain),
2154 5597 2240 5665 qui
2273 5610 2390 5648 eam
2421 5595 2600 5657 alluit;
2628 5594 2752 5646 sede
2782 5593 3078 5665 episcopali
3127 5593 3257 5665 nulli
3307 5597 3575 5664 archiepi-

1996 5663 2182 5734 scopo'
2201 5666 2435 5736 Subjecta
2460 5705 2474 5731 ,
2505 5666 2728 5720 ducatus
2759 5663 2942 5732 titulo,
2969 5675 3021 5719 et
3067 5664 3339 5720 acadetnia
3382 5663 3548 5722 nobili
3573 5699 3582 5709 -

1999 5747 2141 5793 tatur

3185 5867 3254 5926 21
