4132 6348
587 342 681 397 651
1756 333 2167 389 FllEDEGAIlII
2208 332 2651 388 SUIIOIASTICI

3747 330 3855 391 659

584 458 909 512 Francorum
944 453 1333 522 habens,jubet
1365 447 1539 516 egredi
1568 444 1737 511 foras,
1767 456 1819 499 et
1850 456 1971 515 post
1999 446 2159 514 quin-
2195 456 2238 505 Α
2275 454 2591 499 cmtcrorum
2625 442 2949 497 Sisenandus
2973 441 3185 513 quidam
3214 459 3279 498 ex
3308 442 3617 511 proceribus
3653 444 3720 498 ad
3752 442 3852 500 Da-

584 567 686 619 que
707 550 920 602 circiter
949 561 1134 604 annos,
1168 560 1259 609 per
1290 552 1451 595 totam
1477 540 1743 594 civitatem
1770 548 1821 593 et
1851 538 1979 592 foris
2013 537 2156 591 Gun-

584 644 815 710 dcbcrga
838 636 1000 710 regali
1031 637 1217 689 ordine
1246 649 1338 703 per
1368 632 1483 687 loca
1517 642 1823 684 sanctorum
1858 630 1920 682 ad
1951 630 2157 683 oratio-

584 748 706 787 nem
756 728 1077 801 aggreditur.
1122 725 1197 781 De
1224 725 1361 779 villis
1402 735 1453 779 et
1503 724 1693 792 opibus
1724 723 1833 777 ﬁsci
1883 722 2025 791 quod
2062 724 2157 775 ha-

585 829 792 890 [ηερε-ιιι,
809 819 1212 877 Chrothariusei
1236 819 1521 874 restaurari
1547 816 1816 885 praecepit,
1837 815 1976 884 quod
1994 829 2161 883 usque

582 918 719 971 diem
754 916 929 970 obitus
955 913 1057 974 sui,
1090 919 1143 963 et
1174 910 1392 977 gradum
1419 906 1715 977 dignitatis,
1746 915 1800 959 ct
1822 906 2011 970 Opibus
2045 904 2160 972 plu-

584 1009 731 1062 ribus
762 1006 947 1069 ditata,
977 1004 1123 1073 regio
1152 1002 1295 1055 cultu
1328 1008 1445 1068 post
1474 999 1695 1052 feliciter
1722 995 2162 1049 tenuit.'Aubedo

584 1113 710 1153 vero
768 1113 795 1150 a
854 1094 1209 1161 Gunileberga
1269 1090 1451 1159 regina
1507 1088 1709 1140 fortiter
1759 1095 2153 1140 remuneratur.

582 1189 742 1260 6&5
797 1184 1144 1241 (Jbrmharius
1200 1196 1320 1235 cum
1364 1180 1598 1233 exercitu
1632 1180 1904 1231 Genavam
1958 1177 2161 1229 mariti-

580 1297 718 1334 mam
749 1322 762 1341 ,
814 1278 1201 1343 Albinganum,
1245 1269 1592 1331 Varieottim,
1642 1268 1907 1331 Saonam,
1952 1266 2163 1319 Uhitcr-

578 1372 719 1441 gium
742 1411 755 1432 ,
788 1378 836 1421 ct
868 1367 1066 1420 Lunam
1103 1373 1124 1398 τ’
1158 1362 1397 1417 civitates
1426 1360 1620 1413 littoris
1644 1360 1806 1412 maris
1838 1359 1905 1412 de
1937 1357 2162 1423 imperio

579 1463 825 1519 auferens
855 1470 1058 1521 vastat,
1092 1456 1324 1527 rumpit,
1364 1454 1611 1508 incendio
1641 1464 2021 1515 eoneremans,
2059 1463 2157 1518 po-

581 1558 759 1624 pulum
791 1554 998 1615 diripit,
1034 1552 1224 1618 Spoliat
1254 1560 1303 1602 et
1328 1544 1633 1615 captivitate
1654 1544 2008 1607 condemnat;
2044 1557 2161 1593 mu-

578 1663 771 1716 vosque
820 1659 1000 1699 earum
1049 1655 1217 1715 usque
1271 1639 1336 1692 ad
1405 1636 1786 1692 undameutum
1831 1633 2155 1698 destruens,

578 1741 721 1792 vicos
756 1739 848 1790 has
876 1735 1125 1788 civitates
1154 1731 1431 1785 nominare
1453 1727 1729 1798 prmcepit.

2271 537 2547 603 gobertum
2597 536 2799 605 expetit
2843 547 2897 590 ut
2942 536 2989 590 ei
3035 550 3154 590 cum
3185 538 3425 591 exercitu
3466 537 3849 602 auxiliaretur,

2266 629 2495 695 qualiter
2544 629 2892 683 Sintellanem
2944 630 3263 698 degradaret
3293 643 3320 682 a
3355 644 3555 699 regno:
3590 630 3643 685 in
3694 634 3849 698 hujus

2268 720 2507 775 beneﬁcii
2542 722 2911 791 repensionem
2979 723 3282 777 missorium
3321 738 3539 779 aureum
3583 725 3849 780 nobilissi-

2269 829 2409 866 mum
2455 829 2517 868 ex
2551 814 2817 869 tlieSaiiris
2872 815 3189 869 Gotthorum
3218 858 3232 881 ,
3265 831 3420 885 quem
3453 817 3849 872 'I‘hursemvdus

2268 921 2355 959 rex
2408 908 2475 962 ab
2508 907 2654 961 Aitio
2684 907 2707 943 ιι
2742 910 2965 978 patricio
3015 920 3336 979 acceperat,
3373 912 3669 980 Dagobcrto
3717 911 3848 964 dare

2267 998 2527 1062 promisit,
2565 1008 2878 1065 pensantem
2906 1000 3019 1053 auri
3064 1001 3270 1068 pondus
3311 998 3324 1036 ί
3361 1002 3702 1069 quingentos.
3731 1003 3849 1069 Quo

2266 1090 2450 1143 audito
2473 1135 2485 1155 ,
2524 1091 2854 1160 Dagnhcrtus
2875 1133 2888 1155 ,
2922 1101 2979 1145 ut
3017 1102 3131 1145 erat
3170 1094 3394 1157 cupidus
3419 1136 3433 1158 ,
3465 1094 3759 1149 exercitum
3792 1098 3844 1148 in

2267 1182 2520 1233 auxilium
2553 1183 2835 1236 Sisenandi
2885 1183 2952 1237 de
3006 1193 3115 1237 toto
3142 1199 3308 1252 regno
3354 1185 3672 1255 Burgundia:
3715 1187 3843 1240 ban-

2268 1271 2382 1324 nire
2408 1274 2679 1342 prmcepit.
2712 1273 2960 1345 Cumque
2991 1276 3042 1328 in
3075 1276 3269 1343 Spania
3298 1277 3627 1345 divulgatum
3662 1277 3847 1333 fui\set

2266 1362 2558 1415 exercitum
2590 1363 2918 1417 Francorum
2952 1365 3003 1417 in
3045 1365 3299 1419 auxilium
3334 1366 3635 1421 Sisenando
3661 1383 3847 1438 aggre-

2266 1455 2425 1519 dere,
2464 1460 2638 1510 nmn‘s
2686 1455 3006 1512 Gotthorum
3054 1461 3324 1514 exercitus
3368 1476 3426 1515 se
3465 1459 3651 1516 ditioni
3700 1464 3847 1517 Sise-

2266 1546 2422 1601 nandi
2454 1546 2677 1617 subegit.
2705 1548 3077 1604 Abundantius
3096 1561 3149 1604 et
3176 1551 3421 1606 Veneran
3446 1554 3525 1606 lus
3552 1570 3672 1607 eum
3695 1569 3847 1609 exer-

2272 1639 2376 1693 citzi
2414 1638 2721 1695 Tholosano
2753 1649 2958 1695 tantum
3005 1657 3177 1712 usque
3218 1643 3675 1714 Czesaraugustam
3718 1647 3847 1700 civi-

2270 1742 2428 1787 tatem
2480 1748 2601 1788 cum
2653 1735 2956 1790 Sisenando
3009 1745 3387 1799 accesserunt,
3438 1739 3613 1807 ibique
3662 1756 3847 1794 omnes

652 1826 859 1881 LXXII.
920 1826 996 1878 Eo
1044 1835 1185 1875 anno
1234 1820 1287 1874 in
1354 1816 1651 1872 Abarorum
1680 1814 1707 1851 δ
1733 1854 1747 1877 .
1800 1820 2153 1881 cognomen“)
2186 1815 2232 1873 Β
2261 1824 2445 1881 Gottbi
2484 1826 2549 1881 de
2588 1843 2754 1897 regno
2791 1829 3007 1897 Spanize
3056 1830 3416 1885 Sisenandum
3467 1832 3759 1887 sub‘imant
3797 1835 3847 1888 in

574 1922 909 1983 Chunorum,
944 1930 1111 1984 regno
1152 1913 1203 1966 in
1250 1909 1524 1965 Pannonia
1554 1918 1577 1945 α
1606 1906 1836 1961 surrexit
1868 1908 2159 1959 vehemens

576 2016 819 2079 intentio,
851 2027 916 2065 eo
956 2010 1093 2079 quod
1125 2009 1191 2062 de
1223 2021 1387 2076 regno
1417 2013 1705 2069 certarent,
1737 2003 1819 2057 cui
1870 2000 2159 2056 deberetur

575 2108 640 2162 ad
673 2104 1091 2166 succedendum,
1127 2116 1265 2154 unus
1295 2115 1360 2155 ex
1391 2097 1582 2154 Abaris
1611 2107 1663 2151 et
1695 2097 1829 2150 alius
1859 2111 1921 2150 ex
1972 2095 2160 2164 Bulga-

575 2200 683 2263 ris;
719 2196 940 2251 collecta
971 2190 1307 2247 multitudine
1338 2197 1563 2258 uterque
1606 2189 1657 2240 in
1690 2186 1921 2240 invicem
1953 2199 2156 2254 pugna-

586 2301 730 2345 runt.
757 2289 995 2344 Tandem
1021 2283 1182 2340 Abari
1215 2282 1467 2353 Bulgaros
1496 2290 1768 2349 superant.
1804 2279 2044 2348 Bulgaris
2071 2293 2161 2331 su-

576 2394 794 2454 peratis,
825 2396 1013 2435 novem
1061 2376 1222 2432 millia
1253 2378 1485 2430 virorum
1516 2388 1636 2426 cum
1670 2371 1931 2426 uxoribus
1982 2379 2036 2425 et
2098 2370 2159 2422 Ii-

576 2475 719 2530 beris
742 2474 809 2528 de
831 2472 1103 2526 Pannonia
1138 2469 1373 2536 expulsi,
1405 2465 1470 2519 ad
1498 2464 1855 2535 Dagobertum
1879 2468 2153 2530 expetunt,

577 2575 820 2636 petentes
853 2573 911 2617 ut
940 2578 1033 2617 eos
1080 2563 1131 2615 iu
1184 2571 1323 2614 terra
1366 2559 1693 2613 Francorum
1738 2557 1801 2610 ad
1831 2554 2157 2609 manendum

577 2659 859 2728 reciperet.
895 2655 1225 2724 Dagobertus
1254 2651 1402 2719 jubet
1433 2665 1525 2704 eos
1568 2648 1633 2702 ad
1676 2647 2018 2701 hic-mandunt
2059 2646 2159 2707 Ba-

578 2749 773 2819 joarios
805 2747 1065 2815 recipere,
1098 2741 1390 2796 dummodo
1417 2744 1765 2810 pertractarct
1794 2751 1911 2790 cum
1942 2734 2158 2789 Francis

577 2838 703 2910 quid
747 2836 941 2892 exinde
974 2835 1144 2889 ﬁeret.
1173 2834 1412 2901 Cumque
1446 2829 1670 2898 dispersi
1715 2844 1808 2894 per
1837 2827 2023 2881 domos
2053 2828 2155 2880 Ba-

574 2930 864 2997 joariorum
909 2927 971 2982 ad
1007 2924 1345 2979 hiemandum
1379 2920 1636 2986 fuissent,
1671 2919 1896 2975 consilio
1928 2919 2156 2973 Franco-

578 3034 690 3075 rum
720 3017 1054 3087 Dagobertus
1081 3013 1338 3082 Iiajoariis
1363 3011 1514 3079 jubet
1540 3018 1597 3063 ut
1619 3008 1870 3080 Bulgaros
1898 3008 2017 3064 illos
2036 3024 2156 3063 cum

578 3112 834 3167 uxoribus
866 3120 918 3163 et
952 3109 1133 3164 liberis
1164 3108 1537 3173 unusquisque
1564 3102 1617 3156 in
1660 3102 1823 3156 domo
1849 3117 1941 3156 sua
1972 3102 2022 3156 in
2054 3116 2157 3155 una

2265 1931 2506 1985 regnum.
2544 1917 2915 1973 Abundantius
2948 1920 2962 1969 l
2999 1930 3051 1974 et
3085 1920 3431 1974 Venerandus
3462 1938 3581 1975 cum
3611 1926 3847 1978 exercitu

2263 2005 2571 2061 Thnlosano
2604 2009 2912 2063 muneribus
2944 2007 3190 2063 honorati
3238 2024 3589 2089 revertuntur
3625 2014 3692 2066 ad
3726 2029 3848 2080 pro-

2266 2096 2405 2161 prias
2438 2095 2613 2150 sedes.
2658 2098 2993 2167 Dagobertus
3027 2100 3348 2169 legationem
3382 2104 3445 2155 ad
3493 2103 3848 2158 Sisenandum

2263 2201 2466 2255 regem,
2502 2188 2864 2257 Amalgarium
2908 2191 3095 2245 ducem
3129 2202 3181 2245 et
3225 2192 3603 2247 Venerandum
3634 2194 3848 2262 dirigit,

2265 2284 2321 2330 ut
2373 2277 2677 2333 missorium
2728 2280 2876 2335 illum
2908 2296 3065 2349 quem
3107 2285 3423 2351 promiserat
3451 2284 3623 2338 cidem
3656 2285 3847 2355 dirige-

2266 2376 2348 2423 ret
2372 2386 2386 2423 :
2410 2385 2637 2440 cumque
2667 2386 2696 2425 a
2736 2372 3039 2426 Sisenando
3071 2388 3197 2441 rege
3229 2377 3505 2429 niiSsorius
3536 2375 3621 2429 ille
3655 2376 3847 2445 legata-

2263 2460 2569 2516 riisfuisset
2598 2464 2848 2529 traditus,
2871 2479 2900 2517 a
2930 2463 3142 2519 Gotthis
3175 2482 3269 2533 per
3296 2468 3402 2519 vim
3430 2466 3457 2503 ι
3497 2467 3719 2531 tollitur,
3754 2483 3849 2521 nec

2262 2569 2386 2608 eum
2434 2555 2631 2610 exinde
2683 2556 2939 2611 exhibere
2989 2561 3364 2627 permiserunt.
3416 2560 3605 2615 Postea
3644 2562 3848 2616 discur-

2264 2644 2500 2699 rentibus
2549 2647 2733 2714 legatis
2781 2648 3007 2702 ducenta
3060 2650 3223 2703 millia
3271 2651 3567 2704 sol‘dorum
3614 2652 3846 2705 missorii

2269 2735 2432 2804 hujus
2458 2737 2611 2804 pretii
2632 2737 2963 2808 Dagobertus
2988 2755 3014 2792 a
3035 2740 3333 2796 Sisenando
3353 2742 3644 2811 accipiens,
3662 2742 3849 2811 ipsoru-

2262 2842 2367 2897 que
2395 2827 2659 2896 pensavit.

2335 2917 2435 2971 AN.
2470 2933 2681 2971 ncxxn.
2712 2948 2782 2959 --
2812 2919 3045 2972 LXXIV.
3076 2921 3232 2974 Auno
3267 2922 3332 2975 10
3362 2922 3508 2991 regni
3536 2922 3849 2991 Dagoberti,

2263 3024 2383 3064 cum
2406 3010 2457 3064 ei
2489 3012 2787 3064 nuntiatum
2816 3012 3003 3066 fuisset
3028 3012 3322 3066 exercitum
3351 3012 3677 3067 Winidorum
3698 3013 3848 3067 Tho-

2265 3102 2495 3173 ringiam
2542 3102 2707 3156 fuisse
2750 3101 2912 3172 647
2951 3104 3249 3172 ingressum
3280 3144 3297 3170 ,
3330 3117 3448 3157 cum
3496 3104 3733 3159 exercitu
3760 3103 3853 3173 Vde

580 3210 734 3256 nocte
766 3199 991 3268 Bajoarii
1024 3197 1406 3259 interﬁcerent,
1448 3172 1594 3262 quod
1626 3192 1868 3260 protinus
1896 3206 1925 3245 ιι
1969 3191 2158 3261 Bajoa-
2188 3192 2235 3255 C
2269 3172 2435 3261 regno
2487 3193 2887 3248 Austrasiorum
2942 3195 3009 3248 de
3062 3194 3240 3249 Mettis
3282 3195 3415 3249 urbe
3482 3172 3807 3263 promovens
3830 3237 3844 3258 ,

581 3294 675 3347 riis
722 3302 805 3346 est
852 3293 1151 3358 impletum.
1185 3288 1294 3341 Nec
1341 3286 1623 3354 quisquam
1655 3300 1720 3339 ex
1761 3285 1867 3338 illis
1899 3286 2160 3340 remansit

581 3382 849 3451 Bulgaris,
882 3379 980 3432 nisi
1012 3389 1213 3432 tantum
1242 3376 1466 3429 Altiteus
1497 3372 1523 3411 ά
1557 3389 1677 3427 cum
1709 3373 2058 3442 septingentis
2085 3374 2163 3427 vi-

581 3472 678 3537 ris,
711 3480 765 3527 et
796 3471 1048 3525 moribus
1080 3484 1201 3523 eum
1245 3468 1448 3531 liberis,
1486 3467 1575 3536 qui
1607 3466 1662 3519 in
1704 3479 1880 3518 mares
1913 3464 2160 3518 Winido—

581 3581 697 3621 rum
731 3574 755 3603 ο
797 3564 1033 3619 salvatus
1075 3570 1178 3615 est.
1232 3562 1361 3614 I’ost
1389 3561 1502 3613 haec
1544 3574 1662 3613 eum
1696 3556 1940 3612 Walluco
1978 3555 1996 3593 ¹
2025 3556 2163 3612 duce

585 3655 926 3714 Winidorum
957 3652 1113 3707 annis
1145 3651 1388 3722 plurimis
1417 3648 1549 3702 vixit
1572 3663 1691 3703 cum
1720 3648 1854 3706 suis.

652 3747 885 3803 LXXIII.
915 3747 991 3801 Eo
1017 3761 1156 3800 anno
1177 3744 1305 3814 quid
1334 3742 1571 3811 partibus
1597 3740 1834 3809 Spaniae,
1857 3739 1940 3793 vel
1971 3754 2158 3794 eorum

584 3842 796 3914 regibus
822 3840 1144 3910 contigerit,
1180 3852 1284 3891 non
1326 3835 1754 3906 praetermittam.
1793 3833 2049 3887 Defuncto
2078 3832 2162 3888 Si-

586 3934 781 3992 sibudo
811 3943 861 3999 6,
895 3947 1019 4003 rege
1048 3927 1470 3986 clementissimo
1493 3968 1507 3992 ,
1543 3925 1627 3980 cui
1670 3925 1868 3983 Sintela
1902 3934 2026 3980 ante
2069 3940 2162 3980 an-

583 4042 711 4082 num
739 4025 950 4081 circiter
977 4029 1311 4078 successerat
1339 4019 1393 4073 in
1416 4033 1660 4089 regnum,
1683 4017 1845 4088 6&6
1870 4032 1991 4071 eum
2018 4027 2163 4074 esset

586 4118 790 4176 Sintela
820 4116 1039 4171 nimium
1072 4114 1123 4169 in
1156 4114 1264 4169 suis
1296 4112 1529 4181 iniquus,
1562 4120 1615 4165 et
1644 4126 1763 4165 cum
1795 4111 2046 4166 omnibus
2078 4125 2162 4165 re-

583 4214 671 4284 gni
700 4212 784 4269 sui
826 4208 1139 4282 primatibus
1197 4206 1378 4262 odium
1407 4207 1739 4272 incurreret,
1774 4220 1893 4259 cum
1939 4203 2164 4259 consilio

659 4355 683 4381 ι
725 4330 779 4397 In
810 4332 968 4397 editis
990 4353 1239 4407 corrup'a
1267 4350 1387 4392 sunt
1415 4340 1632 4407 omnino
1664 4340 1773 4390 haec
1798 4338 2033 4392 nomina.
2066 4336 2161 4392 Le-

588 4416 813 4469 ctionem
844 4411 1104 4473 Clarom.,
1135 4410 1333 4462 Chesn.
1366 4419 1417 4461 et
1445 4409 1605 4461 Frcb.
1639 4410 1970 4462 retinnimus.
2003 4408 2153 4462 Colb.

585 4485 762 4548 habet,
797 4482 1085 4551 Albingam,
1126 4477 1714 4551 Notfariam,__Cottisam,
1738 4479 2158 4551 putauibitergio,

2268 3284 2492 3339 transita
2528 3284 2798 3347 Ardenna,
2851 3285 3172 3354 Magantiam
3220 3300 3414 3355 magno
3457 3300 3580 3340 cum
3612 3286 3850 3341 exercitu

2264 3376 2567 3444 aggreditur
2597 3372 2644 3441 ι,
2677 3375 2968 3445 disponens
2997 3377 3244 3431 Rhenum
3278 3377 3532 3443 transire,
3566 3393 3773 3432 scuram
3804 3386 3844 3414 ω

2265 3465 2337 3519 de
2361 3466 2547 3520 electis
2579 3466 2706 3521 viris
2730 3467 2953 3522 fortibus
2976 3468 3044 3522 de
3070 3468 3297 3523 Neuster
3322 3478 3374 3523 et
3400 3468 3700 3538 Burgundia
3728 3483 3849 3523 cum

2265 3558 2490 3612 ducibus
2518 3567 2569 3611 et
2590 3558 2918 3627 graﬁonibus
2948 3573 3130 3614 secum
3164 3560 3391 3614 habens.
3425 3561 3848 3615 Saxones'mis-

2264 3664 2353 3704 sos
2379 3649 2447 3704 ad
2496 3650 2854 3719 Dagobertum
2887 3651 3139 3721 dirigunt,
3175 3662 3417 3720 petentes
3441 3660 3502 3704 ut
3542 3652 3624 3706 eis
3652 3651 3859 3705 tributa.

2262 3758 2381 3813 qua:
2406 3744 2514 3798 ﬁsci
2538 3744 2825 3798 ditiouibus
2846 3743 3211 3799 dissolvebant
3234 3745 3532 3813 indulgeret
3555 3762 3569 3797 :
3596 3743 3697 3812 ipsi
3719 3756 3867 3796 vero

2271 3851 2461 3891 eorum
2495 3836 2671 3891 studio
2693 3846 2743 3891 et
2773 3836 2998 3891 utilitate
3023 3837 3254 3892 Winidis
3283 3836 3531 3890 resistere
3560 3835 3849 3904 spondent,

2264 3938 2317 3984 (ι
2356 3929 2683 3984 Francorum
2743 3928 2971 3982 limitem
3023 3928 3092 3983 de
3142 3929 3243 3982 illis
3294 3927 3530 3997 partibus
3578 3926 3851 3981 custodire

2265 4021 2598 4091 promittunt.
2630 4021 2781 4086 Quod
2838 4019 3195 4089 Dagobertus,
3233 4017 3460 4074 consilio
3501 4018 3847 4073 Neustrasio-

2263 4126 2379 4165 rum
2409 4112 2651 4181 adeptus,
2686 4111 2936 4180 praestitit
2962 4111 3264 4165 Saxonibus
3296 4110 3387 4180 qui
3411 4111 3493 4165 his
3518 4119 3547 4148 ιι
3578 4111 3850 4181 petitioni-

2264 4204 2361 4257 bus
2387 4204 2778 4273 suggercndum
2809 4212 3086 4259 venerant.
3112 4204 3542 4268 Sacramentum,
3573 4214 3632 4258 ut
3657 4218 3845 4259 eorum

2341 4352 2364 4376 ⁸
2407 4340 2596 4397 IIodie.
2630 4349 2683 4391 nt
2714 4350 2895 4392 monet
2928 4338 3213 4401 Frcherus,
3245 4337 3737 4391 Ii’indischemarck.

2340 4408 2359 4446 ί
2385 4411 2471 4466 Sic
2494 4411 2659 4475 Clar.,
2680 4409 3138 4473 Freb.et(jbi-sn.,
3169 4408 3425 4475 Wallaco;
3445 4410 3538 4471 al.,
3565 4406 3843 4461 Walduco.

2337 4489 2362 4526 Β
2401 4481 2651 4536 Sisebuto
2680 4495 2818 4533 anno
2844 4479 2939 4532 I521
2979 4480 3239 4533 successit
3269 4480 3601 4533 tier-caredus
3632 4479 3695 4535 II.
3728 4478 3867 4546 ejus'

586 4546 757 4631 έιιηιιέ
786 4551 923 4631 Editi
951 4546 1053 4604 'alii
1074 4550 1341 4631 ι..ιιιὸὶηξμι
1364 4589 1379 4611 ,
1412 4548 1640 4602 Noraria
1661 4588 1676 4612 ,
1724 4546 2156 4631 Cottisaonia'ubi
2189 4565 2243 4622 D
2270 4551 2435 4631 ﬁlius,
2460 4562 2514 4605 et
2534 4552 2626 4631 [isti
2655 4558 2780 4631 post
2806 4561 2912 4630 tres
2942 4566 3149 4631 menses
3180 4548 3453 4631 suintitla,
3485 4552 3598 4631 sitve
3624 4552 3713 4631 qui
3758 4552 3845 4601 hie

585 4624 766 4694 Tergio
796 4631 840 4675 et
878 4621 1044 4674 Luna.
1080 4619 1247 4694 Urbes
1278 4618 1391 4674 ista:
1420 4633 1550 4694 quas
1585 4618 1953 4672 recensuimns
1996 4619 2162 4673 notis-

582 4689 734 4751 sima:
773 4702 929 4754 sunt,
967 4702 1158 4758 praeter
1195 4689 1513 4758 Varicottim,
1567 4702 1757 4741 nomen
1804 4697 2115 4752 corruptum
2143 4732 2160 4753 ,

582 4757 992 4837 quoddivinare
1041 4760 1355 4837 n_on_l_i_cr_iit.
1400 4757 1613 4837 Geuaﬂva
1657 4758 1920 4837 maritima
1949 4758 2160 4828 (Cenes)

584 4828 661 4893 sic
689 4835 902 4900 dicitur,
938 4843 992 4886 ut
1031 4831 1099 4884 ab
1145 4831 1493 4900 Allobrogum
1527 4828 1743 4883 Geneva
1781 4828 2156 4900 distinguatur.

585 4898 948 4976 Albengannm
975 4899 1590 4976 _vetus_nom_en_retinet
1612 4900 1865 4976 albenga,
1896 4898 2023 4976 sede
2048 4900 2157 4966 epi-

583 4969 786 5048 scopali
817 4978 882 5029 ab
923 4971 1230 5048 Alexandro
1268 4969 1329 5022 Ill
1361 4970 1781 5048 cidit-lamaStlltla
1823 4979 1914 5048 _est
1943 4969 2163 5048 ‘Savona

584 5040 1070 5104 snb'Genuensium
1100 5042 1325 5105 ditione,
1363 5040 1714 5107 Opitergium,
1750 5040 1906 5109 vulgo
1935 5040 2153 5093 Uderzo.

588 5119 745 5173 Luna:
773 5118 939 5173 veteri
971 5112 1085 5167 urbi
1116 5112 1375 5165 successit
1403 5110 1652 5164 Sarsana.
1690 5112 1834 5163 Ilunc
1866 5113 2158 5177 expeditio-

588 5203 705 5243 nem
738 5197 997 5242 memorat
1026 5181 1221 5236 Paulus
1259 5181 1404 5236 Diae.
1443 5182 1530 5233 lib.
1573 5196 1624 5233 IV
1648 5196 1762 5245 cap.
1795 5181 1883 5245 i7,
1913 5181 1997 5234 ubi
2026 5182 2099 5234 ait
2128 5196 2156 5235 a

589 5256 804 5311 Itotltari
832 5266 1011 5325 captas
1040 5252 1204 5309 fuisse
1237 5252 1594 5325 Romanorum
1626 5252 2081 5325 civitatesomnes
2105 5252 2155 5303 in

590 5328 763 5382 littore
791 5319 953 5380 mar-is
989 5325 1051 5379 ab
1082 5328 1201 5378 urbe
1250 5323 1445 5376 Tusciae
1486 5320 1707 5374 Lunensi
1737 5324 1802 5373 ad
1834 5319 2157 5374 Francorum

590 5397 736 5465 (ures,
764 5408 815 5449 et
841 5396 1171 5465 Opitergium
1204 5396 1269 5448 ab
1295 5410 1358 5448 eo
1392 5393 1554 5446 fuisse
1580 5391 1837 5465 dirutum.

660 5464 687 5501 δ
727 5466 867 5517 Alias
892 5460 1192 5520 ltrardrum.
1225 5465 1440 5532 Aliquot
1472 5478 1593 5516 cum
1630 5461 1951 5528 aspiratione
1986 5460 2163 5513 Haba-

590 5548 786 5585 rorum.
817 5532 906 5586 Sic
933 5544 985 5587 et
1014 5533 1318 5589 Hunnorum
1347 5550 1440 5603 pro
1467 5533 1783 5597 Chunorum,
1812 5540 1866 5583 ut
1889 5546 2032 5599 saepe
2056 5548 2161 5585 m0-

592 5617 827 5658 Hunnus.

662 5687 685 5713 ε
727 5672 879 5725 Colb.
912 5678 965 5723 et
996 5671 1189 5727 Bolier.
1214 5689 1335 5727 eum
1364 5672 1633 5741 plerisque
1656 5671 1842 5734 Editis,
1883 5671 2160 5739 Hispania.

664 5746 687 5780 ιι
728 5743 815 5797 Sic
853 5741 1083 5794 Clarum.
1133 5742 1286 5807 Apud
1328 5742 1505 5801 Colb.,
1549 5743 1815 5803 Alliccus;
1865 5745 2063 5800 (Ihesn.
2111 5756 2166 5799 et

596 5814 780 5877 li'rclt.,
810 5811 1039 5876 Atticus;
1068 5809 1189 5875 alii,
1228 5810 1470 5868 Afticeus,
1505 5823 1624 5861 cum
1653 5815 1771 5867 cod.
1805 5813 1974 5868 Palat.

2270 4622 2491 4687 Sinlela,
2528 4621 2761 4683 Sintilla,
2790 4631 2841 4673 et
2870 4621 2922 4672 in
2963 4620 3119 4674 codd.
3155 4621 3470 4689 quibusdam
3513 4621 3725 4674 Senzila
3753 4634 3847 4686 ap-

2267 4694 2513 4760 pellatur,
2545 4700 2704 4758 atqne
2734 4692 2783 4742 in
2810 4702 2875 4743 eo
2903 4691 3101 4744 desinit
3128 4691 3313 4744 Istdori
3346 4690 3670 4744 Cltronicon.
3702 4691 3847 4745 Sise-

2266 4761 2473 4814 nandus
2500 4776 2641 4814 anno
2667 4762 2764 4814 651
2797 4761 3170 4814 Suintillanctn
3203 4776 3232 4812 e
3259 4762 3393 4814 solio
3423 4761 3748 4814 exturbavit.

2337 4829 2361 4866 ιι
2406 4832 2569 4901 Illyr.,
2601 4846 2720 4900 quae
2762 4838 2878 4885 erat
2907 4838 3065 4884 etiam
3108 4831 3269 4886 lectio
3294 4832 3472 4897 Colla,
3507 4832 3599 4883 sed
3628 4830 3845 4891 detrita,

2266 4900 2497 4971 .Egidio.
2536 4908 2601 4954 At
2638 4901 2780 4955 (llar.
2829 4903 2983 4955 habet
3016 4904 3230 4971 Agecio,
3266 4904 3471 4965 caeteri,
3508 4902 3711 4971 Ejacio,
3744 4916 3849 4969 quo

2269 4974 2425 5026 modo
2450 4973 2501 5026 in
2552 4973 2668 5024 istis
2692 4973 2849 5025 codd.
2882 4971 3055 5040 Egidii
3087 4988 3281 5026 nomen
3310 4974 3470 5026 scribi
3515 4974 3675 5026 solet.
3718 4971 3850 5025 Vide

2266 5044 2619 5113 fragmentum
2651 5041 2685 5093 4
2726 5058 2791 5095 ex
2836 5044 2956 5096 aliis
3000 5043 3308 5111 Fredegarii
3339 5044 3487 5096 libris
3520 5042 3660 5113 quod
3712 5042 3848 5096 infra

2264 5116 2616 5183 proferemus.

2344 5184 2359 5221 ί
2408 5184 2564 5249 Βοιι.,
2596 5184 2709 5237 auri
2739 5183 2953 5236 solidos.

2341 5257 2355 5304 ι
2404 5253 2557 5308 Coll).
2589 5264 2641 5309 et
2666 5254 2789 5317 Ed.,
2818 5254 2863 5305 ll
2873 5254 3234 5323 abundantius.
3262 5254 3407 5308 lianc
3427 5254 3618 5323 capitis
3641 5254 3711 5309 73
3736 5267 3853 5322 par-

2268 5335 2373 5382 tem
2404 5327 2470 5379 ad
2503 5342 2695 5378 annum
2738 5340 2853 5391 seq.
2888 5338 3097 5378 revocat
3126 5322 3390 5378 Cointius.

2341 5395 2366 5433 ι
2409 5396 2508 5449 Ed.
2536 5405 2592 5449 et
2621 5396 2770 5450 Coll).
2803 5411 2922 5447 cum
2973 5394 3128 5459 Bolt.,
3163 5410 3252 5463 per
3277 5398 3427 5451 viam.
3473 5396 3537 5450 Et
3587 5395 3724 5449 infra
3757 5394 3854 5459 al.,

2268 5467 2451 5519 exinde
2480 5466 2792 5519 abstrahere.

2348 5536 2364 5574 ι
2410 5536 2569 5599 Boh.,
2597 5536 2929 5605 Magantia...
2961 5537 3238 5606 egreditur.

2340 5616 2379 5644 ιη
2419 5607 2581 5660 Scara
2612 5615 2693 5659 est
2727 5615 2897 5659 turma
2938 5608 3187 5675 militum,
3216 5615 3276 5662 ut
3290 5608 3400 5674 jam
3427 5608 3833 5662 observavimus

2271 5677 2432 5737 Infra,
2477 5690 2571 5745 pro
2605 5676 2840 5739 Νεκυίαν,
2872 5687 2981 5730 vet.
3015 5676 3115 5731 Ed.
3152 5679 3350 5732 habent
3376 5679 3612 5731 Andria.

2341 5757 2370 5786 ι
2414 5749 2572 5813 Boh.,
2606 5746 2774 5815 hujus.
2808 5747 2970 5803 Chcs.
3001 5757 3058 5805 et
3083 5750 3296 5815 caueri,
3327 5749 3482 5820 hujus
3512 5748 3794 5819 petitioni“
