4132 6348
308 279 415 338 653

1742 265 2163 321 CllllONlCUM.

3475 271 3584 332 654

311 417 433 457 mos
465 411 577 457 erat
609 407 657 464 ι,
712 414 874 484 super
920 412 1065 452 arma
1112 396 1325 467 placata
1357 394 1466 466 [Αι.
1521 389 1737 462 placita]
1786 406 1883 462 pro
1915 396 1966 456 Α
2060 388 2320 446 LXXVII.
2365 387 2622 446 Radulfus
2653 388 2759 444 dux
2793 388 2931 444 titius
2956 387 3208 444 Cltamari
3229 426 3249 457 ,
3285 402 3445 459 quem
3478 385 3595 443 Dav

311 493 575 547 universis
601 493 899 547 Saxonibus
931 492 1161 544 firmant.
1184 488 1291 544 Sed
1314 502 1499 556 parum
1528 485 1642 540 haec
1671 484 1897 554 promis-

311 587 391 641 sio
415 584 635 641 sortitur
663 584 932 649 effectum,
969 594 1144 637 tamen
1174 588 1430 636 tributum
1461 578 1723 644 Saxones,
1756 575 1898 645 quod

311 676 543 732 reddere
568 684 982 739 consueverant,
1009 672 1366 743 pra‘ceptiune
1396 669 1676 739 Dagoberti
1702 668 1900 723 habent

314 771 605 825 indultum.
653 768 983 838 Quingentas
1032 782 1220 822 vaccas
1273 762 1630 819 inferendales
1670 760 1696 800 δ
1745 759 1898 814 annis

315 863 538 931 singulis
566 878 594 916 a
618 862 936 917 Clilotliario
964 862 1176 915 seniore
1196 858 1389 915 censiti
1415 855 1732 918 reddebant,
1754 850 1899 922 quod

314 969 345 1008 a
379 953 679 1022 Dagoberto
710 960 976 1006 cessatum
1008 960 1112 1006 est.

390 1048 489 1101 AN.
524 1062 760 1119 ccxxx".
785 1074 855 1086 —
878 1044 1091 1100 LXXV.
1117 1046 1273 1099 Anno
1302 1043 1363 1096 H
1395 1051 1418 1081 ε
1448 1039 1601 1110 regni
1632 1037 1901 1108 Dagober-

316 1138 392 1201 ti,
425 1152 543 1189 cum
576 1136 777 1189 Winidi
822 1135 975 1204 jussu
1004 1134 1254 1191 Samonis
1287 1133 1500 1187 fortiter
1529 1132 1781 1187 saevirent
1804 1169 1820 1194 ,
1848 1136 1901 1184 et

317 1243 461 1296 saepe
510 1236 825 1282 transcenso
873 1242 1063 1282 eorum
1096 1226 1267 1280 limite
1308 1239 1530 1293 regnum
1576 1223 1902 1277 Francorum

318 1319 658 1386 vastandum,
691 1318 1038 1388 Tlioringiam
1085 1327 1140 1373 et
1182 1317 1421 1386 reliquos
1452 1329 1615 1383 pagos
1647 1313 1900 1383 ingrede-

321 1417 532 1473 rentur,
561 1408 892 1478 Dagobertus
922 1408 1098 1463 Mettis
1128 1408 1315 1463 urbem
1351 1407 1590 1468 veniens,
1622 1421 1741 1461 cum
1774 1420 1902 1460 con-

320 1500 442 1553 silio
474 1499 784 1568 pontificum
836 1515 930 1554 seu
960 1509 1015 1553 et
1062 1513 1343 1568 procerum
1364 1537 1380 1563 ,
1411 1497 1767 1565 omnibusque
1800 1498 1907 1564 pri-

318 1592 551 1647 matibus
582 1592 730 1662 regni
761 1592 842 1645 sui
865 1589 1346 1653 consentientibus,
1381 1588 1705 1657 Sigibertum
1739 1588 1906 1642 tilium

322 1699 478 1740 suum
507 1686 558 1740 in
584 1684 829 1739 Austeris
851 1698 1029 1754 regem
1059 1682 1386 1747 sublimavit,
1417 1680 1705 1749 sedemque
1732 1677 1908 1734 Mettis

2001 479 2257 547 gobertus
2288 479 2597 549 Tltoringia:
2624 482 2815 537 ducem
2846 480 3093 542 instituit.
3120 480 3359 537 oluribus
3382 479 3587 535 vicibus

2000 588 2121 627 cum
2173 574 2411 628 exercitu
2456 572 2799 629 Winidorum
2848 574 3138 636 dimicans,
3171 588 3372 644 eosque
3413 573 3585 629 victos

2002 664 2169 745 vertit.
2191 665 2241 717 in
2295 665 2492 734 fugam.
2530 665 2695 737 Hujus
2725 666 2962 721 victorize
3006 664 3258 735 superbia
3288 665 3459 721 elatus
3483 706 3498 729 ,
3529 672 3588 721 et

2000 764 2186 809 Cutlll'a
2216 755 2573 825 Adalgiselum
2602 757 2794 813 ducent
2826 757 3052 813 diversis
3074 757 3453 828 occasionibus
3478 759 3581 815 ini—

2004 846 2233 902 micitias
2277 848 2536 916 tendens,
2588 850 2841 917 paulatim
2877 860 3061 906 contra
3109 851 3435 922 Sigibertum
3479 856 3588 922 jam

2006 957 2127 1005 tunc
2156 953 2391 1013 coeperat
2416 943 2705 998 rebellare.
2740 943 2871 1014 Sed,
2899 952 2956 999 ut
2984 943 3182 998 dictum
3209 954 3322 1010 est,
3356 945 3436 1000 sic
3462 960 3591 1010 atteo

2008 1041 2095 1095 bat
2121 1056 2135 1094 :
2160 1040 2259 1106 Qui
2291 1038 2465 1109 diligit
2494 1038 2659 1105 rixas,
2694 1037 2980 1092 meditatur
3008 1036 3323 1095 discordias.

2077 1135 2177 1188 An.
2221 1147 2454 1186 ncxxxv.
2493 1160 2563 1171 -—
2605 1128 2887 1183 LXXVIII.
2925 1133 3081 1184 Anno
3118 1132 3183 1186 14
3211 1130 3363 1200 regni
3409 1129 3590 1204 Daga-

2007 1226 2143 1283 berti
2164 1269 2177 1289 .
2210 1242 2329 1283 cum
2362 1225 2650 1280 Wascones
2690 1223 2900 1279 fortiter
2928 1223 3270 1289 rebellarent,
3301 1233 3357 1281 et
3389 1226 3589 1281 multas

2010 1320 2217 1387 praedas
2258 1319 2310 1373 in
2342 1333 2506 1385 regno
2533 1317 2699 1389 649
2731 1317 3059 1373 Francoru
3079 1359 3094 1384 ,
3124 1319 3267 1388 quod
3293 1319 3587 1374 Cbaribero

2013 1420 2096 1463 tus
2123 1418 2389 1474 tenuerat,
2419 1408 2681 1476 facerent,
2704 1409 3037 1478 Dagobertus
3064 1409 3131 1462 de
3158 1409 3408 1464 universo
3429 1425 3595 1479 regno

2012 1502 2336 1572 Burgundia:
2364 1503 2659 1557 exercitum
2696 1515 3011 1569 promovere
3036 1500 3219 1570 jubet,
3249 1510 3488 1556 statuens
3516 1502 3596 1556 eis

2010 1604 2170 1663 caput
2211 1594 2481 1651 exercitus
2507 1635 2523 1659 ,
2556 1593 2775 1648 nomine
2822 1592 3237 1661 Chadoindum,
3284 1594 3597 1649 referenda-

2012 1685 2148 1739 rium
2184 1725 2204 1751 ,
2251 1685 2340 1753 qui
2391 1684 2722 1752 temporibus
2770 1683 3089 1739 Theoderici
3135 1685 3402 1754 quondam
3455 1685 3598 1757 regis

317 1778 590 1831 civitatem
629 1774 828 1832 habere
878 1773 1142 1844 permisit.
1187 1772 1576 1827 Cltunibertum
1612 1768 1638 1808 ἀ
1667 1769 1905 1825 Colonia:
1942 1774 1989 1833 B
2021 1776 2204 1830 multis
2235 1773 2437 1845 prmliis
2470 1774 2798 1843 probabatur
2824 1784 3075 1830 strenuus
3102 1792 3114 1838 ;
3139 1775 3228 1845 Qui
3256 1791 3378 1830 eum
3409 1775 3597 1831 decem

322 1869 475 1923 urbis
502 1866 829 1937 pontificem,
861 1874 915 1921 et
959 1863 1319 1933 Adalgiselum
1352 1863 1542 1918 ducem
1575 1860 1827 1930 palatium
1857 1869 1911 1916 et

326 1974 553 2030 regnum
588 1968 611 1995 ε
638 1956 1043 2026 gubernandum
1089 1956 1339 2009 instituit.
1385 1954 1721 2008 'l‘besaurum
1768 1952 1910 2023 quod

327 2048 601 2104 sufﬁceret
629 2048 735 2102 tilio
760 2046 1002 2111 tradens,
1026 2045 1321 2114 condigne,
1351 2053 1410 2098 ut
1437 2042 1636 2110 decuit,
1664 2057 1785 2098 eum
1816 2043 1912 2095 liu-

321 2139 407 2215 jus
434 2139 671 2194 culmine
702 2137 1031 2205 sublimavit,
1062 2147 1117 2192 et
1166 2137 1519 2204 quodcunque
1546 2134 1719 2189 eidem
1751 2133 1911 2203 largi-

330 2242 412 2286 tus
443 2231 642 2297 fuerat,
697 2229 1009 2301 singillatim
1056 2226 1505 2297 prrcceptionibus
1554 2225 1912 2285 roborandum

320 2324 581 2381 decrevit.
618 2324 881 2393 Deinceps
925 2322 1188 2377 Austrasii
1230 2336 1419 2376 eorum
1465 2319 1646 2375 studio
1689 2319 1912 2375 limitem

320 2430 375 2470 et
406 2432 627 2486 regnum
658 2416 822 2486 648
853 2400 1179 2471 Francorum
1207 2423 1392 2472 contra
1441 2412 1686 2467 Winidos
1716 2411 1916 2468 utiliter

322 2509 642 2582 defensasse
673 2517 982 2563 noscuntur.

394 2602 498 2656 An.
544 2616 802 2657 nexum.
837 2630 910 2641 ——
958 2598 1190 2654 LXXVI.
1225 2596 1467 2667 Cumque
1495 2614 1634 2653 anno
1665 2598 1732 2653 12
1774 2601 1917 2671 regis

323 2693 606 2763 Dagoberti
636 2694 808 2748 eidem
838 2693 999 2757 filius,
1024 2692 1241 2748 nomine
1269 2690 1630 2759 Chlodovens,
1662 2692 1731 2748 de
1757 2692 1911 2750 Nan-

320 2783 554 2839 tecbilde
602 2784 785 2852 regina
829 2792 989 2837 natus
1032 2782 1256 2847 fuisset,
1305 2781 1531 2837 consilio
1568 2782 1914 2840 Neustrasio-

321 2889 437 2927 runt
477 2873 519 2947 ί,
554 2888 847 2941 eorumque
879 2873 1268 2938 admonitione,
1298 2888 1400 2944 per
1441 2875 1704 2943 pactionis
1730 2875 1918 2932 vincu-

322 2967 431 3021 lum
462 2981 585 3022 cum
618 2966 881 3037 Sigiberto
915 2967 1023 3021 ﬁlio
1072 2981 1173 3021 suo
1204 2965 1452 3022 firmasse
1499 2966 1818 3022 dinoscitur.
1852 2969 1917 3022 Et

328 3060 724 3115 Austrasiorum
768 3075 959 3115 omnes
990 3061 1247 3129 primates
1289 3059 1600 3129 pontifices,
1626 3065 1918 3129 czeterique

2014 1868 2241 1924 ducibus
2255 1883 2377 1923 cum
2401 1866 2747 1934 exercitibus,
2775 1867 2827 1921 id
2854 1877 2956 1935 est,
2988 1867 3323 1923 Arimbertus
3348 1865 3395 1935 ιι,
3422 1870 3600 1923 Amal-

2014 1960 2195 2030 garius
2221 2000 2237 2025 ,
2270 1958 2634 2015 Leudebertus
2657 2003 2672 2027 ,
2720 1957 3136 2015 Wandalmarus
3162 2000 3175 2025 ,
3212 1958 3552 2016 Waldericus
3575 1996 3592 2028 ,

2018 2053 2306 2117 Ermenus,
2344 2051 2630 2117 Barontus,
2662 2050 3020 2105 Chairaardus
3049 2066 3112 2106 ex
3138 2065 3338 2120 genere
3361 2051 3600 2107 Franco-

2016 2158 2168 2210 rum,
2206 2143 2629 2199 Cbramnelenus
2654 2156 2723 2197 ex
2764 2156 2961 2211 genere
2999 2141 3274 2208 Romano,
3305 2143 3602 2200 Wilibadus

2016 2235 2272 2304 patricius
2303 2249 2370 2289 ex
2412 2249 2610 2304 genere
2639 2234 3078 2304 Burgundionum
3103 2237 3355 2306 ,'Aigyna
3408 2250 3475 2291 ex
3512 2249 3603 2306 ge-

2015 2343 2144 2384 nere
2172 2328 2466 2392 Saxonum,
2498 2328 2737 2395 exceptis
2769 2326 3050 2382 comitibus
3080 2327 3346 2397 plurimis,
3379 2329 3471 2398 qui
3502 2330 3602 2384 du~

2015 2436 2133 2477 cem
2180 2436 2342 2491 super
2386 2436 2447 2476 se
2497 2434 2602 2474 non
2649 2417 2917 2474 habebant
2962 2417 3003 2483 ί,
3060 2420 3112 2473 in
3143 2418 3430 2475 Wasconia
3476 2434 3598 2475 eum

2016 2514 2254 2569 exercitu
2296 2511 2664 2589 perrexissent
2692 2551 2708 2576 ,
2740 2520 2796 2565 et
2835 2518 2944 2565 tota
2994 2510 3293 2565 Wasconia:
3333 2511 3503 2579 patria
3532 2512 3601 2566 ab

2017 2606 2255 2661 exercitu
2302 2604 2624 2675 Burgundiae
2665 2603 2855 2659 fuisset
2898 2604 3103 2674 repleta
3128 2644 3144 2670 ,
3193 2603 3493 2661 Wascones
3537 2605 3604 2660 de

2019 2700 2157 2755 inter
2187 2699 2450 2753 montium
2480 2697 2708 2768 rupibus
2739 2698 2939 2769 egressi
2967 2699 3033 2753 ad
3060 2698 3258 2755 bellum
3293 2709 3602 2770 properant.

2017 2790 2259 2865 Cumque
2287 2789 2514 2858 praaliari
2545 2788 2857 2857 cepissent,
2886 2797 2944 2842 ut
2967 2803 3151 2843 eorum
3182 2804 3297 2844 mos
3326 2797 3430 2854 est,
3456 2798 3605 2861 terga

2020 2885 2308 2941 vertentes,
2337 2878 2463 2932 dum
2487 2885 2775 2932 cernerent
2795 2892 2854 2932 se
2876 2892 2997 2933 esse
3018 2879 3371 2947 superandos,
3402 2878 3456 2933 in
3486 2877 3607 2933 fau-

2022 2983 2117 3025 ces
2149 2968 2388 3034 vallium,
2423 2977 2478 3023 et
2505 2977 2715 3024 montes
2745 2968 3035 3039 Pyrenaeos
3076 2970 3333 3024 latebram
3378 2969 3604 3035 dantes,

2019 3077 2079 3117 se
2122 3062 2253 3117 locis
2303 3060 2585 3116 tutissimis
2629 3074 2727 3129 per
2771 3075 2933 3129 rupes
2980 3060 3292 3116 earumdem
3346 3063 3606 3116 montium

325 3152 506 3208 leudes
553 3152 836 3222 Sigiberli,
885 3166 1074 3205 manus
1118 3165 1301 3206 eorum
1348 3159 1609 3220 ponentes
1664 3150 1907 3220 insuper,
1940 3146 1987 3210 C
2026 3155 2356 3211 collocantes
2387 3154 2683 3207 latitarunt.
2714 3152 2998 3207 Exercitus
3028 3161 3150 3222 post
3178 3163 3382 3221 tergum
3420 3167 3605 3240 eorum

328 3243 684 3296 sacramentis
717 3244 1071 3296 firmaverunt
1096 3251 1155 3295 ut
1182 3240 1489 3310 Neptricum
1516 3252 1571 3295 et
1614 3241 1915 3312 Burgundia

326 3333 555 3389 solidato
586 3332 774 3388 ordine
802 3333 865 3386 ad
899 3348 1122 3403 regnum
1153 3331 1449 3387 Cblodovei
1479 3342 1599 3400 post
1632 3332 1914 3402 Dagoberti

330 3425 621 3481 discessum
654 3425 960 3496 aspicerent
987 3443 998 3476 :
1026 3425 1224 3489 Auster
1256 3439 1418 3492 vero,
1451 3423 1699 3481 idemque
1729 3425 1917 3480 ordine

331 3519 594 3583 solidato,
639 3533 704 3573 eo
732 3518 874 3587 quod
918 3528 972 3571 et
1000 3517 1070 3572 de
1110 3516 1307 3587 populo
1358 3524 1412 3571 et
1450 3514 1518 3570 de
1546 3517 1719 3584 spatio
1761 3528 1917 3570 terrm

339 3622 480 3664 esset
510 3624 816 3679 coaequans,
850 3609 916 3662 ad
946 3623 1165 3678 regnum
1198 3606 1448 3677 Sigiberti
1483 3607 1730 3677 idemque
1762 3611 1813 3661 in
1840 3608 1917 3661 in-

332 3703 581 3771 tegritate
612 3702 832 3757 deberet
859 3701 1143 3769 aspicere;
1176 3710 1233 3755 et
1277 3700 1533 3771 quidquid
1577 3701 1644 3755 ad
1693 3716 1916 3770 regnum

333 3794 733 3849 Austrasiormn
770 3792 879 3863 jam
914 3794 1041 3847 olim
1089 3792 1415 3862 pertinuerat
1440 3834 1455 3859 ,
1490 3795 1590 3847 boc
1622 3793 1921 3863 Sigibertus

334 3903 425 3939 rex
457 3900 567 3939 sum
599 3886 783 3939 ditioni
811 3885 1102 3954 gerendum
1141 3884 1427 3952 reciperet,
1459 3892 1512 3937 et
1542 3894 1799 3952 perpetuo
1825 3885 1920 3938 th-

333 3976 641 4030 tninandum
667 3976 909 4039 haberet,
940 3984 1161 4043 excepto
1185 3973 1377 4027 ducatu
1407 3973 1670 4027 Dentelini
1696 3983 1747 4039 Β,
1778 3972 1920 4043 quod

336 4066 412 4139 [id
441 4077 512 4122 est
538 4108 555 4134 ,
585 4066 696 4138 qui]
727 4065 796 4121 ab
822 4065 1115 4121 Austrasiis
1162 4064 1416 4135 iniquiter
1440 4064 1674 4118 abtultus
1705 4063 1877 4118 fuerat
1901 4105 1917 4130 ,

336 4162 527 4215 iterum
573 4161 637 4214 ad
686 4159 1023 4214 Neustrasios
1067 4158 1504 4228 subjungeretur,
1535 4167 1590 4212 et
1628 4155 1921 4213 Clilodovei

337 4254 581 4323 regimini
625 4253 1001 4322 subjiceretur.
1056 4252 1164 4308 Sed
1207 4253 1304 4306 bas
1336 4251 1607 4320 paetiones
1659 4251 1923 4306 Austrasii

337 4353 546 4398 terrore
573 4342 858 4413 Dagoberti
885 4343 1059 4398 coacti
1095 4342 1297 4398 vellent
1327 4341 1535 4398 nollent
1557 4343 1797 4397 firmasse
1824 4343 1923 4398 visi

338 4446 484 4488 sunt.
516 4434 667 4501 Quod
699 4444 883 4503 postea
936 4433 1269 4502 temporibus
1309 4432 1559 4503 Sigibcrti
1592 4442 1647 4488 et
1688 4431 1923 4489 Chlodo-

340 4526 420 4579 vci
455 4540 635 4594 regum
666 4536 1040 4580 conservatum
1073 4524 1238 4579 fuisse
1270 4533 1501 4578 constat.

414 4653 438 4679 α
482 4643 631 4696 llnne
658 4656 860 4695 morem
891 4641 1139 4693 omnibus
1165 4640 1374 4708 populis
1399 4638 1921 4701 Septentrionalibus

340 4714 658 4767 familiarem
676 4712 839 4766 fuisse
858 4711 1105 4765 observat
1121 4711 1351 4779 Cangius
1377 4708 1428 4762 in
1446 4708 1736 4775 Glossario,
1759 4712 1929 4779 quem

341 4785 576 4838 consule.

414 4856 439 4892 δ
482 4855 574 4908 Sic
604 4852 903 4913 Aimoinns,
932 4852 1020 4905 lib.
1051 4867 1103 4904 tv
1130 4866 1247 4917 cap.
1280 4849 1380 4915 96,
1417 4849 1588 4905 dictas
1633 4850 1793 4904 fuisse
1821 4849 1918 4902 ad-

342 4928 522 4985 vertit,
556 4923 694 4992 quod
722 4923 876 4975 annis
907 4924 1129 4987 singul’s
1161 4922 1507 4975 inferrentur.

416 5008 438 5034 ε
480 4989 723 5049 Cointius
770 4992 1045 5059 lugendum
1092 4993 1173 5043 hic
1215 5006 1332 5045 esse
1380 5000 1562 5045 censet
1600 5007 1686 5042 an.
1735 4989 1821 5053 1'2,
1865 4996 1918 5041 et

348 5081 472 5128 cap.
511 5079 623 5132 seq.
667 5080 753 5115 an.
794 5058 893 5128 l3,
923 5062 1016 5115 sed
1066 5062 1195 5114 nihil
1230 5063 1428 5129 absque
1455 5061 1652 5115 codicis
1693 5058 1931 5126 alicujus.

351 5136 669 5189 ancteritate
700 5135 981 5186 immutare
1005 5132 1168 5183 licuit.

420 5206 446 5244 ά
491 5206 643 5259 Colb.
676 5216 728 5257 et
752 5203 874 5267 alii,
906 5201 1266 5261 Humberlum,
1297 5200 1436 5269 quod
1466 5200 1682 5267 perinde
1708 5207 1808 5251 est.

418 5286 443 5315 '
483 5276 571 5329 Sic
600 5275 875 5337 legendum
907 5286 1029 5325 esse
1067 5281 1249 5324 monet
1281 5270 1517 5324 Valesius
1547 5287 1611 5323 ex
1645 5269 1761 5323 cod.
1799 5269 1917 5322 Cla-

347 5362 507 5407 rom.,
540 5348 624 5398 cui
655 5344 915 5399 Chronica
947 5344 1214 5396 Besuense
1241 5351 1294 5394 et
1323 5341 1491 5395 sancti
1522 5340 1739 5409 Bcnigni
1763 5383 1776 5404 ,
1812 5343 1919 5393 An-

346 5418 494 5470 nales
526 5416 813 5470 Mettenses
838 5430 958 5467 cum
1008 5415 1065 5467 B.
1100 5411 1302 5481 Pippini
1332 5411 1450 5464 Vita
1497 5423 1549 5463 et
1578 5411 1759 5463 caeteri
1791 5426 1919 5464 cun-

347 5489 606 5547 sentiunt,
638 5502 757 5540 cum
790 5486 978 5538 iiolter.
1011 5493 1062 5538 et
1094 5482 1251 5537 Frelt.
1284 5483 1370 5552 qui
1404 5482 1560 5535 habet
1589 5483 1789 5543 ducent,
1823 5498 1915 5549 pa—

351 5558 554 5622 latium,
586 5565 721 5620 etc.;
767 5558 906 5608 sicut
951 5564 1005 5608 et
1048 5555 1150 5617 lll.,
1197 5554 1321 5608 licet
1371 5553 1563 5606 habeat
1603 5553 1800 5621 palatii.
1850 5554 1917 5604 At

347 5626 552 5681 Cliesn.
592 5637 647 5679 et
683 5626 776 5679 alii
824 5626 920 5678 Ed.
952 5639 1071 5678 cum
1119 5626 1269 5679 Colb.
1298 5641 1309 5677 :
1338 5622 1690 5689 Adalgiselum
1736 5625 1916 5674 ducem

351 5698 532 5766 palatii
551 5699 620 5751 ad
646 5695 1295 5767 regnumggubernandum,
1332 5704 1435 5749 etc.
1469 5693 1620 5767 Unde
1649 5693 1816 5767 aliqui
1837 5695 1914 5767 in:

354 5762 524 5823 tulere
570 5762 758 5823 novant
804 5781 832 5820 a
864 5762 1161 5834 Dagoberto
1202 5768 1513 5834 dignitatern
1556 5764 1705 5819 ducis
1736 5762 1912 5833 palatii

2018 3262 2141 3300 cum
2171 3246 2401 3301 ducibus
2432 3246 2742 3314 insequens,
2776 3245 3005 3314 plurimo
3028 3261 3252 3301 numero
3276 3247 3606 3316 captivorum

2018 3337 2311 3392 Wascones
2358 3346 2667 3405 superatos,
2707 3350 2801 3390 seu
2847 3344 2902 3390 et
2941 3351 3013 3390 ex
3066 3336 3149 3390 bis
3192 3351 3381 3406 magna
3425 3337 3608 3393 multi¢

2020 3429 2201 3483 tudine
2232 3427 2572 3491 interfectos,
2616 3440 2805 3481 omnes
2853 3425 3044 3481 domus
3085 3442 3269 3482 eorum
3317 3428 3565 3483 incensas
3590 3473 3607 3498 ,

2018 3506 2241 3591 peculiis
2288 3519 2428 3593 [AI.,
2470 3516 2741 3589 pecuniis]
2791 3527 2845 3572 et
2896 3522 3057 3574 rebus
3097 3518 3419 3587 exspoliunt.
3462 3518 3608 3574 Tau-

2019 3614 2141 3669 dem
2187 3611 2482 3667 Wascones
2528 3610 2769 3678 Oppressi
2816 3624 2909 3664 seu
2959 3609 3242 3678 perdomiti
3296 3612 3505 3666 veniam
3554 3623 3609 3668 et

2020 3718 2209 3773 pacem
2238 3717 2267 3753 a
2317 3700 2694 3770 superscriptis
2734 3700 2959 3754 ducibus
2988 3710 3251 3770 petentes,
3288 3702 3606 3770 promittunt

2021 3809 2080 3848 se
2111 3792 2293 3862 gloriae
2321 3799 2378 3844 et
2415 3791 2727 3857 conspectui
2760 3788 3043 3859 Dagoberti
3076 3792 3219 3861 regis
3257 3800 3611 3860 prmsentatu-

2023 3899 2133 3951 rus,
2164 3893 2216 3937 et
2245 3896 2358 3936 sua:
2386 3880 2574 3934 ditioni
2614 3881 2866 3946 traditos,
2899 3891 3086 3934 cuncta
3115 3881 3183 3935 ab
3210 3883 3398 3935 eodem
3430 3883 3608 3951 injun-

2022 3985 2109 4032 cta
2152 3974 2489 4039 impleturus.
2536 3972 2786 4026 Feliciter
2831 3970 2920 4026 hic
2955 3972 3225 4027 exercitus
3253 3972 3458 4043 absque
3503 3973 3607 4029 ulla

2026 4064 2245 4119 laesione
2277 4061 2340 4114 ad
2375 4061 2601 4131 patriam
2637 4059 2838 4114 fuerint
2868 4060 3135 4128 repedati,
3167 4062 3211 4114 si
3259 4063 3609 4117 Arembertus

2026 4153 2133 4208 dux
2156 4153 2388 4206 maxime
2414 4165 2533 4204 cum
2562 4148 2865 4205 senioribus
2888 4156 2942 4205 et
2963 4148 3311 4205 nobilioribus
3342 4144 3635 4207 exercitus

2026 4246 2110 4303 sui
2143 4261 2236 4313 per
2266 4241 2643 4313 negligentiam
2674 4256 2703 4294 a
2733 4238 3089 4296 Wasconibus
3112 4242 3164 4294 in
3202 4242 3335 4298 valle
3359 4241 3555 4298 Subola
3582 4244 3600 4294 i

2029 4352 2135 4393 non
2168 4336 2359 4391 fuisset
2384 4334 2720 4389 interfectus.
2758 4332 3043 4387 Exercitus
3070 4348 3197 4388 vero
3236 4334 3567 4390 Francorum
3591 4375 3609 4403 ,

2028 4430 2116 4501 qui
2147 4428 2215 4485 de
2246 4427 2548 4497 Burgundia
2578 4427 2629 4481 in
2654 4425 2940 4481 Wasconia
2971 4426 3136 4499 650
3163 4438 3486 4499 accesserat,
3522 4445 3613 4498 pa-

1950 4519 2003 4579 D
2032 4532 2171 4578 trata
2206 4520 2341 4594 [Αι.,
2375 4517 2544 4590 parta]
2592 4519 2816 4575 victoria
2846 4518 2987 4574 redit
3029 4520 3096 4573 ad
3141 4522 3379 4591 proprias
3424 4523 3606 4578 sedes.

2033 4645 2157 4689 tunc
2183 4633 2348 4705 fuisse
2377 4633 2515 4705 apud
2562 4630 2796 4705 Francos
2829 4631 3152 4687 institutam.
3202 4632 3363 4700 Bob.,
3389 4631 3603 4705 Adalgi-

2030 4720 2176 4768 sum;
2203 4703 2322 4769 alii,
2355 4703 2710 4773 Adugysilum.

2103 4774 2123 4814 ἲ
2169 4776 2385 4843 Aliquot
2417 4772 2535 4838 Ed.,
2564 4774 2961 4834 Austrasiorum.
2989 4772 3127 4841 quod
3150 4772 3285 4843 forte
3306 4785 3492 4843 eorum
3520 4788 3610 4827 au-

2027 4854 2206 4901 ctores
2230 4842 2457 4899 incodd.
2489 4844 2769 4899 inciderint
2793 4845 2884 4914 qui
2909 4844 3105 4898 habent
3137 4842 3408 4907 Neauster,
3442 4842 3610 4897 Νεαπ-

2025 4918 2220 4969 strasii.

2098 4997 2123 5032 ε
2165 4984 2323 5047 Bob,
2352 4984 2534 5037 durato
2566 4984 2860 5045 Dentileno,
2892 4983 2984 5046 al.,
3023 4983 3309 5036 Danzileni.

2096 5054 2123 5091 ιι
2155 5056 2298 5109 Clar.
2329 5055 2448 5107 cod.
2486 5055 2768 5109 lectionem
2801 5056 2966 5106 secuti
2998 5053 3213 5106 luimus.
3245 5053 3348 5107 Alii
3385 5070 3397 5106 :
3430 5052 3613 5107 Alma-

2021 5128 2218 5196 garius‘,
2251 5122 2603 5196 Hariberlus“
2643 5124 2987 5196 Ermenrirus,
3021 5121 3297 5196 paramus,
3334 5124 3610 5196 ᾼῖξᾳιάιιε,

2022 5193 2115 5252 Seu
2149 5194 2490 5247 Hariardus..
2527 5193 2832 5247 Ramelenus
2853 5235 2866 5258 ,
2898 5209 2991 5248 seu
3026 5193 3303 5247 Ilanlenus.
3348 5193 3612 5250 Willibal-

2023 5271 2139 5331 dus,
2171 5266 2405 5337 Aghyno,
2436 5279 2529 5317 seu
2562 5265 2746 5337 Agino.

2102 5348 2116 5375 ι
2157 5332 2300 5390 “liin
2321 5345 2501 5401 postea
2538 5335 2761 5389 totidem
2784 5349 2847 5388 ex
2872 5332 3132 5403 ejusmodi
3160 5333 3444 5390 comitibus
3470 5334 3614 5394 inter

2025 5410 2185 5463 Pares
2230 5407 2464 5460 Francim
2496 5406 2667 5459 allecti
2702 5415 2846 5466 sunt,
2876 5413 3006 5471 quot
3033 5406 3216 5457 duces.

2099 5480 2113 5529 i
2158 5477 2318 5531 Vallis
2350 5478 2534 5529 snbola
2561 5490 2728 5543 pagus
2753 5484 2834 5528 cst
2863 5476 2928 5526 ad
2956 5475 3191 5546 Pyrenaei
3224 5474 3434 5531 radices
3454 5475 3613 5546 situs,

2023 5549 2271 5605 dimcesis
2300 5549 2429 5599 olim
2462 5546 2728 5615 Aqueusis
2757 5544 3023 5615 (d'Acqs),
3056 5559 3196 5598 nunc
3243 5561 3371 5601 vero
3426 5544 3615 5603 Elero4

2023 5621 2208 5674 nensis
2257 5615 2783 5688 (d‘Oléron)._Cnput_
2822 5615 2977 5688 habet
2999 5615 3252 5688 Oppidum
3295 5617 3613 5673 Malleonem

2022 5685 2743 5760 (.tlauléon).Sasonejluvio
2774 5685 3070 5760 irrigatum:
3106 5686 3270 5760 lledie
3293 5691 3591 5744 contractiu

2022 5756 2213 5816 dicitur
2240 5756 2387 5826 sala,
2420 5772 2515 5812 scu
2547 5757 2728 5822 Seula,
2757 5758 2911 5825 vulgo
2942 5758 2993 5810 la
3031 5756 3208 5812 Sunia.
