4132 6348
562 319 669 375 635

1730 313 2152 371 FREDEGARH
2194 311 2633 369 SCIIOLASTICI

3703 317 3812 373 σω

556 432 889 505 Dagobertus
918 430 986 486 ad
1016 429 1287 501 Clippiaco
1316 426 1567 484 residens
1614 426 1779 482 mittit
1824 430 2037 483 nuntios
2076 443 2128 482 m
2160 431 2201 486 Α
2233 435 2474 481 eventus.
2506 426 2771 482 r’ermissu
2802 424 3082 497 Dagoberti
3114 426 3404 484 Waseones
3424 429 3654 500 regressi
3683 438 3810 487 sunt

560 524 909 588 Britanniam,
941 521 1082 591 quod
1119 521 1382 575 Brittones
1418 517 1557 572 male
1588 516 1913 572 admiserant
1935 518 2129 573 veloci-

562 624 648 669 ter
676 614 1043 676 emendarent,
1074 623 1129 667 et
1176 611 1363 665 ditioni
1405 624 1515 666 suae
1556 623 1616 664 se
1654 610 1963 675 traderent;
1992 610 2128 664 alio-

556 706 681 777 quin
707 705 973 759 exercitus
992 702 1308 771 Burgundia:
1327 742 1343 769 ,
1369 703 1456 771 qui
1488 702 1540 755 in
1570 701 1906 758 Wasconiam
1935 702 2125 769 fuerat,

564 794 632 849 de
664 793 909 863 praesenti
930 792 993 859 in
1029 791 1329 846 Britannias
1382 791 1693 845 debuissent
1722 792 1946 845 irruere.
1977 790 2131 858 Quod

563 887 787 940 audiens
814 884 1089 941 Judacaile
1123 892 1172 949 ⁸,
1211 900 1302 939 rex
1338 885 1708 939 britaunorum
1730 927 1743 949 ,
1771 900 1928 938 cursu
1962 886 2130 940 veloci

564 977 894 1044 Clippiacum
932 989 1054 1029 cum
1101 976 1277 1029 multis
1310 976 1618 1029 muneribus
1659 975 1727 1030 ad
1769 975 2127 1045 Dagobertum

567 1070 826 1140 perrexit,
860 1069 1037 1139 ibique
1066 1069 1271 1122 veniam
1301 1077 1508 1139 petens,
1542 1084 1661 1123 eum
1690 1079 1880 1123 cuncta
1902 1084 2021 1137 quae
2048 1070 2127 1122 sui

561 1166 709 1236 regni
769 1164 1053 1220 Britanniae
1106 1162 1441 1233 pertinentes
1499 1163 1740 1217 leudibus
1805 1161 2131 1216 Francorum

554 1258 752 1311 illicite
802 1263 1276 1323 perpetraverant,
1307 1252 1697 1307 emendandum
1741 1252 2009 1321 spondidit
2035 1268 2051 1318 ;
2079 1262 2134 1306 et

558 1362 782 1416 semper
808 1360 889 1411 se,
913 1354 966 1399 et
991 1360 1209 1414 regnum
1243 1344 1381 1409 quod
1421 1344 1634 1411 regebat
1666 1344 1975 1405 Britanniae,
2007 1343 2131 1398 sub-

562 1440 761 1508 jectum
789 1436 973 1491 ditioni
1007 1436 1289 1505 Dagoberti
1319 1444 1374 1491 et
1404 1434 1727 1489 Francorum
1759 1435 1972 1505 regibus
2009 1449 2129 1490 esse

552 1532 819 1601 promisit.
850 1528 954 1583 Sed
986 1538 1159 1582 tamen
1190 1541 1308 1582 cum
1352 1527 1649 1597 Dagoberto
1674 1526 1739 1581 ad
1770 1542 2009 1581 mensam
2042 1526 2128 1582 vel

559 1622 625 1675 ad
653 1621 930 1689 prandium
960 1618 1297 1673 discumbere
1321 1617 1514 1681 noluit,
1548 1632 1614 1671 eo
1642 1616 1780 1686 quod
1811 1626 1952 1671 esset
1976 1615 2134 1671 Juda-

557 1714 691 1768 caile
716 1712 1000 1782 religiosus
1038 1720 1093 1765 et
1135 1709 1325 1763 timens
1362 1708 1527 1763 Deum
1558 1708 1730 1763 Valde.
1759 1707 1998 1779 Cumque
2026 1708 2131 1762 Da-

2233 518 2284 571 in
2317 528 2511 571 terram
2541 516 2862 571 Wasconiae.

2284 609 2384 663 An.
2402 623 2669 664 ncxxxvn.
2690 608 3153 665 LXXIX—Anno
3168 611 3186 663 Ι
3200 610 3231 661 6
3244 611 3391 681 regni
3405 612 3485 665 sui
3502 619 3526 649 ⁸
3540 612 3699 685 651
3716 616 3788 669 Da

2232 698 2479 766 gobertus
2518 698 2780 767 proﬂuvio
2821 698 3022 755 ventris
3065 700 3119 754 in
3161 700 3451 769 Spinogelo
3490 702 3617 757 villa
3647 718 3807 774 super

2231 788 2422 857 Sigona
2451 789 2631 852 ﬂuvio,
2666 803 2764 842 nec
2794 790 2979 858 procul
3013 805 3040 842 a
3068 790 3303 844 Parisios
3324 802 3584 860 aegrotare
3606 796 3765 861 cmpit
3789 810 3805 848 :

2232 877 2428 931 exinde
2454 876 2522 930 ad
2548 877 2824 932 basilicam
2852 878 3024 933 sancti
3058 878 3295 951 Dionysii
3336 896 3365 933 a
3390 882 3505 935 suis
3549 882 3802 938 defertur.

2235 968 2359 1021 Post
2388 982 2583 1036 paucos
2620 967 2737 1023 dies
2763 983 2883 1023 cum
2914 970 3035 1024 vita
3062 983 3173 1025 sua:
3201 971 3428 1026 sentiret
3478 975 3763 1039 perieulum
3788 1019 3803 1038 ,

2218 1058 2492 1131 .Eganem
2522 1059 2621 1114 sub
2643 1060 2921 1115 celeritate
2945 1060 3011 1115 ad
3040 1076 3101 1117 se
3128 1064 3311 1117 venire
3342 1064 3627 1132 praecepit,
3659 1069 3805 1136 regi-

2234 1164 2353 1203 nam
2383 1148 2786 1204 Nantecbildem
2809 1191 2825 1216 ,
2855 1159 2909 1205 et
2936 1150 3099 1207 lilium
3126 1166 3278 1206 suum
3324 1151 3684 1209 Chlodoreum
3729 1159 3805 1211 ei-

2232 1242 2353 1297 dem
2401 1242 2455 1295 in
2500 1256 2661 1295 manu
2707 1242 3141 1297 commendans:
3184 1258 3242 1297 se
3287 1244 3398 1312 jam
3446 1245 3803 1300 discessunim

2233 1332 2491 1398 sentiens,
2510 1332 2795 1385 consilium
2826 1330 3050 1401 Egana:
3078 1342 3381 1401 pergratum
3413 1333 3639 1400 habens,
3667 1336 3805 1403 quod

2232 1439 2353 1479 cum
2381 1424 2500 1492 ejus
2530 1421 2776 1478 instantia
2806 1437 3026 1492 regnum
3050 1434 3270 1477 strenue
3293 1425 3590 1494 gubernare
3617 1427 3806 1495 possit.

2235 1514 2326 1569 His
2351 1514 2540 1583 gestis,
2570 1520 2689 1581 post
2718 1526 2918 1581 paucos
2945 1512 3060 1567 dies
3091 1513 3421 1583 Dagobertus
3448 1515 3627 1569 emisit
3646 1516 3805 1583 spiri-

2234 1615 2377 1671 tum,
2424 1604 2771 1673 sepultusque
2815 1612 2901 1659 est
2944 1603 2997 1658 in
3043 1604 3274 1659 ecclesia
3324 1606 3492 1660 sancti
3543 1605 3805 1675 Dionysii,

2232 1710 2388 1765 quam
2421 1697 2535 1764 ipse
2561 1694 2705 1764 prius
2720 1694 2981 1762 condigne
3001 1708 3064 1748 ex
3089 1710 3219 1747 auro
3242 1703 3295 1748 et
3312 1696 3559 1765 gemmis,
3586 1706 3642 1748 et
3668 1696 3820 1749 mule.

554 1808 810 1875 gobenus
839 1804 1125 1860 resedisse;
1143 1802 1207 1857 ad
1231 1802 1531 1873 prandium,
1556 1800 1827 1857 Judacaile
1846 1800 2126 1870 egrediens
2156 1792 2202 1854 Β
2230 1788 2295 1841 tis
2323 1784 2725 1857 pretiosissimis
2753 1785 3035 1853 speciebus
3056 1795 3363 1850 ornaverat,
3390 1798 3443 1838 et
3467 1786 3730 1857 condigne
3754 1786 3809 1840 in

556 1897 625 1952 de
673 1895 866 1967 palatio
909 1894 975 1949 ad
1025 1892 1352 1948 mansionem
1394 1891 1626 1945 Dadonis
1657 1889 1683 1928 δ
1731 1890 2076 1945 referendarii
2107 1933 2123 1959 ,

558 2004 712 2057 quem
768 1994 1095 2057 cognoverat
1136 1993 1374 2039 sanctam
1426 1982 1739 2051 religionem
1791 1990 2085 2037 sectantem
2116 2022 2131 2046 ,

557 2079 781 2134 accessit
817 2078 880 2132 ad
912 2076 1212 2147 prandium,
1261 2073 1485 2143 indeque
1516 2073 1569 2127 in
1602 2073 1832 2127 crastino
1860 2072 2132 2127 Judacaile

558 2186 651 2225 rex
684 2168 1053 2224 Britannorum
1080 2167 1377 2237 Dagoberto
1404 2165 1706 2219 valedicens
1731 2164 1782 2217 in
1810 2163 2133 2218 Britanniam

550 2259 853 2329 repedavit.
894 2257 1168 2327 Condigne
1194 2252 1388 2310 tamen
1426 2269 1455 2308 a
1489 2254 1785 2324 Dagoberto
1828 2254 2135 2310 muneribus

556 2349 873 2403 honoratur.

630 2440 733 2495 An.
766 2449 1019 2492 ncxxm.
1042 2463 1112 2476 —
1135 2434 1289 2488 Anno
1343 2432 1406 2488 15
1446 2433 1593 2502 regni
1637 2434 1941 2505 Dagoberti,
1977 2435 2135 2490 Was-

556 2544 720 2585 eones
748 2542 937 2584 omnes
979 2524 1220 2582 seniores
1250 2533 1408 2579 terra:
1462 2526 1604 2579 illius
1648 2540 1769 2580 cum
1819 2527 2080 2595 Aiginane
2110 2538 2133 2567 ο

556 2620 695 2676 duce
715 2620 782 2674 ad
813 2618 1173 2689 Dagobertum
1205 2616 1538 2686 Clippiacutn
1566 2627 1841 2679 venerunt,
1876 2618 2053 2688 ibique
2080 2620 2135 2674 iu

557 2710 783 2769 ecclesia
834 2708 1021 2765 domni
1052 2707 1289 2771 Dionysii
1320 2707 1465 2777 regio
1493 2706 1681 2763 timore
1708 2708 1972 2777 perterriti
2002 2724 2135 2764 con-

556 2802 757 2874 fugium
788 2802 1053 2859 fecerunt.
1101 2796 1394 2855 Clementia
1427 2799 1712 2868 Dagoberti
1744 2799 1903 2854 vitam
1936 2800 2136 2856 habent

556 2899 813 2955 indultam
843 2912 859 2951 :
890 2894 1073 2965 ibique
1100 2894 1447 2949 sacramentis
1496 2891 1790 2947 Wascones
1839 2892 2131 2957 firmantes.

557 2988 718 3046 simul
741 2996 796 3044 et
827 2987 1199 3057 promittentes
1226 3000 1286 3040 se
1312 2984 1454 3039 omni
1488 2992 1730 3051 tempore
1762 2982 2060 3052 Dagoberto
2079 2994 2135 3040 et

558 3080 678 3136 (iliis
706 3079 848 3141 suis.
896 3091 1166 3147 regnoque
1210 3075 1534 3130 Francorum
1581 3072 1765 3128 fideles
1806 3072 1942 3138 fore,
1992 3075 2134 3144 quod

2236 1876 2457 1931 circuitu
2491 1874 2744 1930 fabricari
2769 1882 3114 1943 praeceperat,
3138 1876 3487 1943 patrocinium
3507 1876 3669 1944 ipsius
3692 1893 3813 1944 pre-

2238 1967 2432 2021 tiosum
2460 1975 2737 2035 expetens.
2773 1967 2955 2018 Tantm
2984 1980 3116 2034 opes
3143 1966 3213 2019 ab
3239 1965 3447 2030 eodem,
3476 1976 3528 2020 et
3574 1966 3711 2021 villae
3756 1976 3814 2021 et

2237 2060 2609 2130 possessiones
2634 2058 2816 2112 multa:
2839 2071 2936 2127 per
2955 2058 3175 2127 plurima
3202 2058 3318 2111 loca
3341 2058 3411 2111 ibi
3434 2064 3559 2111 sunt
3576 2059 3808 2123 collatae,

2238 2163 2293 2209 ut
2323 2154 2606 2208 miraretur
2633 2167 2663 2207 a
2710 2153 2976 2223 plurimis.
3012 2152 3351 2208 Psallentium
3394 2151 3589 2207 ibidem
3632 2154 3697 2207 ad
3731 2154 3815 2208 in.

2236 2252 2351 2299 star
2396 2245 2703 2299 monasterii
2749 2252 3051 2299 sanctorum
3099 2242 3496 2312 Agaunensium
3530 2243 3815 2299 instituere

2234 2339 2501 2409 jusserat;
2534 2338 2627 2393 sed
2656 2337 2881 2393 facilitas
2910 2338 3120 2392 abbatis
3152 2337 3339 2407 Aigulii
3376 2338 3619 2393 eamdem
3664 2340 3815 2395 insti-

2237 2430 2491 2483 tutionem
2536 2428 2775 2484 noscitur
2800 2430 3099 2499 refragasse
3123 2427 3174 2482 ί.
3203 2429 3328 2485 Post
3368 2432 3656 2502 Dagoberti
3703 2431 3816 2487 diss

2236 2535 2445 2575 cessum
2474 2520 2613 2574 ﬁlius
2638 2534 2765 2574 suus
2783 2518 3122 2574 Chlodoveus
3150 2520 3249 2574 suh
3292 2529 3474 2576 tenera
3521 2530 3680 2577 actate
3722 2538 3812 2578 re-

2237 2626 2398 2681 gnum
2430 2612 2593 2681 patris
2616 2612 2823 2665 ascivit.
2857 2610 3167 2679 Omnesque
3210 2611 3391 2666 leudes
3418 2612 3486 2666 de
3518 2612 3743 2669 Nenster
3760 2624 3814 2669 et

2239 2701 2541 2771 Burgundia
2565 2715 2686 2756 eum
2712 2701 3007 2756 Massolaco
3036 2702 3159 2755 villa
3185 2701 3472 2757 sublimant
3494 2704 3543 2758 in
3568 2720 3811 2774 regnum.

2236 2794 2372 2864 λεια
2397 2810 2523 2849 vero
2545 2808 2662 2849 cum
2688 2795 2868 2864 regina
2897 2794 3265 2860 Nantechilde,
3296 2811 3454 2865 quam
3486 2796 3814 2867 Dagobertus

2234 2885 2393 2958 652
2416 2886 2719 2955 reliquerat,
2742 2886 2959 2955 regebat
2975 2887 3248 2954 palatium.

2305 2983 2405 3033 An.
2446 2994 2729 3034 ncxxxvtu.
2779 2988 2826 3031 et
2870 2994 3057 3032 xxxix.
3090 3008 3162 3019 —
3190 2978 3405 3033 LXXX.
3444 2979 3592 3034 Anno
3632 2978 3814 3047 primo

2236 3072 2383 3141 regni
2400 3069 2715 3134 Chlodovei,
2737 3069 2994 3133 secundo,
3007 3079 3059 3124 et
3078 3069 3388 3124 imminente
3404 3072 3557 3124 tertio
3570 3069 3815 3137 ejusdem

558 3182 708 3225 more
737 3166 914 3233 solito,
938 3166 1080 3221 sicut
1107 3179 1250 3235 saepe
1280 3162 1517 3219 fecerant
1547 3160 1598 3229 ἀ,
1623 3161 1845 3232 posthac
1892 3163 2133 3232 probavit
2156 3162 2202 3224 C
2235 3165 2382 3236 regni
2400 3178 2540 3218 anno
2566 3172 2614 3229 ε,
2644 3162 2907 3230 condigne
2936 3162 3188 3232 palatium
3218 3164 3548 3232 gubernatet
3570 3177 3815 3233 regnum.

629 3312 657 3339 αι
682 3300 837 3360 Bob..
860 3299 1167 3353 Judacaule.
1200 3297 1367 3366 Vulgo
1393 3296 1588 3351 dicitur
1612 3296 1971 3366 Judicael,qui
2004 3310 2139 3368 post.

558 3387 618 3429 ea
648 3371 868 3425 dimisso
937 3384 1105 3438 regno
1144 3378 1355 3438 vestem
1403 3369 2033 3438 monasticamsuseepit
2084 3372 2135 3425 in

558 3440 887 3495 monasterio
917 3436 1084 3491 sancti
1130 3437 1391 3491 Johannis
1420 3437 1486 3491 de
1531 3438 1718 3500 Caelo,
1767 3436 1927 3490 hodie
1967 3436 2136 3494 sancti

560 3509 846 3573 Mevennii,
880 3510 933 3562 in
963 3508 1181 3561 ὀίωοεεί
1213 3507 1518 3568 Alethensi,
1550 3522 1642 3559 seu
1674 3509 1841 3559 sancti
1870 3508 2136 3563 Muclovii.

560 3581 887 3635 Memoratur
917 3580 967 3631 in
999 3576 1374 3648 Martyrologio
1419 3576 1760 3631 Benedictino
1789 3575 1874 3631 die
1924 3579 1985 3631 17
2018 3578 2135 3634 Kal.

560 3648 821 3708 Januarii.

628 3721 654 3758 ιι
687 3720 734 3774 ls
763 3728 847 3775 est
873 3727 1090 3774 sanctus
1122 3716 1434 3785 Audoenus,
1482 3725 1665 3782 postea
1692 3717 2140 3788 Rothomagensis

565 3792 871 3860 episcopus,
907 3790 999 3860 vel
1016 3806 1112 3844 suo
1142 3788 1636 3860 nominecelebris,
1667 3789 1735 3844 de
1764 3803 1870 3857 quo
1901 3788 2063 3846 infra.

635 3872 656 3899 ε
692 3860 792 3914 Ed.
824 3875 943 3915 cum
972 3859 1145 3923 Colb.;
1178 3858 1444 3923 Aiuando;
1468 3858 1561 3922 al,
1593 3859 1842 3914 Amando.

621 3930 653 4012 si
682 3930 858 4012 Chias;
873 3929 1018 3984 addit
1047 3928 1371 4012 fefellerunt,
1403 3937 1457 3982 ut
1489 3930 1733 4012 probavit:

630 4010 654 4039 ⁸
683 4001 742 4054 1η
786 4001 891 4056 illis
937 3999 1089 4055 annis
1117 3999 1385 4055 sexdecim
1417 3999 1759 4068 computandi
1792 4009 1911 4053 sunt
1944 4002 1978 4054 ii
2005 4015 2140 4069 quos

560 4070 714 4128 simul
765 4084 888 4124 cum
945 4080 1093 4138 patre
1150 4072 1413 4138 regnavit.
1470 4079 1628 4138 atque
1684 4071 1755 4123 ita
1814 4070 2140 4138 Dagobertus

559 4142 755 4198 abiisse
778 4137 1036 4195 dicendus
1062 4149 1143 4195 est
1169 4154 1311 4192 anno
1339 4137 1464 4201 638,
1495 4137 1584 4193 die
1610 4156 1675 4193 xv
1701 4138 1821 4193 Kal.
1859 4137 2015 4193 Febr.
2049 4142 2136 4207 qui

560 4227 727 4266 annus
757 4208 855 4261 657
880 4209 985 4263 dici
1020 4218 1209 4271 potest,
1239 4207 1285 4261 si
1307 4224 1477 4268 annus
1503 4224 1530 4261 a
1558 4209 1815 4263 Paschate
1837 4210 2135 4273 inchoatur,

560 4292 616 4336 ut
644 4281 700 4335 fit
726 4279 1299 4349 apudFredt-garium.
1328 4278 1473 4332 Hanc
1519 4278 1835 4333 sententiam
1870 4290 1987 4347 post
2034 4278 2139 4332 Va-

561 4354 751 4405 Iesium
774 4358 828 4405 et
848 4348 1114 4403 Cointium
1140 4349 1673 4413 multisargumentis
1701 4352 1984 4402 confirmat
2017 4364 2142 4403 nos-

562 4430 643 4475 ter
658 4418 994 4474 Mablllonius
1009 4432 1129 4471 cum
1158 4419 1211 4471 in
1236 4417 1543 4486 praefatione
1569 4433 1693 4473 smc.
1722 4433 1755 4473 ll
1790 4418 2139 4485 Benedictini,

561 4489 746 4544 tumin
769 4486 1146 4541 dissertatione
1177 4486 1429 4556 singulari
1463 4503 1527 4541 ea
1558 4488 1625 4541 de
1656 4503 1711 4541 re
1742 4486 1879 4539 edita
1907 4498 2050 4541 torno
2076 4490 2140 4543 ιιι

561 4570 666 4614 vet.
695 4558 936 4613 Analect.
972 4568 1159 4611 contra
1191 4572 1283 4610 eos
1313 4557 1403 4625 qui
1436 4557 1794 4625 Dagobertum
1817 4571 1983 4612 annos
2012 4575 2139 4612 sex-

561 4630 733 4685 decim
766 4638 883 4696 post
913 4628 1079 4698 patris
1103 4640 1340 4698 mortem
1372 4641 1620 4697 regnasse
1658 4637 1972 4698 censentes,
2026 4628 2142 4698 ejus

560 4695 861 4754 obitum’ad
891 4695 979 4753 an.
1017 4696 1122 4753 644
1152 4695 1784 4766 differunt.'Spinogilum
1816 4711 1944 4766 vero
1994 4695 2141 4755 vicus

540 4772 648 4826 rubi
679 4770 1014 4838 Dagobertus
1043 4765 1506 4840 :egrotavit,_situs'
1526 4775 1609 4840 est
1636 4782 1792 4840 supra
1814 4765 2138 4840 Sequanam,

561 4856 590 4896 ι
612 4843 669 4897 S.
697 4836 933 4909 Dionysii
959 4836 1156 4907 oppido
1178 4853 1282 4891 una
1305 4837 1517 4892 circiter
1543 4837 1695 4909 leuca
1718 4836 1953 4909 dissutis,
1986 4839 2141 4909 vulgo

564 4904 1178 4980 Eapinayfquanquam,
1224 4916 1279 4980 stt
1328 4916 1508 4980 monet
1565 4906 1835 4980 Valesius,
1869 4904 2140 4980 Espiueuil

564 4982 665 5035 dici
694 4987 749 5035 et
770 4977 935 5033 scribi
967 4981 1204 5033 deberet.
1238 4977 1486 5046 Sepultus
1507 4986 1589 5031 est
1616 4984 1794 5033 autem
1814 4977 1876 5046 in
1919 4978 2137 5033 basilica

564 5051 906 5120 Dionysiana,
938 5064 1095 5117 quam
1136 5062 1202 5102 eo
1248 5044 1464 5120 inloco
1514 5054 1639 5120 tunc
1691 5044 1971 5120 exstitisse
2010 5062 2131 5120 cum

562 5116 870 5175 sauciorum
900 5116 1185 5189 Martyrum
1212 5119 1457 5189 sepulcro
1480 5117 1567 5171 ubi
1591 5118 1905 5189 nuncetiam
1926 5116 2133 5185 visitur,

565 5191 766 5245 duabus
796 5186 1213 5244 circiter'lcucis
1242 5192 1307 5240 ab
1355 5187 1516 5253 urbe,
1567 5186 1932 5258 compluribus
1975 5203 2134 5258 argu-

566 5261 760 5314 mentis
789 5260 888 5314 viri
919 5259 1112 5314 eruditi
1138 5258 1245 5326 jam
1270 5258 1561 5319 evicerunt,
1590 5268 1642 5311 et
1672 5271 1736 5310 ex
1769 5257 1947 5310 multis
1975 5261 2133 5311 char-

566 5332 632 5401 tis
659 5330 1002 5401 autographis
1026 5330 1422 5401 prima-regum
1453 5341 1754 5401 nostrorum
1785 5328 1984 5401 stirpis,
2017 5343 2136 5395 qua:

568 5399 658 5452 lib.
692 5415 741 5451 vr
763 5397 829 5453 de
851 5397 927 5454 Re
949 5397 1293 5468 Diplomatica
1315 5398 1592 5461 habentur,
1615 5397 1917 5468 confirmari
1938 5406 2132 5468 potest.

566 5468 702 5533 Quin
732 5479 924 5523 etcum
952 5464 1031 5522 vir
1057 5470 1129 5523 cl.
1154 5468 1498 5523 Sebastianus
1526 5468 1573 5521 le
1593 5466 1725 5520 Nain
1752 5467 1818 5519 de
1843 5464 2131 5529 Tillemont,

569 5553 674 5591 non
701 5538 876 5592 minus
907 5540 1096 5606 pietate
1119 5552 1275 5607 quam
1299 5536 1596 5607 eruditione
1624 5536 1865 5607 illustris,
1900 5543 2042 5587 tumo
2065 5536 2130 5590 ιν

569 5607 813 5660 llistorize
839 5605 1029 5663 eccles.
1060 5621 1125 5661 ea
1138 5605 1218 5663 de
1247 5610 1310 5661 re'
1329 5607 1480 5675 quasi
1503 5605 1793 5660 dubitando
1814 5606 2133 5674 scripsisset,

569 5691 625 5732 re
654 5686 864 5744 postea,
893 5679 959 5731 ab
1005 5678 1191 5732 amicis
1243 5678 1495 5740 monitus,
1546 5676 1797 5729 attentius
1838 5678 2135 5743 explorata,

570 5748 785 5810 agnovit
826 5746 982 5802 nullis
1009 5749 1171 5800 certis
1197 5747 1493 5801 rationibus
1523 5746 1801 5815 approbari
1834 5760 1987 5814 posse
2034 5761 2129 5800 eo-

2173 4560 2668 4656 05211901231244
2704 4560 3178 4656 if?.fi“1"*’f‘i‘.“':'°.
3214 4561 3362 4616 ιιυηο

2242 3315 2357 3356 rum
2388 3299 2728 3364 sententiam,
2773 3298 2862 3368 qui
2910 3300 3240 3355 contendunt
3288 3300 3562 3355 basilicam
3610 3300 3662 3354 in
3710 3317 3813 3368 qua

2240 3373 2434 3439 sepulti
2463 3379 2723 3439 martyres
2756 3370 2989 3434 fuerunt,
3019 3380 3072 3423 et
3115 3373 3167 3425 in
3198 3384 3301 3438 qua
3348 3370 3679 3438 Dagobertus
3720 3371 3818 3425 fuit

2242 3443 2534 3511 depositus,
2571 3442 2621 3494 in
2654 3441 2767 3508 ipsa
2796 3440 2930 3511 urbe
2957 3440 3084 3495 olim
3116 3442 3420 3503 exstitisse;
3448 3455 3569 3495 cum
3617 3455 3648 3494 e
3686 3455 3816 3494 con-

2244 3514 2404 3565 trario
2438 3517 2604 3566 altera
2662 3510 2924 3564 sententia
2974 3512 3318 3565 validissimis
3357 3513 3682 3580 argumentis
3720 3512 3813 3564 de-

2241 3594 2567 3636 monstretur
2591 3598 2604 3644 ;
2633 3580 2790 3649 idque
2816 3580 2983 3649 prima
3015 3583 3136 3635 data
3166 3582 3446 3636 occasione
3473 3580 3659 3635 sesein
3682 3583 3818 3634 scri-

2241 3652 2347 3719 ptis
2391 3649 2795 3706 emendaturum
2847 3649 3109 3718 pollicitus
3135 3661 3254 3715 est;
3306 3652 3444 3719 quod
3496 3651 3581 3704 hic
3632 3653 3816 3705 testari

2240 3723 2411 3775 visum
2442 3732 2543 3783 est,
2569 3722 2706 3787 quod
2738 3723 2850 3790 ipse
2877 3721 2962 3773 die
2994 3722 3058 3775 10
3087 3721 3321 3775 Januarii
3345 3722 3501 3788 hujus
3530 3722 3653 3774 anni
3682 3719 3819 3773 l698

2239 3792 2327 3861 pie
2357 3793 2467 3845 fato
2516 3792 2745 3853 functus,
2802 3791 3120 3861 promissum
3173 3791 3391 3861 exsequi
3422 3808 3523 3843 non
3565 3792 3819 3858 potuerit.

2241 3860 2506 3917 Casterum
2540 3860 2967 3931 hodiequeapud
2995 3870 3234 3931 sanctum
3280 3860 3589 3931 Dionysium
3636 3862 3821 3931 Dago-

2242 3932 2375 3986 berti
2409 3933 2642 3986 tumulus
2687 3935 2751 3984 ad
2783 3930 3057 3985 dexteram
3108 3930 3326 4000 majoris
3369 3930 3548 4000 altaris
3597 3930 3814 3991 visitur,

2242 4001 2335 4055 sed
2368 4003 2454 4070 qui
2486 4009 2645 4055 tantre
2678 4002 3012 4067 antiquitatis
3041 4016 3160 4057 esse
3194 3998 3321 4055 viris
3353 3998 3575 4055 eruditis
3605 4016 3711 4053 non
3738 4001 3823 4053 vi-

2242 4070 2420 4126 detur.
2454 4074 2527 4126 De
2556 4070 2876 4125 nobilissimi
2908 4070 3065 4140 hujus
3093 4073 3422 4134 monasterii,
3458 4070 3596 4137 quod
3626 4070 3823 4125 exinde

2242 4156 2431 4210 regum
2464 4151 2793 4205 nostrorum,
2822 4142 2991 4195 tertia:
3032 4142 3364 4211 potissimum
3416 4140 3618 4210 stirpis,
3667 4154 3823 4193 com-

2242 4226 2401 4265 mune
2431 4211 2784 4267 conditorium
2814 4220 2917 4278 est,
2947 4212 3331 4280 praerogativis,
3361 4213 3529 4265 sacris
3566 4211 3822 4273 cimeliis,

2242 4282 2484 4351 plurimis
2524 4280 2970 4349 possessionibus,
2996 4282 3475 4351 jurisdictionibus,
3506 4290 3639 4346 etc.,
3670 4282 3820 4348 plura

2248 4349 2488 4420 proferre
2517 4364 2973 4420 supervacaneum
3001 4349 3164 4405 esset.

2321 4418 2533 4476 tFreb.
2588 4418 2695 4484 aL,
2746 4419 3075 4490 suﬂ'ragasae.
3129 4420 3290 4475 Favet
3346 4422 3597 4477 Chronic.
3649 4422 3822 4474 sancti

2245 4490 2484 4561 Benigni,
2520 4490 2606 4561 ubi
2636 4492 2845 4561 legitur,
2867 4491 3112 4561 jusserat,
3142 4494 3278 4561 quod
3298 4493 3467 4545 studio
3499 4501 3546 4544 et
3565 4490 3823 4561 industria

3409 4572 3590 4630 postea
3629 4559 3820 4614 Valen-

2250 4632 2336 4685 tia:
2364 4631 2669 4698 episcopum
2704 4632 2865 4683 fuisse
2885 4640 3067 4684 censet
3096 4632 3365 4685 .loliannes
3412 4632 3731 4689 Columbus;
3763 4640 3823 4681 at

2246 4701 2543 4769 refragatur
2594 4700 2891 4763 Aimoinus,
2940 4700 3029 4767 qui
3061 4702 3152 4755 lib.
3192 4716 3241 4753 tv
3286 4716 3406 4769 cap.
3434 4701 3504 4755 40
3532 4699 3823 4770 Agilulfum

2251 4769 2505 4824 Valentia:
2546 4771 2855 4842 episcopum
2884 4771 3159 4842 laudat,”
3187 4786 3301 4842 seq.
3351 4769 3616 4842 Aigulfum
3661 4771 3825 4824 abba-

2250 4838 2568 4912 temsancti
2605 4838 2861 4912 Dionysii.
2908 4838 3181 4912 Psallentii
3229 4838 3565 4912 Agaunensis
3607 4844 3827 4895 nomine

2250 4908 2337 4962 hic
2369 4908 2602 4978 intelligo
2628 4908 2807 4978 jugem
2849 4911 3195 4976 psalmodiam
3223 4908 3312 4965 diu
3345 4924 3611 4979 noctuque
3643 4925 3822 4978 perse-

2246 4988 2543 5047 verantem,
2575 4982 2749 5045 qualis
2776 4987 2889 5032 erat
2927 4980 3066 5047 apud
3112 4981 3326 5036 Grtrcos
3370 4985 3683 5041 monachos,
3737 4982 3825 5048 qui

2246 5056 2535 5103 Acmmeta:
2566 5049 2900 5110 dicebantur,
2930 5051 3080 5114 quasi
3112 5067 3379 5119 nunquam
3410 5053 3707 5107 dormirent
3733 5070 3745 5103 :
3772 5052 3826 5104 id

2245 5132 2339 5191 per
2358 5119 2538 5191 plures
2562 5128 2765 5191 turmas
2787 5120 3415 5191 distributipra-stabant,
3443 5138 3600 5191 quem
3622 5135 3827 5173 morem

2244 5189 2312 5241 ab
2340 5188 2551 5255 Aigulfo
2599 5190 2895 5257 neglectum
2936 5189 3175 5243 restituit
3204 5188 3542 5246 Chlodoveus
3569 5193 3631 5255 II,
3660 5200 3719 5243 ut
3760 5205 3827 5244 ex

2242 5257 2359 5323 ejus
2388 5258 2571 5311 charta
2606 5267 2766 5321 patet,
2791 5271 2947 5326 quam
2982 5259 3032 5310 in
3065 5260 3359 5326 appendice
3389 5264 3652 5316 daoimus.
3681 5260 3826 5315 Idem

2244 5329 2531 5397 ﬁrmarunt
2554 5327 2917 5383 Theodoricus
2948 5326 3015 5381 lV
3043 5338 3099 5382 et
3126 5331 3397 5397 Pippinns.

2317 5407 2341 5443 κ
2371 5396 2461 5451 Sic
2502 5395 2644 5450 Clar.
2692 5407 2746 5450 et
2774 5399 2954 5467 caeteri
3000 5395 3826 5467 scripti—(Consentium.lllyr.,

2244 5466 2384 5533 Col.,
2422 5467 2776 5538 Bigti.,Bocb.
2806 5466 3009 5538 etBar.
3044 5466 3336 5523 At'Cnesn.
3367 5480 3421 5524 et
3451 5471 3611 5525 Freh.
3645 5466 3828 5538 :zEga

2241 5552 2358 5611 vero
2384 5554 2519 5589 anno
2554 5537 2577 5587 1
2607 5535 2901 5611 Chlodovei,
2932 5538 3225 5592 imminente
3246 5544 3469 5594 secundo
3490 5542 3719 5611 ejusdem
3748 5535 3827 5591 re-

2244 5610 2328 5677 gni
2361 5622 2527 5670 anno,
2579 5606 2850 5674 condigne,
2900 5615 3030 5670 etc.,
3078 5623 3238 5677 quam
3294 5606 3571 5664 lectionem
3617 5612 3830 5663 exteris

2247 5677 2629 5746 praeferendam
2682 5690 2803 5729 esse
2826 5688 3026 5747 censet
3052 5677 3314 5733 Cointius.
3358 5685 3424 5734 At
3471 5678 3829 5747 Fredegarius

2246 5762 2353 5801 non
2380 5747 2465 5801 hic
2494 5756 2600 5801 tres
2624 5760 2794 5803 annos
2824 5745 3022 5815 laudat,
3050 5752 3198 5817 quasi
3229 5765 3347 5815 quae
3376 5753 3429 5805 in
3454 5751 3536 5806 bis
3555 5745 3830 5809 capitibus
