4132 6348
335 338 438 393 ὓ37

1753 332 2169 388 CIIRONICUM.

3489 339 3594 396 658

337 446 472 520 Ega
493 449 774 504 verointer
802 458 1025 506 creteros
1056 449 1310 520 primates
1339 449 1572 522 Neptrici
1602 450 1911 519 prudentius
1940 451 1987 508 Α
2015 463 2152 502 unus
2180 462 2242 502 ex
2277 447 2609 516 primatibus,
2642 463 2856 505 nomine
2900 449 3300 513 Chintasndus,
3343 449 3589 507 coilectis

334 557 523 611 agens,
541 553 588 596 et
609 540 933 610 plenitudine
947 543 1209 610 patientia:
1224 541 1329 613 [ΑΙ.
1349 540 1642 610 sapientiazl
1659 541 1910 603 imbutus,

333 632 541 687 cunctis
566 642 679 687 erat
725 633 1136 700 praecellentior.
1188 633 1417 701 Eratque
1454 646 1653 701 genere
1699 630 1911 695 nobilis,

337 725 530 792 opibus
560 725 834 779 abundans
857 766 872 790 ,
897 723 1160 794 justitiam
1187 735 1417 790 sectans,
1447 724 1686 778 eruditus
1717 724 1768 776 in
1800 738 1918 775 ver-

339 816 445 880 bis,
491 824 707 883 paratus
764 816 814 868 in
861 816 1172 882 res;ionsis:
1205 814 1568 869 tantummodo
1598 829 1625 866 a
1676 813 1917 882 plurimis

336 905 822 974 hlasphemahatur,
839 922 902 959 eo
918 889 1214 974 quodiesset
1228 907 1463 960 avaritia:
1474 907 1703 960 deditus.
1729 906 1916 960 Facul-

335 1008 472 1052 tates
497 998 867 1066 plurimorum,
894 1013 1014 1066 qua:
1039 995 1193 1067 jussu
1220 998 1500 1067 Dagoberti
1523 999 1573 1052 in
1605 1013 1768 1067 regno
1793 999 1918 1052 Bur-

329 1091 545 1159 gundire
574 1101 625 1145 et
652 1090 900 1156 Neptrico
929 1091 1111 1146 illicite
1138 1089 1350 1144 fuerant
1392 1099 1655 1159 usurpata:
1676 1134 1690 1157 ,
1721 1100 1774 1145 et
1803 1090 1913 1144 ﬁsci

329 1182 630 1237 ditionibus
672 1191 856 1236 contra
888 1182 1101 1235 modum
1130 1182 1349 1250 justitite
1396 1183 1645 1247 redactae,
1693 1181 1916 1236 consilio

337 1277 553 1350 A’ganis
582 1277 690 1350 [Αἰ.
724 1274 1024 1347 Eginanae]
1053 1277 1300 1330 omnibus
1329 1283 1717 1329 restaurantur.

405 1369 641 1423 LXXXI.
678 1368 755 1423 Eo
794 1383 932 1422 anno
982 1368 1365 1422 Constantinus
1417 1367 1707 1436 imperator
1746 1365 1912 1420 mori-

336 1470 427 1516 tur
454 1470 502 1514 λ.
535 1459 800 1514 Constans
843 1459 978 1514 ﬁlius
1008 1459 1123 1527 ejus
1153 1460 1249 1513 sub
1276 1468 1456 1513 tenera
1487 1466 1644 1512 astate
1691 1456 1914 1511 consilio

335 1561 554 1608 senatus
603 1552 655 1605 in
697 1551 919 1620 imperio
948 1551 1289 1605 sublimatur.
1336 1549 1479 1604 Idem
1520 1550 1636 1618 ejus
1675 1558 1913 1618 tempore

331 1643 646 1714 gravissime
671 1658 700 1696 a
730 1641 1041 1697 Sarracenis
1068 1650 1303 1695 vastatur
1335 1641 1634 1709 imperium.
1664 1639 1913 1693 llieroso-

333 1734 474 1805 lyma
502 1750 530 1787 a
553 1734 863 1787 Sarracenis
887 1741 1062 1801 capta,
1086 1741 1396 1800 caeterteque
1418 1732 1661 1785 civitates
1685 1743 1906 1795 eversae,

2021 539 2263 608 plurimis
2291 541 2630 595 senatoribus
2658 541 2998 609 Gotthorum,
3031 551 3333 612 cmteroque
3370 544 3587 612 populo,

2021 629 2072 682 in
2104 643 2324 697 regnum
2358 630 2572 698 Spania:
2601 631 2944 697 sublimatur,
2977 633 3064 702 qui
3094 631 3382 702 Tulganem
3406 633 3593 703 degra-

2019 716 2199 769 datunt
2229 718 2301 771 ad-
2326 732 2460 772 onus
2485 729 2506 755 ε
2537 720 2820 775 clericatus
2855 721 3118 775 tonsorari
3149 722 3274 776 fecit
3303 737 3319 774 :
3364 737 3592 791 cumque

2018 823 2178 864 omne
2209 825 2428 878 regnum
2463 811 2675 880 Spanize
2703 827 2813 868 sua:
2843 813 3036 868 ditioni
3066 814 3353 882 ﬁrmasset,
3378 817 3592 884 cognito

2018 905 2205 958 morbo
2235 905 2342 978 [ΑΙ.
2371 905 2545 977 more]
2574 905 2914 971 Gotthorum,
2943 922 3097 977 quem
3139 907 3206 961 de
3241 906 3455 975 regibus
3499 907 3593 961 de-

2017 995 2304 1063 gradandis
2333 995 2620 1062 habebant,
2651 997 2790 1052 unde
2815 997 3012 1064 srepius
3055 1011 3175 1051 cum
3209 997 3337 1065 ipsis
3368 997 3421 1050 in
3459 1011 3590 1051 con-

2017 1087 2138 1141 silio
2167 1086 2360 1154 fuerat,
2392 1101 2738 1157 quoscunque
2766 1102 2830 1142 ex
2859 1087 2940 1142 eis
2963 1086 3124 1155 hujus
3152 1086 3263 1140 vitii
3287 1097 3588 1155 promptum

2016 1191 2201 1236 contra
2233 1198 2409 1252 reges,
2440 1183 2528 1252 qui
2560 1197 2588 1236 a
2617 1196 2782 1252 regno
2826 1183 3034 1252 expulsi
3064 1182 3291 1248 fuerant,
3324 1197 3592 1251 cognove-

2017 1285 2100 1330 rat
2151 1275 2315 1330 fuisse
2339 1277 2544 1340 noxios,
2592 1283 2730 1329 totus
2757 1275 3062 1344 singillatim
3089 1275 3241 1344 jubet
3269 1276 3495 1330 interfici
3546 1274 3587 1342 ί,

2015 1365 2254 1434 aliosque
2303 1365 2494 1420 exsilio
2541 1365 2913 1430 condemnari,
2964 1379 3257 1433 eorumque
3304 1380 3498 1420 uxores
3541 1376 3595 1420 et

2015 1456 2152 1510 ﬁlias
2198 1456 2308 1510 suis
2373 1455 2617 1511 ﬁdelibus
2661 1472 2781 1509 cum
2828 1454 3167 1510 facultatibus
3209 1455 3372 1526 654
3413 1455 3592 1512 tradit.

2013 1551 2206 1607 Fertur
2248 1553 2316 1608 de
2364 1553 2674 1622 primatibus
2717 1554 3036 1609 Gotthorum
3089 1552 3192 1607 hoc
3237 1552 3367 1605 vitio
3422 1550 3596 1616 repri-

2013 1641 2208 1696 mendo
2236 1641 2495 1696 ducentos
2527 1641 2692 1698 fuisse
2736 1643 3051 1698 interfectos
3089 1659 3102 1698 :
3133 1642 3200 1697 de
3237 1639 3594 1696 mediocribus

2011 1733 2333 1801 quingentos
2364 1731 2667 1788 interﬁcere
2689 1734 2865 1802 jussit.
2896 1735 3251 1802 Quondusque
3288 1733 3427 1787 hunc
3449 1745 3593 1785 mer-

334 1800 598 1895 Egyptus
620 1824 864 1891 superior
885 1833 933 1877 et
959 1800 1176 1877 inferior
1195 1838 1223 1877 a
1248 1822 1558 1878 Sarracenis
1581 1821 1902 1889 pervaditur.
1940 1800 1986 1878 Β
2014 1824 2138 1878 hum
2155 1800 2482 1878 rGotthorum
2516 1800 2900 1879 Chintasindus
2923 1800 3282 1894 cognovisset
3327 1822 3596 1893 perdomi—

334 1914 653 1969 Alexandria
683 1915 888 1982 capitur
913 1921 967 1968 et
994 1911 1276 1981 praedatur.
1307 1909 1484 1966 Africa
1517 1919 1622 1964 tota
1647 1918 1907 1975 vastatur,

331 2013 387 2060 et
412 2021 440 2060 a
470 2006 783 2060 Sarracenis
814 2004 1138 2074 possidetur.
1166 2003 1472 2066 Paululum,
1500 2001 1680 2072 ibique
1707 2002 1909 2072 Grego-

333 2096 444 2150 rius
474 2096 728 2164 patricius
757 2109 786 2148 a
817 2094 1122 2150 Sarracenis
1151 2102 1234 2149 est
1281 2093 1611 2148 interfectus.
1642 2093 1908 2147 Constan-

331 2186 580 2256 tinopolis
619 2194 822 2239 tantum
853 2201 974 2239 cum
1004 2184 1297 2239 Thracians
1326 2183 1486 2254 653
1533 2183 1810 2254 provincia
1855 2191 1908 2238 et

332 2277 516 2350 paucis
544 2278 762 2342 insulis,
793 2277 954 2332 etiam
987 2286 1040 2331 et
1063 2276 1303 2330 Romana
1332 2274 1358 2313 δ
1386 2275 1658 2345 provincia
1704 2276 1909 2347 imperii

331 2369 522 2424 ditioni
545 2376 896 2423 remanserat.
929 2366 1058 2421 Nam
1093 2367 1324 2421 maxime
1355 2373 1524 2420 totum
1557 2365 1839 2434 imperium
1880 2378 1911 2418 a

331 2463 642 2518 Sarracenis
660 2459 893 2529 graviter
914 2458 1008 2513 fuit
1031 2458 1266 2512 attritum
1288 2472 1307 2512 :
1326 2458 1485 2512 etiam
1500 2463 1554 2510 et
1570 2457 1621 2510 in
1645 2463 1912 2524 postremo

331 2553 622 2623 imperator
651 2551 916 2606 Constans
944 2550 1262 2604 constrictus
1292 2556 1448 2618 atque
1475 2546 1801 2615 compulsus,
1834 2545 1912 2601 ef-

330 2645 506 2701 fectus
531 2654 613 2700 est
641 2642 1058 2698 Sarracenorum
1092 2639 1419 2703 tributarius,
1455 2646 1512 2692 ut
1540 2637 1622 2692 vel
1654 2635 1913 2691 Constan-

331 2738 583 2806 tinopolis
614 2751 734 2790 cum
760 2733 944 2803 paucis
986 2732 1273 2802 provinciis
1300 2739 1353 2786 et
1375 2731 1564 2785 insulis
1587 2745 1695 2784 sua:
1723 2729 1910 2784 ditioni

331 2835 720 2885 reservaretur.
750 2824 946 2880 Tribus
992 2823 1148 2878 anuis
1175 2822 1409 2886 circiter,
1443 2830 1498 2875 et
1529 2821 1695 2874 fertur
1737 2819 1912 2873 adhuc

331 2920 581 3000 amplius,
607 2933 702 2986 per
726 2928 1154 2984 unumquemque
1182 2912 1322 2967 diem
1351 2922 1374 2950 ο
1401 2910 1545 2966 mille
1572 2909 1772 2965 solidos
1793 2909 1910 2964 auri

330 3012 536 3068 aerariis
554 2999 984 3065 Sarracenorum
1034 3005 1300 3058 Constans
1344 3001 1621 3071 implebat.
1671 2999 1910 3054 Tandem

333 3099 621 3170 resumptis
650 3097 849 3153 viribus
894 3094 1161 3150 Constans
1208 3092 1486 3161 imperittm
1529 3089 1912 3159 aliquantisper

2012 1923 2147 1980 tum,
2174 1929 2278 1968 non
2310 1915 2539 1968 cessavit
2567 1929 2702 1983 quos
2732 1915 2783 1968 in
2812 1916 3118 1984 suspicione
3149 1913 3381 1968 habebat
3417 1913 3594 1981 gladio

2011 2006 2300 2062 trucidare.
2325 2005 2507 2061 Gotthi
2535 2021 2666 2061 vero
2690 2022 2717 2060 a
2747 2007 3102 2062 Chintasindo
3129 2005 3437 2076 perdomiti,
3459 2004 3594 2059 nihil

2011 2096 2268 2152 adversus
2310 2098 2559 2152 eumdem
2594 2098 2710 2152 ausi
2751 2108 2896 2164 sunt,
2928 2107 2986 2152 ut
3015 2098 3081 2153 de
3108 2098 3322 2167 regibus
3371 2109 3597 2150 consue—

2011 2197 2202 2243 verant
2232 2188 2366 2243 inire
2394 2189 2700 2243 consilium.
2733 2186 3115 2242 Chintasindus
3142 2203 3262 2242 cum
3295 2194 3442 2241 esset
3485 2185 3596 2253 ple-

2011 2295 2112 2337 nus
2151 2281 2382 2346 dierum,
2417 2280 2581 2336 filium
2632 2296 2788 2336 suum
2839 2281 3055 2335 nomine
3107 2279 3492 2348 Richysindum
3542 2278 3594 2331 in

2012 2374 2156 2429 omni
2201 2388 2371 2442 regno
2401 2372 2616 2440 Spaniae
2664 2387 2844 2443 regem
2894 2373 3171 2427 stabilivit.
3219 2370 3598 2426 Chintasindus

2012 2465 2380 2536 paenitentiam
2413 2480 2599 2536 agens,
2631 2466 3023 2537 eleemosynam
3071 2465 3289 2521 multam
3321 2466 3387 2520 de
3436 2463 3598 2520 rebus

2013 2555 2241 2626 propriis
2281 2555 2500 2624 faciens,
2535 2556 2724 2624 plenus
2770 2563 3046 2611 senectute
3079 2554 3246 2610 fertur
3291 2569 3598 2625 nonagena-

2012 2649 2124 2704 rius
2154 2656 2394 2703 mortuus
2423 2663 2562 2704 esse.

2084 2742 2185 2795 AN.
2215 2740 2748 2795 norm—LXXXIII.
2781 2742 2935 2797 Anno
2965 2743 2998 2797 5
3025 2741 3173 2810 regni
3200 2740 3490 2796 Chlodovci
3518 2755 3599 2795 re-

2012 2832 2113 2902 gis,
2146 2831 2280 2900 IEga
2320 2831 2376 2886 in
2405 2830 2679 2900 Clippiaco
2709 2831 2830 2884 villa
2860 2839 3082 2886 vexatus
3111 2845 3141 2884 a
3185 2831 3330 2886 febre
3355 2830 3598 2883 moritur.

2013 2921 2152 2976 Ante
2191 2936 2387 2991 paucos
2431 2921 2545 2976 dies
2576 2921 2979 2988 Ermenfredus,
3019 2922 3108 2990 qui
3163 2920 3323 2974 ﬁliam
3379 2919 3601 2989 .IEganis

2015 3030 2234 3070 uxorem
2283 3022 2583 3082 acceperat,
2637 3014 2910 3068 jEnquum
2950 3022 2974 3061 Β
3015 3014 3265 3067 comitem
3316 3013 3369 3067 in
3417 3013 3600 3068 Alhio~

2014 3107 2147 3162 dero
2174 3109 2292 3162 vico
2321 3107 2373 3161 in
2405 3106 2564 3161 mallo
2601 3103 2628 3142 ¹ι
2659 3105 2943 3162 interfecit.
2977 3106 3058 3161 0b
3088 3106 3226 3160 hanc
3247 3123 3357 3161 rem
3389 3107 3600 3176 gravis-

333 3206 696 3262 recuperans,
759 3187 952 3243 tributa
1011 3183 1321 3241 Sarracenis
1379 3182 1646 3252 implenda
1694 3182 1907 3237 refutat.

2016 3196 2148 3252 siina
2177 3205 2383 3265 strages
2409 3197 2474 3251 de
2499 3195 2609 3250 suis
2633 3196 2812 3260 rebus,
2839 3195 3078 3264 jussione
3100 3205 3154 3251 et
3183 3196 3445 3265 permissu
3471 3194 3582 3249 Nan

331 3280 793 3353 Quemadmodum
841 3278 943 3332 hoc
971 3277 1165 3332 factum
1213 3274 1402 3329 fuisset
1449 3283 1721 3340 eventum,
1772 3287 1912 3328 anno

334 3379 388 3432 in
421 3392 527 3448 quo
555 3375 824 3445 expletum
850 3379 953 3438 est,
1001 3370 1056 3425 in
1098 3368 1287 3424 ordine
1334 3367 1515 3422 debito
1559 3366 1814 3432 referam,
1859 3372 1913 3422 et

333 3468 569 3523 scribere
598 3480 702 3521 non
731 3463 924 3529 silebo,
954 3462 1126 3517 donec
1154 3460 1220 3515 de
1252 3459 1335 3514 his
1364 3469 1418 3514 et
1461 3458 1582 3514 aliis
1623 3467 1824 3528 optata,
1866 3458 1912 3514 si

335 3560 639 3630 permiserit
669 3558 829 3623 Deus,
874 3556 1164 3625 perﬁciam,
1201 3553 1324 3609 huic
1357 3553 1538 3610 libello
1566 3561 1756 3609 cuncta
1781 3552 1910 3610 mihi

333 3668 400 3708 ex
425 3651 648 3708 veritate
674 3651 886 3721 cognita
908 3651 1161 3704 inseram.

405 3745 666 3801 LXXXII.
697 3745 774 3800 Eo
803 3759 940 3798 anno
968 3741 1170 3796 Sintela
1194 3740 1221 3778 ά
1260 3755 1351 3794 rex
1379 3740 1612 3810 Spanitr,
1643 3738 1732 3809 qui
1766 3739 1913 3794 Sise-

335 3835 510 3890 nando
537 3834 589 3890 in
617 3850 780 3904 regno
810 3841 1164 3900 successerat,
1197 3832 1480 3887 defunctus
1512 3840 1615 3887 est.
1649 3831 1817 3901 llujus
1853 3833 1908 3884 Ii-

336 3929 456 3994 Iius,
491 3926 705 3983 nomine
734 3926 919 3996 Tulga,
967 3926 1065 3980 sub
1114 3935 1296 3979 tenera
1340 3931 1494 3976 aetate
1527 3921 1738 3990 Spaniis
1778 3923 1912 3990 peti-

333 4022 480 4074 tione
510 4020 672 4089 patris
702 4019 1016 4074 sublimatur
1037 4018 1088 4071 in
1112 4031 1296 4085 regno.
1317 4015 1633 4070 Gotthorntn
1663 4029 1792 4084 gens
1815 4015 1913 4069 im-

335 4110 542 4179 patiens
559 4118 663 4175 est,
682 4108 892 4179 quando
908 4121 1069 4172 super
1088 4121 1146 4161 se
1171 4106 1304 4159 forte
1319 4104 1504 4175 jngum
1519 4119 1621 4158 non
1647 4105 1911 4159 habuerit.

333 4201 504 4270 Hujus
525 4200 780 4270 Tulganis
811 4199 1171 4254 adolescentia
1200 4198 1373 4252 omnis
1405 4196 1600 4265 Spania
1631 4211 1781 4251 more
1820 4211 1909 4250 so-

335 4295 432 4349 lito
456 4296 691 4359 vitiatur,
721 4293 932 4348 diversa
961 4289 1302 4346 committens
1326 4288 1633 4344 insolentia.
1665 4286 1906 4342 Tandem

333 4445 514 4492 narrat
543 4435 712 4489 tribus
738 4435 821 4488 his
861 4435 1016 4488 annis
1053 4432 1412 4503 consignanda
1465 4432 1615 4499 sint;
1665 4432 1759 4488 sed
1801 4435 1914 4487 vult

333 4505 670 4560 solummodo
711 4506 901 4575 Egam
932 4521 1026 4559 seu
1055 4504 1316 4572 Eganem
1351 4504 1599 4571 palatium
1649 4507 1820 4571 primo
1861 4514 1915 4558 et

333 4577 568 4632 secundo
599 4591 737 4629 anno
763 4577 1110 4645 gubernasse,
1163 4590 1226 4628 ac
1259 4576 1414 4645 tertio
1462 4575 1770 4645 imminente
1816 4575 1910 4630 de-

335 4648 607 4710 functum,
641 4658 696 4700 ut
725 4643 853 4700 dicit
881 4647 1037 4714 infra,
1069 4660 1188 4715 cap.
1212 4645 1300 4698 85.
1348 4644 1630 4700 Consentit
1677 4643 1904 4699 Cltroni—
1942 4645 1987 4702 D

331 4734 451 4773 cum
482 4718 649 4770 sancti
682 4718 920 4782 Benigni.

407 4799 432 4826 ι
454 4788 833 4843 Constantinus
857 4787 1093 4842 Ileraclio
1117 4787 1249 4854 patri
1272 4786 1527 4841 successit
1545 4801 1633 4840 an.
1657 4785 1782 4851 641,
1806 4800 1910 4855 quo

333 4860 491 4928 paulo
517 4867 635 4928 post
669 4873 697 4910 a
730 4858 951 4910 Martina
983 4872 1229 4921 noverca,
1260 4868 1314 4909 ut
1342 4858 1536 4928 fertur,
1576 4857 1908 4928 venenipo-

334 4925 479 4984 tione
501 4925 709 4991 necato,
732 4928 1106 4994 l-leracleonas,
1126 4943 1188 4981 ex
1215 4929 1325 4995 ipsa
1347 4928 1481 4982 alter
1505 4926 1726 4980 Heraclii
1747 4925 1906 4990 ﬁlius,

331 5005 609 5055 successit.
642 4998 744 5053 Sed
777 4997 876 5066 ipsi
921 5007 1041 5066 post
1071 5014 1166 5050 sex
1216 5013 1427 5050 menses
1470 4997 1644 5050 edicto
1691 5006 1908 5049 senatus

333 5072 552 5123 naribus
579 5069 831 5139 praecisis,
858 5078 910 5122 et
929 5069 1102 5134 lingua
1127 5068 1279 5120 matri
1304 5066 1904 5139 abscissa,_substitutus

329 5151 413 5193 est
441 5136 735 5204 Constans,
765 5137 1099 5192 Constantini
1130 5139 1288 5202 ﬁlius,
1317 5137 1777 5191 Munathelitarum
1808 5136 1903 5189 de-

333 5212 539 5264 f'ensnr.

401 5279 429 5319 δ
456 5281 626 5337 Hodie
668 5277 927 5334 Bomania
971 5277 1182 5340 dicitur,
1215 5291 1334 5345 quae
1361 5275 1642 5330 Thraciam
1694 5275 1910 5344 proprie

327 5350 525 5405 dictam
555 5363 610 5407 et
636 5351 768 5405 alias
798 5349 999 5402 vicinas
1039 5348 1283 5418 regiones
1312 5348 1740 5418 comprehendit.
1772 5347 1921 5402 Buh-

326 5431 382 5472 et
414 5433 518 5476 vet.
540 5425 664 5490 Ed.,
687 5419 978 5473 Thraciana
996 5417 1252 5490 prouincia
1273 5418 1492 5484 imperii,
1517 5417 1725 5471 caeteris
1748 5418 1908 5470 omis-

325 5506 423 5546 SIS.

400 5571 424 5600 ο
445 5559 620 5627 Colb.,
649 5559 748 5614 alia
781 5574 960 5623 manu,
991 5577 1202 5615 annum.

402 5631 429 5667 ά
457 5631 580 5694 Alii,
606 5626 611 5627 7
633 5628 883 5700 Sentela,
912 5645 1005 5683 seu
1056 5631 1285 5686 Sintilla.
1318 5627 1734 5700 Vulgoﬂdicitur
1779 5626 1904 5682 Cin-

330 5702 484 5766 thila,
517 5709 608 5754 attt
655 5698 920 5756 Suinthila
969 5701 1033 5764 ll,
1063 5702 1146 5754 cui
1197 5698 1453 5755 successit
1499 5699 1689 5762 Tulca,
1722 5700 1809 5768 qui
1853 5700 1904 5752 in

331 5773 464 5828 edit.
497 5772 763 5842 plerisque
789 5769 977 5841 Tolga.
1010 5772 1062 5826 in
1093 5771 1224 5827 Bob.
1261 5771 1457 5841 Tholga
1495 5770 1829 5842 appellatur;
1854 5780 1920 5826 et

2021 3287 2290 3353 techildte,
2333 3302 2364 3341 a
2410 3286 2723 3356 parentibus
2752 3287 2951 3342 (Enulfi
2982 3297 3036 3343 et
3081 3288 3278 3358 populo
3308 3287 3599 3357 plurimum

2021 3378 2164 3434 fitur.
2213 3377 2598 3433 Ermenfredus
2646 3378 2697 3430 in
2751 3379 2945 3432 Auster
2973 3377 3174 3432 Remus
3211 3377 3276 3430 ad
3324 3377 3601 3432 basilicam

2021 3470 2190 3526 sancti
2218 3469 2459 3525 Remedii
2499 3469 2626 3525 fecit
2651 3469 2978 3539 confugium,
3007 3470 3184 3540 ibique
3213 3470 3401 3526 diebus
3430 3471 3598 3539 pluri-

2020 3565 2123 3621 mis
2155 3563 2290 3620 hanc
2316 3563 2710 3619 infestationem
2741 3563 3034 3620 devitando
3057 3572 3110 3620 et
3139 3565 3284 3634 regio
3316 3566 3511 3620 timore
3531 3578 3602 3620 re

2018 3655 2173 3711 sedit.

2087 3744 2371 3800 LXXXIV.
2430 3744 2551 3799 Post
2601 3744 2893 3799 discessum
2947 3744 3168 3814 Eganzc
3217 3745 3603 3799 Erchinoaldus

2017 3837 2188 3905 major
2204 3836 2414 3900 domus,
2446 3837 2534 3904 qui
2558 3836 2982 3905 consanguineus
3007 3836 3177 3891 fuerat
3199 3836 3264 3890 de
3290 3836 3550 3906 genitrice
3581 3835 3593 3873 ί

2017 3927 2323 3995 Dagoberti,
2356 3926 2529 3994 major
2573 3926 2764 3980 domus
2807 3926 2990 3995 palatii
3020 3927 3311 3982 Chlodovci
3351 3927 3602 3981 efficitur.

2019 4018 2251 4086 Eratque
2295 4018 2455 4072 homo
2485 4017 2714 4086 patiens,
2757 4016 2994 4072 bonitate
3039 4017 3245 4085 plenus,
3297 4032 3417 4072 cum
3461 4027 3605 4072 esset

2019 4114 2226 4182 patiens
2255 4122 2308 4168 et
2337 4121 2546 4179 cautus,
2603 4111 2908 4166 humilitate
2951 4121 3004 4167 et
3053 4112 3280 4182 benigna
3331 4114 3607 4168 voluntate

2020 4204 2164 4258 circa
2211 4204 2541 4266 sacerdotes,
2591 4203 2944 4273 omnibusque
2973 4205 3236 4274 patienter
3277 4214 3329 4260 et
3379 4204 3606 4275 benigno

2019 4294 2370 4365 respondens,
2404 4294 2653 4362 nullaque
2685 4302 2895 4350 tumens
2938 4295 3212 4366 superbia,
3257 4311 3430 4367 neque
3453 4297 3605 4366 cupi-

2017 4435 2106 4504 qui
2139 4448 2261 4488 eum
2287 4449 2374 4487 an.
2395 4431 2518 4504 ’642
2540 4433 2844 4504 exturbavit
2866 4431 3341 4501 Chindaswindus,
3378 4434 3466 4504 qui
3511 4449 3610 4489 an.

2017 4505 2121 4561 649
2171 4503 2606 4560 Receswinthum
2657 4503 2824 4558 filium
2872 4519 3026 4557 suum
3072 4503 3420 4559 monarchatn
3475 4506 3603 4560 reli-

2015 4579 2150 4647 quit.

2091 4655 2114 4683 ο
2146 4645 2265 4708 Alii,
2298 4645 2478 4706 Iwnns,
2512 4659 2605 4710 pro
2628 4644 2888 4708 honorem,
2915 4654 2971 4699 ut
2994 4652 3101 4698 vet.
3139 4644 3301 4698 Editi.

2095 4714 2282 4769 fIdem
2333 4714 2537 4769 fecerat
2577 4715 2938 4781 Leuvigildus.
2986 4714 3116 4768 Vide
3146 4715 3370 4782 Gregor.
3406 4714 3498 4768 lib.
3546 4732 3603 4771 Ill

2020 4786 2156 4841 Hist.
2189 4801 2306 4852 cap.
2335 4784 2424 4852 30,
2456 4795 2509 4839 et
2541 4796 2692 4838 notas
2721 4788 3010 4839 Alteserrze
3040 4786 3090 4837 in
3123 4784 3268 4837 idem
3300 4795 3480 4848 caput.

2089 4866 2112 4902 ε
2147 4857 2310 4918 Clar.,
2360 4859 2547 4916 semel,
2599 4852 2967 4924 Chainttlfum;
2999 4855 3150 4918 alias,
3204 4854 3471 4924 Ainulfum
3503 4870 3600 4923 ap-

2016 4928 2197 4991 pellat.
2232 4927 2407 4989 Colb.,
2464 4926 2752 4993 Aniulfum,
2800 4923 2896 4979 seu
2971 4923 3274 4994 Aginttlfum
3327 4923 3381 4977 in
3426 4925 3602 4980 indice

2015 4997 2176 5056 Βοὴ,
2211 4997 2455 5063 Agnuffo.

2086 5063 2113 5100 ιι
2145 5066 2333 5119 Mullus
2378 5063 2653 5116 dicebatur
2682 5072 2977 5118 conventus
3010 5065 3173 5119 totius
3203 5063 3454 5132 regionis,
3504 5079 3598 5120 seu

2016 5136 2265 5203 placitum
2301 5133 2490 5199 majus,
2529 5133 2578 5185 in
2621 5149 2725 5200 quo
2771 5149 2856 5188 res
2890 5134 3110 5200 majoris
3154 5135 3409 5188 momenti
3442 5149 3597 5191 aco-

2019 5206 2146 5259 mite
2175 5203 2515 5257 finiebantur.
2545 5203 2680 5257 Vide
2706 5204 3032 5258 Glossarium
3063 5203 3272 5272 Cangii.

2096 5274 2110 5312 ἱ
2138 5275 2263 5339 Alii,
2295 5287 2521 5346 genere_;_
2540 5274 2776 5346 plerique
2801 5276 3070 5344 genetrice,
3102 5290 3195 5328 seu
3226 5290 3407 5343 genere
3431 5274 3617 5346 Baga--

2017 5346 2175 5398 bet-to.
2205 5343 2592 5414 Erchinoaldus
2615 5343 2930 5398 Balthildem
2956 5355 3136 5413 postea
3165 5346 3400 5412 reginam
3429 5343 3601 5414 ecap-

2022 5417 2224 5469 tivitate
2276 5413 2519 5479 redemit,
2560 5425 2805 5468 sanctum
2856 5414 3115 5469 Furseum
3162 5417 3396 5482 excepit,
3443 5413 3602 5484 eique

2018 5487 2344 5540 Latiniacum
2377 5499 2472 5553 pro
2499 5485 2858 5539 construendo
2887 5485 3212 5540 monasterio
3243 5486 3484 5553 donavit,
3507 5502 3600 5542 ec-

2017 5558 2343 5622 clesiamque
2389 5556 2487 5609 sub
2537 5557 2703 5621 ipsius
2735 5555 2951 5610 nomine
2979 5556 3116 5625 apud
3167 5556 3428 5610 Peronam
3475 5573 3610 5611 con-~

2016 5629 2232 5681 struxit.
2261 5625 2594 5697 0biit__paulo
2624 5635 2747 5679 ante
2787 5634 3029 5697 sanctum
3059 5626 3288 5696 Eligium
3337 5643 3400 5680 ex
3428 5627 3623 5697 ipsius.

2017 5697 2381 5821 sanctisslgligii
2411 5695 2544 5752 Viue
2574 5695 2665 5752 lib.
2712 5711 2770 5761 tt,
2792 5712 2921 5767 cap.
2950 5696 3042 5761 26,
3089 5695 3269 5752 idest
3316 5695 3458 5751 circa
3502 5713 3622 5752 an»

2017 5785 2139 5821 1111111
2281 5807 2292 5820 .
2975 5786 2978 5790 ’

2017 5785 2139 5822 num
2169 5769 2292 5821 659.
2975 5786 2978 5790 ’
