4132 6348
553 364 655 419 659

1711 363 2133 419 FREDEGARII
2175 364 2623 420 SCIIULASTICI

3709 368 3824 426 660

550 485 713 542 ditate
740 481 987 536 saeviebat
1018 498 1032 535 :
1068 490 1267 533 tantum
1314 481 1364 534 in
1394 496 1491 534 suo
1530 490 1769 549 tempore
1811 498 1994 551 pacem
2038 498 2124 535 se-
2159 483 2207 538 Δ
2235 478 2600 533 Griinoaldum
2667 480 2912 548 superbia
2956 488 3186 543 tumens,
3245 488 3298 534 et
3346 481 3519 535 zelum
3565 480 3814 549 ducens,

549 588 703 627 etans
730 574 846 637 luit,
877 581 935 626 ut
981 574 1089 627 Deo
1118 580 1261 626 esset
1291 574 1552 640 placibile.
1588 573 1717 628 Erat
1764 576 1998 644 sapiens,
2033 576 2125 630 sed

548 667 606 718 in
633 666 818 733 primis
845 666 1071 720 maxima
1104 679 1221 720 cum
1251 665 1608 734 simplicitate,
1642 665 1798 720 rebus
1844 680 2125 720 mensura-

544 762 647 815 ‘litll
683 761 903 825 ditatus,
951 759 1018 812 ab
1061 758 1306 812 omnibus
1341 766 1457 811 erat
1509 757 1753 811 dilectus.
1806 758 1969 825 Igitur
2011 769 2128 825 post

552 851 849 906 discessum
901 850 1179 921 Dagoberii
1220 850 1381 922 655
1421 849 1578 918 regis,
1612 862 1717 919 quo
1758 848 1947 903 ordine
1978 849 2126 919 ejus-

555 940 676 995 dem
708 942 944 997 thesauri
976 943 1114 997 inter
1130 942 1263 996 filios
1291 943 1446 996 divisi
1478 942 1692 1006 luerint,
1717 958 1823 996 non
1848 942 2125 995 omittam:

532 1031 647 1085 sed
673 1031 964 1086 dilucidato
987 1033 1174 1087 ordine
1197 1032 1317 1087 huic
1345 1033 1601 1087 volumini
1629 1032 1786 1087 inseri
1808 1033 2125 1102 procurabo.

629 1122 889 1177 LXXXV.
921 1125 1053 1179 Cum
1086 1125 1337 1194 Pippinus
1367 1127 1537 1192 major
1564 1126 1775 1189 domus,
1812 1126 2131 1194 post'Dago-

555 1210 691 1265 herti
722 1213 946 1279 obitum,
980 1222 1032 1269 et
1062 1215 1241 1269 caeteri
1273 1214 1436 1269 duces
1467 1216 1887 1278 Anstrasiorum,
1933 1215 2023 1285 qui
2048 1231 2131 1270 us-

539 1316 660 1369 ,que
690 1303 741 1357 in
775 1304 998 1358 transitu
1032 1305 1313 1373 Dagoberti
1341 1320 1451 1359 sua:
1475 1304 1681 1360 fuerant
1702 1306 1889 1359 ditioni
1912 1305 2126 1371 retenti,

540 1392 879 1463 Sigibertum
909 1395 1142 1448 unanimi
1182 1396 1579 1464 conspiratione
1610 1397 1981 1465 expetiissent,
2008 1397 2132 1465 Pip-

540 1480 711 1547 pinus
740 1498 858 1537 cum
890 1483 1234 1548 Chuniberto,
1265 1487 1400 1540 sicut
1428 1495 1481 1540 et
1510 1488 1654 1554 prius
1685 1488 1936 1541 amicitiae
1983 1489 2128 1543 cultu

538 1572 607 1627 -in
641 1574 866 1630 invicem
896 1576 1136 1630 collocati
1168 1575 1394 1643 fuerant,
1440 1588 1491 1632 et
1525 1593 1694 1647 nuper
1724 1578 1865 1632 sicut
1891 1588 1944 1633 ct
1986 1580 2130 1649 prius

554 1664 785 1719 amicitia
837 1668 1179 1722 vehementer
1223 1682 1281 1723 se
1331 1669 1553 1724 lirmiter
1601 1680 1858 1739 perpetuo
1910 1686 2130 1726 conser-

556 1754 721 1807 vanda
753 1755 1008 1825 obligant,
1045 1773 1337 1826 omnesque
1366 1760 1552 1814 Ieudes
1596 1761 1997 1815 Austrasiorum
2041 1778 2129 1817 se-

2232 586 2459 634 cumque
2491 571 2767 637 despicere
2789 574 3109 625 'conaretur.
3146 570 3487 627 Grimoaldus
3510 587 3628 626 cum
3663 573 3818 627 Chu-

2234 664 2441 715 niberto
2464 664 2713 728 pontilice
2756 676 2815 716 se
2846 664 2895 714 in
2939 662 3225 715 amicitiam
3273 665 3665 735 constringens,
3698 681 3781 719 co:
3802 696 3816 703 -

2232 760 2381 823 perat
2406 754 2639 822 cogitare
2668 768 2773 821 quo
2802 753 2994 807 ordine
3024 755 3146 807 Otto
3172 753 3241 808 de
3282 755 3482 822 palatio
3506 756 3815 823 ejiceretur,

2238 854 2293 898 et
2322 844 2547 914 gradum
2582 845 2745 913 patris
2776 844 3114 898 Grimoaldus
3144 854 3459 900 assumeret.

2303 938 2401 989 AN.
2434 951 2669 990 ncxt..—-
2701 934 3011 991 LXXXVII.
3040 934 3281 1005 Cumque
3305 951 3445 990 anno
3475 936 3507 989 8
3532 934 3555 973 ἀ
3586 938 3822 1006 Sigiber-

2232 1038 2314 1084 tus
2346 1038 2614 1099 regnaret,
2645 1039 2698 1084 et
2726 1028 2988 1083 Radulfus
3013 1028 3122 1082 dux
3142 1028 3448 1100 Thoringiae
3472 1028 3821 1084 vehementer

2233 1121 2505 1192 Sigiberto
2538 1121 2795 1177 rebellare
2820 1120 3206 1189 disposuisset",
3230 1120 3383 1189 jussu
3411 1120 3657 1190 Sigiberti
3700 1140 3817 1177 Olu-

2234 1230 2328 1269 nes
2359 1214 2542 1269 leudes
2569 1214 2966 1269 Austrasiorum
2986 1214 3039 1268 in
3066 1215 3304 1268 exercitu
3322 1214 3671 1284 gradiendum
3699 1218 3819 1269 ban-

2236 1305 2328 1359 niti
2349 1313 2473 1359 sunt
2500 1313 2544 1357 α.
2562 1304 2859 1374 Sigibertus
2878 1304 3122 1358 Rhenum
3140 1318 3257 1358 cum
3274 1307 3511 1360 exercitu
3529 1307 3815 1370 transiens,

2234 1405 2417 1466 gentes
2467 1397 2704 1467 undique
2749 1397 2818 1452 de
2866 1396 3128 1451 universis
3162 1396 3313 1465 regni
3353 1397 3432 1450 sui
3490 1398 3635 1467 pagis
3678 1399 3817 1452 ultra

2235 1488 2476 1541 Rhenum
2503 1503 2622 1541 cum
2648 1488 2765 1556 ipso
2794 1486 3038 1541 adunatre
3062 1494 3204 1540 sunt.
3223 1486 3399 1540 Primo
3422 1486 3473 1540 in
3503 1486 3621 1542 loco
3648 1489 3817 1542 ﬁlium

2234 1576 2582 1643 Chrodoaldi,
2612 1577 2828 1632 nomine
2854 1576 3045 1631 Farum
3077 1574 3126 1640 ί,
3170 1574 3260 1644 qui
3292 1590 3409 1629 cum
3444 1574 3667 1629 Radulfo
3702 1576 3819 1629 uni-

2238 1679 2344 1724 tum
2376 1669 2605 1724 habebat
2632 1668 2936 1731 consilium,
2961 1666 3237 1722 exercitus
3263 1665 3511 1734 Sigiberti
3546 1666 3819 1720 trucidatis

2236 1744 2397 1828 rupit,
2430 1760 2709 1828 ipsumque
2739 1756 3008 1811 interfecit
3055 1773 3068 1808 :
3100 1771 3312 1810 omnem
3359 1755 3609 1823 populum
3660 1754 3823 1824 hujus

556 1858 675 1901 cum
706 1857 926 1917 uterque
955 1849 1263 1917 prudenter,
1297 1859 1349 1904 et
1386 1864 1504 1904 cum
1534 1850 1816 1905 dulcedine
1859 1853 2132 1907 attrahen-
2166 1863 2213 1922 Β
2243 1850 2362 1905 Fari
2384 1851 2472 1920 qui
2498 1849 2728 1920 gladium
2761 1850 2954 1910 evasit,
2976 1847 3277 1917 captivitati
3299 1844 3820 1914 deputant.0mncs-

554 1946 658 2003 tes,
692 1939 1042 2010 eos,benigne
1068 1941 1450 2009 gubernantes,
1476 1956 1659 1996 eorum
1690 1943 1979 1997 amicitiam
2004 1958 2133 1998 con-

554 2026 843 2095 stringunt,
877 2042 1194 2097 semperque
1233 2038 1470 2083 servant.
1508 2029 1667 2097 Igitur
1710 2031 2134 2089 discurrentibus

553 2115 767 2183 legatis,
802 2126 1003 2184 partem
1037 2118 1298 2187 Sigiberto
1328 2118 1558 2173 debitam
1584 2120 1652 2175 de
1672 2121 1932 2177 thesauris
1966 2124 2133 2194 Daga-

548 2204 698 2259 berti
730 2206 1093 2261 Nantechilda:
1134 2210 1330 2278 regina:
1369 2218 1427 2263 et
1465 2208 1771 2266 Chlodoveo
1800 2213 1968 2280 regia
1995 2214 2133 2283 Sigi-

555 2296 707 2352 berto
736 2300 1039 2367 requiritur,
1071 2300 1135 2353 ad
1175 2300 1314 2369 quod
1345 2300 1672 2355 reddendum
1716 2303 1943 2371 placitus
1982 2305 2135 2359 insti-

548 2389 740 2451 tuitur.
769 2390 1124 2445 Chunibertus
1152 2391 1387 2460 pontifex
1417 2394 1564 2447 urbis
1590 2392 1844 2457 Colonis,
1879 2404 1933 2449 et
1957 2395 2133 2466 Pippi-

552 2492 658 2535 nus
685 2481 854 2548 major
874 2482 1064 2536 domus
1093 2498 1209 2537 cum
1241 2483 1507 2553 aliquibus
1535 2486 1847 2555 primatibus
1887 2493 2080 2544 Auster
2103 2506 2131 2544 a

555 2569 823 2637 Sigiberto
851 2572 1039 2627 directi
1069 2573 1245 2627 villam
1293 2575 1679 2644 Compendinm
1700 2586 1725 2615 ἰ
1754 2593 1919 2646 usque
1947 2596 2134 2650 perve-

555 2660 730 2725 niunt,
777 2662 952 2729 ibique
998 2662 1277 2717 thesaurus
1322 2665 1625 2735 Dagnberti,
1670 2670 1888 2738 jnbente
1936 2674 2135 2730 Naute-

556 2748 733 2806 ehilde
763 2759 819 2805 et
846 2752 1179 2821 Chlodoveo,
1210 2755 1462 2812 instantia
1511 2759 1734 2830 Eganis
1778 2764 1996 2833 majoris
2037 2766 2133 2822 doc

555 2855 673 2895 mus
705 2852 1087 2911 prtesentatur,‘
1125 2855 1180 2901 et
1211 2862 1359 2916 aequa
1392 2849 1543 2906 lance
1588 2852 1885 2910 dividitur:
1921 2858 2129 2914 tertiam

555 2939 730 2986 tamen
763 2943 989 3002 partem,
1014 2937 1081 2993 de
1107 2939 1247 3008 quod
1269 2939 1599 3010 Dagobertus
1621 2947 1963 3015 acquisierat,
1993 2951 2132 3006 Nan-

555 3023 799 3081 techildis
855 3028 1032 3096 regina
1081 3032 1333 3100 percepit.
1367 3033 1730 3092 Chunibertus
1777 3046 1829 3093 ct
1882 3039 2132 3110 Pippinus

555 3114 695 3173 hunc
722 3118 1052 3187 thesaurum,
1080 3137 1198 3192 qum
1238 3139 1358 3192 pars
1388 3125 1490 3180 fuit
1516 3126 1792 3198 Sigiberti,
1824 3131 2027 3188 Mettitn
2055 3136 2134 3189 fa-

2233 1957 2337 2012 que
2368 1942 2573 2010 primati
2606 1950 2659 1995 et
2686 1943 2953 1995 exercitus
2982 1939 3201 1993 dextras
3240 1938 3465 1991 invicem
3498 1938 3717 2001 dantes,
3765 1948 3819 1992 ut

2235 2034 2411 2088 nullus
2442 2030 2668 2087 Itadulfo
2694 2031 2859 2085 vitam
2888 2030 3230 2092 concederet,
3262 2029 3356 2083 sed
3384 2028 3496 2081 haec
3528 2029 3816 2094 promisslo

2234 2138 2339 2179 non
2367 2125 2585 2178 sortitur
2612 2121 2880 2177 elfectuui.
2929 2120 3228 2189 Sigibertus
3256 2118 3451 2174 deinde
3484 2118 3818 2173 Buchoniam

2228 2208 2356 2269 cum
2386 2215 2621 2270 exercitu
2654 2213 2943 2277 transiens,
2976 2211 3325 2279 Thoringiam
3358 2225 3672 2279 properans.
3714 2209 3819 2264 Ra-

2233 2307 2407 2364 dulfus
2440 2308 2552 2363 haec
2578 2321 2804 2363 cernens
2828 2316 3060 2359 castrum
3094 2305 3252 2374 lignis
3287 2309 3551 2357 munitum
3582 2305 3634 2358 in
3681 2320 3814 2374 quo-

2234 2398 2353 2453 datn
2378 2408 2557 2453 monte
2584 2413 2744 2466 super
2768 2396 3063 2451 Unestrude
3094 2393 3256 2449 ﬂuvio
3280 2395 3330 2446 in
3362 2393 3655 2464 Thorlngia
3678 2409 3810 2449 con-

2236 2501 2470 2553 struens,
2512 2488 2803 2542 exercitum
2847 2485 3105 2554 undique,
3155 2493 3413 2553 quantum
3458 2485 3575 2553 plus
3626 2490 3817 2553 potuit,

2234 2581 2508 2650 colligens,
2554 2592 2676 2633 cum
2720 2592 2884 2632 uxore
2913 2585 2967 2631 et
2993 2564 3175 2630 liberis
3222 2574 3277 2628 in
3309 2575 3409 2629 hoc
3437 2585 3639 2641 castro,
3671 2576 3735 2628 ad
3761 2590 3817 2630 se

2234 2670 2616 2727 defensantium
2647 2668 2903 2722 stabilivit
2930 2685 2942 2722 :
2967 2668 3126 2739 657
3162 2667 3340 2736 ibique
3368 2667 3671 2736 Sigibertus
3693 2681 3816 2721 cum

2234 2764 2471 2821 exercitu
2498 2761 2644 2831 regni
2671 2761 2753 2815 sui
2786 2760 3029 2825 veniens,
3057 2768 3293 2813 castrum
3326 2759 3560 2828 undique
3590 2761 3816 2815 circum-

2235 2858 2325 2911 dat
2352 2858 2659 2922 exercitus;
2694 2850 2950 2908 Radulfus
2981 2868 3102 2907 veri.
3131 2852 3454 2905 intrinsecus
3482 2850 3547 2904 ad
3579 2853 3819 2919 przelinni

2235 2950 2445 3006 fortiter
2476 2956 2802 3019 praeparatus
2852 2946 3090 3001 sedebat.
3124 2944 3229 3001 Sed
3284 2947 3387 2998 hoc
3417 2944 3650 3012 praelium
3697 2946 3821 2997 sine

2235 3042 2459 3099 consilio
2490 3040 2681 3096 initum
2713 3047 2819 3094 est.
2866 3037 2977 3091 Hoc
3005 3036 3367 3091 adolescentia
3398 3034 3649 3103 Sigiberti
3675 3036 3820 3103 regis

2235 3136 2482 3205 patravit,
2535 3150 2653 3193 cum
2684 3134 2772 3187 alii
2820 3131 3007 3187 eodem
3057 3130 3145 3183 die
3179 3129 3381 3183 vellent
3415 3126 3706 3195 procedere
3753 3126 3821 3180 ad

555 3208 701 3265 ciunt
748 3212 1066 3280 perducere;
1100 3217 1362 3285 Sigiberto
1395 3230 1746 3288 praesentatnr
1773 3232 1827 3279 et
1867 3225 2121 3282 describi-
2152 3234 2197 3296 C
2231 3230 2460 3300 bellum,
2492 3236 2542 3281 et
2568 3227 2653 3280 alii
2686 3227 2740 3279 in
2767 3224 3018 3287 crastino,
3052 3236 3150 3277 nec
3181 3220 3385 3274 unitum
3419 3220 3678 3273 habentes
3701 3234 3819 3272 con-

553 3308 661 3354 tur.
710 3302 839 3357 Post
884 3319 1013 3360 vero
1050 3305 1076 3344 δ
1122 3308 1249 3361 anni
1288 3308 1542 3363 circulum
1586 3311 1841 3382 Pippinus
1881 3319 2130 3384 moritur,

554 3405 654 3446 nec
679 3406 898 3460 parvum
927 3396 1165 3451 dolorem
1194 3398 1431 3467 ejusdem
1464 3405 1720 3457 transitus
1745 3408 1951 3460 cunctis
1972 3424 2134 3477 geneo

556 3483 688 3535 ravit
714 3482 767 3536 in
796 3484 1009 3549 Auster,
1040 3502 1107 3541 ex
1136 3503 1201 3543 eo
1230 3491 1370 3559 quod
1400 3491 1564 3563 656
1591 3494 1656 3547 ab
1688 3493 1818 3564 ipsis
1847 3512 1944 3566 pro
1970 3498 2132 3566 justi-

557 3575 643 3629 tia:
685 3576 827 3631 cultu
855 3589 909 3633 et
957 3580 1193 3637 bonitate
1221 3583 1459 3650 ejusdem
1506 3586 1736 3643 dilectus
1763 3588 1970 3645 fuisset.
2015 3592 2132 3647 Gri-

555 3666 801 3722 moaldus
828 3668 963 3725 [ilius
987 3670 1117 3740 ejus,
1148 3687 1268 3727 cum
1297 3683 1438 3729 esset
1464 3684 1737 3744 strenuus,
1769 3680 1832 3733 ad
1857 3680 2022 3735 instar
2043 3699 2131 3752 pa-

557 3761 655 3817 tris
681 3761 915 3832 diligitur
937 3779 967 3818 a
1000 3764 1263 3834 plurimis.

629 3853 911 3911 LXXXVI.
942 3856 1067 3911 Otto
1092 3856 1309 3927 quidam
1352 3856 1488 3911 ﬁlius
1520 3857 1714 3914 Uronis
1757 3872 1778 3898 α
1819 3860 2129 3930 domestici,

558 3948 645 4017 qui
681 3948 891 4020 bajulns
918 3948 1169 4020 Sigiberti
1199 3951 1267 4006 ab
1296 3952 1657 4007 adolescentia
1710 3953 1904 4019 fuerat,
1946 3968 2132 4012 contra

633 4063 869 4138 “Nullus
915 4066 1137 4121 fortasse
1178 4067 1326 4120 locus
1364 4075 1546 4138 exstat
1597 4066 1648 4121 in
1696 4068 1940 4132 Francia,
1974 4086 2132 4138 quem

560 4133 1074 4207 Regesfrequentius
1100 4138 1452 4207 excoluerint.
1476 4136 1646 4206 Vulgo
1669 4140 1866 4193 dicitur
1893 4133 2131 4207 Corripie-

561 4222 675 4327 ῧηε,
722 4205 853 4258 situs
896 4208 1053 4273 paulo
1082 4206 1213 4261 infra
1243 4205 1721 4262 coriﬂuentes’Axo
1746 4226 1807 4264 ite
1830 4211 1879 4262 in
1914 4205 2133 4265 Isaram.

611 4275 695 4327 ide
742 4275 833 4327 ῙῘΙ).
884 4291 935 4327 ιν
981 4278 1047 4327 de
1073 4276 1149 4327 Re
1198 4277 1559 4327 Dinlomatica.
1611 4278 1880 4327 “titlietttm
1925 4280 2133 4327 Celebre.

611 4275 695 4329 ide
742 4275 833 4348 lib.
884 4291 935 4328 tv
981 4278 1047 4348 de
1073 4276 1149 4331 Re
1198 4277 1559 4348 Diplomatica.
1610 4278 1880 4348 Hodieque
1925 4280 2137 4335 eelebre

564 4355 644 4399 est
665 4344 936 4411 oppidttnt,
970 4346 1061 4400 ubi
1088 4349 1308 4415 inStgnis
1336 4347 1543 4399 abhatia
1576 4350 1776 4402 ordinis
1796 4344 2135 4403 'Benetlictitii

565 4423 829 4536 ﬁtlfglngr.
861 4416 1026 4469 sancti
1052 4417 1235 4483 Mauri,
1257 4432 1373 4485 quae
1397 4417 1601 4471 natales
1624 4432 1747 4472 suos
1765 4419 1955 4473 Carolo
1977 4421 2138 4473 Calvo

601 4498 631 4536 e
725 4519 739 4533 .

601 4498 739 4537 θυθῑ.

2239 3322 2435 3379 silium.
2467 3317 2803 3374 Grimoaldus
2851 3325 2906 3371 et
2950 3314 3318 3386 Adalegiselus
3347 3312 3656 3369 duces.b:ec
3702 3328 3821 3367 cer-

2237 3424 2450 3480 nentes,
2494 3411 2745 3482 Sigiberti
2790 3409 3083 3480 perieulum
3130 3407 3389 3470 zelantes,
3419 3421 3538 3459 cum
3587 3404 3821 3475 undique

2236 3507 2351 3561 sine
2380 3502 2780 3558 intermissione
2828 3500 3161 3554 custodiunt.
3218 3497 3499 3551 Boboulux
3550 3500 3824 3550 Arvernus

2234 3610 2355 3650 cum
2382 3603 2533 3663 parte
2562 3591 2826 3646 exercitus
2848 3588 3189 3658 Adalegiseli,
3222 3597 3276 3642 et
3314 3585 3647 3641 Enovalaus
3680 3595 3705 3631 ες
3730 3599 3821 3639 co-

2238 3700 2350 3740 mes
2411 3682 2783 3753 Sogiontensis
2833 3696 2953 3735 cum
2984 3679 3303 3749 pagensibus
3350 3678 3479 3742 suis,
3525 3685 3581 3731 et
3626 3674 3829 3731 caatera'

2237 3774 2500 3830 exercitus
2531 3788 2720 3827 manus
2764 3772 3011 3842 plurima,
3047 3778 3233 3824 contra
3278 3768 3564 3822 Radulfum
3605 3767 3673 3820 ad
3702 3781 3822 3835 por-

2239 3876 2345 3919 tam
2372 3865 2531 3920 castri
2573 3862 2811 3935 protinus
2841 3860 3176 3931 pugnandum
3210 3867 3582 3929 perrexerunt.
3616 3857 3820 3911 Radul-

2242 3956 2326 4011 fus
2354 3972 2473 4011 cunt
2522 3956 2787 4026 aliquibus
2824 3953 3045 4008 ducibus
3092 3952 3359 4007 exercitus
3391 3951 3643 4023 Sigibcrti
3689 3950 3822 4003 [idu-

2242 4078 2323 4123 tur
2350 4087 2381 4123 a
2411 4071 2548 4123 vobis
2580 4068 2869 4132 monitores,
2892 4084 3017 4133 quos
3040 4065 3237 4136 bajulos
3261 4065 3440 4134 vulgus
3466 4061 3699 4136 appellat
3719 4106 3733 4128 ,
3764 4081 3826 4118 ne

2241 4141 2459 4209 gloriam
2487 4150 2702 4193 vestram
2728 4140 2859 4190 inter
2887 4132 2940 4190 se
2982 4138 3079 4201 ipsi
3095 4132 3413 4209 partiuntur.
3463 4132 3599 4209 IIiu_c
3633 4148 3823 4199 magna

2244 4203 2561 4265 auctoritate
2578 4210 2862 4275 pollebant.
2878 4208 3017 4275 quod
3044 4203 3406 4272 ut'pluritnum
3428 4203 3823 4275 omniaeorum

2244 4293 2375 4335 nutu
2409 4273 2615 4336 ﬁerent.
2648 4279 2725 4334 De
2754 4278 2833 4332 his
2864 4273 2978 4331 fuse
3006 4286 3061 4331 et
3087 4275 3297 4331 erudite
3340 4273 3558 4329 disserit
3586 4273 3821 4342 Caugins

2243 4351 2295 4405 in
2325 4353 2615 4407 Glossario.

2315 4420 2342 4459 ἀ
2370 4423 2518 4476 Colb.
2551 4438 2563 4473 :
2591 4419 2816 4489 Cumque
2839 4434 2974 4489 anno
2994 4416 3048 4489 9.
3071 4415 3160 4470 Sic
3186 4416 3310 4489 legit
3341 4413 3635 4484 Sigibertus
3656 4413 3821 4468 Gem-

2244 4492 2507 4547 blacensis
2537 4492 2589 4545 in
2617 4487 2897 4544 Chronico.
2932 4487 3116 4551 Freh.,
3145 4503 3235 4539 an.
3268 4487 3319 4539 7.

642 4552 667 4590 ι’
689 4551 929 4626 Colbuet
952 4553 1153 4626 Freb.’:
1188 4554 1312 4609 Post
1348 4556 1509 4622 fertur
1534 4558 1655 4609 aunt"
1677 4558 1943 4612 circulum.
1976 4559 2132 4623 Βοὴ..
2165 4555 2217 4616 D
2314 4573 2337 4600 ο
2366 4561 2481 4616 lam
2511 4561 2578 4617 de
2608 4560 2706 4614 hac
2736 4576 2864 4613 voce
2895 4557 3091 4626 aliquid
3137 4557 3538 4609 observavimus
3585 4552 3638 4607 in
3683 4553 3824 4626 notis

566 4624 803 4678 circulus.
834 4620 1074 4678 Circulus
1120 4625 1208 4678 ille
1237 4620 1357 4678 anni
1400 4637 1519 4693 post
1549 4627 1781 4681 thesauri
1817 4620 2134 4684 divisionem

566 4693 994 4767 interpretandus
1038 4702 1139 4759 est,
1173 4710 1273 4767 non
1308 4710 1435 4767 vero
1476 4706 1591 4767 post
1623 4695 1842 4765 .Eganis
1883 4710 2129 4767 mortem,

569 4772 794 4834 uterque
824 4764 966 4817 enim
1000 4780 1138 4818 anno
1179 4765 1282 4819 640
1311 4765 1457 4820 obiit.
1492 4766 1743 4833 Pippinus
1768 4769 2008 4834 sepultus
2054 4764 2135 4825 est

566 4832 763 4889 Laudis
790 4834 853 4888 ad
884 4834 1068 4888 Getam
1100 4850 1306 4889 amnem
1356 4837 1407 4888 in
1440 4832 1717 4889 IIasbania:
1757 4848 1811 4891 et
1834 4832 2133 4895 Brahantiae

565 4905 818 4970 confinio,
867 4921 1005 4959 nunc
1030 4906 1217 4976 exiguo
1247 4906 1463 4976 oppido,
1498 4907 1632 4960 haud
1678 4911 1854 4970 procul
1894 4926 1921 4962 a
1953 4925 2133 4963 mona-

488 4972 493 4984 '
566 4976 801 5029 nastei-io
832 4972 1331 5049 sanctiTrudonisI
1363 4976 1492 5049 Vide
1524 4978 1612 5032 lib.
1648 4993 1696 5030 tv
1738 4980 1804 5032 de
1837 4980 1911 5033 Re
1965 4981 2133 5049 Diplo-

564 5050 783 5123 matica.
816 5045 896 5123 [λὺ
925 5060 989 5100 eo
1017 5047 1133 5123 loco
1164 5046 1419 5116 Pippinus
1458 5047 1797 5123 Alsnitdiuensis
1837 5045 2131 5123 engnomen

564 5118 793 5188 accepit.
825 5115 1033 5188 Corpus
1060 5117 1193 5186 ejus,
1232 5115 1424 5185 postea
1456 5119 1761 5187 Nivigellatn
1792 5115 2132 5188 trans-latuit),

564 5185 711 5252 juxta
737 5196 973 5240 sanetam
999 5185 1315 5259 Gertrudem
1350 5204 1499 5243 suam
1529 5185 1691 5256 ipsius
1716 5190 1873 5244 [illaut
1906 5185 2133 5259 deposié

568 5264 681 5310 tum
714 5268 825 5321 est;
877 5257 1014 5325 quod
1046 5260 1423 5312 monasterium
1456 5261 1547 5313 lita
1576 5260 1692 5325 ejus
1717 5276 1849 5313 uxor
1881 5257 2000 5315 cuni
2024 5278 2135 5315 san-

565 5336 648 5381 cta
675 5327 936 5381 Gertrude
956 5336 1347 5382 construxerat.
1366 5330 1545 5383 Sancti
1562 5329 1763 5397 Pippiui
1791 5330 1951 5384 vitam
1974 5332 2131 5384 Ches-

565 5398 686 5470 nius
707 5408 849 5452 tonio
873 5399 914 5461 I,
938 5410 990 5452 et
1018 5398 1301 5470 Bollandus
1325 5399 1411 5454 die
1434 5401 1495 5453 at
1522 5400 1819 5466 Februarii,
1844 5417 1947 5469 quo
1969 5401 2132 5470 ipsius

566 5465 757 5521 festum
785 5471 992 5533 colitur,
1016 5468 1286 5523 exhibent.

642 5549 665 5575 ε
702 5538 883 5603 Ches.,
931 5537 1177 5604 Bermtt's;
1225 5540 1320 5605 al.,
1383 5539 1587 5604 Vrom’s,
1651 5542 1872 5605 Virom’s,
1924 5541 2131 5605 Eronis,

567 5603 962 5682 4ronis._Boh._,
1017 5603 1225 5682 yrones.
1276 5603 1490 5682 Bajulus
1537 5603 1676 5682 regis
1707 5603 1999 5675 dicebatur,
2043 5603 2130 5680 qui

568 5675 1062 5750 ejnsedueationis
1091 5694 1271 5733 curam
1321 5675 1756 5748 habebam-unde
1802 5683 1991 5750 vulgus
2039 5675 2131 5736 eos

569 5747 843 5821 ntqnilores
877 5749 1296 5821 appellabatuut
1326 5759 1471 5816 patet
1508 5747 1573 5806 exi
1603 5753 1733 5821 Lupi
1768 5747 2129 5807 Ferrariensis

568 5817 775 5871 abbatis
805 5808 1078 5885 episiItit,
1108 5820 1170 5871 ad
1199 5808 1445 5874 Carolum
1472 5835 1648 5889 regem
1677 5808 1700 5875 τ’
1723 5823 1841 5875 Non
1871 5823 2131 5876 αάεηὶηϐη-

2244 4633 2308 4686 ad
2340 4633 2672 4701 Gregorium.
2710 4630 2948 4701 Bannnut
2986 4624 3077 4701 est
3102 4626 3335 4681 edictum
3359 4640 3453 4701 seu
3484 4624 3821 4678 denuntiatio

2243 4697 2473 4769 alicujus
2496 4704 2593 4755 rei.
2627 4700 2960 4768 Quandoque
3001 4699 3163 4769 etiam
3202 4697 3510 4769 sumebatur
3539 4708 3637 4761 pro
3666 4708 3823 4769 poena

2243 4773 2307 4827 iis
2334 4763 2423 4841 qui
2455 4788 2559 4825 non
2608 4763 3106 4841 obtemperaverant
3154 4766 3386 4841 inﬂicta;
3416 4763 3551 4818 sicut
3594 4774 3650 4818 et
3675 4764 3820 4841 heri:

2243 4833 2471 4897 hannum
2492 4833 2886 4911 (l’arriére-bon)
2910 4838 3411 4911 mulc‘amsignabat
3428 4849 3613 4911 eorum
3632 4836 3729 4911 _qui
3754 4833 3821 4887 ad

2240 4904 2529 4966 eXercitum
2560 4914 2636 4966 ire
2666 4904 3027 4980 neglexerant.
3060 4907 3174 4980 Non
3206 4904 3363 4975 plane
3381 4904 3822 4980 exolevithar‘um

2240 4997 2427 5037 vocum
2461 4998 2608 5036 usus.
2644 4974 2854 5034 Ete'nim
2894 4979 3049 5032 hodie
3078 4974 3303 5031 dicimus
3333 4990 3612 5045 convoquer
3645 4974 3693 5027 le
3720 4974 3821 5026 bau

2241 5069 2285 5105 et
2315 5053 2689 5113 l‘arriére-ban,
2726 5060 2779 5103 et
2806 5052 2908 5102 étrc
2929 5049 3023 5101 mis
3043 5065 3110 5099 au
3139 5049 3235 5099 ban
3254 5049 3316 5100 de
3338 5048 3581 5115 l‘cmpt‘re.
3615 5045 3753 5115 Quin
3768 5055 3821 5098 et

2242 5126 2539 5192 nuptiarum
2592 5120 3032 5191 proclamationes
3081 5118 3132 5171 itt
3184 5118 3425 5172 ecclesiis
3456 5114 3591 5170 fieri
3634 5114 3823 5168 solitas

2240 5193 2431 5246 bannos
2461 5193 2704 5246 dicimus.

2320 5262 2507 5317 ‘tiditi
2555 5262 2820 5331 plerique,
2874 5256 3071 5331 Forum
3119 5258 3278 5326 ﬁlium
3319 5254 3572 5331 plu-atomi
3618 5254 3823 5331 nomine

2239 5349 2374 5404 cum.
2406 5336 2530 5389 Mss.
2555 5323 2681 5404 'cu_tu
2706 5323 2893 5404 Frein,
2922 5323 3233 5404 Ferantiet
3258 5323 3625 5404 iuira,ara:;
3646 5323 3817 5404 Clam,
3864 5326 3871 5332 ’

2244 5402 2437 5457 Faram
2467 5404 2575 5470 [alio
2605 5402 2957 5464 Cltrodoaldo,
2989 5410 3095 5454 etc.
3124 5398 3273 5454 Coll).
3302 5408 3356 5449 et
3398 5395 3535 5470 Editi
3565 5394 3810 5470 Complu-

2245 5490 2350 5538 res,
2379 5465 2651 5529 exercitum
2681 5471 2919 5541 Sigiberti
2972 5470 3252 5531 trucidatis,
3287 5467 3427 5535 quod
3470 5473 3555 5520 est
3603 5465 3800 5517 tuendo

2240 5561 2378 5599 sum.

2313 5624 2337 5662 ε
2371 5615 2525 5678 Boh.,
2558 5612 2865 5681 Sogotinst’s.
2894 5609 3045 5663 Colb.
3075 5618 3130 5663 et
3150 5607 3282 5681 editi
3311 5606 3576 5681 plerique,
3607 5602 3814 5681 Encra—

2240 5684 2353 5738 laus
2385 5674 2688 5754 summa;
2718 5682 2786 5750 (le
2817 5680 3108 5754 .Suutgato).
3138 5674 3334 5754 Chesn.
3362 5686 3419 5731 et.
3446 5676 3631 5754 rei»,
3662 5674 3820 5728 Nau-

2239 5756 2417 5810 valuus
2436 5747 2468 5821 ;’
2485 5756 2533 5808 al
2612 5747 3336 5814 Innovalaus,V/Enovalatus,
3367 5758 3419 5803 et
3447 5748 3527 5801 sic
3555 5747 3707 5800 intra.
