4132 6348
348 266 450 339 661

1771 258 2188 318 CHRONICUII.

3490 296 3493 297 ν
3523 274 3624 332 θεὲ

330 363 489 447 nciam
522 390 760 455 haberet,
794 388 933 461 quod
962 404 1124 459 super
1153 389 1324 459 ipsum
1354 403 1459 444 non
1491 387 1780 443 voluissent
1810 388 1934 443 viri-
1968 383 2012 440 A
2045 382 2272 453 ideoque
2298 398 2403 465 non
2433 386 2753 457 mancipavit
2769 388 3037 445 effectum.
3056 388 3295 461 Cumque
3317 390 3624 447 Erchinoat-

340 484 453 539 ‘hus
478 484 704 549 irruere,
728 482 795 538 de
816 486 999 537 castro
1029 497 1125 553 per
1146 492 1353 553 portam
1378 495 1751 551 prorumpens,
1773 492 1935 548 super

338 576 649 630 exercitum
695 575 944 647 Sigiberti
973 591 1095 630 cum
1126 575 1237 631 suis
1266 574 1509 640 irruens,
1544 582 1687 627 tanta
1734 581 1937 641 strages

339 660 384 720 'a
433 666 661 721 Itadulfo
698 684 818 721 cum
859 668 971 729 suis
1002 668 1067 723 de
1113 669 1351 723 exercitu
1397 666 1647 736 Sigiberti
1695 666 1838 730 titur,
1884 673 1940 717 ut

353 758 547 812 mirum
592 759 792 815 fuisset.
842 758 1219 828 Maganeenses
1251 762 1300 813 in
1324 759 1433 815 hoc
1455 757 1640 829 praelio
1668 771 1772 811 non
1821 755 1936 810 fue-

354 862 472 904 runt
511 850 715 906 ﬁdeles.
763 852 1059 923 Ferturque
1091 853 1160 908 ibi
1195 852 1423 921 plurima
1468 849 1633 906 millia
1664 847 1937 902 hominum

351 939 518 996 fuisse
551 943 826 997 trucidata
857 944 1050 1015 gladio.
1098 945 1359 999 Radulfus
1389 950 1594 1013 patrata
1624 940 1844 995 victoria
1888 941 1938 993 in

354 1041 592 1087 castrum
648 1032 961 1103 ingreditur.
1017 1034 1313 1105 Sigibertus
1368 1047 1491 1088 cum
1535 1031 1647 1086 suis
1693 1028 1941 1084 fidelibus

351 1126 503 1195 gravi
533 1124 907 1180 amaritudinis
952 1141 1185 1180 mcerore
1234 1133 1504 1194 arreptus,
1553 1136 1715 1189 super
1747 1116 1940 1190 equum

355 1219 570 1285 sedens,
600 1218 861 1289 lacrymas
891 1220 1061 1274 oculis
1091 1232 1469 1289 prorumpens,
1496 1214 1781 1285 plangebat
1807 1228 1941 1283 quos

357 1308 664 1376 perdiderat
690 1326 703 1364 :
738 1318 791 1364 et
823 1310 968 1363 Bobo
995 1308 1127 1382 [Αιη
1158 1306 1329 1379 Bede]
1358 1310 1487 1375 dux,
1513 1317 1566 1362 et
1595 1304 1944 1360 .‘Enovallaus

354 1415 560 1465 comes,
587 1401 838 1456 eteieteri
867 1400 1122 1457 nobilium
1154 1399 1432 1455 fortissimi
1467 1406 1790 1469 pugnatores
1811 1440 1825 1463 ,
1850 1412 1942 1452 seu

357 1502 414 1547 et
455 1494 684 1563 plurima
717 1510 903 1550 manus
932 1494 1200 1550 exercitus
1230 1492 1482 1563 Sigiberti
1511 1492 1671 1561 regis,
1704 1490 1792 1556 qui
1819 1504 1938 1544 cum

358 1584 489 1653 ipsis
519 1586 571 1639 in
599 1588 979 1657 congressione
1005 1587 1315 1642 certaminis
1341 1593 1524 1641 essent
1544 1582 1801 1653 aggressi,
1819 1597 1945 1637 con—

358 1676 620 1753 spiciente
650 1678 937 1749 Sigiberto,
965 1680 1066 1734 hoc
1093 1678 1277 1748 prtelio
1291 1676 1786 1733 fuerunttrucidati.
1811 1674 1941 1729 Nam

2043 477 2141 531 dus
2161 488 2212 532 et
2231 478 2555 537 Flaochatus
2577 482 2810 553 majores
2832 483 3021 540 domus
3044 485 3182 541 inter
3202 500 3263 542 se
3284 485 3439 556 quasi
3463 482 3623 543 tinum

2044 568 2289 624 iniissent
2320 574 2638 642 consilium,
2672 577 3067 632 consentientes
3097 576 3163 632 ad
3192 576 3423 634 invicem
3444 619 3459 644 ,
3488 578 3627 633 hunc

2040 663 2263 735 gradum
2284 662 2524 732 honoris,
2543 668 2854 727 alterutrum
2884 670 3132 725 solatium
3164 671 3487 740 praebentes,
3507 670 3593 727 dis
3618 708 3625 713 -

2045 764 2248 823 ponunt
2297 755 2497 811 habere
2536 757 2783 815 feliciter.
2814 761 3137 818 Flaochatus
3164 762 3373 819 cunctis
3400 763 3628 819 ducibus

2043 846 2111 900 de
2154 860 2318 917 regno
2357 846 2522 919 659
2568 849 2908 920 Burgundiae,
2935 868 3029 909 seu
3066 862 3122 908 et
3162 854 3500 925 pontificibus
3531 869 3627 925 per

2047 936 2371 1013 epistolam,
2400 938 2560 993 etiam
2590 949 2644 995 et
2671 944 3022 999 sacramentis
3053 945 3317 1014 ﬁrmavit,
3344 947 3630 1017 unicuique

2046 1030 2271 1098 gradum
2307 1030 2527 1087 honoris
2557 1042 2611 1089 et
2639 1032 3090 1104 dignitatem,seu
3115 1046 3170 1094 et
3190 1038 3477 1094 amicitiam
3510 1053 3630 1109 per-

2052 1115 2213 1192 petiio
2242 1137 2583 1180 conservare.
2608 1123 2719 1180 Hac
2744 1127 3003 1197 dignitate
3028 1130 3345 1186 sublimatus
3374 1130 3627 1186 Flaocha-

2050 1225 2133 1269 tns
2164 1231 2386 1287 regnum
2417 1218 2731 1288 Burgundize
2756 1231 3094 1291 pervagatur,
3114 1224 3392 1279 consilium
3417 1225 3629 1287 assidue

2046 1311 2244 1376 iniens,
2278 1313 2510 1379 priorem
2552 1313 2912 1380 inimicitiam,
2943 1329 3047 1385 qua
3084 1316 3262 1371 cordis
3299 1331 3495 1373 arcana
3535 1318 3626 1372 diu

2050 1403 2338 1469 celaverat,
2374 1420 2702 1472 memorans,
2723 1403 3086 1462 Willebadum
3119 1409 3399 1478 patricium
3428 1409 3628 1464 interfi-

2046 1509 2171 1549 cere
2196 1494 2533 1564 disponebat.
2853 1550 2857 1554 .

2125 1585 2235 1641 XC.
2264 1585 2598 1643 Willebadus
2644 1603 2766 1644 cum
2814 1600 2962 1645 esset
3009 1590 3197 1660 opibus
3244 1590 3542 1656 abundans,
3576 1600 3631 1647 et

2051 1678 2404 1746 plurimorum
2453 1678 2733 1734 facultates
2777 1679 3005 1750 ingeniis
3048 1681 3276 1737 diversis
3318 1681 3627 1746 abStollens,

358 1776 414 1822 et
468 1767 748 1824 Fredulfus
772 1779 796 1806 ιι
847 1770 1196 1833 domesticus,
1246 1769 1336 1840 qui
1379 1778 1433 1823 et
1483 1766 1689 1823 amicus
1736 1764 1943 1820 Radulfi
1979 1775 2026 1833 B
2052 1768 2253 1823 ditatus
2284 1770 2487 1839 inclyte
2519 1770 2732 1835 fuisset,
2762 1781 2814 1827 et
2848 1772 2987 1827 inter
3015 1772 3324 1841 patriciatus
3369 1776 3625 1844 gradum,

358 1855 529 1917 fuisse
555 1864 848 1929 dicebatur,
885 1864 987 1919 hoc
1018 1864 1200 1933 prmlio
1219 1863 1494 1919 occubuit.
1532 1862 1833 1931 Sigibertus
1855 1873 1944 1912 ea-

359 1950 480 2008 dem
515 1964 668 2009 nocte
700 1970 796 2010 nec
826 1956 1008 2025 procul
1038 1956 1105 2011 ab
1135 1956 1253 2026 ipso
1273 1963 1451 2010 castro
1476 1954 1528 2008 in
1561 1952 1809 2008 tentoriis
1828 1966 1948 2006 cum

360 2034 460 2100 suo
507 2047 762 2101 remansit
793 2048 1054 2103 exercitu.
1088 2047 1143 2100 In
1190 2049 1486 2102 crastinum
1537 2044 1781 2099 videntes
1808 2043 1948 2112 quod

361 2135 587 2192 Radulfo
614 2137 743 2192 nihil
776 2139 1201 2208 prccvaluissent,
1232 2138 1413 2193 missis
1442 2134 1871 2191 discurrentibus
1894 2143 1952 2187 ut

362 2224 608 2282 Rhenum
653 2229 871 2298 pacifice
915 2229 1080 2302 658
1126 2230 1318 2287 iterum
1370 2235 1782 2291 transmearent,
1832 2240 1950 2281 cum

365 2314 572 2373 Radnlfi
602 2324 977 2375 convenientia
1006 2320 1303 2392 Sigibertus
1331 2330 1387 2377 et
1413 2321 1653 2390 ejusdem
1683 2319 1955 2374 exercitus

363 2410 428 2483 ad
463 2413 705 2480 pr0prias
735 2413 892 2467 sedes
925 2421 1185 2469 remeant.
1213 2412 1470 2467 Radulfus
1496 2411 1747 2481 superbia
1779 2410 1950 2466 elatus

362 2501 429 2554 ad
465 2503 677 2556 modum
712 2506 851 2575 regis
878 2504 929 2557 in
963 2503 1249 2573 Tltoringia
1283 2518 1342 2557 se
1368 2517 1489 2557 esse
1522 2500 1796 2565 censebat,
1823 2501 1955 2555 atni-

364 2593 517 2647 eitias
541 2609 659 2646 cum
686 2592 917 2647 Wiuidis
947 2592 1187 2659 firmans,
1219 2603 1547 2661 creterasque
1580 2600 1788 2661 gentes,
1823 2604 1954 2659 quas

365 2686 568 2739 vicinas
600 2684 856 2749 habebat,
888 2684 1035 2739 cultu
1079 2683 1330 2738 amicitia:
1354 2683 1645 2754 obligabat.
1677 2683 1731 2736 In
1775 2682 1956 2736 verbis

369 2786 545 2830 tamen
577 2777 840 2844 Sigiberte
865 2777 1103 2847 regimen
1136 2792 1240 2832 non
1260 2777 1580 2844 denegabat,
1608 2776 1701 2831 sed
1726 2776 1777 2832 in
1804 2776 1956 2831 factis

366 2864 577 2924 iortiter
604 2871 843 2940 ejusdem
874 2871 1156 2925 resistebat
1181 2870 1555 2926 dominationi.

439 2963 539 3017 AN.
572 2976 769 3017 DCXLII.
792 2991 861 3001 —
883 2960 1215 3016 LXXXVIII.
1242 2963 1397 3015 Anno
1423 2962 1486 3014 10
1512 2959 1656 3029 regni
1682 2959 1955 3029 Sigiberti,

370 3053 514 3127 Otto,
543 3053 631 3123 qui
664 3053 924 3108 adversus
954 3052 1321 3108 Grimoaldum
1351 3051 1622 3107 inimicitia
1650 3065 1748 3119 per
1773 3065 1957 3120 super-

2051 1869 2105 1915 et
2154 1860 2438 1915 nimiarum
2487 1859 2796 1917 facultatum
2847 1864 3128 1920 elationem
3176 1866 3438 1933 superbia:
3487 1878 3630 1921 esset

2052 1951 2295 2018 deditus,
2324 1951 2579 2008 adversus
2612 1953 2955 2009 Flaochatum
2990 1956 3258 2020 tumebat,
3280 1970 3507 2024 eumque
3536 1957 3632 2010 ἀθε-

2054 2046 2265 2115 spicere
2293 2046 2607 2101 conabatur.
2633 2047 2950 2103 Flaochatus
2981 2049 3217 2104 collectis
3245 2063 3427 2105 secum
3462 2052 3633 2119 ponti~

2056 2136 2244 2190 ficibus
2287 2145 2342 2190 et
2386 2135 2610 2191 ducibus
2658 2137 2725 2191 de
2771 2152 2937 2208 regno
2984 2139 3322 2209 Burgundize,
3354 2139 3632 2194 Cabillono

2057 2240 2150 2293 pro
2173 2224 2401 2279 utilitate
2424 2227 2605 2294 patria:
2628 2230 2960 2282 tractandum
2984 2244 3167 2285 mense
3188 2231 3363 2285 Madio
3383 2231 3629 2299 placitum

2055 2316 2302 2372 instituit.
2338 2318 2519 2388 Ibique
2554 2328 2607 2373 et
2633 2317 2966 2377 Willebadus
3009 2322 3401 2378 multitudinem
3449 2336 3629 2378 secum

2058 2408 2262 2463 habens
2302 2409 2536 2465 advenit.
2569 2410 2886 2467 Flaochatus
2928 2413 3118 2467 ibidem
3145 2411 3506 2470 Willehadum
3548 2417 3629 2470 in—

2060 2500 2306 2556 terficere
2329 2500 2616 2557 nitebatur.
2635 2501 2759 2556 llaec
2778 2518 3004 2558 cernens
3025 2504 3353 2560 Willebadus
3382 2507 3631 2566 palatium

2059 2592 2229 2646 noluit
2272 2592 2517 2649 introire.
2547 2593 2870 2650 Flaochatus
2900 2595 3029 2652 foris
3058 2606 3243 2651 eontra
3270 2594 3628 2653 Willebadnm

2062 2683 2415 2752 prmliandum
2446 2685 2775 2754 aggreditur.
2806 2687 3153 2745 Amalbertus
3192 2705 3320 2744 vero
3349 2705 3634 2760 germanus

2060 2775 2337 2830 Flaochati
2388 2775 2454 2830 ad
2504 2776 2801 2844 pacandum
2851 2781 3243 2847 intercurrens,
3289 2780 3378 2835 ubi
3424 2780 3532 2850 jam
3580 2782 3633 2835 in

2061 2868 2439 2937 congressione
2468 2868 2778 2923 certaminis
2805 2868 3093 2939 confligere
3116 2869 3632 2936 debuerant,Wille-

2061 2963 2232 3018 badtts
2257 2961 2622 3017 Amalbertum
2650 2976 2831 3017 secum
2862 2963 3099 3018 retinens
3123 2962 3194 3019 de
3224 2964 3326 3019 hoc
3349 2964 3519 3020 evasit
3549 2981 3637 3033 με·

2066 3055 2258 3111 riculo.
2288 3055 2774 3111 lntercurrentibus
2802 3064 2859 3109 et
2882 3055 3090 3112 caeteris
3114 3056 3358 3127 personis
3388 3072 3637 3124 separan-

374 3145 514 3200 biam
548 3146 803 3210 tumebat,
835 3147 1068 3202 factione
1098 3145 1416 3213 Grimoaldi,
1445 3160 1473 3198 a
1507 3144 1795 3201 Leuthario
1821 3144 1956 3199 duce
1982 3137 2031 3200 C
2065 3155 2150 3202 tur
2179 3147 2353 3202 illmsi.
2381 3147 2704 3204 Flaochatus
2732 3147 2987 3217 deinceps
3017 3148 3387 3205 vehementem
3415 3149 3582 3204 inibat
3609 3160 3633 3188 ο

378 3238 800 3293 Alamannorum
854 3238 1194 3295 interﬁcitur.
1225 3236 1430 3292 Gradus
1476 3238 1694 3292 honoris
1739 3236 1957 3306 majoris

377 3333 567 3385 domus
598 3334 649 3385 in
686 3331 878 3401 palatio
907 3331 1180 3400 Sigiberti,
1208 3342 1262 3387 et
1289 3333 1434 3387 omni
1462 3346 1629 3401 regno
1654 3332 1960 3386 Austrasio-

377 3436 494 3477 rum
514 3423 565 3476 in
589 3437 746 3477 manu
770 3421 1062 3477 Grimoaldi
1086 3422 1429 3477 confirmatus
1450 3420 1892 3477 estveliementer
1907 3420 1956 3475 δ.

452 3518 551 3570 An.
586 3532 765 3571 nexu.
797 3546 867 3555 —
900 3515 1190 3570 LXXXIX.
1224 3518 1379 3571 Anno
1407 3515 1442 3568 4
1471 3516 1617 3585 regni
1645 3514 1957 3581 Chlodovei,

378 3624 605 3679 cumque
636 3608 1000 3663 Nantechildis
1027 3608 1207 3677 regina
1241 3623 1361 3662 cum
1396 3607 1503 3662 filio
1529 3622 1625 3660 suo
1654 3607 1963 3661 Clilodoveo

383 3713 527 3767 rege,
558 3706 679 3766 post
707 3698 1006 3753 discessum
1038 3697 1287 3766 Egante,
1313 3696 1614 3751 Aurelianis
1640 3696 1690 3749 in
1725 3698 1963 3765 Burgun-

381 3790 485 3842 ἀίω
516 3804 737 3858 regnum
766 3790 1021 3858 venisset,
1042 3788 1220 3858 ibique
1249 3801 1435 3842 omnes
1464 3787 1723 3854 seniores,
1750 3788 1963 3857 pontifi-

381 3895 497 3946 ces,
526 3883 690 3935 duces
731 3889 783 3935 et
824 3882 1078 3951 primates
1119 3880 1187 3935 de
1229 3894 1397 3949 regno
1437 3877 1757 3947 Burgundiaa
1795 3878 1860 3933 ad
1908 3894 1967 3934 se

386 3974 570 4028 venire
602 3973 850 4041 praecepit
879 3991 891 4026 :
929 3973 1111 4041 ibique
1138 3981 1362 4026 cunctos
1386 3971 1756 4026 Nantechildis
1785 3972 1968 4040 singil-

387 4066 528 4119 latim
559 4064 854 4128 attrahens,
882 4064 1197 4120 Flaochatus
1223 4073 1269 4129 ο,
1290 4078 1483 4131 genere
1516 4063 1773 4129 Francus,
1800 4062 1969 4131 major

388 4156 581 4210 domus
605 4156 655 4210 in
684 4172 905 4226 regnum
932 4155 1272 4227 Burgundiae,
1291 4155 1554 4211 electione
1583 4154 1889 4223 pontificum
1917 4166 1971 4210 et

387 4259 702 4304 cunctorum
755 4251 987 4312 ducum,
1028 4264 1057 4303 a
1106 4248 1458 4304 Nantechilde
1501 4248 1683 4317 regina
1730 4248 1783 4302 in
1828 4247 1971 4301 hunc

389 4340 611 4408 gradum
637 4341 854 4393 honoris
877 4339 1128 4394 nobiliter
1149 4338 1436 4405 stabilitur,
1452 4346 1774 4408 neptemque
1793 4351 1967 4403 suam,

393 4431 609 4485 nomine
666 4431 1058 4499 Bagnobertam
1115 4428 1141 4467 ἀ
1204 4430 1497 4485 Flaochato
1554 4430 1895 4499 desponsavit
1954 4450 1968 4488 ;

2060 3240 2346 3295 consilium
2375 3239 2444 3296 de
2476 3239 2694 3295 interitu
2726 3238 3032 3295 Willebadi.
3058 3239 3137 3295 Eo
3164 3253 3308 3294 anno
3335 3238 3640 3295 Nantecbil-

2060 3334 2145 3390 dis
2186 3336 2373 3405 regina
2422 3334 2646 3389 moritur
2679 3332 2877 3402 τ.1ρεο
2919 3346 3062 3388 anno
3103 3345 3293 3388 mense
3339 3331 3640 3401 Septembri

2063 3427 2381 3481 Flaochatus
2431 3441 2552 3482 cum
2598 3423 2908 3482 Chlodoveo
2959 3440 3115 3496 rege,
3156 3434 3211 3481 et
3258 3424 3641 3489 Erehinoaldo,

2065 3520 2353 3590 itidemque
2402 3520 2604 3589 majore
2651 3519 2874 3584 domus,
2917 3526 2971 3574 et
3019 3518 3280 3588 aliquibus
3330 3518 3643 3587 primatibus

2065 3612 2417 3674 Neustrasiis,
2447 3611 2514 3665 de
2555 3610 2823 3664 Parisiaco
2851 3624 3170 3679 promovens
3203 3624 3297 3678 per
3322 3610 3564 3663 Senonas
3592 3616 3645 3661 et

2066 3699 2527 3764 Antissiodorum,
2555 3699 2992 3768 Augustudunum
3036 3707 3419 3758 accesserunt;
3468 3697 3645 3767 ibique

2066 3790 2405 3845 Chlodoveus
2466 3788 2824 3843 Willebadum
2887 3786 3167 3857 patricium
3228 3788 3294 3841 ad
3344 3804 3407 3843 se
3466 3788 3646 3841 venire

2070 3883 2345 3952 prtecepit.
2394 3879 2729 3935 Wiliebadus
2782 3894 3011 3933 cernens
3066 3879 3306 3947 iniquum
3365 3878 3645 3932 consilium

2072 3976 2377 4039 Flaochati,
2406 3982 2459 4027 et
2499 3973 2738 4043 germani
2778 3973 2858 4026 sui
2902 3971 3225 4034 Amalberti,
3263 3971 3550 4040 Amalgarii
3597 3984 3649 4024 et

2071 4064 2445 4121 Chramneleni
2474 4073 2499 4109 8
2531 4064 2747 4127 ducum,
2774 4062 2840 4116 de
2870 4076 2969 4115 suo
2997 4060 3213 4117 interitu
3244 4059 3408 4116 fuisse
3436 4060 3645 4127 initum,

2072 4159 2328 4229 colligens
2359 4170 2539 4210 secum
2574 4153 2851 4224 plurimam
2885 4152 3280 4208 multitudinem
3311 4153 3379 4207 de
3408 4152 3650 4220 patricia-

2076 4261 2158 4304 tus
2188 4250 2270 4303 sui
2301 4249 2530 4303 termino
2550 4287 2565 4313 ,
2599 4247 2757 4301 etiam
2787 4256 2839 4301 et
2872 4246 3150 4315 pontifices
3171 4286 3185 4311 ,
3209 4259 3302 4299 seu
3332 4245 3569 4311 nobiles,
3600 4253 3651 4299 et

2075 4344 2273 4406 fortes,
2326 4352 2462 4409 quos
2509 4352 2834 4407 congregare
2882 4344 3155 4407 potuerat,
3209 4336 3649 4404 Augustudunum

2076 4430 2428 4503 gradiendum
2470 4430 2571 4484 iter
2602 4428 2846 4498 arripuit.
2878 4428 2972 4482 Cui
3000 4428 3164 4498 660
3192 4427 3405 4482 obviam
3434 4444 3461 4479 a
3492 4428 3653 4482 Chlo-

393 4523 655 4592 sponsalia
689 4523 803 4577 hate
834 4525 1013 4577 nescio
1034 4526 1142 4592 qua
1175 4523 1401 4579 factione
1427 4524 1644 4577 fiuntur.
1672 4522 1801 4577 Nam
1832 4524 1970 4579 aliud
2003 4511 2053 4570 Ῑ)
2078 4521 2777 4592 doveorege,ErchinoaIdo
2791 4519 2994 4589 majore
3018 4519 3230 4584 domus,
3256 4527 3311 4573 et
3341 4518 3650 4586 Flaochato,

390 4614 679 4669 consilium
718 4622 929 4670 secrete
960 4614 1276 4669 Flaochatus
1304 4624 1357 4668 et
1385 4614 1748 4670 Nantechildis
1791 4617 1971 4684 regina

394 4705 787 4770 machinantur,
813 4707 949 4773 quod
982 4707 1217 4760 creditur
1243 4707 1353 4761 Deo
1384 4722 1488 4762 non
1516 4708 1677 4763 fuisse
1704 4708 1971 4779 placibile,

468 4830 492 4856 ι
522 4820 683 4873 Clies.
705 4829 758 4874 et
785 4820 971 4881 Freh.,
1000 4818 1336 4887 Freudolfus.

465 4889 494 4926 ι’
529 4890 716 4943 Postea
747 4906 813 4945 eo
842 4891 1381 4965 inf_ole_ntite_devenit
1403 4900 1506 4965 ,_ut
1539 4891 1792 4965 defuncto
1832 4893 1976 4965 Sigi-

399 4960 572 5022 berto,
607 4968 827 5029 ejusque
864 4958 971 5014 filio
1000 4960 1299 5026 Dagoberto
1329 4962 1380 5015 in
1411 4962 1643 5016 Scotiam
1671 4958 1976 5027 amanitaio,

402 5032 805 5084 ()hildebertum
841 5031 1004 5100 filium
1037 5044 1194 5083 suum
1229 5031 1520 5084 Austrasia:
1551 5045 1728 5100 regem
1758 5033 1977 5086 salutari

401 5101 646 5168 jusserit.
678 5100 829 5165 Quod
860 5098 1068 5170 facinus
1101 5100 1255 5170 regni
1282 5101 1568 5168 optimates
1597 5098 1877 5167 detestati,
1903 5114 1981 5170 ty-

403 5188 573 5224 ranno
620 5172 940 5235 exturbato,
990 5168 1356 5223 Grimoaldum
1408 5170 1625 5225 Parisiis
1674 5172 1724 5225 in
1767 5168 1978 5227 vincula

400 5241 701 5309 conjecere,
733 5242 824 5295 ubi
855 5240 1138 5294 defunctus
1166 5248 1267 5294 est.
1290 5240 1545 5309 Tuncque
1576 5241 1927 5311 Dagobertus,
1948 5259 1975 5295 a

404 5312 717 5378 proceribus
745 5311 894 5382 regni
927 5320 1239 5382 revocatus,
1265 5320 1544 5382 paternum
1573 5311 1867 5367 Austrasiie
1895 5330 1979 5368 re-

404 5380 960 5451 guunraccepitIQna
991 5382 1059 5437 de
1091 5396 1148 5435 re
1181 5381 1423 5436 Valesius
1453 5380 1545 5434 lib.
1568 5398 1637 5434 xx
1668 5391 1725 5436 et
1756 5397 1867 5436 χχιι
1898 5399 1981 5438 re-

406 5468 523 5505 rum
556 5452 609 5504 Fr
625 5456 831 5515 ancic.;
859 5452 1225 5508 llenschenius
1247 5452 1299 5505 in
1320 5450 1492 5505 Vitam
1516 5453 1683 5505 sancti
1707 5452 1980 5521 Sigiberti,

406 5522 492 5574 die
522 5524 543 5574 i
586 5522 775 5588 Febr.;
810 5523 1141 5578 Bollaudiani
1189 5531 1242 5576 et
1282 5521 1553 5576 Mabillon.
1586 5522 1638 5575 in
1671 5537 1761 5590 pra
1785 5523 1821 5576 f.
1856 5525 1982 5577 ιι)ιηὶ

410 5590 450 5644 Il
483 5594 662 5647 Actor.
692 5602 1002 5647 sanctorum
1036 5594 1155 5648 0rd.
1187 5592 1539 5647 Benedictini.
1567 5593 1865 5660 Sigibertus
1895 5608 1984 5649 se-

412 5664 593 5734 pullus
634 5671 717 5718 est
762 5663 815 5717 in
855 5664 1181 5734 monasterio
1209 5664 1380 5718 sancti
1412 5663 1625 5718 Martini
1655 5663 1795 5732 quod
1822 5680 1987 5734 prope

413 5732 603 5790 Helias
649 5742 1019 5790 construxerat
1063 5733 1128 5789 ad
1177 5734 1349 5803 ripam
1397 5735 1652 5800 Mosellae,
1686 5734 1775 5790 ubi
1822 5732 1988 5791 Sacrae

2081 4617 2421 4674 Ermenricus
2447 4614 2769 4670 domesticus
2795 4611 3055 4682 dirigitur,
3078 4625 3143 4664 eo
3166 4609 3302 4678 quod
3326 4609 3663 4665 Willebadus

2087 4711 2404 4783 trepidabat,
2434 4719 2608 4764 utrum
2640 4707 2935 4771 accederet,
2967 4720 3032 4759 an
3063 4718 3217 4756 suum
3248 4702 3531 4756 devitando
3563 4716 3655 4768 pe-

2080 4827 2195 4892 ejus
2221 4823 2458 4892 reliquis:
2483 4820 2546 4892 ad
2572 4836 2661 4873 an.
2688 4818 2822 4873 1552
2842 4824 3070 4892 servatae
3101 4814 3469 4892 fu_erunt._Q_uo
3492 4829 3650 4873 anno,

2082 4884 2355 4950 destructa
2383 4884 2615 4946 funditus
2646 4892 2811 4944 sancti
2841 4887 3049 4942 Martini
3078 4885 3509 4949 abbatia,del;ita:
3532 4895 3654 4936 sunt

2082 4966 2369 5019 Nzinceium
2389 5004 2403 5025 ,
2434 4961 2521 5014 ubi
2552 4963 2601 5013 in
2632 4960 2859 5013 ecclesia
2892 4972 3050 5023 quam
3079 4956 3348 5023 appellant
3378 4954 3652 5017 priinatia—

2082 5035 2209 5099 lem,
2241 5048 2303 5086 ex
2334 5030 2575 5098 ejusdem
2603 5027 2828 5099 abbatis:
2859 5028 3485 5099 aliurmnquesacrorum
3520 5025 3657 5075 loco-

2084 5091 2207 5159 rutn
2248 5091 2435 5165 Spol'iis
2482 5108 2535 5152 et
2581 5097 2839 5151 reditibus
2882 5096 3081 5160 dotata,
3114 5094 3416 5163 quiescunt.
3445 5091 3659 5147 Festum

2087 5175 2203 5243 ejus
2232 5168 2537 5243 colitu_r_die
2567 5169 2604 5243 I_
2625 5165 2922 5243 Februarii.

2161 5256 2182 5283 ο
2214 5242 2339 5304 Alii,
2370 5237 2689 5301 Flaucadus,
2713 5252 2806 5289 seu
2836 5234 3185 5297 Flaoclmdus,
3211 5242 3264 5288 et
3293 5233 3368 5287 sic
3398 5233 3527 5304 infra

2155 5315 2183 5351 ἀ
2214 5311 2367 5367 Colb.
2389 5319 2444 5363 et
2473 5310 2612 5363 Editi
2643 5306 2881 5375 quidam,
2902 5306 3269 5374 llegimbertam
3287 5320 3306 5370 ;
3334 5304 3427 5369 aL,
3456 5303 3660 5373 Regim-

2091 5388 2314 5444 bertam;
2340 5382 2560 5443 Chesn.,
2591 5378 2991 5447 liagnobergam.

2164 5464 2188 5492 ε
2220 5443 2373 5508 Colh.
2403 5459 2458 5505 et
2486 5450 2625 5504 Editi
2659 5443 2883 5517 aliquot,
2911 5448 3222 5517 vehementer
3247 5443 3469 5497 minabat
3500 5444 3663 5497 consi~

2094 5527 2240 5580 lium.
2267 5523 2421 5587 Boh.,
2447 5521 2726 5581 eminebat;
2753 5516 2861 5583 alii,
2890 5516 3202 5587 eliminabat.

2174 5594 2191 5633 τ
2227 5584 2438 5659 Sepulta
2470 5599 2552 5645 est
2579 5593 2628 5642 in
2653 5588 2879 5659 basilica
2910 5587 3079 5659 sancti
3112 5584 3370 5659 Dionysii.

2166 5675 2189 5711 ε
2224 5650 2397 5727 Coib.,
2436 5661 2690 5714 Ramleni.
2742 5657 2883 5712 eum
2927 5658 3154 5724 aliquot,
3208 5650 3535 5710 ιεὶιηιηειεηε·
3573 5650 3653 5707 al.

2093 5734 2404 5791 Chramncli.
2428 5732 2744 5787 C’tmmicni.
2771 5737 2823 5784 ct
2851 5730 2931 5786 sic
2958 5727 3114 5784 infra.
