4132 6348
557 311 659 366 ΙᾸΟΞ

1503 311 1920 368 FREDEGARII
1965 310 2407 369 SCHOLASTICI
2439 312 2862 368 CIIRONICUM.

3715 310 3835 364 664

556 427 780 480 riculum
813 426 1113 496 repedaret,
1146 435 1202 479 ut
1246 425 1314 480 ab
1356 424 1648 479 Ermenrici
1681 427 2119 494 promissionibus
2153 429 2198 483 Λ
2226 427 2470 495 clypeum
2499 427 2782 496 elevasset,
2806 424 3105 480 Manault‘us
3135 438 3255 480 cum
3285 433 3446 481 conto
3475 424 3835 482 Bertharium

558 530 858 590 praeventus
886 533 1052 587 usque
1085 518 1525 590 Augustudunum
1554 520 1953 589 aggrederetur,
1973 537 2128 589 quem

561 617 649 668 ille
676 613 901 668 credens
930 612 1195 679 condigne
1225 611 1355 681 [AI.,
1388 609 1586 681 digitis]
1619 611 1928 665 muneribus
1957 612 2129 664 hono-

555 707 714 758 :avit.
746 704 871 757 Post
902 713 1108 774 tergunt
1137 701 1251 769 ejus
1280 702 1722 771 Augustudunum
1752 703 1998 766 accessit,
2030 701 2127 757 ibi-

553 810 654 860 que
697 793 923 848 tentoria
966 808 1086 846 cum
1129 794 1240 847 suis
1279 808 1377 847 nec
1423 793 1605 861 procul
1646 793 1712 846 ab
1755 793 1887 847 urbe
1931 794 2127 862 posuit.

555 885 752 938 Eodem
786 883 877 937 die
911 899 1017 952 quo
1063 882 1260 937 ibidem
1305 891 1734 952 peraccesserat,
1767 882 2070 952 A'gilulfum
2101 894 2127 922 ι

552 975 808 1028 Valentia:
839 975 985 1028 urbis
1017 973 1327 1044 episcopum
1347 1015 1361 1039 ,
1391 982 1446 1029 et
1474 974 1743 1044 Cysonem
1775 973 2026 1028 comitem
2057 973 2124 1028 ad

551 1067 949 1137 prtevidendum
978 1082 1097 1137 qua:
1127 1068 1420 1138 agebantur
1447 1065 1887 1134 Augustudunum
1919 1065 2127 1148 dig-exe-

552 1168 654 1225 rat,
677 1160 766 1231 qui
796 1175 826 1214 a
858 1160 1146 1215 Flaochato
1177 1160 1230 1214 in
1263 1159 1394 1214 urbe
1421 1157 1612 1213 retenti
1644 1169 1784 1212 sunt.
1812 1158 1866 1211 ln
1893 1160 2126 1213 crastino

551 1253 891 1319 Flauchatus,
917 1253 1251 1322 Amalgarius
1278 1261 1328 1307 et
1360 1252 1800 1318 Chramneleuus,
1829 1253 1915 1322 qui
1947 1253 2124 1305 consi-

550 1343 678 1398 lium
701 1345 768 1398 de
791 1344 1008 1399 interitu
1023 1343 1300 1398 Willebadi
1324 1344 1646 1398 unanimiter
1666 1345 2122 1412 conSpiraverant,

551 1436 620 1491 de
647 1437 779 1490 urbe
803 1435 1188 1506 Augustuduno
1218 1434 1474 1488 maturius
1505 1447 1899 1503 promoventes,
1917 1438 2125 1490 cat-teri-

549 1544 650 1596 que
677 1528 837 1582 duces
863 1528 928 1581 de
953 1543 1114 1595 regno
1142 1528 1458 1598 Burgundiae
1487 1543 1606 1582 cum
1632 1530 1868 1584 exercitu
1899 1529 1975 1582 eis
2001 1528 2123 1582 sub-

549 1616 855 1685 iunguntur.
876 1617 1263 1671 Erchinoaldus
1284 1632 1402 1671 cum
1431 1618 1751 1672 Neustrasiis
1778 1633 1911 1686 quos
1939 1633 2119 1672 secum

547 1707 805 1773 habebat,
840 1706 1084 1777 idemque
1131 1723 1277 1762 arma
1323 1723 1539 1763 sumens
1570 1708 1634 1761 ad
1670 1709 1770 1762 hoc
1799 1708 1995 1762 bellum
2028 1724 2119 1778 ag-

2238 519 2289 569 in
2339 529 2552 584 pectore
2598 519 2922 586 percutiens.
2955 517 3136 571 caeteri
3165 514 3252 586 qui
3281 531 3402 571 cum
3434 531 3499 572 eo
3529 526 3834 584 venerant,

2236 608 2514 676 ipsumque
2551 607 2709 677 661
2741 606 3168 670 circumdantes,
3196 620 3260 660 eo
3309 606 3451 674 quod
3499 606 3835 661 Bertbarius

2235 700 2457 752 nimium
2510 698 2734 766 reliquis
2780 697 3168 766 praecessisset,
3203 696 3512 752 vulneratur
3555 700 3829 767 graviter.

2231 790 2380 846 Tunc
2411 791 2630 845 Aubedo
2655 801 2702 858 ο,
2735 791 2871 845 ﬁlius
2917 789 3201 856 Bertbarii,
3230 804 3458 844 cernens
3502 802 3711 859 patrem
3772 793 3830 844 in

2238 882 2477 952 periculo
2507 883 2730 947 mortis,
2761 897 2923 937 cursu
2951 881 3290 936 velocissimo
3329 880 3466 952 patri
3509 882 3830 936 auxiliando

2231 979 2487 1045 perrexit.
2523 975 2786 1030 Manaulfo
2813 984 2973 1030 conto
3004 989 3256 1044 percusso
3297 975 3351 1028 in
3393 982 3640 1044 pectore,
3667 983 3829 1030 terra

2230 1067 2548 1133 prostravit;
2577 1074 2802 1119 cmteros
2827 1065 2915 1134 qui
2939 1074 3142 1133 patrem
3165 1073 3540 1134 percusserant
3563 1074 3828 1134 totosque

2230 1157 2516 1212 interfecit.
2547 1157 2640 1212 Sic
2673 1157 3010 1211 Bertharium
3035 1172 3188 1211 suum
3213 1157 3614 1225 genitorem,ut
3641 1156 3827 1212 ﬁdelis

2230 1247 2389 1315 ﬁlius,
2426 1257 2718 1317 praestante
2749 1249 2996 1312 Domino,
3027 1247 3272 1301 liberavit
3297 1261 3327 1300 a
3358 1253 3548 1300 morte.
3580 1246 3647 1300 ili
3680 1262 3828 1302 vero

2228 1337 2391 1392 duces
2436 1336 2525 1407 qui
2573 1351 2692 1390 cum
2736 1352 2921 1392 eorum
2968 1339 3205 1392 exercitu
3252 1351 3411 1405 super
3452 1337 3823 1392 Willebadum

2227 1426 2434 1480 irruere
2469 1426 2768 1490 noluerant,
2807 1425 3035 1480 tentoria
3073 1424 3379 1494 Willebadi,
3408 1427 3821 1495 episcojiorum,

2227 1519 2310 1572 rel
2342 1526 2657 1570 caeterorum
2681 1557 2696 1582 ,
2726 1518 2816 1586 qui
2845 1532 2963 1570 cum
2991 1531 3060 1571 eo
3088 1525 3375 1582 venerant,
3403 1517 3780 1584 deprzedando
3800 1557 3818 1582 ,

2227 1608 2510 1676 plurimum
2541 1605 2667 1658 inibi
2697 1607 2810 1660 auri
2838 1614 2892 1661 et
2915 1607 3120 1676 argenti
3145 1609 3362 1675 capiunt
3387 1624 3399 1658 :
3430 1607 3766 1676 reliquisque
3791 1604 3820 1644 ά

2226 1701 2387 1754 rebus
2428 1709 2481 1754 et
2510 1700 2776 1769 equitibus
2817 1700 2948 1771 [Al.,
2981 1698 3156 1771 equis]
3199 1702 3266 1754 ab
3306 1701 3390 1756 his
3432 1703 3521 1772 qui
3563 1703 3823 1773 praaliare

547 1795 1148 1866 greditur.Wiliebadus
1170 1813 1200 1852 e
1224 1809 1408 1852 contra
1435 1798 1537 1851 tela
1565 1799 1732 1866 praelii
1754 1798 1781 1836 δ
1805 1809 2122 1854 construens
2155 1797 2200 1856 Β
2228 1797 2509 1851 noluerant
2553 1795 2788 1865 percepti
2834 1803 2979 1851 sunt.
3012 1795 3105 1850 llis
3153 1797 3223 1850 ita
3272 1797 3458 1866 gestis,
3489 1796 3819 1852 Flaochatus

547 1900 896 1957 quoscunque
943 1888 1114 1957 potuit
1161 1889 1420 1954 adunare,
1457 1889 1745 1959 phalanges
1793 1902 2029 1961 utraeque
2073 1893 2123 1948 in

547 1979 928 2046 congressione
966 1979 1277 2034 certaminis
1303 1979 1600 2049 junguntur
1625 1982 1691 2035 ad
1725 1983 1967 2051 prtelium
2013 2003 2024 2036 :
2072 1985 2123 2038 in

549 2081 612 2120 ea
645 2082 816 2136 pugna
849 2069 1199 2135 Flaochatus,
1229 2071 1563 2141 Amalgarius
1589 2082 1642 2127 et
1670 2072 2121 2144 Chramnelenus,

547 2158 785 2228 itemque
815 2158 1228 2216 Wandelbertus
1265 2163 1428 2218 duces
1468 2179 1588 2218 cum
1634 2166 1745 2219 suis
1785 2167 1836 2220 in
1877 2182 2128 2238 congres-

544 2250 702 2305 sione
758 2251 1071 2307 certaminis
1129 2262 1314 2309 contra
1362 2254 1722 2312 Willebadum
1788 2262 2125 2330 pugnandum

545 2344 859 2414 conﬂigunt.
884 2345 1014 2401 Nam
1048 2350 1228 2403 czeteri
1259 2350 1442 2416 duces,
1470 2353 1550 2407 vel
1577 2353 1887 2421 Neustrasii,
1913 2359 2000 2426 qui
2028 2375 2128 2414 un-

545 2436 707 2507 dique
749 2437 971 2492 eosdem
1012 2440 1308 2495 debuerant
1347 2443 1700 2510 circumdare,
1732 2462 1790 2500 se
1833 2449 2126 2506 retinentes

545 2529 873 2598 aspicieliant
891 2572 910 2600 ,
938 2542 1307 2602 exspectantes
1335 2547 1585 2592 eventum
1605 2581 1618 2605 ,
1651 2540 1937 2594 noluerunt
1965 2556 2126 2609 super

547 2617 905 2675 Willebadum
937 2621 1176 2689 irruere;
1208 2625 1384 2694 ibique
1411 2627 1738 2683 Willebadus
1769 2613 2123 2687 interﬁcitur:

547 2710 764 2778 plurimi
819 2728 938 2768 cum
988 2716 1104 2783 ipso
1149 2716 1219 2771 de
1264 2717 1376 2772 suis
1419 2718 1597 2788 gladio
1647 2721 1995 2777 trucidantur.
2047 2725 2126 2780 Eo

550 2804 844 2860 certamine
870 2809 1079 2861 caeteris
1121 2808 1322 2876 primus
1364 2808 1673 2865 Bertharius
1699 2826 1878 2867 comes
1910 2815 2121 2884 palatii,

547 2894 783 2952 Francus
825 2899 893 2952 de
939 2915 1071 2969 pago
1126 2901 1518 2968 Ultra-Jurano,
1547 2914 1732 2959 contra
1763 2904 2124 2965 Willebadum

545 2989 798 3059 conﬂigit.
823 2992 1092 3047 Adversus
1113 3009 1271 3064 quem
1297 2996 1545 3052 frendens
1570 2998 1863 3054 Manaull‘us
1885 3002 2129 3074 Burgun-

545 3079 666 3143 dio,
698 3081 882 3136 exieus
910 3084 978 3139 de
1010 3084 1150 3140 inter
1175 3089 1384 3142 caeteris
1410 3104 1530 3143 cum
1557 3089 1669 3144 suis
1699 3091 1956 3147 adversus
1988 3095 2127 3149 Ber-

545 3169 773 3226 tharium
823 3176 1203 3243 prteiiandum;
1247 3179 1559 3235 Bertharius
1587 3196 1652 3236 eo
1682 3185 1822 3253 quod
1856 3187 2002 3254 prius
2047 3187 2124 3243 illi

545 3260 745 3315 amicus
772 3265 978 3331 fuisset,
1001 3265 1184 3321 dicens
1211 3285 1222 3321 :
1251 3267 1381 3322 Veni
1411 3269 1511 3323 sub
1540 3271 1728 3341 clypeo
1757 3289 1899 3339 meo,
1926 3275 1993 3330 de
2023 3277 2125 3332 hoc

546 3353 787 3419 periculo
832 3365 884 3410 te
930 3356 1184 3414 liberabo.
1219 3359 1458 3431 Cumque
1502 3362 1568 3418 ad
1619 3379 1739 3418 eum
1793 3365 2122 3423 liberandum

2231 1890 2282 1944 in
2313 1891 2547 1945 crastino
2577 1889 2644 1944 de
2674 1889 3060 1959 Augustuduno
3088 1904 3440 1960 promovens,
3472 1891 3820 1948 Cabillonum

2232 1981 2484 2049 perrexit.
2517 1979 2790 2051 Ingressus
2820 1979 2871 2034 in
2905 1979 3113 2044 urbem,
3140 1980 3264 2033 urbs
3293 1981 3454 2052 662
3481 1981 3534 2036 in
3562 1985 3815 2037 crastino

2233 2071 2415 2125 nescio
2444 2086 2550 2140 quo
2582 2085 2708 2124 casu
2737 2070 2967 2124 maxime
2997 2078 3103 2122 tota
3135 2069 3384 2125 incendio
3411 2081 3815 2127 concrematur.

2230 2163 2545 2219 Flaochatus
2587 2162 2786 2233 judicio
2817 2162 2913 2216 Dei
2959 2176 3278 2232 percussus,
3308 2173 3531 2219 vexatus
3560 2180 3592 2218 a
3622 2163 3816 2231 febre,

2229 2259 2520 2314 collocatur
2567 2257 2620 2312 in
2677 2257 2954 2326 scapham,
2985 2266 3174 2311 evectu
3227 2258 3401 2311 navali
3452 2273 3550 2328 per
3595 2260 3814 2316 Ararim

2228 2350 2470 2418 ﬂuvium,
2495 2348 2586 2418 qui
2616 2349 3025 2418 cognominatur
3046 2347 3322 2403 Saoconua
3356 2349 3487 2420 [Al.,
3513 2350 3814 2424 Sagonna],

2229 2441 2482 2496 Latonam
2529 2454 2846 2510 properans,
2876 2440 2928 2493 in
2975 2440 3192 2504 itinere,
3222 2439 3506 2495 undecimo
3547 2443 3637 2498 die
3685 2451 3813 2513 post

2228 2533 2509 2589 Willebadi
2536 2533 2830 2598 interitum,
2850 2532 3028 2587 emisit
3051 2533 3326 2602 spiritum;
3354 2536 3699 2607 sepultusque
3723 2545 3812 2594 est

2227 2627 2281 2681 in
2314 2626 2538 2682 ecclesia
2573 2625 2744 2679 sancti
2777 2624 2999 2695 Benigni
3045 2627 3094 2679 in
3139 2626 3448 2682 suburbano
3479 2628 3808 2684 Divionensi.

2225 2720 2476 2776 Creditur
2515 2734 2543 2772 a
2591 2718 2833 2788 plurimis
2865 2717 2918 2772 bi
2949 2718 3084 2781 duo,
3119 2718 3440 2774 Flaochatus
3468 2730 3521 2774 et
3550 2719 3808 2776 Willeba-

2227 2813 2363 2878 dus,
2397 2825 2461 2865 eo
2492 2809 2632 2879 quod
2665 2810 2829 2862 multa
2863 2808 2916 2862 in
2948 2810 3176 2863 invicem
3209 2825 3301 2878 per
3332 2810 3447 2864 loca
3491 2808 3808 2868 Sanctorum

2226 2903 2294 2958 de
2324 2899 2556 2955 amicitia
2587 2898 2871 2970 obliganda
2903 2909 3235 2955 sacramenta
3265 2900 3546 2967 dederant,
3575 2913 3624 2955 et
3647 2911 3805 2956 uter-

2225 3012 2330 3068 que
2351 2997 2573 3066 populos
2596 2995 2696 3049 sibi
2724 2994 2992 3064 subjectos
3013 2994 3318 3064 cupiditatis
3344 2993 3592 3049 instinctu
3619 2994 3809 3065 inique

2228 3094 2627 3159 Oppresserant,
2657 3085 2815 3140 simul
2858 3095 2913 3140 et
2952 3100 2981 3138 a
3026 3085 3186 3140 rebus
3229 3084 3633 3149 nudaverant‘,
3665 3086 3810 3156 quod

2155 3161 2200 3226 C
2229 3181 2430 3252 judicio
2463 3180 2558 3234 Dei
2587 3177 2655 3232 de
2681 3192 2871 3232 eorum
2902 3177 3247 3245 Oppressione
3277 3176 3497 3234 plurima
3527 3179 3808 3232 multitudo

2229 3275 2451 3328 liberata
2479 3270 2569 3335 sit,
2589 3277 2848 3324 eteorum
2872 3269 3087 3337 perﬁdia
3113 3279 3167 3326 et
3188 3268 3462 3326 mendacia
3488 3285 3582 3327 eos
3607 3279 3808 3328 utrum-

2229 3381 2333 3437 que
2362 3362 2580 3418 interire
2610 3359 2860 3415 fecissent
2886 3358 2924 3416 '.

1577 3518 1868 3562 EXPLICIT
1913 3522 2305 3569 FREDEGABH
2341 3513 2739 3562 CHROSICUM.

616 3693 643 3763 ξ
676 3684 891 3763 έίἰῳιοι
925 3685 1082 3751 Editi,
1109 3687 1397 3763 _Ailul[u_m;
1429 3689 1613 3763 F_rch.,
1644 3690 1932 3763 Aigulfum.

616 3755 644 3838 ιξ
680 3755 1273 3838 [relierusnsuspicatﬂur
1301 3761 1579 3838 legendum
1598 3755 1730 3818 esse
1755 3755 1903 3819 telam
1929 3768 2114 3838 praelii.

617 3837 641 3865 ι
681 3826 823 3882 Clar.
857 3839 910 3882 et
940 3828 1036 3882 (2h.
1071 3831 1162 3894 al.,
1191 3826 1482 3886 Charm—edo.

614 3897 643 3933 ά
765 3909 866 3965 est,
885 3900 1220 3974 [eiiquagque
1254 3911 1405 3974 τρε-ει
1431 3902 1644 3970 equites,
1676 3918 1769 3958 seu
1799 3923 1975 3974 equos.

618 3979 658 4044 '_
681 3969 853 4034 (ΠΜ-η
884 3971 1040 4035 ΒοΙι.,
1072 3969 1226 4027 COIb.
1253 3983 1307 4026 et
1332 3972 1524 4044 Palat.,
1562 3969 1846 4044 in’populis
1873 3980 1969 4032 sibi
1998 3981 2121 4033 sub‘

543 4038 753 4111 iectis...
788 4053 1138 4110 oppresserant
1154 4045 1306 4095 simul
1325 4042 1599 4096 letarebus.
1639 4038 1823 4111 Freh.,
1857 4051 2121 4104 lateribus.

541 4111 618 4165 De
639 4110 918 4189 utriusque
964 4124 1150 4189 morte
1175 4115 1296 4167 vide
1336 4114 1685 4189 sanctiEligii
1721 4117 1913 4180 Vitam.
1963 4136 2119 4189 quam

546 4181 1007 4258 scripsit_sanct_us
1027 4184 1345 4258 _Audoenus,
1375 4196 1429 4238 et
1455 4181 1638 4238 Vitam'
1653 4189 1818 4242 sancti
1851 4181 2120 4258 Sigiranni

543 4265 668 4304 saec.
705 4267 739 4303 ιι
773 4251 1134 4306 Benedictino.

616 4319 640 4399 ξ
685 4319 782 4399 ῌίο
810 4321 1007 4399 desinit
1034 4323 1336 4399 Chronicon
1371 4325 1637 4399 iu_codice
1669 4329 2119 4396 Claromontensi,

618 4389 800 4464 i_circa
904 4402 1108 4464 tempus
1138 4394 1366 4461 scriptus
1393 4396 1622 4461 videtur,
1649 4409 1704 4452 ut
1731 4400 1781 4451 in
1813 4389 2120 4464 prmfaiiune

583 4458 971 4534 isimusleem
1005 4463 1162 4534 habet
1191 4458 1340 4534 vetus
1383 4466 1546 4519 codex
1578 4458 1665 4534 qui
1695 4458 1824 4520 olim
1863 4471 1958 4523 fuit
1991 4473 2121 4525 Mel-

2225 3696 2394 3752 codex
2439 3701 2543 3762 est,
2586 3692 2639 3746 ni
2689 3690 3068 3762 fallor,ggquem
3108 3689 3347 3748 Valesius
3388 3693 3568 3747 laudat
3607 3693 3699 3748 lib.
3734 3711 3803 3750 xx

2227 3769 2423 3822 lterum
2457 3763 2699 3819 Francic.
2739 3778 2802 3815 ex
2834 3761 3152 3816 bibliotheca
3184 3763 3469 3818 Christinze
3509 3764 3806 3822 Succorum

2228 3839 2445 3908 reginae.
2499 3836 2637 3908 Quin
2677 3845 2736 3908 et
2785 3833 2838 3884 in
2877 3831 3002 3885 cod.
3051 3832 3372 3908 Bolteria_no,
3403 3835 3455 3888 in
3487 3850 3596 3908 quo
3620 3836 3806 3891 subse-

2226 3903 2444 3976 qu'entia
2490 3904 2750 3976 Chronica
2813 3916 3107 3976 omnesque
3163 3903 3464 3958 additiones
3515 3905 3805 3972 habentur,

2225 3972 2455 4047 spatium
2513 3976 2600 4029 hic
2646 3972 2964 4047 relinquitur
3002 3987 3268 4047 vacuum,
3300 3985 3406 4047 tum
3441 3975 3804 4047 perglitteram

2228 4040 2574 4116 majusculam
2609 4047 2766 4098 habet
2795 4040 2985 4116 Igitur,
3013 4052 3144 4116 etc.,
3164 4040 3416 4116 eti-index
3443 4040 3805 4116 capitul_orum

2228 4111 2375 4186 operi
2412 4116 2666 4186 prmﬁxus
2692 4111 2887 4186 desinit
2935 4113 2994 4186 iu_
3017 4111 3106 4177 89,
3137 4115 3199 4168 de
3225 4111 3523 4169 Willibaldi
3543 4126 3588 4169 et
3617 4113 3805 4170 Flacc-

2227 4183 2338 4242 aldi
2367 4188 2593 4240 interitu.
2631 4185 2779 4240 Unde
2809 4191 2955 4250 patet
2979 4183 3095 4253 hate
3140 4187 3392 4253 opuscula
3422 4188 3642 4240 omnino
3685 4202 3807 4242 esse

2228 4260 2463 4313 diversa.
2505 4258 2671 4311 Porro
2701 4256 2824 4310 licet
2854 4252 3206 4320 Fredegarius
3233 4257 3558 4310 Chronicum
3608 4272 3752 4310 anno
3773 4257 3807 4311 4

2226 4328 2540 4390 Chlodovei,
2578 4329 2665 4395 qui
2705 4325 2934 4393 vulgaris
2963 4338 3085 4395 atrae
3115 4328 3208 4380 fuit
3233 4327 3357 4392 641,
3382 4338 3473 4381 aut
3503 4327 3632 4392 642,
3652 4328 3805 4395 juxta

2230 4399 2425 4452 Valesii
2466 4393 2768 4463 computum
2795 4435 2809 4460 ,
2860 4393 3217 4461 concluserit,
3266 4413 3386 4450 eum
3439 4407 3615 4451 tamen
3655 4393 3805 4454 ultra

2231 4470 2370 4523 hunc
2398 4482 2593 4520 annum
2644 4466 2801 4518 vitam
2835 4466 3147 4532 produxisse
3175 4476 3316 4535 patet
3346 4482 3409 4521 ex
3440 4483 3558 4534 cap.
3592 4467 3684 4532 48,
3717 4469 3804 4522 ubi

542 4528 1052 4606 ﬁrmamentis“,
1102 4513 1168 4586 ab
1210 4513 1546 4606 nescias;
1580 4513 1820 4591 ’ἰᾷἑηῖῖῒ
1845 4513 2114 4596 resisti
2151 4513 3684 4606 Damassis.me}.isatis;sensaes,1;;
3718 4513 3806 4592 ῑελ

543 4597 875 4653 Bollandiaui
924 4600 1167 4654 laudatus
1217 4603 1267 4655 in
1318 4606 1587 4658 observat.
1633 4609 1697 4660 ad
1728 4608 1898 4662 Vitam
1948 4615 2116 4666 sancti

542 4669 815 4749 §igiberti_.
851 4672 1015 4737 Quem
1049 4674 1286 4749 codicem
1311 4676 1639 4749 _ne_fortasse
1682 4677 1872 4747 aliquis
1922 4683 2120 4749 imper-

541 4742 735 4816 {ectutn
760 4742 918 4810 dicat,
953 4752 1094 4816 vetat
1122 4744 1354 4816 clausula
1374 4742 1621 4816 Explicit,
1653 4742 1848 4816 quze‘in
1880 4751 1981 4803 tine
2001 4742 2116 4806 'tam

541 4810 728 4868 indicis
772 4827 930 4883 quam
983 4813 1148 4884 ipsius
1182 4810 1726 4884 Chronici'apposi'ta
1774 4828 1876 4874 est.
1930 4820 1976 4875 Is
2007 4821 2119 4889 ipse

2226 4625 2346 4680 gem
2382 4623 2412 4660 a
2444 4607 2975 4680 W_i_n_idis_electum,
3019 4616 3071 4680 et
3100 4609 3255 4680 annis
3283 4607 3546 4680 55regno
3579 4608 3804 4680 potitum

2227 4677 2391 4733 fuisse
2418 4677 2634 4742 scribit;
2663 4677 3044 4732 Chindasvindi
3075 4679 3236 4733 etiam
3265 4679 3406 4748 regis
3432 4678 3804 4746 Hispaniarum

2226 4759 2452 4803 mortem
2490 4756 2544 4801 et
2583 4748 2684 4801 alia
2726 4758 3004 4816 memorat,
3034 4765 3151 4820 qua:
3198 4762 3316 4820 post
3339 4749 3634 4806 Chlodovei
3662 4764 3804 4804 mor~

2225 4829 2334 4876 tem
2371 4819 2730 4888 contigerunt.
