4132 6348
1260 343 1869 354 _——.—_~_——-————

367 343 3611 382 Wa:

633 500 1882 652 FREDEGARII
1987 497 3318 653 SCHOLASTICI

563 766 1803 976 (liburnicam
1945 773 3375 976 continuatum.

1409 1128 2572 1182 ψ

1446 1285 1854 1392 ΡΛΗΒ
1904 1285 2474 1444 PRIMA,

1389 1524 1851 1602 AUCTOBE
1981 1527 2113 1606 AN
2121 1527 2255 1606 ON
2264 1527 2514 1605 YMO.

416 1867 576 1938 663
598 1866 727 1921 XCI.
757 1865 919 1936 Igitur
948 1875 975 1905 ι
1005 1866 1341 1923 Chlodoveus
1369 1866 1507 1921 ﬁlius
1541 1865 1826 1937 Dagoberti
1856 1880 1920 1920 ex
1949 1868 2000 1928 Α
2028 1869 2227 1921 Auster
2273 1881 2305 1921 a
2349 1866 2574 1925 Francis
2644 1871 2700 1928 in
2766 1888 2990 1945 regnum
3034 1876 3272 1934 elevatus
3315 1887 3427 1948 est,
3470 1881 3610 1954 apud

348 1974 544 2028 genere
604 1959 1021 2030 alienigenarum
1067 1960 1305 2030 reginam
1356 1959 1660 2029 accipiens,
1710 1959 1925 2014 nomine

349 2050 743 2106 Baldecliildem
773 2051 825 2117 δ,
856 2052 1169 2120 prudentem
1199 2060 1358 2122 atque
1385 2053 1680 2121 elegantem
1700 2096 1714 2119 ,
1743 2051 1926 2121 genuit

348 2155 412 2194 ex
471 2155 533 2195 ea
596 2141 734 2196 filios
797 2149 943 2207 tres,
1001 2141 1394 2206 Chlotharium,
1459 2141 1815 2196 Childericum
1872 2149 1927 2198 et

347 2231 778 2286 Theodoricum:
828 2231 1162 2301 habebatque
1209 2234 1464 2301 majorem
1512 2233 1702 2288 domus
1744 2233 1922 2302 palatii

350 2324 514 2378 virum
560 2330 837 2378 strenuum
875 2331 1036 2394 atque
1080 2323 1399 2394 sapientem,
1433 2325 1649 2378 nomine
1688 2323 1926 2378 Ercban-

350 2414 578 2469 waldum
610 2425 657 2468 ο.
685 2414 1019 2470 Chlodoveus
1047 2417 1226 2486 itaque
1253 2417 1305 2470 in
1337 2431 1502 2486 regno
1527 2431 1711 2484 pacem
1744 2417 1926 2474 habuit

348 2506 544 2575 absque
591 2507 750 2561 bello.
803 2507 856 2560 ln
905 2509 1167 2562 extremis
1214 2522 1342 2563 vero
1383 2509 1505 2561 vitae
1548 2508 1703 2562 annis
1741 2523 1924 2564 amens

347 2597 564 2653 effectus
610 2597 720 2651 vita
765 2599 977 2668 caruit,
1029 2599 1378 2668 regnavitque
1424 2613 1594 2654 annos
1640 2599 1827 2655 decem
1870 2611 1924 2657 et

345 2696 465 2742 octo
493 2685 542 2739 ἀ.

415 2777 563 2831 Anno
603 2793 780 2832 ocul.
803 2806 873 2819 —-
900 2777 1055 2833 XCII.
1097 2779 1288 2834 Franci
1319 2795 1530 2850 quoque
1556 2780 1922 2840 Chlotharium

346 2868 509 2923 filium
546 2870 664 2939 ejus
699 2871 954 2940 majorem
984 2872 1036 2925 in
1073 2887 1238 2942 regno
1267 2882 1524 2940 statuunt,
1553 2891 1672 2931 cum
1705 2880 1921 2946 praefata

347 2960 526 3027 regina
553 2969 742 3016 matre.
766 2961 965 3017 Eodem
991 2962 1154 3034 664
1182 2979 1392 3033 quoque
1423 2977 1662 3034 tempore
1681 2978 1922 3024 mortuus

348 3059 426 3104 est
449 3050 862 3106 Erchanwaldus
887 3053 1056 3121 major
1078 3054 1269 3109 domus
1300 3055 1500 3122 palatii.
1525 3057 1711 3111 Franci
1742 3069 1918 3114 autem

349 3141 397 3196 ln
429 3142 631 3198 incerto
657 3144 995 3210 vacillantes,
1024 3155 1242 3214 accepto
1271 3149 1514 3213 consilio,
1545 3148 1837 3206 Ebruinum
1867 3153 1918 3206 in

349 3231 503 3302 hujus
530 3235 750 3290 honoris
780 3251 963 3289 curam
992 3251 1054 3291 ac
1079 3236 1390 3305 dignitatem
1426 3247 1686 3296 statuunt.

415 3327 515 3380 An.
557 3341 795 3383 ncex.—
815 3327 994 3384 XCIII.
1037 3328 1194 3385 Hisce
1220 3331 1404 3386 diebus
1433 3331 1776 3391 Chlotharius
1806 3352 1920 3405 rex,

350 3429 376 3470 I
403 3417 573 3472 valida
615 3419 762 3475 febre
803 3428 1103 3490 correptus,
1134 3419 1266 3476 obiit
1313 3422 1366 3476 in
1399 3421 1700 3493 juventute,
1735 3441 1924 3496 regna-

350 3508 524 3577 vitque
550 3524 717 3565 annos
743 3521 969 3581 quatuor
996 3521 1043 3567 ο.

417 3600 516 3656 An.
557 3619 874 3659 ncuix.—
910 3604 1275 3661 Theodoricus
1317 3619 1447 3661 vero
1494 3607 1660 3662 frater
1705 3610 1822 3678 ejus
1869 3610 1920 3663 in

352 3707 567 3765 regnum
609 3698 892 3763 successit;
935 3695 1268 3754 Childericus
1295 3698 1438 3753 enim
1469 3699 1633 3755 frater
1662 3701 1777 3770 ejus
1814 3698 1833 3738 ί
1867 3700 1921 3755 in

418 3867 446 3897 ι
475 3858 641 3926 Hujus
685 3858 990 3926 appendicis
1026 3867 1212 3913 auctor
1251 3858 1294 3913 is
1325 3859 1438 3927 ipse
1465 3867 1569 3923 est,
1601 3867 1660 3912 ut
1689 3859 1920 3926 videtur,

352 3929 438 4002 qui
467 3929 983 4002 variasCIironicaiin
1014 3945 1191 4002 unum
1205 3943 1398 3997 corpus
1427 3929 1665 3999 collegit.
1686 3930 1922 4002 __lliatu_m

353 3999 608 4057 annorum
658 3999 867 4053 circiter
895 3999 963 4052 59
992 4001 1078 4064 qui
1112 3999 1436 4054 effluxerunt
1483 4015 1511 4051 a
1545 4002 1647 4053 line
1676 3999 1925 4053 Chronici

354 4069 651 4138 Fredegarii
698 4069 762 4122 ad
810 4083 898 4122 an.
932 4068 1056 4134 680,
1084 4085 1188 4138 quo
1230 4069 1411 4137 incipit
1437 4083 1666 4135 sequens
1695 4069 1926 4122 Chroni-

354 4159 492 4206 cum,
525 4140 678 4198 infra,
710 4153 826 4206 cap.
856 4141 946 4205 97,
976 4139 1242 4204 supplevit
1272 4139 1604 4206 potissimum
1628 4153 1691 4192 ex
1721 4154 1930 4206 anony-

353 4221 440 4268 tno
463 4253 479 4276 ,
509 4211 599 4280 qui
631 4209 784 4264 Gesta
811 4225 986 4280 regum
1019 4207 1336 4280 Francorscm
1365 4209 1579 4276 scripsit
1620 4210 1720 4280 sub
1745 4209 1924 4262 Theo-

355 4278 539 4337 dorico
580 4280 820 4342 Calensi,
864 4278 918 4334 et
949 4281 1205 4334 Monacho
1251 4279 1595 4347 Dionysiano,
1644 4278 1926 4334 Gestorum

357 4354 635 4421 Dagoberti
688 4349 907 4418 ejusque
953 4350 1045 4403 filii
1094 4350 1388 4421 Chlouovei
1439 4350 1721 4417 scriptore.
1777 4349 1928 4421 Unde

357 4419 475 4477 cum
506 4423 593 4477 isti
622 4429 868 4476 auctores
895 4423 1198 4488 complures
1223 4419 1440 4473 fabellas
1468 4421 1576 4472 suis
1607 4419 1820 4487 scriptis
1851 4420 1927 4471 in-

2028 1955 2387 2012 Wulfoaldum
2419 1958 2633 2014 ducem.

2096 2047 2280 2103 XCIV.
2326 2049 2402 2104 Eo
2436 2060 2673 2119 tempore
2702 2051 2891 2110 Franci
2924 2055 3180 2111 adversus
3210 2057 3499 2114 Ebruinum
3529 2061 3609 2115 in-

2025 2138 2190 2196 sidias
2233 2153 2568 2210 praeparant;
2627 2155 2812 2201 contra
2862 2148 3253 2206 Theodoricuni
3306 2154 3608 2225 insurgunt,

2025 2246 2256 2300 eumque
2279 2233 2440 2302 665
2465 2249 2493 2287 a
2526 2250 2691 2304 regno
2715 2237 2974 2306 dejiciunt
3007 2257 3019 2291 :
3053 2241 3227 2295 crines
3267 2243 3460 2309 capitis
3490 2244 3608 2314 ejus

2023 2321 2402 2378 abscindentes
2452 2325 2825 2394 totonderunt,
2879 2328 3284 2400 Ebruinumque
3331 2343 3383 2386 et
3432 2334 3604 2402 ipsum

2027 2411 2272 2478 tondunt,
2304 2421 2360 2466 et
2403 2414 2454 2467 in
2485 2415 2842 2485 Burgundiam
2877 2418 3168 2474 Luxovium
3220 2425 3604 2478 monasterium

2024 2501 2244 2557 invitum
2272 2503 2527 2574 dirigunt.
2559 2507 2786 2578 Propter
2819 2509 3177 2565 Childericum
3210 2513 3262 2565 in
3289 2512 3484 2568 Auster
3526 2515 3606 2567 le-

2021 2599 2290 2664 gationem
2320 2602 2567 2666 mittunt;
2615 2618 2720 2657 una
2749 2619 2870 2658 cum
2916 2605 3184 2659 Wolfaldo
3211 2607 3347 2660 duce
3385 2609 3605 2662 venien-

2025 2700 2155 2758 tem,
2188 2707 2417 2763 eumque
2444 2711 2608 2764 super
2636 2706 2888 2752 cunctum
2930 2714 3152 2767 regnum
3185 2700 3498 2770 suscipiunt.

2095 2781 2251 2837 XCV.
2299 2783 2427 2838 Erat
2456 2786 2600 2840 enim
2629 2787 2745 2856 ipse
2773 2785 3111 2842 Childericus
3145 2805 3238 2842 rex
3285 2791 3416 2844 levis
3445 2800 3607 2855 atque

2021 2872 2214 2930 citatus
2245 2876 2424 2941 nimis,
2447 2887 2656 2946 gentem
2689 2877 3021 2931 Francorum
3053 2879 3106 2931 in
3138 2879 3454 2932 seditionem
3485 2881 3606 2934 mit-

2022 2973 2167 3032 tens,
2191 2975 2244 3020 et
2271 2966 2323 3019 in
2352 2966 2661 3020 scandalum
2706 2981 2770 3021 ac
2794 2966 3060 3032 derisum;
3091 2967 3262 3022 donec
3289 2968 3466 3022 odium
3501 2987 3604 3024 non

2020 3053 2287 3108 modicum
2319 3055 2460 3110 inter
2505 3055 2650 3124 ipsos
2688 3057 2856 3111 crevit
2902 3071 3070 3126 usque
3115 3057 3180 3110 ad
3211 3059 3522 3114 scandalum
3554 3073 3606 3115 et

2019 3149 2254 3204 ruinam.
2296 3149 2412 3217 Quo
2437 3150 2839 3219 ingravescente
2867 3165 3029 3204 unum
3059 3149 3320 3205 Francum
3348 3153 3604 3218 nobilem,

1948 3242 1996 3302 Β
2024 3243 2240 3298 nomine
2267 3243 2603 3308 Bodilonem,
2632 3241 2697 3296 ad
2727 3241 2962 3310 stipitem
3003 3251 3213 3298 tensum
3243 3243 3452 3298 czndere
3481 3259 3606 3299 con-

2023 3343 2108 3390 tra
2158 3335 2328 3404 legem
2377 3337 2652 3405 praecepit.
2700 3333 2953 3390 Videntes
3003 3336 3118 3390 hac
3167 3335 3379 3402 Franci,
3433 3337 3483 3391 in
3533 3338 3607 3394 ira

2024 3441 2214 3496 magna
2236 3429 2511 3493 commoti,
2535 3427 2871 3498 Ingolbertus
2896 3429 3144 3486 videlicet
3170 3439 3226 3484 et
3245 3429 3605 3494 Amalbertus,

2023 3517 2108 3572 vel
2157 3518 2346 3587 reliqui
2404 3518 2634 3588 majores
2689 3526 2817 3573 natu
2862 3517 3231 3584 Francorum,
3285 3517 3605 3576 seditionem

2022 3617 2206 3665 contra
2239 3611 2410 3680 ipsum
2432 3610 2794 3666 Childericum
2823 3613 3247 3668 concitaverunt.

2096 3705 2195 3758 Aa.
2227 3719 2479 3759 ncuxm.
2501 3734 2573 3744 —
2595 3703 2918 3760 Memoratus
2942 3704 3128 3758 Bodilo
3151 3717 3312 3773 super
3337 3717 3457 3758 eum
3485 3718 3606 3758 cum

2029 3862 2156 3914 rint.
2184 3863 2444 3916 Czeterum
2477 3863 2714 3916 Cointius
2746 3861 2968 3915 multum
3001 3861 3275 3915 invehitur
3317 3862 3372 3916 in
3401 3877 3492 3918 eos
3521 3863 3610 3932 qui

2029 3933 2421 4000 subsequentes
2450 3947 2604 4001 reges
2633 3933 2850 4002 ignavos
2875 3933 3299 3998 appellaverunt.

2104 4011 2126 4038 θ
2150 4003 2453 4070 Legendum
2475 4002 2876 4069 quatuordecim.
2911 4003 3016 4055 Sed
3043 4010 3164 4069 post
3189 4015 3357 4055 annos
3385 4011 3610 4068 quatuor

2031 4074 2180 4140 regni
2227 4072 2505 4136 Cblotnrii,
2532 4071 2868 4125 Cbildericus
2917 4072 3083 4135 ipsius
3127 4070 3290 4124 frater
3319 4074 3610 4126 Austrasia:

2030 4156 2122 4194 rex
2157 4142 2324 4196 factus
2353 4151 2452 4205 est,
2488 4157 2626 4195 anno
2651 4141 2854 4194 scilicet
2883 4140 3005 4194 660.
3037 4143 3192 4194 Anno
3215 4156 3342 4194 vero
3368 4142 3492 4206 669,
3521 4142 3611 4197 de-

2035 4209 2215 4266 functo
2255 4212 2557 4274 Chlotario,
2588 4210 2955 4265 Theodoricus
3002 4211 3085 4275 Ill,
3119 4212 3394 4280 utriusque
3423 4211 3612 4278 frater,

2034 4281 2087 4334 in
2137 4298 2354 4350 regnum
2401 4283 2658 4336 Neustria:
2703 4290 2757 4336 et
2781 4281 3098 4348 Burgundize
3145 4282 3404 4346 elevatus,
3455 4285 3612 4350 paulo

2038 4361 2157 4420 post
2185 4367 2216 4406 e
2245 4353 2436 4406 throno
2465 4352 2733 4419 dejicitur,
2765 4352 3107 4419 Ebroinoque
3135 4351 3273 4418 apud
3321 4353 3612 4406 Luxovium

2037 4422 2300 4490 relegato,
2346 4422 2680 4476 Childericus
2729 4421 3096 4475 mouarchiam
3144 4423 3414 4488 obtinuit,
3469 4423 3612 4492 quod

359 4495 724 4556 terseruerint,
754 4506 858 4544 non
889 4480 1074 4557 magna
1114 4499 1196 4544 est
1225 4490 1364 4558 apud
1394 4491 1536 4545 viros
1565 4480 1804 4544 eruditos
1831 4490 1928 4543 hu-
1953 4480 2000 4543 C
2031 4480 2215 4546 auctor
2240 4480 2422 4546 noster
2455 4493 2555 4546 hoc
2581 4507 2699 4560 cap.
2733 4503 2784 4544 ct
2812 4507 2926 4560 seq.
2957 4494 3196 4558 exponit.
3225 4480 3500 4547 Cieterum'
3519 4493 3615 4546 ali-

357 4569 440 4632 ius
463 4569 844 4616 continuatoris
872 4569 1182 4614 auctoritas.

376 4703 387 4710 _
425 4632 453 4671 δ
484 4632 760 4710 _l_3althi|d_is
795 4645 1103 4710 .ex.genere
1129 4630 1540 4710 Saxonum,_qui
1579 4631 1784 4685 scilicet
1799 4646 1926 4710 cum

358 4703 550 4770 Anglis
621 4712 676 4756 et
701 4702 838 4756 Jutis
885 4699 937 4754 in
982 4700 1303 4754 Britanniam
1348 4699 1602 4770 Majorem
1650 4703 1849 4756 saculo
1896 4717 1928 4754 v

358 4773 699 4835 transierant,
727 4781 933 4834 exorta,
965 4787 1030 4824 ex
1062 4773 1267 4840 captiva
1317 4771 1367 4823 in
1400 4770 1602 4840 regium
1634 4771 1927 4826 thalamum

358 4844 522 4897 ascita
551 4853 656 4897 est.
683 4840 920 4910 Coniuge
955 4841 1205 4895 defuncto
1234 4855 1455 4910 regnum
1501 4841 1926 4905 administravit;

358 4920 412 4966 et
449 4912 660 4966 tandem
709 4912 761 4966 in
799 4908 1177 4967 monasterium
1221 4908 1363 4964 Gala:
1392 4909 1533 4979 quod
1576 4911 1930 4965 aedilicaverat

359 4981 600 5044 secessit,
633 4982 811 5050 ibique
860 4981 1104 5034 monialis
1151 4980 1315 5042 facta,
1347 4981 1476 5050 obiit
1506 4995 1644 5050 arino
1676 4979 1797 5044 680,
1843 4981 1928 5050 die

357 5052 428 5104 50
457 5049 854 5120 Januarii,quo
881 5051 1070 5120 festum
1101 5050 1218 5118 ejus
1261 5049 1761 5120 recolit_t_tr.mVitam
1814 5049 1931 5120 ejus

359 5121 524 5177 habes
552 5123 750 5176 seculo
769 5117 811 5175 “ιι
836 5117 1197 5182 Benedictino,
1227 5134 1344 5186 pag.
1371 5117 1496 5173 775.
1529 5118 1728 5171 Visitur
1755 5119 1932 5173 etiam-

361 5207 500 5247 nunc
529 5192 600 5247 ibi
626 5192 742 5260 ejus
770 5192 1070 5260 sepulcrum
1099 5189 1151 5241 in
1163 5189 1759 5260 cryptasubterranea.

433 5270 456 5299 ‘
481 5263 569 5318 Sic
589 5256 738 5316 Colb.
763 5272 816 5315 et
837 5256 948 5315 Pal.
975 5259 1131 5323 Boh.,
1157 5257 1488 5325 Baldigilde..
1514 5256 1564 5309 Η
1571 5257 1930 5311 erchondaldo.

361 5330 576 5398 Caneri,
605 5332 975 5386 Erchoaldssm.
1030 5330 1080 5385 ls
1108 5339 1189 5384 est
1218 5327 1603 5382 Erchinoaldus
1629 5342 1791 5396 supra
1822 5329 1936 5382 lau-

361 5401 535 5456 datus.

431 5468 460 5508 ἀ
494 5473 709 5536 Boher.,
741 5488 902 5526 annos
935 5485 1068 5526 xvu.
1100 5469 1351 5538 Sepultus
1375 5476 1459 5522 est
1489 5467 1538 5520 in
1569 5465 1784 5522 basilica
1811 5481 1936 5522 san~

365 5541 434 5613 eti
464 5542 724 5613 Dionysii.
759 5543 836 5597 Eo
881 5549 1135 5611 regnante
1178 5537 1407 5613 multum
1458 5538 1694 5613 crevisse
1741 5537 1935 5613 dicitur

366 5608 619 5680 Majoruni
644 5612 832 5667 donius
859 5608 1109 5680 potentia,
1141 5625 1258 5678 qua!
1284 5624 1347 5680 eo
1376 5609 1591 5680 demum
1619 5608 1852 5680 devenit,
1879 5619 1936 5663 ut

365 5678 461 5747 illi,
495 5682 658 5752 pulsis
685 5678 924 5753 regibus,
953 5694 1204 5737 coronam
1254 5679 1355 5736 sibi
1401 5679 1613 5735 tandem
1665 5678 1933 5749 imposue-

2032 4565 2120 4631 qui
2154 4564 2480 4618 recentiores
2509 4562 2838 4632 Chlotarium
2873 4564 2924 4614 in
2957 4563 3177 4615 basilica
3211 4567 3380 4617 sancti
3413 4564 3614 4632 Diony-

2031 4634 2097 4687 sii
2122 4634 2386 4702 sepultum
2415 4632 2577 4687 fuisse
2605 4631 2871 4702 scribunt;
2896 4632 2988 4686 sed
3018 4631 3358 4686 verisimilius
3384 4642 3466 4686 est
3490 4631 3613 4685 eum

2033 4705 2086 4757 in
2137 4699 2462 4758 uionasterio
2499 4701 2712 4757 Calensi
2760 4699 2924 4756 fuisse
2972 4702 3296 4770 depositum,
3333 4703 3421 4754 ubi
3451 4703 3612 4754 etiam

2033 4790 2174 4828 nunc
2214 4775 2330 4840 ejus
2374 4774 2675 4842 sepulcrum
2717 4786 2837 4825 cum
2879 4772 3044 4842 ipsius
3092 4772 3264 4842 efﬁgie
3315 4771 3520 4842 lapidea
3541 4771 3615 4842 ab

2030 4846 2185 4897 annis
2210 4838 2548 4898 circiter'700
2579 4843 2782 4908 sculpta
2810 4841 3128 4895 ostenditur.
3161 4839 3422 4894 Caeterum
3454 4838 3615 4892 Chlo-

2029 4913 2150 4966 tarii
2199 4929 2395 4967 annum
2443 4915 2656 4967 tertium
2709 4911 2758 4964 in
2791 4925 2988 4964 annum
3019 4910 3123 4965 659
3154 4911 3405 4964 incidisse
3448 4910 3616 4961 fusius

2033 4984 2225 5050 probat
2263 4991 2446 5036 noster
2476 4983 2743 5036 Mabillon.
2775 4989 2919 5050 tomo
2957 4979 3022 5034 Ill
3073 4982 3315 5034 Analect.
3347 4981 3614 5050 expvetcri

2035 5048 2383 5118 inscriptione
2412 5051 2610 5105 codicis
2659 5065 2760 5103 ms.
2787 5049 3143 5115 Fossatensis,
3173 5065 3291 5116 qua:
3320 5050 3396 5101 sic
3426 5048 3614 5118 habet:

2034 5119 2181 5173 Anno
2206 5117 2475 5174 Centesimo
2505 5129 2613 5185 post
2635 5119 2976 5187 explicionem
3004 5121 3200 5170 numeri
3229 5119 3392 5172 sancti
3427 5117 3617 5187 Victori

2035 5191 2258 5260 episc0pi
2285 5191 2470 5243 ciclum
2497 5185 3277 5260 recapitulantens,_annotertia
3305 5189 3477 5241 damni
3500 5185 3618 5240 Clo-

2036 5257 2189 5313 tharis'
2208 5257 2347 5328 regis
2373 5260 2579 5322 indolis,
2606 5257 2668 5312 ex.
2681 5261 2830 5328 jusso
2858 5257 3318 5379 Esiusprincipes,
3359 5263 3434 5311 vet
3468 5274 3617 5324 gene-

2037 5334 2178 5379 m'cm
2203 5347 2309 5379 sua:
2339 5329 2592 5379 nrazcelsa:
2637 5330 2838 5379 domum
2907 5326 3136 5379 althtlda:
3167 5343 3374 5379 reatum.
3403 5337 3507 5379 etc.

2037 5334 2178 5383 frica?
2203 5326 2309 5384 suis
2337 5329 2592 5398 prwcelsa:
2637 5326 3136 5398 doinneraltIiildn:
3167 5329 3374 5398 regina},
3403 5337 3507 5382 etc.

2118 5399 2138 5438 ί
2169 5396 2374 5455 Omissa
2404 5415 2504 5454 una
2550 5400 2686 5453 linea
2733 5396 2860 5451 editi
2892 5398 2968 5451 sic
2999 5397 3196 5451 habent
3226 5396 3239 5450 ξ
3277 5397 3618 5450 Theodoricus

2041 5487 2157 5524 vero
2185 5476 2343 5540 frater
2367 5471 2420 5523 in
2447 5471 2678 5532 Austria,
2704 5467 2844 5540 quod
2865 5482 2902 5540 Aa
2935 5481 3063 5520 vero
3090 5469 3328 5540 aberrat;
3353 5467 3617 5540 namjam

2041 5537 2526 5595 tunc'Childericus
2566 5537 2819 5608 regnabat
2863 5537 2916 5590 in
2945 5538 3177 5591 Austria.
3213 5537 3460 5590 Mendum
3494 5538 3614 5596 hoc,

2040 5617 2180 5680 quod
2212 5611 2337 5664 viris
2361 5610 2586 5667 eruditis
2627 5606 2893 5677 negotium
2937 5609 3296 5673 facessiverat,
3337 5623 3438 5676 ope
3487 5622 3612 5661 mss.

2041 5696 2365 5736 sanavrmus.
