4132 6348
504 285 603 343 667

1675 280 2087 338 FREDEGARII
2130 278 2573 334 SCIlOl.ASTtCl

3669 286 3777 339 663

506 402 723 473 reliquis
744 401 1151 471 quamplurimis
1175 400 1407 456 surrexit
1438 399 1785 462 insidiatoris,
1819 411 1866 453 et
1903 414 2077 465 regem
2110 406 2156 459 Α
2188 399 2326 468 regis
2358 415 2450 467 per
2479 398 2652 467 fugam
2685 396 2921 467 dilapsus
2948 398 3137 462 evasit,
3168 414 3195 451 a
3229 398 3419 452 Bacivo
3443 395 3467 434 ά
3495 399 3617 453 villa
3650 414 3779 454 CVa-

508 498 559 548 in
581 493 884 547 Lauclionia
906 503 933 529 η
958 494 1111 559 silva,
1137 509 1239 548 una
1264 508 1384 548 cum
1415 492 1594 561 regina
1625 493 1741 559 ejus
1762 498 2089 562 prmgiiante,

510 588 727 639 nomine
762 586 1028 651 Bilihilde,
1072 585 1211 656 quod
1261 586 1365 640 dici
1414 585 1568 639 dolor
1595 584 1623 620 δ
1651 593 1751 649 est,
1803 584 2089 638 interfecit.

514 674 823 728 Vulfoaldus
873 690 1083 744 quoque
1133 691 1226 744 per
1273 675 1446 744 fugam
1501 675 1680 743 lapsus
1725 675 1916 740 evasit,
1956 676 2089 727 etin

512 772 706 822 Auster
745 784 997 823 reversus
1038 779 1139 823 est.
1175 768 1362 823 Franci
1404 783 1530 822 vero
1565 765 1881 821 Leudesium
1926 766 2090 820 filium

516 859 883 913 Erchonwaldi
914 861 1145 914 nobilem
1179 861 1230 914 in
1264 860 1478 930 majoris
1505 860 1753 913 domatus
1781 857 2091 927 dignitatem

512 960 751 1004 statuunt
797 967 890 1021 per
919 954 1200 1006 consilium
1232 952 1371 1006 bcati
1401 951 1711 1019 Leudegarii
1742 957 1796 1003 et
1825 948 2091 1003 sociorum

510 1040 645 1109 ejus.

580 1132 743 1202 666
781 1131 963 1187 XCVI.
1008 1132 1271 1186 Ebruinus
1310 1131 1535 1185 audiens
1575 1130 1668 1183 has
1707 1130 2090 1197 dissensiones,

510 1226 729 1280 consilio
758 1233 1001 1294 accepto,
1028 1225 1263 1278 Francos
1295 1222 1517 1277 invicem
1546 1221 1932 1285 discordantes,
1961 1235 2092 1274 con-

510 1318 709 1372 vocatis
758 1319 808 1371 in
850 1318 1104 1372 auxilium
1148 1316 1340 1381 sociis,
1373 1315 1611 1384 personis
1641 1329 1798 1385 quam
1829 1313 2090 1381 plurimis.

508 1425 626 1461 cum
660 1411 827 1463 multo
853 1411 1107 1463 comitatu
1137 1411 1489 1474 exercituum,
1518 1424 1547 1462 a
1581 1408 1819 1462 Luxovio
1850 1406 2095 1461 coenobio

506 1515 752 1568 egressus
798 1502 850 1553 in
884 1500 1163 1554 Franciam
1212 1500 1533 1569 regreditur,
1565 1513 1737 1566 usque
1783 1498 1944 1550 Isram
1996 1495 2095 1549 flu-

508 1592 647 1645 vium
682 1603 703 1630 ε
736 1592 959 1646 veniens
990 1595 1330 1662 peraccessit,
1361 1592 1612 1646 custodes
1642 1592 1969 1645 dormientes
2016 1592 2093 1643 in-

506 1686 715 1738 terfecit
747 1687 811 1739 ad
842 1686 1090 1742 Sanctam
1122 1687 1464 1750 Maxentiam,
1493 1694 1651 1753 atque
1682 1684 1844 1737 lsram
1875 1682 2089 1737 fluvium

2196 490 2328 543 dens
2355 487 2558 556 aufugit
2590 505 2606 542 :
2642 490 2816 557 ibique
2847 489 3162 542 adveniente
3193 488 3452 554 Ebruino,
3495 491 3780 545 thesauros

2193 595 2327 650 quos
2358 578 2429 635 ibi
2461 580 2661 648 reperit
2688 581 3056 649 apprehendit.
3112 580 3239 635 lnde
3264 595 3536 649 egressus,
3569 581 3788 637 Crisce-

2194 690 2312 729 cum
2343 684 2366 711 ο
2394 674 2574 728 villam
2623 674 2843 728 veniens
2884 676 2934 727 in
2972 673 3194 739 Pontio,
3243 672 3507 727 Leudesio
3551 675 3791 729 subdole

2197 766 2361 835 fidem.
2400 766 2690 833 promittit,
2738 765 2998 820 simulans
3052 766 3254 826 fefellit.
3299 765 3440 820 facto
3482 767 3676 837 placito
3728 778 3787 821 ut

2194 858 2567 926 conjuratione
2598 859 2732 912 facta
2782 873 2901 913 cum
2931 872 3062 928 pace
3094 856 3412 912 discederet.
3444 860 3548 913 Sed
3581 859 3783 913 Ebrui-

2196 963 2294 1001 nus
2323 948 2579 1002 fallaciter
2606 964 2790 1018 agens,
2820 948 3123 1015 utsolebat,
3146 950 3405 1017 compatri
3430 963 3527 1003 suo
3558 950 3784 1004 insidias

2198 1052 2528 1106 prieparans,
2565 1039 2735 1107 ipsum
2769 1038 3088 1092 Leudesiutn
3138 1040 3353 1104 occidit,
3390 1053 3569 1108 regem
3602 1040 3783 1093 Theo—

2197 1130 2437 1186 dericum
2478 1131 2529 1185 in
2577 1147 2796 1200 regnum
2836 1135 3163 1199 restitutum,
3197 1133 3309 1200 ipse
3340 1132 3359 1170 ί
3391 1150 3545 1187 suum
3583 1134 3780 1202 princi-

2196 1232 2377 1293 patum
2409 1224 2674 1293 sagaciter
2718 1225 3056 1277 restauravit.
3108 1223 3358 1279 Sanctum
3392 1226 3776 1294 Leudegarium

2196 1318 2526 1386 episcopum,
2574 1317 2962 1371 crudelissimis
3018 1319 3299 1372 tormentis
3350 1334 3569 1382 casum,
3602 1320 3776 1387 gladio

2198 1413 2387 1481 perimi
2434 1411 2593 1481 jussit
2623 1420 2669 1463 ε.
2723 1412 2981 1465 (ἰρτῐηυιη
3031 1428 3342 1480 germanum
3395 1415 3511 1480 ejus
3562 1414 3776 1467 diverso

2198 1514 2462 1557 tormento
2495 1503 2791 1557 trucidavit.
2823 1502 3029 1570 Reliqui
3062 1503 3156 1556 viri
3186 1505 3371 1559 Franci
3402 1522 3588 1560 eorum
3619 1506 3767 1571 socii,

2199 1612 2292 1664 per
2322 1596 2493 1663 fugam
2530 1595 2684 1662 lapsi,
2713 1594 2954 1664 Ligerem
2988 1599 3326 1667 transgressi,
3361 1614 3527 1667 usque
3550 1599 3769 1652 Wasco-

2200 1705 2296 1744 nes
2333 1690 2689 1760 confugerunt
2719 1705 2732 1742 :
2766 1690 3139 1758 quamplurimi
3174 1706 3298 1745 vero
3331 1691 3382 1745 in
3410 1692 3600 1745 exsilio
3626 1692 3772 1745 dam-

506 1774 810 1840 transiens,
865 1790 998 1843 quos
1055 1775 1125 1830 ibi
1176 1776 1382 1829 invenit
1427 1775 1494 1827 de
1542 1772 1937 1827 insidiatoribus
1985 1773 2094 1826 suis
2130 1784 2171 1843 Β
2200 1780 2362 1835 innati
2391 1780 2524 1834 ultra
2558 1795 2661 1833 non
2690 1790 3121 1849 comparuerant.

502 1864 714 1917 occidit.
754 1865 1045 1920 Leudesius
1084 1865 1255 1935 major
1295 1866 1484 1919 domus
1522 1878 1627 1918 una
1666 1877 1785 1916 cum
1820 1864 2085 1918 thesauris

575 2011 598 2037 ι
625 2000 781 2073 (Συιὺἑ
816 2014 867 2056 et
911 2003 1066 2069 Boh.,
1098 2003 1431 2056 insidiatur-us
1476 2004 1528 2055 in
1554 2019 1722 2073 regem
1749 2005 1802 2056 in
1828 2003 2080 2055 Lauconis

504 2073 719 2126 silem...
744 2071 1037 2127 Bitia/tilde.
1082 2074 1227 2127 llanc
1247 2073 1432 2126 silvam
1464 2088 1581 2127 eam
1609 2071 1727 2127 esse
1758 2083 1943 2141 putant
1965 2088 2082 2140 qua:

503 2144 640 2195 inter
670 2144 870 2210 Galam,
904 2144 1083 2198 villam
1118 2152 1242 2197 tunc
1289 2145 1510 2210 regiam,
1544 2154 1599 2198 et
1629 2144 1809 2198 Sancti
1841 2143 2080 2212 Dionysii

503 2214 752 2280 oppidum
807 2215 1112 2280 inter-jacet;
1158 2214 1317 2267 hodie
1361 2214 1752 2267 Liberiacensis
1782 2215 1913 2269 silva
1942 2213 2081 2267 dici-

502 2294 611 2345 tur,
641 2284 795 2352 vulgo
823 2286 873 2337 la
902 2286 1029 2353 forét
1072 2287 1134 2337 de
1174 2284 1333 2349 Livri,
1367 2295 1456 2337 aut
1485 2293 1634 2339 certe
1666 2285 2078 2351 Bungiacensis,

501 2354 563 2406 de
582 2353 769 2407 Bundi.
804 2355 917 2409 Non
950 2357 1090 2410 enim
1117 2356 1366 2409 audiendi
1401 2366 1523 2409 sunt
1545 2358 1630 2424 qui
1667 2355 1765 2409 hoc
1792 2354 2081 2421 contigisse

502 2438 678 2492 pU'ant
698 2440 871 2495 prope
902 2427 1273 2493 Rotomagum,
1296 2425 1383 2479 ubi
1413 2428 1555 2479 aiunt
1579 2426 2079 2481 CliilderiCumicum

502 2510 672 2548 uxore
702 2511 794 2548 sua
826 2496 1113 2551 Bilechilde
1142 2498 1304 2552 fuisse
1327 2499 1589 2564 sepultum
1623 2498 1672 2549 in
1704 2497 1932 2551 ecclesia
1961 2511 2085 2550 san-

502 2564 571 2617 cti
607 2565 768 2629 Petri,
808 2581 926 2633 qua}
977 2567 1132 2620 hodie
1173 2572 1490 2632 protectoris
1528 2569 1612 2619 sui
1656 2569 1872 2622 nomine
1912 2570 2078 2621 sancti

502 2634 744 2689 Audoeni
774 2636 1092 2704 appellatur.
1126 2638 1238 2691 Hoc
1266 2652 1455 2705 nempe
1485 2646 1632 2691 extra
1660 2641 2079 2693 controversiam

503 2718 618 2776 esse
657 2705 836 2771 debet,
878 2723 942 2761 ex
975 2722 1079 2775 quo
1110 2722 1295 2762 eorum
1338 2708 1581 2776 sepulcra
1607 2708 1819 2762 detecta
1860 2716 1986 2762 Sunt
2025 2708 2077 2761 in

502 2775 724 2832 ecclesia
773 2780 941 2831 sancti
988 2778 1241 2832 Germani
1292 2793 1318 2829 a
1353 2775 1543 2845 Pratis,
1576 2794 1696 2832 cum
1738 2788 1862 2833 ante
1909 2793 2077 2831 annos

502 2845 808 2918 circitergifl
851 2858 1267 2903 restauraretur.
1313 2849 1515 2903 Praeter
1560 2850 1784 2918 insignia
1838 2850 1978 2918 regia
2026 2849 2077 2902 in

500 2915 785 2972 Childerici
807 2921 1075 2987 sepulcro,
1101 2918 1216 2974 haec
1247 2919 1524 2987 inscriptio
1552 2915 1741 2974 litteris
1774 2915 2082 2986 majuscnlis

502 2999 716 3041 exarata
763 2989 978 3044 inventa
1010 2990 1129 3053 fuit,
1160 2990 1434 3044 CHILDR.
1478 2988 1642 3045 REX.
1692 2990 1897 3044 Videsis
1926 2989 2082 3044 Vale-

500 3056 634 3110 sium
667 3072 725 3111 ea
757 3060 824 3112 de
854 3076 911 3114 re
937 3061 1291 3116 disserentem
1315 3062 1408 3115 lib.
1437 3077 1526 3115 xxi
1559 3076 1736 3116 rerum
1764 3060 2004 3115 Francic.

568 3126 596 3165 ¹³
627 3130 753 3209 Alii,
785 3130 933 3185 dolus
961 3141 1055 3198 est,
1087 3148 1204 3201 qua:
1234 3147 1335 3187 vox
1359 3146 1456 3202 pro
1482 3133 1629 3186 dolor
1658 3146 1763 3186 non
1795 3132 1960 3187 semel
1992 3146 2083 3185 oc-

500 3210 684 3255 currit.

574 3280 595 3308 ε
624 3270 784 3337 Editi,
810 3271 1012 3341 Issam};
1044 3274 1141 3338 al.,
1171 3272 1396 3329 Isaram.
1423 3275 1519 3329 Est
1538 3273 1700 3341 Isara,
1723 3271 1878 3342 vulgo
1901 3271 2081 3338 l‘Oise,

501 3340 564 3393 ad
588 3356 751 3414 quem
790 3344 1095 3398 etiamnunc
1137 3345 1294 3400 hodie
1331 3353 1533 3414 perstit
1568 3340 1835 3414 oppidum
1864 3356 1892 3395 a
1926 3351 2086 3414 ponte

501 3421 556 3463 et
583 3412 774 3464 Sancta
808 3414 1068 3468 Maxentia
1097 3416 1251 3480 vulgo
1282 3412 1981 3469 fe'Pont-Sainte-Maxence
2004 3412 2087 3466 di-

501 3489 667 3533 ctum.
718 3482 886 3537 Porro
928 3486 1026 3539 hac
1060 3488 1342 3540 occasione
1386 3484 1752 3540 Chlodoveum
1788 3483 2083 3549 .quemdam

502 3553 775 3626 parvulum
802 3552 1065 3607 Ehroinus
1096 3557 1145 3610 in
1180 3572 1356 3626 regem
1389 3557 1604 3619 extulit,
1638 3568 1796 3623 quem
1824 3552 2083 3626 Chlotarii

501 3620 670 3674 tilium
721 3638 839 3685 esse
887 3620 1266 3680 mentiebatur:
1321 3620 1667 3696 Dagobertns‘
1690 3640 1816 3678 vero
1858 3624 1899 3677 ll
1939 3622 2085 3696 inea

501 3702 651 3766 parte
702 3695 991 3766 Austrasiae
1047 3713 1164 3763 qua:
1220 3698 1299 3750 cis
1356 3693 1602 3766 ultraque
1639 3696 1901 3766 Rhenum
1964 3693 2086 3748 huic

500 3761 662 3836 fluvio
707 3764 877 3836 vicina
910 3775 1045 3832 erat,
1067 3761 1316 3836 regnavit
1359 3767 1424 3820 ad
1465 3761 1554 3821 an.
1590 3765 1713 3821 680.
1765 3765 1842 3819 De
1876 3765 1995 3836 ejus
2034 3768 2085 3819 in

504 3829 701 3912 Gallias
724 3829 1085 3912 reditchaede
1100 3829 1163 3891 et
1171 3840 1465 3912 sepultura,
1485 3838 1599 3892 fuse
1612 3836 1828 3891 disserit
1842 3829 2085 3912 Mabillq-

502 3905 619 3973 nius
660 3906 711 3958 in
757 3905 1070 3973 przefatione
1117 3910 1298 3963 saeculi
1346 3924 1421 3973 tv,
1455 3912 1574 3964 Act.
1608 3916 1915 3962 sanctorum
1964 3906 2085 3960 0rd.

502 3970 702 4049 [fenei].
728 3970 876 4044 parte
903 3994 940 4044 ι,
975 3978 1001 4049 §
1029 3980 1084 4045 9,
1118 3970 1470 4036 iium.198‘et
1498 3994 1651 4049 seqq.
1706 3979 1755 4033 ls
1780 3990 1863 4033 est
1882 3985 2089 4049 sanctus

502 4040 824 4113 Dagobertus
861 4040 955 4103 rea:
977 4040 1036 4103 "et
1068 4040 1285 4121 martyr,
1320 4054 1408 4123 qui
1446 4040 1638 4106 colitur
1666 4050 1916 4106 Satanaci
1949 4047 2093 4118 (Ste-

2107 3030 2157 3092 Ο

2190 2001 2332 2070 ηαῃ).
2374 2002 2692 2056 Memoratur
2732 2000 2785 2056 in
2814 2000 3120 2056 kalendario
3151 2003 3354 2057 Emme:
3378 2003 3596 2071 reginas,
3626 2007 3768 2071 quod

2189 2071 2406 2125 Rlientis
2427 2072 2477 2127 in
2504 2073 2819 2127 bibliotheca
2842 2074 3186 2141 lihemigiana
3210 2082 3471 2137 servatur,
3491 2073 3576 2127 die
3599 2092 3623 2127 ι
3652 2076 3763 2129 Kal.

2187 2143 2451 2205 Januarii.
2499 2159 2602 2212 quo
2632 2159 2753 2196 eum
2793 2144 3100 2213 martyrium
3133 2145 3415 2210 pertulisse
3446 2144 3574 2197 dicit
3614 2157 3765 2202 vetus

2186 2223 2391 2279 auctor,
2426 2215 2600 2283 idque.
2630 2226 2683 2267 ut
2708 2214 3040 2268 Mabillouius
3071 2214 3277 2282 probat,
3307 2231 3393 2267 an.
3425 2216 3551 2268 679.

2259 2284 2286 2320 (ι
2327 2286 2415 2339 Sic
2452 2285 2672 2339 omnino
2726 2285 3006 2351 legendum
3044 2300 3165 2339 esse
3205 2284 3343 2338 haud
3394 2287 3612 2339 dubium
3663 2298 3766 2350 est,

2191 2370 2491 2423 quanquam
2548 2357 2705 2421 vulgo
2746 2356 2964 2408 ΑΙ)αεὶυο
3014 2352 3299 2419 praeferant
3344 2357 3577 2417 codices,
3630 2360 3767 2413 unde

2192 2426 2418 2481 Samsnn
2454 2425 2808 2479 Abbavillmus
2847 2434 2901 2479 et
2929 2424 3171 2478 Cointius
3229 2426 3315 2479 hic
3342 2426 3761 2490 Abhatisviliam,

2191 2497 2349 2565 vulgo
2370 2496 2643 2559 Abbeville,
2666 2496 2929 2561 designari
2954 2506 3287 2565 putaverunt.
3313 2497 3379 2549 At
3408 2497 3619 2550 Barium
3645 2500 3768 2551 villa

2190 2578 2272 2621 est
2300 2569 2440 2635 regia
2470 2569 2597 2620 olim
2626 2568 2874 2633 celebris,
2907 2576 3189 2635 antequam
3223 2585 3251 2621 a
3282 2567 3625 2621 Nortmannis
3655 2571 3767 2620 vio-

2191 2640 2410 2704 l2iretur,
2438 2653 2600 2706 prope
2624 2637 2902 2692 Corbeiam
2932 2639 3053 2701 sita,
3083 2639 3233 2702 cujus
3259 2638 3450 2691 rudera
3470 2637 3769 2691 etiamnunc

2191 2713 2453 2774 visuntur,
2503 2711 2755 2775 vicusque
2800 2724 2991 2762 nomen
3026 2707 3204 2763 Baisiu
3234 2709 3451 2763 retinet.
3487 2708 3615 2762 Vide
3648 2710 3764 2763 libr.

2192 2796 2243 2835 tv
2280 2779 2346 2831 de
2376 2778 2453 2832 Re
2483 2779 2761 2840 diplomat.
2792 2795 2940 2833 num.
2964 2776 3049 2832 η.

2260 2859 2285 2886 ο
2317 2851 2462 2903 Alias
2507 2848 2839 2917 Creciacum,
2880 2864 2999 2904 cum
3033 2848 3160 2902 silva
3199 2850 3501 2917 cognomini
3546 2850 3595 2902 in
3626 2850 3761 2903 Pon-

2191 2922 2298 2976 tivo
2326 2919 2508 2991 (Crécy
2539 2936 2601 2974 en
2624 2919 2926 2989 Ponthieu),
2956 2933 3059 2973 non
3103 2919 3440 2991 adAlteiam,
3471 2931 3523 2974 ut
3554 2918 3767 2991 Valesio

2190 2989 2359 3047 viSum
2390 2989 2493 3059 est,
2526 2991 2618 3044 sed
2649 2994 2712 3043 ad
2745 2992 2936 3046 Maiam
2968 2990 3205 3045 fluvium.
3244 2989 3372 3045 Vide
3398 2992 3489 3045 lib.
3523 3007 3569 3044 tv
3595 2990 3660 3044 de
3688 2989 3772 3044 Re

2190 3063 2467 3132 diplomat.
2501 3077 2648 3116 num.
2675 3060 2765 3118 46.

2254 3131 2287 3172 έι
2324 3134 2478 3197 Βοιι.,
2513 3134 2565 3185 in
2593 3148 2747 3201 regno
2772 3132 3064 3193 constituto,
3095 3131 3195 3197 ipsi
3223 3146 3394 3185 suum.

2266 3203 2537 3260 sOccisus
2588 3215 2669 3258 est
2722 3204 2774 3256 in
2826 3217 2961 3272 pago
3005 3201 3345 3256 Atrebatensi
3393 3202 3482 3255 die
3518 3218 3550 3255 v
3599 3201 3779 3255 Nonas

2194 3276 2470 3341 Octobris,
2520 3289 2659 3328 anno
2702 3274 2842 3333 678.
2908 3285 2963 3327 et
3004 3272 3242 3339 sepultus
3285 3272 3421 3339 apud
3470 3272 3773 3339 Sarcingam

2196 3346 2453 3418 (Sorcin).
2487 3345 2803 3418 Videghnjus
2827 3343 2999 3418 Vitam
3037 3343 3301 3418 duplicem
3354 3342 3779 3418 acutequalihus

2195 3410 2502 3472 auctoribus
2532 3410 2781 3483 scriptam
2831 3416 2883 3469 in
2912 3413 3107 3469 saeculo
3136 3428 3177 3483 it
3210 3412 3601 3483 Benedictino.
3629 3410 3779 3483 Gerig

2198 3502 2296 3541 nus
2332 3502 2481 3553 vero,
2523 3502 2617 3541 seu
2643 3481 2942 3549 Guarinus,
2976 3484 3092 3551 ejus
3125 3481 3313 3547 frater,
3354 3485 3542 3539 eadem
3579 3482 3667 3537 die
3703 3481 3779 3534 uti

2196 3558 2395 3625 Martyr
2445 3558 2603 3611 etiam
2650 3556 2845 3610 colitur
2885 3554 2937 3609 in
2978 3554 3351 3625 Martyrologio
3399 3555 3661 3625 Romano,
3692 3553 3780 3616 qui

2196 3622 2456 3694 lapidibus
2487 3627 2708 3681 obrutus
2744 3626 2906 3680 fuisse
2929 3622 3126 3680 dicitur
3164 3627 3215 3680 in
3251 3624 3485 3679 secunda
3511 3622 3625 3677 Vita
3658 3638 3782 3674 san-

2197 3700 2269 3753 cti
2316 3697 2648 3767 Leodegarii,
2702 3712 2847 3750 num.
2893 3694 2980 3763 il.
3017 3696 3171 3767 Rem
3219 3694 3386 3750 fusius
3443 3702 3625 3767 narrat
3672 3695 3786 3767 ipse

2198 3761 2556 3836 Leodegarius
2594 3768 2644 3820 in
2686 3767 2913 3835 epistola
2944 3761 3045 3836 ad,
3076 3780 3226 3819 suam
3272 3775 3497 3819 matrem
3536 3765 3680 3818 data.
3713 3761 3786 3836 in

2198 3833 2507 3894 kalendario
2540 3837 2706 3893 veteri
2724 3833 3050 3891 monasterii
3072 3835 3430 3890 Murbacensis
3468 3837 3518 3887 in
3544 3834 3784 3897 Elisatia,

2196 3912 2263 3964 ab
2290 3912 2444 3963 annis
2472 3910 2687 3964 circiter
2717 3908 3017 3976 quingentis
3056 3907 3277 3973 scripto,
3306 3912 3632 3960 memontur
3659 3918 3788 3957 san-

2195 3991 2311 4036 ctus
2342 3981 2569 4035 Gerinus
2596 3988 2798 4049 martyr
2828 3993 2921 4032 vnt
2951 3978 3070 4031 Kal.
3097 3978 3451 4046 Septembris.

1916 4221 3789 4248 Μ

1478 4395 1885 4503 PARS
1959 4381 2729 4500 SECUNDA
2755 4479 2792 4542 ,

1276 4637 1741 4717 AUCTORE
1798 4634 2299 4716 ANONYMO
2353 4630 2997 4712 AUSTRASIOV

569 4839 729 4911 667
752 4837 901 4892 Axno
934 4836 1468 4892 nccxxx.—XCVII.
1504 4834 1560 4890 ln
1586 4835 1784 4890 Auster
1807 4843 1832 4870 κ
1856 4847 2089 4904 quoque,
2125 4840 2177 4899 1)
2202 4831 2380 4903 pibus,
2429 4828 2689 4896 Ebruino,
2740 4828 2966 4883 Martino
3013 4836 3175 4896 atque
3226 4825 3469 4895 Pippino,
3528 4824 3788 4880 adversus

504 4941 714 4987 mortuo
745 4930 1002 4987 Ulfoaldo
1046 4929 1213 4996 duce,
1246 4930 1509 4985 Martinus
1534 4926 1562 4965 ι)
1592 4930 1722 4992 dux,
1757 4936 1810 4980 et
1837 4927 2090 4996 Pippinns

504 5026 642 5079 filius
665 5025 959 5095 Ausegiseli
989 5024 1256 5093 quondam
1282 5022 1473 5077 Franci
1505 5020 1720 5085 nobilis,
1744 5019 2093 5074 dominaban-

504 5126 608 5170 tur.
666 5116 936 5171 Defunctis
968 5116 1206 5187 regibus,
1235 5126 1257 5155 ο
1285 5115 1587 5171 commissis
1633 5113 1863 5166 invicem
1895 5110 2094 5180 princi-

577 5257 602 5285 ι
637 5249 731 5302 llic
760 5262 947 5302 aucmr
979 5250 1154 5315 priore
1183 5249 1353 5302 multo
1380 5256 1465 5302 est
1493 5246 1793 5301 accuratior
1824 5263 1837 5294 τ
1880 5252 2089 5298 aetatem

504 5332 652 5400 suam
680 5320 853 5388 prodit
883 5320 1037 5381 infra,
1063 5336 1179 5388 cap.
1210 5320 1331 5385 109,
1357 5319 1448 5372 ubi
1475 5333 1534 5373 se
1563 5334 1705 5372 anno
1726 5315 1828 5372 755
1857 5315 2092 5369 scribere

506 5390 723 5443 indicat.

576 5457 604 5495 δ
652 5459 902 5515 Martinus
939 5461 1022 5513 hic
1064 5467 1390 5513 memoratus
1430 5458 1569 5512 filius
1601 5465 1716 5509 crat
1756 5456 1926 5509 sancti
1965 5455 2087 5508 Clo-

506 5526 659 5594 dnlfi,
698 5543 866 5596 nepos
910 5532 1076 5585 sancti
1112 5529 1345 5595 Arnulii;
1388 5536 1441 5582 et
1480 5528 1736 5596 Pippinus
1784 5527 1946 5578 frater
1976 5528 2091 5588 eius

506 5608 625 5650 erat
655 5599 942 5666 patruelis,
974 5602 1218 5667 idemque
1258 5614 1324 5654 ex
1356 5600 1658 5666 Ansegisifo
1688 5597 1857 5649 sancti
1890 5596 2092 5648 Ληιυηί

509 5682 958 5806 "momiizigoberio
996 5737 1200 5793 scilicet
1246 5738 1305 5803 ll,
1359 5748 1411 5792 et
1455 5737 1589 5792 forte
1636 5736 1742 5789 filio
1791 5735 1903 5803 ejus
1952 5735 2093 5804 Sigi-

454 6022 461 6025 ’
494 6014 621 6081 Ἦ

2199 4923 2585 4979 Theodericum
2616 4937 2795 4994 regem
2827 4922 3130 4976 excitantur
3160 4919 3225 4973 ad
3258 4918 3474 4972 bellum.
3501 4915 3786 4972 Commoto

2197 5015 2437 5073 exercitu
2476 5017 2541 5069 ad
2590 5015 2762 5070 locum
2793 5013 2879 5068 cui
2909 5010 3230 5066 vocabulum
3258 5019 3340 5064 est
3370 5008 3601 5063 Locofao
3624 5004 3670 5072 δ,
3708 5007 3787 5060 in-

2201 5109 2356 5164 terim
2387 5106 2659 5163 commissi
2691 5106 2931 5177 proelium
2962 5105 3167 5169 ineunt,
3196 5102 3371 5172 ibique
3394 5116 3587 5169 magno
3608 5109 3783 5155 certa-

2204 5243 2378 5298 berto.
2426 5243 2554 5297 Belli
2596 5242 2771 5297 civilis
2814 5242 2957 5298 inter
2989 5239 3379 5295 Theodericum
3418 5246 3477 5293 et
3514 5239 3781 5309 Dagoher‘

2201 5325 2310 5367 tum
2343 5317 2471 5368 moti
2500 5314 2746 5369 meminit
2782 5322 2970 5367 auctor
3003 5326 3216 5366 coievus
3243 5310 3374 5365 Vitae
3398 5319 3597 5364 sanet-.e
3630 5311 3784 5366 Sala-

2200 5384 2397 5455 bergr,
2442 5401 2567 5439 δαῖε.
2602 5385 2641 5439 ll
2670 5386 3032 5466 Benedictino.
3073 5380 3156 5435 Af.
3183 5380 3305 5446 Ed.,
3340 5381 3730 5435 Decedentibus.

2266 5453 2294 5492 ⁴¹
2340 5457 2427 5510 Sic
2466 5456 2659 5509 Bolier.
2698 5454 2864 5519 Editi,
2910 5453 3168 5520 Locoﬁco.
3202 5451 3363 5506 Gesta
3386 5450 3539 5520 Reg.
3569 5450 3739 5505 Franc

2266 5466 2294 5492 α
2340 5466 2427 5510 διο
2466 5466 2659 5509 boner.
2698 5466 2864 5519 Etim,
2910 5466 3168 5520 Loca/ica.
3202 5466 3363 5506 uetita
3386 5466 3539 5520 neg.
3569 5466 3784 5513 Hanc“

2197 5539 2315 5602 cap.
2347 5526 2687 5602 niti._ltabent
2731 5525 2933 5593 Lufao;
2963 5525 3070 5602 _a_l.,
3099 5521 3665 5602 Lucofao,_Lucofago,
3700 5523 3786 5590 qui

2198 5595 2346 5667 locus
2380 5597 2591 5651 Valesio
2640 5592 2873 5667 ignotus,
2927 5595 3139 5667 videtur
3188 5608 3311 5667 esse
3348 5592 3499 5647 Locri
3550 5592 3604 5645 in
3656 5606 3787 5667 pago

2202 5666 2560 5721 Laudunensi.
2594 5661 2723 5722 Vide
2772 5667 2866 5720 lib.
2899 5681 2951 5720 tv
2994 5665 3063 5719 de
3090 5664 3169 5717 Re
3197 5664 3487 5731 Diplomat.
3510 5677 3669 5717 :nnm.
3698 5661 3784 5731 57.

2202 5737 2397 5791 Locum
2447 5746 2641 5804 tamen,
2688 5735 2997 5809 quiLufaus
3040 5734 3229 5789 dicitur
3263 5730 3317 5787 in
3358 5750 3490 5805 pago
3532 5730 3786 5786 Tullensi.
