4132 6348
510 278 604 337 δτι

1674 254 2091 314 FllEllEGARII
2129 252 2572 309 SllllULASTICl

3656 266 3777 321 672

510 396 678 449 lectus
704 398 817 457 est,
857 388 1142 457 instigante
1188 381 1443 438 Ansllede
1478 390 1720 435 matrona
1775 394 1932 435 socru
1963 393 2078 435 sua.
2114 377 2159 437 A
2187 375 2431 444 sepultus
2477 376 2531 430 in
2563 373 2776 429 basilica
2808 372 2948 430 beati
2978 374 3183 430 Arnulll
3221 376 3541 433 confessoris
3584 378 3784 434 Metti:

510 482 640 539 Post
666 482 783 537 haec
810 491 985 539 autem
1018 477 1271 545 Pippinus
1308 472 1696 527 Theodericum
1728 486 1909 541 regem
1942 471 2080 527 acci-

512 575 664 646 piens
690 588 812 629 cum
840 570 1123 631 thesauris,
1171 578 1225 621 et
1250 566 1466 620 domum
1516 564 1694 635 palatii
1744 564 1921 619 omnia
1960 578 2081 634 per-

510 688 694 743 agens,
718 672 770 726 in
802 672 997 724 Auster
1024 666 1301 721 remeavit.
1335 665 1567 734 Eratque
1612 662 1659 717 ei
1706 676 1853 716 uxor
1890 660 2082 714 nobilis

510 771 567 818 et
592 760 1019 833 prudentissima,
1072 756 1287 811 nomine
1328 752 1663 810 Plecthrndis
1692 760 1719 789 ι
1742 791 1757 816 ,
1799 749 2083 819 genuitque

511 867 576 907 ex
598 867 659 907 ea
687 849 822 904 ﬁlios
842 850 1017 909 duos:
1058 862 1252 901 nomen
1293 845 1517 901 senioris
1550 843 1754 897 Drocus
1778 840 1806 880 δ
1829 884 1845 908 ,
1885 854 2078 896 nomen

510 956 641 996 vero
658 940 884 1008 junioris
920 936 1281 993 Grimoaldus.

583 1030 683 1086 An.
713 1044 870 1085 ocxc.
913 1056 985 1069 -—-
1020 1026 1105 1081 Cl.
1142 1027 1378 1082 Mortuus
1403 1033 1486 1079 est
1512 1033 1687 1078 autem
1716 1020 2081 1077 Theodericus

512 1136 630 1186 rex,
661 1120 900 1188 regnavit
942 1128 1120 1172 autem
1160 1130 1329 1171 annos
1355 1113 1734 1183 septemdecim
1768 1123 1825 1178 ε,
1854 1111 2086 1166 Chlodo-

510 1226 669 1267 veum
696 1211 860 1265 lilium
890 1209 1005 1279 ejus
1032 1209 1307 1278 parvulum
1330 1208 1605 1275 elegerunt
1626 1207 1678 1260 in
1702 1220 1943 1274 regnum.
1966 1204 2083 1259 Non

514 1308 637 1370 post
680 1299 877 1354 multos
908 1313 1033 1353 vero
1078 1313 1247 1351 annos
1280 1298 1560 1366 pradictus
1608 1310 1700 1350 rex
1748 1294 2086 1350 Chlodoveus

521 1401 786 1462 azgrotans
834 1398 1077 1445 mortuus
1118 1395 1224 1457 est,
1270 1388 1513 1457 regnavit
1540 1394 1719 1441 autem
1759 1398 1927 1440 annos
1957 1400 2087 1454 qua-

514 1491 655 1538 tuor.
1466 1522 1471 1527 .
1739 1530 1749 1540 ,

588 1574 689 1628 An.
720 1587 932 1627 ncxciv.
953 1600 1025 1612 -—
1048 1568 1418 1625 Childebertus
1457 1569 1621 1624 frater
1640 1568 1756 1639 ejus
1780 1569 1833 1623 in
1861 1582 2085 1639 regnum

511 1663 710 1718 resedit
738 1661 788 1716 ἀ.
829 1663 1028 1717 Drocus
1066 1677 1195 1717 vero
1221 1677 1250 1715 a
1288 1660 1511 1730 Pippino
1546 1659 1790 1730 genitore
1817 1659 2082 1727 eruditus,

510 1753 756 1809 ducatum
778 1754 1202 1822 Campanensem
1228 1753 1453 1820 accepit.

582 1848 681 1901 AN.
717 1859 906 1900 ncxcv.
938 1874 1008 1884 --
1030 1844 1367 1899 Grimoaldus
1390 1842 1571 1911 junior
1596 1855 1714 1897 cum
1743 1839 2083 1895 Childeberlo

510 1953 637 2007 rege
668 1938 835 2006 major
857 1937 1048 1992 domus
1070 1937 1250 2005 palatii
1277 1950 1435 2004 super
1464 1933 1702 1989 Francos
1728 1935 1932 1988 electus
1960 1941 2043 1988 est
2068 1951 2082 1986 :

509 2029 710 2097 Initqne
748 2028 827 2081 vir
866 2028 1177 2081 mitissimus
1200 2068 1216 2094 ,
1261 2027 1406 2080 omni
1434 2025 1669 2079 bonitate
1695 2033 1750 2079 et
1783 2035 2087 2079 mansuetu-

509 2116 632 2171 dine
662 2116 917 2186 repletus,
946 2117 1123 2185 largus
1148 2116 1303 2186 671
1329 2116 1380 2170 in
1409 2115 1769 2184 eleemosynis
1797 2122 1851 2168 et
1881 2113 1933 2167 in
1964 2128 2088 2167 ora-

509 2208 739 2263 tionibus
772 2218 1072 2277 promptus.

578 2302 686 2355 CII.
728 2301 983 2373 Pippinus
1003 2309 1186 2357 contra
1220 2300 1516 2356 Ratbodum
1550 2308 1573 2338 ο
1619 2299 1806 2355 ducem
1833 2300 2084 2370 gentilem

508 2392 810 2449 Frisionum
854 2394 1027 2463 gentis
1054 2393 1310 2447 adversus
1329 2394 1638 2447 alterutrum
1666 2392 1860 2446 bellum
1886 2392 2083 2447 intule-

509 2497 656 2553 runt,
695 2498 870 2543 castro
902 2486 1180 2542 Dorestate
1212 2484 1233 2525 ί
1269 2485 1377 2540 illic
1419 2485 1797 2554 belligerantes
1826 2484 2080 2538 invicem.

509 2576 764 2646 Pippinus
790 2577 959 2631 victor
985 2577 1205 2643 exstitit,
1235 2576 1516 2646 fugatoque
1535 2572 1776 2627 Ratbodo
1797 2572 1933 2629 duce
1960 2588 2081 2628 cum

509 2666 849 2726 Frisionibus
870 2666 959 2737 qui
986 2672 1300 2735 evaserant,
1334 2664 1472 2719 idem
1522 2664 1774 2733 Pippinus
1801 2678 1919 2717 cum
1949 2664 2085 2717 mul-

509 2759 578 2815 tis
606 2759 793 2828 spoliis
819 2770 873 2814 et
900 2758 1077 2830 praeda
1124 2772 1376 2813 reversus
1425 2764 1527 2812 est.
1588 2755 1835 2811 Posthazc
1885 2755 2089 2812 Drocus

512 2848 654 2904 ﬁlius
686 2848 893 2919 Pippini
920 2864 951 2905 a
986 2848 1164 2903 valida
1206 2847 1354 2904 febre
1395 2854 1671 2916 correptus
1698 2855 1941 2901 mortuus
1965 2856 2047 2902 est
2070 2890 2084 2915 ,

2182 469 2335 523 urbe.
2367 468 2712 524 Grimoaldus
2738 484 2948 538 quoque
2976 484 3040 523 ex
3074 470 3301 540 quadam
3341 471 3635 527 concubina
3673 486 3783 541 ge-

2183 560 2295 614 nuit
2323 560 2509 624 lilium,
2534 559 2750 613 nomine
2773 559 3195 615 Theudoaldum.

2251 650 2380 704 CIII.
2402 652 2564 720 Igitur
2587 649 2841 718 prmfatus
2866 651 3119 722 Pippinus
3143 653 3300 707 aliam
3331 652 3488 707 duxit
3515 669 3785 719 uxorem,

2187 741 2420 795 nobilem
2471 750 2525 795 et
2552 744 2878 811 elegantem,
2928 744 3142 797 nomine
3191 743 3532 811 Alpheidam,
3563 759 3629 797 ex
3666 761 3784 813 qua

2183 830 2364 902 genuit
2412 833 2599 900 ﬁlium,
2652 834 2973 902 vocavitque
3025 850 3219 888 nomen
3277 835 3394 903 ejus
3437 836 3613 905 lingua
3646 851 3783 904 pro-

2188 921 2295 987 pria
2320 932 2345 968 8
2368 920 2607 990 Carluni,
2639 927 2912 993 crevitque
2934 940 3066 993 puer
3083 924 3321 994 elegans,
3342 933 3501 995 atque
3521 926 3785 994 egregius

2187 1012 2408 1068 effectus
2435 1024 2539 1073 est.

2255 1107 2389 1163 CIV.
2440 1107 2679 1162 Mortuus
2709 1118 2792 1163 est
2822 1108 2905 1162 his
2940 1108 3127 1163 diebus
3169 1108 3548 1165 Childcbertus
3570 1126 3691 1175 rex,
3728 1122 3783 1166 et

2186 1199 2425 1269 sepultus
2464 1198 2709 1253 Cauciaci
2743 1197 2772 1235 ιι
2807 1199 2859 1253 in
2892 1199 3106 1253 basilica
3134 1202 3307 1254 sancti
3339 1200 3593 1269 Stephani
3626 1217 3783 1254 mar-

2188 1291 2341 1362 tyris.
2366 1290 2629 1359 Regnavit
2649 1299 2824 1344 autem
2854 1304 3024 1344 annos
3056 1291 3321 1345 sexdecim
3366 1289 3411 1345 ί.

2259 1382 2357 1437 AN.
2391 1397 2545 1436 nccx.
2578 1410 2651 1422 —
2704 1380 3034 1449 Dngobertus
3084 1380 3224 1433 [ilius
3249 1381 3364 1447 ejus
3408 1379 3589 1434 sedem
3622 1379 3787 1446 regni

2187 1475 2352 1545 patris
2371 1476 2453 1528 sui
2484 1474 2707 1541 accepit.
2740 1472 2904 1540 Igitur
2923 1472 3264 1527 Grimoaldus
3287 1472 3449 1526 tiliam
3481 1484 3495 1523 ι
3538 1471 3782 1527 Ratbodi

2186 1566 2339 1621 ducis
2368 1565 2675 1621 Frisionnm
2699 1563 2858 1618 duxit
2885 1576 3127 1617 uxorem.

2258 1659 2358 1712 An.
2390 1670 2598 1711 occxnv.
2648 1685 2719 1695 —
2758 1653 3073 1721 IEgrotante
3115 1668 3328 1722 quoque
3355 1652 3583 1721 Pippino
3643 1652 3781 1707 Iobii

2120 1746 2163 1804 Β
2193 1747 2312 1803 villa
2341 1746 2368 1784 ιι
2398 1762 2563 1815 super
2587 1746 2787 1800 Mosam
2811 1744 3052 1810 ﬂuvium,
3076 1759 3195 1798 cum
3218 1746 3281 1797 ad
3304 1758 3425 1797 eum
3451 1745 3781 1798 visitandnm

2192 1843 2328 1898 idem
2353 1839 2695 1895 Grimoaldus
2728 1837 2985 1903 venisset,
3016 1852 3134 1891 cum
3162 1837 3227 1889 ad
3270 1837 3562 1890 orationem
3598 1837 3650 1890 in
3680 1837 3781 1889 ba-

2189 1933 2342 1989 silica
2370 1931 2545 1985 sancti
2573 1929 2844 1984 Lantberti
2867 1929 3116 1998 martyris
3148 1930 3519 1996 processisset,
3573 1943 3602 1979 a
3650 1943 3750 1981 cru

2191 2021 2465 2077 delissimo
2494 2023 2609 2074 viro
2639 2020 2823 2088 impio,
2856 2019 3142 2088 Rantgario
3169 2017 3403 2084 nomine,
3444 2018 3765 2073 interfectus

2193 2126 2293 2171 est.
2326 2114 2572 2169 Posthazc
2591 2111 2969 2167 Thendoaldus
2995 2112 3134 2165 illius
3149 2111 3263 2180 ejus
3287 2112 3556 2180 parvulus,
3579 2113 3632 2165 in
3658 2111 3779 2165 loco

2192 2207 2359 2276 ipsius
2404 2221 2526 2261 cum
2579 2204 2838 2277 praedicto
2884 2218 3011 2273 rege
3058 2202 3357 2273 Dagoberto
3387 2205 3556 2273 major
3585 2204 3779 2259 domus

2192 2300 2372 2369 palatii
2393 2298 2615 2354 eﬂ‘ectus
2645 2306 2727 2353 est
2756 2294 2804 2351 ι.
2836 2297 3082 2352 Insecuto
3110 2312 3322 2367 quoque
3352 2304 3595 2366 tempore
3632 2297 3779 2353 idem

2188 2393 2350 2464 672
2367 2392 2621 2462 Pippinus
2640 2391 2745 2445 dux
2769 2398 3034 2460 aegrotans
3056 2400 3295 2443 mortuus
3320 2401 3404 2444 est
3421 2398 3484 2442 ω.
3510 2389 3777 2458 Rexitque

2189 2486 2441 2556 populum
2491 2484 2818 2539 Francorum
2858 2497 3027 2537 annos
3058 2482 3244 2553 viginti
3276 2492 3504 2553 septem.
3542 2483 3777 2552 Reliquit

2191 2578 2531 2647 superstitem
2556 2576 2771 2631 Carlnm
2802 2575 2987 2629 lilium.
3036 2575 3163 2631 Post
3189 2575 3387 2630 obitum
3417 2592 3627 2646 quoque
3657 2578 3775 2647 ejus

2192 2670 2528 2725 Plechtrudis
2574 2677 2814 2723 matrona
2857 2667 3075 2736 praelata
3122 2681 3220 2721 suo
3248 2667 3472 2721 consilio
3497 2678 3655 2735 atque
3688 2685 3775 2722 re-

2192 2761 2393 2832 gimine
2414 2769 2604 2815 cuncta
2634 2773 2753 2814 sese
2787 2759 2997 2828 agebat.
3045 2759 3266 2813 Demum
3294 2758 3481 2813 Franci
3510 2770 3695 2813 mutuo
3722 2762 3775 2813 in

2193 2852 2511 2908 seditionem
2540 2852 2703 2917 versi,
2736 2849 2961 2905 consilio
2989 2848 3161 2905 inutili
3189 2859 3440 2920 accepto,
3487 2851 3771 2904 commissa

511 2990 667 3052 gusta
684 2979 1202 3052 Viromanduorum,
1233 2997 1350 3052 qua:
1378 2995 1408 3034 a
1440 2979 1637 3036 celebri
1671 2987 1907 3052 martyre
1938 2979 2085 3034 urbis
2113 2981 2163 3045 (ζ
2197 2981 2303 3036 tilis
2341 2982 2493 3048 obiit,
2518 2983 2730 3051 populis
2786 2982 2905 3038 lidci
2954 2982 3309 3050 suscipiendae
3359 2982 3649 3037 libertatem
3684 2999 3774 3040 re-

506 3050 561 3105 ét
586 3050 815 3118 regioiiis
840 3062 1081 3120 patrono,
1110 3050 1267 3121 vulgo
1308 3051 1715 3115 Saint-Quenlin
1745 3051 2042 3121 appellatur
2068 3068 2082 3116 ;

506 3136 573 3176 an
622 3136 751 3176 vero
780 3119 926 3177 vltus
956 3119 1223 3192 hodieque
1265 3123 1493 3191 priscum
1540 3120 1895 3192 Veruniandui
1932 3119 2089 3190 (Ver-

506 3192 712 3263 manits)
739 3208 929 3263 nomen
957 3190 1217 3253 retinens,
1269 3190 1481 3263 abbatia
1521 3191 1639 3263 0rd.
1697 3190 2087 3263 Pramonsua-

512 3256 703 3318 tensis'
729 3262 1043 3326 illustratus,
1095 3278 1125 3315 a
1165 3277 1271 3330 quo
1300 3264 1417 3314 loco
1457 3260 1594 3313 haud
1644 3261 1867 3313 multum
1902 3260 2090 3330 Adistat

509 3332 832 3386 Textricium
878 3335 944 3385 ad
989 3328 1389 3385 Dalmanionem
1420 3330 1660 3397 ﬂuvium,
1711 3332 1867 3398 vulgo
1899 3328 2084 3393 Term',

506 3415 601 3472 seu
648 3399 1315 3472 Tauri-sur-Dauniignon,
1350 3400 1499 3454 vicus
1546 3400 1688 3453 inter
1737 3399 1998 3453 Peronam
2032 3412 2082 3455 et

506 3468 687 3525 Sancti
711 3470 945 3535 Quintini
975 3468 1228 3538 oppidum
1260 3469 1418 3523 situs.

579 3549 604 3575 η
646 3539 736 3593 Sic
783 3539 912 3593 80h.
944 3536 1093 3594 Colb.
1142 3538 1432 3597 Blidrudis.
1484 3546 1538 3592 et
1577 3536 1732 3598 inl'ra.
1786 3536 2082 3593 Blictrudis.

506 3609 631 3674 Ed.,
659 3607 962 3675 Plictrudis,
993 3620 1048 3665 et
1069 3611 1147 3665 sic
1165 3610 1321 3662 infra.
1360 3609 1508 3663 Ilanc
1535 3618 1719 3675 postea
1741 3606 1943 3661 dimisit
1966 3608 2087 3677 Pip-

509 3679 684 3748 pinus,
718 3692 774 3735 ut
796 3681 1072 3750 Alpaidem
1104 3690 1437 3743 assumeret;
1469 3679 1561 3733 sed
1582 3677 1650 3731 ab
1678 3678 1946 3750 episc0pis
1966 3694 2086 3733 cor-

506 3747 710 3821 reptus,
758 3747 979 3821 Alpaide
1028 3753 1080 3805 in
1135 3751 1519 3804 monasterium
1573 3747 1720 3817 Orpii
1773 3748 2080 3818 secedente,

505 3820 880 3876 l’lechtrudem
911 3826 1132 3890 recepit.

504 3949 516 3959 ,
579 3891 605 3929 δ
651 3894 739 3948 Sic
788 3895 921 3948 Bob.
955 3889 1109 3947 Colb.
1138 3906 1270 3947 vero
1296 3906 1416 3946 cum
1450 3889 1551 3945 Ed.
1592 3889 1860 3960 plerisque
1884 3890 2079 3960 Drogo,

506 3962 593 4031 qui
626 3962 758 4017 infra
792 3966 986 4019 habent
1014 3961 1212 4017 Drocus
1231 3972 1285 4016 et
1311 3961 1501 4029 Drogo.

585 4043 608 4071 ο
633 4034 720 4089 Sic
747 4036 907 4099 Boh.,
933 4036 1087 4089 Colb.
1115 4045 1167 4089 et
1188 4036 1308 4088 cod.
1339 4031 1623 4087 Christinte
1664 4034 1884 4102 reginae.
1916 4031 2078 4095 Editi,

507 4108 912 4170 quatuordecim.
965 4109 1166 4159 Anrtnr
1195 4104 1476 4159 Gestorum
1505 4103 1634 4171 Reg.
1683 4101 1874 4156 Franc.
1906 4118 2081 4155 novem

507 4176 688 4240 decim,
722 4176 794 4230 aI.
839 4186 949 4229 octo
977 4177 1159 4230 decim.
1198 4175 1407 4229 Nestris
1440 4186 1569 4227 mss.
1599 4172 1779 4226 favent
1814 4172 2079 4226 Chronica

507 4245 709 4312 aliquot
739 4261 767 4299 a
797 4247 1029 4300 Chesnio
1062 4247 1227 4300 edita.
1280 4243 1521 4297 Cointius
1567 4244 1616 4297 ei
1662 4257 1831 4295 annos
1881 4258 2077 4296 novem

508 4314 682 4368 decim
714 4318 920 4379 tribuit,
956 4327 1010 4371 et
1034 4315 1306 4369 Clndoveo
1338 4314 1403 4367 III
1450 4315 1565 4378 ejus
1594 4313 1891 4366 successori
1920 4313 2073 4366 duos.

505 4382 607 4464 Qui
635 4397 913 4464 computus
933 4388 992 4464 _in
1023 4400 1228 4439 summa
1252 4400 1281 4438 a
1324 4392 1517 4464 nostro.
1536 4394 1750 4437 auctore
1778 4381 2077 4463 non_dissio
2108 4406 2153 4464 ο

506 4453 634 4515 det,
666 4455 756 4521 qui
788 4455 947 4521 priori
977 4470 1147 4507 annos
1174 4465 1375 4521 septem
1406 4455 1598 4517 decim,
1632 4453 1911 4521 posteriori
1950 4467 2076 4506 vero

506 4534 731 4591 quatuor
753 4525 952 4579 tribuit.
980 4526 1346 4579 Theudoricus
1372 4524 1612 4592 sepultus
1651 4534 1733 4577 est
1756 4523 1991 4576 Atrebati
2024 4524 2077 4577 in

506 4600 829 4649 monasterio
856 4597 1022 4651 sancti
1071 4596 1282 4651 Vedasti
1319 4592 1720 4666 (εαξηι-νᾉααει),
1764 4593 1904 4666 quod
1923 4594 1992 4647 ab
2013 4608 2078 4647 eo

505 4675 870 4720 constructum
901 4677 991 4721 aut
1017 4668 1206 4721 saltem
1236 4664 1476 4719 dotatum
1502 4664 1662 4718 fuisse
1702 4664 1933 4718 tradunt.

576 4734 599 4771 ἀ
632 4735 708 4788 Ex
738 4737 1085 4804 inscriptione
1113 4742 1235 4792 cod.
1266 4752 1366 4790 ms.
1412 4734 1599 4789 Jacobi
1634 4734 1903 4804 Bongarsii
1936 4741 2078 4804 patet

506 4818 699 4859 annum
729 4806 761 4857 5
790 4801 1113 4863 Childeberti
1141 4808 1205 4862 III
1231 4823 1352 4861 cum
1384 4820 1525 4860 anno
1551 4820 1673 4858 (erat
1694 4802 1927 4873 vulgaris
1947 4801 2073 4869 699,

506 4888 610 4943 quo
661 4876 860 4931 Pascha
915 4877 999 4932 die
1044 4879 1114 4935 25
1145 4877 1313 4933 Martii
1338 4877 1660 4933 celebratum
1692 4873 1809 4939 fuit,
1852 4888 2078 4943 concur-

507 4944 660 5017 risse.
691 4947 1090 5017 Inscriptionem
1117 4948 1202 5004 hic
1242 4948 1406 5017 habes
1432 4963 1500 5017 ex
1529 4942 2075 4999 animadversionibus

506 5014 761 5090 Scaligeri
792 5009 1273 5090 iu'chronologiam
1304 5009 1673 5090 Eusebianam.

578 5086 641 5139 IN
672 5088 906 5144 ANNVM
948 5089 1012 5143 V.
1045 5085 1495 5145 CIIILDEBERTI
1534 5086 1736 5141 REGIS
1777 5085 2075 5144 FRANCO-

506 5154 649 5212 RVM
694 5159 913 5215 PIPINU
941 5159 1231 5215 IVRENTE
1266 5160 1355 5214 AB
1385 5158 1573 5212 ADAM
1606 5158 1782 5213 SVNT
1814 5157 1972 5214 ANNI
2008 5157 2070 5209 V.

508 5228 738 5285 MILLIA
802 5246 985 5285 acccc.
1037 5231 1191 5285 FVIT
1253 5228 1515 5285 PASCHA
1566 5228 1633 5282 Χ.
1678 5227 1741 5281 Κ.
1786 5228 2068 5283 APRILIS.

508 5298 838 5371 ascensu)
854 5302 1083 5355 nomen
1114 5300 1266 5355 err
1292 5299 1677 5371 natamus
1698 5298 1845 5371 [ιριςἒ
1880 5296 2069 5371 unis]

508 5318 1345 5426 iE‘ii'ifVé‘iii'i’i‘i’i'ii‘i'viii'éa'i
1354 5318 1631 5425 ii'i'iii‘i‘
1640 5318 2069 5426 ῗιίδξῖάιῗλιὶλέ

1161 5412 1171 5424 .
1534 5392 1549 5422 ι
1712 5408 1726 5424 ο
1906 5409 1921 5427 ο
2048 5397 2070 5409 '

509 5438 776 5496 PETITIO
808 5443 850 5495 A
881 5442 1128 5496 IZAPITE
1152 5441 1365 5496 CYCLI.

580 5519 614 5583 9A
648 5512 694 5564 Is
719 5521 803 5565 est
824 5511 1117 5583 Ratbodus,
1136 5513 1224 5583 qui
1255 5512 1430 5581 agnita
1443 5509 1763 5583 Christiana:
1799 5507 2070 5583 religionis

510 5581 752 5645 veritate,
785 5582 972 5634 maluit
999 5596 1119 5635 cum
1152 5578 1518 5650 superioribus
1554 5582 1771 5651 regibus
1798 5590 1851 5636 et
1874 5578 2068 5649 princi-

510 5654 666 5723 pibus
696 5654 747 5704 in
777 5651 1037 5705 infernum
1068 5652 1301 5723 demergi
1320 5694 1335 5720 ,
1373 5667 1530 5722 quam
1560 5657 1627 5707 ab
1658 5652 1762 5706 illis
1792 5658 2068 5721 separatus

514 5669 666 5723 pinus
696 5669 747 5704 III
777 5669 1037 5705 nuernum
1068 5669 1251 5707 uemer
1289 5669 1335 5720 I,
1373 5669 1530 5722 quam
1560 5669 1627 5707 au
1658 5669 1762 5706 nus
1792 5669 2067 5721 separatus

514 5726 574 5783 sd
601 5726 795 5778 coelum
818 5722 1197 5778 Conscendere.
1235 5669 1383 5779 [ﬁnde
1403 5732 1580 5795 spreto
1610 5724 1924 5794 baptismate
1937 5734 2067 5790 gen-

2194 3053 2457 3122 linquens.
2488 3054 2616 3108 Vide
2650 3052 2820 3105 Vitam
2854 3057 3019 3108 sancti
3057 3053 3311 3107 Ulfranini
3362 3068 3486 3106 szcc.
3514 3068 3567 3105 ιιι
3606 3053 3772 3110 Bene-

2190 3123 2389 3177 dictino
2418 3126 2484 3177 ad
2515 3138 2601 3177 an.
2628 3123 2751 3176 720.
2781 3122 3073 3187 Frisiones,
3106 3124 3321 3189 antiqua
3344 3138 3473 3191 gens
3501 3123 3774 3179 inferioris

2192 3190 2511 3256 Germanias,
2563 3196 2612 3248 in
2653 3196 2920 3248 Bataviam
2954 3194 3106 3247 elI'usi
3138 3190 3488 3261 partvm’ejus
3519 3209 3624 3248 non
3658 3210 3773 3248 mo-

2189 3264 2361 3335 dicam
2386 3274 2805 3333 occupaverunt,
2839 3280 2958 3333 qua:
2988 3264 3144 3335 abiis
3170 3262 3347 3335 Frisia
3390 3264 3528 3318 dicta
3563 3272 3666 3335 est.
3700 3264 3774 3319 De

2188 3332 2253 3389 iis
2276 3336 2394 3389 vide
2425 3332 2711 3389 Mabillonii
2741 3332 3141 3389 observationes
3164 3334 3216 3387 in
3233 3332 3409 3387 Vitam
3439 3335 3610 3388 sancti
3645 3334 3773 3390 Wil-

2190 3405 2436 3468 librordi,
2470 3420 2617 3458 num.
2652 3405 2683 3457 7
2720 3420 2844 3459 szec.
2877 3420 2931 3459 ιιι
2962 3404 3160 3459 Bened.
3194 3403 3257 3455 ad
3290 3418 3378 3455 an.
3414 3403 3536 3458 759.

2270 3472 2287 3544 1
2321 3475 2485 3540 Boh.,
2514 3475 2794 3537 Duristate,
2821 3476 2978 3544 vulgo
3003 3472 3396 3537 Durostadiuni,
3430 3474 3587 3529 hodie
3619 3474 3774 3529 Bata-

2187 3543 2445 3613 vodurum
2500 3545 2693 3599 dicitur
2750 3543 2929 3611 (Wicli
2962 3557 3007 3599 Ie
3039 3546 3395 3613 Duerstedeu),
3455 3546 3508 3599 in
3537 3546 3772 3601 Geldrite

2186 3612 2376 3666 ducatu
2402 3615 2465 3666 ad
2500 3613 2681 3668 Liciim
2715 3615 2887 3669 Rheni
2919 3616 3139 3669 fossam.

2259 3692 2285 3755 ιι
2317 3684 2368 3736 Μ
2398 3695 2477 3755 est
2512 3686 2710 3755 patria,
2752 3688 2957 3740 scilicet
2980 3685 3281 3755 Theotisca
3309 3683 3455 3740 li'arl.
3502 3685 3551 3739 Is
3578 3695 3771 3755 postea

2186 3752 2414 3807 celebris
2444 3752 2545 3807 fuit
2568 3754 2797 3809 Carolus
2827 3757 3119 3822 Martellus,
3150 3756 3239 3824 qui
3270 3754 3323 3807 in
3351 3756 3508 3809 codd.
3552 3752 3687 3810 Iioh.
3715 3767 3769 3812 et

2188 3824 2339 3877 Colb.
2386 3840 2604 3897 semper
2638 3825 2835 3897 dicitur
2864 3826 3067 3880 Carius.
3099 3825 3261 3891 Editi,
3289 3825 3529 3892 Carolus,
3566 3837 3622 3881 et
3647 3828 3772 3897 ejus

2184 3904 2354 3947 mater
2384 3895 2435 3947 in
2471 3895 2602 3949 Bob.
2624 3895 2898 3960 Calpaida.
3526 3900 3547 3923 ⁸

2256 3961 2284 4001 h
2318 3964 2449 4017 Villa
2473 3966 2598 4019 olim
2632 3969 2774 4035 regia
2809 3970 2863 4020 in
2911 3981 3046 4033 pago
3076 3965 3417 4021 Noviomensi
3455 3975 3509 4020 et
3541 3967 3769 4023 dioecesi

2186 4032 2559 4089 Suessionensi
2582 4037 2681 4090 sita
2696 4032 2853 4089 'liaud
2894 4032 3073 4103 procul
3106 4051 3135 4089 a
3162 4036 3493 4102 Conipendio
3523 4046 3576 4091 et
3612 4037 3764 4092 Con-

2183 4103 2472 4159 ﬂuentibus
2502 4107 2703 4160 Axonai
2733 4122 2852 4160 cum
2882 4109 3047 4171 Isara,
3083 4108 3240 4173 vulgo
3268 4104 3485 4176 Choisy,
3521 4107 3609 4160 ubi
3651 4124 3765 4163 mo-

2183 4178 2476 4229 nasterium
2520 4180 2645 4230 olim
2701 4178 2935 4245 celebre,
2968 4178 3231 4244 hoilieque
3278 4191 3465 4242 sancto
3504 4177 3765 4234 Medardo

2181 4246 2553 4300 Suessionensi
2581 4247 2896 4315 subjectum.
2938 4247 3065 4317 Vide
3097 4247 3189 4300 lib.
3212 4261 3267 4299 ιν
3284 4247 3351 4301 de
3378 4250 3455 4301 Re
3479 4247 3762 4317 diplomat.

2180 4325 2233 4369 et
2266 4317 2531 4372 Valesium
2562 4317 2653 4369 lib.
2687 4333 2815 4370 χχιιι
2846 4317 2973 4373 Rer.
3000 4316 3399 4372 Francicaruin.

2256 4385 2271 4423 ί
2301 4388 2389 4441 Sic
2418 4387 2549 4440 Beli.
2578 4396 2633 4442 et
2660 4387 2812 4441 Colb.
2864 4389 3001 4442 Editi
3028 4426 3043 4451 ,
3099 4388 3364 4440 tradecim.
3398 4386 3580 4441 Lectio
3631 4402 3763 4445 mss.

2182 4457 2463 4511 conlirmat
2488 4458 2684 4512 Labbei
2714 4459 3028 4513 sententiam
3064 4458 3116 4511 in
3159 4458 3511 4512 Miscellaneis
3542 4459 3759 4525 bistor.,

2183 4541 2303 4597 pag.
2332 4528 2421 4594 64,
2469 4536 2525 4580 et
2578 4529 2788 4583 Cointio
2830 4528 2990 4593 lavet,
3031 4529 3152 4582 licet
3194 4528 3539 4582 Childeberto
3585 4544 3761 4585 annos

2182 4608 2385 4666 septem
2416 4599 2586 4652 decim
2620 4601 2834 4664 tribuat,
2864 4615 2984 4653 nam
3013 4599 3174 4653 biduo
3197 4608 3397 4653 tantum
3428 4598 3597 4653 ultimi
3624 4601 3755 4654 anui

2179 4668 2352 4736 ipsum
2382 4669 2580 4723 vixisse
2608 4669 2810 4722 scribit.

2255 4739 2269 4788 ι
2306 4738 2529 4793 Nomine
2557 4738 2923 4805 Teutsindam,
2950 4754 3015 4794 ex
3042 4738 3219 4795 Gestis
3250 4738 3449 4808 Regum
3480 4738 3673 4795 Franc.
3707 4748 3763 4797 et

2177 4806 2273 4862 lib.
2305 4809 2374 4863 de
2397 4809 2679 4877 Majorihus
2698 4810 2907 4864 domus.

2252 4878 2275 4917 ι
2317 4880 2475 4942 ΒοΙι..
2530 4878 2627 4933 Job
2684 4881 2827 4933 villa.
2877 4880 3045 4945 Alias,
3087 4878 3256 4947 Jopila
3283 4921 3299 4947 ,
3348 4893 3440 4933 seu
3483 4878 3717 4948 Jopilum
3746 4921 3763 4943 ,

2179 4950 2342 5021 vulgo
2359 4948 2525 5021 Jupil,
2556 4952 2671 5004 sive
2702 4949 2842 5019 Jopil
2871 4952 3197 5021 appellatur;
3230 4951 3331 5021 sita
3354 4960 3434 5003 est
3472 4964 3509 5021 ε
3540 4950 3762 5021 regione

2177 5019 2446 5076 Heristalii
2488 5036 2653 5089 prope
2707 5022 3016 5074 Leodicnm.
3072 5020 3202 5073 Vide
3242 5020 3334 5072 lib.
3366 5034 3415 5072 tv
3455 5019 3522 5072 de
3560 5019 3639 5072 Re
3672 5020 3758 5074 οι-

2178 5090 2398 5158 plomat.
2427 5106 2577 5145 num.
2610 5089 2699 5143 7I.
2733 5092 2954 5144 Basilica
2980 5091 3150 5144 sancti
3184 5089 3447 5143 Lamberti
3480 5091 3640 5158 hodie
3668 5105 3755 5143 ca-

2177 5157 2431 5216 thedralis
2458 5171 2539 5215 est
2569 5161 2929 5215 Leodicensis.
2955 5160 3051 5213 Hic
3080 5169 3295 5213 sanctus
3326 5170 3549 5213 necatus
3578 5157 3759 5216 fuerat

2173 5243 2315 5286 anno
2346 5234 2480 5286 circ.
2513 5232 2635 5284 708.
2671 5233 2797 5299 Ejus
2826 5231 2933 5285 vita
2965 5230 3189 5284 habetur
3217 5230 3354 5284 inter
3378 5233 3509 5284 Acta
3541 5239 3753 5285 sancto-

2174 5316 2291 5371 rum
2325 5301 2677 5371 Benedictin.,
2712 5316 2837 5356 sine.
2872 5316 2952 5366 ιιι,
2984 5310 3135 5370 parte
3161 5314 3197 5354 ι.

2252 5370 2269 5411 1
2300 5370 2455 5427 Colb.
2477 5380 2531 5426 et
2555 5369 2708 5441 Bob.,
2736 5369 3215 5440 majorem’domatu
3235 5369 3417 5441 palatii
3442 5370 3656 5440 accepit.

2245 5444 2436 5497 luObiit
2458 5458 2545 5496 an.
2571 5442 2692 5506 714,
2723 5457 2905 5496 mense
2931 5441 3228 5505 Decembri,
3251 5442 3405 5509 paulo
3420 5450 3539 5508 post
3556 5440 3647 5492 lilii
3664 5440 3747 5495 sui

2173 5527 2382 5568 necem.
2415 5514 2595 5567 Dictus
2646 5525 2729 5567 est
2772 5512 2989 5582 junior,
3052 5513 3192 5580 quod
3232 5527 3387 5564 avum
3430 5520 3735 5582 maternum

2174 5583 2419 5639 habuerit
2443 5582 2722 5652 Pippinum
2748 5580 3176 5648 Londinensem;
3204 5582 3386 5639 senior
3412 5594 3542 5636 vero
3563 5580 3633 5635 ob
3654 5594 3753 5635 ne-

2173 5664 2371 5724 potem,
2403 5656 2490 5725 qui
2521 5663 2705 5724 postea
2736 5668 2959 5723 regnum
2993 5653 3247 5711 obtinuit.
