4132 6348
414 328 483 384 75
1233 319 1627 379 CHRONICUM
1661 318 2177 376 CONTINUATUM.
2222 318 2396 378 PARS
2433 319 2773 378 SECUNDA.

3514 323 3622 381 674

381 442 492 497 acie
522 442 572 495 in
602 439 784 495 Coatia
806 438 825 462 '
847 436 999 503 silva,
1032 444 1216 491 contra
1243 434 1737 496 Thendoaldum,et
1759 431 1942 488 lendes
1968 434 2020 492 Α
2115 431 2266 486 CVII.
2303 433 2501 488 Deinde
2525 433 2799 489 Coloniam
2823 433 3006 487 urbem
3035 448 3303 499 reversus,
3331 435 3502 505 ipsam
3534 436 3620 491 ci-

384 531 589 600 Pippini
615 529 905 599 quondam,
947 537 1106 597 atque
1128 525 1493 581 Grimoaldum
1524 525 1549 562 ιι
1582 526 1749 580 iniere
1778 533 1949 579 certa-

382 640 526 680 men.
578 623 896 692 Corruitque
938 621 1009 675 ibi
1066 620 1386 674 immodicus
1431 618 1717 673 exercitus.
1774 616 1950 671 Τιιθιι·

379 714 605 770 ἀοιωυε
649 714 828 781 itaque
880 726 912 765 a
956 710 1230 764 sodalibus
1258 710 1371 763 suis
1420 724 1513 777 per
1553 708 1729 777 fugam
1770 707 1951 773 lapsus

383 810 575 865 evasit.
624 810 811 875 Magna
869 813 926 859 et
970 803 1140 857 valida
1193 801 1522 869 perturbatio
1556 808 1612 855 et
1652 798 1953 869 persecutio

383 900 589 957 exstitit
617 898 754 970 apud
785 904 994 967 gentem
1027 896 1379 949 Francorum.

458 986 570 1043 CV.
598 985 799 1041 Eodem
849 996 1085 1055 tempore
1141 994 1265 1039 tunc
1291 985 1567 1054 elegerunt
1604 985 1657 1039 in
1694 983 1953 1040 honorem

386 1076 605 1147 majoris
658 1078 907 1130 domatus
952 1075 1231 1143 quemdam
1271 1074 1551 1137 Francum,
1606 1074 1818 1128 nomine
1849 1076 1953 1127 lia-

384 1168 682 1240 ganfridum
730 1177 799 1232 c;
850 1176 1222 1235 commotoque
1276 1169 1512 1219 exercitu
1566 1165 1741 1219 hostili
1788 1180 1955 1233 usque

388 1264 589 1318 Mosam
645 1259 859 1313 fluvium
908 1265 1215 1328 properant,
1265 1267 1454 1312 cuncta
1484 1266 1770 1310 vastantes.
1821 1256 1953 1311 Cum

388 1350 641 1405 Radbodo
669 1348 803 1403 duce
831 1348 998 1402 ftedns
1024 1347 1273 1401 inierunt.
1306 1347 1397 1400 llis
1421 1348 1611 1400 diebus
1632 1346 1822 1399 Carlus
1845 1347 1954 1401 dux

387 1459 417 1497 a
450 1444 663 1512 pra‘lata
711 1440 903 1494 femina
942 1438 1259 1493 Plechtrude
1288 1438 1389 1494 sub
1419 1437 1656 1492 custodia
1689 1438 1955 1505 detentus,

389 1534 484 1591 Dei
506 1533 707 1589 auxilio
737 1532 991 1586 liberatus
1018 1538 1119 1585 est.

456 1627 558 1681 AN.
596 1640 788 1680 uccxv.
819 1651 892 1664 —-
934 1621 1066 1676 CVI.
1119 1620 1320 1676 Eodem
1351 1631 1589 1691 tempore
1631 1621 1958 1691 Dagobertns

387 1734 481 1774 rex
511 1718 662 1783 obiit,
708 1716 1053 1786 regnavitque
1089 1728 1259 1767 annos
1284 1713 1535 1782 quinque.
1587 1710 1776 1766 Franci
1825 1722 1955 1764 vero

2053 521 2266 575 vitatem
2289 523 2437 591 cepit
2462 534 2795 577 reseratam:
2847 521 3062 590 prtefata
3113 522 3444 578 Plechtrudis
3500 525 3624 581 the-

2051 624 2237 663 sauros
2268 611 2432 678 patris
2469 612 2550 665 sui
2576 613 2625 667 ei
2657 611 2904 681 reddidit,
2949 621 3003 665 et
3026 620 3218 666 cuncta
3246 626 3345 665 suo
3384 613 3625 669 dominio

2052 701 2304 754 restituit.

2127 812 2224 863 AN.
2269 825 2516 864 nccxvru.
2549 842 2617 851 —
2658 812 2855 881 Regem
2902 813 3004 868 sibi
3052 812 3353 880 constituit,
3399 814 3615 870 nomine

2054 900 2443 956 Chlotharium.
2493 901 2826 973 Chilpericus
2871 905 3047 975 itaque
3075 918 3129 961 et
3170 906 3519 977 Raganfridus
3549 910 3626 963 le-

2054 991 2319 1058 gationem
2360 993 2425 1045 ad
2475 992 2748 1047 Eudonem
2796 996 2983 1050 ducem
3034 996 3288 1067 dirigunt,
3322 996 3438 1066 ejus
3474 999 3629 1053 auxi-

2058 1078 2184 1131 lium
2221 1079 2549 1148 postulantes
2577 1092 2782 1150 rogaut,
2816 1098 3033 1151 regnum
3066 1095 3091 1131 κ
3148 1098 3201 1140 et
3252 1102 3471 1142 munera
3516 1097 3629 1141 tra-

2057 1167 2208 1221 dunt.
2242 1167 2330 1223 llle
2358 1184 2569 1239 quoque
2615 1171 2768 1224 hoste
2804 1170 2891 1242 [Id
2913 1182 3003 1236 est,
3049 1174 3311 1246 exercitu]
3336 1176 3630 1230 Wascono«

2059 1273 2172 1310 rum
2208 1268 2474 1313 commoto
2528 1256 2555 1295 ιι
2601 1259 2667 1313 ad
2715 1276 2807 1315 eos
2837 1264 3074 1327 veniens,
3127 1267 3324 1332 pariter
3369 1266 3629 1320 adversus

2059 1346 2269 1400 Carlnm
2302 1357 2671 1415 perrexerunt.
2704 1350 2771 1402 At
2798 1350 2888 1403 ille
2913 1360 3225 1406 constanter
3253 1362 3307 1407 et
3335 1354 3632 1422 intrepidus

2059 1434 2137 1489 eis
2157 1449 2439 1489 occurrere
2468 1443 2735 1504 properat.
2770 1436 2920 1490 Endo
2953 1439 3167 1492 territus
3196 1440 3335 1507 quod
3378 1444 3631 1498 resistere

2052 1538 2166 1577 non
2219 1526 2441 1590 valeret,
2491 1524 2713 1594 aufugit.
2743 1527 2937 1581 Carlus
2990 1529 3264 1583 insecutus
3289 1545 3410 1584 eum
3466 1546 3631 1602 usque

2065 1612 2316 1681 Parisios,
2346 1615 2552 1683 Segona
2601 1616 2763 1670 fluvio
2794 1626 3038 1683 transno,
3077 1634 3246 1688 usque
3281 1621 3631 1676 Aurelianen-

2063 1715 2174 1756 sem
2204 1703 2387 1757 urbem
2414 1706 2756 1773 peraceessit,
2787 1714 2844 1759 et.
2870 1708 2959 1761 vix
2988 1707 3244 1774 evadens,
3270 1710 3528 1765 terminos
3549 1725 3632 1766 re-

390 1811 700 1867 Danihelem
730 1806 998 1877 quondam
1025 1804 1305 1868 clericum,
1363 1804 1585 1857 caesarie
1633 1801 1821 1870 capitis
1843 1815 1961 1855 cre-
1990 1793 2039 1852 B
2063 1795 2235 1864 gionis
2259 1810 2370 1848 sua:
2399 1797 2718 1863 penetravit.

388 1913 572 1957 scente
594 1900 645 1953 in
676 1913 896 1969 regnum
923 1897 1216 1961 stabiliunt,
1247 1902 1403 1962 atque
1431 1892 1786 1962 Chilpericuin
1825 1907 1959 1944 nun—

380 2001 580 2060 eupant
604 1989 653 2045 ά.
679 1991 872 2044 Iterato
900 1987 1110 2056 quidem
1144 1995 1382 2053 tempore
1426 1992 1695 2037 commoto
1720 1981 1959 2036 exercitu

387 2094 575 2141 contra
616 2091 967 2137 memoratum
1015 2080 1227 2134 Carlum
1276 2075 1532 2144 dirigunt.
1570 2076 1647 2127 Ex
1678 2075 1780 2128 alia
1814 2082 1959 2141 parte

387 2177 547 2231 iidem
577 2189 700 2229 cum
724 2174 877 2228 hoste
915 2170 1006 2243 [Id
1037 2180 1130 2233 est,
1176 2167 1439 2238 exercitu]
1492 2166 1795 2221 Frisionum
1828 2181 1959 2220 ven-

387 2274 511 2320 turo
540 2262 850 2319 Radhodum
881 2261 1071 2315 ducem
1116 2260 1360 2313 invitant.
1392 2256 1597 2325 Contra.
1633 2272 1791 2325 quem
1825 2272 1960 2325 pra:-

386 2358 560 2411 dictns
583 2355 663 2409 vir
689 2354 876 2408 Carlus
904 2367 1023 2406 cum
1054 2349 1297 2407 exercitu
1325 2363 1423 2403 suo
1461 2363 1809 2419 consurgens,
1839 2364 1958 2403 cer-

386 2456 565 2502 tamen
609 2443 836 2500 invicem
868 2443 1100 2498 inierunt
1129 2459 1144 2496 :
1194 2441 1286 2496 sed
1317 2456 1424 2496 non
1467 2442 1732 2494 modicum
1765 2442 1959 2495 ibidem

384 2553 673 2610 perpessus
696 2550 778 2593 est
804 2537 1057 2590 damnum
1078 2534 1147 2588 de
1173 2533 1302 2587 viris
1329 2533 1558 2586 strenuis
1586 2543 1744 2599 atque
1767 2532 1962 2585 nobili-

387 2633 514 2698 bus;
546 2643 877 2698 cernensque
904 2627 1087 2680 lzesum
1114 2624 1410 2679 exercitum
1432 2631 1580 2693 terga
1601 2622 1762 2693 673
1781 2628 1956 2677 vertit.

397 2721 736 2790 Chilpericus
759 2719 997 2788 posthaec
1019 2724 1068 2769 et
1099 2713 1473 2784 liaganfridus,
1521 2714 1751 2767 adunata
1784 2704 1960 2769 hostili

386 2812 559 2880 plebe,
594 2810 938 2865 Arduennam
966 2806 1155 2860 silvam
1204 2813 1502 2868 transeunt,
1551 2804 1620 2859 ab
1670 2804 1773 2858 alia
1814 2813 1961 2873 parte

385 2904 733 2974 prmstolante
749 2900 1003 2955 Radbodo
1024 2899 1177 2963 duce,
1195 2912 1315 2952 cum
1331 2897 1567 2951 exercitu
1589 2911 1686 2951 suo
1708 2898 1961 2952 hactenus

388 2994 669 3049 Coloniam
706 2994 889 3047 urbem
945 3006 1104 3060 super
1156 2989 1398 3043 Rhenum
1448 2988 1665 3043 ﬂuvium
1709 3003 1962 3057 pervene-

386 3096 533 3150 runt,
556 3083 804 3153 regiones
834 3082 951 3136 illas
995 3082 1193 3150 pariter
1220 3087 1506 3134 vastantes.
1539 3080 1755 3135 Munera
1794 3081 1958 3134 multa

2131 1907 2232 1961 Au.
2278 1922 2492 1961 uccxtx.
2525 1934 2597 1947 -—
2642 1908 3002 1977 Chilpericum
3055 1924 3235 1978 regem
3281 1925 3462 1966 secum
3515 1922 3633 1966 eum

2061 1996 2323 2051 thesauris
2354 1997 2620 2050 sublatum
2647 1998 2851 2052 evexit.
2901 1998 3241 2055 Chlotharius
3270 2000 3445 2070 itaque
3472 1999 3634 2071 67A

2060 2103 2155 2142 rex
2181 2102 2244 2143 eo
2277 2102 2419 2142 anno
2447 2088 2578 2142 obiit
2612 2084 2658 2143 ι.

2133 2207 2232 2255 AN.
2282 2216 2474 2256 uccxx.
2511 2211 2590 2239 '—
2618 2211 2774 2255 Anno
2830 2202 3074 2257 insecuto
3095 2202 3281 2259 Carlus
3327 2218 3421 2274 per
3449 2206 3633 2263 missos

2061 2305 2187 2343 suos
2217 2290 2474 2344 amicitias
2496 2304 2614 2344 cum
2648 2291 2866 2345 Eudone
2894 2292 3029 2347 duce
3057 2293 3279 2363 faciens,
3307 2296 3375 2350 ab
3401 2310 3467 2351 eo
3496 2311 3634 2366 pra).

2063 2386 2260 2439 dictum
2292 2384 2648 2453 Chilpericum
2689 2401 2867 2456 regem
2914 2401 3035 2441 cum
3093 2389 3277 2443 multis
3328 2390 3636 2445 muneribus

2062 2476 2279 2545 recepit.
2331 2473 2669 2544 Veniensque
2718 2476 2901 2530 urbem
2951 2475 3217 2532 Noviomo
3272 2489 3338 2547 t,
3380 2489 3495 2548 pos'
3526 2494 3633 2534 non

2063 2564 2284 2617 multum
2313 2572 2519 2633 tempus
2559 2579 2771 2618 cursum
2802 2565 2927 2619 vita:
2958 2577 3011 2619 et
3062 2582 3283 2637 regnum
3332 2571 3533 2634 amisit,
3585 2580 3636 2625 et

2062 2665 2303 2711 mortuus
2328 2666 2427 2722 est,
2460 2656 2806 2726 regnavitque
2833 2671 3002 2713 annos
3029 2672 3142 2713 sex.

2058 2790 2063 2795 ·
2131 2772 2230 2825 Au.
2264 2785 2475 2851 bccxxt.
2502 2800 2572 2810 —
2609 2771 2726 2838 Quo
2758 2780 2990 2837 mortuo,
3023 2772 3416 2828 Theodoricum
3443 2790 3626 2845 regem

2063 2869 2359 2915 statuerunt
2390 2862 2440 2915 in
2464 2861 2646 2916 sedem
2674 2864 2843 2931 regni,
2873 2867 2961 2932 qui
2995 2863 3135 2918 hunc
3163 2864 3336 2919 locum
3382 2867 3503 2920 solii
3555 2882 3640 2923 re-

2063 2952 2195 3021 galis
2222 2953 2429 3008 obtinet
2454 2950 2503 3021 τι,
2536 2954 2691 3007 annis
2724 2956 2845 3007 vita:
2868 2955 3025 3009 simul
3048 2958 3387 3023 praestolans.

2134 3070 2233 3124 Au.
2277 3082 2523 3131 nccxxtv.
2565 3095 2637 3107 -—-
2679 3066 2773 3121 His
2803 3068 2874 3121 ita
2902 3068 3117 3132 evulsis,
3153 3068 3339 3124 Carlus
3384 3070 3630 3141 princeps

383 3183 441 3231 et
470 3176 743 3229 thesauros
783 3187 814 3225 a
856 3171 1072 3240 praelata
1122 3169 1441 3225 Plechtrude
1488 3168 1812 3237 accipientes
1866 3186 1956 3225 re-
1989 3160 2034 3221 C
2068 3162 2334 3215 insecutus
2373 3160 2511 3215 idem
2556 3159 2954 3230 Raganfridum,
3010 3162 3312 3233 Andegwis
3365 3167 3639 3221 civitatem

387 3263 533 3320 versi
553 3272 678 3318 sunt
701 3271 752 3317 ο.
781 3261 887 3318 Sed
914 3262 966 3315 in
990 3262 1095 3327 via,
1124 3260 1177 3315 in
1201 3261 1345 3327 loco,
1365 3260 1451 3329 qui
1472 3259 1666 3314 dicitur
1685 3260 1962 3326 Amblava,

388 3356 456 3411 ab
481 3356 718 3410 exercitu
736 3352 878 3408 Carli
906 3352 1109 3422 grande
1129 3354 1364 3421 perpessi
1386 3360 1512 3407 sunt
1528 3351 1805 3406 damnum.
1836 3351 1967 3406 Suc-

388 3447 597 3503 cedenti
630 3456 890 3513 tempore,
913 3444 1125 3509 Carlus,
1155 3454 1424 3497 commqu
1467 3443 1731 3511 exercitu,
1779 3455 1965 3500 contra

397 3538 753 3607 Chilpericum
785 3546 837 3589 et
868 3533 1247 3603 Raganfridum
1278 3533 1491 3588 direxit.

456 3629 558 3682 Au.
599 3638 830 3679 nccxvu.
872 3652 943 3664 --
980 3624 1181 3677 Bellum
1212 3624 1442 3677 inierunt
1470 3623 1557 3678 die
1600 3623 1868 3679 Dominica
1905 3625 1959 3680 in

383 3714 818 3785 Quadragesima.
847 3712 1164 3767 duodecimo
1191 3712 1456 3768 Kalendas
1488 3712 1705 3782 Aprilis,
1750 3714 1802 3768 in
1848 3715 1967 3769 loco

388 3808 690 3876 nuncupato
714 3805 969 3860 Yinciaeo
1004 3804 1048 3870 ί,
1096 3805 1149 3859 in
1195 3820 1328 3875 pago
1376 3802 1772 3872 Cameracensi,
1806 3808 1966 3861 nimia

383 3899 533 3955 caede
574 3899 800 3952 invicem
846 3895 1017 3950 collisi
1045 3904 1187 3950 sunt.
1229 3894 1565 3962 Chilpericus
1593 3904 1649 3950 et
1689 3895 1968 3964 Raganfri-

389 3988 488 4042 dus
515 3986 729 4052 devicti,
758 3986 809 4039 in
832 3983 1008 4054 fugam
1032 3983 1166 4052 lapsi
1197 3992 1338 4050 terga
1365 3990 1636 4037 vertentes
1660 3995 1964 4049 evaserunt,

390 4098 524 4153 quos
544 4082 730 4139 Carlus
754 4090 1084 4151 persecutus,
1114 4093 1281 4148 usque
1305 4078 1535 4133 Parisios
1556 4064 1821 4134 civitatem
1844 4096 1967 4151 pro—

392 4178 618 4247 peravit.

476 4302 504 4331 ι
536 4291 755 4357 Chesn.,
781 4289 954 4352 Catia;
987 4287 1160 4351 Colb.,
1192 4304 1241 4342 in
1265 4287 1456 4352 indice,
1481 4285 1651 4357 Catia.
1684 4285 1777 4357 Est
1805 4285 1964 4343 Coeia

392 4363 522 4417 silva
571 4377 690 4432 cum
731 4360 851 4432 vico
896 4360 1210 4432 cognomine
1250 4372 1413 4424 prope
1461 4356 1844 4423 Compendium
1889 4360 1967 4432 (la

396 4434 523 4503 [oret
555 4432 616 4484 de
646 4430 839 4499 Cuise),
866 4445 929 4484 ex
961 4429 1137 4503 Gestis
1164 4429 1356 4503 Fratre.

466 4500 493 4541 ι’
524 4503 614 4557 Sic
665 4494 862 4555 habent
904 4499 1251 4564 exemplaria,
1291 4494 1572 4565 legendum
1622 4503 1795 4549 tamen
1844 4494 1967 4552 Gri.

396 4572 620 4639 moaldi;
669 4587 787 4626 nam
816 4569 1154 4625 Grimoaldus
1184 4578 1327 4630 tunc,
1380 4566 1516 4620 sicut
1567 4573 1620 4619 et
1668 4565 1783 4634 ejus
1813 4580 1964 4637 pater

398 4643 674 4712 Pippinus,
700 4642 933 4712 defuncti
957 4649 1140 4712 erant.
1171 4700 1197 4712 __

473 4705 660 4767 (Cod.
695 4712 875 4776 Colb.,
913 4708 1289 4777 liaginfridum,
1312 4716 1370 4777 et
1402 4707 1478 4760 sie
1501 4719 1713 4774 semper
1736 4705 1889 4777 infra.

466 4781 494 4820 ει
524 4784 615 4840 Sic
643 4783 839 4836 Chesn.
871 4779 973 4833 AIii
998 4780 1133 4833 Edtti
1164 4794 1283 4831 cum
1310 4776 1439 4830 Boh.
1467 4786 1519 4829 et
1544 4777 1694 4831 Cotb.
1724 4795 1737 4829 :
1764 4776 1960 4830 Franci

396 4869 514 4907 vero
542 4852 884 4921 Chilpericum
930 4851 1195 4918 quemdam
1237 4863 1406 4917 regem
1436 4847 1826 4900 constituerunt.
1858 4846 1966 4901 lte-

399 4933 526 4975 rato.

473 5001 498 5028 ο
537 4990 713 5055 Colb.,
742 4987 1037 5041 Blirtrudaz.
1066 4985 1209 5040 idem
1235 4994 1287 5039 et
1314 4985 1471 5049 Boh.,
1503 4995 1710 5054 accepta
1738 5000 1966 5038 reversus

402 5072 562 5117 εει...
587 5062 781 5130 grande
810 5060 1003 5126 accepit
1043 5058 1307 5130 damnum.
1340 5055 1514 5130 Porro
1536 5056 1671 5108 inter
1704 5056 1854 5107 villas
1883 5070 1967 5107 re-

433 5132 509 5185 ias
539 5124 826 5185 Austrasiae
855 5124 1146 5194 Sigibertus
1165 5125 1343 5192 jnnior
1366 5124 1678 5194 Amblavarn
1700 5133 1964 5185 recenset,

433 5146 509 5185 tas
539 5146 826 5185 nu‘strasnn
855 5146 1146 5194 blgtuertus
1165 5146 1343 5192 jtlntur
1366 5146 1669 5176 Mittituvzuu
1701 5146 1960 5185 recenset,

402 5146 559 5254 ἑυνίο
586 5198 888 5271 cognomini
922 5196 1245 5271 impositam.
1277 5193 1528 5271 Amblava
1560 5193 1772 5271 fluvius,
1801 5194 1960 5271 vulgo

405 5268 618 5337 Amble],
652 5262 788 5321 haud
822 5268 997 5333 procul
1048 5279 1078 5317 a
1121 5263 1434 5337 Stabulensi
1478 5272 1537 5337 _et
1582 5262 1965 5337 Malmnndarto

403 5332 733 5393 monasteriis
764 5338 897 5401 fluit,
942 5334 1271 5404 proindeQne
1298 5338 1439 5384 circa
1470 5332 1602 5385 fines
1630 5332 1966 5388 Coloniensis

402 5418 454 5462 et
486 5406 796 5460 Leodiensis
828 5407 1154 5456 dumceseon.

476 5476 496 5514 ί
533 5475 691 5537 Boh.,
750 5473 993 5527 Vinceco.
1051 5467 1357 5524 Vinciacnm
1401 5464 1563 5537 hodie
1614 5467 1843 5537 vicu'usﬂ
1879 5475 1981 5533 est,

400 5549 514 5617 qui,
553 5536 783 5617 testante
836 5546 1054 5617 Mirteo,
1082 5537 1480 5617 “appellaturnlja
1506 5536 1665 5591 Cense
1711 5536 1982 5617 de‘Vincr',

402 5608 542 5672 haud
584 5615 771 5686 procul
802 5613 1154 5686 aurcpardio
1182 5608 1854 5686 oppidolCrevecmurIZDe
1887 5610 1983 5664 hac

401 5678 798 5760 pugna'Paulus
829 5678 981 5760 Diae.
1009 5683 1105 5760 lib.
1124 5698 1173 5737 vt
1204 5678 1536 5760 Hist._l.'aug.
1561 5694 1679 5760 cap:
1710 5678 1799 5760 42.

475 5749 776 5814 EValesius
831 5756 913 5811 his
963 5755 1140 5809 verbis
1195 5751 1514 5822 permissqu
1569 5749 1773 5806 Eudoni
1817 5750 1982 5805 fuisse

2066 3252 2296 3318 obsedit,
2322 3261 2524 3307 vastata
2551 3253 2738 3308 eadem
2764 3252 3001 3323 regione,
3034 3270 3153 3310 cum
3184 3257 3425 3325 plurimis
3455 3258 3641 3327 spoliis

2069 3344 2355 3401 remeavit.

2137 3458 2313 3515 CVIII.
2360 3458 2463 3513 Per
2489 3458 2627 3514 idem
2664 3465 2873 3528 tempus
2904 3457 3284 3513 rebellantibus
3311 3459 3633 3525 Saxonibus,

2068 3550 2258 3606 Carlus
2287 3552 2535 3619 princeps
2558 3552 2777 3603 veniens
2806 3563 2899 3604 eos
2930 3552 3323 3619 praeoccupavit
3363 3565 3426 3606 ac
3457 3550 3643 3607 debel-

2071 3644 2216 3707 lavit,
2245 3642 2519 3711 victorque
2560 3642 2864 3695 revertitur.

2142 3763 2495 3816 Arnoccxxv.
2539 3786 2611 3800 —-
2658 3754 2936 3813 Succiduis
2991 3754 3199 3820 diebus,
3254 3759 3468 3809 evoluto
3516 3770 3641 3813 anui

2071 3854 2297 3918 circulo,
2348 3850 2648 3906 coadunata
2692 3848 2962 3917 agminum
3004 3846 3360 3909 multitudine,
3402 3845 3644 3901 Rhenum

2072 3944 2292 4000 fluvium
2325 3941 2550 4007 transiit,
2590 3940 3017 4005 Alamannosque
3072 3946 3125 3990 et
3177 3937 3384 3991 Snavos
3426 3921 3643 4003 lustrat,

2074 4053 2240 4107 usque
2270 4034 2565 4089 Danubium
2593 4031 2937 4101 peraceessit,
2962 4030 3160 4097 illoque
3204 4037 3551 4093 transmeato,
3582 4029 3641 4082 ll-

2075 4144 2167 4186 nes
2198 4120 2594 4182 Baioarensesl
2647 4120 2944 4190 occuparit.
2994 4118 3223 4175 Subacta
3268 4119 3482 4189 regione
3528 4121 3641 4183 illa,

2071 4296 2252 4342 censet
2280 4292 2336 4338 ut
2356 4294 2562 4335 summo
2588 4286 2639 4332 et
2666 4276 2809 4342 regio
2832 4275 2951 4343 jure
2982 4275 3033 4328 in
3062 4275 3341 4342 Aquitania
3382 4286 3640 4333 uteretur.

2072 4348 2312 4412 Cointins
2349 4367 2478 4406 vero
2508 4348 2635 4402 nihil
2683 4346 2829 4401 aliud
2860 4362 2923 4400 ex
2956 4347 3055 4399 hoc
3104 4346 3219 4399 loco
3263 4346 3443 4400 inferri
3488 4364 3645 4416 posse

2072 4424 2367 4490 coiitendit,
2401 4437 2557 4492 quam
2589 4431 2864 4492 coronam,
2911 4431 3028 4492 qua:
3076 4416 3269 4492 passim
3314 4418 3449 4485 apud
3474 4420 3643 4492 medii

1996 4510 2046 4568 ί)
2074 4499 2168 4551 :evi
2200 4484 2445 4550 auctores
2472 4487 2922 4568 regnumuicitur,
2974 4484 3193 4539 honoris
3220 4484 3377 4541 causa
3421 4488 3487 4542 ad
3531 4489 3642 4543 Eu-

2069 4569 2263 4623 donem
2297 4558 2660 4618 transmissum
2689 4558 2873 4612 fuisse.

2140 4636 2169 4675 ιι
2199 4635 2327 4691 Boh.
2363 4650 2376 4685 :
2414 4630 2499 4684 Illi
2527 4632 2686 4701 (forte
2716 4642 2808 4696 pro
2832 4624 2949 4695 Ille)
2980 4641 3178 4701 quoque
3198 4626 3388 4701 hostem
3420 4643 3643 4701 commu-

2067 4718 2175 4777 φηι
2199 4710 2314 4777 (με-«ι
2355 4697 2691 4777 commntum)
2721 4702 2787 4750 ad
2828 4697 3164 4764 eosyenieus,
3207 4699 3416 4763 pariter.
3454 4698 3593 4751 Editi
3624 4717 3637 4750 :

2068 4776 2157 4832 Illi
2187 4771 2449 4847 quoque...
2485 4771 2756 4847 venientes.

2142 4846 2160 4884 ί
2200 4833 2312 4902 ’816
2338 4844 2533 4897 Chesu.
2580 4838 2767 4891 Cznt‘eri
2815 4851 2933 4888 cum
2983 4833 3179 4903 Coll}:
3218 4833 3326 4888 Rex
3369 4836 3641 4903 defunctus

2066 4901 2293 4970 decessit.
2316 4912 2531 4969 Carolus
2554 4926 2639 4973 per
2654 4908 2829 4959 missos
2851 4920 2967 4957 suos
2993 4903 3054 4955 ab
3083 4901 3294 4961 Eridane
3320 4901 3448 4958 duce
3478 4906 3641 4958 idem-

2068 5003 2163 5055 que
2193 4986 2489 5055 praedictum
2516 4977 2857 5055 Cltilpericum
2881 4988 3045 5054 regem
3074 4975 3270 5055 recipit.

2146 5055 2159 5104 j
2193 5042 2357 5108 ὐνυς
2394 5042 2707 5117 episcopalis
2753 5044 3048 5117 notissima,
3080 5044 3237 5111 vulgo
3286 5042 3496 5117 Noyon,
3543 5044 3643 5117 sub

2075 5110 2744 5182 Rhemorum'tuetmpoli.
2780 5116 2879 5167 Alii
2925 5110 3330 5167 scribunt’eum
3375 5110 3677 5168 'Attiniaci‘

2070 5194 2293 5315 Obi'ssic'
2322 5260 2477 5320 Boh.,
2500 5254 2587 5307 alii
2618 5266 2764 5316 vero,
2789 5266 2990 5304 nunc...
3016 5253 3248 5306 obtinuit.
3273 5252 3461 5307 Nostra
3486 5254 3644 5307 Ιεοίίο

2072 5333 2260 5385 melior
2290 5338 2389 5383 est.
2424 5327 2715 5392 _Regnaute
2759 5322 2899 5374 enim
2937 5323 3273 5376 Theoderico
3317 5339 3387 5389 tv,
3435 5323 3640 5377 Caleusi

2067 5403 2228 5465 dicto,
2265 5400 2418 5466 hujus
2446 5394 2907 5466 Chrouici‘auctor
2947 5393 3176 5466 vivebat,
3216 5394 3437 5466 utipse
3477 5402 3641 5445 testa-

2068 5482 2171 5534 tur,
2208 5461 2362 5531 infra,
2395 5481 2511 5532 cap.
2545 5467 2597 5517 9.
2631 5461 2795 5526 Infra,
2824 5478 2916 5528 pro
2938 5464 3271 5531 prmstolatis,
3299 5463 3538 5516 Latibeus
3571 5465 3643 5516 Ια-

2068 5538 2453 5611 εἰιγριοοιεζαιᾷε.

2152 5600 2284 5664 1'Sic
2312 5608 2445 5661 Bolt.
2473 5602 2624 5657 Colb.
2656 5616 2806 5663 vero,
2837 5600 3212 5673 Bagunrenses,
3267 5602 3420 5653 habet
3470 5611 3643 5656 tamen

2074 5681 2125 5735 in
2161 5681 2331 5735 indice
2359 5690 2510 5747 Capp.
2544 5672 2896 5737 Bajoarenses.
2918 5670 3085 5736 Editi,
3119 5670 3439 5741 anori'nses.
