  <div class='ocr_page' id='page_1' title='image "/cluster/home/n/w/nwhite01/storage/ocr_20150623/71/hvd.32044020096954/343.png"; bbox 0 0 4132 6348; ppageno 0'>
   <div class='ocr_carea' id='block_1_1' title="bbox 513 263 620 324">
    <p class='ocr_par' dir='ltr' id='par_1_1' title="bbox 513 263 620 324">
     <span class='ocr_line' id='line_1_1' title="bbox 513 263 620 324; baseline -0.047 -1"><span class='ocrx_word' id='word_1_1' title='bbox 513 263 620 324; x_wconf 83' lang='grc'><strong>675</strong></span> 
     </span>
    </p>
   </div>
   <div class='ocr_carea' id='block_1_2' title="bbox 1124 246 2114 317">
    <p class='ocr_par' dir='ltr' id='par_1_2' title="bbox 1124 248 2114 317">
     <span class='ocr_line' id='line_1_2' title="bbox 1124 248 2114 317; baseline -0.012 -1"><span class='ocrx_word' id='word_1_2' title='bbox 1124 258 1549 317; x_wconf 73' lang='grc' dir='ltr'><strong>ΕΒΕΒΕϐΜίΙΙ</strong></span> <span class='ocrx_word' id='word_1_3' title='bbox 1587 252 2027 314; x_wconf 81' lang='lat' dir='ltr'><strong>SCIIOLASTICI</strong></span> <span class='ocrx_word' id='word_1_4' title='bbox 2064 248 2114 305; x_wconf 86' lang='lat' dir='ltr'><strong>Cl</strong></span> 
     </span>
    </p>
   </div>
   <div class='ocr_carea' id='block_1_3' title="bbox 2220 246 3163 317">
    <p class='ocr_par' dir='ltr' id='par_1_3' title="bbox 2220 246 3163 305">
     <span class='ocr_line' id='line_1_3' title="bbox 2220 246 3163 305; baseline -0.006 0"><span class='ocrx_word' id='word_1_5' title='bbox 2220 246 2381 305; x_wconf 70' lang='lat' dir='ltr'><strong>JNIC.</strong></span> <span class='ocrx_word' id='word_1_6' title='bbox 2426 246 2842 305; x_wconf 75' lang='lat' dir='ltr'><strong>CONTINUAT.</strong></span> <span class='ocrx_word' id='word_1_7' title='bbox 2885 246 3061 304; x_wconf 81' lang='lat' dir='ltr'><strong>PARS</strong></span> <span class='ocrx_word' id='word_1_8' title='bbox 3100 247 3163 303; x_wconf 89' lang='lat' dir='ltr'><strong>ll.</strong></span> 
     </span>
    </p>
   </div>
   <div class='ocr_carea' id='block_1_4' title="bbox 3698 250 3822 305">
    <p class='ocr_par' dir='ltr' id='par_1_4' title="bbox 3698 250 3822 305">
     <span class='ocr_line' id='line_1_4' title="bbox 3698 250 3822 305; baseline -0.016 0"><span class='ocrx_word' id='word_1_9' title='bbox 3698 250 3822 305; x_wconf 76' lang='lat'><strong>676</strong></span> 
     </span>
    </p>
   </div>
   <div class='ocr_carea' id='block_1_5' title="bbox 492 364 3814 453">
    <p class='ocr_par' dir='ltr' id='par_1_5' title="bbox 492 364 3814 453">
     <span class='ocr_line' id='line_1_5' title="bbox 492 364 3814 453; baseline -0.003 -19"><span class='ocrx_word' id='word_1_10' title='bbox 492 368 785 435; x_wconf 60' lang='lat' dir='ltr'><strong>thesauris</strong></span> <span class='ocrx_word' id='word_1_11' title='bbox 815 375 992 431; x_wconf 73' lang='lat' dir='ltr'><strong>multis</strong></span> <span class='ocrx_word' id='word_1_12' title='bbox 1019 388 1139 429; x_wconf 90' lang='lat' dir='ltr'><strong>cum</strong></span> <span class='ocrx_word' id='word_1_13' title='bbox 1172 386 1415 429; x_wconf 85' lang='lat' dir='ltr'><strong>matrona</strong></span> <span class='ocrx_word' id='word_1_14' title='bbox 1446 371 1697 442; x_wconf 83' lang='lat' dir='ltr'><strong>quadam,</strong></span> <span class='ocrx_word' id='word_1_15' title='bbox 1733 369 1950 424; x_wconf 84' lang='lat' dir='ltr'><strong>nomine</strong></span> <span class='ocrx_word' id='word_1_16' title='bbox 1979 364 2104 420; x_wconf 85' lang='lat' dir='ltr'><strong>Bili—</strong></span> <span class='ocrx_word' id='word_1_17' title='bbox 2133 365 2179 424; x_wconf 80' lang='grc' dir='ltr'><strong>Α</strong></span> <span class='ocrx_word' id='word_1_18' title='bbox 2208 380 2339 433; x_wconf 67' lang='lat' dir='ltr'><strong>imm</strong></span> <span class='ocrx_word' id='word_1_19' title='bbox 2360 380 2584 434; x_wconf 66' lang='lat' dir='ltr'><strong>camino</strong></span> <span class='ocrx_word' id='word_1_20' title='bbox 2614 393 2898 448; x_wconf 65' lang='lat' dir='ltr'><strong>procerum</strong></span> <span class='ocrx_word' id='word_1_21' title='bbox 2925 394 3168 446; x_wconf 58' lang='lat' dir='ltr'><strong>suorum,</strong></span> <span class='ocrx_word' id='word_1_22' title='bbox 3195 381 3375 437; x_wconf 66' lang='lat' dir='ltr'><strong>denuo</strong></span> <span class='ocrx_word' id='word_1_23' title='bbox 3406 383 3651 453; x_wconf 67' lang='lat' dir='ltr'><strong>Ligerem</strong></span> <span class='ocrx_word' id='word_1_24' title='bbox 3694 383 3814 436; x_wconf 69' lang='lat' dir='ltr'><strong>nu-</strong></span> 
     </span>
    </p>
   </div>
   <div class='ocr_carea' id='block_1_6' title="bbox 521 462 1861 535">
    <p class='ocr_par' dir='ltr' id='par_1_6' title="bbox 521 462 1861 535">
     <span class='ocr_line' id='line_1_6' title="bbox 521 462 1861 535; baseline -0.008 -10"><span class='ocrx_word' id='word_1_25' title='bbox 521 470 675 525; x_wconf 89' lang='lat' dir='ltr'><strong>trude</strong></span> <span class='ocrx_word' id='word_1_26' title='bbox 706 477 766 534; x_wconf 78' lang='grc' dir='ltr'><strong>ι,</strong></span> <span class='ocrx_word' id='word_1_27' title='bbox 794 477 845 522; x_wconf 88' lang='lat' dir='ltr'><strong>et</strong></span> <span class='ocrx_word' id='word_1_28' title='bbox 878 474 1036 535; x_wconf 88' lang='lat' dir='ltr'><strong>nepte</strong></span> <span class='ocrx_word' id='word_1_29' title='bbox 1068 479 1159 519; x_wconf 90' lang='lat' dir='ltr'><strong>sua</strong></span> <span class='ocrx_word' id='word_1_30' title='bbox 1189 464 1521 529; x_wconf 84' lang='lat' dir='ltr'><strong>Sonichilde,</strong></span> <span class='ocrx_word' id='word_1_31' title='bbox 1545 462 1861 532; x_wconf 76' lang='lat' dir='ltr'><strong>regreditur.</strong></span> 
     </span>
    </p>
   </div>
   <div class='ocr_carea' id='block_1_7' title="bbox 594 554 2107 627">
    <p class='ocr_par' dir='ltr' id='par_1_7' title="bbox 594 554 2107 627">
     <span class='ocr_line' id='line_1_7' title="bbox 594 554 2107 627; baseline -0.011 -5"><span class='ocrx_word' id='word_1_32' title='bbox 594 568 695 622; x_wconf 75' lang='lat' dir='ltr'><strong>Art.</strong></span> <span class='ocrx_word' id='word_1_33' title='bbox 741 580 1069 621; x_wconf 76' lang='lat' dir='ltr'><strong>nccxxxt.—</strong></span> <span class='ocrx_word' id='word_1_34' title='bbox 1096 561 1197 616; x_wconf 85' lang='lat' dir='ltr'><strong>Per</strong></span> <span class='ocrx_word' id='word_1_35' title='bbox 1242 560 1381 615; x_wconf 89' lang='lat' dir='ltr'><strong>idem</strong></span> <span class='ocrx_word' id='word_1_36' title='bbox 1413 568 1622 627; x_wconf 87' lang='lat' dir='ltr'><strong>tempus</strong></span> <span class='ocrx_word' id='word_1_37' title='bbox 1655 556 1875 611; x_wconf 86' lang='lat' dir='ltr'><strong>Eudone</strong></span> <span class='ocrx_word' id='word_1_38' title='bbox 1919 554 2053 608; x_wconf 87' lang='lat' dir='ltr'><strong>duce</strong></span> <span class='ocrx_word' id='word_1_39' title='bbox 2077 567 2107 606; x_wconf 87' lang='lat' dir='ltr'><strong>a</strong></span> 
     </span>
    </p>
   </div>
   <div class='ocr_carea' id='block_1_8' title="bbox 518 648 2110 729">
    <p class='ocr_par' dir='ltr' id='par_1_8' title="bbox 518 648 2110 729">
     <span class='ocr_line' id='line_1_8' title="bbox 518 648 2110 729; baseline -0.008 -17"><span class='ocrx_word' id='word_1_40' title='bbox 518 658 638 729; x_wconf 78' lang='lat' dir='ltr'><strong>iure</strong></span> <span class='ocrx_word' id='word_1_41' title='bbox 669 658 883 712; x_wconf 68' lang='lat' dir='ltr'><strong>hederis</strong></span> <span class='ocrx_word' id='word_1_42' title='bbox 914 653 1217 718; x_wconf 76' lang='lat' dir='ltr'><strong>recedente,</strong></span> <span class='ocrx_word' id='word_1_43' title='bbox 1260 666 1367 717; x_wconf 89' lang='lat' dir='ltr'><strong>quo</strong></span> <span class='ocrx_word' id='word_1_44' title='bbox 1400 657 1677 718; x_wconf 84' lang='lat' dir='ltr'><strong>comperto</strong></span> <span class='ocrx_word' id='word_1_45' title='bbox 1706 662 1800 716; x_wconf 89' lang='lat' dir='ltr'><strong>per</strong></span> <span class='ocrx_word' id='word_1_46' title='bbox 1832 648 2110 701; x_wconf 86' lang='lat' dir='ltr'><strong>internun-</strong></span> 
     </span>
    </p>
   </div>
   <div class='ocr_carea' id='block_1_9' title="bbox 519 736 2108 816">
    <p class='ocr_par' dir='ltr' id='par_1_9' title="bbox 519 736 2108 816">
     <span class='ocr_line' id='line_1_9' title="bbox 519 736 2108 816; baseline -0.01 -12"><span class='ocrx_word' id='word_1_47' title='bbox 519 752 644 816; x_wconf 86' lang='lat' dir='ltr'><strong>tios,</strong></span> <span class='ocrx_word' id='word_1_48' title='bbox 691 747 877 802; x_wconf 87' lang='lat' dir='ltr'><strong>Carlus</strong></span> <span class='ocrx_word' id='word_1_49' title='bbox 934 746 1203 815; x_wconf 83' lang='lat' dir='ltr'><strong>princeps,</strong></span> <span class='ocrx_word' id='word_1_50' title='bbox 1252 750 1521 798; x_wconf 91' lang='lat' dir='ltr'><strong>commoto</strong></span> <span class='ocrx_word' id='word_1_51' title='bbox 1550 740 1809 805; x_wconf 78' lang='lat' dir='ltr'><strong>exercitu,</strong></span> <span class='ocrx_word' id='word_1_52' title='bbox 1867 736 2108 807; x_wconf 76' lang='lat' dir='ltr'><strong>Ligerem</strong></span> 
     </span>
    </p>
   </div>
   <div class='ocr_carea' id='block_1_10' title="bbox 510 827 2109 905">
    <p class='ocr_par' dir='ltr' id='par_1_10' title="bbox 510 827 2109 905">
     <span class='ocr_line' id='line_1_10' title="bbox 510 827 2109 905; baseline -0.011 -11"><span class='ocrx_word' id='word_1_53' title='bbox 510 841 742 894; x_wconf 84' lang='lat' dir='ltr'><strong>ﬂuvium</strong></span> <span class='ocrx_word' id='word_1_54' title='bbox 774 839 1058 902; x_wconf 78' lang='lat' dir='ltr'><strong>transiens,</strong></span> <span class='ocrx_word' id='word_1_55' title='bbox 1104 836 1222 905; x_wconf 86' lang='lat' dir='ltr'><strong>ipso</strong></span> <span class='ocrx_word' id='word_1_56' title='bbox 1255 833 1389 888; x_wconf 90' lang='lat' dir='ltr'><strong>duce</strong></span> <span class='ocrx_word' id='word_1_57' title='bbox 1429 831 1648 886; x_wconf 85' lang='lat' dir='ltr'><strong>Eudone</strong></span> <span class='ocrx_word' id='word_1_58' title='bbox 1695 830 1898 897; x_wconf 76' lang='lat' dir='ltr'><strong>fugato,</strong></span> <span class='ocrx_word' id='word_1_59' title='bbox 1932 827 2109 891; x_wconf 73' lang='lat' dir='ltr'><strong>prada</strong></span> 
     </span>
    </p>
   </div>
   <div class='ocr_carea' id='block_1_11' title="bbox 519 918 2109 995">
    <p class='ocr_par' dir='ltr' id='par_1_11' title="bbox 519 918 2109 995">
     <span class='ocr_line' id='line_1_11' title="bbox 519 918 2109 995; baseline -0.01 -10"><span class='ocrx_word' id='word_1_60' title='bbox 519 933 683 986; x_wconf 88' lang='lat' dir='ltr'><strong>multa</strong></span> <span class='ocrx_word' id='word_1_61' title='bbox 715 930 944 995; x_wconf 83' lang='lat' dir='ltr'><strong>sublata,</strong></span> <span class='ocrx_word' id='word_1_62' title='bbox 978 928 1058 983; x_wconf 85' lang='lat' dir='ltr'><strong>bis</strong></span> <span class='ocrx_word' id='word_1_63' title='bbox 1087 942 1150 981; x_wconf 91' lang='lat' dir='ltr'><strong>eo</strong></span> <span class='ocrx_word' id='word_1_64' title='bbox 1176 940 1317 979; x_wconf 86' lang='lat' dir='ltr'><strong>anno</strong></span> <span class='ocrx_word' id='word_1_65' title='bbox 1346 923 1522 977; x_wconf 87' lang='lat' dir='ltr'><strong>abhis</strong></span> <span class='ocrx_word' id='word_1_66' title='bbox 1557 920 1797 975; x_wconf 81' lang='lat' dir='ltr'><strong>hostibus</strong></span> <span class='ocrx_word' id='word_1_67' title='bbox 1838 918 2109 987; x_wconf 88' lang='lat' dir='ltr'><strong>populata,</strong></span> 
     </span>
    </p>
   </div>
   <div class='ocr_carea' id='block_1_12' title="bbox 519 1011 2114 1087">
    <p class='ocr_par' dir='ltr' id='par_1_12' title="bbox 519 1011 2114 1087">
     <span class='ocr_line' id='line_1_12' title="bbox 519 1011 2114 1087; baseline -0.011 -8"><span class='ocrx_word' id='word_1_68' title='bbox 519 1025 712 1079; x_wconf 82' lang='lat' dir='ltr'><strong>iterum</strong></span> <span class='ocrx_word' id='word_1_69' title='bbox 741 1031 1009 1077; x_wconf 88' lang='lat' dir='ltr'><strong>remeatur</strong></span> <span class='ocrx_word' id='word_1_70' title='bbox 1053 1020 1119 1074; x_wconf 91' lang='lat' dir='ltr'><strong>ad</strong></span> <span class='ocrx_word' id='word_1_71' title='bbox 1150 1020 1382 1087; x_wconf 88' lang='lat' dir='ltr'><strong>propria.</strong></span> <span class='ocrx_word' id='word_1_72' title='bbox 1416 1014 1568 1069; x_wconf 88' lang='lat' dir='ltr'><strong>Eudo</strong></span> <span class='ocrx_word' id='word_1_73' title='bbox 1594 1028 1823 1081; x_wconf 83' lang='lat' dir='ltr'><strong>namque</strong></span> <span class='ocrx_word' id='word_1_74' title='bbox 1862 1011 1966 1064; x_wconf 78' lang='lat' dir='ltr'><strong>dux</strong></span> <span class='ocrx_word' id='word_1_75' title='bbox 1994 1023 2114 1063; x_wconf 90' lang='lat' dir='ltr'><strong>cer-</strong></span> 
     </span>
    </p>
   </div>
   <div class='ocr_carea' id='block_1_13' title="bbox 524 1101 2110 1181">
    <p class='ocr_par' dir='ltr' id='par_1_13' title="bbox 524 1101 2110 1181">
     <span class='ocr_line' id='line_1_13' title="bbox 524 1101 2110 1181; baseline -0.01 -12"><span class='ocrx_word' id='word_1_76' title='bbox 524 1130 657 1169; x_wconf 83' lang='lat' dir='ltr'><strong>nens</strong></span> <span class='ocrx_word' id='word_1_77' title='bbox 685 1130 743 1169; x_wconf 89' lang='lat' dir='ltr'><strong>se</strong></span> <span class='ocrx_word' id='word_1_78' title='bbox 786 1120 1096 1181; x_wconf 91' lang='lat' dir='ltr'><strong>superatum</strong></span> <span class='ocrx_word' id='word_1_79' title='bbox 1138 1120 1296 1179; x_wconf 87' lang='lat' dir='ltr'><strong>atque</strong></span> <span class='ocrx_word' id='word_1_80' title='bbox 1328 1108 1581 1169; x_wconf 88' lang='lat' dir='ltr'><strong>derisum,</strong></span> <span class='ocrx_word' id='word_1_81' title='bbox 1612 1114 1822 1175; x_wconf 84' lang='lat' dir='ltr'><strong>gentem</strong></span> <span class='ocrx_word' id='word_1_82' title='bbox 1854 1101 2110 1172; x_wconf 81' lang='lat' dir='ltr'><strong>perﬁdam</strong></span> 
     </span>
    </p>
   </div>
   <div class='ocr_carea' id='block_1_14' title="bbox 521 1193 2109 1263">
    <p class='ocr_par' dir='ltr' id='par_1_14' title="bbox 521 1193 2109 1263">
     <span class='ocr_line' id='line_1_14' title="bbox 521 1193 2109 1263; baseline -0.008 -3"><span class='ocrx_word' id='word_1_83' title='bbox 521 1206 941 1261; x_wconf 82' lang='lat' dir='ltr'><strong>Sarracenorum</strong></span> <span class='ocrx_word' id='word_1_84' title='bbox 981 1202 1048 1256; x_wconf 89' lang='lat' dir='ltr'><strong>ad</strong></span> <span class='ocrx_word' id='word_1_85' title='bbox 1074 1202 1325 1254; x_wconf 83' lang='lat' dir='ltr'><strong>auxilium</strong></span> <span class='ocrx_word' id='word_1_86' title='bbox 1355 1208 1537 1252; x_wconf 90' lang='lat' dir='ltr'><strong>contra</strong></span> <span class='ocrx_word' id='word_1_87' title='bbox 1569 1197 1782 1250; x_wconf 20' lang='lat' dir='ltr'><strong>Cttrlutu</strong></span> <span class='ocrx_word' id='word_1_88' title='bbox 1815 1193 2109 1263; x_wconf 87' lang='lat' dir='ltr'><strong>principem</strong></span> 
     </span>
    </p>
   </div>
   <div class='ocr_carea' id='block_1_15' title="bbox 522 1288 2113 1365">
    <p class='ocr_par' dir='ltr' id='par_1_15' title="bbox 522 1288 2113 1365">
     <span class='ocr_line' id='line_1_15' title="bbox 522 1288 2113 1365; baseline -0.009 -14"><span class='ocrx_word' id='word_1_89' title='bbox 522 1306 577 1351; x_wconf 86' lang='lat' dir='ltr'><strong>et</strong></span> <span class='ocrx_word' id='word_1_90' title='bbox 598 1306 809 1365; x_wconf 79' lang='lat' dir='ltr'><strong>gentem</strong></span> <span class='ocrx_word' id='word_1_91' title='bbox 839 1295 1162 1349; x_wconf 83' lang='lat' dir='ltr'><strong>Francorum</strong></span> <span class='ocrx_word' id='word_1_92' title='bbox 1187 1290 1470 1353; x_wconf 81' lang='lat' dir='ltr'><strong>excitavit;</strong></span> <span class='ocrx_word' id='word_1_93' title='bbox 1502 1288 1809 1357; x_wconf 75' lang='lat' dir='ltr'><strong>egressique</strong></span> <span class='ocrx_word' id='word_1_94' title='bbox 1835 1300 1955 1338; x_wconf 90' lang='lat' dir='ltr'><strong>cum</strong></span> <span class='ocrx_word' id='word_1_95' title='bbox 1986 1297 2113 1352; x_wconf 86' lang='lat' dir='ltr'><strong>rege</strong></span> 
     </span>
    </p>
   </div>
   <div class='ocr_carea' id='block_1_16' title="bbox 521 1374 2113 1449">
    <p class='ocr_par' dir='ltr' id='par_1_16' title="bbox 521 1374 2113 1449">
     <span class='ocr_line' id='line_1_16' title="bbox 521 1374 2113 1449; baseline -0.008 -8"><span class='ocrx_word' id='word_1_96' title='bbox 521 1402 642 1449; x_wconf 84' lang='lat' dir='ltr'><strong>suo,</strong></span> <span class='ocrx_word' id='word_1_97' title='bbox 662 1386 950 1440; x_wconf 83' lang='lat' dir='ltr'><strong>Abdirama</strong></span> <span class='ocrx_word' id='word_1_98' title='bbox 982 1383 1217 1449; x_wconf 90' lang='lat' dir='ltr'><strong>nomine,</strong></span> <span class='ocrx_word' id='word_1_99' title='bbox 1249 1380 1553 1435; x_wconf 84' lang='lat' dir='ltr'><strong>Garunnam</strong></span> <span class='ocrx_word' id='word_1_100' title='bbox 1584 1384 1881 1440; x_wconf 89' lang='lat' dir='ltr'><strong>transeunt,</strong></span> <span class='ocrx_word' id='word_1_101' title='bbox 1914 1374 2113 1429; x_wconf 84' lang='lat' dir='ltr'><strong>Durde-</strong></span> 
     </span>
    </p>
   </div>
   <div class='ocr_carea' id='block_1_17' title="bbox 521 1466 2113 1550">
    <p class='ocr_par' dir='ltr' id='par_1_17' title="bbox 521 1466 2113 1550">
     <span class='ocr_line' id='line_1_17' title="bbox 521 1466 2113 1550; baseline -0.006 -19"><span class='ocrx_word' id='word_1_102' title='bbox 521 1480 793 1550; x_wconf 83' lang='lat' dir='ltr'><strong>galensem</strong></span> <span class='ocrx_word' id='word_1_103' title='bbox 828 1479 1011 1532; x_wconf 83' lang='lat' dir='ltr'><strong>urbem</strong></span> <span class='ocrx_word' id='word_1_104' title='bbox 1060 1481 1437 1543; x_wconf 89' lang='lat' dir='ltr'><strong>pervenerunt,</strong></span> <span class='ocrx_word' id='word_1_105' title='bbox 1491 1470 1736 1525; x_wconf 88' lang='lat' dir='ltr'><strong>ecclesiis</strong></span> <span class='ocrx_word' id='word_1_106' title='bbox 1784 1468 1946 1537; x_wconf 78' lang='lat'><strong>675</strong></span> <span class='ocrx_word' id='word_1_107' title='bbox 1992 1466 2113 1535; x_wconf 86' lang='lat' dir='ltr'><strong>igne</strong></span> 
     </span>
    </p>
   </div>
   <div class='ocr_carea' id='block_1_18' title="bbox 523 1559 2113 1639">
    <p class='ocr_par' dir='ltr' id='par_1_18' title="bbox 523 1559 2113 1639">
     <span class='ocr_line' id='line_1_18' title="bbox 523 1559 2113 1639; baseline -0.011 -11"><span class='ocrx_word' id='word_1_108' title='bbox 523 1572 898 1634; x_wconf 86' lang='lat' dir='ltr'><strong>concrematis,</strong></span> <span class='ocrx_word' id='word_1_109' title='bbox 925 1568 1135 1639; x_wconf 82' lang='lat' dir='ltr'><strong>populis</strong></span> <span class='ocrx_word' id='word_1_110' title='bbox 1156 1564 1509 1633; x_wconf 82' lang='lat' dir='ltr'><strong>consumptis,</strong></span> <span class='ocrx_word' id='word_1_111' title='bbox 1532 1577 1701 1631; x_wconf 90' lang='lat' dir='ltr'><strong>usque</strong></span> <span class='ocrx_word' id='word_1_112' title='bbox 1730 1559 1966 1614; x_wconf 87' lang='lat' dir='ltr'><strong>Pictavis</strong></span> <span class='ocrx_word' id='word_1_113' title='bbox 1990 1572 2113 1629; x_wconf 89' lang='lat' dir='ltr'><strong>pro-</strong></span> 
     </span>
    </p>
   </div>
   <div class='ocr_carea' id='block_1_19' title="bbox 522 1660 2109 1737">
    <p class='ocr_par' dir='ltr' id='par_1_19' title="bbox 522 1660 2109 1737">
     <span class='ocr_line' id='line_1_19' title="bbox 522 1660 2109 1737; baseline -0.006 -17"><span class='ocrx_word' id='word_1_114' title='bbox 522 1668 693 1737; x_wconf 81' lang='lat' dir='ltr'><strong>gressi</strong></span> <span class='ocrx_word' id='word_1_115' title='bbox 725 1675 869 1731; x_wconf 85' lang='lat' dir='ltr'><strong>sunt,</strong></span> <span class='ocrx_word' id='word_1_116' title='bbox 901 1666 989 1720; x_wconf 90' lang='lat' dir='ltr'><strong>ubi</strong></span> <span class='ocrx_word' id='word_1_117' title='bbox 1020 1664 1237 1719; x_wconf 89' lang='lat' dir='ltr'><strong>basilica</strong></span> <span class='ocrx_word' id='word_1_118' title='bbox 1279 1662 1447 1717; x_wconf 84' lang='lat' dir='ltr'><strong>sancti</strong></span> <span class='ocrx_word' id='word_1_119' title='bbox 1496 1660 1682 1715; x_wconf 77' lang='lat' dir='ltr'><strong>Hilarii</strong></span> <span class='ocrx_word' id='word_1_120' title='bbox 1728 1660 1848 1727; x_wconf 83' lang='lat' dir='ltr'><strong>igne</strong></span> <span class='ocrx_word' id='word_1_121' title='bbox 1888 1671 2109 1711; x_wconf 89' lang='lat' dir='ltr'><strong>concre-</strong></span> 
     </span>
    </p>
   </div>
   <div class='ocr_carea' id='block_1_20' title="bbox 2215 471 3825 543">
    <p class='ocr_par' dir='ltr' id='par_1_20' title="bbox 2215 471 3825 543">
     <span class='ocr_line' id='line_1_20' title="bbox 2215 471 3825 543; baseline 0.003 -20"><span class='ocrx_word' id='word_1_122' title='bbox 2215 472 2356 525; x_wconf 89' lang='lat' dir='ltr'><strong>vium</strong></span> <span class='ocrx_word' id='word_1_123' title='bbox 2382 471 2616 536; x_wconf 84' lang='lat' dir='ltr'><strong>transiit,</strong></span> <span class='ocrx_word' id='word_1_124' title='bbox 2646 487 2815 540; x_wconf 83' lang='lat' dir='ltr'><strong>usque</strong></span> <span class='ocrx_word' id='word_1_125' title='bbox 2849 471 3155 526; x_wconf 86' lang='lat' dir='ltr'><strong>Garonnam</strong></span> <span class='ocrx_word' id='word_1_126' title='bbox 3194 473 3279 527; x_wconf 94' lang='lat' dir='ltr'><strong>vel</strong></span> <span class='ocrx_word' id='word_1_127' title='bbox 3305 473 3493 528; x_wconf 86' lang='lat' dir='ltr'><strong>urbem</strong></span> <span class='ocrx_word' id='word_1_128' title='bbox 3530 474 3825 543; x_wconf 73' lang='lat' dir='ltr'><strong>Burdega-</strong></span> 
     </span>
    </p>
   </div>
   <div class='ocr_carea' id='block_1_21' title="bbox 2217 564 3817 635">
    <p class='ocr_par' dir='ltr' id='par_1_21' title="bbox 2217 564 3817 635">
     <span class='ocr_line' id='line_1_21' title="bbox 2217 564 3817 635; baseline 0.003 -19"><span class='ocrx_word' id='word_1_129' title='bbox 2217 564 2441 628; x_wconf 88' lang='lat' dir='ltr'><strong>lensem,</strong></span> <span class='ocrx_word' id='word_1_130' title='bbox 2481 564 2565 617; x_wconf 93' lang='lat' dir='ltr'><strong>vel</strong></span> <span class='ocrx_word' id='word_1_131' title='bbox 2612 574 2843 618; x_wconf 85' lang='lat' dir='ltr'><strong>castrum</strong></span> <span class='ocrx_word' id='word_1_132' title='bbox 2895 565 3133 619; x_wconf 85' lang='lat' dir='ltr'><strong>Blaviam</strong></span> <span class='ocrx_word' id='word_1_133' title='bbox 3182 576 3206 604; x_wconf 80' lang='grc' dir='ltr'><strong>ο</strong></span> <span class='ocrx_word' id='word_1_134' title='bbox 3238 567 3457 621; x_wconf 84' lang='lat' dir='ltr'><strong>veniens</strong></span> <span class='ocrx_word' id='word_1_135' title='bbox 3501 568 3817 635; x_wconf 75' lang='lat' dir='ltr'><strong>occupavit,</strong></span> 
     </span>
    </p>
   </div>
   <div class='ocr_carea' id='block_1_22' title="bbox 2216 657 3823 727">
    <p class='ocr_par' dir='ltr' id='par_1_22' title="bbox 2216 657 3823 727">
     <span class='ocr_line' id='line_1_22' title="bbox 2216 657 3823 727; baseline 0.002 -17"><span class='ocrx_word' id='word_1_136' title='bbox 2216 658 2469 725; x_wconf 82' lang='lat' dir='ltr'><strong>illamque</strong></span> <span class='ocrx_word' id='word_1_137' title='bbox 2509 657 2783 725; x_wconf 79' lang='lat' dir='ltr'><strong>regionem</strong></span> <span class='ocrx_word' id='word_1_138' title='bbox 2830 658 2973 727; x_wconf 87' lang='lat' dir='ltr'><strong>cepit</strong></span> <span class='ocrx_word' id='word_1_139' title='bbox 3001 671 3064 711; x_wconf 88' lang='lat' dir='ltr'><strong>ac</strong></span> <span class='ocrx_word' id='word_1_140' title='bbox 3093 658 3393 727; x_wconf 73' lang='lat' dir='ltr'><strong>subiugavit</strong></span> <span class='ocrx_word' id='word_1_141' title='bbox 3417 673 3537 713; x_wconf 92' lang='lat' dir='ltr'><strong>cum</strong></span> <span class='ocrx_word' id='word_1_142' title='bbox 3587 659 3823 713; x_wconf 82' lang='lat' dir='ltr'><strong>urbibus</strong></span> 
     </span>
    </p>
   </div>
   <div class='ocr_carea' id='block_1_23' title="bbox 2215 750 3821 821">
    <p class='ocr_par' dir='ltr' id='par_1_23' title="bbox 2215 750 3821 821">
     <span class='ocr_line' id='line_1_23' title="bbox 2215 750 3821 821; baseline 0.001 -18"><span class='ocrx_word' id='word_1_143' title='bbox 2215 764 2279 803; x_wconf 85' lang='lat' dir='ltr'><strong>ac</strong></span> <span class='ocrx_word' id='word_1_144' title='bbox 2306 750 2625 804; x_wconf 90' lang='lat' dir='ltr'><strong>suburbanis</strong></span> <span class='ocrx_word' id='word_1_145' title='bbox 2650 759 2968 804; x_wconf 86' lang='lat' dir='ltr'><strong>castrorum.</strong></span> <span class='ocrx_word' id='word_1_146' title='bbox 3000 750 3186 805; x_wconf 73' lang='lat' dir='ltr'><strong>Victor</strong></span> <span class='ocrx_word' id='word_1_147' title='bbox 3210 767 3332 806; x_wconf 91' lang='lat' dir='ltr'><strong>cum</strong></span> <span class='ocrx_word' id='word_1_148' title='bbox 3361 766 3494 821; x_wconf 88' lang='lat' dir='ltr'><strong>pace</strong></span> <span class='ocrx_word' id='word_1_149' title='bbox 3521 752 3821 818; x_wconf 77' lang='lat' dir='ltr'><strong>remeavit,</strong></span> 
     </span>
    </p>
   </div>
   <div class='ocr_carea' id='block_1_24' title="bbox 2216 840 3825 912">
    <p class='ocr_par' dir='ltr' id='par_1_24' title="bbox 2216 840 3825 912">
     <span class='ocr_line' id='line_1_24' title="bbox 2216 840 3825 912; baseline 0.002 -19"><span class='ocrx_word' id='word_1_150' title='bbox 2216 842 2514 911; x_wconf 81' lang='lat' dir='ltr'><strong>opitulante</strong></span> <span class='ocrx_word' id='word_1_151' title='bbox 2553 840 2765 895; x_wconf 84' lang='lat' dir='ltr'><strong>Christo</strong></span> <span class='ocrx_word' id='word_1_152' title='bbox 2795 841 2939 911; x_wconf 62' lang='lat' dir='ltr'><strong>Rege</strong></span> <span class='ocrx_word' id='word_1_153' title='bbox 2971 856 3183 912; x_wconf 85' lang='lat' dir='ltr'><strong>regum,</strong></span> <span class='ocrx_word' id='word_1_154' title='bbox 3213 851 3266 896; x_wconf 89' lang='lat' dir='ltr'><strong>et</strong></span> <span class='ocrx_word' id='word_1_155' title='bbox 3295 842 3524 896; x_wconf 89' lang='lat' dir='ltr'><strong>Domino</strong></span> <span class='ocrx_word' id='word_1_156' title='bbox 3562 840 3825 897; x_wconf 85' lang='lat' dir='ltr'><strong>domino-</strong></span> 
     </span>
    </p>
   </div>
   <div class='ocr_carea' id='block_1_25' title="bbox 2216 948 2358 986">
    <p class='ocr_par' dir='ltr' id='par_1_25' title="bbox 2216 948 2358 986">
     <span class='ocr_line' id='line_1_25' title="bbox 2216 948 2358 986; baseline 0.007 -1"><span class='ocrx_word' id='word_1_157' title='bbox 2216 948 2358 986; x_wconf 76' lang='grc'><strong>1⁸11111.</strong></span> 
     </span>
    </p>
   </div>
   <div class='ocr_carea' id='block_1_26' title="bbox 2393 1021 3623 1091">
    <p class='ocr_par' dir='ltr' id='par_1_26' title="bbox 2393 1021 3623 1091">
     <span class='ocr_line' id='line_1_26' title="bbox 2393 1021 3623 1091; baseline 0.001 -14"><span class='ocrx_word' id='word_1_158' title='bbox 2393 1021 2661 1077; x_wconf 82' lang='lat' dir='ltr'><strong>Curricula</strong></span> <span class='ocrx_word' id='word_1_159' title='bbox 2712 1038 2966 1076; x_wconf 79' lang='lat' dir='ltr'><strong>annorum</strong></span> <span class='ocrx_word' id='word_1_160' title='bbox 3006 1023 3246 1076; x_wconf 79' lang='lat' dir='ltr'><strong>hactenus</strong></span> <span class='ocrx_word' id='word_1_161' title='bbox 3284 1024 3623 1091; x_wconf 73' lang='lat' dir='ltr'><strong>reperiuntur.</strong></span> 
     </span>
    </p>
   </div>
   <div class='ocr_carea' id='block_1_27' title="bbox 2287 1113 3822 1185">
    <p class='ocr_par' dir='ltr' id='par_1_27' title="bbox 2287 1113 3822 1185">
     <span class='ocr_line' id='line_1_27' title="bbox 2287 1113 3822 1185; baseline -0.003 -16"><span class='ocrx_word' id='word_1_162' title='bbox 2287 1115 2368 1169; x_wconf 82' lang='lat' dir='ltr'><strong>Ab</strong></span> <span class='ocrx_word' id='word_1_163' title='bbox 2405 1116 2595 1179; x_wconf 83' lang='lat' dir='ltr'><strong>Adam,</strong></span> <span class='ocrx_word' id='word_1_164' title='bbox 2628 1114 2711 1169; x_wconf 90' lang='lat' dir='ltr'><strong>vel</strong></span> <span class='ocrx_word' id='word_1_165' title='bbox 2749 1113 2901 1168; x_wconf 64' lang='lat' dir='ltr'><strong>initio</strong></span> <span class='ocrx_word' id='word_1_166' title='bbox 2941 1115 3121 1168; x_wconf 71' lang='lat' dir='ltr'><strong>saeculi</strong></span> <span class='ocrx_word' id='word_1_167' title='bbox 3154 1130 3318 1182; x_wconf 86' lang='lat' dir='ltr'><strong>usque</strong></span> <span class='ocrx_word' id='word_1_168' title='bbox 3359 1115 3524 1185; x_wconf 77' lang='lat'><strong>676</strong></span> <span class='ocrx_word' id='word_1_169' title='bbox 3554 1114 3822 1167; x_wconf 77' lang='lat' dir='ltr'><strong>diluvium</strong></span> 
     </span>
    </p>
   </div>
   <div class='ocr_carea' id='block_1_28' title="bbox 2215 1205 3822 1273">
    <p class='ocr_par' dir='ltr' id='par_1_28' title="bbox 2215 1205 3822 1273">
     <span class='ocr_line' id='line_1_28' title="bbox 2215 1205 3822 1273; baseline -0.002 -13"><span class='ocrx_word' id='word_1_170' title='bbox 2215 1207 2338 1261; x_wconf 90' lang='lat' dir='ltr'><strong>anni</strong></span> <span class='ocrx_word' id='word_1_171' title='bbox 2397 1221 2702 1271; x_wconf 70' lang='lat' dir='ltr'><strong>uuccxut;</strong></span> <span class='ocrx_word' id='word_1_172' title='bbox 2751 1221 2781 1259; x_wconf 88' lang='lat' dir='ltr'><strong>a</strong></span> <span class='ocrx_word' id='word_1_173' title='bbox 2836 1206 3038 1260; x_wconf 88' lang='lat' dir='ltr'><strong>diluvio</strong></span> <span class='ocrx_word' id='word_1_174' title='bbox 3090 1220 3256 1273; x_wconf 88' lang='lat' dir='ltr'><strong>usque</strong></span> <span class='ocrx_word' id='word_1_175' title='bbox 3321 1206 3632 1269; x_wconf 77' lang='lat' dir='ltr'><strong>Abraham,</strong></span> <span class='ocrx_word' id='word_1_176' title='bbox 3684 1205 3822 1257; x_wconf 85' lang='lat' dir='ltr'><strong>anui</strong></span> 
     </span>
    </p>
   </div>
   <div class='ocr_carea' id='block_1_29' title="bbox 2218 1296 3819 1367">
    <p class='ocr_par' dir='ltr' id='par_1_29' title="bbox 2218 1296 3819 1367">
     <span class='ocr_line' id='line_1_29' title="bbox 2218 1296 3819 1367; baseline -0.004 -14"><span class='ocrx_word' id='word_1_177' title='bbox 2218 1313 2493 1353; x_wconf 79' lang='lat' dir='ltr'><strong>nccccxut</strong></span> <span class='ocrx_word' id='word_1_178' title='bbox 2517 1314 2531 1362; x_wconf 91' lang='lat'><strong>;</strong></span> <span class='ocrx_word' id='word_1_179' title='bbox 2567 1298 2634 1350; x_wconf 88' lang='lat' dir='ltr'><strong>ab</strong></span> <span class='ocrx_word' id='word_1_180' title='bbox 2666 1296 2933 1351; x_wconf 76' lang='lat' dir='ltr'><strong>Abraham</strong></span> <span class='ocrx_word' id='word_1_181' title='bbox 2958 1312 3124 1365; x_wconf 88' lang='lat' dir='ltr'><strong>usque</strong></span> <span class='ocrx_word' id='word_1_182' title='bbox 3148 1296 3212 1350; x_wconf 89' lang='lat' dir='ltr'><strong>ad</strong></span> <span class='ocrx_word' id='word_1_183' title='bbox 3237 1296 3473 1367; x_wconf 80' lang='lat' dir='ltr'><strong>Moysen,</strong></span> <span class='ocrx_word' id='word_1_184' title='bbox 3509 1296 3632 1349; x_wconf 88' lang='lat' dir='ltr'><strong>anni</strong></span> <span class='ocrx_word' id='word_1_185' title='bbox 3656 1311 3728 1349; x_wconf 73' lang='grc' dir='ltr'><strong>ην</strong></span> <span class='ocrx_word' id='word_1_186' title='bbox 3749 1312 3766 1361; x_wconf 90' lang='lat'><strong>;</strong></span> <span class='ocrx_word' id='word_1_187' title='bbox 3790 1310 3819 1347; x_wconf 92' lang='lat' dir='ltr'><strong>a</strong></span> 
     </span>
    </p>
   </div>
   <div class='ocr_carea' id='block_1_30' title="bbox 2217 1385 3817 1459">
    <p class='ocr_par' dir='ltr' id='par_1_30' title="bbox 2217 1385 3817 1459">
     <span class='ocr_line' id='line_1_30' title="bbox 2217 1385 3817 1459; baseline -0.003 -16"><span class='ocrx_word' id='word_1_188' title='bbox 2217 1389 2397 1459; x_wconf 77' lang='lat' dir='ltr'><strong>Moyse</strong></span> <span class='ocrx_word' id='word_1_189' title='bbox 2423 1388 2489 1442; x_wconf 87' lang='lat' dir='ltr'><strong>ad</strong></span> <span class='ocrx_word' id='word_1_190' title='bbox 2519 1388 2862 1443; x_wconf 88' lang='lat' dir='ltr'><strong>Salomonem</strong></span> <span class='ocrx_word' id='word_1_191' title='bbox 2894 1403 3082 1457; x_wconf 68' lang='lat' dir='ltr'><strong>usque,</strong></span> <span class='ocrx_word' id='word_1_192' title='bbox 3128 1389 3251 1441; x_wconf 91' lang='lat' dir='ltr'><strong>anui</strong></span> <span class='ocrx_word' id='word_1_193' title='bbox 3300 1402 3636 1441; x_wconf 73' lang='lat' dir='ltr'><strong>ccccuxxrx</strong></span> <span class='ocrx_word' id='word_1_194' title='bbox 3676 1385 3707 1423; x_wconf 71' lang='grc' dir='ltr'><strong>τι</strong></span> <span class='ocrx_word' id='word_1_195' title='bbox 3737 1405 3752 1451; x_wconf 87' lang='grc'>;</span> <span class='ocrx_word' id='word_1_196' title='bbox 3789 1402 3817 1439; x_wconf 86' lang='lat' dir='ltr'><strong>a</strong></span> 
     </span>
    </p>
   </div>
   <div class='ocr_carea' id='block_1_31' title="bbox 2216 1478 3820 1547">
    <p class='ocr_par' dir='ltr' id='par_1_31' title="bbox 2216 1478 3820 1547">
     <span class='ocr_line' id='line_1_31' title="bbox 2216 1478 3820 1547; baseline -0.003 -11"><span class='ocrx_word' id='word_1_197' title='bbox 2216 1480 2504 1536; x_wconf 87' lang='lat' dir='ltr'><strong>Salomone</strong></span> <span class='ocrx_word' id='word_1_198' title='bbox 2538 1494 2705 1546; x_wconf 86' lang='lat' dir='ltr'><strong>usque</strong></span> <span class='ocrx_word' id='word_1_199' title='bbox 2733 1478 3201 1533; x_wconf 70' lang='lat' dir='ltr'><strong>retediticationem</strong></span> <span class='ocrx_word' id='word_1_200' title='bbox 3241 1479 3443 1547; x_wconf 85' lang='lat' dir='ltr'><strong>templi,</strong></span> <span class='ocrx_word' id='word_1_201' title='bbox 3478 1478 3820 1546; x_wconf 76' lang='lat' dir='ltr'><strong>temporibus</strong></span> 
     </span>
    </p>
   </div>
   <div class='ocr_carea' id='block_1_32' title="bbox 2217 1567 3819 1639">
    <p class='ocr_par' dir='ltr' id='par_1_32' title="bbox 2217 1567 3819 1639">
     <span class='ocr_line' id='line_1_32' title="bbox 2217 1567 3819 1639; baseline -0.001 -15"><span class='ocrx_word' id='word_1_202' title='bbox 2217 1572 2358 1624; x_wconf 88' lang='lat' dir='ltr'><strong>Darii</strong></span> <span class='ocrx_word' id='word_1_203' title='bbox 2406 1570 2544 1639; x_wconf 87' lang='lat' dir='ltr'><strong>regis</strong></span> <span class='ocrx_word' id='word_1_204' title='bbox 2598 1569 2906 1636; x_wconf 78' lang='lat' dir='ltr'><strong>Persarum,</strong></span> <span class='ocrx_word' id='word_1_205' title='bbox 2958 1570 3086 1624; x_wconf 90' lang='lat' dir='ltr'><strong>anni</strong></span> <span class='ocrx_word' id='word_1_206' title='bbox 3133 1584 3272 1635; x_wconf 77' lang='lat' dir='ltr'><strong>uxn;</strong></span> <span class='ocrx_word' id='word_1_207' title='bbox 3319 1585 3348 1621; x_wconf 90' lang='lat' dir='ltr'><strong>a</strong></span> <span class='ocrx_word' id='word_1_208' title='bbox 3419 1567 3819 1623; x_wconf 83' lang='lat' dir='ltr'><strong>restauratioue</strong></span> 
     </span>
    </p>
   </div>
   <div class='ocr_carea' id='block_1_33' title="bbox 2219 1658 3812 1735">
    <p class='ocr_par' dir='ltr' id='par_1_33' title="bbox 2219 1658 3812 1735">
     <span class='ocr_line' id='line_1_33' title="bbox 2219 1658 3812 1735; baseline -0.003 -18"><span class='ocrx_word' id='word_1_209' title='bbox 2219 1666 2397 1734; x_wconf 90' lang='lat' dir='ltr'><strong>templi</strong></span> <span class='ocrx_word' id='word_1_210' title='bbox 2427 1680 2596 1735; x_wconf 90' lang='lat' dir='ltr'><strong>usque</strong></span> <span class='ocrx_word' id='word_1_211' title='bbox 2636 1664 2922 1719; x_wconf 82' lang='lat' dir='ltr'><strong>adventum</strong></span> <span class='ocrx_word' id='word_1_212' title='bbox 2967 1662 3178 1718; x_wconf 89' lang='lat' dir='ltr'><strong>Domini</strong></span> <span class='ocrx_word' id='word_1_213' title='bbox 3226 1661 3395 1717; x_wconf 87' lang='lat' dir='ltr'><strong>nostri</strong></span> <span class='ocrx_word' id='word_1_214' title='bbox 3421 1661 3551 1716; x_wconf 84' lang='lat' dir='ltr'><strong>Jesu</strong></span> <span class='ocrx_word' id='word_1_215' title='bbox 3579 1658 3812 1724; x_wconf 87' lang='lat' dir='ltr'><strong>Christi,</strong></span> 
     </span>
    </p>
   </div>
   <div class='ocr_carea' id='block_1_34' title="bbox 524 1740 2595 1829">
    <p class='ocr_par' dir='ltr' id='par_1_34' title="bbox 524 1740 2595 1829">
     <span class='ocr_line' id='line_1_34' title="bbox 524 1740 2595 1829; baseline -0.007 -15"><span class='ocrx_word' id='word_1_216' title='bbox 524 1771 684 1825; x_wconf 88' lang='lat' dir='ltr'><strong>mata,</strong></span> <span class='ocrx_word' id='word_1_217' title='bbox 737 1760 875 1829; x_wconf 85' lang='lat' dir='ltr'><strong>quod</strong></span> <span class='ocrx_word' id='word_1_218' title='bbox 919 1758 1023 1812; x_wconf 88' lang='lat' dir='ltr'><strong>dici</strong></span> <span class='ocrx_word' id='word_1_219' title='bbox 1075 1756 1229 1810; x_wconf 88' lang='lat' dir='ltr'><strong>dolor</strong></span> <span class='ocrx_word' id='word_1_220' title='bbox 1278 1764 1381 1820; x_wconf 90' lang='lat' dir='ltr'><strong>est,</strong></span> <span class='ocrx_word' id='word_1_221' title='bbox 1430 1754 1498 1807; x_wconf 89' lang='lat' dir='ltr'><strong>ad</strong></span> <span class='ocrx_word' id='word_1_222' title='bbox 1556 1752 1774 1806; x_wconf 88' lang='lat' dir='ltr'><strong>domum</strong></span> <span class='ocrx_word' id='word_1_223' title='bbox 1822 1747 2115 1804; x_wconf 80' lang='lat' dir='ltr'><strong>beatissimi</strong></span> <span class='ocrx_word' id='word_1_224' title='bbox 2146 1740 2343 1811; x_wconf 75' lang='lat' dir='ltr'><strong>Banni</strong></span> <span class='ocrx_word' id='word_1_225' title='bbox 2374 1769 2595 1813; x_wconf 72' lang='grc' dir='ltr'><strong>υχιγηι,</strong></span> 
     </span>
    </p>
   </div>
   <div class='ocr_carea' id='block_1_35' title="bbox 528 1848 1430 1907">
    <p class='ocr_par' dir='ltr' id='par_1_35' title="bbox 528 1848 1430 1907">
     <span class='ocr_line' id='line_1_35' title="bbox 528 1848 1430 1907; baseline -0.009 -1"><span class='ocrx_word' id='word_1_226' title='bbox 528 1852 734 1907; x_wconf 84' lang='lat' dir='ltr'><strong>Martini</strong></span> <span class='ocrx_word' id='word_1_227' title='bbox 765 1849 1109 1906; x_wconf 82' lang='lat' dir='ltr'><strong>evertendam</strong></span> <span class='ocrx_word' id='word_1_228' title='bbox 1138 1848 1430 1903; x_wconf 89' lang='lat' dir='ltr'><strong>destinant.</strong></span> 
     </span>
    </p>
   </div>
   <div class='ocr_carea' id='block_1_36' title="bbox 596 1932 2114 2006">
    <p class='ocr_par' dir='ltr' id='par_1_36' title="bbox 596 1932 2114 2006">
     <span class='ocr_line' id='line_1_36' title="bbox 596 1932 2114 2006; baseline -0.01 -8"><span class='ocrx_word' id='word_1_229' title='bbox 596 1946 697 1998; x_wconf 73' lang='lat' dir='ltr'><strong>An.</strong></span> <span class='ocrx_word' id='word_1_230' title='bbox 730 1957 1019 1997; x_wconf 77' lang='lat' dir='ltr'><strong>occxxxut.</strong></span> <span class='ocrx_word' id='word_1_231' title='bbox 1051 1968 1118 1980; x_wconf 90' lang='lat'><strong>--</strong></span> <span class='ocrx_word' id='word_1_232' title='bbox 1144 1941 1343 1994; x_wconf 81' lang='lat' dir='ltr'><strong>Contra</strong></span> <span class='ocrx_word' id='word_1_233' title='bbox 1370 1951 1505 2006; x_wconf 92' lang='lat' dir='ltr'><strong>quos</strong></span> <span class='ocrx_word' id='word_1_234' title='bbox 1527 1934 1713 1989; x_wconf 84' lang='lat' dir='ltr'><strong>Carius</strong></span> <span class='ocrx_word' id='word_1_235' title='bbox 1741 1932 1986 2002; x_wconf 86' lang='lat' dir='ltr'><strong>princeps</strong></span> <span class='ocrx_word' id='word_1_236' title='bbox 2021 1944 2114 1984; x_wconf 81' lang='lat' dir='ltr'><strong>au-</strong></span> 
     </span>
    </p>
   </div>
   <div class='ocr_carea' id='block_1_37' title="bbox 525 2022 2114 2099">
    <p class='ocr_par' dir='ltr' id='par_1_37' title="bbox 525 2022 2114 2099">
     <span class='ocr_line' id='line_1_37' title="bbox 525 2022 2114 2099; baseline -0.009 -10"><span class='ocrx_word' id='word_1_237' title='bbox 525 2038 709 2089; x_wconf 86' lang='lat' dir='ltr'><strong>dacter</strong></span> <span class='ocrx_word' id='word_1_238' title='bbox 737 2036 904 2089; x_wconf 88' lang='lat' dir='ltr'><strong>aciem</strong></span> <span class='ocrx_word' id='word_1_239' title='bbox 936 2033 1174 2097; x_wconf 85' lang='lat' dir='ltr'><strong>instruit,</strong></span> <span class='ocrx_word' id='word_1_240' title='bbox 1225 2045 1385 2099; x_wconf 89' lang='lat' dir='ltr'><strong>super</strong></span> <span class='ocrx_word' id='word_1_241' title='bbox 1434 2042 1632 2097; x_wconf 87' lang='lat' dir='ltr'><strong>eosque</strong></span> <span class='ocrx_word' id='word_1_242' title='bbox 1678 2022 2114 2093; x_wconf 88' lang='lat' dir='ltr'><strong>belligeratorir-</strong></span> 
     </span>
    </p>
   </div>
   <div class='ocr_carea' id='block_1_38' title="bbox 525 2113 2113 2191">
    <p class='ocr_par' dir='ltr' id='par_1_38' title="bbox 525 2113 2113 2191">
     <span class='ocr_line' id='line_1_38' title="bbox 525 2113 2113 2191; baseline -0.009 -9"><span class='ocrx_word' id='word_1_243' title='bbox 525 2119 659 2191; x_wconf 74' lang='lat' dir='ltr'><strong>ruit,</strong></span> <span class='ocrx_word' id='word_1_244' title='bbox 679 2127 893 2181; x_wconf 85' lang='lat' dir='ltr'><strong>Chrile</strong></span> <span class='ocrx_word' id='word_1_245' title='bbox 921 2125 1228 2190; x_wconf 78' lang='lat' dir='ltr'><strong>auxiliante,</strong></span> <span class='ocrx_word' id='word_1_246' title='bbox 1259 2120 1484 2176; x_wconf 89' lang='lat' dir='ltr'><strong>tentoria</strong></span> <span class='ocrx_word' id='word_1_247' title='bbox 1519 2134 1711 2174; x_wconf 91' lang='lat' dir='ltr'><strong>eorum</strong></span> <span class='ocrx_word' id='word_1_248' title='bbox 1738 2117 2020 2180; x_wconf 87' lang='lat' dir='ltr'><strong>subvertit,</strong></span> <span class='ocrx_word' id='word_1_249' title='bbox 2045 2113 2113 2168; x_wconf 88' lang='lat' dir='ltr'><strong>ad</strong></span> 
     </span>
    </p>
   </div>
   <div class='ocr_carea' id='block_1_39' title="bbox 525 2204 2115 2289">
    <p class='ocr_par' dir='ltr' id='par_1_39' title="bbox 525 2204 2115 2289">
     <span class='ocr_line' id='line_1_39' title="bbox 525 2204 2115 2289; baseline -0.009 -16"><span class='ocrx_word' id='word_1_250' title='bbox 525 2219 770 2289; x_wconf 69' lang='lat' dir='ltr'><strong>prmlium</strong></span> <span class='ocrx_word' id='word_1_251' title='bbox 818 2218 1049 2287; x_wconf 81' lang='lat' dir='ltr'><strong>stragem</strong></span> <span class='ocrx_word' id='word_1_252' title='bbox 1080 2210 1463 2268; x_wconf 87' lang='lat' dir='ltr'><strong>conterendam</strong></span> <span class='ocrx_word' id='word_1_253' title='bbox 1510 2208 1764 2273; x_wconf 88' lang='lat' dir='ltr'><strong>accurrit,</strong></span> <span class='ocrx_word' id='word_1_254' title='bbox 1806 2204 2115 2260; x_wconf 78' lang='lat' dir='ltr'><strong>interfecto-</strong></span> 
     </span>
    </p>
   </div>
   <div class='ocr_carea' id='block_1_40' title="bbox 526 2300 2117 2382">
    <p class='ocr_par' dir='ltr' id='par_1_40' title="bbox 526 2300 2117 2382">
     <span class='ocr_line' id='line_1_40' title="bbox 526 2300 2117 2382; baseline -0.012 -17"><span class='ocrx_word' id='word_1_255' title='bbox 526 2326 628 2382; x_wconf 90' lang='lat' dir='ltr'><strong>que</strong></span> <span class='ocrx_word' id='word_1_256' title='bbox 663 2324 787 2379; x_wconf 88' lang='lat' dir='ltr'><strong>rege</strong></span> <span class='ocrx_word' id='word_1_257' title='bbox 814 2323 1022 2373; x_wconf 91' lang='lat' dir='ltr'><strong>eorum,</strong></span> <span class='ocrx_word' id='word_1_258' title='bbox 1058 2305 1346 2361; x_wconf 83' lang='lat' dir='ltr'><strong>Abdirama</strong></span> <span class='ocrx_word' id='word_1_259' title='bbox 1376 2303 1612 2366; x_wconf 88' lang='lat' dir='ltr'><strong>nomine,</strong></span> <span class='ocrx_word' id='word_1_260' title='bbox 1646 2300 1934 2369; x_wconf 87' lang='lat' dir='ltr'><strong>prostravit</strong></span> <span class='ocrx_word' id='word_1_261' title='bbox 1957 2310 2117 2351; x_wconf 77' lang='lat' dir='ltr'><strong>exer-</strong></span> 
     </span>
    </p>
   </div>
   <div class='ocr_carea' id='block_1_41' title="bbox 525 2384 2115 2468">
    <p class='ocr_par' dir='ltr' id='par_1_41' title="bbox 525 2384 2115 2468">
     <span class='ocr_line' id='line_1_41' title="bbox 525 2384 2115 2468; baseline -0.011 -13"><span class='ocrx_word' id='word_1_262' title='bbox 525 2402 714 2464; x_wconf 88' lang='lat' dir='ltr'><strong>citum,</strong></span> <span class='ocrx_word' id='word_1_263' title='bbox 744 2408 1048 2468; x_wconf 88' lang='lat' dir='ltr'><strong>proterens,</strong></span> <span class='ocrx_word' id='word_1_264' title='bbox 1078 2395 1353 2449; x_wconf 78' lang='lat' dir='ltr'><strong>dimicavit</strong></span> <span class='ocrx_word' id='word_1_265' title='bbox 1385 2403 1542 2461; x_wconf 89' lang='lat' dir='ltr'><strong>atque</strong></span> <span class='ocrx_word' id='word_1_266' title='bbox 1568 2390 1793 2455; x_wconf 81' lang='lat' dir='ltr'><strong>devicit;</strong></span> <span class='ocrx_word' id='word_1_267' title='bbox 1826 2386 2009 2456; x_wconf 88' lang='lat' dir='ltr'><strong>sicque</strong></span> <span class='ocrx_word' id='word_1_268' title='bbox 2036 2384 2115 2438; x_wconf 84' lang='lat' dir='ltr'><strong>vi-</strong></span> 
     </span>
    </p>
   </div>
   <div class='ocr_carea' id='block_1_42' title="bbox 527 2483 1466 2553">
    <p class='ocr_par' dir='ltr' id='par_1_42' title="bbox 527 2483 1466 2553">
     <span class='ocr_line' id='line_1_42' title="bbox 527 2483 1466 2553; baseline -0.011 -6"><span class='ocrx_word' id='word_1_269' title='bbox 527 2502 643 2547; x_wconf 78' lang='lat' dir='ltr'><strong>ctor</strong></span> <span class='ocrx_word' id='word_1_270' title='bbox 672 2492 738 2544; x_wconf 88' lang='lat' dir='ltr'><strong>de</strong></span> <span class='ocrx_word' id='word_1_271' title='bbox 768 2490 1008 2543; x_wconf 90' lang='lat' dir='ltr'><strong>hostibus</strong></span> <span class='ocrx_word' id='word_1_272' title='bbox 1040 2485 1387 2553; x_wconf 55' lang='lat' dir='ltr'><strong>triumphavit</strong></span> <span class='ocrx_word' id='word_1_273' title='bbox 1421 2483 1466 2537; x_wconf 67' lang='grc' dir='ltr'><strong>δ.</strong></span> 
     </span>
    </p>
   </div>
   <div class='ocr_carea' id='block_1_43' title="bbox 600 2574 2114 2643">
    <p class='ocr_par' dir='ltr' id='par_1_43' title="bbox 600 2574 2114 2643">
     <span class='ocr_line' id='line_1_43' title="bbox 600 2574 2114 2643; baseline -0.009 -5"><span class='ocrx_word' id='word_1_274' title='bbox 600 2586 701 2637; x_wconf 71' lang='lat' dir='ltr'><strong>As.</strong></span> <span class='ocrx_word' id='word_1_275' title='bbox 735 2597 1000 2637; x_wconf 80' lang='lat' dir='ltr'><strong>occxxxn.</strong></span> <span class='ocrx_word' id='word_1_276' title='bbox 1045 2610 1113 2621; x_wconf 91' lang='lat'><strong>--</strong></span> <span class='ocrx_word' id='word_1_277' title='bbox 1142 2579 1278 2633; x_wconf 74' lang='lat' dir='ltr'><strong>CIX.</strong></span> <span class='ocrx_word' id='word_1_278' title='bbox 1322 2577 1651 2632; x_wconf 82' lang='lat' dir='ltr'><strong>Procedente</strong></span> <span class='ocrx_word' id='word_1_279' title='bbox 1699 2574 1932 2643; x_wconf 89' lang='lat' dir='ltr'><strong>alioquin</strong></span> <span class='ocrx_word' id='word_1_280' title='bbox 1972 2586 2114 2625; x_wconf 88' lang='lat' dir='ltr'><strong>anno</strong></span> 
     </span>
    </p>
   </div>
   <div class='ocr_carea' id='block_1_44' title="bbox 529 2665 2114 2745">
    <p class='ocr_par' dir='ltr' id='par_1_44' title="bbox 529 2665 2114 2745">
     <span class='ocr_line' id='line_1_44' title="bbox 529 2665 2114 2745; baseline -0.008 -15"><span class='ocrx_word' id='word_1_281' title='bbox 529 2684 806 2745; x_wconf 89' lang='lat' dir='ltr'><strong>sequente,</strong></span> <span class='ocrx_word' id='word_1_282' title='bbox 835 2673 1079 2743; x_wconf 84' lang='lat' dir='ltr'><strong>egregius</strong></span> <span class='ocrx_word' id='word_1_283' title='bbox 1118 2671 1341 2725; x_wconf 88' lang='lat' dir='ltr'><strong>bellator</strong></span> <span class='ocrx_word' id='word_1_284' title='bbox 1360 2668 1547 2722; x_wconf 84' lang='lat' dir='ltr'><strong>Carius</strong></span> <span class='ocrx_word' id='word_1_285' title='bbox 1576 2667 1822 2737; x_wconf 88' lang='lat' dir='ltr'><strong>princeps</strong></span> <span class='ocrx_word' id='word_1_286' title='bbox 1839 2665 2114 2736; x_wconf 73' lang='lat' dir='ltr'><strong>regionem</strong></span> 
     </span>
    </p>
   </div>
   <div class='ocr_carea' id='block_1_45' title="bbox 532 2757 2114 2838">
    <p class='ocr_par' dir='ltr' id='par_1_45' title="bbox 532 2757 2114 2838">
     <span class='ocr_line' id='line_1_45' title="bbox 532 2757 2114 2838; baseline -0.006 -16"><span class='ocrx_word' id='word_1_287' title='bbox 532 2767 852 2838; x_wconf 82' lang='lat' dir='ltr'><strong>Burgundia:</strong></span> <span class='ocrx_word' id='word_1_288' title='bbox 896 2764 1157 2833; x_wconf 82' lang='lat' dir='ltr'><strong>sagaciter</strong></span> <span class='ocrx_word' id='word_1_289' title='bbox 1208 2762 1526 2832; x_wconf 81' lang='lat' dir='ltr'><strong>penetravit,</strong></span> <span class='ocrx_word' id='word_1_290' title='bbox 1584 2762 1719 2815; x_wconf 81' lang='lat' dir='ltr'><strong>ﬁnes</strong></span> <span class='ocrx_word' id='word_1_291' title='bbox 1766 2758 1916 2828; x_wconf 88' lang='lat' dir='ltr'><strong>regni</strong></span> <span class='ocrx_word' id='word_1_292' title='bbox 1972 2757 2114 2813; x_wconf 86' lang='lat' dir='ltr'><strong>illius</strong></span> 
     </span>
    </p>
   </div>
   <div class='ocr_carea' id='block_1_46' title="bbox 531 2851 2115 2927">
    <p class='ocr_par' dir='ltr' id='par_1_46' title="bbox 531 2851 2115 2927">
     <span class='ocr_line' id='line_1_46' title="bbox 531 2851 2115 2927; baseline -0.006 -12"><span class='ocrx_word' id='word_1_293' title='bbox 531 2861 801 2915; x_wconf 79' lang='lat' dir='ltr'><strong>Leudibus</strong></span> <span class='ocrx_word' id='word_1_294' title='bbox 829 2861 939 2914; x_wconf 88' lang='lat' dir='ltr'><strong>suis</strong></span> <span class='ocrx_word' id='word_1_295' title='bbox 987 2854 1398 2927; x_wconf 87' lang='lat' dir='ltr'><strong>probatissimis,</strong></span> <span class='ocrx_word' id='word_1_296' title='bbox 1431 2854 1562 2909; x_wconf 86' lang='lat' dir='ltr'><strong>viris</strong></span> <span class='ocrx_word' id='word_1_297' title='bbox 1594 2852 1888 2917; x_wconf 87' lang='lat' dir='ltr'><strong>industriis,</strong></span> <span class='ocrx_word' id='word_1_298' title='bbox 1936 2851 2000 2905; x_wconf 91' lang='lat' dir='ltr'><strong>ad</strong></span> <span class='ocrx_word' id='word_1_299' title='bbox 2033 2866 2115 2905; x_wconf 82' lang='lat' dir='ltr'><strong>re—</strong></span> 
     </span>
    </p>
   </div>
   <div class='ocr_carea' id='block_1_47' title="bbox 529 2947 2110 3022">
    <p class='ocr_par' dir='ltr' id='par_1_47' title="bbox 529 2947 2110 3022">
     <span class='ocr_line' id='line_1_47' title="bbox 529 2947 2110 3022; baseline -0.005 -15"><span class='ocrx_word' id='word_1_300' title='bbox 529 2953 826 3008; x_wconf 87' lang='lat' dir='ltr'><strong>sistendum</strong></span> <span class='ocrx_word' id='word_1_301' title='bbox 867 2953 1111 3022; x_wconf 84' lang='lat' dir='ltr'><strong>gentibus</strong></span> <span class='ocrx_word' id='word_1_302' title='bbox 1144 2949 1432 3004; x_wconf 89' lang='lat' dir='ltr'><strong>rebellibus</strong></span> <span class='ocrx_word' id='word_1_303' title='bbox 1460 2956 1512 3001; x_wconf 88' lang='lat' dir='ltr'><strong>et</strong></span> <span class='ocrx_word' id='word_1_304' title='bbox 1542 2948 1850 3002; x_wconf 76' lang='lat' dir='ltr'><strong>infidelibus</strong></span> <span class='ocrx_word' id='word_1_305' title='bbox 1891 2947 2110 3014; x_wconf 87' lang='lat' dir='ltr'><strong>statuit,</strong></span> 
     </span>
    </p>
   </div>
   <div class='ocr_carea' id='block_1_48' title="bbox 530 3038 2113 3111">
    <p class='ocr_par' dir='ltr' id='par_1_48' title="bbox 530 3038 2113 3111">
     <span class='ocr_line' id='line_1_48' title="bbox 530 3038 2113 3111; baseline -0.003 -14"><span class='ocrx_word' id='word_1_306' title='bbox 530 3059 661 3111; x_wconf 87' lang='lat' dir='ltr'><strong>pace</strong></span> <span class='ocrx_word' id='word_1_307' title='bbox 692 3051 914 3108; x_wconf 84' lang='lat' dir='ltr'><strong>patrata,</strong></span> <span class='ocrx_word' id='word_1_308' title='bbox 947 3042 1260 3111; x_wconf 75' lang='lat' dir='ltr'><strong>Lugdunum</strong></span> <span class='ocrx_word' id='word_1_309' title='bbox 1297 3040 1484 3094; x_wconf 75' lang='lat' dir='ltr'><strong>Gallia:</strong></span> <span class='ocrx_word' id='word_1_310' title='bbox 1521 3039 1630 3093; x_wconf 90' lang='lat' dir='ltr'><strong>suis</strong></span> <span class='ocrx_word' id='word_1_311' title='bbox 1677 3038 1920 3093; x_wconf 87' lang='lat' dir='ltr'><strong>lidelibus</strong></span> <span class='ocrx_word' id='word_1_312' title='bbox 1950 3040 2113 3094; x_wconf 85' lang='lat' dir='ltr'><strong>tradi-</strong></span> 
     </span>
    </p>
   </div>
   <div class='ocr_carea' id='block_1_49' title="bbox 530 3130 2120 3203">
    <p class='ocr_par' dir='ltr' id='par_1_49' title="bbox 530 3130 2120 3203">
     <span class='ocr_line' id='line_1_49' title="bbox 530 3130 2120 3203; baseline -0.004 -11"><span class='ocrx_word' id='word_1_313' title='bbox 530 3138 629 3192; x_wconf 90' lang='lat' dir='ltr'><strong>dit.</strong></span> <span class='ocrx_word' id='word_1_314' title='bbox 664 3137 898 3190; x_wconf 87' lang='lat' dir='ltr'><strong>Firmata</strong></span> <span class='ocrx_word' id='word_1_315' title='bbox 944 3134 1144 3189; x_wconf 70' lang='lat' dir='ltr'><strong>foedera</strong></span> <span class='ocrx_word' id='word_1_316' title='bbox 1188 3134 1477 3188; x_wconf 85' lang='lat' dir='ltr'><strong>induciaria</strong></span> <span class='ocrx_word' id='word_1_317' title='bbox 1525 3130 2003 3203; x_wconf 78' lang='lat' dir='ltr'><strong>[Al.,judiciaria],</strong></span> <span class='ocrx_word' id='word_1_318' title='bbox 2036 3146 2120 3185; x_wconf 91' lang='lat' dir='ltr'><strong>re-</strong></span> 
     </span>
    </p>
   </div>
   <div class='ocr_carea' id='block_1_50' title="bbox 532 3226 1570 3294">
    <p class='ocr_par' dir='ltr' id='par_1_50' title="bbox 532 3226 1570 3294">
     <span class='ocr_line' id='line_1_50' title="bbox 532 3226 1570 3294; baseline -0.007 -10"><span class='ocrx_word' id='word_1_319' title='bbox 532 3244 719 3284; x_wconf 86' lang='lat' dir='ltr'><strong>versus</strong></span> <span class='ocrx_word' id='word_1_320' title='bbox 741 3236 824 3282; x_wconf 87' lang='lat' dir='ltr'><strong>est</strong></span> <span class='ocrx_word' id='word_1_321' title='bbox 850 3228 1019 3281; x_wconf 88' lang='lat' dir='ltr'><strong>victor</strong></span> <span class='ocrx_word' id='word_1_322' title='bbox 1039 3226 1358 3280; x_wconf 82' lang='lat' dir='ltr'><strong>ﬁducialiter</strong></span> <span class='ocrx_word' id='word_1_323' title='bbox 1386 3238 1570 3294; x_wconf 84' lang='lat' dir='ltr'><strong>agens.</strong></span> 
     </span>
    </p>
   </div>
   <div class='ocr_carea' id='block_1_51' title="bbox 611 3312 2123 3383">
    <p class='ocr_par' dir='ltr' id='par_1_51' title="bbox 611 3312 2123 3383">
     <span class='ocr_line' id='line_1_51' title="bbox 611 3312 2123 3383; baseline -0.005 -9"><span class='ocrx_word' id='word_1_324' title='bbox 611 3323 716 3374; x_wconf 75' lang='lat' dir='ltr'><strong>AN.</strong></span> <span class='ocrx_word' id='word_1_325' title='bbox 749 3333 1010 3373; x_wconf 76' lang='lat' dir='ltr'><strong>uccuxv.</strong></span> <span class='ocrx_word' id='word_1_326' title='bbox 1038 3347 1108 3356; x_wconf 94' lang='lat'>—</span> <span class='ocrx_word' id='word_1_327' title='bbox 1138 3316 1193 3369; x_wconf 90' lang='lat' dir='ltr'><strong>ln</strong></span> <span class='ocrx_word' id='word_1_328' title='bbox 1236 3316 1340 3368; x_wconf 89' lang='lat' dir='ltr'><strong>illis</strong></span> <span class='ocrx_word' id='word_1_329' title='bbox 1382 3316 1574 3383; x_wconf 83' lang='lat' dir='ltr'><strong>quippe</strong></span> <span class='ocrx_word' id='word_1_330' title='bbox 1604 3313 1791 3367; x_wconf 83' lang='lat' dir='ltr'><strong>diebus</strong></span> <span class='ocrx_word' id='word_1_331' title='bbox 1838 3313 1986 3367; x_wconf 86' lang='lat' dir='ltr'><strong>Eudo</strong></span> <span class='ocrx_word' id='word_1_332' title='bbox 2015 3312 2123 3366; x_wconf 81' lang='lat' dir='ltr'><strong>dux</strong></span> 
     </span>
    </p>
   </div>
   <div class='ocr_carea' id='block_1_52' title="bbox 540 3404 2119 3472">
    <p class='ocr_par' dir='ltr' id='par_1_52' title="bbox 540 3404 2119 3472">
     <span class='ocr_line' id='line_1_52' title="bbox 540 3404 2119 3472; baseline -0.004 -9"><span class='ocrx_word' id='word_1_333' title='bbox 540 3418 781 3463; x_wconf 87' lang='lat' dir='ltr'><strong>mortuus</strong></span> <span class='ocrx_word' id='word_1_334' title='bbox 803 3417 908 3462; x_wconf 86' lang='lat' dir='ltr'><strong>est.</strong></span> <span class='ocrx_word' id='word_1_335' title='bbox 940 3408 1064 3460; x_wconf 68' lang='lat' dir='ltr'><strong>llmc</strong></span> <span class='ocrx_word' id='word_1_336' title='bbox 1090 3406 1313 3459; x_wconf 86' lang='lat' dir='ltr'><strong>audiens</strong></span> <span class='ocrx_word' id='word_1_337' title='bbox 1346 3404 1597 3472; x_wconf 65' lang='lat' dir='ltr'><strong>praefatus</strong></span> <span class='ocrx_word' id='word_1_338' title='bbox 1635 3405 1881 3472; x_wconf 85' lang='lat' dir='ltr'><strong>princeps</strong></span> <span class='ocrx_word' id='word_1_339' title='bbox 1911 3405 2119 3469; x_wconf 88' lang='lat' dir='ltr'><strong>Carlus,</strong></span> 
     </span>
    </p>
   </div>
   <div class='ocr_carea' id='block_1_53' title="bbox 614 3557 2123 3624">
    <p class='ocr_par' dir='ltr' id='par_1_53' title="bbox 614 3557 2123 3624">
     <span class='ocr_line' id='line_1_53' title="bbox 614 3557 2123 3624; baseline -0.002 -8"><span class='ocrx_word' id='word_1_340' title='bbox 614 3564 634 3587; x_wconf 91' lang='grc'><strong><em>⁸</em></strong></span> <span class='ocrx_word' id='word_1_341' title='bbox 654 3562 807 3624; x_wconf 83' lang='lat' dir='ltr'><strong>Boh.,</strong></span> <span class='ocrx_word' id='word_1_342' title='bbox 838 3559 1211 3613; x_wconf 82' lang='lat' dir='ltr'><strong>Billelrttde....</strong></span> <span class='ocrx_word' id='word_1_343' title='bbox 1237 3557 1559 3613; x_wconf 81' lang='lat' dir='ltr'><strong>Suuichilde.</strong></span> <span class='ocrx_word' id='word_1_344' title='bbox 1584 3557 1688 3611; x_wconf 89' lang='lat' dir='ltr'><strong>Alii</strong></span> <span class='ocrx_word' id='word_1_345' title='bbox 1720 3558 2006 3623; x_wconf 87' lang='lat' dir='ltr'><strong>scriptores</strong></span> <span class='ocrx_word' id='word_1_346' title='bbox 2039 3559 2123 3614; x_wconf 80' lang='lat' dir='ltr'><strong>Pi-</strong></span> 
     </span>
    </p>
   </div>
   <div class='ocr_carea' id='block_1_54' title="bbox 535 3629 2124 3700">
    <p class='ocr_par' dir='ltr' id='par_1_54' title="bbox 535 3629 2124 3700">
     <span class='ocr_line' id='line_1_54' title="bbox 535 3629 2124 3700; baseline -0.005 -9"><span class='ocrx_word' id='word_1_347' title='bbox 535 3634 786 3691; x_wconf 87' lang='lat' dir='ltr'><strong>litrudem</strong></span> <span class='ocrx_word' id='word_1_348' title='bbox 819 3630 1113 3698; x_wconf 85' lang='lat' dir='ltr'><strong>appellant,</strong></span> <span class='ocrx_word' id='word_1_349' title='bbox 1136 3648 1253 3700; x_wconf 75' lang='lat' dir='ltr'><strong>qua:</strong></span> <span class='ocrx_word' id='word_1_350' title='bbox 1277 3629 1605 3689; x_wconf 73' lang='lat' dir='ltr'><strong>Gritnoaldo,</strong></span> <span class='ocrx_word' id='word_1_351' title='bbox 1632 3643 1724 3682; x_wconf 84' lang='lat' dir='ltr'><strong>seu</strong></span> <span class='ocrx_word' id='word_1_352' title='bbox 1746 3632 1922 3697; x_wconf 90' lang='lat' dir='ltr'><strong>potius</strong></span> <span class='ocrx_word' id='word_1_353' title='bbox 1947 3630 2124 3683; x_wconf 90' lang='lat' dir='ltr'><strong>Theo-</strong></span> 
     </span>
    </p>
   </div>
   <div class='ocr_carea' id='block_1_55' title="bbox 535 3700 2123 3770">
    <p class='ocr_par' dir='ltr' id='par_1_55' title="bbox 535 3700 2123 3770">
     <span class='ocr_line' id='line_1_55' title="bbox 535 3700 2123 3770; baseline -0.003 -11"><span class='ocrx_word' id='word_1_354' title='bbox 535 3709 715 3767; x_wconf 84' lang='lat' dir='ltr'><strong>baldo,</strong></span> <span class='ocrx_word' id='word_1_355' title='bbox 744 3703 1106 3770; x_wconf 79' lang='lat' dir='ltr'><strong>Bajotriorutn</strong></span> <span class='ocrx_word' id='word_1_356' title='bbox 1166 3702 1311 3764; x_wconf 87' lang='lat' dir='ltr'><strong>duci,</strong></span> <span class='ocrx_word' id='word_1_357' title='bbox 1345 3710 1504 3767; x_wconf 88' lang='lat' dir='ltr'><strong>nupta</strong></span> <span class='ocrx_word' id='word_1_358' title='bbox 1552 3700 1744 3753; x_wconf 79' lang='lat' dir='ltr'><strong>fuerat.</strong></span> <span class='ocrx_word' id='word_1_359' title='bbox 1798 3700 2123 3755; x_wconf 86' lang='lat' dir='ltr'><strong>Sonichildis</strong></span> 
     </span>
    </p>
   </div>
   <div class='ocr_carea' id='block_1_56' title="bbox 533 3771 2118 3847">
    <p class='ocr_par' dir='ltr' id='par_1_56' title="bbox 533 3771 2118 3847">
     <span class='ocr_line' id='line_1_56' title="bbox 533 3771 2118 3847; baseline -0.004 -18"><span class='ocrx_word' id='word_1_360' title='bbox 533 3775 886 3847; x_wconf 61' lang='lat' dir='ltr'><strong>postmodum</strong></span> <span class='ocrx_word' id='word_1_361' title='bbox 916 3772 1109 3825; x_wconf 85' lang='lat' dir='ltr'><strong>Carolo</strong></span> <span class='ocrx_word' id='word_1_362' title='bbox 1133 3773 1398 3847; x_wconf 34' lang='lat' dir='ltr'><strong>“Martello</strong></span> <span class='ocrx_word' id='word_1_363' title='bbox 1453 3772 1652 3847; x_wconf 81' lang='lat' dir='ltr'><strong>nupsit,</strong></span> <span class='ocrx_word' id='word_1_364' title='bbox 1688 3785 1766 3847; x_wconf 39' lang='lat' dir='ltr'><strong>ex“</strong></span> <span class='ocrx_word' id='word_1_365' title='bbox 1801 3786 1907 3847; x_wconf 84' lang='lat' dir='ltr'><strong>quo</strong></span> <span class='ocrx_word' id='word_1_366' title='bbox 1955 3771 2118 3824; x_wconf 87' lang='lat' dir='ltr'><strong>lilium</strong></span> 
     </span>
    </p>
   </div>
   <div class='ocr_carea' id='block_1_57' title="bbox 534 3841 2119 3910">
    <p class='ocr_par' dir='ltr' id='par_1_57' title="bbox 534 3841 2119 3910">
     <span class='ocr_line' id='line_1_57' title="bbox 534 3841 2119 3910; baseline -0.004 -8"><span class='ocrx_word' id='word_1_367' title='bbox 534 3841 717 3902; x_wconf 80' lang='lat' dir='ltr'><strong>habuit</strong></span> <span class='ocrx_word' id='word_1_368' title='bbox 765 3844 1065 3899; x_wconf 80' lang='lat' dir='ltr'><strong>Grifouem.</strong></span> <span class='ocrx_word' id='word_1_369' title='bbox 1131 3844 1258 3896; x_wconf 87' lang='lat' dir='ltr'><strong>Eatn</strong></span> <span class='ocrx_word' id='word_1_370' title='bbox 1323 3842 1579 3910; x_wconf 86' lang='lat' dir='ltr'><strong>Pippiuus</strong></span> <span class='ocrx_word' id='word_1_371' title='bbox 1629 3852 1682 3895; x_wconf 89' lang='lat' dir='ltr'><strong>et</strong></span> <span class='ocrx_word' id='word_1_372' title='bbox 1730 3841 2119 3895; x_wconf 83' lang='lat' dir='ltr'><strong>Carlomannus</strong></span> 
     </span>
    </p>
   </div>
   <div class='ocr_carea' id='block_1_58' title="bbox 539 3914 2122 3988">
    <p class='ocr_par' dir='ltr' id='par_1_58' title="bbox 539 3914 2122 3988">
     <span class='ocr_line' id='line_1_58' title="bbox 539 3914 2122 3988; baseline -0.004 -16"><span class='ocrx_word' id='word_1_373' title='bbox 539 3928 663 3988; x_wconf 77' lang='lat' dir='ltr'><strong>post</strong></span> <span class='ocrx_word' id='word_1_374' title='bbox 705 3914 1112 3988; x_wconf 72' lang='lat' dir='ltr'><strong>Caroliohitum</strong></span> <span class='ocrx_word' id='word_1_375' title='bbox 1137 3915 1272 3982; x_wconf 88' lang='lat' dir='ltr'><strong>apud</strong></span> <span class='ocrx_word' id='word_1_376' title='bbox 1305 3914 1483 3988; x_wconf 71' lang='lat' dir='ltr'><strong>(latam</strong></span> <span class='ocrx_word' id='word_1_377' title='bbox 1511 3914 1808 3988; x_wconf 81' lang='lat' dir='ltr'><strong>reclusere;</strong></span> <span class='ocrx_word' id='word_1_378' title='bbox 1842 3928 1908 3965; x_wconf 90' lang='lat' dir='ltr'><strong>ne</strong></span> <span class='ocrx_word' id='word_1_379' title='bbox 1934 3915 2122 3988; x_wconf 68' lang='lat' dir='ltr'><strong>turbas</strong></span> 
     </span>
    </p>
   </div>
   <div class='ocr_carea' id='block_1_59' title="bbox 536 3984 2120 4054">
    <p class='ocr_par' dir='ltr' id='par_1_59' title="bbox 536 3984 2120 4054">
     <span class='ocr_line' id='line_1_59' title="bbox 536 3984 2120 4054; baseline -0.002 -14"><span class='ocrx_word' id='word_1_380' title='bbox 536 3984 815 4044; x_wconf 74' lang='lat' dir='ltr'><strong>occasione</strong></span> <span class='ocrx_word' id='word_1_381' title='bbox 869 3984 1131 4052; x_wconf 72' lang='lat' dir='ltr'><strong>Gril‘onis,</strong></span> <span class='ocrx_word' id='word_1_382' title='bbox 1159 3988 1247 4054; x_wconf 86' lang='lat' dir='ltr'><strong>qui</strong></span> <span class='ocrx_word' id='word_1_383' title='bbox 1277 4001 1306 4039; x_wconf 91' lang='lat' dir='ltr'><strong>a</strong></span> <span class='ocrx_word' id='word_1_384' title='bbox 1345 3984 1604 4053; x_wconf 81' lang='lat' dir='ltr'><strong>Majoratu</strong></span> <span class='ocrx_word' id='word_1_385' title='bbox 1634 3985 1881 4038; x_wconf 78' lang='lat' dir='ltr'><strong>exclusus</strong></span> <span class='ocrx_word' id='word_1_386' title='bbox 1929 3984 2120 4053; x_wconf 81' lang='lat' dir='ltr'><strong>fuerat,</strong></span> 
     </span>
    </p>
   </div>
   <div class='ocr_carea' id='block_1_60' title="bbox 535 4061 815 4115">
    <p class='ocr_par' dir='ltr' id='par_1_60' title="bbox 535 4061 815 4115">
     <span class='ocr_line' id='line_1_60' title="bbox 535 4061 815 4115; baseline -0.021 0"><span class='ocrx_word' id='word_1_387' title='bbox 535 4061 815 4115; x_wconf 75' lang='lat' dir='ltr'><strong>excitaret.</strong></span> 
     </span>
    </p>
   </div>
   <div class='ocr_carea' id='block_1_61' title="bbox 606 4124 2120 4195">
    <p class='ocr_par' dir='ltr' id='par_1_61' title="bbox 606 4124 2120 4195">
     <span class='ocr_line' id='line_1_61' title="bbox 606 4124 2120 4195; baseline -0.003 -13"><span class='ocrx_word' id='word_1_388' title='bbox 606 4129 632 4167; x_wconf 71' lang='grc' dir='ltr'><strong>ιι</strong></span> <span class='ocrx_word' id='word_1_389' title='bbox 687 4130 835 4182; x_wconf 83' lang='lat' dir='ltr'><strong>Eudo</strong></span> <span class='ocrx_word' id='word_1_390' title='bbox 862 4128 968 4195; x_wconf 83' lang='lat' dir='ltr'><strong>jam</strong></span> <span class='ocrx_word' id='word_1_391' title='bbox 1013 4142 1040 4179; x_wconf 88' lang='lat' dir='ltr'><strong>a</strong></span> <span class='ocrx_word' id='word_1_392' title='bbox 1095 4127 1511 4182; x_wconf 81' lang='lat' dir='ltr'><strong>Sarracenorum</strong></span> <span class='ocrx_word' id='word_1_393' title='bbox 1561 4124 1759 4178; x_wconf 69' lang='lat' dir='ltr'><strong>foedere</strong></span> <span class='ocrx_word' id='word_1_394' title='bbox 1805 4135 2120 4195; x_wconf 62' lang='lat' dir='ltr'><strong>recesserat,</strong></span> 
     </span>
    </p>
   </div>
   <div class='ocr_carea' id='block_1_62' title="bbox 534 4194 2119 4265">
    <p class='ocr_par' dir='ltr' id='par_1_62' title="bbox 534 4194 2119 4265">
     <span class='ocr_line' id='line_1_62' title="bbox 534 4194 2119 4265; baseline -0.005 -9"><span class='ocrx_word' id='word_1_395' title='bbox 534 4210 586 4256; x_wconf 85' lang='lat' dir='ltr'><strong>et</strong></span> <span class='ocrx_word' id='word_1_396' title='bbox 611 4202 661 4254; x_wconf 90' lang='lat' dir='ltr'><strong>in</strong></span> <span class='ocrx_word' id='word_1_397' title='bbox 695 4200 796 4252; x_wconf 89' lang='lat' dir='ltr'><strong>hoc</strong></span> <span class='ocrx_word' id='word_1_398' title='bbox 825 4194 1008 4265; x_wconf 81' lang='lat' dir='ltr'><strong>praelio</strong></span> <span class='ocrx_word' id='word_1_399' title='bbox 1038 4198 1284 4251; x_wconf 85' lang='lat' dir='ltr'><strong>Carohttn</strong></span> <span class='ocrx_word' id='word_1_400' title='bbox 1316 4212 1528 4265; x_wconf 64' lang='lat' dir='ltr'><strong>egregie</strong></span> <span class='ocrx_word' id='word_1_401' title='bbox 1557 4197 1776 4262; x_wconf 72' lang='lat' dir='ltr'><strong>adjuvit.</strong></span> <span class='ocrx_word' id='word_1_402' title='bbox 1816 4194 1951 4248; x_wconf 86' lang='lat' dir='ltr'><strong>Vide</strong></span> <span class='ocrx_word' id='word_1_403' title='bbox 1980 4200 2119 4249; x_wconf 81' lang='lat' dir='ltr'><strong>Ana-</strong></span> 
     </span>
    </p>
   </div>
   <div class='ocr_carea' id='block_1_63' title="bbox 539 4266 2118 4339">
    <p class='ocr_par' dir='ltr' id='par_1_63' title="bbox 539 4266 2118 4339">
     <span class='ocr_line' id='line_1_63' title="bbox 539 4266 2118 4339; baseline -0.002 -15"><span class='ocrx_word' id='word_1_404' title='bbox 539 4274 761 4324; x_wconf 85' lang='lat' dir='ltr'><strong>stasiutn</strong></span> <span class='ocrx_word' id='word_1_405' title='bbox 796 4269 846 4321; x_wconf 91' lang='lat' dir='ltr'><strong>in</strong></span> <span class='ocrx_word' id='word_1_406' title='bbox 885 4268 1003 4320; x_wconf 81' lang='lat' dir='ltr'><strong>Vita</strong></span> <span class='ocrx_word' id='word_1_407' title='bbox 1034 4269 1277 4339; x_wconf 74' lang='lat' dir='ltr'><strong>Gregorii</strong></span> <span class='ocrx_word' id='word_1_408' title='bbox 1307 4268 1380 4333; x_wconf 90' lang='lat' dir='ltr'><strong>ll,</strong></span> <span class='ocrx_word' id='word_1_409' title='bbox 1433 4279 1486 4320; x_wconf 91' lang='lat' dir='ltr'><strong>et</strong></span> <span class='ocrx_word' id='word_1_410' title='bbox 1535 4267 1699 4319; x_wconf 79' lang='lat' dir='ltr'><strong>Paul.‘</strong></span> <span class='ocrx_word' id='word_1_411' title='bbox 1730 4267 1877 4320; x_wconf 88' lang='lat' dir='ltr'><strong>Diac.</strong></span> <span class='ocrx_word' id='word_1_412' title='bbox 1933 4266 2024 4319; x_wconf 86' lang='lat' dir='ltr'><strong>lib.</strong></span> <span class='ocrx_word' id='word_1_413' title='bbox 2070 4282 2118 4321; x_wconf 87' lang='lat' dir='ltr'><strong>vt</strong></span> 
     </span>
    </p>
   </div>
   <div class='ocr_carea' id='block_1_64' title="bbox 534 4339 1967 4407">
    <p class='ocr_par' dir='ltr' id='par_1_64' title="bbox 534 4339 1967 4407">
     <span class='ocr_line' id='line_1_64' title="bbox 534 4339 1967 4407; baseline -0.033 -11"><span class='ocrx_word' id='word_1_414' title='bbox 534 4342 672 4396; x_wconf 81' lang='lat' dir='ltr'><strong>Hist.</strong></span> <span class='ocrx_word' id='word_1_415' title='bbox 704 4340 868 4407; x_wconf 79' lang='lat' dir='ltr'><strong>Lnng.</strong></span> <span class='ocrx_word' id='word_1_416' title='bbox 903 4351 1021 4403; x_wconf 82' lang='lat' dir='ltr'><strong>cap.</strong></span> <span class='ocrx_word' id='word_1_417' title='bbox 1046 4340 1137 4390; x_wconf 64' lang='lat' dir='ltr'><strong>Mi,</strong></span> <span class='ocrx_word' id='word_1_418' title='bbox 1782 4406 1789 4407; x_wconf 15' lang='grc' dir='ltr'><em>γ</em></span> <span class='ocrx_word' id='word_1_419' title='bbox 1949 4339 1967 4349; x_wconf 86' lang='grc'><strong>-</strong></span> 
     </span>
    </p>
   </div>
   <div class='ocr_carea' id='block_1_65' title="bbox 2289 1844 3807 1915">
    <p class='ocr_par' dir='ltr' id='par_1_65' title="bbox 2289 1844 3807 1915">
     <span class='ocr_line' id='line_1_65' title="bbox 2289 1844 3807 1915; baseline -0.002 -14"><span class='ocrx_word' id='word_1_420' title='bbox 2289 1848 2447 1901; x_wconf 86' lang='lat' dir='ltr'><strong>Certe</strong></span> <span class='ocrx_word' id='word_1_421' title='bbox 2476 1849 2542 1901; x_wconf 86' lang='lat' dir='ltr'><strong>ab</strong></span> <span class='ocrx_word' id='word_1_422' title='bbox 2564 1846 2718 1901; x_wconf 91' lang='lat' dir='ltr'><strong>initio</strong></span> <span class='ocrx_word' id='word_1_423' title='bbox 2744 1846 2927 1901; x_wconf 91' lang='lat' dir='ltr'><strong>mundi</strong></span> <span class='ocrx_word' id='word_1_424' title='bbox 2954 1859 3124 1913; x_wconf 88' lang='lat' dir='ltr'><strong>usque</strong></span> <span class='ocrx_word' id='word_1_425' title='bbox 3157 1844 3223 1899; x_wconf 90' lang='lat' dir='ltr'><strong>ad</strong></span> <span class='ocrx_word' id='word_1_426' title='bbox 3257 1844 3556 1915; x_wconf 85' lang='lat' dir='ltr'><strong>passionem</strong></span> <span class='ocrx_word' id='word_1_427' title='bbox 3588 1844 3807 1898; x_wconf 85' lang='lat' dir='ltr'><strong>Domini</strong></span> 
     </span>
    </p>
   </div>
   <div class='ocr_carea' id='block_1_66' title="bbox 2218 1934 3810 1999">
    <p class='ocr_par' dir='ltr' id='par_1_66' title="bbox 2218 1934 3810 1999">
     <span class='ocr_line' id='line_1_66' title="bbox 2218 1934 3810 1999; baseline -0.003 -8"><span class='ocrx_word' id='word_1_428' title='bbox 2218 1936 2524 1991; x_wconf 73' lang='lat' dir='ltr'><strong>nostrilesu</strong></span> <span class='ocrx_word' id='word_1_429' title='bbox 2537 1936 2755 1999; x_wconf 86' lang='lat' dir='ltr'><strong>Christi,</strong></span> <span class='ocrx_word' id='word_1_430' title='bbox 2778 1937 2902 1989; x_wconf 87' lang='lat' dir='ltr'><strong>anni</strong></span> <span class='ocrx_word' id='word_1_431' title='bbox 2918 1950 3347 1990; x_wconf 69' lang='lat' dir='ltr'><strong>numnunxuvm</strong></span> <span class='ocrx_word' id='word_1_432' title='bbox 3364 1944 3409 1987; x_wconf 78' lang='grc' dir='ltr'><strong>ο.</strong></span> <span class='ocrx_word' id='word_1_433' title='bbox 3429 1934 3535 1989; x_wconf 86' lang='lat' dir='ltr'><strong>Eta</strong></span> <span class='ocrx_word' id='word_1_434' title='bbox 3556 1935 3810 1999; x_wconf 84' lang='lat' dir='ltr'><strong>passione</strong></span> 
     </span>
    </p>
   </div>
   <div class='ocr_carea' id='block_1_67' title="bbox 2220 2027 3815 2099">
    <p class='ocr_par' dir='ltr' id='par_1_67' title="bbox 2220 2027 3815 2099">
     <span class='ocr_line' id='line_1_67' title="bbox 2220 2027 3815 2099; baseline -0.003 -14"><span class='ocrx_word' id='word_1_435' title='bbox 2220 2032 2432 2086; x_wconf 91' lang='lat' dir='ltr'><strong>Domini</strong></span> <span class='ocrx_word' id='word_1_436' title='bbox 2458 2046 2625 2099; x_wconf 86' lang='lat' dir='ltr'><strong>usque</strong></span> <span class='ocrx_word' id='word_1_437' title='bbox 2650 2032 2701 2083; x_wconf 88' lang='lat' dir='ltr'><strong>itt</strong></span> <span class='ocrx_word' id='word_1_438' title='bbox 2726 2031 2883 2085; x_wconf 89' lang='lat' dir='ltr'><strong>istum</strong></span> <span class='ocrx_word' id='word_1_439' title='bbox 2908 2045 3105 2083; x_wconf 89' lang='lat' dir='ltr'><strong>annum</strong></span> <span class='ocrx_word' id='word_1_440' title='bbox 3148 2036 3485 2096; x_wconf 70' lang='lat' dir='ltr'><strong>prmsentem,</strong></span> <span class='ocrx_word' id='word_1_441' title='bbox 3520 2028 3612 2095; x_wconf 87' lang='lat' dir='ltr'><strong>qui</strong></span> <span class='ocrx_word' id='word_1_442' title='bbox 3643 2037 3725 2081; x_wconf 89' lang='lat' dir='ltr'><strong>est</strong></span> <span class='ocrx_word' id='word_1_443' title='bbox 3761 2027 3815 2081; x_wconf 87' lang='lat' dir='ltr'><strong>in</strong></span> 
     </span>
    </p>
   </div>
   <div class='ocr_carea' id='block_1_68' title="bbox 2215 2114 3817 2193">
    <p class='ocr_par' dir='ltr' id='par_1_68' title="bbox 2215 2114 3817 2193">
     <span class='ocr_line' id='line_1_68' title="bbox 2215 2114 3817 2193; baseline -0.002 -17"><span class='ocrx_word' id='word_1_444' title='bbox 2215 2124 2365 2193; x_wconf 85' lang='lat' dir='ltr'><strong>cyclo</strong></span> <span class='ocrx_word' id='word_1_445' title='bbox 2395 2122 2636 2185; x_wconf 72' lang='lat' dir='ltr'><strong>Victorii,</strong></span> <span class='ocrx_word' id='word_1_446' title='bbox 2665 2122 2788 2175; x_wconf 87' lang='lat' dir='ltr'><strong>anni</strong></span> <span class='ocrx_word' id='word_1_447' title='bbox 2814 2114 3048 2176; x_wconf 63' lang='lat' dir='ltr'><strong>ce&#39;xxvtt.</strong></span> <span class='ocrx_word' id='word_1_448' title='bbox 3096 2121 3210 2175; x_wconf 81' lang='lat' dir='ltr'><strong>Kal.</strong></span> <span class='ocrx_word' id='word_1_449' title='bbox 3244 2120 3461 2175; x_wconf 82' lang='lat' dir='ltr'><strong>Januar.</strong></span> <span class='ocrx_word' id='word_1_450' title='bbox 3506 2119 3594 2172; x_wconf 88' lang='lat' dir='ltr'><strong>die</strong></span> <span class='ocrx_word' id='word_1_451' title='bbox 3630 2118 3817 2172; x_wconf 86' lang='lat' dir='ltr'><strong>Domi-</strong></span> 
     </span>
    </p>
   </div>
   <div class='ocr_carea' id='block_1_69' title="bbox 2219 2212 3816 2269">
    <p class='ocr_par' dir='ltr' id='par_1_69' title="bbox 2219 2212 3816 2269">
     <span class='ocr_line' id='line_1_69' title="bbox 2219 2212 3816 2269; baseline -0.002 -2"><span class='ocrx_word' id='word_1_452' title='bbox 2219 2216 2333 2269; x_wconf 89' lang='lat' dir='ltr'><strong>nica</strong></span> <span class='ocrx_word' id='word_1_453' title='bbox 2365 2214 2488 2268; x_wconf 91' lang='lat' dir='ltr'><strong>anni</strong></span> <span class='ocrx_word' id='word_1_454' title='bbox 2519 2230 2760 2269; x_wconf 79' lang='lat' dir='ltr'><strong>nccxxxv</strong></span> <span class='ocrx_word' id='word_1_455' title='bbox 2790 2212 2835 2267; x_wconf 71' lang='grc' dir='ltr'><strong>τ.</strong></span> <span class='ocrx_word' id='word_1_456' title='bbox 2887 2215 2949 2267; x_wconf 84' lang='lat' dir='ltr'><strong>Et</strong></span> <span class='ocrx_word' id='word_1_457' title='bbox 2976 2224 3032 2268; x_wconf 91' lang='lat' dir='ltr'><strong>ut</strong></span> <span class='ocrx_word' id='word_1_458' title='bbox 3080 2214 3220 2268; x_wconf 81' lang='lat' dir='ltr'><strong>istud</strong></span> <span class='ocrx_word' id='word_1_459' title='bbox 3264 2212 3624 2267; x_wconf 85' lang='lat' dir='ltr'><strong>millenarium</strong></span> <span class='ocrx_word' id='word_1_460' title='bbox 3664 2224 3816 2265; x_wconf 85' lang='lat' dir='ltr'><strong>com-</strong></span> 
     </span>
    </p>
   </div>
   <div class='ocr_carea' id='block_1_70' title="bbox 2220 2305 3115 2375">
    <p class='ocr_par' dir='ltr' id='par_1_70' title="bbox 2220 2305 3115 2375">
     <span class='ocr_line' id='line_1_70' title="bbox 2220 2305 3115 2375; baseline 0 -16"><span class='ocrx_word' id='word_1_461' title='bbox 2220 2306 2448 2375; x_wconf 85' lang='lat' dir='ltr'><strong>pleatur,</strong></span> <span class='ocrx_word' id='word_1_462' title='bbox 2482 2313 2686 2360; x_wconf 90' lang='lat' dir='ltr'><strong>restant</strong></span> <span class='ocrx_word' id='word_1_463' title='bbox 2713 2305 2837 2359; x_wconf 91' lang='lat' dir='ltr'><strong>anni</strong></span> <span class='ocrx_word' id='word_1_464' title='bbox 2867 2320 3036 2359; x_wconf 68' lang='lat' dir='ltr'><strong>cccxv</strong></span> <span class='ocrx_word' id='word_1_465' title='bbox 3068 2314 3115 2358; x_wconf 80' lang='grc' dir='ltr'><strong>κ.</strong></span> 
     </span>
    </p>
   </div>
   <div class='ocr_carea' id='block_1_71' title="bbox 2300 2398 3814 2468">
    <p class='ocr_par' dir='ltr' id='par_1_71' title="bbox 2300 2398 3814 2468">
     <span class='ocr_line' id='line_1_71' title="bbox 2300 2398 3814 2468; baseline -0.001 -15"><span class='ocrx_word' id='word_1_466' title='bbox 2300 2401 2403 2454; x_wconf 75' lang='lat' dir='ltr'><strong>AN.</strong></span> <span class='ocrx_word' id='word_1_467' title='bbox 2436 2414 2721 2453; x_wconf 77' lang='lat' dir='ltr'><strong>pccxxxnt.</strong></span> <span class='ocrx_word' id='word_1_468' title='bbox 2754 2428 2822 2439; x_wconf 90' lang='lat'><strong>-—</strong></span> <span class='ocrx_word' id='word_1_469' title='bbox 2844 2399 3081 2467; x_wconf 88' lang='lat' dir='ltr'><strong>Itemque</strong></span> <span class='ocrx_word' id='word_1_470' title='bbox 3113 2398 3253 2468; x_wconf 88' lang='lat' dir='ltr'><strong>quod</strong></span> <span class='ocrx_word' id='word_1_471' title='bbox 3296 2398 3546 2467; x_wconf 86' lang='lat' dir='ltr'><strong>superius</strong></span> <span class='ocrx_word' id='word_1_472' title='bbox 3587 2405 3814 2468; x_wconf 63' lang='lat' dir='ltr'><strong>praetcr-</strong></span> 
     </span>
    </p>
   </div>
   <div class='ocr_carea' id='block_1_72' title="bbox 2216 2489 3809 2557">
    <p class='ocr_par' dir='ltr' id='par_1_72' title="bbox 2216 2489 3809 2557">
     <span class='ocr_line' id='line_1_72' title="bbox 2216 2489 3809 2557; baseline -0.002 -14"><span class='ocrx_word' id='word_1_473' title='bbox 2216 2490 2479 2544; x_wconf 83' lang='lat' dir='ltr'><strong>misimus.</strong></span> <span class='ocrx_word' id='word_1_474' title='bbox 2497 2490 2549 2543; x_wconf 90' lang='lat' dir='ltr'><strong>lu</strong></span> <span class='ocrx_word' id='word_1_475' title='bbox 2572 2499 2783 2557; x_wconf 82' lang='lat' dir='ltr'><strong>gentem</strong></span> <span class='ocrx_word' id='word_1_476' title='bbox 2811 2490 3133 2544; x_wconf 80' lang='lat' dir='ltr'><strong>dirissimam</strong></span> <span class='ocrx_word' id='word_1_477' title='bbox 3159 2489 3478 2544; x_wconf 85' lang='lat' dir='ltr'><strong>maritimam</strong></span> <span class='ocrx_word' id='word_1_478' title='bbox 3504 2489 3809 2543; x_wconf 86' lang='lat' dir='ltr'><strong>Frisionum</strong></span> 
     </span>
    </p>
   </div>
   <div class='ocr_carea' id='block_1_73' title="bbox 2219 2579 3810 2652">
    <p class='ocr_par' dir='ltr' id='par_1_73' title="bbox 2219 2579 3810 2652">
     <span class='ocr_line' id='line_1_73' title="bbox 2219 2579 3810 2652; baseline 0.001 -18"><span class='ocrx_word' id='word_1_479' title='bbox 2219 2582 2377 2636; x_wconf 89' lang='lat' dir='ltr'><strong>nimis</strong></span> <span class='ocrx_word' id='word_1_480' title='bbox 2429 2582 2722 2637; x_wconf 90' lang='lat' dir='ltr'><strong>crudeliter</strong></span> <span class='ocrx_word' id='word_1_481' title='bbox 2778 2583 3128 2637; x_wconf 88' lang='lat' dir='ltr'><strong>rebellantem</strong></span> <span class='ocrx_word' id='word_1_482' title='bbox 3181 2579 3233 2649; x_wconf 66' lang='grc' dir='ltr'><strong>δ,</strong></span> <span class='ocrx_word' id='word_1_483' title='bbox 3264 2582 3520 2652; x_wconf 62' lang='lat' dir='ltr'><strong>praefatus</strong></span> <span class='ocrx_word' id='word_1_484' title='bbox 3562 2582 3810 2650; x_wconf 85' lang='lat' dir='ltr'><strong>prinreps</strong></span> 
     </span>
    </p>
   </div>
   <div class='ocr_carea' id='block_1_74' title="bbox 2216 2672 3798 2744">
    <p class='ocr_par' dir='ltr' id='par_1_74' title="bbox 2216 2672 3798 2744">
     <span class='ocr_line' id='line_1_74' title="bbox 2216 2672 3798 2744; baseline 0.001 -19"><span class='ocrx_word' id='word_1_485' title='bbox 2216 2672 2468 2727; x_wconf 86' lang='lat' dir='ltr'><strong>audacter</strong></span> <span class='ocrx_word' id='word_1_486' title='bbox 2491 2674 2661 2727; x_wconf 90' lang='lat' dir='ltr'><strong>navali</strong></span> <span class='ocrx_word' id='word_1_487' title='bbox 2684 2676 2962 2729; x_wconf 89' lang='lat' dir='ltr'><strong>evectione</strong></span> <span class='ocrx_word' id='word_1_488' title='bbox 2992 2682 3261 2744; x_wconf 88' lang='lat' dir='ltr'><strong>properat,</strong></span> <span class='ocrx_word' id='word_1_489' title='bbox 3282 2674 3527 2729; x_wconf 82' lang='lat' dir='ltr'><strong>certatim</strong></span> <span class='ocrx_word' id='word_1_490' title='bbox 3555 2673 3618 2728; x_wconf 89' lang='lat' dir='ltr'><strong>ad</strong></span> <span class='ocrx_word' id='word_1_491' title='bbox 3646 2687 3798 2727; x_wconf 80' lang='lat' dir='ltr'><strong>mare</strong></span> 
     </span>
    </p>
   </div>
   <div class='ocr_carea' id='block_1_75' title="bbox 2217 2757 3808 2833">
    <p class='ocr_par' dir='ltr' id='par_1_75' title="bbox 2217 2757 3808 2833">
     <span class='ocr_line' id='line_1_75' title="bbox 2217 2757 3808 2833; baseline 0 -16"><span class='ocrx_word' id='word_1_492' title='bbox 2217 2757 2509 2833; x_wconf 80' lang='lat' dir='ltr'><strong>ingressus,</strong></span> <span class='ocrx_word' id='word_1_493' title='bbox 2560 2766 2775 2819; x_wconf 83' lang='lat' dir='ltr'><strong>navium</strong></span> <span class='ocrx_word' id='word_1_494' title='bbox 2824 2766 2978 2833; x_wconf 90' lang='lat' dir='ltr'><strong>copia</strong></span> <span class='ocrx_word' id='word_1_495' title='bbox 3028 2765 3281 2829; x_wconf 77' lang='lat' dir='ltr'><strong>adunata,</strong></span> <span class='ocrx_word' id='word_1_496' title='bbox 3323 2764 3702 2820; x_wconf 83' lang='lat' dir='ltr'><strong>Wistrachiam</strong></span> <span class='ocrx_word' id='word_1_497' title='bbox 3754 2775 3808 2818; x_wconf 89' lang='lat' dir='ltr'><strong>et</strong></span> 
     </span>
    </p>
   </div>
   <div class='ocr_carea' id='block_1_76' title="bbox 2220 2855 3808 2926">
    <p class='ocr_par' dir='ltr' id='par_1_76' title="bbox 2220 2855 3808 2926">
     <span class='ocr_line' id='line_1_76' title="bbox 2220 2855 3808 2926; baseline -0.001 -17"><span class='ocrx_word' id='word_1_498' title='bbox 2220 2855 2591 2910; x_wconf 82' lang='lat' dir='ltr'><strong>Austrachiam</strong></span> <span class='ocrx_word' id='word_1_499' title='bbox 2639 2856 2685 2923; x_wconf 74' lang='grc' dir='ltr'><strong>ί,</strong></span> <span class='ocrx_word' id='word_1_500' title='bbox 2721 2858 2920 2911; x_wconf 80' lang='lat' dir='ltr'><strong>insulas</strong></span> <span class='ocrx_word' id='word_1_501' title='bbox 2958 2858 3259 2911; x_wconf 84' lang='lat' dir='ltr'><strong>Frisionum</strong></span> <span class='ocrx_word' id='word_1_502' title='bbox 3291 2859 3605 2926; x_wconf 83' lang='lat' dir='ltr'><strong>penetravit,</strong></span> <span class='ocrx_word' id='word_1_503' title='bbox 3639 2870 3808 2924; x_wconf 88' lang='lat' dir='ltr'><strong>super</strong></span> 
     </span>
    </p>
   </div>
   <div class='ocr_carea' id='block_1_77' title="bbox 2220 2946 3802 3017">
    <p class='ocr_par' dir='ltr' id='par_1_77' title="bbox 2220 2946 3802 3017">
     <span class='ocr_line' id='line_1_77' title="bbox 2220 2946 3802 3017; baseline -0.001 -16"><span class='ocrx_word' id='word_1_504' title='bbox 2220 2946 2483 3001; x_wconf 83' lang='lat' dir='ltr'><strong>Burdinei</strong></span> <span class='ocrx_word' id='word_1_505' title='bbox 2516 2948 2735 3002; x_wconf 83' lang='lat' dir='ltr'><strong>ﬂuvium</strong></span> <span class='ocrx_word' id='word_1_506' title='bbox 2770 2956 2939 3002; x_wconf 87' lang='lat' dir='ltr'><strong>castra</strong></span> <span class='ocrx_word' id='word_1_507' title='bbox 2975 2964 3205 3017; x_wconf 88' lang='lat' dir='ltr'><strong>ponens;</strong></span> <span class='ocrx_word' id='word_1_508' title='bbox 3236 2949 3498 3017; x_wconf 80' lang='lat' dir='ltr'><strong>Poponem</strong></span> <span class='ocrx_word' id='word_1_509' title='bbox 3520 2947 3802 3017; x_wconf 80' lang='lat' dir='ltr'><strong>gentilem,</strong></span> 
     </span>
    </p>
   </div>
   <div class='ocr_carea' id='block_1_78' title="bbox 2222 3038 3807 3105">
    <p class='ocr_par' dir='ltr' id='par_1_78' title="bbox 2222 3038 3807 3105">
     <span class='ocr_line' id='line_1_78' title="bbox 2222 3038 3807 3105; baseline -0.001 -12"><span class='ocrx_word' id='word_1_510' title='bbox 2222 3039 2413 3094; x_wconf 80' lang='lat' dir='ltr'><strong>(lucem</strong></span> <span class='ocrx_word' id='word_1_511' title='bbox 2444 3040 2653 3094; x_wconf 92' lang='lat' dir='ltr'><strong>illorum</strong></span> <span class='ocrx_word' id='word_1_512' title='bbox 2679 3080 2694 3105; x_wconf 91' lang='lat'><strong>,</strong></span> <span class='ocrx_word' id='word_1_513' title='bbox 2721 3040 3108 3095; x_wconf 81' lang='lat' dir='ltr'><strong>fraudulentum</strong></span> <span class='ocrx_word' id='word_1_514' title='bbox 3132 3040 3491 3095; x_wconf 90' lang='lat' dir='ltr'><strong>consiliarium</strong></span> <span class='ocrx_word' id='word_1_515' title='bbox 3518 3038 3807 3103; x_wconf 85' lang='lat' dir='ltr'><strong>interiecit,</strong></span> 
     </span>
    </p>
   </div>
   <div class='ocr_carea' id='block_1_79' title="bbox 2226 3130 3811 3200">
    <p class='ocr_par' dir='ltr' id='par_1_79' title="bbox 2226 3130 3811 3200">
     <span class='ocr_line' id='line_1_79' title="bbox 2226 3130 3811 3200; baseline 0 -15"><span class='ocrx_word' id='word_1_516' title='bbox 2226 3132 2520 3185; x_wconf 84' lang='lat' dir='ltr'><strong>exercitum</strong></span> <span class='ocrx_word' id='word_1_517' title='bbox 2556 3130 2849 3185; x_wconf 82' lang='lat' dir='ltr'><strong>Frisionum</strong></span> <span class='ocrx_word' id='word_1_518' title='bbox 2883 3136 3200 3200; x_wconf 86' lang='lat' dir='ltr'><strong>prostravit;</strong></span> <span class='ocrx_word' id='word_1_519' title='bbox 3238 3133 3352 3187; x_wconf 79' lang='lat' dir='ltr'><strong>fana</strong></span> <span class='ocrx_word' id='word_1_520' title='bbox 3377 3148 3559 3188; x_wconf 89' lang='lat' dir='ltr'><strong>eorum</strong></span> <span class='ocrx_word' id='word_1_521' title='bbox 3590 3132 3811 3186; x_wconf 87' lang='lat' dir='ltr'><strong>idolola-</strong></span> 
     </span>
    </p>
   </div>
   <div class='ocr_carea' id='block_1_80' title="bbox 2227 3222 3808 3293">
    <p class='ocr_par' dir='ltr' id='par_1_80' title="bbox 2227 3222 3808 3293">
     <span class='ocr_line' id='line_1_80' title="bbox 2227 3222 3808 3293; baseline -0.002 -18"><span class='ocrx_word' id='word_1_522' title='bbox 2227 3222 2341 3276; x_wconf 70' lang='lat' dir='ltr'><strong>ttite</strong></span> <span class='ocrx_word' id='word_1_523' title='bbox 2389 3223 2660 3287; x_wconf 89' lang='lat' dir='ltr'><strong>contrivit,</strong></span> <span class='ocrx_word' id='word_1_524' title='bbox 2694 3233 2849 3293; x_wconf 89' lang='lat' dir='ltr'><strong>atque</strong></span> <span class='ocrx_word' id='word_1_525' title='bbox 2880 3225 3173 3279; x_wconf 89' lang='lat' dir='ltr'><strong>combussit</strong></span> <span class='ocrx_word' id='word_1_526' title='bbox 3228 3224 3356 3293; x_wconf 83' lang='lat' dir='ltr'><strong>igni.</strong></span> <span class='ocrx_word' id='word_1_527' title='bbox 3410 3222 3543 3277; x_wconf 88' lang='lat' dir='ltr'><strong>Cum</strong></span> <span class='ocrx_word' id='word_1_528' title='bbox 3603 3222 3808 3289; x_wconf 78' lang='lat' dir='ltr'><strong>magnis</strong></span> 
     </span>
    </p>
   </div>
   <div class='ocr_carea' id='block_1_81' title="bbox 2225 3314 3809 3387">
    <p class='ocr_par' dir='ltr' id='par_1_81' title="bbox 2225 3314 3809 3387">
     <span class='ocr_line' id='line_1_81' title="bbox 2225 3314 3809 3387; baseline -0.003 -19"><span class='ocrx_word' id='word_1_529' title='bbox 2225 3316 2411 3386; x_wconf 84' lang='lat' dir='ltr'><strong>spoliis</strong></span> <span class='ocrx_word' id='word_1_530' title='bbox 2441 3326 2494 3371; x_wconf 90' lang='lat' dir='ltr'><strong>et</strong></span> <span class='ocrx_word' id='word_1_531' title='bbox 2515 3316 2708 3387; x_wconf 62' lang='lat' dir='ltr'><strong>praedis</strong></span> <span class='ocrx_word' id='word_1_532' title='bbox 2730 3318 2900 3372; x_wconf 89' lang='lat' dir='ltr'><strong>victor</strong></span> <span class='ocrx_word' id='word_1_533' title='bbox 2926 3331 3175 3371; x_wconf 84' lang='lat' dir='ltr'><strong>reversus</strong></span> <span class='ocrx_word' id='word_1_534' title='bbox 3202 3326 3281 3371; x_wconf 89' lang='lat' dir='ltr'><strong>est</strong></span> <span class='ocrx_word' id='word_1_535' title='bbox 3308 3319 3357 3369; x_wconf 91' lang='lat' dir='ltr'><strong>iu</strong></span> <span class='ocrx_word' id='word_1_536' title='bbox 3390 3330 3613 3386; x_wconf 89' lang='lat' dir='ltr'><strong>regnum</strong></span> <span class='ocrx_word' id='word_1_537' title='bbox 3645 3314 3809 3367; x_wconf 80' lang='lat' dir='ltr'><strong>Fran-</strong></span> 
     </span>
    </p>
   </div>
   <div class='ocr_carea' id='block_1_82' title="bbox 2227 3422 2432 3462">
    <p class='ocr_par' dir='ltr' id='par_1_82' title="bbox 2227 3422 2432 3462">
     <span class='ocr_line' id='line_1_82' title="bbox 2227 3422 2432 3462; baseline 0 0"><span class='ocrx_word' id='word_1_538' title='bbox 2227 3422 2432 3462; x_wconf 85' lang='lat' dir='ltr'><strong>corum.</strong></span> 
     </span>
    </p>
   </div>
   <div class='ocr_carea' id='block_1_83' title="bbox 2233 3561 3871 3631">
    <p class='ocr_par' dir='ltr' id='par_1_83' title="bbox 2233 3561 3871 3631">
     <span class='ocr_line' id='line_1_83' title="bbox 2233 3561 3871 3631; baseline -0.001 -15"><span class='ocrx_word' id='word_1_539' title='bbox 2233 3572 2495 3631; x_wconf 85' lang='lat' dir='ltr'><strong>tempore,</strong></span> <span class='ocrx_word' id='word_1_540' title='bbox 2529 3577 2590 3616; x_wconf 82' lang='lat' dir='ltr'><strong>ac</strong></span> <span class='ocrx_word' id='word_1_541' title='bbox 2618 3578 2854 3630; x_wconf 70' lang='lat' dir='ltr'><strong>prmsens</strong></span> <span class='ocrx_word' id='word_1_542' title='bbox 2877 3562 3225 3625; x_wconf 68' lang='lat' dir='ltr'><strong>Chronicum,</strong></span> <span class='ocrx_word' id='word_1_543' title='bbox 3253 3562 3514 3629; x_wconf 84' lang='lat' dir='ltr'><strong>scriptum</strong></span> <span class='ocrx_word' id='word_1_544' title='bbox 3557 3561 3734 3616; x_wconf 77' lang='lat' dir='ltr'><strong>fuerit.</strong></span> <span class='ocrx_word' id='word_1_545' title='bbox 3866 3614 3871 3615; x_wconf 63' lang='lat'><strong>,</strong></span> 
     </span>
    </p>
   </div>
   <div class='ocr_carea' id='block_1_84' title="bbox 2306 3632 3808 3699">
    <p class='ocr_par' dir='ltr' id='par_1_84' title="bbox 2306 3632 3808 3699">
     <span class='ocr_line' id='line_1_84' title="bbox 2306 3632 3808 3699; baseline 0.001 -15"><span class='ocrx_word' id='word_1_546' title='bbox 2306 3632 2324 3671; x_wconf 74' lang='grc' dir='ltr'><strong>ί</strong></span> <span class='ocrx_word' id='word_1_547' title='bbox 2373 3635 2501 3685; x_wconf 88' lang='lat' dir='ltr'><strong>Cttnt</strong></span> <span class='ocrx_word' id='word_1_548' title='bbox 2533 3635 2623 3687; x_wconf 90' lang='lat' dir='ltr'><strong>ille</strong></span> <span class='ocrx_word' id='word_1_549' title='bbox 2665 3643 2851 3687; x_wconf 90' lang='lat' dir='ltr'><strong>auctor</strong></span> <span class='ocrx_word' id='word_1_550' title='bbox 2890 3648 3086 3686; x_wconf 90' lang='lat' dir='ltr'><strong>annum</strong></span> <span class='ocrx_word' id='word_1_551' title='bbox 3111 3648 3138 3686; x_wconf 88' lang='lat' dir='ltr'><strong>a</strong></span> <span class='ocrx_word' id='word_1_552' title='bbox 3182 3632 3458 3699; x_wconf 81' lang='lat' dir='ltr'><strong>Paschate,</strong></span> <span class='ocrx_word' id='word_1_553' title='bbox 3498 3648 3597 3685; x_wconf 91' lang='lat' dir='ltr'><strong>nos</strong></span> <span class='ocrx_word' id='word_1_554' title='bbox 3625 3646 3753 3685; x_wconf 87' lang='lat' dir='ltr'><strong>vero</strong></span> <span class='ocrx_word' id='word_1_555' title='bbox 3782 3646 3808 3686; x_wconf 84' lang='lat' dir='ltr'><strong>a</strong></span> 
     </span>
    </p>
   </div>
   <div class='ocr_carea' id='block_1_85' title="bbox 2226 3700 3810 3768">
    <p class='ocr_par' dir='ltr' id='par_1_85' title="bbox 2226 3700 3810 3768">
     <span class='ocr_line' id='line_1_85' title="bbox 2226 3700 3810 3768; baseline -0.001 -12"><span class='ocrx_word' id='word_1_556' title='bbox 2226 3703 2476 3758; x_wconf 83' lang='lat' dir='ltr'><strong>Kalendis</strong></span> <span class='ocrx_word' id='word_1_557' title='bbox 2517 3705 2750 3757; x_wconf 86' lang='lat' dir='ltr'><strong>Januarii</strong></span> <span class='ocrx_word' id='word_1_558' title='bbox 2796 3703 3123 3768; x_wconf 88' lang='lat' dir='ltr'><strong>inchoetnus,</strong></span> <span class='ocrx_word' id='word_1_559' title='bbox 3155 3703 3240 3756; x_wconf 92' lang='lat' dir='ltr'><strong>hic</strong></span> <span class='ocrx_word' id='word_1_560' title='bbox 3269 3717 3441 3756; x_wconf 90' lang='lat' dir='ltr'><strong>anuus</strong></span> <span class='ocrx_word' id='word_1_561' title='bbox 3466 3700 3573 3755; x_wconf 82' lang='grc'><strong>556</strong></span> <span class='ocrx_word' id='word_1_562' title='bbox 3613 3702 3810 3755; x_wconf 88' lang='lat' dir='ltr'><strong>intelli-</strong></span> 
     </span>
    </p>
   </div>
   <div class='ocr_carea' id='block_1_86' title="bbox 2226 3775 3807 3843">
    <p class='ocr_par' dir='ltr' id='par_1_86' title="bbox 2226 3775 3807 3843">
     <span class='ocr_line' id='line_1_86' title="bbox 2226 3775 3807 3843; baseline 0 -18"><span class='ocrx_word' id='word_1_563' title='bbox 2226 3775 2431 3842; x_wconf 84' lang='lat' dir='ltr'><strong>gendus</strong></span> <span class='ocrx_word' id='word_1_564' title='bbox 2459 3786 2563 3827; x_wconf 84' lang='lat' dir='ltr'><strong>est.</strong></span> <span class='ocrx_word' id='word_1_565' title='bbox 2597 3776 2668 3827; x_wconf 68' lang='lat' dir='ltr'><strong>lix</strong></span> <span class='ocrx_word' id='word_1_566' title='bbox 2691 3775 2790 3828; x_wconf 90' lang='lat' dir='ltr'><strong>hoc</strong></span> <span class='ocrx_word' id='word_1_567' title='bbox 2815 3784 2993 3828; x_wconf 87' lang='lat' dir='ltr'><strong>autem</strong></span> <span class='ocrx_word' id='word_1_568' title='bbox 3040 3776 3157 3828; x_wconf 89' lang='lat' dir='ltr'><strong>loco</strong></span> <span class='ocrx_word' id='word_1_569' title='bbox 3198 3776 3539 3843; x_wconf 85' lang='lat' dir='ltr'><strong>intelligimus</strong></span> <span class='ocrx_word' id='word_1_570' title='bbox 3578 3788 3685 3841; x_wconf 90' lang='lat' dir='ltr'><strong>quo</strong></span> <span class='ocrx_word' id='word_1_571' title='bbox 3719 3788 3807 3837; x_wconf 83' lang='lat' dir='ltr'><strong>pa-</strong></span> 
     </span>
    </p>
   </div>
   <div class='ocr_carea' id='block_1_87' title="bbox 2226 3845 3810 3970">
    <p class='ocr_par' dir='ltr' id='par_1_87' title="bbox 2226 3845 3810 3970">
     <span class='ocr_line' id='line_1_87' title="bbox 2226 3845 3810 3970; baseline -0.003 -73"><span class='ocrx_word' id='word_1_572' title='bbox 2226 3855 2313 3970; x_wconf 48' lang='lat' dir='ltr'><strong>rato</strong></span> <span class='ocrx_word' id='word_1_573' title='bbox 2346 3845 2561 3900; x_wconf 83' lang='lat' dir='ltr'><strong>Victorii</strong></span> <span class='ocrx_word' id='word_1_574' title='bbox 2597 3846 2779 3915; x_wconf 87' lang='lat' dir='ltr'><strong>cyclus</strong></span> <span class='ocrx_word' id='word_1_575' title='bbox 2826 3861 2948 3900; x_wconf 89' lang='lat' dir='ltr'><strong>eum</strong></span> <span class='ocrx_word' id='word_1_576' title='bbox 2981 3860 3087 3899; x_wconf 65' lang='lat' dir='ltr'><strong>atra</strong></span> <span class='ocrx_word' id='word_1_577' title='bbox 3119 3846 3318 3914; x_wconf 80' lang='lat' dir='ltr'><strong>vulgari</strong></span> <span class='ocrx_word' id='word_1_578' title='bbox 3364 3846 3435 3899; x_wconf 89' lang='lat' dir='ltr'><strong>sit</strong></span> <span class='ocrx_word' id='word_1_579' title='bbox 3483 3858 3810 3912; x_wconf 87' lang='lat' dir='ltr'><strong>componen-</strong></span> 
     </span>
     <span class='ocr_line' id='line_1_88' title="bbox 2276 3932 2355 3970; baseline -0.013 0"><span class='ocrx_word' id='word_1_580' title='bbox 2276 3932 2355 3970; x_wconf 89' lang='lat' dir='ltr'><strong>us.</strong></span> 
     </span>
    </p>
   </div>
   <div class='ocr_carea' id='block_1_88' title="bbox 2276 3932 2355 3970">
    <p class='ocr_par' dir='ltr' id='par_1_88' title="bbox 2276 3932 2355 3970">
     <span class='ocr_line' id='line_1_89' title="bbox 2276 3932 2355 3970; baseline -0.013 0"><span class='ocrx_word' id='word_1_581' title='bbox 2276 3932 2355 3970; x_wconf 82' lang='lat' dir='ltr'><strong>US.</strong></span> 
     </span>
    </p>
   </div>
   <div class='ocr_carea' id='block_1_89' title="bbox 2306 3981 3808 4055">
    <p class='ocr_par' dir='ltr' id='par_1_89' title="bbox 2306 3981 3808 4055">
     <span class='ocr_line' id='line_1_90' title="bbox 2306 3981 3808 4055; baseline -0.003 -16"><span class='ocrx_word' id='word_1_582' title='bbox 2306 3996 2331 4032; x_wconf 69' lang='grc' dir='ltr'><em>ε</em></span> <span class='ocrx_word' id='word_1_583' title='bbox 2362 3986 2581 4052; x_wconf 85' lang='lat' dir='ltr'><strong>Boher.,</strong></span> <span class='ocrx_word' id='word_1_584' title='bbox 2632 3986 2910 4039; x_wconf 79' lang='lat' dir='ltr'><strong>miliarium</strong></span> <span class='ocrx_word' id='word_1_585' title='bbox 2956 3986 3268 4055; x_wconf 81' lang='lat' dir='ltr'><strong>impleatur,</strong></span> <span class='ocrx_word' id='word_1_586' title='bbox 3300 4001 3420 4040; x_wconf 88' lang='lat' dir='ltr'><strong>anm</strong></span> <span class='ocrx_word' id='word_1_587' title='bbox 3468 3999 3587 4039; x_wconf 76' lang='lat' dir='ltr'><strong>va.</strong></span> <span class='ocrx_word' id='word_1_588' title='bbox 3630 3981 3808 4055; x_wconf 83' lang='lat' dir='ltr'><strong>Colb.,</strong></span> 
     </span>
    </p>
   </div>
   <div class='ocr_carea' id='block_1_90' title="bbox 2229 4054 3811 4126">
    <p class='ocr_par' dir='ltr' id='par_1_90' title="bbox 2229 4054 3811 4126">
     <span class='ocr_line' id='line_1_91' title="bbox 2229 4054 3811 4126; baseline -0.002 -17"><span class='ocrx_word' id='word_1_589' title='bbox 2229 4072 2415 4122; x_wconf 74' lang='grc' dir='ltr'><strong>ωειίιι,</strong></span> <span class='ocrx_word' id='word_1_590' title='bbox 2445 4058 2497 4110; x_wconf 91' lang='lat' dir='ltr'><strong>id</strong></span> <span class='ocrx_word' id='word_1_591' title='bbox 2532 4068 2631 4122; x_wconf 90' lang='lat' dir='ltr'><strong>est,</strong></span> <span class='ocrx_word' id='word_1_592' title='bbox 2688 4072 2836 4111; x_wconf 80' lang='lat' dir='ltr'><strong>xcnt.</strong></span> <span class='ocrx_word' id='word_1_593' title='bbox 2877 4054 3102 4123; x_wconf 86' lang='lat' dir='ltr'><strong>Chesn.,</strong></span> <span class='ocrx_word' id='word_1_594' title='bbox 3152 4072 3344 4126; x_wconf 86' lang='lat' dir='ltr'><strong>marg.,</strong></span> <span class='ocrx_word' id='word_1_595' title='bbox 3376 4059 3447 4109; x_wconf 87' lang='lat' dir='ltr'><strong>al.</strong></span> <span class='ocrx_word' id='word_1_596' title='bbox 3502 4070 3649 4108; x_wconf 72' lang='lat' dir='ltr'><strong>cxttt.</strong></span> <span class='ocrx_word' id='word_1_597' title='bbox 3683 4054 3811 4120; x_wconf 79' lang='lat' dir='ltr'><strong>Qua:</strong></span> 
     </span>
    </p>
   </div>
   <div class='ocr_carea' id='block_1_91' title="bbox 2228 4126 3805 4194">
    <p class='ocr_par' dir='ltr' id='par_1_91' title="bbox 2228 4126 3805 4194">
     <span class='ocr_line' id='line_1_92' title="bbox 2228 4126 3805 4194; baseline -0.003 -15"><span class='ocrx_word' id='word_1_598' title='bbox 2228 4130 2405 4180; x_wconf 89' lang='lat' dir='ltr'><strong>omnia</strong></span> <span class='ocrx_word' id='word_1_599' title='bbox 2434 4128 2534 4182; x_wconf 91' lang='lat' dir='ltr'><strong>etsi</strong></span> <span class='ocrx_word' id='word_1_600' title='bbox 2561 4129 2660 4181; x_wconf 90' lang='lat' dir='ltr'><strong>sibi</strong></span> <span class='ocrx_word' id='word_1_601' title='bbox 2688 4126 2912 4181; x_wconf 84' lang='lat' dir='ltr'><strong>invicem</strong></span> <span class='ocrx_word' id='word_1_602' title='bbox 2944 4142 3047 4181; x_wconf 92' lang='lat' dir='ltr'><strong>non</strong></span> <span class='ocrx_word' id='word_1_603' title='bbox 3089 4129 3415 4191; x_wconf 70' lang='lat' dir='ltr'><strong>cohaereant,</strong></span> <span class='ocrx_word' id='word_1_604' title='bbox 3458 4138 3805 4194; x_wconf 63' lang='lat' dir='ltr'><strong>repraesenta-</strong></span> 
     </span>
    </p>
   </div>
   <div class='ocr_carea' id='block_1_92' title="bbox 2228 4197 3276 4253">
    <p class='ocr_par' dir='ltr' id='par_1_92' title="bbox 2228 4197 3276 4253">
     <span class='ocr_line' id='line_1_93' title="bbox 2228 4197 3276 4253; baseline -0.002 -2"><span class='ocrx_word' id='word_1_605' title='bbox 2228 4200 2401 4251; x_wconf 88' lang='lat' dir='ltr'><strong>vimus</strong></span> <span class='ocrx_word' id='word_1_606' title='bbox 2432 4209 2609 4253; x_wconf 88' lang='lat' dir='ltr'><strong>tatnen</strong></span> <span class='ocrx_word' id='word_1_607' title='bbox 2637 4208 2695 4251; x_wconf 90' lang='lat' dir='ltr'><strong>ut</strong></span> <span class='ocrx_word' id='word_1_608' title='bbox 2724 4200 2775 4251; x_wconf 92' lang='lat' dir='ltr'><strong>in</strong></span> <span class='ocrx_word' id='word_1_609' title='bbox 2804 4197 2961 4250; x_wconf 88' lang='lat' dir='ltr'><strong>codd.</strong></span> <span class='ocrx_word' id='word_1_610' title='bbox 2998 4198 3276 4252; x_wconf 87' lang='lat' dir='ltr'><strong>habentur.</strong></span> 
     </span>
    </p>
   </div>
   <div class='ocr_carea' id='block_1_93' title="bbox 2298 4265 3803 4333">
    <p class='ocr_par' dir='ltr' id='par_1_93' title="bbox 2298 4265 3803 4333">
     <span class='ocr_line' id='line_1_94' title="bbox 2298 4265 3803 4333; baseline -0.002 -14"><span class='ocrx_word' id='word_1_611' title='bbox 2298 4266 2324 4305; x_wconf 72' lang='grc' dir='ltr'><strong>ιι</strong></span> <span class='ocrx_word' id='word_1_612' title='bbox 2368 4268 2644 4323; x_wconf 72' lang='lat' dir='ltr'><strong>ltebellare</strong></span> <span class='ocrx_word' id='word_1_613' title='bbox 2681 4267 2928 4323; x_wconf 89' lang='lat' dir='ltr'><strong>dicuntur</strong></span> <span class='ocrx_word' id='word_1_614' title='bbox 2957 4282 3063 4321; x_wconf 91' lang='lat' dir='ltr'><strong>non</strong></span> <span class='ocrx_word' id='word_1_615' title='bbox 3089 4270 3259 4321; x_wconf 90' lang='lat' dir='ltr'><strong>solum</strong></span> <span class='ocrx_word' id='word_1_616' title='bbox 3292 4265 3486 4321; x_wconf 90' lang='lat' dir='ltr'><strong>subditi</strong></span> <span class='ocrx_word' id='word_1_617' title='bbox 3532 4266 3620 4333; x_wconf 88' lang='lat' dir='ltr'><strong>qui</strong></span> <span class='ocrx_word' id='word_1_618' title='bbox 3656 4266 3803 4331; x_wconf 53' lang='lat' dir='ltr'><strong>prin:</strong></span> 
     </span>
    </p>
   </div>
   <div class='ocr_carea' id='block_1_94' title="bbox 2224 4336 3805 4408">
    <p class='ocr_par' dir='ltr' id='par_1_94' title="bbox 2224 4336 3805 4408">
     <span class='ocr_line' id='line_1_95' title="bbox 2224 4336 3805 4408; baseline -0.004 -16"><span class='ocrx_word' id='word_1_619' title='bbox 2224 4339 2359 4407; x_wconf 90' lang='lat' dir='ltr'><strong>cipis</strong></span> <span class='ocrx_word' id='word_1_620' title='bbox 2390 4344 2466 4392; x_wconf 89' lang='lat' dir='ltr'><strong>sui</strong></span> <span class='ocrx_word' id='word_1_621' title='bbox 2492 4338 2678 4408; x_wconf 78' lang='lat' dir='ltr'><strong>jugum</strong></span> <span class='ocrx_word' id='word_1_622' title='bbox 2717 4338 2992 4393; x_wconf 82' lang='lat' dir='ltr'><strong>excutiunt</strong></span> <span class='ocrx_word' id='word_1_623' title='bbox 3018 4378 3034 4403; x_wconf 92' lang='lat'><strong>,</strong></span> <span class='ocrx_word' id='word_1_624' title='bbox 3068 4341 3159 4393; x_wconf 90' lang='lat' dir='ltr'><strong>sed</strong></span> <span class='ocrx_word' id='word_1_625' title='bbox 3191 4348 3245 4393; x_wconf 91' lang='lat' dir='ltr'><strong>et</strong></span> <span class='ocrx_word' id='word_1_626' title='bbox 3270 4338 3303 4392; x_wconf 93' lang='lat' dir='ltr'><strong>ii</strong></span> <span class='ocrx_word' id='word_1_627' title='bbox 3332 4338 3418 4405; x_wconf 89' lang='lat' dir='ltr'><strong>qui</strong></span> <span class='ocrx_word' id='word_1_628' title='bbox 3453 4346 3568 4406; x_wconf 90' lang='lat' dir='ltr'><strong>post</strong></span> <span class='ocrx_word' id='word_1_629' title='bbox 3599 4336 3805 4408; x_wconf 84' lang='lat' dir='ltr'><strong>cladem</strong></span> 
     </span>
    </p>
   </div>
   <div class='ocr_carea' id='block_1_95' title="bbox 611 4391 3809 4479">
    <p class='ocr_par' dir='ltr' id='par_1_95' title="bbox 611 4391 3809 4479">
     <span class='ocr_line' id='line_1_96' title="bbox 611 4391 3809 4479; baseline -0.002 -16"><span class='ocrx_word' id='word_1_630' title='bbox 611 4391 633 4447; x_wconf 61' lang='grc' dir='ltr'>ἒ</span> <span class='ocrx_word' id='word_1_631' title='bbox 658 4391 747 4464; x_wconf 86' lang='lat' dir='ltr'><strong>Sic</strong></span> <span class='ocrx_word' id='word_1_632' title='bbox 775 4391 1112 4479; x_wconf 60' lang='lat' dir='ltr'><strong>Coleidit‘t,</strong></span> <span class='ocrx_word' id='word_1_633' title='bbox 1146 4407 1402 4471; x_wconf 77' lang='lat' dir='ltr'><strong>Blaeium,</strong></span> <span class='ocrx_word' id='word_1_634' title='bbox 1424 4416 1649 4476; x_wconf 88' lang='lat' dir='ltr'><strong>utroque</strong></span> <span class='ocrx_word' id='word_1_635' title='bbox 1670 4406 1831 4460; x_wconf 86' lang='lat' dir='ltr'><strong>modo</strong></span> <span class='ocrx_word' id='word_1_636' title='bbox 1858 4408 2114 4479; x_wconf 81' lang='lat' dir='ltr'><strong>scriptum</strong></span> <span class='ocrx_word' id='word_1_637' title='bbox 2147 4391 2197 4450; x_wconf 83' lang='grc' dir='ltr'><strong>Ῑ)</strong></span> <span class='ocrx_word' id='word_1_638' title='bbox 2226 4391 2511 4476; x_wconf 46' lang='lat' dir='ltr'><strong>acceptam.</strong></span> <span class='ocrx_word' id='word_1_639' title='bbox 2553 4391 2739 4465; x_wconf 54' lang='lat' dir='ltr'><strong>Foedus</strong></span> <span class='ocrx_word' id='word_1_640' title='bbox 2754 4391 2958 4463; x_wconf 76' lang='lat' dir='ltr'><strong>initum</strong></span> <span class='ocrx_word' id='word_1_641' title='bbox 3010 4391 3301 4479; x_wconf 45' lang='lat' dir='ltr'><strong>frangunt,</strong></span> <span class='ocrx_word' id='word_1_642' title='bbox 3329 4391 3388 4462; x_wconf 68' lang='lat' dir='ltr'><strong>tit</strong></span> <span class='ocrx_word' id='word_1_643' title='bbox 3426 4391 3809 4479; x_wconf 60' lang='lat' dir='ltr'><strong>compluribus</strong></span> 
     </span>
    </p>
   </div>
   <div class='ocr_carea' id='block_1_96' title="bbox 536 4478 2113 4549">
    <p class='ocr_par' dir='ltr' id='par_1_96' title="bbox 536 4478 2113 4549">
     <span class='ocr_line' id='line_1_97' title="bbox 536 4478 2113 4549; baseline -0.001 -17"><span class='ocrx_word' id='word_1_644' title='bbox 536 4481 674 4549; x_wconf 84' lang='lat' dir='ltr'><strong>apud</strong></span> <span class='ocrx_word' id='word_1_645' title='bbox 698 4486 908 4531; x_wconf 81' lang='lat' dir='ltr'><strong>veteres</strong></span> <span class='ocrx_word' id='word_1_646' title='bbox 938 4478 1245 4549; x_wconf 73' lang='lat' dir='ltr'><strong>invenitur._</strong></span> <span class='ocrx_word' id='word_1_647' title='bbox 1270 4481 1516 4530; x_wconf 84' lang='lat' dir='ltr'><strong>Castrum</strong></span> <span class='ocrx_word' id='word_1_648' title='bbox 1575 4490 1676 4540; x_wconf 67' lang='grc' dir='ltr'><strong>εει,</strong></span> <span class='ocrx_word' id='word_1_649' title='bbox 1730 4480 1886 4549; x_wconf 89' lang='lat' dir='ltr'><strong>vulgo</strong></span> <span class='ocrx_word' id='word_1_650' title='bbox 1932 4478 2113 4548; x_wconf 82' lang='lat' dir='ltr'><strong>Blaye,</strong></span> 
     </span>
    </p>
   </div>
   <div class='ocr_carea' id='block_1_97' title="bbox 536 4546 2115 4618">
    <p class='ocr_par' dir='ltr' id='par_1_97' title="bbox 536 4546 2115 4618">
     <span class='ocr_line' id='line_1_98' title="bbox 536 4546 2115 4618; baseline 0.001 -15"><span class='ocrx_word' id='word_1_651' title='bbox 536 4546 702 4603; x_wconf 82' lang='lat' dir='ltr'><strong>monti</strong></span> <span class='ocrx_word' id='word_1_652' title='bbox 748 4550 1051 4618; x_wconf 89' lang='lat' dir='ltr'><strong>impositum</strong></span> <span class='ocrx_word' id='word_1_653' title='bbox 1100 4548 1163 4599; x_wconf 90' lang='lat' dir='ltr'><strong>ad</strong></span> <span class='ocrx_word' id='word_1_654' title='bbox 1210 4546 1557 4610; x_wconf 86' lang='lat' dir='ltr'><strong>Garumnam,</strong></span> <span class='ocrx_word' id='word_1_655' title='bbox 1606 4549 1763 4618; x_wconf 86' lang='lat' dir='ltr'><strong>paulo</strong></span> <span class='ocrx_word' id='word_1_656' title='bbox 1810 4548 1942 4601; x_wconf 83' lang='lat' dir='ltr'><strong>infra</strong></span> <span class='ocrx_word' id='word_1_657' title='bbox 1988 4546 2115 4604; x_wconf 79' lang='lat' dir='ltr'><strong>cun-</strong></span> 
     </span>
    </p>
   </div>
   <div class='ocr_carea' id='block_1_98' title="bbox 536 4617 1252 4687">
    <p class='ocr_par' dir='ltr' id='par_1_98' title="bbox 536 4617 1252 4687">
     <span class='ocr_line' id='line_1_99' title="bbox 536 4617 1252 4687; baseline -0.004 -12"><span class='ocrx_word' id='word_1_658' title='bbox 536 4622 759 4675; x_wconf 85' lang='lat' dir='ltr'><strong>ﬂuentes</strong></span> <span class='ocrx_word' id='word_1_659' title='bbox 790 4620 904 4687; x_wconf 84' lang='lat' dir='ltr'><strong>ejus</strong></span> <span class='ocrx_word' id='word_1_660' title='bbox 933 4627 985 4671; x_wconf 90' lang='lat' dir='ltr'><strong>et</strong></span> <span class='ocrx_word' id='word_1_661' title='bbox 1017 4617 1252 4672; x_wconf 84' lang='lat' dir='ltr'><strong>Duranii.</strong></span> 
     </span>
    </p>
   </div>
   <div class='ocr_carea' id='block_1_99' title="bbox 607 4687 2112 4756">
    <p class='ocr_par' dir='ltr' id='par_1_99' title="bbox 607 4687 2112 4756">
     <span class='ocr_line' id='line_1_100' title="bbox 607 4687 2112 4756; baseline 0.001 -12"><span class='ocrx_word' id='word_1_662' title='bbox 607 4692 633 4729; x_wconf 75' lang='grc' dir='ltr'>ά</span> <span class='ocrx_word' id='word_1_663' title='bbox 670 4692 826 4756; x_wconf 82' lang='lat' dir='ltr'><strong>Boh.,</strong></span> <span class='ocrx_word' id='word_1_664' title='bbox 876 4703 1245 4743; x_wconf 72' lang='lat' dir='ltr'><strong>ccccuxvntt.</strong></span> <span class='ocrx_word' id='word_1_665' title='bbox 1295 4687 1479 4753; x_wconf 82' lang='lat' dir='ltr'><strong>Freh.,</strong></span> <span class='ocrx_word' id='word_1_666' title='bbox 1510 4689 1709 4742; x_wconf 86' lang='lat' dir='ltr'><strong>omisso</strong></span> <span class='ocrx_word' id='word_1_667' title='bbox 1740 4688 1839 4742; x_wconf 91' lang='lat' dir='ltr'><strong>hoc</strong></span> <span class='ocrx_word' id='word_1_668' title='bbox 1869 4691 2112 4755; x_wconf 88' lang='lat' dir='ltr'><strong>articulo,</strong></span> 
     </span>
    </p>
   </div>
   <div class='ocr_carea' id='block_1_100' title="bbox 536 4759 1686 4829">
    <p class='ocr_par' dir='ltr' id='par_1_100' title="bbox 536 4759 1686 4829">
     <span class='ocr_line' id='line_1_101' title="bbox 536 4759 1686 4829; baseline -0.005 -12"><span class='ocrx_word' id='word_1_669' title='bbox 536 4764 718 4827; x_wconf 85' lang='lat' dir='ltr'><strong>habet,</strong></span> <span class='ocrx_word' id='word_1_670' title='bbox 742 4781 771 4815; x_wconf 85' lang='grc' dir='ltr'>α</span> <span class='ocrx_word' id='word_1_671' title='bbox 808 4762 984 4829; x_wconf 75' lang='lat' dir='ltr'><strong>Moyse</strong></span> <span class='ocrx_word' id='word_1_672' title='bbox 1004 4759 1071 4809; x_wconf 89' lang='lat' dir='ltr'><strong>ad</strong></span> <span class='ocrx_word' id='word_1_673' title='bbox 1095 4760 1559 4825; x_wconf 74' lang='lat' dir='ltr'><strong>rewttiﬁcationem,</strong></span> <span class='ocrx_word' id='word_1_674' title='bbox 1584 4771 1686 4813; x_wconf 89' lang='lat' dir='ltr'><strong>etc.</strong></span> 
     </span>
    </p>
   </div>
   <div class='ocr_carea' id='block_1_101' title="bbox 608 4830 2110 4893">
    <p class='ocr_par' dir='ltr' id='par_1_101' title="bbox 608 4830 2110 4893">
     <span class='ocr_line' id='line_1_102' title="bbox 608 4830 2110 4893; baseline -0.001 -6"><span class='ocrx_word' id='word_1_675' title='bbox 608 4846 630 4872; x_wconf 76' lang='grc' dir='ltr'><strong>θ</strong></span> <span class='ocrx_word' id='word_1_676' title='bbox 671 4835 801 4887; x_wconf 84' lang='lat' dir='ltr'><strong>Boh.</strong></span> <span class='ocrx_word' id='word_1_677' title='bbox 854 4842 906 4884; x_wconf 91' lang='lat' dir='ltr'><strong>et</strong></span> <span class='ocrx_word' id='word_1_678' title='bbox 936 4831 1112 4893; x_wconf 86' lang='lat' dir='ltr'><strong>Colb.,</strong></span> <span class='ocrx_word' id='word_1_679' title='bbox 1148 4844 1597 4884; x_wconf 74' lang='lat' dir='ltr'><strong>unuunccxxvut.</strong></span> <span class='ocrx_word' id='word_1_680' title='bbox 1622 4833 1779 4884; x_wconf 84' lang='lat' dir='ltr'><strong>Certe</strong></span> <span class='ocrx_word' id='word_1_681' title='bbox 1812 4830 1951 4884; x_wconf 91' lang='lat' dir='ltr'><strong>hunc</strong></span> <span class='ocrx_word' id='word_1_682' title='bbox 1998 4832 2110 4885; x_wconf 81' lang='lat' dir='ltr'><strong>fere</strong></span> 
     </span>
    </p>
   </div>
   <div class='ocr_carea' id='block_1_102' title="bbox 537 4901 2110 4968">
    <p class='ocr_par' dir='ltr' id='par_1_102' title="bbox 537 4901 2110 4968">
     <span class='ocr_line' id='line_1_103' title="bbox 537 4901 2110 4968; baseline -0.001 -10"><span class='ocrx_word' id='word_1_683' title='bbox 537 4920 837 4965; x_wconf 85' lang='lat' dir='ltr'><strong>numerum,</strong></span> <span class='ocrx_word' id='word_1_684' title='bbox 893 4902 1094 4954; x_wconf 71' lang='lat' dir='ltr'><strong>scnlicet</strong></span> <span class='ocrx_word' id='word_1_685' title='bbox 1125 4918 1229 4954; x_wconf 89' lang='lat' dir='ltr'><strong>uno</strong></span> <span class='ocrx_word' id='word_1_686' title='bbox 1289 4901 1565 4968; x_wconf 83' lang='lat' dir='ltr'><strong>majorem,</strong></span> <span class='ocrx_word' id='word_1_687' title='bbox 1620 4902 1779 4955; x_wconf 88' lang='lat' dir='ltr'><strong>habet</strong></span> <span class='ocrx_word' id='word_1_688' title='bbox 1810 4911 1961 4954; x_wconf 83' lang='lat' dir='ltr'><strong>vetus</strong></span> <span class='ocrx_word' id='word_1_689' title='bbox 1990 4904 2110 4956; x_wconf 90' lang='lat' dir='ltr'><strong>cod.</strong></span> 
     </span>
    </p>
   </div>
   <div class='ocr_carea' id='block_1_103' title="bbox 536 4970 2117 5043">
    <p class='ocr_par' dir='ltr' id='par_1_103' title="bbox 536 4970 2117 5043">
     <span class='ocr_line' id='line_1_104' title="bbox 536 4970 2117 5043; baseline -0.004 -14"><span class='ocrx_word' id='word_1_690' title='bbox 536 4973 960 5043; x_wconf 82' lang='lat' dir='ltr'><strong>Weiugartensis</strong></span> <span class='ocrx_word' id='word_1_691' title='bbox 994 4973 1322 5035; x_wconf 87' lang='lat' dir='ltr'><strong>monasterii,</strong></span> <span class='ocrx_word' id='word_1_692' title='bbox 1362 4987 1421 5043; x_wconf 74' lang='lat' dir='ltr'><strong>in</strong></span> <span class='ocrx_word' id='word_1_693' title='bbox 1450 4986 1552 5037; x_wconf 92' lang='lat' dir='ltr'><strong>quo</strong></span> <span class='ocrx_word' id='word_1_694' title='bbox 1599 4970 1840 5024; x_wconf 68' lang='lat' dir='ltr'><strong>formulae</strong></span> <span class='ocrx_word' id='word_1_695' title='bbox 1871 4972 2117 5043; x_wconf 67' lang='lat' dir='ltr'><strong>Andega-</strong></span> 
     </span>
    </p>
   </div>
   <div class='ocr_carea' id='block_1_104' title="bbox 539 5042 2112 5108">
    <p class='ocr_par' dir='ltr' id='par_1_104' title="bbox 539 5042 2112 5108">
     <span class='ocr_line' id='line_1_105' title="bbox 539 5042 2112 5108; baseline -0.001 -11"><span class='ocrx_word' id='word_1_696' title='bbox 539 5042 729 5100; x_wconf 82' lang='lat' dir='ltr'><strong>vcttses</strong></span> <span class='ocrx_word' id='word_1_697' title='bbox 761 5056 905 5098; x_wconf 85' lang='lat' dir='ltr'><strong>tumo</strong></span> <span class='ocrx_word' id='word_1_698' title='bbox 950 5043 1009 5095; x_wconf 78' lang='lat' dir='ltr'><strong>IV</strong></span> <span class='ocrx_word' id='word_1_699' title='bbox 1054 5044 1292 5097; x_wconf 84' lang='lat' dir='ltr'><strong>Analect.</strong></span> <span class='ocrx_word' id='word_1_700' title='bbox 1333 5042 1599 5095; x_wconf 81' lang='lat' dir='ltr'><strong>Mabillon.</strong></span> <span class='ocrx_word' id='word_1_701' title='bbox 1635 5042 1790 5095; x_wconf 75' lang='lat' dir='ltr'><strong>edita:</strong></span> <span class='ocrx_word' id='word_1_702' title='bbox 1830 5042 2112 5108; x_wconf 83' lang='lat' dir='ltr'><strong>habentur,</strong></span> 
     </span>
    </p>
   </div>
   <div class='ocr_carea' id='block_1_105' title="bbox 536 5113 2116 5187">
    <p class='ocr_par' dir='ltr' id='par_1_105' title="bbox 536 5113 2116 5187">
     <span class='ocr_line' id='line_1_106' title="bbox 536 5113 2116 5187; baseline -0.001 -19"><span class='ocrx_word' id='word_1_703' title='bbox 536 5121 599 5169; x_wconf 84' lang='lat' dir='ltr'><strong>ad</strong></span> <span class='ocrx_word' id='word_1_704' title='bbox 631 5132 849 5187; x_wconf 79' lang='lat' dir='ltr'><strong>quarum</strong></span> <span class='ocrx_word' id='word_1_705' title='bbox 878 5115 1078 5168; x_wconf 86' lang='lat' dir='ltr'><strong>calcem</strong></span> <span class='ocrx_word' id='word_1_706' title='bbox 1106 5116 1218 5168; x_wconf 65' lang='lat' dir='ltr'><strong>hate</strong></span> <span class='ocrx_word' id='word_1_707' title='bbox 1252 5113 1470 5187; x_wconf 56' lang='lat' dir='ltr'><strong>addidit</strong></span> <span class='ocrx_word' id='word_1_708' title='bbox 1496 5114 1836 5187; x_wconf 42' lang='lat' dir='ltr'><strong>scriptortA</strong></span> <span class='ocrx_word' id='word_1_709' title='bbox 1868 5115 2116 5181; x_wconf 68' lang='lat' dir='ltr'><strong>principio</strong></span> 
     </span>
    </p>
   </div>
   <div class='ocr_carea' id='block_1_106' title="bbox 536 5182 2115 5253">
    <p class='ocr_par' dir='ltr' id='par_1_106' title="bbox 536 5182 2115 5253">
     <span class='ocr_line' id='line_1_107' title="bbox 536 5182 2115 5253; baseline 0 -16"><span class='ocrx_word' id='word_1_710' title='bbox 536 5182 713 5240; x_wconf 71' lang='lat' dir='ltr'><strong>mundi</strong></span> <span class='ocrx_word' id='word_1_711' title='bbox 744 5202 895 5253; x_wconf 84' lang='lat' dir='ltr'><strong>usque</strong></span> <span class='ocrx_word' id='word_1_712' title='bbox 920 5187 987 5238; x_wconf 86' lang='lat' dir='ltr'><strong>ad</strong></span> <span class='ocrx_word' id='word_1_713' title='bbox 1027 5186 1312 5253; x_wconf 77' lang='lat' dir='ltr'><strong>passionem</strong></span> <span class='ocrx_word' id='word_1_714' title='bbox 1353 5182 1539 5237; x_wconf 80' lang='lat' dir='ltr'><strong>Citriin</strong></span> <span class='ocrx_word' id='word_1_715' title='bbox 1572 5199 1623 5235; x_wconf 88' lang='lat' dir='ltr'><strong>v.</strong></span> <span class='ocrx_word' id='word_1_716' title='bbox 1678 5185 1819 5235; x_wconf 84' lang='lat' dir='ltr'><strong>milia</strong></span> <span class='ocrx_word' id='word_1_717' title='bbox 1847 5200 2115 5238; x_wconf 69' lang='lat' dir='ltr'><strong>ccxxvtttt.</strong></span> 
     </span>
    </p>
   </div>
   <div class='ocr_carea' id='block_1_107' title="bbox 537 5253 2113 5325">
    <p class='ocr_par' dir='ltr' id='par_1_107' title="bbox 537 5253 2113 5325">
     <span class='ocr_line' id='line_1_108' title="bbox 537 5253 2113 5325; baseline 0.001 -18"><span class='ocrx_word' id='word_1_718' title='bbox 537 5261 657 5309; x_wconf 84' lang='lat' dir='ltr'><strong>anni</strong></span> <span class='ocrx_word' id='word_1_719' title='bbox 730 5258 955 5324; x_wconf 67' lang='lat' dir='ltr'><strong>fuerunt.</strong></span> <span class='ocrx_word' id='word_1_720' title='bbox 1023 5257 1217 5308; x_wconf 75' lang='lat' dir='ltr'><strong>Altinae</strong></span> <span class='ocrx_word' id='word_1_721' title='bbox 1260 5257 1477 5325; x_wconf 79' lang='lat' dir='ltr'><strong>peractis</strong></span> <span class='ocrx_word' id='word_1_722' title='bbox 1546 5270 1755 5321; x_wconf 75' lang='lat' dir='ltr'><strong>regnum</strong></span> <span class='ocrx_word' id='word_1_723' title='bbox 1808 5253 2113 5316; x_wconf 82' lang='lat' dir='ltr'><strong>Chlodoveo.</strong></span> 
     </span>
    </p>
   </div>
   <div class='ocr_carea' id='block_1_108' title="bbox 538 5325 2116 5396">
    <p class='ocr_par' dir='ltr' id='par_1_108' title="bbox 538 5325 2116 5396">
     <span class='ocr_line' id='line_1_109' title="bbox 538 5325 2116 5396; baseline 0 -18"><span class='ocrx_word' id='word_1_724' title='bbox 538 5327 854 5389; x_wconf 80' lang='lat' dir='ltr'><strong>Citlotltario,</strong></span> <span class='ocrx_word' id='word_1_725' title='bbox 887 5325 1229 5396; x_wconf 77' lang='lat' dir='ltr'><strong>Theodorigo,</strong></span> <span class='ocrx_word' id='word_1_726' title='bbox 1255 5335 1299 5378; x_wconf 86' lang='lat' dir='ltr'><strong>et</strong></span> <span class='ocrx_word' id='word_1_727' title='bbox 1334 5325 1639 5387; x_wconf 82' lang='lat' dir='ltr'><strong>Cltt&#39;ltlerico,</strong></span> <span class='ocrx_word' id='word_1_728' title='bbox 1664 5340 1694 5376; x_wconf 87' lang='lat' dir='ltr'><strong>a</strong></span> <span class='ocrx_word' id='word_1_729' title='bbox 1745 5326 1919 5396; x_wconf 73' lang='lat' dir='ltr'><strong>mundi</strong></span> <span class='ocrx_word' id='word_1_730' title='bbox 1968 5325 2116 5378; x_wconf 82' lang='lat' dir='ltr'><strong>initio</strong></span> 
     </span>
    </p>
   </div>
   <div class='ocr_carea' id='block_1_109' title="bbox 538 5394 2119 5460">
    <p class='ocr_par' dir='ltr' id='par_1_109' title="bbox 538 5394 2119 5460">
     <span class='ocr_line' id='line_1_110' title="bbox 538 5394 2119 5460; baseline 0.001 -13"><span class='ocrx_word' id='word_1_731' title='bbox 538 5398 658 5448; x_wconf 81' lang='lat' dir='ltr'><strong>uani</strong></span> <span class='ocrx_word' id='word_1_732' title='bbox 683 5407 797 5448; x_wconf 82' lang='lat' dir='ltr'><strong>sunt</strong></span> <span class='ocrx_word' id='word_1_733' title='bbox 830 5411 878 5460; x_wconf 88' lang='lat' dir='ltr'><strong>v.</strong></span> <span class='ocrx_word' id='word_1_734' title='bbox 914 5396 1059 5449; x_wconf 83' lang='lat' dir='ltr'><strong>milia</strong></span> <span class='ocrx_word' id='word_1_735' title='bbox 1091 5394 1364 5450; x_wconf 64' lang='lat' dir='ltr'><strong>peccauit</strong></span> <span class='ocrx_word' id='word_1_736' title='bbox 1399 5396 1448 5447; x_wconf 82' lang='lat' dir='ltr'><strong>in</strong></span> <span class='ocrx_word' id='word_1_737' title='bbox 1490 5412 1627 5447; x_wconf 81' lang='lat' dir='ltr'><strong>anno</strong></span> <span class='ocrx_word' id='word_1_738' title='bbox 1659 5409 1738 5447; x_wconf 89' lang='lat' dir='ltr'><strong>Ill.</strong></span> <span class='ocrx_word' id='word_1_739' title='bbox 1797 5394 2119 5448; x_wconf 76' lang='lat' dir='ltr'><strong>’I&#39;lteudorico</strong></span> 
     </span>
    </p>
   </div>
   <div class='ocr_carea' id='block_1_110' title="bbox 539 5464 2121 5537">
    <p class='ocr_par' dir='ltr' id='par_1_110' title="bbox 539 5464 2121 5537">
     <span class='ocr_line' id='line_1_111' title="bbox 539 5464 2121 5537; baseline 0.001 -19"><span class='ocrx_word' id='word_1_740' title='bbox 539 5466 693 5535; x_wconf 78' lang='lat' dir='ltr'><strong>regis.</strong></span> <span class='ocrx_word' id='word_1_741' title='bbox 731 5466 839 5520; x_wconf 91' lang='lat' dir='ltr'><strong>lloc</strong></span> <span class='ocrx_word' id='word_1_742' title='bbox 869 5476 1043 5520; x_wconf 82' lang='lat' dir='ltr'><strong>autem</strong></span> <span class='ocrx_word' id='word_1_743' title='bbox 1097 5469 1359 5537; x_wconf 88' lang='lat' dir='ltr'><strong>integrum</strong></span> <span class='ocrx_word' id='word_1_744' title='bbox 1411 5464 1726 5521; x_wconf 80' lang='lat' dir='ltr'><strong>exhibemus</strong></span> <span class='ocrx_word' id='word_1_745' title='bbox 1763 5465 1903 5532; x_wconf 87' lang='lat' dir='ltr'><strong>quod</strong></span> <span class='ocrx_word' id='word_1_746' title='bbox 1933 5466 2121 5521; x_wconf 85' lang='lat' dir='ltr'><strong>eodem</strong></span> 
     </span>
    </p>
   </div>
   <div class='ocr_carea' id='block_1_111' title="bbox 2225 4477 3801 4548">
    <p class='ocr_par' dir='ltr' id='par_1_111' title="bbox 2225 4477 3801 4548">
     <span class='ocr_line' id='line_1_112' title="bbox 2225 4477 3801 4548; baseline -0.001 -16"><span class='ocrx_word' id='word_1_747' title='bbox 2225 4482 2487 4548; x_wconf 79' lang='lat' dir='ltr'><strong>exemplis</strong></span> <span class='ocrx_word' id='word_1_748' title='bbox 2516 4483 2678 4535; x_wconf 89' lang='lat' dir='ltr'><strong>etiam</strong></span> <span class='ocrx_word' id='word_1_749' title='bbox 2722 4496 2783 4533; x_wconf 77' lang='lat' dir='ltr'><strong>ex</strong></span> <span class='ocrx_word' id='word_1_750' title='bbox 2828 4481 2893 4533; x_wconf 85' lang='grc' dir='ltr'><strong>Τ.</strong></span> <span class='ocrx_word' id='word_1_751' title='bbox 2945 4479 3093 4533; x_wconf 80' lang='lat' dir='ltr'><strong>Livio</strong></span> <span class='ocrx_word' id='word_1_752' title='bbox 3135 4477 3583 4548; x_wconf 84' lang='lat' dir='ltr'><strong>probatCointius</strong></span> <span class='ocrx_word' id='word_1_753' title='bbox 3614 4478 3801 4548; x_wconf 12' lang='lat' dir='ltr'><strong>adyan.</strong></span> 
     </span>
    </p>
   </div>
   <div class='ocr_carea' id='block_1_112' title="bbox 2223 4545 3805 4613">
    <p class='ocr_par' dir='ltr' id='par_1_112' title="bbox 2223 4545 3805 4613">
     <span class='ocr_line' id='line_1_113' title="bbox 2223 4545 3805 4613; baseline -0.003 -10"><span class='ocrx_word' id='word_1_754' title='bbox 2223 4549 2347 4613; x_wconf 76' lang='lat'><strong>595,</strong></span> <span class='ocrx_word' id='word_1_755' title='bbox 2376 4545 2520 4604; x_wconf 84' lang='lat' dir='ltr'><strong>num.</strong></span> <span class='ocrx_word' id='word_1_756' title='bbox 2555 4553 2638 4604; x_wconf 62' lang='lat' dir='ltr'><strong>lit.</strong></span> <span class='ocrx_word' id='word_1_757' title='bbox 2677 4550 2807 4603; x_wconf 90' lang='lat' dir='ltr'><strong>llinc</strong></span> <span class='ocrx_word' id='word_1_758' title='bbox 2840 4550 2889 4605; x_wconf 91' lang='lat' dir='ltr'><strong>in</strong></span> <span class='ocrx_word' id='word_1_759' title='bbox 2922 4560 3106 4603; x_wconf 91' lang='lat' dir='ltr'><strong>nostro</strong></span> <span class='ocrx_word' id='word_1_760' title='bbox 3129 4545 3344 4603; x_wconf 83' lang='lat' dir='ltr'><strong>auctore</strong></span> <span class='ocrx_word' id='word_1_761' title='bbox 3377 4547 3647 4611; x_wconf 82' lang='lat' dir='ltr'><strong>Frisones,</strong></span> <span class='ocrx_word' id='word_1_762' title='bbox 3680 4545 3805 4602; x_wconf 87' lang='lat' dir='ltr'><strong>Sar-</strong></span> 
     </span>
    </p>
   </div>
   <div class='ocr_carea' id='block_1_113' title="bbox 2223 4617 3807 4685">
    <p class='ocr_par' dir='ltr' id='par_1_113' title="bbox 2223 4617 3807 4685">
     <span class='ocr_line' id='line_1_114' title="bbox 2223 4617 3807 4685; baseline -0.002 -11"><span class='ocrx_word' id='word_1_763' title='bbox 2223 4622 2429 4683; x_wconf 83' lang='lat' dir='ltr'><strong>raceni,</strong></span> <span class='ocrx_word' id='word_1_764' title='bbox 2454 4632 2584 4684; x_wconf 89' lang='lat' dir='ltr'><strong>ctc.,</strong></span> <span class='ocrx_word' id='word_1_765' title='bbox 2620 4621 2911 4678; x_wconf 88' lang='lat' dir='ltr'><strong>rebellasse</strong></span> <span class='ocrx_word' id='word_1_766' title='bbox 2952 4622 3221 4683; x_wconf 77' lang='lat' dir='ltr'><strong>dicuntur,</strong></span> <span class='ocrx_word' id='word_1_767' title='bbox 3253 4633 3554 4685; x_wconf 82' lang='lat' dir='ltr'><strong>quanquam</strong></span> <span class='ocrx_word' id='word_1_768' title='bbox 3580 4617 3807 4671; x_wconf 76' lang='lat' dir='ltr'><strong>Franco-</strong></span> 
     </span>
    </p>
   </div>
   <div class='ocr_carea' id='block_1_114' title="bbox 2224 4690 3353 4761">
    <p class='ocr_par' dir='ltr' id='par_1_114' title="bbox 2224 4690 3353 4761">
     <span class='ocr_line' id='line_1_115' title="bbox 2224 4690 3353 4761; baseline -0.003 -17"><span class='ocrx_word' id='word_1_769' title='bbox 2224 4707 2338 4745; x_wconf 88' lang='lat' dir='ltr'><strong>rum</strong></span> <span class='ocrx_word' id='word_1_770' title='bbox 2362 4692 2547 4744; x_wconf 85' lang='lat' dir='ltr'><strong>dttioui</strong></span> <span class='ocrx_word' id='word_1_771' title='bbox 2581 4692 2803 4759; x_wconf 77' lang='lat' dir='ltr'><strong>subjecti</strong></span> <span class='ocrx_word' id='word_1_772' title='bbox 2836 4707 3104 4761; x_wconf 82' lang='lat' dir='ltr'><strong>nunquam</strong></span> <span class='ocrx_word' id='word_1_773' title='bbox 3138 4690 3353 4761; x_wconf 48' lang='lat' dir='ltr'><strong>iuerint:</strong></span> 
     </span>
    </p>
   </div>
   <div class='ocr_carea' id='block_1_115' title="bbox 2304 4756 3804 4821">
    <p class='ocr_par' dir='ltr' id='par_1_115' title="bbox 2304 4756 3804 4821">
     <span class='ocr_line' id='line_1_116' title="bbox 2304 4756 3804 4821; baseline -0.003 -10"><span class='ocrx_word' id='word_1_774' title='bbox 2304 4761 2317 4798; x_wconf 76' lang='grc' dir='ltr'><strong>ί</strong></span> <span class='ocrx_word' id='word_1_775' title='bbox 2364 4764 2450 4815; x_wconf 71' lang='lat' dir='ltr'><strong>Sic</strong></span> <span class='ocrx_word' id='word_1_776' title='bbox 2480 4778 2543 4815; x_wconf 84' lang='lat' dir='ltr'><strong>ex</strong></span> <span class='ocrx_word' id='word_1_777' title='bbox 2574 4756 2693 4816; x_wconf 76' lang='lat' dir='ltr'><strong>cod.</strong></span> <span class='ocrx_word' id='word_1_778' title='bbox 2725 4763 2920 4819; x_wconf 83' lang='lat' dir='ltr'><strong>Boher.</strong></span> <span class='ocrx_word' id='word_1_779' title='bbox 2946 4756 3298 4819; x_wconf 70' lang='lat' dir='ltr'><strong>restinximus.</strong></span> <span class='ocrx_word' id='word_1_780' title='bbox 3325 4756 3683 4821; x_wconf 85' lang='lat' dir='ltr'><strong>Westrachia,</strong></span> <span class='ocrx_word' id='word_1_781' title='bbox 3719 4756 3804 4808; x_wconf 84' lang='lat' dir='ltr'><strong>ho-</strong></span> 
     </span>
    </p>
   </div>
   <div class='ocr_carea' id='block_1_116' title="bbox 2224 4829 3806 4903">
    <p class='ocr_par' dir='ltr' id='par_1_116' title="bbox 2224 4829 3806 4903">
     <span class='ocr_line' id='line_1_117' title="bbox 2224 4829 3806 4903; baseline -0.004 -18"><span class='ocrx_word' id='word_1_782' title='bbox 2224 4831 2311 4885; x_wconf 90' lang='lat' dir='ltr'><strong>die</strong></span> <span class='ocrx_word' id='word_1_783' title='bbox 2342 4831 2678 4902; x_wconf 83' lang='lat' dir='ltr'><strong>Westergoa,</strong></span> <span class='ocrx_word' id='word_1_784' title='bbox 2712 4849 2740 4885; x_wconf 90' lang='lat' dir='ltr'><strong>a</strong></span> <span class='ocrx_word' id='word_1_785' title='bbox 2785 4835 3005 4889; x_wconf 74' lang='lat' dir='ltr'><strong>Stuvt-ra</strong></span> <span class='ocrx_word' id='word_1_786' title='bbox 3039 4831 3350 4903; x_wconf 59' lang='grc' dir='ltr'><strong>(διατεῖναι),</strong></span> <span class='ocrx_word' id='word_1_787' title='bbox 3375 4830 3500 4881; x_wconf 90' lang='lat' dir='ltr'><strong>olim</strong></span> <span class='ocrx_word' id='word_1_788' title='bbox 3529 4829 3806 4903; x_wconf 79' lang='lat' dir='ltr'><strong>Frisonum</strong></span> 
     </span>
    </p>
   </div>
   <div class='ocr_carea' id='block_1_117' title="bbox 2223 4899 3806 4971">
    <p class='ocr_par' dir='ltr' id='par_1_117' title="bbox 2223 4899 3806 4971">
     <span class='ocr_line' id='line_1_118' title="bbox 2223 4899 3806 4971; baseline -0.004 -16"><span class='ocrx_word' id='word_1_789' title='bbox 2223 4904 2528 4971; x_wconf 86' lang='lat' dir='ltr'><strong>metropoli,</strong></span> <span class='ocrx_word' id='word_1_790' title='bbox 2563 4899 2770 4956; x_wconf 83' lang='lat' dir='ltr'><strong>initium</strong></span> <span class='ocrx_word' id='word_1_791' title='bbox 2800 4905 2887 4958; x_wconf 78' lang='lat' dir='ltr'><strong>dut</strong></span> <span class='ocrx_word' id='word_1_792' title='bbox 2910 4907 2987 4959; x_wconf 85' lang='lat' dir='ltr'><strong>it:</strong></span> <span class='ocrx_word' id='word_1_793' title='bbox 3035 4899 3157 4957; x_wconf 72' lang='lat' dir='ltr'><strong>dcto</strong></span> <span class='ocrx_word' id='word_1_794' title='bbox 3189 4902 3532 4971; x_wconf 71' lang='lat' dir='ltr'><strong>ptml&#39;ecturas</strong></span> <span class='ocrx_word' id='word_1_795' title='bbox 3575 4899 3806 4971; x_wconf 69' lang='lat' dir='ltr'><strong>comple-</strong></span> 
     </span>
    </p>
   </div>
   <div class='ocr_carea' id='block_1_118' title="bbox 2220 4969 3805 5045">
    <p class='ocr_par' dir='ltr' id='par_1_118' title="bbox 2220 4969 3805 5045">
     <span class='ocr_line' id='line_1_119' title="bbox 2220 4969 3805 5045; baseline -0.004 -22"><span class='ocrx_word' id='word_1_796' title='bbox 2220 4969 2758 5045; x_wconf 48' lang='lat' dir='ltr'><strong>elitttr.&#39;__luterhttjus</strong></span> <span class='ocrx_word' id='word_1_797' title='bbox 2786 4976 3019 5045; x_wconf 87' lang='lat' dir='ltr'><strong>regionis</strong></span> <span class='ocrx_word' id='word_1_798' title='bbox 3049 4969 3206 5027; x_wconf 77' lang='lat' dir='ltr'><strong>urbes</strong></span> <span class='ocrx_word' id='word_1_799' title='bbox 3232 4971 3457 5045; x_wconf 83' lang='lat' dir='ltr'><strong>celebris</strong></span> <span class='ocrx_word' id='word_1_800' title='bbox 3500 4979 3583 5025; x_wconf 90' lang='lat' dir='ltr'><strong>est</strong></span> <span class='ocrx_word' id='word_1_801' title='bbox 3613 4969 3805 5045; x_wconf 63' lang='lat' dir='ltr'><strong>Franc-</strong></span> 
     </span>
    </p>
   </div>
   <div class='ocr_carea' id='block_1_119' title="bbox 2220 5038 3799 5116">
    <p class='ocr_par' dir='ltr' id='par_1_119' title="bbox 2220 5038 3799 5116">
     <span class='ocr_line' id='line_1_120' title="bbox 2220 5038 3799 5116; baseline -0.006 -18"><span class='ocrx_word' id='word_1_802' title='bbox 2220 5042 2348 5097; x_wconf 82' lang='lat' dir='ltr'><strong>kera</strong></span> <span class='ocrx_word' id='word_1_803' title='bbox 2377 5038 2711 5115; x_wconf 64' lang='grc' dir='ltr'><strong>(ιπνιιηειςαν),</strong></span> <span class='ocrx_word' id='word_1_804' title='bbox 2754 5038 3153 5101; x_wconf 68' lang='grc' dir='ltr'><strong>υι›ι’θεθιιειῐιί²</strong></span> <span class='ocrx_word' id='word_1_805' title='bbox 3185 5044 3436 5116; x_wconf 63' lang='lat' dir='ltr'><strong>celebris.</strong></span> <span class='ocrx_word' id='word_1_806' title='bbox 3489 5038 3799 5116; x_wconf 64' lang='lat' dir='ltr'><strong>Austrachin</strong></span> 
     </span>
    </p>
   </div>
   <div class='ocr_carea' id='block_1_120' title="bbox 2224 5112 3777 5185">
    <p class='ocr_par' dir='ltr' id='par_1_120' title="bbox 2224 5112 3777 5185">
     <span class='ocr_line' id='line_1_121' title="bbox 2224 5112 3777 5185; baseline -0.004 -21"><span class='ocrx_word' id='word_1_807' title='bbox 2224 5130 2369 5175; x_wconf 78' lang='lat' dir='ltr'><strong>vero,</strong></span> <span class='ocrx_word' id='word_1_808' title='bbox 2400 5130 2493 5166; x_wconf 82' lang='lat' dir='ltr'><strong>seu</strong></span> <span class='ocrx_word' id='word_1_809' title='bbox 2518 5112 2796 5185; x_wconf 56' lang='lat' dir='ltr'><strong>Ustet‘goa,</strong></span> <span class='ocrx_word' id='word_1_810' title='bbox 2829 5120 3172 5185; x_wconf 68' lang='lat' dir='ltr'><strong>prmleclut‘as</strong></span> <span class='ocrx_word' id='word_1_811' title='bbox 3198 5116 3355 5185; x_wconf 78' lang='lat' dir='ltr'><strong>habet</strong></span> <span class='ocrx_word' id='word_1_812' title='bbox 3386 5112 3695 5185; x_wconf 87' lang='lat' dir='ltr'><strong>duodecim,</strong></span> <span class='ocrx_word' id='word_1_813' title='bbox 3730 5112 3777 5159; x_wconf 74' lang='lat' dir='ltr'><strong>\i</strong></span> 
     </span>
    </p>
   </div>
   <div class='ocr_carea' id='block_1_121' title="bbox 2220 5183 3805 5253">
    <p class='ocr_par' dir='ltr' id='par_1_121' title="bbox 2220 5183 3805 5253">
     <span class='ocr_line' id='line_1_122' title="bbox 2220 5183 3805 5253; baseline -0.003 -16"><span class='ocrx_word' id='word_1_814' title='bbox 2220 5199 2312 5237; x_wconf 89' lang='lat' dir='ltr'><strong>cos</strong></span> <span class='ocrx_word' id='word_1_815' title='bbox 2348 5185 2465 5250; x_wconf 77' lang='lat' dir='ltr'><strong>l27,</strong></span> <span class='ocrx_word' id='word_1_816' title='bbox 2503 5185 2570 5237; x_wconf 88' lang='lat' dir='ltr'><strong>ibi</strong></span> <span class='ocrx_word' id='word_1_817' title='bbox 2603 5183 3049 5248; x_wconf 45' lang='lat' dir='ltr'><strong>est&#39;Leovvardia,</strong></span> <span class='ocrx_word' id='word_1_818' title='bbox 3084 5187 3240 5253; x_wconf 86' lang='lat' dir='ltr'><strong>vulgo</strong></span> <span class='ocrx_word' id='word_1_819' title='bbox 3288 5183 3623 5248; x_wconf 81' lang='lat' dir='ltr'><strong>Leuwarden,</strong></span> <span class='ocrx_word' id='word_1_820' title='bbox 3652 5188 3805 5234; x_wconf 62' lang='lat' dir='ltr'><strong>caete-</strong></span> 
     </span>
    </p>
   </div>
   <div class='ocr_carea' id='block_1_122' title="bbox 2225 5252 3805 5326">
    <p class='ocr_par' dir='ltr' id='par_1_122' title="bbox 2225 5252 3805 5326">
     <span class='ocr_line' id='line_1_123' title="bbox 2225 5252 3805 5326; baseline -0.002 -21"><span class='ocrx_word' id='word_1_821' title='bbox 2225 5269 2415 5326; x_wconf 74' lang='lat' dir='ltr'><strong>rarutn</strong></span> <span class='ocrx_word' id='word_1_822' title='bbox 2434 5257 2640 5310; x_wconf 87' lang='lat' dir='ltr'><strong>urbiuttt</strong></span> <span class='ocrx_word' id='word_1_823' title='bbox 2672 5272 2847 5326; x_wconf 87' lang='lat' dir='ltr'><strong>caput.</strong></span> <span class='ocrx_word' id='word_1_824' title='bbox 2884 5260 2956 5313; x_wconf 92' lang='lat' dir='ltr'><strong>De</strong></span> <span class='ocrx_word' id='word_1_825' title='bbox 2981 5256 3062 5311; x_wconf 85' lang='lat' dir='ltr'><strong>his</strong></span> <span class='ocrx_word' id='word_1_826' title='bbox 3090 5252 3209 5310; x_wconf 83' lang='lat' dir='ltr'><strong>vide</strong></span> <span class='ocrx_word' id='word_1_827' title='bbox 3233 5255 3521 5319; x_wconf 83' lang='lat' dir='ltr'><strong>Etumium,</strong></span> <span class='ocrx_word' id='word_1_828' title='bbox 3550 5254 3643 5306; x_wconf 89' lang='lat' dir='ltr'><strong>ltb.</strong></span> <span class='ocrx_word' id='word_1_829' title='bbox 3670 5267 3687 5304; x_wconf 90' lang='grc' dir='ltr'>ι</span> <span class='ocrx_word' id='word_1_830' title='bbox 3711 5252 3805 5303; x_wconf 66' lang='lat' dir='ltr'><strong>lie-</strong></span> 
     </span>
    </p>
   </div>
   <div class='ocr_carea' id='block_1_123' title="bbox 2229 5324 2721 5381">
    <p class='ocr_par' dir='ltr' id='par_1_123' title="bbox 2229 5324 2721 5381">
     <span class='ocr_line' id='line_1_124' title="bbox 2229 5324 2721 5381; baseline 0.008 -3"><span class='ocrx_word' id='word_1_831' title='bbox 2229 5340 2344 5378; x_wconf 86' lang='lat' dir='ltr'><strong>rutn</strong></span> <span class='ocrx_word' id='word_1_832' title='bbox 2381 5324 2721 5381; x_wconf 80' lang='lat' dir='ltr'><strong>Frisicarum.</strong></span> 
     </span>
    </p>
   </div>
   <div class='ocr_carea' id='block_1_124' title="bbox 2305 5392 3784 5467">
    <p class='ocr_par' dir='ltr' id='par_1_124' title="bbox 2305 5392 3784 5467">
     <span class='ocr_line' id='line_1_125' title="bbox 2305 5392 3784 5467; baseline -0.001 -21"><span class='ocrx_word' id='word_1_833' title='bbox 2305 5396 2319 5446; x_wconf 87' lang='lat' dir='ltr'><strong>i</strong></span> <span class='ocrx_word' id='word_1_834' title='bbox 2374 5396 2529 5460; x_wconf 80' lang='grc' dir='ltr'><strong>ΒυΙι.,</strong></span> <span class='ocrx_word' id='word_1_835' title='bbox 2562 5395 2805 5467; x_wconf 81' lang='lat' dir='ltr'><strong>Bordt&#39;ne,</strong></span> <span class='ocrx_word' id='word_1_836' title='bbox 2830 5409 2882 5457; x_wconf 90' lang='lat' dir='ltr'><strong>et</strong></span> <span class='ocrx_word' id='word_1_837' title='bbox 2909 5398 3070 5466; x_wconf 83' lang='lat' dir='ltr'><strong>infra,</strong></span> <span class='ocrx_word' id='word_1_838' title='bbox 3100 5397 3313 5453; x_wconf 88' lang='lat' dir='ltr'><strong>sicutet</strong></span> <span class='ocrx_word' id='word_1_839' title='bbox 3348 5395 3459 5461; x_wconf 87' lang='lat' dir='ltr'><strong>alii,</strong></span> <span class='ocrx_word' id='word_1_840' title='bbox 3484 5392 3784 5449; x_wconf 81' lang='lat' dir='ltr'><strong>Bobonem..</strong></span> 
     </span>
    </p>
   </div>
   <div class='ocr_carea' id='block_1_125' title="bbox 2232 5468 2595 5521">
    <p class='ocr_par' dir='ltr' id='par_1_125' title="bbox 2232 5468 2595 5521">
     <span class='ocr_line' id='line_1_126' title="bbox 2232 5468 2595 5521; baseline 0.006 -4"><span class='ocrx_word' id='word_1_841' title='bbox 2232 5468 2595 5521; x_wconf 81' lang='lat' dir='ltr'><strong>consularium.</strong></span> 
     </span>
    </p>
   </div>
  </div>
