4132 6348
2438 393 2538 398 ..τ-η
2546 388 3603 408 “M-

1411 521 1820 627 PARS
1885 519 2191 625 TER
2215 518 2549 648 ΤΙΑ,

1105 772 1570 852 AUCTORE
1647 767 2146 847 ΑΝΟΝΥΜΟ
2198 770 2761 853 AUSTRASIO
2795 828 2823 875 ,

1261 954 1382 1027 Qui
1426 952 1614 1029 jussu
1650 949 2103 1010 Childebrandi
2137 949 2385 1010 comitis
2416 952 2691 1031 scripsit.

414 1126 573 1197 677
607 1124 759 1180 Auno
790 1098 1077 1180 nccx‘xxm.
1099 1128 1367 1197 —ltaque
1393 1136 1418 1163 ⁸
1443 1126 1816 1195 sagacissimus
1844 1122 1924 1178 vir
1953 1132 2000 1190 Α
2032 1124 2136 1178 illis
2180 1126 2418 1192 partibus
2466 1141 2587 1180 cum
2635 1139 2890 1197 apparatu
2939 1130 3117 1186 hostili
3160 1132 3371 1203 dirigit;
3415 1135 3611 1206 quique

348 1218 574 1275 Carolus
604 1219 731 1283 dux,
759 1229 1028 1273 commoto
1051 1220 1319 1284 exercitu,
1346 1220 1413 1274 ad
1455 1227 1633 1288 partes
1681 1218 1920 1286 Burgun-

349 1315 447 1369 dias
469 1314 669 1382 dirigit,
702 1310 1015 1381 Lugdunum
1065 1312 1251 1367 Gallia:
1305 1312 1513 1376 urbem,
1547 1312 1778 1379 majores
1798 1320 1926 1365 natu

348 1413 509 1472 atque
533 1405 813 1474 praefectos
841 1404 1079 1473 ejusdem
1099 1405 1385 1475 provincia:
1408 1419 1517 1459 sua:
1540 1404 1728 1459 ditioni
1750 1404 1929 1474 reipuo

350 1499 504 1554 blice
560 1498 896 1567 subiugavit;
950 1513 1120 1568 usque
1174 1498 1556 1553 Massiliensem
1608 1498 1818 1563 urbem,
1847 1496 1929 1552 vel

351 1589 628 1643 Arelatum
656 1588 770 1643 suis
795 1587 1066 1656 judicibus
1088 1587 1397 1652 constituit;
1427 1602 1547 1641 cum
1580 1586 1786 1656 magnis
1809 1586 1931 1641 the-

353 1684 526 1738 sauris
551 1692 605 1737 et
635 1681 948 1736 muneribus
987 1681 1039 1735 in
1071 1680 1401 1737 Francorum
1424 1694 1647 1749 regnum
1673 1679 1934 1735 remeavit

352 1774 406 1827 in
430 1774 610 1828 sedem
643 1773 973 1841 principatus
997 1772 1100 1828 sui.

429 1868 528 1921 Au.
554 1880 953 1920 nccxxxvm.-
970 1864 1204 1932 Itemque
1234 1863 1615 1919 rebellantibus
1636 1861 1934 1917 Saxonibus

360 1957 761 2026 paganissimis,
792 1957 881 2026 qui
916 1956 1051 2011 ultra
1077 1954 1319 2010 Rhenum
1365 1953 1580 2011 fluvium
1611 1953 1933 2018 consistunt,

354 2056 607 2102 strenuus
637 2049 719 2101 vir
739 2046 963 2101 Carolus
994 2047 1101 2100 dux
1130 2054 1404 2101 commoto
1434 2046 1669 2100 exercitu
1702 2044 1933 2098 Franco-

353 2154 472 2193 rum
501 2137 558 2193 in
586 2139 703 2193 loco
730 2139 817 2192 ubi
842 2137 1028 2208 Lippia
1051 2136 1078 2176 δ
1103 2138 1294 2193 ﬂuvius
1320 2137 1562 2191 Rhenum
1612 2152 1823 2191 amnem
1853 2137 1933 2191 in-

354 2230 613 2301 greditur,
646 2231 823 2300 sagaci
848 2231 1141 2285 intentione
1189 2229 1559 2283 transmeavit.
1602 2228 1829 2283 Maxima
1860 2244 1928 2283 ex

354 2332 509 2389 parte
539 2321 812 2393 regionem
839 2323 981 2376 illam
1012 2322 1333 2376 dirissimam
1377 2320 1586 2388 stravit,
1609 2330 1935 2389 gentemque

354 2413 501 2468 illam
524 2413 872 2468 saevissimam
904 2429 969 2468 ex
1000 2424 1147 2482 parte
1171 2412 1479 2468 tributarios
1507 2426 1627 2466 esse
1656 2412 1930 2481 praecepit,

2032 1231 2374 1285 praepropere
2398 1216 2464 1271 ad
2497 1218 2742 1274 eamdem
2770 1221 2955 1277 urbem
2986 1224 3355 1290 rervenientes
3380 1230 3611 1281 tentoria

2031 1309 2320 1365 instruunt.
2378 1310 2622 1381 Undique
2673 1314 2847 1382 ipsutn
2901 1318 3153 1385 oppidum
3200 1328 3256 1374 et
3307 1318 3612 1375 suburbana

2032 1412 2439 1471 praeoccupant,
2516 1404 2927 1460 munitissimam
2992 1407 3264 1463 civitatem
3342 1410 3611 1478 obsident,

2032 1501 2205 1552 aciem
2260 1498 2755 1566 instruunt,donec
2809 1504 3080 1557 insecutus
3134 1504 3214 1557 vir
3271 1504 3616 1576 helligerator

2033 1587 2254 1644 Carolus
2308 1592 2614 1659 praadictam
2674 1592 2859 1648 urbem
2910 1593 3234 1664 aggreditur,
3268 1608 3449 1650 muros
3497 1596 3609 1650 eir-

2034 1682 2270 1749 cumdat,
2294 1692 2467 1738 castra
2495 1686 2685 1753 ponit,
2715 1683 3050 1739 obsidionem
3078 1694 3386 1753 coacervat,
3414 1686 3468 1738 in
3498 1699 3617 1740 mo-

2036 1772 2162 1827 dum
2190 1772 2443 1836 Hiericho
2468 1788 2589 1827 cum
2613 1775 2839 1842 strepitu
2884 1775 3114 1830 hostium
3145 1784 3199 1830 et
3246 1779 3424 1830 sonitu
3455 1775 3611 1830 tuba-

2037 1878 2174 1930 rum,
2207 1878 2327 1917 cum
2360 1862 2622 1917 machinis
2650 1872 2705 1918 et
2732 1865 2956 1919 restium
2992 1863 3205 1920 funibus
3228 1880 3389 1935 super
3429 1880 3610 1921 muros

2037 1963 2091 2008 et
2119 1952 2311 2007 mdium
2346 1955 2541 2008 mmnia
2574 1954 2786 2008 irruunt
2811 1999 2826 2022 ,
2856 1957 3041 2010 urbem
3094 1957 3504 2011 munitissimam
3538 1958 3619 2011 iti-

2036 2045 2340 2115 gredientes
2370 2047 2723 2115 succendunt,
2758 2047 2938 2103 hostes
2958 2047 3202 2103 inimicos
3228 2064 3354 2105 suos
3376 2051 3619 2120 capiunt,

2038 2137 2422 2192 interficientes
2450 2137 2717 2191 trucidant
2741 2149 2902 2208 atque
2929 2147 3294 2207 prosternunt,
3313 2150 3368 2195 et
3393 2142 3445 2195 in
3467 2154 3622 2196 suam

2037 2228 2297 2282 ditionem
2342 2228 2632 2284 efﬁcaciter
2679 2232 2985 2284 restituunt.
3017 2229 3200 2285 Victor
3256 2233 3415 2301 igitur
3462 2241 3625 2302 atque

2037 2320 2265 2374 bellator
2296 2321 2519 2391 insignis
2552 2321 2844 2390 intrepidus
2868 2320 3092 2375 Carolus
3118 2322 3433 2377 Rhodanum
3459 2325 3623 2395 679

2039 2413 2258 2466 fluvium
2283 2429 2404 2469 eum
2451 2415 2691 2468 exercitu
2722 2428 2821 2467 suo
2875 2415 3103 2483 transiit,
3138 2416 3458 2471 Gotthorum
3491 2420 3624 2473 lines

354 2516 515 2577 atque
544 2509 893 2576 quamplures
931 2508 1149 2562 obsides
1194 2508 1261 2561 ab
1305 2507 1385 2559 eis
1428 2506 1672 2575 accepit;
1729 2508 1932 2577 sicque,
1968 2505 2014 2562 Β
2043 2503 2363 2572 penetravit,
2389 2518 2558 2572 usque
2586 2503 2987 2559 Narbonensem
3018 2504 3245 2559 Galliam
3279 2509 3624 2577 peraccessit,

356 2596 654 2665 opitulante
680 2597 927 2663 Domino,
959 2598 1128 2650 victor
1155 2595 1414 2650 remeavit
1440 2596 1507 2649 ad
1535 2594 1771 2664 prapria.

426 2690 529 2741 AN.
558 2704 838 2742 pccxxxvr.
868 2720 942 2732 —
966 2689 1148 2742 Denuo
1195 2688 1486 2743 rebellante
1533 2696 1691 2757 gente
1720 2687 1930 2742 validis-

357 2774 493 2827 sima
513 2773 959 2841 lsmahelitarum,
985 2790 1118 2845 quos
1146 2775 1303 2830 modo
1323 2776 1649 2831 Sarracenos
1674 2776 1937 2831 vocabulo

356 2876 609 2935 corrupto
636 2876 978 2935 nuncupant,
1004 2869 1465 2937 irrumpentesque
1494 2867 1810 2925 Rhodanum
1838 2870 1936 2923 llu-

357 2959 522 3022 vium,
551 2960 925 3015 insidiantibus
970 2960 1273 3015 inﬁdelibus
1319 2961 1621 3015 hominibus
1663 2962 1762 3015 sub
1813 2961 1937 3015 dolo

358 3049 521 3120 678
548 3059 605 3105 et
633 3051 818 3105 fraude
847 3052 1122 3105 Mauronto
1156 3062 1178 3090 ο
1211 3050 1439 3121 quodam
1467 3067 1588 3106 cum
1611 3052 1770 3106 sociis
1800 3052 1933 3117 suis,

360 3144 696 3203 AVenionem
749 3144 933 3197 urbem
992 3142 1401 3198 munitissimam
1458 3157 1521 3197 ac
1579 3150 1933 3209 montuosant,

361 3242 459 3309 ipsi
488 3238 790 3301 Sarraceni,
816 3236 1039 3291 collecto
1062 3236 1239 3290 hostili
1270 3236 1501 3305 agmine,
1530 3236 1932 3306 ingrediuntur;

362 3331 574 3399 illisque
602 3330 987 3384 rebellantibus
1014 3342 1078 3381 ea
1104 3329 1250 3396 regio
1279 3334 1502 3382 vastata.

431 3427 530 3479 AN.
564 3437 865 3477 nccxxxvn.
899 3451 968 3460 —
996 3422 1064 3474 At
1090 3428 1272 3473 contra
1316 3417 1397 3472 vir
1438 3418 1685 3489 egregius
1713 3420 1936 3474 Carolus

359 3519 464 3571 dux
510 3530 823 3584 germanum
854 3527 1032 3575 suum,
1096 3512 1263 3564 virum
1313 3510 1673 3574 indusuium,
1722 3512 1936 3567 Childe—

361 3607 619 3664 brandum
642 3605 668 3642 ἀ
691 3607 905 3669 ducem,
926 3618 1047 3657 cum
1076 3603 1293 3672 reliquis
1316 3602 1539 3657 ducibus
1562 3603 1932 3668 etcmuitibus,

431 3776 456 3804 α
502 3766 647 3820 lianc
676 3761 927 3817 Chronici
969 3768 1172 3829 partem
1212 3758 1590 3813 Childehrandi
1624 3759 1774 3827 jussu
1806 3762 1937 3815 scri-

361 3848 501 3907 ptam
554 3831 1110 3907 fuissedicimnstob
1156 3830 1553 3907 inscriptionem
1600 3846 1755 3896 quam
1802 3834 1933 3907 infra

359 3900 479 3978 post
509 3920 658 3960 num.
688 3905 785 3957 H7
812 3900 1201 3978 exhibebimus.
1227 3901 1281 3954 Si
1312 3901 1431 3978 quis
1452 3914 1575 3952 vero
1597 3903 1936 3978 contenderit

359 3969 516 4033 etiam
548 3986 599 4031 et
633 3974 1023 4043 praecedentem
1057 3969 1521 4043 partenrejusdem
1548 3972 1756 4043 cornitis
1782 3970 1932 4040 jussu

360 4051 519 4103 fuisse
556 4038 859 4111 exaratam,
911 4057 1015 4094 non
1058 4038 1464 4109 refragallimur,
1515 4040 1671 4093 modo
1711 4038 1935 4096 fateatur

359 4136 449 4173 eas
480 4118 559 4172 vel
588 4131 616 4169 a
648 4116 853 4171 duobus
898 4113 1122 4166 diversis
1149 4111 1455 4163 auctoribus
1480 4111 1703 4178 scriptas
1732 4112 1892 4166 fuisse
1917 4154 1932 4178 ,

359 4198 447 4243 aut
475 4197 620 4243 certe
648 4185 883 4251 ejusdem
908 4182 1140 4236 auctoris
1164 4183 1269 4235 duo
1296 4194 1421 4251 esse
1439 4182 1643 4251 diversa
1677 4192 1726 4235 et
1755 4182 1935 4235 diven-

361 4262 433 4314 sis
486 4257 812 4325 temporibus
846 4255 1041 4321 scripta
1084 4252 1385 4325 opuscula._
1411 4250 1542 4325 Bob.
1570 4250 1767 4325 incipit
1797 4270 1809 4303 :
1844 4252 1938 4304 ιιι-

360 4335 513 4395 circo,
546 4320 648 4383 etc.
671 4345 683 4394 ;
708 4335 759 4379 et
786 4320 1067 4392 inl'ra,'pro
1098 4320 1339 4395 exercita,
1371 4320 1525 4395 habet
1560 4322 1720 4375 hoste.

430 4400 457 4438 ι)
499 4393 617 4453 Alio
648 4399 857 4452 nomine
881 4395 1043 4462 Lupia
1077 4408 1168 4448 seu
1192 4393 1624 4462 Lupiasitlicitur,
1658 4408 1776 4461 cum
1808 4393 1938 4448 urbe

362 4468 676 4539 cognomine
708 4470 758 4521 in
788 4466 1084 4539 Wcstlalia,
1118 4463 1365 4539 quiapud
1397 4461 1683 4539 Wesaliam
1715 4466 1763 4515 in
1799 4463 1938 4539 Rhet

362 4533 485 4595 num
529 4538 699 4593 inlluit
721 4582 735 4600 ,
766 4538 925 4607 vulgo
957 4536 1157 4607 dicitur,
1189 4533 1368 4602 Lippe.
1406 4533 1609 4601 Lipiam
1643 4544 1816 4607 tamen
1834 4533 1937 4607 alii

362 4613 541 4667 dicunt
573 4624 692 4664 esse
710 4605 879 4669 Lhon,
910 4606 1109 4660 Ηηεδὶιυ
1134 4606 1481 4673 fluvium,qui
1517 4607 1652 4661 inter
1686 4605 1940 4659 Βυιιυὺτιη

361 4699 477 4754 gain
506 4680 923 4754 etr(_3ot_tl_luentes
956 4678 1141 4754 Rheno
1165 4678 1530 4754 pe‘rtiiiscetur.

439 4764 460 4789 π
503 4751 629 4817 Alii,
670 4749 971 4810 Mam-mile;
1003 4748 1158 4815 Boh.,
1186 4747 1445 4802 Moronto.
1475 4746 1520 4799 Is
1563 4746 1691 4800 infra
1723 4764 1827 4801 oua:
1849 4764 1940 4816 ap-

363 4824 606 4893 pellatur.
642 4821 855 4885 Fuerat,
890 4830 943 4871 ut
973 4817 1614 4893 conjicitn_tts_,_aliquibus
1656 4820 1940 4893 [ti‘OViltt'ltc

361 4887 661 4948 civitatibus
695 4894 998 4960 prmfectus,
1032 4894 1117 4955 qui
1150 4887 1385 4952 rebellis,
1414 4904 1477 4960 ex
1508 4889 1774 4942 Chronico
1805 4890 1941 4941 Fou-

362 4966 537 5018 tanellt
563 4963 661 5026 lbi,
694 4959 811 5028 Cap.
846 4962 931 5025 Η,
965 4963 1289 5014 Sarracens
1322 4960 1371 5011 in
1401 4959 1480 5011 sui
1518 4959 1819 5026 βτίὲδίιηιιιη
1851 4975 1940 5011 a«-

362 5039 560 5090 civerat

432 5104 457 5142 ά
500 5108 766 5163 Νυιιηιιιιι,
812 5098 1215 5161 Ilildcbrandus,
1249 5106 1303 5151 ct
1348 5098 1426 5153 sic
1454 5098 1609 5161 infra,
1651 5097 1788 5166 quod
1821 5112 1938 5165 per-

363 5178 485 5230 inde
508 5184 607 5229 est.
638 5173 868 5226 lluncex
899 5182 1043 5237 latre
1066 5178 1118 5222 et
1143 5180 1309 5221 matre
1330 5170 1503 5225 Caroli
1537 5168 1751 5221 fratrem
1780 5169 1941 5220 fuisse

2042 2594 2215 2662 ipsam
2270 2596 2455 2649 urbem
2509 2594 3127 2666 celeberrimam,atque
3172 2601 3624 2668 metropolimeo-

2040 2699 2159 2738 rum
2186 2684 2396 2739 obsedit
2442 2702 2455 2737 :
2512 2700 2672 2754 super
2724 2685 2892 2741 Adice
2923 2695 2946 2723 °
2983 2687 3141 2742 lluvio
3190 2690 3544 2745 munitionem
3573 2692 3625 2747 in

2040 2791 2229 2847 gyrum
2260 2777 2311 2830 in
2343 2776 2560 2831 modum
2592 2776 2816 2832 arietum
2856 2780 3125 2843 instruxit,
3158 2796 3336 2850 regem
3370 2784 3627 2837 Sarrace-

2040 2884 2255 2935 norum,
2281 2871 2496 2923 nomine
2526 2870 2761 2933 Athima,
2794 2885 2914 2924 cum
2945 2872 3264 2926 satellitibus
3292 2874 3403 2927 suis
3431 2875 3625 2929 ibidem

2040 2961 2282 3025 reclusit,
2307 2969 2590 3029 castraque
2612 2970 2838 3015 metatus
2862 2973 2945 3017 est
2972 2964 3225 3034 undique.
3258 2964 3381 3020 Haec
3397 2966 3624 3022 audien-

2042 3059 2123 3104 tes
2175 3050 2407 3119 majores
2457 3061 2583 3105 natu
2616 3061 2669 3106 et
2727 3052 2996 3122 principes
3046 3054 3487 3122 Sarracenorum,
3535 3061 3625 3129 qui

2039 3143 2515 3198 commorabantur
2545 3158 2608 3198 eo
2632 3152 2873 3212 tempore
2896 3147 2948 3199 in
2982 3148 3203 3216 regione
3228 3147 3628 3221 Hispaniarum,

2043 3233 2345 3288 cendonato
2374 3234 2613 3289 exercitu
2639 3236 2871 3290 hostium
2926 3240 3182 3292 cumalio
3238 3255 3379 3310 rege,
3411 3243 3576 3298 Amor
3602 3240 3625 3281 ί

2042 3328 2279 3391 nomine,
2311 3327 2572 3383 machinis
2599 3327 2858 3384 adversus
2898 3329 3145 3385 Carolum
3188 3330 3409 3387 viriliter
3438 3337 3627 3392 armati

2039 3428 2396 3488 consurgunt,
2429 3429 2798 3489 praaparantur
2853 3420 2920 3473 ad
2968 3421 3205 3489 praelium
3231 3440 3244 3475 :
3269 3434 3456 3478 contra
3489 3442 3623 3495 quos

2040 3509 2290 3580 pracfatus
2335 3512 2444 3564 dux
2493 3510 2717 3565 Carolus
2766 3512 3121 3581 triumphator
3169 3517 3441 3580 occurrit,
3472 3533 3629 3587 super

2042 3605 2203 3657 fluvio
2251 3600 2401 3655 Birra
2437 3610 2484 3669 Β,
2535 3611 2589 3657 et
2645 3601 2787 3658 valle
2838 3602 3092 3659 Corharia
3148 3605 3385 3673 Pa’atio;
3424 3609 3630 3679 illisque

2043 3759 2163 3832 vius
2194 3759 2413 3832 proprio
2452 3758 2677 3832 nomine
2724 3768 2949 3832 vocatur
2996 3762 3149 3825 Atax,
3194 3765 3283 3832 qui
3326 3764 3631 3824 Narbonem

2043 3830 2209 3897 ipsam
2242 3831 2415 3883 alluit.
2450 3830 2609 3894 Infra,
2642 3829 2821 3894 C0lb.,
2855 3831 3088 3883 Athenta.

2116 3898 2134 3937 ί
2163 3901 2320 3963 Boh.,
2351 3900 2696 3968 Amormagna
2722 3901 2940 3962 nomine,
2965 3904 3205 3954 adrersus
3226 3903 3485 3959 Carolum.
3507 3904 3629 3962 νει.

2040 3970 2136 4023 Ed.
2157 4012 2170 4034 ,
2207 3968 2500 4034 Machim’s,
2532 3970 2683 4038 quasi
2731 3971 3001 4037 proprium
3034 3987 3224 4025 nomen
3273 3973 3458 4038 fuerit,
3492 3978 3626 4030 scri-

2040 4040 2188 4094 bunt.
2222 4039 2383 4103 Infra,
2416 4054 2533 4108 cap.
2568 4039 2690 4105 154,
2734 4051 3061 4094 memoratur
3102 4045 3414 4097 Amormuni
3446 4048 3629 4101 Sarna-

2039 4126 2294 4164 (ΖΘΙΙΗΙἸΙΙΙΙ
2325 4125 2443 4161 ΓΟΧ.

2112 4189 2134 4225 s
2176 4178 2335 4232 Ches.
2375 4180 2452 4232 al.
2496 4188 2551 4232 et
2579 4175 2741 4231 Freh.
2772 4177 2874 4239 al.,
2914 4177 3096 4242 Birsa,
3140 4190 3186 4233 et
3219 4185 3347 4239 valle
3390 4183 3633 4240 Corbaria

2040 4254 2363 4318 prwliuturus
2389 4291 2403 4311 ,
2443 4249 2672 4320 illisque,
2704 4255 2806 4301 etc.
2860 4250 3037 4320 Rirra,
3077 4253 3230 4320 vulgo
3274 4253 3461 4319 Berre,
3496 4256 3631 4313 inter

2042 4322 2340 4374 Narbonem
2374 4326 2429 4373 et
2470 4318 2764 4392 Leucatam
2794 4319 2908 4371 fluit
2942 4337 3035 4383 per
3067 4318 3255 4375 vallem
3283 4324 3632 4392 Corbariatu,

2039 4406 2102 4445 ac
2128 4392 2340 4445 demum
2367 4405 2491 4450 sese
2517 4391 2566 4441 in
2591 4387 2915 4441 maritimum
2943 4399 3185 4459 stagnum
3207 4404 3487 4451 exonerat.
3515 4387 3632 4452 Ori;

2043 4472 2126 4516 tur
2154 4477 2223 4513 ex
2255 4476 2437 4516 monte
2475 4461 2595 4512 valli
2624 4462 2973 4534 cognomine,
3006 4464 3052 4534 le
3098 4473 3238 4515 motu
3289 4466 3352 4517 de
3380 4466 3634 4534 Corbtére,

2042 4550 2068 4584 a
2095 4534 2284 4598 quibus
2322 4533 2486 4585 etiam
2527 4529 2989 4586 archidiaconatus
3019 4533 3385 4590 Corbariensis
3416 4537 3465 4589 in
3497 4529 3632 4593 Nar;

2043 4605 2262 4657 bouensi
2289 4604 2512 4657 diuae-esi
2541 4602 2843 4675 dietusest.
2871 4603 3185 4675 Baudranus
3208 4604 3422 4659 Cervera
3450 4610 3633 4675 appel-

2044 4675 2133 4729 lat.
2152 4676 2287 4740 Quid
2314 4690 2439 4729 veto
2464 4676 2549 4726 his
2587 4670 2767 4726 verbis
2807 4673 3051 4727 Corbaria
3081 4677 3273 4743 palatio
3301 4670 3629 4744 designetur,

2044 4763 2163 4799 nam
2190 4749 2302 4799 litec
2331 4757 2414 4799 est
2454 4744 2617 4799 lentio
2645 4752 2748 4795 tam
2784 4746 2910 4801 Mss.
2942 4760 3101 4813 quam
3133 4745 3432 4811 Editorum,
3458 4747 3630 4801 incer-

2046 4828 2152 4869 tum
2185 4829 2287 4870 e~t.
2339 4817 2531 4870 Censet
2586 4813 2827 4870 Valesius
2878 4815 2961 4867 his
3011 4816 3229 4869 indicari
3277 4817 3523 4882 palatium
3574 4818 3630 4873 in

2044 4888 2180 4941 valle
2207 4886 2459 4941 Corharia
2490 4888 2788 4953 exatitisse,
2823 4886 3148 4955 proindeque
3179 4888 3316 4940 inter
3358 4889 3506 4940 villas
3539 4903 3625 4941 re-

2042 4961 2152 5025 glas
2186 4956 2449 5010 recenseri
2491 4955 2730 5017 debere;
2775 4972 2880 5026 quo
2910 4956 3121 5009 nomine
3164 4958 3333 5011 locum
3376 4956 3534 5011 habet
3577 4958 3632 5013 in

2046 5028 2137 5097 lib.
2172 5043 2219 5079 tv
2247 5027 2313 5097 de
2338 5027 2413 5097 Re
2445 5027 2810 5097 dtp‘o;-.‘iatica.
2841 5027 3004 5081 Favet
3033 5035 3212 5097 noster
3253 5036 3456 5090 auctor,
3487 5028 3575 5097 qui
3609 5072 3628 5096 ,

2047 5096 2202 5159 inita,
2234 5094 2546 5148 Carisiacum
2588 5094 2769 5148 tiliam
2798 5098 2975 5162 palatii
3007 5096 3255 5162 appellat.
3277 5126 3346 5136 —
3366 5094 3628 5153 Palatium

2045 5166 2095 5217 in
2131 5167 2244 5219 istis
2277 5166 2513 5233 partibus
2544 5168 2722 5219 adhuc
2752 5170 2947 5219 sincqu
2972 5182 3037 5219 χιι
3066 5166 3164 5219 sub
3196 5166 3385 5220 Palatii
3413 5167 3632 5221 Cattho-

362 5245 636 5325 coptentlit
666 5236 926 5305 Coinlius,
958 5240 1098 5308 quod
1149 5240 1232 5319 hic
1258 5240 1373 5305 ejus
1405 5253 1675 5325 germanus
1701 5236 1937 5318 appelle-
1971 5256 2019 5314 Ι)
2043 5252 2157 5325 rum
2182 5237 2394 5325 nomine
2414 5238 2623 5317 celebre
2645 5236 3463 5325 agnoscitUttholf‘rtsingensis,
3488 5240 3632 5325 quod

364 5308 470 5384 iu‘r,
499 5331 655 5387 quam
688 5328 871 5387 vocem
906 5314 1067 5387 hujus
1093 5312 1270 5387 tertitc
1292 5308 1452 5377 partis
1476 5308 1940 5387 (Sinopici-"auctor

364 5377 632 5452 nunquam
658 5384 763 5438 alio
793 5398 951 5438 sensu
974 5377 1218 5452 adhibet.
1256 5380 1428 5452 Ipsum
1463 5377 1937 5452 vcroChifllet'rus,

364 5462 415 5511 in
447 5449 581 5511 libro
612 5456 678 5508 de
708 5450 1343 5526 Originerildebraudi,
1380 5449 1658 5526 confundit
1682 5464 1802 5526 cum
1833 5450 1938 5526 alio

363 5528 599 5597 ejusdem
653 5519 880 5597 nominis
928 5522 1299 5597 Langobardo,
1345 5519 1785 5597 qui_Liutprando
1830 5519 1936 5597 regi

365 5589 620 5653 successit
651 5614 663 5647 :
707 5596 800 5649 sed
835 5598 969 5650 hanc
998 5589 1297 5664 opinionem
1327 5589 1566 5648 confutet
1603 5589 1844 5644 Cointius
1874 5590 1939 5641 ad

363 5685 452 5725 an.
493 5671 612 5724 757-

438 5749 462 5778 ⁸
509 5740 673 5809 Vulgo
703 5736 903 5791 I'Audc.
934 5735 1031 5793 Ch.
1058 5735 1151 5804 al.,
1198 5737 1370 5802 Atace,
1409 5743 1459 5790 et
1491 5732 1700 5804 quidem
1735 5732 1816 5785 hic
1846 5730 1941 5785 llu-

2049 5305 2327 5359 Athaulfus
2379 5308 2579 5374 primus
2611 5308 2661 5360 in
2694 5306 3025 5374 Septimania
3073 5307 3387 5361 Gottborum
3422 5305 3515 5361 rex
3560 5309 3633 5363 ibi

2045 5377 2367 5440 consederit,
2394 5380 2463 5430 uti
2486 5379 2732 5431 observat
2755 5377 3052 5434 Alteserra.
3080 5383 3143 5430 At
3165 5376 3335 5444 ipsum
3357 5379 3633 5434 exstitisse

2048 5457 2230 5516 putant
2263 5450 2311 5500 in
2343 5450 2537 5516 oppido
2568 5452 2747 5505 Sancti
2782 5447 3018 5517 Egidii,
3064 5449 3324 5515 hodieque
3351 5452 3418 5501 ob
3448 5464 3632 5503 mona-

2047 5524 2287 5583 sterium,
2315 5519 2456 5587 quod
2498 5521 2550 5573 in
2581 5523 2919 5574 smcularimn
2944 5522 3318 5589 canonicorum
3348 5520 3631 5589 collegium

2047 5605 2366 5643 conversum
2412 5599 2516 5655 est,
2561 5591 2778 5645 celebri.
2827 5589 2949 5645 Fuit
2981 5599 3032 5642 et
3066 5588 3325 5641 Palatium
3356 5588 3631 5643 Ᾰίιηίιὲιιηὶ

2050 5662 2101 5713 in
2135 5661 2425 5722 Levitania,
2454 5660 2539 5714 cui
2566 5665 2823 5715 successit
2844 5660 3015 5715 sanati
3049 5662 3223 5712 Saviui
3254 5669 3629 5714 monasterutut

2053 5747 2215 5801 proin:
2251 5732 2553 5800 Baregium.
2595 5732 2752 5788 Certe
2790 5730 3020 5787 coneltio
3064 5732 3348 5801 Agathensi
3400 5733 3635 5785 subseri
