4132 6348
529 290 634 348 679

1697 280 2114 340 FBEDEGARII
2158 278 2599 337 SCHOLASTICI

3686 261 3811 320 σω

530 411 713 459 mutuo
748 399 1157 470 confligentibus
1178 439 1195 465 ,
1222 394 1506 455 Sarraceni
1548 394 1741 449 devicti
1787 404 1945 465 atque
1973 408 2097 462 pro-
2124 395 2169 452 Α
2202 392 2455 445 restituit.
2475 389 2679 457 Fugato
2708 386 2844 442 duce
2870 384 3149 440 Mauronto
3170 375 3686 470 impenetrabilibus,
3709 381 3800 430 tuo

530 494 706 559 strati,
738 502 1016 549 cernentes
1040 506 1216 563 regem
1238 504 1423 544 eorum
1456 488 1819 551 interfectum,
1858 488 1910 540 in
1930 487 2106 555 fugam

530 583 664 651 lapsi
696 591 841 647 terga
872 590 1165 635 verterunt.
1191 578 1290 645 Qui
1321 585 1602 631 evaserant
1628 576 1906 644 cupientes
1938 574 2106 628 navali

532 675 807 729 evectione
831 674 1081 737 evadere,
1114 670 1167 724 iu
1224 679 1413 740 stagno
1454 668 1619 722 maris
1668 675 1934 727 natantes,
1961 681 2109 719 nam-

532 778 635 830 que
663 762 877 816 sibimet
904 770 1086 815 mutno
1107 769 1297 815 conatu
1326 758 1586 813 insiliunt.
1622 758 1739 812 Mox
1772 754 1961 811 Franci
1988 771 2108 811 cum

534 854 758 907 navibus
779 861 832 907 et
862 852 1045 916 iaculis
1071 849 1375 905 armatoriis
1396 864 1558 917 super
1587 864 1679 902 eos
1712 847 1971 910 insiliunt,
2005 846 2113 899 suf-

534 943 876 1012 focantesque
899 947 951 997 in
973 942 1124 1011 aquis
1148 941 1478 995 interimunt.
1503 940 1697 1007 Sicque
1722 937 1911 992 Franci
1928 938 2112 991 trium-

536 1037 761 1103 pliantes
792 1036 859 1091 de
888 1034 1129 1089 hostibus
1170 1034 1399 1102 przcdam
1446 1047 1690 1103 magnam
1740 1041 1793 1085 et
1822 1031 1989 1100 spolia
2015 1044 2109 1083 ca-

535 1128 718 1195 piunt;
751 1136 902 1195 capta
937 1125 1277 1179 multitudine
1306 1122 1663 1189 captivorum,
1686 1137 1807 1174 cuni
1837 1124 1975 1175 duce
2002 1122 2109 1174 vic-

537 1228 654 1273 tore
704 1219 976 1289 regionem
1028 1216 1327 1271 Gottbicam
1385 1213 1825 1282 depOpulantur'
1886 1230 1897 1263 :
1951 1212 2111 1265 urbes

535 1308 922 1363 famosissimas
937 1308 1100 1377 680
1121 1305 1461 1367 Nemausum,
1490 1307 1731 1371 Agatetn,
1762 1318 1824 1356 ac
1845 1302 2063 1357 Biterris
2082 1302 2109 1341 ι’

537 1400 775 1454 funditus
822 1414 1001 1454 muros
1050 1407 1105 1453 et
1152 1398 1345 1450 nitenia
1396 1397 1613 1450 Carolus
1662 1394 1966 1460 destruens,
1992 1396 2113 1463 igne

538 1500 835 1559 supposito,
879 1490 1271 1550 concremavit;
1336 1488 1639 1542 suburbana
1670 1496 1726 1541 et
1753 1497 1929 1541 castra
1971 1486 2113 1542 illius

538 1581 772 1649 regionis
824 1579 1069 1632 vastavit.
1118 1578 1333 1631 Devicm
1387 1578 1817 1631 adversariorum
1878 1576 2110 1645 agmine,

538 1669 751 1723 Christo
791 1669 843 1722 in
881 1670 1127 1722 omnibus
1170 1668 1414 1737 praesule,
1448 1675 1499 1720 ct
1526 1668 1701 1735 capite
1738 1666 1922 1720 salutis
1943 1669 2113 1721 victo-

2214 481 2434 535 tissimis
2475 480 2717 548 rupibus,
2750 477 3032 532 maritimis
3078 472 3488 535 munitionibus,
3537 469 3799 539 praefatus

2212 570 2461 638 princeps
2482 568 2705 622 Carolus
2734 575 2927 622 cuncta
2955 564 3169 619 sibimet
3206 559 3460 631 acquisita
3486 571 3648 628 regna
3674 557 3795 613 vic-

2213 670 2297 714 tor
2326 676 2605 729 regressus
2635 668 2739 725 est,
2768 660 2915 713 nullo
2941 665 3127 712 contra
3171 670 3294 710 eum
3342 651 3670 715 rebellante;
3703 664 3795 705 re-

2214 766 2508 821 versusque
2535 751 2587 805 in
2635 751 2904 819 regionem
2954 747 3304 810 Francorum,
3336 750 3601 813 aegrotare
3628 740 3794 809 cepit

2212 841 2265 895 in
2297 841 2421 895 villa
2450 840 2756 894 Verimbrea
2792 834 2817 874 ά
2854 852 3014 906 super
3044 837 3210 889 lssara
3235 833 3418 887 ﬂuvio.

2283 934 2382 987 An.
2416 946 2624 987 DCCXLI.
2654 961 2725 971 -—
2746 930 2861 984 CX.
2895 930 2973 983 Eo
3000 930 3198 983 etenim
3228 940 3489 995 tempore,
3518 924 3601 979 bis
3625 937 3654 976 a
3682 924 3791 976 Ro-

2214 1036 2298 1076 ma
2319 1023 2446 1076 sede
2468 1020 2635 1075 sancti
2658 1019 2801 1075 Petri
2828 1018 3067 1088 Apostoli
3086 1018 3271 1073 beatus
3294 1030 3427 1085 papa
3449 1012 3739 1082 Gregorius
3760 1020 3788 1049 ο

2211 1113 2388 1168 claves
2418 1112 2708 1167 venerandi
2744 1111 2997 1179 sepulcri,
3019 1124 3138 1162 cum
3178 1106 3403 1161 vinculis
3452 1106 3622 1158 sancti
3647 1100 3786 1157 Petri

2212 1215 2261 1259 et
2301 1204 2610 1259 muneribus
2649 1202 2855 1271 magnis
2900 1211 2955 1257 et
3002 1200 3245 1263 infinitis,
3276 1198 3619 1267 legationem,
3647 1193 3787 1264 quod

2211 1304 2366 1349 antea
2392 1294 2551 1347 nullis
2576 1292 2772 1347 auditis
2804 1301 2895 1345 aut
2920 1290 3051 1345 visis
3076 1289 3406 1359 temporibus
3436 1287 3555 1350 fuit,
3588 1300 3787 1340 memo-

2212 1395 2332 1441 rato
2363 1384 2592 1454 principi
2630 1383 2939 1438 destinavit.
2977 1383 3053 1436 Eo
3084 1391 3240 1449 pacto
3270 1386 3503 1448 patrato,
3532 1386 3643 1431 uta
3671 1392 3788 1445 par-

2214 1473 2406 1530 tibus‘
2453 1474 2791 1543 imperatoris
2846 1472 3144 1537 recederet,
3176 1478 3229 1524 et
3278 1469 3579 1523 Romanum
3629 1467 3785 1538 681

2214 1566 2549 1621 consulatum
2580 1575 2606 1614 ι
2638 1566 2859 1635 praefato
2901 1564 3123 1633 principi
3154 1561 3347 1615 Carolo
3394 1560 3649 1613 sanciret.
3676 1560 3788 1625 Ipsa

2216 1658 2394 1727 itaque
2424 1659 2671 1726 princeps
2719 1656 2946 1710 mirillco
2976 1667 3038 1709 ac
3086 1650 3369 1722 magnifico
3390 1650 3595 1703 honore
3624 1649 3787 1718 ipsam

540 1762 657 1826 rite,
689 1760 973 1813 salubriter
1025 1760 1277 1812 remeavit
1308 1759 1361 1811 in
1402 1758 1671 1828 regionem
1716 1773 1890 1827 suam,
1922 1759 1974 1811 in
1999 1767 2108 1814 ter-
2142 1753 2189 1811 B
2218 1754 2536 1821 legationem
2567 1751 2793 1820 recepit,
2823 1764 3042 1805 munera
3085 1749 3316 1817 pretiosa
3363 1746 3610 1810 contulit,
3634 1754 3789 1811 atque

538 1866 649 1903 ram
675 1850 994 1905 Francorum
1026 1852 1091 1905 ad
1119 1837 1307 1905 solium
1340 1852 1667 1919 principatus
1692 1852 1797 1907 sui.

607 1944 710 1996 AN.
738 1943 1280 1997 occssxtx.—-Denuo
1301 1943 1572 1996 curriculo
1598 1944 1722 1998 anni
1757 1944 1901 1997 illius
1929 1956 2113 1999 mense

537 2032 771 2083 secundo
802 2041 848 2096 ο,
874 2031 1179 2099 przedictum
1210 2046 1519 2100 germamtm
1541 2045 1692 2085 suum
1723 2048 1841 2086 cum
1876 2033 2114 2102 pluribus

537 2124 763 2177 ducibus
792 2134 951 2193 atque
974 2126 1284 2191 comitibus,
1314 2134 1583 2179 commoto
1605 2126 1867 2189 exercitu,
1899 2126 1963 2179 ad
1996 2141 2115 2194 par-

540 2225 620 2269 tes
645 2214 937 2269 Provincia‘.
961 2215 1169 2285 dirigit;
1229 2216 1559 2270 Avenionem
1591 2219 1777 2272 urbem
1813 2218 2111 2285 venientes,

537 2305 757 2361 Carolus
802 2321 1206 2375 prccproperans
1260 2308 1608 2376 peraccessit,
1642 2320 1999 2379 cunctamque
2027 2325 2115 2366 re-

536 2400 747 2467 gionem
778 2412 945 2468 usque
976 2397 1123 2451 littus
1170 2396 1335 2452 maris
1364 2400 1539 2466 magni
1598 2413 1710 2452 sua:
1765 2398 2113 2454 dominationi

540 2574 647 2642 psit
676 2572 861 2627 Petrus
891 2572 1155 2640 episcopus
1183 2571 1246 2624 de
1280 2569 1502 2636 Palatio,
1534 2587 1690 2641 quem
1722 2572 1957 2627 nonnulli
1979 2574 2115 2629 aula

541 2643 734 2697 Alarici
773 2644 1076 2710 epi~copom
1130 2642 1310 2704 fuisse,
1359 2657 1453 2710 pro
1498 2644 1707 2696 illorum
1761 2644 2106 2698 barbarorum

540 2728 691 2768 more
737 2706 967 2778 putantf
990 2714 1056 2764 At
1098 2711 1280 2765 Petrus
1325 2706 1618 2766 catholicus
1648 2721 1780 2766 erat.
1810 2712 1925 2766 Non
1955 2715 2114 2768 etiam

541 2782 620 2837 sic
646 2783 817 2836 dictus
846 2790 929 2834 est
968 2797 994 2831 a
1039 2782 1162 2834 l’alo
1199 2782 1329 2835 urbe
1370 2779 1501 2834 Pau.
1525 2783 1653 2836 Nam
1684 2780 2007 2837 Galactorius
2054 2784 2118 2839 de

541 2852 777 2906 Benarno
797 2860 849 2906 et
880 2850 1065 2905 Gratus
1086 2854 1149 2904 de
1192 2852 1390 2905 civitate
1432 2852 1656 2907 Olorone
1693 2852 1865 2907 eidem
1888 2856 2117 2910 concilio

541 2924 923 2990 subscripsere.
950 2921 1063 2976 Non
1104 2922 1332 2990 denique
1362 2925 1638 2991 cpisc0pus
1682 2922 2074 2980 Lemovicensis
2100 2964 2115 2991 ,

542 3009 701 3063 qnem
750 2993 829 3046 sic
874 3002 1229 3063 nuncupatum
1282 2991 1441 3047 fuisse
1492 2997 1793 3063 suspicatur
1834 2994 2115 3059 Valesius,

541 3062 682 3133 quod
716 3066 765 3117 in
796 3062 941 3133 urbis
981 3076 1091 3115 sua:
1142 3063 1336 3131 palatio
1368 3062 1705 3127 habitaverit,
1738 3072 1830 3117 aut
1858 3076 2007 3120 certe
2050 3066 2116 3121 ab

541 3133 720 3203 aliquo
740 3148 849 3187 suae
876 3132 1124 3187 diaeresis
1154 3133 1363 3200 palatio.

615 3213 640 3275 ξι
678 3203 837 3275 Clics.
872 3212 925 3275 et
951 3203 1279 3275 Freh.,_cum
1306 3205 1459 3275 duce,
1491 3204 1717 3258 victor...
1750 3204 2118 3275 depOpulatur.

612 3272 640 3312 δ
682 3273 849 3343 Vulgo
877 3273 1055 3327 Nimrs
1080 3313 1093 3335 ,
1125 3273 1297 3343 Agde,
1344 3272 1547 3326 Bésiers
1569 3316 1583 3337 ,
1638 3276 1794 3328 urbes
1816 3272 2122 3331 Occitanitn

543 3342 877 3414 episcopales
924 3344 1233 3414 notissimae.
1268 3342 1371 3395 Pro
1396 3360 1473 3414 ac
1516 3343 1749 3405 Biterris,
1780 3345 1979 3412 aliquot
2022 3345 2121 3402 l-Zd.

549 3413 745 3467 habent
782 3413 861 3465 bis
887 3414 939 3464 in
963 3414 1110 3465 terris
1134 3430 1149 3477 ;
1176 3413 1355 3476 Colb.,
1384 3413 1481 3466 hac
1508 3413 1559 3466 in
1587 3416 1756 3467 terris.
1778 3415 1877 3467 Ch.
1906 3414 2001 3477 al.,
2027 3415 2122 3470 Be-

545 3484 703 3536 teriis.
728 3482 859 3535 Bob.
878 3523 892 3547 ,
925 3482 1081 3545 infra,
1109 3491 1496 3537 concremant...
1529 3494 1790 3537 vastant...
1812 3494 2119 3541 remearunt.

619 3562 641 3591 ο
683 3552 922 3605 Cointius
944 3551 1084 3604 hunc
1114 3552 1282 3604 locum
1314 3553 1390 3605 sic
1421 3554 1803 3609 restituendum
1844 3570 1963 3609 esse
1991 3570 2121 3611 cen-

545 3632 625 3676 set
653 3638 668 3673 :
702 3620 880 3674 Denuo
905 3620 1307 3694 curriculoanni
1333 3628 1551 3676 secundo
1575 3627 1895 3694 prtedicum,
1928 3627 1975 3678 id
2018 3636 2119 3691 est,

547 3708 688 3747 anno
718 3703 835 3760 post
864 3691 1267 3763 secundo.Nam
1297 3694 1425 3746 alias
1440 3693 1553 3748 haec
1575 3691 1808 3748 Secunda
1834 3691 2120 3763 expeditio,

546 3758 734 3817 eodem
766 3762 1050 3834 ann07737,
1084 3779 1191 3834 quo
1231 3765 1392 3829 prior,
1424 3774 1476 3819 et
1503 3766 1738 3817 secundo
1762 3758 1973 3833 quidem
2008 3758 2126 3834 post

546 3848 750 3896 mense,
780 3833 1137 3903 consignanda
1168 3833 1328 3903 foret;
1363 3836 1501 3900 quod
1535 3834 1803 3889 Chronico
1830 3833 2121 3890 Fontanel—

547 3904 678 3959 lensi
710 3915 763 3959 et
794 3904 910 3957 aliis
953 3902 1313 3957 monumentis
1343 3915 1618 3974 repugnat,
1648 3921 1711 3959 ex
1742 3906 1935 3973 quibus
1959 3907 2123 3961 disci-

550 3988 668 4028 mus
709 3976 939 4045 priorem
970 3988 1110 4045 anno
1154 3973 1274 4045 7577,
1311 3976 1534 4029 alteram
1566 3992 1653 4029 an.
1688 3975 1790 4030 739
1823 3988 2122 4045 susceptam

546 4044 732 4099 fuisse.
766 4043 957 4117 Paulus
980 4044 1270 4117 Diac.,_lib.
1301 4060 1349 4099 v1
1381 4046 1515 4100 Hist.
1542 4048 1730 4117 Lang.,
1760 4043 1993 4101 Isidorus
2029 4048 2124 4117 Pa-

549 4118 756 4175 censis;
802 4114 1090 4169 llodericus
1136 4113 1463 4179 Toletanus;
1513 4113 1858 4183 Anastasius,
1910 4119 1959 4170 in
2009 4116 2126 4171 Vita

548 4183 792 4253 Gregorii
818 4185 880 4238 ΙΙΙ
930 4195 984 4238 et
1034 4184 1121 4238 alii
1148 4191 1338 4256 passim
1361 4196 1604 4242 auctores
1627 4187 1801 4242 Caroli
1823 4188 2126 4256 expeditio-

548 4269 644 4310 nes
674 4258 725 4309 in
756 4257 1080 4309 Sarracenos
1108 4254 1338 4308 laudant.

618 4325 645 4363 ἀ
680 4326 831 4396 Coll).
864 4334 918 4379 et
947 4334 1053 4378 vet.
1078 4324 1176 4378 Ed.
1210 4324 1498 4380 Vermbrea.
1523 4326 1682 4381 Freh.
1714 4326 1806 4391 al.,
1843 4325 2125 4396 Vermeria,

549 4394 710 4468 Ches.
739 4395 812 4447 al.
854 4396 1000 4468 addit
1023 4398 1410 4468 superﬂuvium
1452 4396 1667 4468 lseram.
1704 4397 1972 4451 Vermeria
2001 4394 2126 4468 pro;

550 4467 722 4534 prium
750 4475 830 4517 est
855 4465 1010 4536 hujus
1038 4465 1216 4536 Oppidi
1243 4480 1456 4536 nomen,
1488 4467 1627 4521 inter
1653 4465 2042 4536 Compendium
2075 4483 2128 4524 et

550 4536 905 4591 Silvanectum
946 4535 1071 4600 siti,
1107 4534 1261 4604 vulgo
1306 4534 1559 4592 Verberie.
1599 4537 1729 4593 Vide
1765 4534 1953 4593 Valesii
1992 4544 2128 4595 uoti—

550 4606 675 4661 tiam
707 4615 760 4659 et
789 4606 877 4657 lib.
911 4620 960 4657 Iv
986 4606 1051 4659 de
1082 4605 1157 4660 Re
1182 4607 1540 4671 diplontatica.

628 4686 653 4714 ο
694 4677 740 4730 ls
762 4686 843 4730 est
866 4673 1151 4745 Gregorius
1182 4677 1241 4729 ΙΙΙ
1263 4677 1351 4744 qui
1382 4678 1631 4743 epistolas
1660 4678 1794 4733 duas
1821 4679 2009 4734 eadem
2040 4696 2130 4736 oc-

551 4747 767 4802 casione
796 4748 985 4800 Carolo
1015 4748 1262 4819 scripsit,
1293 4762 1412 4816 quae
1442 4748 1508 4801 ad
1551 4764 1646 4802 nos
1677 4765 1843 4819 usque
1874 4767 2129 4818 pervene-

553 4826 695 4873 runt.
729 4819 783 4871 In
808 4818 871 4871 iis
897 4819 1069 4871 varias
1094 4818 1444 4882 calamitates,
1470 4834 1600 4886 quas
1629 4818 1861 4873 Ecclesia
1896 4820 2128 4875 Romana

552 4904 583 4943 a
614 4888 977 4957 Langobardis
1010 4888 1328 4957 patiebatur,
1361 4889 1575 4961 Carolo,
1606 4906 1760 4961 quem
1808 4891 2131 4961 subregulunt

552 4970 846 5029 nuncupat,
886 4960 1139 5029 exponit;
1179 4972 1441 5028 Opemque
1465 4959 1580 5029 ejus
1608 4959 1863 5014 adversus
1891 4959 2010 5015 illus
2033 4965 2131 5016 im-

550 5032 741 5153 plorat,
774 5031 989 5083 mittens
1018 5032 1065 5084 ei
1095 5028 1258 5083 claues
1279 5028 1607 5101 confessionis
1647 5033 1776 5085 beati
1802 5029 1963 5085 Petri.
1996 5033 2131 5098 Qui-

593 5118 652 5153 us
682 5101 860 5153 verbis
880 5100 1119 5153 Cointius
1148 5110 1201 5153 et
1227 5103 1311 5153 alii
1354 5102 1573 5153 intelligi
1607 5105 1790 5153 volunt
1816 5106 1993 5153 claves
2038 5119 2131 5153 au-

593 5118 652 5153 us
682 5101 860 5155 verbis
880 5100 1119 5155 Cointius
1148 5110 1201 5153 et
1227 5103 1311 5153 alii
1354 5102 1573 5170 intelligi
1607 5105 1790 5156 volunt
1816 5106 1993 5156 claves
2038 5119 2133 5158 au-

552 5187 678 5238 reas,
715 5175 766 5224 in
797 5171 987 5239 quibus
1012 5172 1207 5239 aliquid
1238 5173 1299 5223 de
1327 5172 1566 5225 limatum
1610 5185 1809 5227 eatena:
1838 5175 2004 5227 sancti
2038 5174 2135 5227 Pe-

553 5243 617 5295 tri
649 5242 903 5295 inclusum
949 5250 1085 5305 erat,
1117 5242 1299 5309 quales
1338 5241 1627 5310 Gregorius
1670 5245 1887 5311 Magnus
1916 5246 2134 5298 Childe-

552 5311 701 5365 berto
740 5312 864 5365 olim
898 5314 1297 5375 transmiserat,
1329 5314 1419 5366 lib.
1452 5330 1480 5365 v
1512 5316 1670 5380 epist.
1705 5315 1759 5377 6,
1790 5327 1842 5367 ut
1863 5318 1995 5368 collo
2024 5332 2138 5369 sus-

552 5397 717 5447 pensae
742 5395 861 5433 eum
889 5399 921 5434 α
956 5384 1107 5436 malis
1143 5383 1373 5435 omnibus
1401 5393 1679 5449 tuerentur,
1705 5398 1809 5438 etc.
1844 5387 1991 5439 Unde
2018 5388 2131 5437 haec

550 5453 735 5526 verba,
765 5454 900 5526 quod
935 5464 1091 5526 _antea
1136 5453 1293 5526 nut'lis
1331 5454 1521 5526 auditis
1547 5465 1637 5505 aut
1679 5456 1798 5526 visis
1825 5458 2132 5526 temporibus

553 5522 669 5589 fuit,
696 5522 763 5593 de
790 5524 901 5587 ipsa
934 5524 1197 5591 legatione
1228 5524 1291 5575 ad
1321 5539 1475 5591 Opem
1500 5525 1885 5593 implorandam
1926 5522 2133 5579 intelli-

552 5600 703 5661 gunt.
734 5590 874 5659 Lege
904 5590 1081 5646 notam
1107 5590 1442 5661 sequentem.

625 5661 645 5698 τ
668 5660 813 5740 ,Εάριι
845 5676 1031 5740 omnes
1060 5702 1074 5726 ,
1094 5672 1161 5740 .ut_
1190 5660 1260 5740 ad
1304 5675 1473 5740 partes
1475 5665 1814 5740 imperatoris
1848 5666 2129 5740 recederet.

552 5730 799 5785 lntricata
827 5740 908 5784 est
934 5731 1163 5785 Aimoini
1208 5730 1365 5787 lectio
1406 5752 1418 5787 :
1468 5730 1747 5790 Ecclesium
1774 5752 1805 5789 α
1837 5733 2133 5804 Langobar-

2216 1858 2337 1898 cum
2371 1842 2581 1912 magnis
2604 1839 2839 1911 praemiis
2863 1854 2983 1894 cum
3011 1839 3125 1893 suis
3148 1836 3419 1891 sodalibus
3469 1835 3648 1889 missis
3674 1832 3791 1888 Gri-

2215 1955 2449 2006 monem,
2505 1938 2752 1994 abbatem
2801 1936 3109 1991 Corbiensis
3137 1932 3163 1971 δ
3195 1930 3525 1995 monasterii,
3561 1939 3616 1985 et
3656 1928 3792 1997 Sigi-

2215 2033 2447 2095 bertum,
2480 2030 2751 2085 reclusum
2784 2026 3017 2081 basilicae
3046 2024 3219 2080 sancti
3252 2021 3487 2092 Dionysii
3518 2019 3788 2089 martyris,

2217 2122 2442 2176 Romam
2469 2120 2534 2174 ad
2576 2119 2755 2173 limina
2787 2116 2958 2171 sancti
3005 2114 3153 2169 Petri
3181 2120 3237 2168 et
3288 2112 3460 2165 sancti
3495 2110 3644 2163 Pauli
3672 2109 3794 2162 des«

2216 2212 2424 2267 tinavit.
2461 2209 2627 2281 Igitur
2654 2220 2981 2264 memoratus
3004 2210 3277 2277 princeps,
3306 2204 3534 2259 consilio
3561 2204 3794 2271 Optima.

2216 2315 2326 2359 tum
2355 2317 2573 2358 suorum
2603 2302 2859 2372 expetito,
2903 2301 3027 2356 filiis
3065 2301 3177 2355 suis
3210 2313 3370 2368 regna
3401 2296 3415 2334 ί
3445 2296 3656 2351 dividit.
3690 2295 3794 2349 ita-

2216 2411 2319 2467 que
2359 2396 2715 2469 primogenito
2754 2409 2872 2462 suo,
2905 2392 3264 2449 Carlomanno
3291 2390 3541 2447 nomine.
3575 2391 3792 2452 Auster,

2217 2572 2398 2626 dorum
2423 2572 2693 2642 tyrannide
2712 2570 3011 2625 liberaret...
3042 2580 3090 2624 et
3114 2587 3147 2625 α
3169 2568 3397 2631 partibus
3428 2566 3796 2642 Langobardo-

2216 2660 2331 2696 rum
2360 2640 2632 2705 recederet,
2658 2658 2718 2695 ac
2758 2642 3044 2695 Romanum
3064 2642 3349 2694 consultum
3378 2642 3626 2705 praefatus
3656 2640 3797 2700 prin-

2218 2730 2333 2782 ceps
2362 2712 2576 2767 Carolus
2602 2713 2838 2767 sanciret.
2868 2711 3015 2767 Unde
3038 2709 3280 2782 Cointius
3306 2710 3382 2782 sic
3410 2708 3796 2782 restituendum

2218 2774 2403 2837 censet
2432 2784 2667 2837 auctoris
2697 2785 2863 2836 nostri
2894 2790 3094 2837 textum
3131 2799 3145 2833 :
3179 2779 3244 2834 Ut
3284 2781 3350 2831 ad
3378 2790 3548 2847 partes
3571 2774 3798 2843 Impera-

2219 2855 2345 2907 toris
2372 2855 2649 2915 accederet,
2691 2864 2736 2905 et
2771 2852 3056 2905 Romanum
3086 2851 3394 2912 consultum,
3425 2858 3553 2910 etc.,
3576 2857 3799 2901 conten-

2218 2924 2352 2978 dens
2399 2924 2528 2977 nihil
2554 2923 2697 2977 aliud
2722 2922 3035 2991 Gregorium
3066 2922 3319 2985 voluisse,
3351 2934 3502 2989 quam
3532 2928 3586 2991 ut
3626 2917 3795 2969 Caro-

2221 2994 2323 3057 ius,
2360 3004 2509 3064 rupta
2537 3008 2658 3048 cum
2690 2988 3224 3064 LangObardispace,
3258 2988 3588 3064 imperatoris
3616 2998 3797 3055 partes

2229 3060 2454 3134 suscipe:
2468 3074 2541 3120 et.
2575 3069 2661 3130 At,
2689 3067 2740 3118 ni
2771 3060 2944 3127 fallor,
2968 3060 3155 3134 melior
3175 3071 3255 3115 est
3275 3074 3463 3134 nostra
3474 3060 3653 3134 lectio,
3676 3070 3798 3134 qua:

2152 3124 2200 3184 C
2230 3143 2313 3188 est
2340 3124 2497 3197 mss.,
2526 3149 2627 3201 qua
2646 3124 2843 3197 :auctor
2881 3124 3052 3187 innuit
3091 3132 3402 3201 Gregorium
3427 3129 3617 3183 Carolo
3647 3124 3799 3193 pelli-

2226 3205 2389 3258 citum
2418 3207 2601 3269 fuisse,
2628 3206 2750 3259 utsi
2782 3205 3048 3258 Romanos
3077 3220 3105 3256 a
3133 3202 3597 3273 Langobardontm
3622 3207 3800 3273 tyran-

2226 3274 2351 3328 nide
2404 3267 2674 3344 liberaret,
2734 3275 3032 3344 posthabita
3085 3267 3455 3344 itnper'atoris,
3496 3271 3592 3344 qui
3641 3267 3800 3322 Italia:

2226 3359 2382 3413 Opem
2411 3360 2515 3399 non
2548 3340 2769 3408 ferebat,
2798 3344 3176 3408 dominatione,
3201 3358 3258 3397 se
3281 3342 3477 3413 Carolo
3496 3340 3794 3413 Romanum

2225 3411 2557 3469 cOusulatum
2589 3417 2927 3469 collaturum.
2964 3415 3113 3481 Quod
3143 3414 3356 3483 quidem
3382 3412 3507 3476 etsi,
3545 3411 3798 3483 defuncto

2228 3488 2387 3553 paulo
2414 3494 2532 3551 post
2559 3486 2752 3539 Carolo
2773 3528 2788 3550 ,
2818 3489 2925 3538 imo
2958 3476 3011 3540 et
3047 3476 3172 3553 ipso'
3202 3482 3479 3552 Gregorio,
3510 3492 3638 3535 tunc
3676 3476 3801 3532 infe-

2225 3565 2369 3609 ctum
2412 3557 2589 3618 fuerit,
2623 3565 2803 3623 postea
2837 3568 3011 3608 tamen
3053 3554 3249 3617 evenit,
3285 3565 3555 3623 utAomnes
3584 3559 3808 3623 norunt.

2231 3624 2379 3679 Unde
2404 3620 2635 3693 conjicio
2652 3627 2829 3680 claves
2857 3642 2989 3693 quas
3014 3623 3301 3693 Gregorius
3329 3620 3519 3677 Carolo
3547 3620 3802 3693 transtni-

2226 3696 2316 3764 sit,
2350 3692 2515 3749 veras
2537 3696 2697 3750 luisse
2771 3692 3143 3749 confessionis
3181 3694 3351 3748 sancti
3400 3693 3537 3747 Petri
3583 3692 3801 3764 claves,

2227 3760 2359 3834 quas
2386 3767 2437 3819 in
2475 3766 2662 3835 pignus
2705 3766 3078 3820 dominationis
3115 3766 3162 3819 ei
3209 3764 3545 3835 conferenda:
3584 3760 3803 3835 traditas

2226 3831 2654 3905 volebatfid'que
2681 3837 2906 3891 innuunt
2933 3837 3046 3891 htec
3076 3835 3231 3890 verba
3260 3834 3499 3904 epistola:
3540 3831 3805 3905 pontiﬁcis

2227 3908 2291 3959 ad
2321 3904 2600 3960 Carolum’:
2632 3906 2856 3979 Conjuro
2877 3918 2988 3961 te...
3025 3922 3113 3974 per
3140 3906 3277 3974 ipsas
3304 3904 3675 3979 sacratissimas
3698 3904 3805 3979 cla-

2227 3992 2306 4029 ses
2328 3979 2660 4046 confessionis
2689 3972 2851 4031 sancti
2889 3972 3050 4041 Petri,
3080 3972 3205 4045 quas
3235 3976 3369 4028 vobis
3395 3977 3459 4027 ad
3489 3989 3701 4046 regnum
3726 3972 3806 4046 fli-

2229 4042 2476 4101 misimus.
2510 4048 2665 4103 Certe
2695 4059 2929 4103 nostram
2950 4042 3229 4103 lectiOnem
3260 4046 3470 4099 disertis
3494 4042 3673 4097 verbis
3719 4042 3807 4096 fir-

2232 4129 2374 4169 mant
2404 4118 2635 4172 Annales
2680 4120 2993 4183 Mettenses,
3024 4119 3079 4171 in
3114 4118 3303 4186 quibus
3338 4116 3525 4184 legitur
3551 4110 3807 4186 tEpt'sto-

2229 4187 2331 4239 tum
2361 4205 2559 4257 quoque
2583 4191 2780 4243 decreta
2813 4184 3157 4242 Romanorum
3182 4187 3466 4257 principum
3495 4184 3588 4237 sibi
3616 4200 3710 4251 pra
3726 4184 3807 4257 di-

2230 4268 2340 4331 ctus
2396 4258 2584 4325 praesul
2633 4256 2908 4331 Gregorius
2955 4256 3196 4331 miserat,
3245 4257 3537 4331 quodsese
3587 4256 3807 4331 populus

2236 4326 2518 4399 Romanus,
2570 4325 2756 4383 relicta'
2798 4332 3123 4399 imperatoris
3159 4326 3522 4399 dominatione,
3568 4325 3637 4376 ad
3666 4340 3807 4399 suam

2234 4398 2577 4467 defensionem
2602 4412 2647 4453 et
2688 4394 2926 4454 invicta-in
2950 4399 3275 4467 clementiami
3290 4396 3595 4449 committere
3622 4394 3807 4467 uoluis-

2234 4464 2326 4522 set.
2369 4468 2475 4523 Nec
2510 4471 2699 4525 minori
2737 4471 3001 4526 incentivo
3041 4466 3499 4540 egebat‘Caro‘lus,
3532 4474 3587 4517 ut
3623 4464 3807 4540 foedus

2234 4554 2352 4592 cum
2386 4541 2743 4610 Langobardis
2772 4534 3122 4611 frangeretfa
3153 4537 3434 4611 quibusin
3466 4534 3806 4611 expeditione

2236 4605 2576 4682 Sarracenica
2604 4611 2815 4682 egregie
2854 4605 3023 4665 fu'erat
3047 4605 3280 4682 adjutus.
3314 4606 3445 4662 Vide
3473 4605 3625 4660 Paul.
3658 4606 3803 4661 Diae.

2235 4680 2330 4735 lib.
2364 4695 2393 4731 v
2427 4682 2560 4735 llist.
2593 4677 2826 4746 Langob.
2857 4697 3009 4749 capp.
3043 4679 3111 4733 55
3133 4690 3186 4734 et
3213 4677 3302 4734 54.

2308 4759 2332 4795 8
2363 4752 2521 4815 Boh.,
2548 4761 2592 4805 et
2625 4751 2855 4807 Romano
2880 4752 3133 4805 consulto.

2307 4818 2333 4856 δ
2368 4820 2552 4885 Freh.,
2584 4821 2848 4877 Corvensis
2870 4840 2885 4887 ;
2911 4824 2999 4875 alii
3017 4868 3030 4889 ,
3055 4820 3344 4875 Corbensis.
3369 4817 3594 4873 Celebre
3627 4833 3806 4889 mona-

2236 4891 2743 4961 steritierorbeite.
2774 4893 2929 4961 vulgo
2957 4888 3167 4957 Carbie,
3201 4892 3277 4944 sic
3306 4890 3505 4943 dictum
3538 4888 3806 4961 alluvioto

2237 4960 2574 5030 cognomine,
2602 4967 2687 5031 qui
2722 4964 2791 5017 ibi
2823 4958 3185 5018 in'Sutnenam
3216 4960 3407 5025 influit,
3436 4974 3465 5012 a
3488 4973 3667 5012 sancta
3694 4958 3807 5031 [ial-

2239 5028 2405 5087 tbilde
2426 5028 2646 5100 ejusque
2670 5035 2776 5088 filio
2804 5033 3075 5088 Chlotario
3108 5048 3231 5101 rege
3258 5032 3539 5101 conditum
3562 5028 3806 5101 estLGri-

2241 5117 2453 5155 nionem
2497 5098 2623 5156 vero
2654 5106 2738 5157 hic
2770 5106 3036 5157 laudatum
3085 5098 3262 5168 postea
3308 5102 3372 5154 ad
3416 5099 3607 5153 infulas
3647 5098 3807 5151 Roto-

2243 5177 2511 5239 niagensis
2543 5174 2797 5228 Ecclesia:
2822 5184 3068 5228 evectum
3099 5171 3263 5226 fuisse
3295 5181 3444 5239 putat
3486 5170 3806 5239 Pomeruyus

2243 5243 2295 5295 in
2330 5238 2557 5296 Historia
2604 5245 2853 5311 Archiep.
2894 5244 3173 5312 Rotomag.
3209 5251 3275 5295 At
3298 5238 3614 5312 refragatur
3645 5238 3804 5291 Cuiu-

2246 5314 2368 5379 tius,
2399 5316 2485 5379 qui
2513 5314 2819 5368 Grimonem
2850 5316 3018 5368 multo
3049 5311 3171 5367 ante
3201 5327 3398 5364 annum
3425 5311 3516 5361 Ml
3557 5311 3809 5361 liotoma-

2239 5386 2389 5453 gensi
2419 5385 2673 5438 Ecrlesuc
2702 5385 2976 5453 pr:rfni.se
3006 5383 3298 5437 contendit.
3334 5381 3632 5453 Sigtbertns
3658 5394 3807 5439 vero,

2238 5449 2366 5519 seu,
2399 5466 2454 5508 ut
2485 5454 2683 5510 habent
2705 5449 2852 5508 Editi
2894 5465 2947 5510 et
2988 5455 3145 5518 Boh.,
3189 5449 3506 5523 Sigobertus,
3536 5449 3673 5523 alius
3703 5465 3806 5523 non

2239 5524 2353 5585 fuit,
2382 5538 2436 5578 ut
2466 5538 2645 5579 censet
2678 5526 2956 5593 Dubletus,
2989 5540 3020 5579 a
3047 5520 3383 5593 Singiberto,
3414 5522 3505 5592 qui
3535 5520 3810 5589 Dionysia-

2239 5610 2336 5648 nns
2365 5595 2531 5649 abbas
2559 5606 2741 5663 postea
2770 5598 2882 5651 fuit.

2316 5664 2331 5702 ί
2367 5666 2489 5731 Ed.,
2516 5662 2708 5735 praeter
2734 5665 2919 5732 Clies.,
2944 5681 3185 5736 regnum.
3198 5662 3429 5736 Francia
3451 5663 3503 5716 in
3530 5663 3627 5716 tria
3650 5671 3808 5736 regna

2247 5734 2340 5789 luit
2382 5731 2712 5790 olitn'divisa
2733 5778 2748 5804 ,
2778 5731 3106 5792 Austrasiam
3130 5779 3143 5803 ,
3167 5732 3530 5791 Neustrasiam
3548 5774 3564 5802 ,
3592 5742 3647 5790 ct
3676 5731 3799 5786 Bur-
