4132 6348
565 323 670 382 685

1194 325 1614 384 FREDEGAR"
1653 326 2092 384 SCHOLASTICI
2123 327 2368 382 CllllUN.
2400 325 2528 380 CON
2549 325 2664 381 HN.
2711 325 2885 384 PARS
2913 328 3189 385 TERTIA.

3726 322 3800 371 (i8
3821 321 3844 372 ί

566 453 730 504 mam,
761 447 1017 509 sequente
1048 454 1186 491 anno
1207 479 1220 500 ,
1249 449 1533 506 provocato
1553 438 1818 494 cothurno
1841 440 2136 496 Wascono-
2169 450 2212 501 Α
2243 443 2486 494 stiteraut
2525 452 2576 506 υ,
2614 442 2917 509 plenissima
2942 443 3207 497 solutione
3233 445 3300 499 ab
3319 445 3480 516 685
3501 461 3568 501 eo
3591 454 3844 517 tempore

567 545 726 594 runt,
776 530 965 584 iterum
999 537 1218 596 'usque
1271 529 1335 582 ad
1388 529 1613 599 Ligerim
1665 529 1885 586 ﬂuvium
1939 532 2142 602 pariter

567 617 781 672 adunati
814 629 1091 673 venerunt.
1115 620 1267 685 Quod
1304 621 1547 674 videntes
1577 619 1870 677 Wascones
1890 665 1903 690 ,
1937 637 2136 691 pratoc-

564 719 911 780 eupaverunt,
947 725 1130 778 pacem
1161 719 1421 779 petentes,
1462 722 1517 766 et
1557 713 1885 768 voluntatem
1931 714 2139 784 Pippini

567 808 619 860 in
646 807 894 861 omnibus
924 816 1304 876 exsequentes,
1335 816 1669 861 muneratum
1703 822 1826 863 eum
1868 822 1899 861 a
1943 807 2137 863 ﬁnibus

561 898 673 952 suis
702 905 761 951 ut
791 898 990 952 rediret
1022 897 1271 966 precibus
1301 897 1675 953 obtinuerunt.

635 990 736 1042 AN.
787 985 1308 1043 acerna—CXV.
1359 988 1451 1043 Ilis
1503 989 1826 1056 transactis,
1880 1003 2142 1060 sequente

563 1095 740 1145 anno,
766 1080 891 1134 dum
923 1080 1206 1134 Alamanni
1256 1089 1440 1134 contra
1483 1080 1902 1135 Carlomannum
1954 1097 2140 1135 eorum

563 1173 720 1227 fidem
751 1172 1087 1235 fefellissent,
1122 1173 1234 1241 ipse
1262 1189 1382 1227 cum
1414 1189 1605 1241 magno
1637 1173 1814 1227 furore
1835 1189 1955 1227 cum
1989 1189 2141 1226 exer-

561 1263 669 1317 citu
699 1265 750 1319 in
778 1279 960 1318 eorum
995 1266 1219 1332 patriam
1251 1267 1573 1332 peraccessit
1597 1305 1611 1328 ,
1659 1272 1715 1318 et
1756 1264 2012 1332 plurimos
2050 1277 2142 1316 eo-

562 1367 713 1419 rum,
753 1354 842 1423 qui
890 1362 1076 1406 contra
1126 1353 1301 1421 ipsum
1332 1352 1563 1407 rebelles
1589 1352 1930 1417 existebant,
1963 1352 2143 1422 gladio

562 1444 867 1499 trucidavit.

638 1541 739 1592 Att.
781 1551 1044 1590 DCCXLVII.
1069 1565 1140 1579 —-
1168 1534 1353 1591 CXVI.
1391 1535 1483 1591 llis
1528 1536 1598 1590 ita
1647 1536 1849 1605 gestis,
1893 1536 2137 1604 sequenti

564 1628 836 1684 curricqu
877 1643 1166 1695 annorum,
1199 1629 1586 1683 Carlomannus
1625 1629 1929 1684 devotionis
1979 1644 2138 1684 causa

561 1721 886 1777 inexstiuctu
916 1720 942 1758 δ
969 1737 1257 1776 succensus
1278 1765 1292 1790 ,
1327 1733 1548 1791 regnum
1593 1735 1696 1774 una
1742 1735 1864 1775 cum
1907 1721 2014 1775 lilio
2041 1737 2140 1776 suo

575 1813 823 1881 Drogone
852 1814 1102 1867 manibus
1142 1813 1381 1883 germani
1416 1814 1494 1866 sui
1527 1813 1733 1881 Pippini
1775 1814 2145 1876 committens,

567 1903 633 1954 ad
669 1903 849 1956 limina
883 1905 1158 1956 beatorum
1192 1903 1556 1971 apostolorum
1591 1902 1731 1955 Petri
1772 1913 1825 1956 et
1859 1902 2007 1956 Pauli
2043 1903 2141 1954 Rn-

559 2008 722 2058 tnam,
759 1994 810 2046 in
840 1994 1223 2047 monachorum
1251 1993 1441 2045 ordine
1467 2003 1906 2060 perseveraturus
1933 2003 1953 2030 ο
1982 1991 2141 2046 adve-

561 2084 657 2138 nit.
690 2083 803 2148 Qua
833 2085 1174 2138 successione
1209 2083 1463 2152 Pippinus
1493 2084 1778 2136 roboratur
1811 2085 1862 2137 in
1893 2098 2138 2153 regnum.

632 2175 839 2231 CXVII.
863 2176 1062 2230 Eodem
1087 2176 1499 2241 annoSaxunes,
1518 2189 1666 2229 more
1681 2184 1960 2238 consueto,
1979 2173 2138 2228 tidem

562 2279 722 2330 quam
750 2281 1004 2335 germano
1041 2281 1141 2320 suo
1173 2265 1530 2334 promiserant
1552 2264 1764 2318 mentiri
1795 2264 1970 2318 conati
1993 2273 2138 2319 sunt.

558 2357 670 2425 Qua
693 2357 761 2412 dc
782 2373 940 2412 causa
963 2374 990 2410 a
1016 2362 1195 2411 lunato
1222 2359 1480 2421 exercitu,
1504 2372 1596 2412 eos
1621 2360 1911 2425 praevenire
1941 2356 1967 2395 ἀ
1989 2373 2137 2412 com-

560 2450 744 2516 pulsus
770 2457 869 2504 est.
902 2449 996 2502 Cui
1028 2450 1188 2501 etiam
1239 2462 1390 2514 reges
1431 2446 1765 2500 Wiuidorum
1805 2461 1898 2501 seu
1939 2446 2138 2501 Frisio-

559 2554 687 2592 num
715 2539 782 2593 ad
814 2539 1178 2592 auxiliandum
1210 2553 1318 2591 uno
1352 2538 1535 2591 animo
1569 2548 1956 2591 convenerunt.
1985 2536 2138 2604 Quod

561 2632 802 2688 videntes
829 2631 1092 2697 Saxones,
1114 2642 1372 2686 consueto
1403 2631 1594 2684 timore
1619 2632 1915 2699 compulsi,
1956 2632 2137 2687 multis

560 2740 625 2778 ex
655 2725 736 2780 eis
761 2724 869 2793 jam
893 2724 1196 2790 trucidatis,
1231 2735 1286 2778 et
1320 2725 1370 2778 in
1399 2725 1708 2793 captivitate
1738 2724 1935 2789 lNiSsiS,
1966 2727 2137 2793 regio-

560 2819 715 2872 nibus
740 2832 926 2873 eorum
968 2819 1195 2888 igneque
1235 2817 1612 2881 concrematis,
1664 2831 1848 2886 pacem
1894 2827 2138 2886 petentes

560 2911 659 2981 [uri
693 2910 1017 2965 Francorum
1048 2925 1190 2975 sese,
1223 2919 1277 2964 ut
1300 2909 1593 2974 antiquitus
1619 2923 1736 2962 mos
1764 2909 1934 2963 fuerat
1960 2951 1973 2972 ,
2016 2910 2140 2964 sub.

560 3002 848 3058 diderunt:
877 3013 932 3060 et
952 3019 1014 3058 ea
1045 3004 1237 3059 tributa
1266 3019 1384 3074 quae
1414 3002 1684 3058 Chlotario
1713 3002 1978 3074 quondam
2001 3017 2142 3073 pra:-

2247 534 2498 601 deiuceps
2527 547 2647 590 esse
2675 549 2736 588 se
2766 535 3069 590 reddituros
3101 538 3484 605 promiserunt.
3525 538 3607 592 Ex
3632 539 3842 610 quibus

2247 621 2474 691 plurima
2503 622 2789 677 multitudo
2819 624 3061 682 videntes
3081 642 3140 682 se
3169 636 3352 682 contra
3383 628 3638 699 impetum
3660 630 3842 684 Fran-

2244 728 2429 769 corum
2453 714 2719 770 rebellare
2741 729 2845 772 non
2871 731 3054 786 posse,
3081 719 3310 788 propriis
3332 721 3532 774 viribus
3561 719 3842 786 destituti,

2247 806 2519 873 petierunt
2563 805 2664 860 sibi
2706 804 3128 862 Christianitatis
3167 822 3524 865 sacramenta
3549 811 3830 866 ωηιξη-ε.

2245 898 2361 963 Quo
2384 906 2599 966 peratto
2625 905 2863 966 tempore
2888 897 3129 967 Bagoarii
3149 899 3374 954 consilio
3397 899 3746 955 nefandorum
3782 900 3805 937 τ
3820 942 3838 964 ,

2246 987 2437 1041 iterum
2468 1001 2652 1041 eorum
2686 986 2844 1041 tidem
2876 987 3207 1053 fefellerunt,
3232 999 3285 1042 et
3313 998 3498 1043 contra
3541 991 3834 1058 praefatum

2247 1077 2538 1145 principem
2567 1094 2750 1133 eorum
2782 1078 2940 1133 [idem
2969 1079 3178 1133 mentiti
3205 1089 3350 1134 sunt.

2317 1175 2415 1222 An.
2453 1183 2697 1222 bccxux.
2723 1197 2792 1208 —-
2813 1170 2924 1233 Qua
2953 1169 3018 1222 de
3045 1185 3102 1224 re
3121 1179 3392 1224 commoto
3421 1178 3660 1225 exercitu
3701 1187 3834 1227 cum

2247 1275 2441 1330 magno
2481 1262 2694 1329 agmine
2738 1267 2994 1329 apparata
3024 1274 3210 1315 eorum
3240 1264 3439 1332 patrias
3484 1265 3833 1330 permansit.

2245 1351 2348 1420 Ipsi
2377 1364 2505 1405 vero
2537 1360 2742 1405 terrore
2771 1352 3030 1420 compulsi
3074 1352 3211 1406 ultra
3263 1353 3480 1410 ﬂuvium
3512 1357 3618 1426 Igni
3653 1364 3678 1404 ε
3709 1371 3839 1411 cum

2247 1443 2501 1496 uxoribus
2545 1457 2607 1497 ac
2636 1443 2817 1498 liberis
2862 1458 3048 1498 eorum
3092 1442 3387 1514 fugientes,
3411 1458 3461 1501 et
3499 1463 3837 1505 memoratus

2247 1533 2494 1603 princeps
2541 1548 2702 1603 super
2749 1533 2922 1603 ripam
2969 1535 3080 1604 Igni
3126 1545 3303 1592 castra
3335 1549 3603 1603 metatus,
3638 1543 3833 1596 navale

2244 1627 2484 1698 praelium
2530 1626 2880 1697 praeparavit,
2909 1628 3138 1696 qualiter
3176 1643 3270 1683 eos
3304 1629 3371 1682 ad
3402 1631 3833 1686 internecionem

2244 1727 2671 1788 persequeretur.
2703 1717 2854 1784 Quod
2885 1719 3126 1774 videntes
3151 1721 3319 1792 686
3343 1719 3610 1790 Btgoarii,
3639 1737 3835 1776 eorum

2185 1819 2227 1876 Β
2255 1809 2455 1864 viribus
2486 1825 2545 1865 se
2577 1811 2836 1865 auxiliare
2864 1825 2967 1864 non
3001 1826 3175 1878 posse,
3205 1813 3408 1881 legatos
3431 1829 3551 1866 cum
3585 1816 3831 1867 muneri-

2249 1904 2344 1954 bus
2372 1905 2553 1957 mult’s
2583 1907 2983 1962 transmittunt.
3026 1915 3076 1959 et
3124 1905 3176 1958 in
3224 1905 3342 1972 ejus
3379 1906 3588 1961 ditione
3619 1922 3674 1959 ~e
3703 1905 3832 1959 sub-

2246 1996 2397 2061 dunt,
2427 2008 2476 2048 et
2507 2009 2533 2048 s
2554 2006 2839 2050 -crameuta
2866 1997 2944 2049 vel
2978 1997 3195 2052 obsides
3225 1997 3424 2051 donant
3452 2040 3467 2064 ,
3515 2008 3570 2051 ut
3596 2015 3662 2051 ne
3693 2001 3832 2050 ultr-

2250 2089 2362 2140 rius
2390 2086 2622 2140 rebelles
2651 2090 2903 2142 existant.

2323 2181 2440 2248 Ipse
2483 2197 2609 2234 vero
2657 2181 2793 2235 duce
2838 2179 3049 2234 Christo
3079 2195 3199 2234 cum
3240 2195 3432 2249 magno
3459 2182 3732 2249 triumpho
3779 2181 3835 2233 in

2251 2274 2526 2328 Frauciam
2559 2275 2625 2326 ad
2657 2275 2920 2343 pr--priam
2964 2273 3142 2329 sedem
3191 2273 3417 2328 feliciter
3457 2275 3735 2327 remeavit.
3771 2273 3833 2327 Et

2245 2366 2444 2436 quievit
2490 2374 2627 2420 terra
2656 2382 2683 2418 a
2715 2365 2911 2434 przcliis
2938 2365 3092 2419 annis
3130 2365 3360 2422 duobus.

2317 2461 2415 2513 An.
2450 2473 2640 2512 L‘CCLII.
2675 2458 2790 2523 Quo
2821 2465 3063 2527 tempore
3086 2474 3190 2511 una
3219 2473 3340 2512 cum
3367 2459 3600 2513 consdio
3625 2468 3677 2512 et
3701 2473 3771 2511 co
3796 2479 3834 2505 :-

2245 2562 2404 2602 sensu
2445 2548 2682 2602 omnium
2718 2548 3042 2602 Francorum
3065 2590 3078 2611 ,
3112 2549 3273 2602 missa
3305 2549 3592 2610 relatione,
3641 2565 3671 2601 a
3701 2549 3832 2601 st-de

2245 2639 2537 2708 apostolica
2570 2640 2891 2693 attt'lnrilale
2924 2649 3204 2706 percepta,
3260 2640 3545 2707 pra-celsus
3577 2639 3832 2709 Pippiuus

2246 2730 2508 2783 electione
2551 2730 2710 2783 totius
2741 2729 2974 2783 Francia:
3006 2730 3058 2783 in
3089 2729 3271 2784 sedem
3301 2731 3449 2799 regni
3479 2746 3597 2784 cum
3639 2743 3832 2784 cause-

2247 2821 2482 2874 Crationc
2512 2819 2907 2888 episcoitorum,
2933 2831 2981 2874 et
3017 2820 3352 2889 subjectione
3381 2823 3696 2891 princ'pum,
3727 2837 3833 2876 una

2248 2926 2366 2966 cum
2397 2909 2576 2982 regina
2622 2911 2967 2975 Bertradane,
3000 2923 3056 2965 ut
3083 2912 3377 2981 antiquitus
3405 2913 3531 2967 mdo
3559 2911 3832 2980 deposcit,

2250 3003 2568 3057 sublimatur
2599 3003 2649 3054 in
2690 3017 2855 3072 regno
2889 2999 2938 3058 δ.

565 3137 767 3215 Usque
801 3157 968 3200 nunc
995 3138 1246 3200 illuster
1275 3141 1374 3199 vir
1401 3137 1897 3200 Childebrandus
1934 3157 2157 3210 comes,
2213 3138 2573 3199 Avunculus
2605 3137 2897 3216 praedicti
2931 3139 3092 3216 regis
3124 3138 3411 3216 Pippini,
3446 3137 3604 3197 hanc
3637 3136 3833 3216 histo-

643 3214 825 3296 riam,
858 3218 954 3278 vel
984 3217 1167 3278 Gesta
1197 3218 1606 3292 Francorum,
1643 3218 2119 3294 diligentissime
2168 3217 2362 3277 scribi
2416 3214 2807 3296 procuravit.
2866 3214 3106 3279 Abhinc
3136 3215 3212 3276 ab
3242 3218 3486 3280 illustre
3531 3219 3666 3279 viro
3703 3214 3834 3276 liii-'-

646 3295 932 3374 belungo,
971 3297 1102 3375 ﬁlio
1135 3297 1334 3373 ipsius
1365 3296 1839 3372 Childebrandi,
1870 3297 2131 3357 itemaue
2165 3295 2730 3370 comite,succedat
2766 3297 3114 3357 auctoritas
3149 3301 3192 3355 ι.

643 3471 669 3529 tt
700 3459 948 3529 Aquitani
970 3474 1088 3514 cum
1121 3473 1219 3513 suo
1243 3458 1379 3512 duce
1410 3457 1704 3513 IIunoaldo.

637 3528 668 3569 δ
692 3527 780 3584 Sic
810 3530 967 3589 Bolt.;
998 3530 1084 3582 alii
1110 3569 1120 3591 ,
1144 3530 1477 3591 inexstincto,
1513 3528 1562 3581 id
1593 3538 1672 3581 est
1711 3527 1990 3588 instinctu;
2017 3543 2137 3596 qua:

574 3601 798 3656 mutatio
829 3601 1019 3669 prodiit
1048 3615 1111 3654 ex
1135 3613 1283 3653 more
1303 3600 1534 3652 litteram
1555 3614 1599 3662 s,
1628 3612 1691 3650 ac
1708 3599 1751 3651 si
1776 3597 1932 3650 fuerit
1952 3612 2003 3651 es
2023 3615 2144 3667 pro-

572 3671 871 3727 nunuandh

643 3753 665 3780 ο
699 3741 1046 3798 Monasticam
1085 3748 1289 3794 vestem
1317 3737 1501 3793 Romae
1534 3737 1736 3802 induit,
1770 3745 1880 3790 tum
1913 3738 1965 3790 in
1994 3753 2144 3791 mon-

570 3823 678 3866 tcm
707 3814 978 3867 Soractem
1003 3825 1066 3866 ac
1094 3821 1275 3880 postea
1304 3810 1555 3862 Casinum
1587 3809 1828 3880 secessit.
1859 3807 1988 3880 Ejus
2019 3809 2146 3880 gelo-

565 3885 708 3955 giutn
727 3883 854 3955 lege
875 3883 927 3937 in
949 3896 1080 3955 sec.
1096 3877 1155 3934 in
1179 3880 1542 3955 Benedictino,
1564 3886 1715 3955 parte
1740 3877 1875 3955 It,fad
1903 3893 1991 3955 an.
2018 3879 2144 3945 755,

571 3948 678 4024 quo
703 3948 918 4008 Viennae
948 3953 1289 4024 Allobrogum
1319 3950 1471 4024 obiit.
1498 3949 1780 4004 Zacharias
1807 3949 1872 4001 ad
1898 3948 2110 4024 _Franco
2128 3977 2141 3990 -

566 4019 682 4079 rum
713 4025 992 4094 episcopos
1021 4022 1088 4076 de
1111 4019 1305 4094 ejusin
1340 4019 1538 4076 Gallias
1583 4034 1804 4094 accessu
1846 4019 1911 4073 ad
1954 4033 2140 4084 pacem

569 4097 705 4150 inter
733 4089 1010 4163 Pippinum
1040 4101 1094 4146 et
1123 4090 1401 4146 Critonem
1429 4089 1877 4163 componendam,
1904 4097 2014 4163 tum
2046 4105 2144 4163 pro

565 4159 896 4220 restituendo
925 4163 1304 4219 Casinensibus
1348 4175 1582 4231 corpore
1622 4159 1794 4214 sancti
1840 4161 2005 4214 patris
2042 4159 2145 4214 De-

566 4236 762 4290 uedicti
790 4235 1023 4302 scripsit.

642 4303 666 4340 ἀ
702 4304 824 4366 Εὐ..
855 4306 923 4358 ad
949 4320 1035 4358 eos
1065 4303 1342 4370 pervenire.

650 4384 671 4411 ε
703 4373 798 4440 Qui
809 4383 1029 4442 ngentas
1051 4369 1240 4442 vaccas
1261 4372 1486 4441 singulis
1507 4371 1662 4426 anuis
1687 4371 1988 4425 solvebant.
2015 4369 2150 4426 Vide

568 4443 816 4510 Fredcg.,
849 4441 967 4508 cap.
1001 4441 1090 4494 74.

649 4511 669 4550 ί
711 4509 816 4567 llas
848 4511 1026 4566 turbas
1056 4525 1086 4563 a
1116 4510 1411 4579 Grippone,
1457 4525 1551 4564 seu
1596 4509 1814 4565 Griione
1844 4510 2048 4578 Pippini
2079 4524 2144 4564 ex

570 4593 739 4638 matre
770 4583 933 4636 altera
968 4581 1148 4645 Iratre,
1180 4585 1461 4635 suscitatas
1492 4580 1653 4635 fuisse
1691 4580 1908 4634 tradunt
1937 4587 2146 4635 veteres

568 4653 877 4722 scriptores.
928 4651 1022 4706 llic
1075 4665 1267 4719 nempe
1310 4667 1341 4704 e
1389 4665 1605 4706 carcere
1656 4651 1860 4704 solutus
1905 4649 2145 4722 §axotics

570 4717 742 4793 primo
771 4722 838 4777 ad
879 4735 1005 4793 suas
1038 4717 1216 4789 partes
1245 4722 1433 4793 traxit;
1468 4731 1608 4793 tum,
1655 4728 1864 4793 mortuo
1894 4717 2139 4793 9dilone,

574 4788 1592 4882 triatristmn‘taeaa.interiisse!
1621 4791 1863 4882 satis
1892 4788 2140 4882 litata
2172 4822 2223 4882 υ

570 4874 622 4920 et
645 4857 837 4919 ducatu
865 4862 1146 4917 duodecim
1169 4861 1515 4915 comitatuum
1545 4861 1595 4914 in
1622 4859 1864 4913 Neustria
1888 4859 2138 4924 donatus,

570 4935 624 4989 in
652 4933 990 5003 Aquitaniam
1019 4924 1272 5003 secessit;
1301 4931 1492 5003 exinde
1522 4932 1733 5003 fugatus
1754 4969 1769 4992 ,
1823 4929 2032 5003 tandem
2086 4929 2139 4984 in

570 4999 771 5059 ltaliain
810 5000 1068 5058 transiens
1099 5002 1164 5056 ad
1206 5001 1487 5056 Aistull‘um
1539 4999 2006 5068 Langobardorum
2058 5014 2142 5053 re-

569 5088 710 5144 gem,
732 5074 785 5128 in
809 5073 953 5156 valle
974 5071 1371 5128 Mauriennensi
1402 5070 1710 5126 interfectus
1731 5078 1834 5136 est,
1861 5079 1918 5123 ut
1945 5068 2141 5124 dicitur

569 5159 686 5211 cap.
715 5155 978 5212 sequenti.

643 5222 668 5260 ε
707 5212 763 5267 1d
792 5222 875 5268 est
895 5212 1049 5267 (Eni.
1082 5211 1265 5269 (Eous
1292 5210 1506 5280 quippe,
1530 5209 1688 5280 vulgo
1713 5201 1834 5280 Iun,
1868 5223 1929 5263 ex
1959 5217 2141 5280 monte

570 5282 794 5336 Bernina
822 5284 874 5337 in
896 5284 1116 5348 Alpibus
1145 5277 1325 5338 versus
1347 5277 1759 5344 septentrionem
1782 5277 2134 5348 descendens,

570 5352 880 5406 comitatum
925 5346 1277 5415 Tirolensem,
1305 5349 1397 5404 ubi
1428 5348 1714 5418 (Eniponti
1745 5346 2019 5418 (luspruc)
2047 5363 2144 5418 no-

571 5434 693 5476 men
723 5420 940 5490 tribuit,
983 5430 1093 5480 tum
1125 5421 1402 5479 Bavariam
1435 5416 1621 5485 aﬂuit,
1673 5432 1736 5473 ac
1756 5416 1979 5472 demum
2024 5417 2145 5471 aliis

2165 3454 2212 3520 C
2247 3459 2417 3512 Iluviis
2450 3466 2637 3511 auctus
2674 3454 2915 3512 Canubio
2942 3456 3214 3512 miscetur.

2327 3527 2352 3566 δ
2396 3529 2488 3582 llis
2516 3528 2691 3582 verbis
2719 3536 2903 3596 aperte
2946 3528 3177 3581 declarat
3228 3529 3382 3592 hujus
3429 3529 3679 3583 Chroniri
3732 3545 3834 3586 au.

2247 3609 2382 3663 ctor,
2415 3600 2706 3652 Romanum
2742 3599 3066 3664 pontiﬁcem,
3101 3599 3188 3666 qui
3222 3609 3345 3650 Illuc
3373 3611 3484 3651 erat
3513 3596 3739 3652 Zarhari
3765 3614 3832 3663 us,

2249 3685 2371 3724 sese
2422 3669 2630 3737 Pippini
2673 3668 2919 3722 electioni
2953 3669 3305 3722 immiscu'sse
3332 3713 3346 3735 ,
3399 3680 3560 3737 atque
3586 3671 3839 3728 eumdem

2251 3740 2542 3809 principem
2585 3737 2894 3808 pontificum
2921 3740 3325 3793 consecratione
3353 3740 3406 3792 in
3436 3754 3615 3807 regem
3663 3741 3833 3795 fuisse

2247 3810 2610 3864 sublimatum.
2641 3809 2736 3861 (lui
2768 3809 3108 3879 consentiunt
3136 3811 3425 3876 scriptores
3473 3819 3580 3863 tam
3608 3811 3822 3879 antiqui

2247 3895 2404 3946 quam
2438 3879 2786 3933 recentiores.
2837 3876 3081 3932 Cointins
3139 3886 3317 3933 tamen
3365 3880 3504 3934 hunc
3547 3876 3838 3934 locum'in-

2250 3949 2566 4017 terpolatnm
2623 3949 2787 4002 luisse
2815 3949 3121 4015 contendit,
3164 3956 3323 4015 atque
3361 3951 3438 4003 sic
3487 3951 3698 4004 restitui
3740 3951 3838 4005 de-

2249 4020 2375 4074 bere
2407 4039 2418 4073 :
2454 4019 2653 4086 Quievit
2685 4026 2821 4088 terra
2851 4035 2884 4072 α
2913 4020 3104 4088 prwliis
3134 4020 3283 4073 anuis
3307 4019 3519 4073 duobus.
3558 4019 3674 4086 Quo
3710 4033 3839 4074 tem-

2249 4106 2368 4157 pore
2419 4090 2690 4156 pratcelsus
2731 4087 2986 4156 Pippinus
3014 4089 3255 4143 electione
3293 4091 3444 4144 totius
3487 4088 3754 4160 Franciaz,
3780 4091 3840 4145 iis

2247 4161 2413 4213 sedem
2465 4163 2607 4231 regni
2638 4175 2882 4231 unacum
2918 4160 3114 4231 regina,
3147 4169 3252 4214 etc.
3281 4160 3388 4231 Sed
3417 4175 3527 4214 sua:
3554 4160 3835 4230 conjecta-

2250 4232 2410 4284 tionis
2429 4269 2444 4295 ,
2477 4229 2593 4299 quae
2623 4229 2866 4283 omnibus
2897 4229 3108 4297 scriptis
3137 4239 3189 4283 ct
3219 4229 3372 4284 editis
3414 4229 3682 4284 contraria
3712 4242 3832 4296 est,

2250 4301 2445 4353 nullam
2478 4299 2739 4354 rationem
2769 4300 2944 4362 atlert,
2974 4302 3072 4353 nisi
3103 4299 3268 4369 quod,
3303 4309 3359 4354 ut
3385 4301 3596 4369 quidem
3645 4301 3834 4356 existi-

2249 4382 2376 4436 mat,
2409 4369 2594 4439 Franci
2625 4369 2930 4437 pontificem
2957 4370 3024 4423 de
3049 4373 3188 4439 regis
3215 4371 3474 4425 electione
3501 4385 3604 4423 non
3634 4385 3836 4424 consu-

2247 4435 2478 4505 lueriui,
2508 4451 2605 4494 nec
2627 4435 2638 4437 “
2658 4452 2781 4492 tunc
2810 4435 3140 4492 consuetudo
3188 4440 3346 4494 luerit
3374 4453 3526 4507 reges
3555 4441 3790 4508 ungeudi
3817 4459 3831 4506 ;

2247 4520 2530 4579 utrumque
2559 4523 2685 4564 vero
2713 4508 2970 4579 reiellitur
3013 4525 3077 4564 ex
3111 4509 3227 4563 t-Iau
3261 4512 3343 4563 ula
3375 4509 3572 4564 veteris
3622 4510 3831 4564 codicis

2249 4578 2585 4650 Diauysiani,
2621 4578 3002 4650 ipso_l’ippino
3030 4589 3285 4650 regnante
3307 4579 3521 4650 scripti,
3555 4594 3717 4647 quam
3748 4581 3832 4633 in-

2247 4650 2324 4772 lira
2358 4644 2473 4717 post
2496 4644 2688 4704 libruiu
2719 4644 2957 4717 Gregorii
2987 4651 3055 4704 de
3085 4644 3262 4704 Gloria
3295 4644 3673 4705 Coniessorum
3706 4664 3832 4718 pros

2267 4733 2498 4772 oremus.

2267 4733 2498 4773 cremus.

2325 4788 2341 4827 ί
2387 4789 2532 4844 lianc
2577 4787 3004 4854 inscriptionem,
3055 4805 3210 4853 quam
3252 4789 3432 4843 caeteri
3462 4789 3676 4844 codices
3722 4805 3831 4843 non

2250 4859 2466 4924 habent,
2493 4874 2523 4913 e
2550 4858 2834 4912 Petavtano
2875 4859 3042 4912 edidit
3073 4859 3352 4912 Cbesuius.
3383 4861 3474 4912 Ille
3508 4867 3684 4913 autem
3737 4876 3832 4912 co-

2253 4929 2396 4995 dex,
2459 4931 2546 4996 qui
2599 4943 2630 4982 e
2680 4928 2962 4982 Pelaviana
3014 4930 3332 4983 bibliotheca
3386 4934 3450 4982 ad
3502 4928 3831 4984 Christinam

2251 4999 2454 5054 Sueciat
2484 4997 2718 5068 reginam
2752 4999 2978 5060 transiit,
3012 4997 3172 5052 hodie
3203 4997 3384 5053 Roma:
3417 5009 3724 5068 asservatur
3773 5001 3832 5053 iu

2251 5069 2494 5124 biblioth.
2524 5067 2858 5122 eminentiss.
2903 5069 3052 5120 card.
3079 5069 3328 5122 Ottoboni
3361 5085 3373 5122 :
3403 5070 3530 5122 olim
3578 5067 3674 5122 I'uit
3716 5085 3831 5121 mo-

2252 5139 2469 5193 nasterii
2514 5137 2785 5204 Jurensis,
2829 5137 2894 5192 ad
2921 5140 3090 5192 sancti
3121 5138 3358 5207 Eugendi
3385 5139 3677 5203 tumulum,
3727 5154 3832 5191 sa:-

2250 5211 2371 5263 culo
2401 5223 2451 5262 tx
2484 5209 2714 5274 labente,
2741 5221 2771 5260 a
2801 5208 3062 5261 Mannone
3089 5207 3318 5274 oblatus,
3352 5207 3428 5262 uti
3457 5208 3714 5262 discimus
3759 5221 3826 5261 ex

2253 5279 2598 5346 inscriptione
2620 5278 2716 5344 ipsi
2750 5278 2961 5343 praeﬁxa
2991 5294 3003 5330 :
3041 5276 3166 5331 Varo
3210 5281 3350 5331 bona:
3387 5280 3642 5331 memoria
3671 5277 3828 5331 Hun-

2244 5350 2392 5404 nom‘s
2420 5348 2548 5403 liber
2573 5352 2640 5400 ad
2671 5348 2960 5417 sepulcrum
2989 5349 3147 5403 sancti
3177 5347 3411 5419 Augendi
3440 5346 3656 5405 oblatus.
