4132 6348
2374 298 2454 313 ἡ

3265 293 3308 297 η-

1356 479 1776 592 PARS
1859 478 2309 611 QUAE
2337 476 2618 601 ΤΑ,

1155 702 1899 822 AUGTORE
2019 709 2785 822 ANONYMO

1422 910 1537 976 QUI
1575 909 1779 967 JUSSU
1818 909 2187 966 NIBELUNGI
2228 906 2553 966 SCRIPSIT.

423 1105 584 1191 387
599 1103 1230 1176 An.ncccttt.—CX\’lll.
1251 1107 1922 1180 Histransactis,sequenti
1952 1109 2002 1170 Α
2031 1107 2117 1177 (ιιιὶ
2151 1121 2316 1178 usque
2341 1105 2406 1160 ad
2434 1106 2654 1162 Pontem
2677 1105 2881 1177 UgOne,
2918 1107 3040 1164 villa
3071 1108 3277 1180 publica
3307 1106 3358 1178 ιι,
3388 1107 3460 1168 ad
3481 1108 3606 1183 eius

352 1225 497 1264 anno
519 1212 707 1266 iterum
734 1210 973 1264 Saxones
995 1216 1176 1260 contra
1198 1219 1382 1259 eorum
1409 1203 1592 1265 fidem,
1614 1216 1772 1271 quam
1796 1214 1932 1270 pne-

354 1293 464 1357 ista
496 1303 604 1371 regi
631 1299 829 1355 dudum
857 1297 1229 1369 promiserant,
1261 1296 1420 1350 solito
1444 1309 1590 1349 more
1620 1294 1809 1371 iterum
1841 1301 1929 1348 re-

356 1397 519 1450 belles
531 1403 715 1449 conlra
733 1393 904 1461 ipSum
919 1391 1198 1445 exsistunt.
1215 1385 1367 1442 Unde
1381 1396 1435 1442 et
1449 1386 1703 1454 Pippiuus
1719 1400 1832 1450 rex,
1853 1384 1930 1439 ira

350 1492 676 1555 commotus,
704 1493 973 1554 commoto
1011 1484 1156 1537 omni
1184 1481 1422 1535 exercitu
1457 1479 1800 1541 Francorum,
1831 1477 1934 1531 ile-

352 1577 470 1632 'rum
507 1577 691 1631 Rheno
719 1573 1030 1643 transiecta,
1064 1573 1114 1626 in
1145 1570 1430 1628 Saxoniam
1455 1577 1578 1624 ‘cum
1612 1581 1804 1636 magno
1833 1576 1932 1634 ap-

353 1678 540 1739 paratu
579 1667 818 1731 veniens,
850 1664 1029 1734 ibique
1075 1678 1259 1718 eorum
1293 1662 1510 1729 patriam
1546 1659 1778 1713 maxime
1811 1658 1933 1729 igne

354 1761 641 1825 cremavit,
682 1759 924 1829 captivos
968 1765 1076 1811 tam
1113 1757 1258 1810 viros
1287 1769 1444 1825 quam
1486 1753 1710 1807 feminas
1752 1765 1931 1806 secum

353 1853 523 1919 duxit,
556 1868 676 1907 cum
709 1852 925 1904 multam
959 1847 1189 1919 praedam
1224 1847 1422 1902 ibidem
1453 1844 1694 1902 fecisset.
1722 1852 1778 1898 et
1817 1843 1933 1911 plu-

350 1943 517 1998 rimos
545 1942 784 1998 Saxdnes
811 1939 1007 1994 ibidem
1039 1937 1436 2008 prostravi35et.
1460 1935 1610 2002 Quod
1643 1934 1883 1988 videntes
1906 1941 1933 1970 ⁸

352 2034 628 2099 Saxoites,
678 2031 989 2102 pmnitentia
1037 2027 1325 2092 commoti,
1375 2041 1497 2082 cum
1531 2025 1689 2080 solito
1740 2025 1934 2079 timore

347 2125 690 2182 ‘clemenliatn
715 2125 853 2194 regis
882 2126 1086 2193 petunt,
1116 2130 1172 2174 ut
1203 2135 1382 2189 pacem
1411 2119 1489 2173 eis
1517 2116 1855 2181 concedetel,
1880 2123 1936 2168 et

351 2227 686 2271 sacramenta
718 2228 876 2284 alque
921 2214 1148 2278 tributa,
1179 2211 1346 2265 multo
1379 2209 1582 2276 majora
1628 2223 1783 2277 quam
1810 2216 1934 2262 ante

353 2309 734 2378 promiserant,
778 2306 1094 2370 redderent,
1124 2314 1177 2358 et
1222 2315 1488 2371 nunquam
1524 2305 1660 2353 ultra
1687 2302 1795 2367 jam
1846 2315 1930 2352 re-

351 2381 519 2454 belles
559 2401 900 2452 exsisterent.
932 2396 1042 2449 Rex
1085 2394 1374 2462 Pippinus,
1421 2391 1636 2446 Christo
1663 2389 1928 2458 propitio,

2036 1198 2370 1269 praesentiam
2409 1197 2674 1253 adducere
2702 1197 2947 1255 deberet.

2109 1293 2205 1343 Au.
2238 1304 2442 1344 nccuv.
2485 1288 2664 1359 Ibique
2706 1289 3008 1358 Stephanus
3047 1304 3179 1361 papa
3225 1292 3506 1348 [inmensis
3543 1291 3615 1351 ad

2035 1382 2374 1451 prmseutiam
2399 1382 2538 1449 regis
2567 1381 2802 1446 veniens,
2837 1382 3019 1437 multis
3041 1383 3349 1439 muneribus
3373 1395 3479 1438 tam
3509 1382 3613 1454 ipsi

2037 1475 2147 1543 regi
2179 1489 2336 1540 quam
2386 1482 2439 1529 et
2468 1473 2685 1528 Francis
2718 1475 2940 1545 largitus
2968 1484 3051 1529 est
3075 1517 3088 1536 ,
3139 1474 3391 1531 auxilium
3426 1489 3616 1545 petens

2034 1577 2218 1621 contra
2253 1574 2465 1635 gentem
2512 1566 2976 1635 Langobardorum
3007 1575 3061 1620 et
3087 1581 3271 1621 corum
3317 1582 3497 1637 regem
3523 1568 3620 1624 Ai-

2035 1657 2282 1720 stulfum,
2314 1668 2371 1711 ut
2412 1662 2504 1725 per
2535 1658 2650 1724 ejus
2692 1656 3015 1723 adjutorinn:
3066 1657 3133 1712 ab
3167 1672 3353 1712 eorum
3394 1672 3617 1727 Oppres-

2037 1750 2276 1803 si‘onibus
2314 1741 2482 1820 689
2513 1749 2597 1804 vel
2647 1749 2997 1805 fraudulentia
3039 1749 3105 1805 de
3155 1751 3396 1803 manibus
3426 1758 3612 1806 eorum

2038 1841 2389 1906 liberaretur,
2427 1850 2483 1895 et
2530 1841 2724 1895 tributa
2752 1851 2806 1896 et
2836 1857 3076 1908 munera,
3118 1858 3237 1912 qua:
3265 1854 3450 1897 contra
3482 1843 3614 1912 legi!

2039 1930 2282 1985 ordinem
2315 1945 2342 1982 a
2379 1931 2632 1985 llomanis
2661 1931 3001 2001 requirebant
3031 1933 3237 1999 facere,
3271 1934 3617 1995 desisterent.

2038 2020 2188 2076 Tunc
2218 2021 2471 2090 Pippinus
2501 2035 2591 2078 rex
2639 2024 2856 2091 praefato
2883 2021 3154 2092 Stephano
3179 2038 3314 2095 papa
3351 2025 3488 2092 apud
3519 2025 3618 2079 Pa-

2038 2115 2198 2168 ris-ius
2229 2114 2498 2168 civitatem
2529 2121 2578 2168 In
2613 2116 2940 2169 monasterio
2987 2117 3158 2170 sancti
3203 2116 3435 2185 Dionysii
3477 2125 3618 2169 mar:

2040 2207 2169 2277 Iyris
2201 2204 2248 2271 ί,
2274 2222 2392 2260 cum
2420 2205 2618 2276 ingenti
2642 2221 2766 2259 cura
2797 2219 2849 2260 et
2879 2207 3041 2260 multa
3065 2206 3357 2276 diligentia,
3382 2207 3620 2263 hiemare

2042 2300 2318 2368 praecepit.
2366 2299 2710 2369 Legationem
2751 2300 2815 2353 ad
2866 2299 3148 2354 Aistulfnm
3187 2316 3365 2370 regem
3413 2301 3619 2369 Langon-

2040 2389 2326 2443 bardorum
2374 2395 2630 2455 mittens,
2686 2401 2873 2459 petens
2906 2389 2961 2446 ut
3003 2402 3218 2460 propter
3263 2390 3618 2446 reverentiam

349 2506 474 2546 cum
504 2504 697 2561 magno
725 2489 993 2559 triumpho
1017 2490 1208 2541 iterum
1232 2485 1297 2538 ad
1325 2485 1565 2539 Rhenum
1589 2483 1653 2536 ad
1679 2494 1933 2550 caurum,
1968 2485 2015 2543 B
2042 2480 2471 2536 beatissimorum
2499 2485 2860 2552 apostolorum
2892 2484 3030 2537 Petri
3057 2495 3110 2538 et
3133 2484 3282 2537 Pauli
3304 2483 3355 2537 iu
3380 2484 3623 2552 partibus

351 2583 506 2651 cujus
530 2592 613 2637 est
639 2596 833 2636 nomen
869 2580 1049 2634 Bonna
1072 2570 1126 2646 δ,
1158 2577 1398 2632 veniens.
1429 2575 1560 2630 Dum
1597 2576 1710 2630 haic
1733 2585 1936 2644 ageret,

353 2672 569 2727 nuntius
597 2673 818 2725 veniens
848 2669 913 2724 ad
940 2668 1216 2740 prefatum
1245 2682 1424 2738 regem
1453 2681 1517 2721 ex
1550 2667 1789 2736 partibus
1816 2669 1942 2722 Dur-

352 2762 584 2833 gundiie,
616 2761 755 2830 quod
787 2772 1071 2830 germanus
1102 2760 1270 2827 ipsius
1314 2758 1486 2828 regis,
1520 2759 1736 2812 nomine
1765 2759 1934 2827 Grifo,

346 2853 439 2920 ‘Qui
472 2851 672 2904 dudum
697 2851 748 2905 in
779 2850 1120 2903 Wasconiam
1158 2860 1180 2888 ε
1209 2850 1273 2902 ad
1298 2841 1610 2903 Wailarium
1645 2850 1936 2920 principem

349 2939 851 3012 meorifugium
910 2937 1144 3006 fecerat,
1195 2952 1223 2992 a
1253 2937 1545 2993 Theodone
1591 2938 1704 3011 [AL
1753 2940 1930 2994 Theu-

351 3029 549 3102 doeno]
577 3029 773 3086 comite
802 3031 1122 3093 Viennense,
1156 3043 1250 3084 seu
1301 3040 1355 3084 et
1386 3028 1671 3083 Frederico
1703 3015 1934 3100 Ultrath-

355 3137 485 3178 rauo
534 3121 761 3189 comite,
794 3121 918 3176 dum
952 3130 1129 3189 partes
1178 3115 1559 3189 Langobardite
1593 3129 1833 3188 peteret,
1885 3132 1939 3178 et

357 3215 575 3270 insidias
625 3225 812 3269 contra
863 3214 1032 3284 ipsum
1080 3213 1395 3282 pracdicmm
1452 3228 1630 3283 regem
1682 3223 1934 3285 pararet,

352 3307 490 3376 apud
524 3298 883 3361 Manriennam
909 3307 1093 3360 urbem
1118 3317 1278 3373 super
1304 3304 1522 3358 fluvium
1555 3297 1777 3361 Arboris
1799 3301 1828 3343 δ
1856 3308 1936 3362 in—

356 3399 614 3453 terfectus
639 3407 741 3452 est.
785 3398 914 3452 Nam
946 3410 997 3451 et
1031 3397 1126 3464 ipsi
1155 3397 1503 3466 superscripti
1538 3400 1760 3453 comites
1789 3400 1839 3455 in
1871 3415 1936 3456 eo

356 3491 540 3559 praelio
566 3489 762 3554 pariter
791 3487 1055 3542 interfecti
1082 3496 1225 3542 sunt.
1835 3538 1854 3550 _.

426 3581 612 3636 CXIX.
657 3581 757 3636 Per
786 3581 1126 3635 Arduennam
1161 3580 1351 3634 silvam
1381 3595 1499 3635 cum
1547 3581 1660 3650 ipse
1702 3596 1795 3636 rex
1843 3600 1936 3638 ve-

359 3673 530 3740 niens,
559 3682 614 3727 et
638 3672 931 3727 Theodone
962 3672 1082 3726 villa
1115 3680 1138 3708 θ
1166 3671 1373 3741 publica
1399 3687 1565 3739 super
1608 3672 1820 3726 MOSt-Ila
1854 3691 1936 3727 rc-

359 3767 622 3832 sedisset,
675 3765 890 3818 nuntius
920 3763 985 3817 ad
1017 3779 1137 3818 eum
1169 3763 1392 3818 veniens
1420 3763 1588 3824 dixit,
1636 3765 1776 3831 quod
1821 3768 1936 3819 Ste-

2043 2573 2227 2628 Romm
2258 2575 2519 2629 hostiliter
2550 2584 2654 2628 non
2682 2574 3001 2638 ambularet,
3044 2582 3098 2629 et
3133 2575 3531 2642 superstitiosas
3560 2585 3624 2626 ac

2042 2664 2230 2736 impias
2258 2666 2341 2719 vel
2371 2676 2556 2721 contra
2588 2666 2716 2734 legis
2746 2665 2987 2720 ordinem
3015 2679 3228 2731 causas,
3274 2664 3413 2733 quod
3463 2675 3622 2721 antea

2041 2755 2265 2810 Rmuaui
2299 2771 2567 2826 nunquam
2601 2756 2835 2810 fecerant
2856 2798 2868 2821 ,
2923 2765 3140 2826 propter
3165 2756 3280 2825 ejus
3309 2756 3620 2826 petitionem

2039 2846 2218 2902 facere
2247 2862 2350 2900 non
2389 2848 2630 2902 deberet.
3407 2861 3415 2868 ·

2107 2937 2275 2993 CXX.
2315 2936 2556 3007 Cumque
2587 2938 2869 3006 praedictus
2915 2954 3007 2992 rex
3060 2929 3318 3005 Pippinus
3349 2938 3486 3008 quod
3530 2947 3625 3008 per

2041 3030 2244 3099 legatos
2291 3043 2415 3082 suos
2445 3028 2670 3098 petierat
2715 3045 2818 3082 non
2852 3030 3225 3096 impetrasset,
3273 3037 3328 3083 et
3367 3028 3624 3083 Aistu’fua

2039 3120 2140 3176 hoc
2185 3121 2359 3175 facere
2389 3117 2831 3187 contempsisset,
2874 3119 3086 3173 evoluto
3115 3133 3255 3173 anno
3292 3118 3339 3185 i,
3374 3119 3624 3187 prmfatus

2039 3225 2133 3264 rex
2165 3210 2228 3263 ad
2259 3209 2524 3264 Kalendas
2555 3209 2772 3263 Martias
2801 3223 2990 3263 omnes
3041 3207 3295 3273 Francos,
3339 3211 3478 3264 sicut
3509 3223 3625 3264 mos

2040 3299 2368 3355 Francorum
2401 3311 2500 3363 est,
2537 3294 2776 3355 Bcrnaco
2801 3297 2824 3336 ι
2859 3300 2981 3353 tilla
3024 3300 3229 3368 publica
3261 3302 3324 3354 ad
3354 3315 3412 3356 se
3439 3304 3628 3358 venire

2039 3395 2314 3463 praecepit.
2345 3393 2588 3463 tuitoque
2613 3393 2839 3447 consilio
2869 3405 2989 3446 cum
3033 3394 3340 3461 proceribus
3372 3395 3481 3447 suis
3501 3433 3515 3457 ,
3555 3409 3622 3448 eo

2041 3498 2309 3554 tempore,
2342 3500 2447 3556 quo
2477 3486 2648 3539 solent
2686 3499 2840 3548 reges
2869 3483 2933 3537 ad
2966 3484 3103 3538 bella
3153 3485 3466 3553 procedere,
3500 3497 3623 3540 cum

2042 3577 2320 3646 Stephano
2378 3591 2510 3645 papa
2549 3573 2593 3641 ¹,
2623 3585 2679 3630 et
2723 3575 2938 3644 reliqua:
2979 3577 3257 3642 nationes,
3299 3591 3417 3645 qua:
3446 3575 3496 3629 in
3527 3589 3628 3630 suo

2041 3684 2207 3739 regno
2263 3667 2777 3731 commorabuntur,
2825 3677 2879 3722 et
2925 3666 3256 3721 Francorum
3307 3667 3515 3736 agmina
3554 3668 3624 3720 ad

2044 3770 2223 3830 partes
2254 3759 2637 3828 Langobardia:
2662 3773 2786 3813 cum
2817 3759 2962 3812 omni
3003 3759 3339 3813 multitudine
3370 3775 3460 3825 per
3486 3758 3626 3827 Lug-

361 3857 565 3926 phanus
591 3870 721 3925 papa
750 3856 816 3910 de
849 3855 1085 3924 partibus
1109 3856 1291 3909 Romae
1319 3871 1438 3908 cum
1466 3871 1655 3922 magno
1683 3870 1936 3923 apparatu
1969 3850 2009 3909 C
2043 3856 2242 3907 dunum
2297 3855 2483 3907 Galliae
2512 3861 2567 3907 et
2600 3853 2857 3906 Viennam
2891 3862 3172 3922 pergentes
3196 3892 3210 3916 ,
3259 3867 3426 3918 usque
3473 3853 3622 3906 Nau-

359 3959 416 4006 et
444 3950 625 4004 multis
656 3949 985 4014 muneribus,
1014 3949 1124 4017 jam
1158 3958 1337 4002 monte
1362 3949 1508 4002 Jovis
1536 3945 1556 3984 ⁸
1589 3958 1930 4013 transmeato,

357 4040 423 4096 ad
453 4040 568 4110 ejus
594 4048 906 4109 properaret
930 4039 1237 4093 adventum.
1273 4039 1394 4093 Haec
1424 4039 1650 4093 audiens
1675 4055 1787 4103 rex,
1816 4055 1934 4093 cum

354 4133 550 4202 gaudio
580 4142 632 4186 et
680 4132 861 4185 laetitia
895 4139 948 4186 et
977 4131 1176 4199 ingenti
1207 4145 1333 4183 cura
1379 4131 1614 4198 recipere
1649 4146 1767 4183 eum
1801 4145 1937 4198 prae-

354 4229 518 4297 cepit,
548 4235 600 4281 et
633 4226 741 4281 lilio
771 4240 868 4280 suo
915 4223 1109 4279 Carolo
1149 4227 1194 4279 ei
1225 4224 1433 4278 obviam
1482 4224 1559 4279 ire
1593 4226 1842 4293 praecepit
1884 4235 1932 4289 ε,

425 4348 452 4377 ¹¹
493 4339 628 4394 Editi
648 4379 664 4404 ,
694 4337 1099 4391 conveniendi”
1126 4336 1187 4388 iis
1219 4335 1469 4388 Saxones.
1501 4333 1695 4388 Locum
1739 4335 1789 4388 in
1822 4349 1924 4404 quo

353 4409 547 4464 deviCIi
579 4409 810 4470 fuerunt,
845 4408 979 4459 [fimi
1009 4422 1166 4474 supra
1202 4405 1460 4458 Wiseram
1494 4406 1710 4457 lluvium
1741 4409 1925 4474 appel-

351 4479 468 4533 iant
497 4479 726 4533 Annales
754 4479 1262 4532 Lanreshamcnses.
1298 4474 1642 4528 Conditiones
1685 4491 1808 4528 vero
1841 4493 1929 4544 pi-

354 4552 465 4614 ris,
494 4562 547 4602 ut
580 4551 768 4612 legitur
800 4550 849 4600 in
886 4549 1177 4600 Annalibus
1216 4546 1598 4604 Mettensibus,
1647 4546 1826 4611 fuere,
1874 4558 1929 4602 ut

353 4620 660 4675 sacerdotes
708 4619 972 4673 licentiam
1016 4618 1272 4670 baberent.
1299 4616 1495 4669 Christi
1541 4616 1696 4669 fidem
1733 4619 1927 4682 prmdi-

353 4691 542 4753 candi,
591 4704 655 4742 ac
699 4689 996 4754 baptizandi
1043 4689 1315 4752 Saxones,
1367 4696 1525 4755 utque
1566 4689 1676 4756 regi
1705 4688 1930 4756 singulis

352 4765 506 4828 annis
534 4769 803 4813 taecentos
825 4773 988 4828 equos
1017 4760 1224 4809 darent.

424 4825 452 4867 δ
484 4829 651 4883 Ilmlie
680 4831 833 4882 sedes
861 4825 942 4882 est
971 4826 1354 4894 archiepiscopi
1383 4827 1630 4879 electoris
1653 4826 1928 4880 Colonien-

355 4900 449 4964 sis,
482 4900 620 4969 quod
654 4899 782 4969 ipsa,
811 4898 1115 4966 metropolis
1144 4897 1368 4969 Colonia
1396 4898 1520 4949 urbs
1657 4903 1926 4951 atheatica

356 4981 408 5022 et
438 4959 516 5023 sui
559 4959 717 5038 juris.
767 4959 1004 5022 Priscum
1048 4981 1243 5020 nomen
1276 4967 1498 5030 retinet,
1551 4959 1726 5019 Bonne
1777 4971 1930 5037 Vulgo

396 5057 406 5090 ι

354 5041 386 5093 d
412 5050 651 5170 θεωὶιοιιη
682 5107 846 5162 Frelt.
875 5116 921 5162 et
955 5105 1110 5170 Can.,
1144 5103 1517 5167 Gwasconiaut,
1545 5113 1599 5155 et
1631 5105 1825 5171 passim
1853 5104 1933 5157 iu-

359 5173 436 5233 fra
490 5178 811 5233 quscoues.
856 5176 1201 5238 Wafarium,
1257 5185 1313 5226 ut
1359 5178 1642 5242 plurimum
1700 5173 1935 5243 Waiofaa-

358 5251 514 5312 rium,
543 5251 677 5304 Can.
707 5263 1082 5315 nonnunquam
1115 5243 1438 5311 Gniufart'tmt
1467 5245 1752 5315 appellant.

430 5319 456 5355 ἀ
501 5319 712 5373 Fluvins
741 5320 851 5382 ille,
879 5313 1034 5383 Vulgo
1067 5320 1196 5368 Area
1218 5315 1464 5383 (l‘Arclte)
1496 5314 1811 5380 appellatur,
1845 5313 1931 5382 qui

358 5391 411 5443 in
458 5390 652 5444 lsaram
687 5388 908 5459 (t‘lsére)
939 5387 1146 5459 inﬂuit.
1200 5386 1271 5437 De
1297 5387 1437 5459 urbe_
1464 5384 1769 5459 piant-tentia
1812 5388 1932 5437 vide

359 5471 513 5514 notas
544 5465 594 5513 in
625 5453 718 5513 lib'.
751 5475 765 5512 t
792 5459 859 5512 de
887 5453 1032 5512 Glor.
1069 5457 1217 5508 Mart.
1248 5468 1369 5522 cap.
1420 5453 1505 5504 Μ.

434 5539 458 5566 ⁸
499 5530 758 5596 Oppidum
808 5527 1217 5580 munitissimum
1267 5526 1317 5577 in
1361 5524 1555 5578 ducatu
1606 5522 1933 5596 l.uxemltnr-

359 5601 509 5664 censi
551 5594 688 5653 inter
715 5599 901 5652 Mettus
942 5609 996 5649 ct
1031 5599 1268 5665 Sircam;
1304 5596 1534 5662 priscum
1564 5609 1771 5665 _non_teu_
1808 5594 1932 5645 reti-

365 5660 475 5726 itel.
507 5687 575 5723 no
607 5668 700 5720 tris
735 5667 1042 5730 'f'ltionoille,
1075 5660 1354 5719 Germanis
1395 5679 1523 5717 Vero
1557 5660 1928 5715 Diedeulwveu.

439 5736 455 5777 ‘-
503 5741 752 5793 Sutnmus
782 5736 1047 5790 Penniuus
1077 5736 1270 5789 dicitur
1294 5737 1364 5788 ab
1385 5734 1640 5798 dimico;
1675 5733 1828 5801 vulgo
1853 5732 1934 5786 dio

2041 3949 2283 4001 rieunam
2314 3953 2690 4013 pervenerunt.
2720 3944 2981 3999 Aistulfus
3006 3955 3099 3999 rex
3125 3943 3622 4012 Langobardorum,

2044 4037 2158 4092 hzec
2201 4037 2449 4102 audiens,
2483 4047 2753 4091 commoto
2793 4035 2940 4090 omni
2971 4035 3207 4090 exercitu
3241 4032 3624 4104 Langobardo-

2041 4144 2160 4185 rum
2185 4172 2200 4195 ,
2250 4145 2417 4199 usque
2457 4131 2522 4184 ad
2553 4131 2741 4184 Clusas
2767 4138 2830 4195 π’,
2876 4143 2996 4199 quae
3026 4129 3432 4197 cognominatur
3475 4131 3625 4188 Vallo

2042 4221 2301 4285 Seusana,
2336 4221 2577 4288 veniens,
2611 4220 2683 4273 ibi
2712 4234 2832 4273 cum
2859 4220 3005 4274 omni
3036 4219 3274 4274 exercitu
3304 4234 3404 4276 suo
3447 4230 3624 4277 castra

2033 4332 2247 4456 (gurria
2273 4332 2439 4400 qrartd
2479 4329 2927 4398 Saint-Bernard,
2958 4330 3024 4387 ab
3051 4330 3170 4386 aliis
3215 4331 3475 4405 Matitjou,
3523 4338 3622 4390 sed

2098 4419 2158 4453 on
2187 4419 2288 4456 ica.

2098 4413 2299 4592 (amitae
2328 4470 2518 4540 verba,
2563 4479 2609 4525 et
2639 4471 2780 4541 ﬁlio,
2834 4480 2966 4538 etc.,
3012 4473 3268 4544 praecepit,
3321 4473 3516 4529 desunt
3561 4475 3619 4531 in

2104 4566 2153 4592 ς,
2232 4557 2381 4592 orer.

2034 4543 2408 4684 (ἰοΐέὶῗιὲξηῗο,
2461 4611 2677 4684 Paulam
2722 4611 2965 4684 [lagonis
2994 4613 3168 4667 villam
3216 4614 3487 4684 publicam.
3524 4614 3621 4668 Est

2039 4682 2282 4752 Ponligo,
2314 4697 2406 4736 seu
2451 4683 2692 4746 Pontico,
2731 4685 2886 4751 vulgo
2937 4683 3175 4750 Pontion,
3211 4682 3276 4737 de
3308 4700 3412 4748 quo
3458 4699 3620 4750 supra

2035 4757 2099 4807 ad
2132 4770 2250 4833 capi.
2276 4752 2345 4804 25
2376 4754 2821 4835 lib._tv_llistori.e
2852 4754 3113 4833 Gregorii.
3265 4756 3523 4823 Stephani
3551 4753 3617 4807 Ill

2035 4829 2366 4892 receptioue.
2400 4825 2518 4877 vide
2549 4825 2883 4877 Anastasiutn
2917 4823 2968 4876 iu
2997 4823 3113 4890 ejus
3160 4823 3298 4876 Vita.

2114 4892 2128 4929 ί
2179 4895 2441 4947 lliemavit
2473 4893 2703 4959 pontifex
2738 4895 2786 4945 in
2822 4893 3111 4958 pereelebri
3142 4893 3468 4946 monasterio
3491 4905 3619 4946 san-

2035 4964 2106 5016 cti
2142 4963 2396 5032 Dionysii,
2425 4966 2678 5032 gravique
2711 4966 2896 5015 morbo
2926 4963 3174 5026 afﬂictus,
3218 4962 3383 5016 s-tncti
3419 4973 3618 5032 martyg

1967 5043 2015 5104 D
2044 5032 2118 5085 ris
2150 5031 2392 5104 precibus
2415 5031 2698 5104 sanitatem
2733 5037 3089 5104 recuperavit.
3116 5033 3262 5104 inde
3303 5035 3488 5104 alueus
3517 5031 3619 5084 loci

2043 5101 2316 5155 monachis
2345 5102 2559 5168 pallium
2591 5115 2745 5155 suum
2780 5102 3081 5168 pontiﬁcale
3114 5102 3163 5154 in
3197 5103 3397 5154 amoris
3428 5104 3618 5168 pignus

2040 5172 2292 5239 τειίηιιίι,
2353 5173 2494 5239 quod
2546 5172 2851 5225 etiamnunc
2898 5173 3147 5238 religime
3194 5181 3488 5225 asserunt.
3545 5172 3619 5224 lle

2039 5239 2246 5309 Pippini
2279 5241 2546 5308 unctione,
2580 5240 2801 5308 aliisque
2832 5240 2988 5294 rebus
3014 5256 3042 5293 a
3064 5242 3334 5308 Stephano
3359 5244 3408 5293 in
3443 5239 3613 5293 Gallia

2039 5312 2221 5380 gestis,
2245 5310 2464 5380 ejusque
2495 5313 2545 5364 in
2581 5311 2779 5365 Urbem
2806 5311 2976 5364 reditu
3006 5311 3257 5378 legendus
3283 5312 3614 5364 Anastasius.

2115 5391 2130 5430 ι
2179 5381 2311 5435 Cum
2360 5380 2529 5434 tribus
2558 5380 2829 5434 mensibus
2865 5382 3016 5447 juxta
3050 5395 3289 5434 nosnum
3327 5382 3615 5444 calculum,

1943 5501 1956 5512 ,
2042 5451 2126 5504 hic
2156 5451 2352 5520 quippe
2391 5466 2588 5504 annum
2611 5467 2639 5505 a
2670 5449 2918 5504 Kalendis
2948 5452 3143 5520 Martiis
3171 5451 3402 5505 inchoat.
3436 5449 3616 5515 Quare

2042 5523 2202 5590 paulo
2231 5519 2474 5589 superius
2501 5525 2865 5588 apposuimns,
2896 5519 3156 5590 “.3554.

2113 5590 2138 5630 ι
2181 5587 2408 5644 Annales
2438 5587 2723 5644 Mettenscs
2751 5591 2946 5643 habent
2985 5587 3326 5645 Bremtacum.

2115 5657 2132 5697 ι
2178 5661 2265 5718 Sic
2299 5663 2426 5712 Boii.
2458 5663 2594 5713 Editi
2629 5674 2772 5728 vero,
2805 5658 3098 5726 Stephanus
3140 5675 3292 5728 papa.

2113 5739 2151 5765 ω
2176 5731 2361 5797 Ches.,
2395 5732 2670 5799 mendose,
2705 5727 2902 5784 Clasas.
2925 5729 3101 5784 Clusae
3133 5727 3469 5800 appellantur
3502 5728 3619 5784 [aut
