4132 6348
576 317 675 369 ER?

1768 315 2178 372 Flil-Zl)EG.\lill
2221 318 2668 377 SCilUL\STi(II

3729 329 3863 388 δξε

574 451 801 497 metatus
828 452 932 509 est,
960 452 1014 497 et
1038 458 1154 495 cum
1190 436 1311 494 telis
1337 448 1392 493 et
1421 438 1682 493 machinis
1711 446 1764 491 et
1788 438 1954 493 multo
1988 456 2146 509 appa-
2181 437 2219 490 Α
2255 458 2379 497 nera
2404 444 2659 499 Aistulfus
2680 461 2768 500 rex
2798 447 3031 515 partibus
3061 449 3301 519 prced'cti
3323 451 3463 522 regis
3486 452 3672 509 donat.
3696 453 3865 509 Nam

576 544 710 597 ratu,
734 535 873 606 quod
898 535 1139 604 nequiter
1160 544 1342 589 contra
1373 533 1776 603 Rempublicam
1803 530 1893 603 [Id
1916 544 2009 597 est,
2053 534 2148 585 im-

574 626 911 697 peratorem]
948 637 1001 681 et
1039 627 1220 680 sedem
1254 626 1546 679 Romanam
1588 626 1933 694 apostolicam
1980 624 2150 678 admi-

572 725 749 783 serat,
800 715 1003 770 nefarie
1045 716 1312 769 nitebatur
1355 714 1665 770 defendere.
1713 709 1785 770 Et
1821 718 1943 770 cum
1988 724 2149 785 supra

572 807 801 876 scriptus
823 820 918 862 rex
951 806 1203 876 Pippiuus
1235 808 1598 861 Mauriennam
1629 821 1750 860 cum
1780 807 2020 861 exercitu
2050 823 2147 861 suo

573 896 859 952 resedisset
889 896 1048 968 [Ed.,
1088 896 1393 969 rediisset],
1445 907 1496 951 et
1529 903 1747 967 propt’ér
1788 906 2009 966 angusta
2040 896 2152 951 Vai-

573 988 725 1052 liunt,
757 998 963 1042 montes
992 1003 1256 1057 rupesque
1285 988 1552 1042 exercitus
1586 988 1821 1055 prmdicti
1867 988 2009 1056 regis
2051 988 2153 1040 mi-

572 1081 716 1135 nime
744 1081 971 1135 transire
1002 1083 1314 1150 potuisaent,
1354 1082 1507 1148 pauci
1556 1091 1730 1135 tamen
1761 1082 2029 1137 montibus
2057 1098 2152 1135 an-

572 1173 846 1241 gnStisque
874 1173 1006 1227 locis
1027 1174 1449 1240 ermnpentibus,
1482 1188 1650 1241 usque
1673 1173 1723 1225 in
1752 1174 1886 1227 valle
1913 1174 2149 1228 Seusana

570 1264 734 1335 690
758 1276 1139 1331 pervenerunt.
1173 1265 1298 1319 line
1326 1279 1551 1319 cernens
1588 1264 1843 1317 Aistulfus
1876 1281 1965 1319 rex
2017 1266 2151 1320 Lan—

572 1355 951 1425 gobardorum,
984 1372 1170 1410 omnes
1198 1356 1578 1424 Langobardos
1606 1371 1813 1409 armare
1861 1359 2111 1425 pra-cepit
2132 1400 2147 1423 ,

570 1454 626 1499 et
652 1460 770 1500 cum
800 1448 945 1501 omni
972 1448 1210 1501 exercitu
1239 1462 1335 1499 suo
1366 1462 1526 1514 super
1555 1462 1646 1500 eos
1687 1448 1957 1501 audaciter
1986 1450 2147 1503 venit.

571 1542 697 1597 llaec
744 1554 1023 1599 cernentes
1056 1546 1277 1610 Franci,
1328 1561 1431 1599 non
1480 1546 1589 1600 suis
1619 1547 1860 1613 auxiliis,
1908 1564 2007 1601 nec
2042 1548 2152 1601 suis

572 1634 773 1689 viribus
804 1635 1031 1691 liberare
1060 1652 1118 1691 se
1148 1637 1420 1705 putabant,
1455 1638 1549 1691 sed
1596 1638 1761 1691 lleum
1796 1640 2066 1702 invocant,
2098 1649 2153 1693 et

571 1723 783 1779 beatum
813 1726 1024 1781 Petrum
1049 1727 1350 1794 apostolum
1378 1727 1675 1795 adjutorem
1706 1736 1729 1764 ο
1762 1739 1967 1798 rogant.
1993 1730 2150 1783 Com-

571 1819 840 1889 missaque
862 1822 1053 1889 prm'io
1084 1821 1292 1875 fortiter
1320 1822 1457 1876 inter
1481 1837 1539 1875 se
1567 1821 1881 1875 dimicante:
1904 1861 1919 1885 ,
1957 1822 2149 1875 Aistul-
2186 1802 2223 1858 Β

569 1908 653 1965 fus
682 1928 771 1965 rex
827 1914 1298 1981 Langobardorum
1347 1913 1530 1967 la‘snm
1578 1928 1810 1967 cernens
1854 1914 2148 1968 exercitum

568 2016 744 2065 suum,
778 2013 924 2071 terga
956 2005 1129 2065 vertit,
1160 2015 1211 2057 et
1244 2016 1381 2071 pene
1404 2020 1618 2057 omnem
1646 2005 1939 2059 exercitum
1966 2020 2145 2069 suum,

568 2106 725 2161 quem
766 2108 946 2147 secum
977 2094 1270 2148 adduxerat
1299 2137 1311 2153 ,
1362 2104 1466 2149 tam
1507 2096 1708 2163 duces,
1760 2097 2020 2161 comites,
2066 2098 2148 2152 vel

567 2197 755 2236 omnes
799 2182 1026 2250 majores
1058 2192 1182 2237 natu
1219 2186 1393 2253 gentis
1437 2185 1908 2253 Langobardorum
1933 2227 1947 2249 ,
2002 2188 2148 2242 ineo

567 2274 749 2342 pratlio
790 2291 980 2329 omnes
1026 2276 1234 2339 amisit;
1266 2270 1330 2329 ’(δι
1380 2277 1492 2342 ipse
1522 2278 1752 2346 qundam
1795 2287 1972 2333 monte
2004 2277 2150 2346 rupis

566 2365 653 2419 vix
687 2366 863 2436 lapsus
887 2366 1078 2430 evasit,
1112 2367 1355 2421 Ticinum
1397 2368 1581 2421 urbem
1617 2384 1766 2422 suam
1808 2384 1928 2423 cum
1965 2371 2147 2436 paucis

566 2458 730 2515 venit.
779 2458 941 2527 igitur
984 2459 1273 2525 pra‘celsus
1303 2475 1393 2513 rex
1447 2460 1697 2525 Pippinus
1725 2504 1738 2523 ,
1794 2470 1997 2528 patrata
2044 2462 2151 2515 Deo

566 2545 849 2614 adiuvante
877 2546 903 2585 ι’
937 2548 1159 2602 victoria
1182 2589 1198 2615 ,
1228 2565 1346 2602 cum
1380 2550 1523 2602 omni
1556 2551 1815 2613 exercitu,
1848 2550 1929 2605 vel
1972 2552 2153 2604 multi-

567 2647 748 2694 tuotne
776 2641 1045 2709 agminum
1082 2640 1429 2704 Francernm,
1462 2656 1627 2710 usque
1658 2642 1723 2695 ad
1750 2642 1997 2696 Ticinum
2032 2659 2152 2711 per-

567 2735 819 2794 accessit,
851 2741 1023 2787 castra
1057 2740 1285 2786 metatus
1312 2742 1413 2795 est,
1448 2733 1681 2800 undique
1721 2734 1899 2787 omnia
1938 2749 2057 2802 qua:
2100 2734 2149 2787 in

565 2838 701 2893 gyro
748 2825 960 2878 fuerunt
1006 2837 1220 2878 vasrans
1261 2842 1271 2877 :
1319 2836 1496 2891 partes
1537 2826 1698 2879 ltalire
1749 2827 1980 2880 maxime
2031 2826 2152 2895 igne

565 2915 965 2981 concremavit,
998 2924 1162 2970 totam
1196 2914 1467 2983 regionem
1500 2914 1643 2967 illam
1677 2915 1934 2979 vastavit,
1978 2925 2151 2970 castra

565 3003 1042 3074 Langobardorum
1088 3006 1269 3060 omnia
1318 3005 1534 3074 diripuit
1565 3004 1717 3076 [Ed.,
1763 3006 2051 3078 disrupit],
2096 3015 2152 3062 et

564 3096 764 3151 multos
790 3095 1071 3152 thesauros
1099 3105 1205 3152 tam
1247 3097 1359 3150 auri
1387 3104 1441 3151 et
1468 3097 1695 3165 argenti,
1726 3097 1809 3153 vel
1838 3098 1938 3152 alia
1985 3113 2149 3153 orna-

562 3199 743 3245 menta
775 3204 933 3259 quam
966 3188 1223 3255 plurima,
1267 3196 1536 3243 eteorum
1582 3189 1805 3243 tentoria
1849 3190 2026 3244 omnia
2068 3203 2152 3244 ra-

563 3279 679 3349 puit
706 3287 763 3333 et
806 3278 967 3347 cepit.
1013 3278 1135 3332 Haec
1165 3292 1393 3332 cernens
1423 3277 1684 3333 Aistulfus
1721 3294 1813 3333 rex
1847 3279 2151 3348 Langobar‘

564 3369 777 3433 dorum,
806 3370 948 3438 quod
980 3370 1281 3423 nullatenus
1306 3383 1367 3423 se
1393 3368 1622 3424 evadere
1654 3368 1933 3438 potuisset,
1964 3384 2150 3437 pacem

563 3474 662 3532 per
699 3461 1007 3515 sacerdotes
1044 3470 1098 3514 et
1122 3461 1409 3527 Optimates
1452 3461 1782 3515 Francorum
1810 3472 2018 3528 petens,
2066 3462 2151 3517 di-

566 3553 772 3609 ctiones
802 3567 960 3621 supra
991 3552 1134 3607 dicto
1164 3567 1287 3622 rege
1313 3553 1537 3621 Pippino
1572 3552 1789 3621 faciens,
1822 3563 1871 3607 et
1895 3542 2145 3624 [Formm

568 3644 644 3718 ιιι]
670 3644 922 3715 quidquid
951 3652 1138 3700 contra
1164 3644 1457 3700 Romanam
1506 3645 1786 3701 ecclesiam
1832 3646 1918 3701 vel
1966 3649 2147 3703 sedem

566 3738 933 3809 Apostolicam
983 3745 1168 3792 contra
1208 3737 1343 3807 legis
1389 3736 1633 3793 ordinem
1679 3736 1913 3805 fecerat,
1958 3738 2152 3807 plenis-

566 3830 702 3886 sima
740 3829 1009 3885 solutione
1052 3828 1387 3886 emendaret.
1438 3829 1786 3886 Sacramenta
1834 3838 1892 3885 et
1938 3830 2153 3887 obsides

564 3919 765 3978 ibidem
790 3918 975 3987 donat,
1018 3926 1080 3974 ut
1120 3935 1393 3990 nunquam
1423 3935 1450 3975 a
1486 3921 1814 3975 Francorum
1845 3921 2051 3980 ditione
2093 3938 2152 3978 se

567 4012 941 4081 abstraheret,
986 4024 1038 4068 et
1068 4012 1297 4069 ulterius
1341 4013 1405 4068 ad
1438 4013 1621 4069 sedem
1670 4014 2015 4082 apostolicam
2048 4014 2153 4069 Ro—

566 4121 779 4171 manam
802 4115 852 4162 et
874 4103 1255 4175 rempublicam
1280 4104 1540 4161 hostiliter
1557 4122 1829 4176 nunquam
1853 4106 2148 4162 accederet.

567 4199 828 4256 Prmfatus
852 4214 946 4255 rex
987 4198 1243 4269 Pippinus
1269 4199 1505 4255 clemens
1531 4208 1589 4253 ut
1614 4209 1749 4266 erat,
1781 4200 2151 4256 misericordia

568 4298 770 4360 motus,
797 4290 958 4346 vitam
983 4298 1038 4346 et
1074 4304 1299 4362 regnum
1326 4290 1376 4345 ei
1407 4289 1709 4357 concessit,
1753 4298 1808 4345 et
1838 4290 2000 4346 multa
2032 4304 2154 4344 mu-

572 4461 666 4503 ees
685 4455 741 4502 et
765 4446 1024 4516 angustia:
1047 4446 1326 4516 montium.
1358 4447 1520 4499 Vallis
1547 4457 1724 4502 autem
1748 4446 2008 4511 Seasana‘,
2034 4461 2151 4516 seu,

577 4526 637 4572 ut
658 4516 817 4571 Freh.
841 4525 895 4570 et
913 4515 1047 4585 Cani.
1076 4517 1159 4570 hic
1185 4515 1401 4575 habent.
1426 4518 1708 4581 Swesiana,
1735 4516 1861 4580 (1b.,
1896 4518 2149 4585 Suesaua,

573 4588 739 4658 vulgo
775 4586 970 4658 dicitur
990 4584 1173 4658 Vallis
1193 4587 1480 4658 Segusiana
1514 4588 1585 4649 (te
1636 4587 1813 4639 Valde
1857 4585 2037 4656 Suae).

643 4654 694 4697 ί
710 4657 834 4723 EtL,
870 4655 1001 4709 beati
1031 4654 1175 4709 Petri
1213 4656 1432 4721 apostoli
1459 4658 1791 4721 adiutorium.

643 4727 673 4768 δ
712 4728 895 4792 Ches.,
930 4724 1027 4780 Dei
1067 4725 1349 4795 adjutorio.

648 4810 671 4838 ε
712 4799 768 4853 Id
796 4806 899 4858 est,
929 4796 1227 4866 prwdictum
1270 4795 1593 4861 Stephanum
1623 4812 1833 4863 papam.

642 4867 669 4906 (ι
712 4869 835 4933 Εά..
865 4868 991 4937 ﬁnes
1026 4866 1371 4937 Romanorum
1402 4881 1700 4931 peragrans.

644 4949 670 4977 ⁸
711 4935 1113 5002 Boh.,veniens.
1153 4936 1385 4991 Ecclesia
1416 4939 1582 4989 sancti
1615 4935 1753 4991 Petri
1801 4936 1853 4989 in
1898 4935 2151 4993 Vaticano

570 5010 699 5065 olim
726 5017 876 5065 extra
905 5006 1125 5071 Urbem,
1158 5021 1186 5060 a
1221 5005 1396 5060 Leone
1429 5006 1487 5057 IV
1524 5007 1660 5059 intra
1693 5022 1882 5060 novam
1929 5009 2144 5072 urbem,

570 5097 689 5147 qua:
709 5080 776 5135 ab
800 5094 867 5135 eo
887 5077 1115 5133 Leoaina
1135 5077 1273 5130 dicta
1298 5088 1400 5141 est,
1427 5077 1630 5130 inclusa
1654 5078 1768 5130 fuit.
1803 5077 1858 5131 lu
1892 5078 1972 5130 liis
1994 5094 2151 5145 porro

570 5151 830 5218 angustiis
869 5149 1148 5217 epistolam
1199 5148 1504 5218 Stephanus
1558 5147 1780 5218 l‘ippiuo
1809 5157 1861 5201 et
1905 5151 2151 5205 omnibus

569 5216 792 5276 Francis
820 5216 1034 5275 nomine
1061 5216 1231 5272 sancti
1263 5216 1407 5284 Petri
1436 5218 1691 5284 scripsit:
1724 5216 1908 5271 Petrus
1949 5228 2151 5271 vocatus

570 5292 897 5355 apostolus...
934 5288 1193 5359 Pippiaog,
1249 5279 1457 5359 Carolo,
1513 5279 1617 5348 etc.
1665 5287 1795 5343 Eam
1846 5289 2055 5359 aliaque
2085 5288 2149 5339 ad

571 5359 707 5416 hanc
737 5357 1009 5415 historiam
1031 5357 1356 5427 pertinentia
1386 5360 1730 5413 instrumenta
1763 5359 1963 5426 profert
1986 5357 2152 5411 (initi-

569 5432 675 5483 tlus
702 5440 846 5485 tomo
871 5445 903 5485 ν
932 5425 1123 5483 Annal.

645 5498 665 5536 ί
709 5502 836 5553 Bob.
858 5541 873 5561 ,
902 5498 1210 5560 Cavilonno,
1241 5496 1460 5553 Genwa.
1494 5498 1585 5552 liae
1615 5497 1774 5552 urbes
1813 5507 1967 5561 sunt,
2017 5496 2152 5551 C/id-

571 5568 1012 5634 lons-sur-Sabne,
1054 5566 1270 5630 Genetio,
1299 5567 1612 5623 Saint-Jean
1640 5569 1702 5621 de
1733 5567 2058 5622 Mauricum.

644 5646 671 5685 s
717 5639 883 5704 Vulgo
908 5638 955 5691 le
986 5645 1123 5690 mont
1144 5638 1319 5702 Cénis,
1350 5638 1402 5691 in
1432 5637 1654 5705 Alpibus
1682 5637 1890 5693 Cottiis.

643 5706 668 5744 ιι
709 5707 944 5768 Tassilo,
976 5720 1041 5776 ex
1070 5706 1347 5761 Cbiltrude
1394 5722 1488 5761 seu
1535 5707 1793 5775 lliltrude,
1827 5708 1894 5763 de
1926 5724 2031 5776 qua
2056 5724 2145 5762 suo

572 5777 770 5847 potius,
816 5774 1021 5846 l’ippini
1047 5790 1232 5830 sorore
1256 5786 1411 5832 natus
1439 5785 1571 5831 erat.

2252 546 2304 590 et
2326 536 2669 603 optimatibus
2693 540 3018 594 Francorum
3047 543 3209 596 multa
3234 559 3456 598 numera
3486 546 3708 613 largitus
3732 559 3851 602 est.

2256 631 2347 685 llis
2379 632 2555 702 itaque
2600 634 2783 702 geStis,
2818 632 3073 705 Pippinus
3102 652 3191 690 rex
3235 638 3393 709 691
3429 640 3685 705 praedicto
3712 642 3841 697 δίει

2256 714 2433 790 ιιῐιτιήο
2458 742 2590 794 papa
2617 737 2639 763 ε
2671 741 2793 781 cum
2821 722 3167 797 optirnatibns
3192 733 3302 785 suis
3327 742 3383 785 et
3423 733 3588 786 multa
3613 749 3853 787 munem

2256 818 2488 883 partibus
2516 819 2700 874 Romae
2730 835 2848 874 cum
2877 836 3069 890 magno
3100 824 3303 877 honore
3332 823 3546 888 direxit,
3580 834 3636 880 et
3676 826 3730 878 in
3758 841 3852 880 se-

2252 908 2374 960 dem
2399 910 3122 979 apostolicam'incolumem,
3169 914 3253 967 ubi
3287 913 3435 985 [Ed.,
3468 914 3651 985 sicuti]
3683 917 3847 983 prius

2255 998 2455 1064 fuerat,
2500 1003 2749 1058 restituit.
2801 1000 2893 1056 liis
2924 1005 3238 1065 transactis,
3277 1006 3532 1074 Pippinus
3574 1023 3669 1062 rex
3711 1022 3850 1062 cum

2253 1082 2489 1144 exer'citn
2518 1107 2615 1145 suo
2660 1095 2739 1148 vel
2774 1094 2953 1148 multis
2984 1095 3248 1150 thesauris
3278 1112 3340 1149 ac
3368 1098 3551 1151 multis
3594 1100 3849 1154 muneri-

2255 1180 2350 1234 bus
2384 1183 2490 1237 Deo
2518 1185 2804 1252 ailjuvante
2834 1202 3081 1241 reversus
3111 1198 3192 1241 est
3216 1190 3280 1241 ad
3306 1190 3547 1257 propria.

2326 1278 2421 1327 Ax.
2459 1291 2643 1329 nccu.
2670 1305 2740 1316 -—
2761 1275 2945 1330 CXXI.
2987 1279 3235 1346 Sequenti
3269 1296 3408 1332 anno
3440 1280 3545 1333 Ais
3560 1274 3701 1334 trlfus
3750 1295 3847 1334 rex

2254 1365 2724 1435 Langobardorum
2755 1370 2910 1424 lidetn
2935 1385 3106 1432 suam,
3136 1386 3295 1438 quam
3325 1372 3436 1437 regi
3471 1372 3565 1439 Pip
3604 1373 3693 1424 ino
3720 1386 3850 1438 pro-

2254 1458 2505 1523 miserat,
2549 1460 2780 1521 peccatis
2808 1458 3123 1513 facientibus
3155 1458 3361 1513 fefellit.
3397 1460 3591 1513 ltt-rum
3623 1462 3686 1513 ad
3736 1450 3849 1513 Ro.

2255 1562 2393 1598 mam
2422 1563 2542 1599 cum
2574 1551 2815 1602 exercitu
2843 1564 2942 1603 suo
2970 1550 3221 1614 veniens,
3253 1550 3445 1604 linibus
3472 1550 3846 1603 ltowanornm

2200 1708 2216 1720 ο
2257 1652 2552 1705 pervagatis
2580 1636 2627 1701 δ,
2653 1648 2810 1706 atque
2840 1640 3111 1707 regionem
3137 1640 3277 1693 illam
3310 1650 3544 1707 vastans,
3569 1640 3631 1692 ad
3664 1644 3846 1693 ecc‘e-

2254 1728 2387 1780 siam
2414 1730 2581 1781 sancti
2612 1729 2748 1781 Petri
2775 1730 3091 1796 perveniens
3120 1740 3167 1793 θ,
3193 1741 3246 1782 et
3275 1730 3462 1783 domos
3484 1744 3617 1796 quas
3640 1731 3845 1784 ibidem

2256 1818 2447 1883 reperit
2477 1820 2704 1872 maxime
2734 1821 2853 1886 igne
2882 1821 3269 1874 concremavit.
3302 1820 3426 1873 llzec
3456 1819 3709 1889 Pippinus
3746 1838 3841 1875 rex

2254 1922 2374 1960 cum
2422 1924 2518 1975 par
2548 1911 2900 1963 internuntios
2928 1909 3199 1975 audisset,
3232 1911 3451 1963 nimium
3481 1910 3660 1963 furore
3690 1921 3746 1964 et
3792 1914 3841 1965 in

2254 1996 2329 2049 ira
2362 2011 2538 2051 motus
2561 2028 2577 2061 ,-
2622 2012 2891 2053 commoto
2924 2001 3111 2054 iterant
3160 2002 3306 2054 omni
3331 2002 3569 2056 exerci'n
3602 2002 3842 2055 Franco-

2252 2103 2370 2140 rum
2405 2104 2497 2155 per
2529 2088 2884 2159 Rnrgundiam
2909 2126 2925 2156 ,-
2976 2106 3073 2160 per
3112 2091 3477 2146 Cavalonnnm
3522 2093 3744 2155 urbem,
3790 2104 3843 2146 et

2254 2178 2374 2231 inde
2410 2196 2499 2245 per
2529 2180 2753 2233 Januam
2787 2178 2805 2219 ί
2843 2198 3010 2250 usque
3044 2183 3405 2236 Maurietmam
3434 2183 3673 2237 veniens.
3726 2185 3843 2239 Rex

2252 2270 2513 2323 Aistulfus
2537 2287 2657 2325 cum
2687 2272 2789 2327 hoc
2814 2275 3125 2341 reperisset.
3160 2274 3349 2327 iterum
3373 2274 3439 2327 ad
3471 2272 3660 2327 Clncas
3689 2291 3843 2327 exer-

2252 2362 2415 2415 citum
2449 2361 2919 2431 Langobardorum
2960 2365 3177 2418 mittens
3200 2406 3213 2427 ,
3262 2364 3353 2432 qui
3382 2366 3488 2432 regi
3524 2366 3754 2433 l’ippino
3790 2364 3842 2420 et

2256 2450 2473 2504 Francis
2507 2452 2852 2515 resisterent,
2907 2462 2962 2505 rt
3006 2454 3249 2521 partibus
3280 2453 3441 2507 Italia
3482 2452 3685 2508 intrare
3734 2470 3783 2507 η
3810 2458 3842 2509 is

2251 2540 2509 2594 sinerent.
2541 2541 2651 2595 Rex
2685 2543 2937 2612 Pippinus
2964 2558 3085 2597 cum
3116 2544 3352 2599 exercitu
3382 2561 3502 2609 suo,
3550 2558 3731 2599 monte
3761 2547 3840 2599 Ci-

2252 2633 2392 2686 nisio
2426 2643 2450 2680 8
2482 2642 2750 2689 transacto
2771 2676 2786 2699 ,
2819 2652 2986 2703 usque
3014 2637 3077 2688 ad
3107 2638 3329 2702 C'usas,
3369 2636 3456 2690 ubi
3503 2624 3841 2706 Langobardi

2252 2724 2302 2778 ei
2334 2724 2581 2779 resistere
2614 2724 2939 2791 nitebantur,
2973 2727 3314 2795 perveniens,
3357 2736 3408 2778 et
3432 2729 3612 2780 statim
3648 2727 3838 2782 Franci

2253 2815 2410 2869 solito
2438 2830 2585 2871 more
2609 2855 2624 2879 ,
2676 2824 2734 2873 ut
2776 2816 2951 2872 edocti
2984 2826 3172 2883 erant,
3206 2835 3298 2883 per
3344 2828 3551 2879 montes
3596 2828 3647 2873 et
3680 2834 3840 2887 rupes

2252 2921 2614 2980 erumpentes,
2650 2914 2701 2965 in
2728 2928 2949 2981 regnum
2982 2913 3191 2966 Aistnlli
3218 2928 3337 2967 cum
3370 2914 3531 2967 multa
3557 2914 3629 2966 ira
3661 2923 3713 2967 et
3745 2913 3838 2967 fu-

2253 3018 2376 3057 rore
2407 3003 2627 3067 intrant,
2660 3002 3041 3072 Langobardos
3070 3020 3203 3071 quos
3233 3004 3302 3058 ibi
3331 3015 3641 3071 repererunt
3667 3005 3838 3059 inter-

2255 3092 2461 3147 liciunt.
2489 3092 2696 3161 Reliqui
2726 3095 2815 3163 qui
2857 3106 3228 3149 remanserant
3267 3096 3352 3149 vix
3382 3096 3501 3163 fuga
3544 3096 3679 3165 lapsi
3709 3112 3837 3152 eva-

2178 3164 2224 3229 C
2256 3195 2458 3239 serunt.
2495 3186 2603 3239 Rex
2636 3180 2889 3254 Pippinus
2925 3202 3045 3240 cum
3080 3196 3273 3254 nepote
3316 3202 3414 3242 suo
3443 3174 3722 3243 Tassilone
3765 3187 3793 3225 δ
3819 3224 3835 3253 ,-

2255 3274 2618 3341 Bajoariorum
2649 3275 2809 3339 duce,
2835 3276 3074 3343 partibus
3107 3276 3269 3330 Italia:
3296 3293 3462 3346 usque
3492 3278 3557 3331 ad
3590 3279 3835 3334 Ticinum

2253 3363 2444 3419 iterum
2470 3365 2717 3429 accessit,
2744 3374 2799 3420 et
2826 3374 2988 3419 totam
3029 3369 3299 3436 regionem
3332 3368 3479 3422 illam
3508 3369 3716 3423 fortiter
3746 3371 3838 3425 de-

2254 3466 2470 3511 vastans
2493 3497 2508 3521 ,
2550 3457 2690 3512 circa
2724 3472 2904 3511 muros
2934 3458 3104 3513 Ticini
3139 3470 3359 3529 utraque
3400 3473 3550 3528 parte
3580 3462 3693 3515 tixit
3723 3472 3840 3517 ten-

2255 3549 2410 3609 toria,
2443 3548 2513 3602 ita
2549 3557 2605 3602 ut
2635 3548 2812 3603 nullus
2854 3549 3046 3604 exinde
3072 3549 3300 3606 evadere
3343 3552 3601 3620 potuisset
3640 3550 3681 3605 ί.
3714 3553 3838 3608 llaec

2255 3639 2512 3694 Aistulfus
2544 3656 2638 3695 rex
2672 3641 3144 3712 Langobardorum
3186 3659 3441 3709 cernens,
3476 3655 3531 3701 et
3553 3646 3665 3717 iam
3715 3647 3838 3702 nul-

2256 3731 2357 3785 lam
2404 3746 2553 3799 spem
2580 3732 2742 3803 692
2781 3748 2841 3788 se
2870 3734 3130 3789 evadendi
3168 3724 3447 3803 speraret,
3492 3738 3687 3791 iterum
3741 3754 3839 3807 per

2252 3826 2695 3895 supplicationem
2726 3827 3063 3882 sacerdotum
3082 3836 3138 3883 et
3158 3829 3469 3896 optimatum
3501 3820 3835 3886 Francorum

2254 3923 2505 3984 veniens,
2535 3928 2591 3973 et
2620 3934 2803 3987 pacem
2858 3919 3109 3988 prmdicto
3140 3920 3250 3989 regi
3296 3921 3633 3989 supplicans,
3664 3933 3719 3977 et
3746 3938 3836 3976 sa-

2252 4022 2527 4067 cramenta
2566 4026 2683 4082 quae
2713 4011 2936 4081 praefato
2964 4011 3076 4083 regi
3101 4010 3300 4065 dudum
3330 4012 3574 4079 dederat,
3606 4028 3667 4068 ac
3693 4013 3836 4082 quod

2254 4106 2407 4179 [Ed.,
2440 4114 2499 4159 ut
2543 4104 2655 4175 qui]
2700 4115 2885 4159 contra
2915 4104 3098 4159 sedem
3131 4104 3478 4171 apostolicam
3524 4120 3639 4159 rem
3686 4104 3839 4160 nefa-

2254 4198 2387 4251 riam
2420 4196 2658 4261 fecerat,
2692 4197 2871 4249 omnia
2902 4211 2997 4265 per
3040 4194 3298 4265 judicium
3350 4195 3708 4261 Francorum,
3751 4188 3837 4251 vel

2254 4289 2592 4346 sacerdotum
2641 4288 2950 4359 plenissima
2978 4287 3246 4343 solutione
3287 4289 3620 4345 emendaret.
3671 4288 3837 4360 Igitur

2268 4506 2269 4509 η
2333 4446 2347 4485 ί
2394 4448 2562 4513 Tunc,
2596 4457 2651 4502 ut
2682 4456 2863 4501 narrat
2890 4440 3229 4510 Anasu‘sius,
3263 4440 3599 4513 imperatoris
3631 4446 3836 4514 legatus

2262 4513 2539 4587 Pippinum
2570 4522 2840 4580 convenit,
2873 4529 2931 4571 ut
2955 4518 3299 4570 evarchatum
3327 4516 3551 4585 imperio
3583 4513 3834 4570 restitue-

2262 4599 2363 4644 ret.
2392 4591 2456 4644 At
2486 4589 2700 4657 negavit
2740 4589 2827 4643 ille
2855 4603 2913 4643 se
2958 4588 3007 4643 id
3041 4590 3395 4657 prmst'turniu
3421 4626 3437 4651 ,
3466 4587 3833 4657 quodibellum

2264 4660 2364 4713 lue
2394 4660 2511 4713 solo
2552 4656 2762 4727 pietatis
2804 4659 3015 4721 intuitu,
3046 4656 3141 4726 pro
3182 4674 3353 4709 amore
3396 4659 3559 4709 sancti
3599 4656 3743 4710 Petri
3785 4666 3834 4711 et

2262 4730 2559 4787 delictorum
2589 4746 2792 4783 suorum
2819 4728 2959 4782 venia
2990 4728 3340 4795 suscepisset,
3368 4742 3539 4792 neque
3576 4740 3637 4782 se
3682 4742 3833 4779 eom-

2257 4802 2569 4863 missurum,
2601 4810 2654 4852 ut
2682 4800 2819 4867 quod
2848 4798 2999 4853 semel
3028 4797 3167 4851 beato
3199 4795 3356 4851 Petro
3384 4796 3633 4851 obtulerat
3659 4800 3835 4866 aufer-

2259 4882 2352 4924 ret.
2398 4873 2552 4931 llinr,
2582 4870 2655 4923 uti
2689 4870 3022 4938 prosequitur
3053 4868 3142 4921 ille
3184 4877 3397 4931 auctor,
3434 4870 3641 4920 lirmata
3667 4882 3828 4938 pace,

2261 4940 2323 4993 de
2361 4940 2571 5005 receptis
2593 4936 2875 4993 civitatibus
2894 4957 2923 4989 a
2947 4938 3007 5005 Β.
3042 4938 3216 5000 Petro,
3245 4946 3393 5005 atque
3420 4953 3451 4989 a
3475 4948 3651 4988 sancta
3681 4936 3829 4993 Rom.

2266 5002 2522 5071 It'rcleiia,
2570 5012 2645 5063 vel
2696 5010 2759 5063 ab
2808 5002 3121 5061 omnibusin
3169 5002 3465 5073 perpetuum
3513 5008 3834 5074 pontiﬁcibus

2256 5082 2547 5148 apestolica:
2592 5082 2726 5134 sedis
2757 5080 3071 5145 possidendis
3102 5079 3235 5130 misit
3272 5078 3325 5148 in
3364 5077 3564 5144 scriptis
3601 5078 3835 5130 donatio-

2258 5146 2387 5213 mm,
2413 5167 2527 5219 qua:
2548 5166 2703 5220 usque
2728 5150 2898 5211 hodie,
2926 5150 3115 5217 inquit,
3141 5146 3414 5220 in_arc_hivo
3440 5156 3630 5220 sancta
3650 5157 3835 5220 nostra

2255 5216 2482 5275 rrrlrsiw
2510 5216 2774 5274 recondita
2803 5216 3015 5272 tenetur.
3042 5247 3114 5260 -—
3146 5217 3393 5285 Ejusdem
3422 5216 3724 5285 donationis
3749 5224 3835 5272 au-

2260 5291 2547 5344 tlu-nticum
2574 5278 3241 5361 munumcntum_superest
3262 5286 3400 5353 apud
3429 5278 3735 5361 Ravennam
3765 5288 3834 5361 la;

2261 5362 2364 5427 pidi
2399 5362 2715 5428 insculptum
2759 5361 2951 5414 litteris
2980 5356 3268 5419 Romanis,
3312 5356 3831 5428 tametsiLmutilutu'.

2260 5435 2359 5483 Sed
2405 5447 2521 5498 quae
2551 5426 2744 5485 desunt
2773 5430 2924 5485 facile
2952 5436 3174 5498 possunt
3220 5426 3478 5497 suppleri.
3513 5426 3607 5483 Sic
3653 5439 3830 5482 autem

2219 5492 2235 5505 ’
2254 5492 2454 5553 habet:

2327 5570 2652 5627 PII’I’INUS.
2714 5570 2885 5626 DIUS.
2945 5562 3221 5623 PRIMUS.
3281 5563 3830 5621 AMPLIFICANDE.

2254 5640 2629 5696 ECCLESI/E.
2692 5640 2874 5693 V-lAM.
2949 5638 3267 5692 AI‘ERUIT.
3322 5638 3408 5690 ΕΤ
3478 5635 3832 5700 EXARCHA:

2250 5712 2413 5767 TUM.
2460 5711 2827 5771 ιιΑνεΝΝιΕ.
2871 5708 3011 5764 CUM
3054 5707 3773 5763 AMI‘LISSIMIS............
