  <div class='ocr_page' id='page_1' title='image "/cluster/home/n/w/nwhite01/storage/ocr_20150623/71/hvd.32044020096954/350.png"; bbox 0 0 4132 6348; ppageno 0'>
   <div class='ocr_carea' id='block_1_1' title="bbox 323 402 434 459">
    <p class='ocr_par' dir='ltr' id='par_1_1' title="bbox 323 402 434 459">
     <span class='ocr_line' id='line_1_1' title="bbox 323 402 434 459; baseline -0.009 0"><span class='ocrx_word' id='word_1_1' title='bbox 323 402 434 459; x_wconf 66' lang='grc'><strong>889</strong></span> 
     </span>
    </p>
   </div>
   <div class='ocr_carea' id='block_1_2' title="bbox 1254 404 2758 481">
    <p class='ocr_par' dir='ltr' id='par_1_2' title="bbox 1254 404 2758 481">
     <span class='ocr_line' id='line_1_2' title="bbox 1254 404 2758 481; baseline 0.005 -20"><span class='ocrx_word' id='word_1_2' title='bbox 1254 404 1652 463; x_wconf 75' lang='lat' dir='ltr'><strong>CIIRONICUM</strong></span> <span class='ocrx_word' id='word_1_3' title='bbox 1692 405 2202 464; x_wconf 74' lang='lat' dir='ltr'><strong>CONTINUATUM.</strong></span> <span class='ocrx_word' id='word_1_4' title='bbox 2247 410 2423 467; x_wconf 76' lang='lat' dir='ltr'><strong>PARS</strong></span> <span class='ocrx_word' id='word_1_5' title='bbox 2458 410 2758 481; x_wconf 80' lang='lat' dir='ltr'><strong>QUARTA.</strong></span> 
     </span>
    </p>
   </div>
   <div class='ocr_carea' id='block_1_3' title="bbox 3471 404 3577 460">
    <p class='ocr_par' dir='ltr' id='par_1_3' title="bbox 3471 404 3577 460">
     <span class='ocr_line' id='line_1_3' title="bbox 3471 404 3577 460; baseline 0.009 -1"><span class='ocrx_word' id='word_1_6' title='bbox 3471 404 3577 460; x_wconf 77' lang='lat'><strong>690</strong></span> 
     </span>
    </p>
   </div>
   <div class='ocr_carea' id='block_1_4' title="bbox 329 518 3596 601">
    <p class='ocr_par' dir='ltr' id='par_1_4' title="bbox 329 518 3596 601">
     <span class='ocr_line' id='line_1_4' title="bbox 329 518 3596 601; baseline 0.005 -27"><span class='ocrx_word' id='word_1_7' title='bbox 329 535 425 574; x_wconf 89' lang='lat' dir='ltr'><strong>rex</strong></span> <span class='ocrx_word' id='word_1_8' title='bbox 457 518 710 590; x_wconf 83' lang='lat' dir='ltr'><strong>Pippinus</strong></span> <span class='ocrx_word' id='word_1_9' title='bbox 736 521 891 576; x_wconf 79' lang='lat' dir='ltr'><strong>solito</strong></span> <span class='ocrx_word' id='word_1_10' title='bbox 919 537 1068 578; x_wconf 88' lang='lat' dir='ltr'><strong>more</strong></span> <span class='ocrx_word' id='word_1_11' title='bbox 1098 522 1291 579; x_wconf 83' lang='lat' dir='ltr'><strong>iterum</strong></span> <span class='ocrx_word' id='word_1_12' title='bbox 1321 522 1690 578; x_wconf 80' lang='lat' dir='ltr'><strong>misericordia</strong></span> <span class='ocrx_word' id='word_1_13' title='bbox 1717 530 1912 586; x_wconf 75' lang='lat' dir='ltr'><strong>motus,</strong></span> <span class='ocrx_word' id='word_1_14' title='bbox 1945 524 1995 584; x_wconf 76' lang='grc' dir='ltr'>Α</span> <span class='ocrx_word' id='word_1_15' title='bbox 2022 538 2156 593; x_wconf 87' lang='lat' dir='ltr'><strong>quos</strong></span> <span class='ocrx_word' id='word_1_16' title='bbox 2186 525 2385 581; x_wconf 89' lang='lat' dir='ltr'><strong>dudum</strong></span> <span class='ocrx_word' id='word_1_17' title='bbox 2417 527 2708 583; x_wconf 74' lang='lat' dir='ltr'><strong>Waifan‘ns</strong></span> <span class='ocrx_word' id='word_1_18' title='bbox 2740 535 2924 585; x_wconf 80' lang='lat' dir='ltr'><strong>contra</strong></span> <span class='ocrx_word' id='word_1_19' title='bbox 2954 529 3085 601; x_wconf 83' lang='lat' dir='ltr'><strong>legis</strong></span> <span class='ocrx_word' id='word_1_20' title='bbox 3115 531 3357 587; x_wconf 84' lang='lat' dir='ltr'><strong>ordinem</strong></span> <span class='ocrx_word' id='word_1_21' title='bbox 3384 535 3596 597; x_wconf 61' lang='lat' dir='ltr'><strong>oceigle~</strong></span> 
     </span>
    </p>
   </div>
   <div class='ocr_carea' id='block_1_5' title="bbox 328 612 1912 693">
    <p class='ocr_par' dir='ltr' id='par_1_5' title="bbox 328 612 1912 693">
     <span class='ocr_line' id='line_1_5' title="bbox 328 612 1912 693; baseline 0.002 -27"><span class='ocrx_word' id='word_1_22' title='bbox 328 612 396 666; x_wconf 82' lang='lat' dir='ltr'><strong>ad</strong></span> <span class='ocrx_word' id='word_1_23' title='bbox 442 612 750 693; x_wconf 69' lang='lat' dir='ltr'><strong>petitionem</strong></span> <span class='ocrx_word' id='word_1_24' title='bbox 798 615 1112 682; x_wconf 84' lang='lat' dir='ltr'><strong>optimatum</strong></span> <span class='ocrx_word' id='word_1_25' title='bbox 1143 631 1358 671; x_wconf 89' lang='lat' dir='ltr'><strong>suorum</strong></span> <span class='ocrx_word' id='word_1_26' title='bbox 1391 618 1552 669; x_wconf 88' lang='lat' dir='ltr'><strong>vitam</strong></span> <span class='ocrx_word' id='word_1_27' title='bbox 1590 626 1648 671; x_wconf 86' lang='lat' dir='ltr'><strong>et</strong></span> <span class='ocrx_word' id='word_1_28' title='bbox 1688 626 1912 684; x_wconf 78' lang='lat' dir='ltr'><strong>regnum</strong></span> 
     </span>
    </p>
   </div>
   <div class='ocr_carea' id='block_1_6' title="bbox 330 706 1917 778">
    <p class='ocr_par' dir='ltr' id='par_1_6' title="bbox 330 706 1917 778">
     <span class='ocr_line' id='line_1_6' title="bbox 330 706 1917 778; baseline 0.003 -20"><span class='ocrx_word' id='word_1_29' title='bbox 330 706 524 759; x_wconf 83' lang='lat' dir='ltr'><strong>iterato</strong></span> <span class='ocrx_word' id='word_1_30' title='bbox 552 708 837 761; x_wconf 80' lang='lat' dir='ltr'><strong>concessit.</strong></span> <span class='ocrx_word' id='word_1_31' title='bbox 871 706 1133 764; x_wconf 82' lang='lat' dir='ltr'><strong>Aistulfus</strong></span> <span class='ocrx_word' id='word_1_32' title='bbox 1156 724 1251 762; x_wconf 90' lang='lat' dir='ltr'><strong>rex</strong></span> <span class='ocrx_word' id='word_1_33' title='bbox 1284 724 1377 777; x_wconf 88' lang='lat' dir='ltr'><strong>per</strong></span> <span class='ocrx_word' id='word_1_34' title='bbox 1401 707 1661 778; x_wconf 79' lang='lat' dir='ltr'><strong>judicium</strong></span> <span class='ocrx_word' id='word_1_35' title='bbox 1691 708 1917 763; x_wconf 76' lang='lat' dir='ltr'><strong>Franco-</strong></span> 
     </span>
    </p>
   </div>
   <div class='ocr_carea' id='block_1_7' title="bbox 328 797 1911 869">
    <p class='ocr_par' dir='ltr' id='par_1_7' title="bbox 328 797 1911 869">
     <span class='ocr_line' id='line_1_7' title="bbox 328 797 1911 869; baseline 0.003 -20"><span class='ocrx_word' id='word_1_36' title='bbox 328 810 447 856; x_wconf 77' lang='lat' dir='ltr'><strong>rum</strong></span> <span class='ocrx_word' id='word_1_37' title='bbox 475 797 561 851; x_wconf 84' lang='lat' dir='ltr'><strong>vel</strong></span> <span class='ocrx_word' id='word_1_38' title='bbox 588 798 958 868; x_wconf 77' lang='lat' dir='ltr'><strong>sacerdotum,</strong></span> <span class='ocrx_word' id='word_1_39' title='bbox 988 801 1298 854; x_wconf 76' lang='lat' dir='ltr'><strong>thesaurum</strong></span> <span class='ocrx_word' id='word_1_40' title='bbox 1329 801 1417 869; x_wconf 87' lang='lat' dir='ltr'><strong>qui</strong></span> <span class='ocrx_word' id='word_1_41' title='bbox 1447 801 1498 853; x_wconf 91' lang='lat' dir='ltr'><strong>in</strong></span> <span class='ocrx_word' id='word_1_42' title='bbox 1530 800 1719 854; x_wconf 81' lang='lat' dir='ltr'><strong>Ticino</strong></span> <span class='ocrx_word' id='word_1_43' title='bbox 1758 809 1869 853; x_wconf 89' lang='lat' dir='ltr'><strong>erat</strong></span> <span class='ocrx_word' id='word_1_44' title='bbox 1895 842 1911 866; x_wconf 90' lang='lat'><strong>,</strong></span> 
     </span>
    </p>
   </div>
   <div class='ocr_carea' id='block_1_8' title="bbox 326 886 1913 962">
    <p class='ocr_par' dir='ltr' id='par_1_8' title="bbox 326 886 1913 962">
     <span class='ocr_line' id='line_1_8' title="bbox 326 886 1913 962; baseline 0.001 -19"><span class='ocrx_word' id='word_1_45' title='bbox 326 886 386 943; x_wconf 82' lang='lat' dir='ltr'><strong>id</strong></span> <span class='ocrx_word' id='word_1_46' title='bbox 410 896 495 949; x_wconf 79' lang='lat' dir='ltr'><strong>est</strong></span> <span class='ocrx_word' id='word_1_47' title='bbox 521 890 730 944; x_wconf 88' lang='lat' dir='ltr'><strong>tertiam</strong></span> <span class='ocrx_word' id='word_1_48' title='bbox 763 902 990 959; x_wconf 78' lang='lat' dir='ltr'><strong>partem,</strong></span> <span class='ocrx_word' id='word_1_49' title='bbox 1025 892 1281 959; x_wconf 60' lang='lat' dir='ltr'><strong>praedicto</strong></span> <span class='ocrx_word' id='word_1_50' title='bbox 1316 893 1423 962; x_wconf 87' lang='lat' dir='ltr'><strong>regi</strong></span> <span class='ocrx_word' id='word_1_51' title='bbox 1462 891 1701 956; x_wconf 78' lang='lat' dir='ltr'><strong>tradidit,</strong></span> <span class='ocrx_word' id='word_1_52' title='bbox 1730 898 1785 944; x_wconf 88' lang='lat' dir='ltr'><strong>et</strong></span> <span class='ocrx_word' id='word_1_53' title='bbox 1810 890 1913 944; x_wconf 87' lang='lat' dir='ltr'><strong>alia</strong></span> 
     </span>
    </p>
   </div>
   <div class='ocr_carea' id='block_1_9' title="bbox 298 982 1915 1055">
    <p class='ocr_par' dir='ltr' id='par_1_9' title="bbox 298 982 1915 1055">
     <span class='ocr_line' id='line_1_9' title="bbox 298 982 1915 1055; baseline 0.001 -18"><span class='ocrx_word' id='word_1_54' title='bbox 298 982 501 1043; x_wconf 79' lang='lat' dir='ltr'><strong>.multa</strong></span> <span class='ocrx_word' id='word_1_55' title='bbox 530 998 751 1040; x_wconf 81' lang='lat' dir='ltr'><strong>munera</strong></span> <span class='ocrx_word' id='word_1_56' title='bbox 780 985 982 1055; x_wconf 81' lang='lat' dir='ltr'><strong>majora</strong></span> <span class='ocrx_word' id='word_1_57' title='bbox 1013 1000 1172 1055; x_wconf 85' lang='lat' dir='ltr'><strong>quam</strong></span> <span class='ocrx_word' id='word_1_58' title='bbox 1214 994 1367 1039; x_wconf 80' lang='lat' dir='ltr'><strong>antea</strong></span> <span class='ocrx_word' id='word_1_59' title='bbox 1400 984 1639 1049; x_wconf 82' lang='lat' dir='ltr'><strong>dederat,</strong></span> <span class='ocrx_word' id='word_1_60' title='bbox 1675 983 1915 1053; x_wconf 87' lang='lat' dir='ltr'><strong>partibus</strong></span> 
     </span>
    </p>
   </div>
   <div class='ocr_carea' id='block_1_10' title="bbox 326 1071 1915 1142">
    <p class='ocr_par' dir='ltr' id='par_1_10' title="bbox 326 1071 1915 1142">
     <span class='ocr_line' id='line_1_10' title="bbox 326 1071 1915 1142; baseline 0.002 -17"><span class='ocrx_word' id='word_1_61' title='bbox 326 1071 472 1140; x_wconf 85' lang='lat' dir='ltr'><strong>regis</strong></span> <span class='ocrx_word' id='word_1_62' title='bbox 519 1071 727 1142; x_wconf 87' lang='lat' dir='ltr'><strong>Pippini</strong></span> <span class='ocrx_word' id='word_1_63' title='bbox 773 1074 939 1128; x_wconf 81' lang='lat' dir='ltr'><strong>dedit.</strong></span> <span class='ocrx_word' id='word_1_64' title='bbox 984 1074 1329 1130; x_wconf 80' lang='lat' dir='ltr'><strong>Sacramenta</strong></span> <span class='ocrx_word' id='word_1_65' title='bbox 1376 1076 1570 1128; x_wconf 76' lang='lat' dir='ltr'><strong>iterum</strong></span> <span class='ocrx_word' id='word_1_66' title='bbox 1615 1084 1669 1127; x_wconf 82' lang='lat' dir='ltr'><strong>et</strong></span> <span class='ocrx_word' id='word_1_67' title='bbox 1699 1072 1915 1128; x_wconf 92' lang='lat' dir='ltr'><strong>obsides</strong></span> 
     </span>
    </p>
   </div>
   <div class='ocr_carea' id='block_1_11' title="bbox 325 1161 1915 1234">
    <p class='ocr_par' dir='ltr' id='par_1_11' title="bbox 325 1161 1915 1234">
     <span class='ocr_line' id='line_1_11' title="bbox 325 1161 1915 1234; baseline 0.001 -17"><span class='ocrx_word' id='word_1_68' title='bbox 325 1161 512 1228; x_wconf 83' lang='lat' dir='ltr'><strong>donat,</strong></span> <span class='ocrx_word' id='word_1_69' title='bbox 544 1170 605 1221; x_wconf 87' lang='lat' dir='ltr'><strong>ut</strong></span> <span class='ocrx_word' id='word_1_70' title='bbox 628 1164 855 1233; x_wconf 76' lang='lat' dir='ltr'><strong>amplius</strong></span> <span class='ocrx_word' id='word_1_71' title='bbox 904 1179 1173 1234; x_wconf 87' lang='lat' dir='ltr'><strong>nunquam</strong></span> <span class='ocrx_word' id='word_1_72' title='bbox 1202 1174 1395 1219; x_wconf 88' lang='lat' dir='ltr'><strong>contra</strong></span> <span class='ocrx_word' id='word_1_73' title='bbox 1419 1179 1601 1234; x_wconf 81' lang='lat' dir='ltr'><strong>regem</strong></span> <span class='ocrx_word' id='word_1_74' title='bbox 1630 1163 1915 1233; x_wconf 82' lang='lat' dir='ltr'><strong>Pippinum</strong></span> 
     </span>
    </p>
   </div>
   <div class='ocr_carea' id='block_1_12' title="bbox 308 1254 1917 1324">
    <p class='ocr_par' dir='ltr' id='par_1_12' title="bbox 308 1254 1917 1324">
     <span class='ocr_line' id='line_1_12' title="bbox 308 1254 1917 1324; baseline 0.002 -16"><span class='ocrx_word' id='word_1_75' title='bbox 308 1254 415 1309; x_wconf 12' lang='lat' dir='ltr'><strong>evel</strong></span> <span class='ocrx_word' id='word_1_76' title='bbox 458 1269 723 1324; x_wconf 77' lang='lat' dir='ltr'><strong>proceres.</strong></span> <span class='ocrx_word' id='word_1_77' title='bbox 749 1257 1079 1314; x_wconf 77' lang='lat' dir='ltr'><strong>Francorum</strong></span> <span class='ocrx_word' id='word_1_78' title='bbox 1130 1257 1346 1313; x_wconf 79' lang='lat' dir='ltr'><strong>rebellis</strong></span> <span class='ocrx_word' id='word_1_79' title='bbox 1370 1267 1427 1313; x_wconf 90' lang='lat' dir='ltr'><strong>et</strong></span> <span class='ocrx_word' id='word_1_80' title='bbox 1466 1266 1755 1313; x_wconf 88' lang='lat' dir='ltr'><strong>contumax</strong></span> <span class='ocrx_word' id='word_1_81' title='bbox 1795 1270 1917 1312; x_wconf 88' lang='lat' dir='ltr'><strong>esse</strong></span> 
     </span>
    </p>
   </div>
   <div class='ocr_carea' id='block_1_13' title="bbox 326 1347 1914 1423">
    <p class='ocr_par' dir='ltr' id='par_1_13' title="bbox 326 1347 1914 1423">
     <span class='ocr_line' id='line_1_13' title="bbox 326 1347 1914 1423; baseline 0.003 -22"><span class='ocrx_word' id='word_1_82' title='bbox 326 1347 522 1403; x_wconf 79' lang='lat' dir='ltr'><strong>debeat</strong></span> <span class='ocrx_word' id='word_1_83' title='bbox 548 1356 602 1416; x_wconf 75' lang='grc'><strong>⁸,</strong></span> <span class='ocrx_word' id='word_1_84' title='bbox 631 1358 680 1402; x_wconf 85' lang='lat' dir='ltr'><strong>et</strong></span> <span class='ocrx_word' id='word_1_85' title='bbox 714 1349 906 1404; x_wconf 80' lang='lat' dir='ltr'><strong>tributa</strong></span> <span class='ocrx_word' id='word_1_86' title='bbox 938 1368 1055 1420; x_wconf 68' lang='lat' dir='ltr'><strong>quae</strong></span> <span class='ocrx_word' id='word_1_87' title='bbox 1086 1351 1417 1423; x_wconf 77' lang='lat' dir='ltr'><strong>Langobardi</strong></span> <span class='ocrx_word' id='word_1_88' title='bbox 1449 1353 1557 1419; x_wconf 87' lang='lat' dir='ltr'><strong>regi</strong></span> <span class='ocrx_word' id='word_1_89' title='bbox 1588 1351 1914 1406; x_wconf 81' lang='lat' dir='ltr'><strong>Francorum</strong></span> 
     </span>
    </p>
   </div>
   <div class='ocr_carea' id='block_1_14' title="bbox 325 1439 1918 1512">
    <p class='ocr_par' dir='ltr' id='par_1_14' title="bbox 325 1439 1918 1512">
     <span class='ocr_line' id='line_1_14' title="bbox 325 1439 1918 1512; baseline -0.001 -14"><span class='ocrx_word' id='word_1_90' title='bbox 325 1454 359 1498; x_wconf 80' lang='lat' dir='ltr'><strong>tt</strong></span> <span class='ocrx_word' id='word_1_91' title='bbox 390 1439 548 1511; x_wconf 84' lang='lat' dir='ltr'><strong>longo</strong></span> <span class='ocrx_word' id='word_1_92' title='bbox 578 1450 821 1510; x_wconf 90' lang='lat' dir='ltr'><strong>tempore</strong></span> <span class='ocrx_word' id='word_1_93' title='bbox 859 1443 1140 1507; x_wconf 89' lang='lat' dir='ltr'><strong>dederant,</strong></span> <span class='ocrx_word' id='word_1_94' title='bbox 1172 1445 1329 1497; x_wconf 87' lang='lat' dir='ltr'><strong>annis</strong></span> <span class='ocrx_word' id='word_1_95' title='bbox 1355 1443 1579 1512; x_wconf 80' lang='lat' dir='ltr'><strong>singulis</strong></span> <span class='ocrx_word' id='word_1_96' title='bbox 1606 1457 1702 1512; x_wconf 91' lang='lat' dir='ltr'><strong>per</strong></span> <span class='ocrx_word' id='word_1_97' title='bbox 1726 1444 1918 1497; x_wconf 88' lang='lat' dir='ltr'><strong>missos</strong></span> 
     </span>
    </p>
   </div>
   <div class='ocr_carea' id='block_1_15' title="bbox 324 1530 1918 1605">
    <p class='ocr_par' dir='ltr' id='par_1_15' title="bbox 324 1530 1918 1605">
     <span class='ocr_line' id='line_1_15' title="bbox 324 1530 1918 1605; baseline 0.005 -22"><span class='ocrx_word' id='word_1_98' title='bbox 324 1544 456 1584; x_wconf 86' lang='lat' dir='ltr'><strong>suos</strong></span> <span class='ocrx_word' id='word_1_99' title='bbox 510 1530 791 1588; x_wconf 85' lang='lat' dir='ltr'><strong>desolvere</strong></span> <span class='ocrx_word' id='word_1_100' title='bbox 843 1534 1123 1589; x_wconf 81' lang='lat' dir='ltr'><strong>deberent.</strong></span> <span class='ocrx_word' id='word_1_101' title='bbox 1176 1535 1474 1589; x_wconf 68' lang='lat' dir='ltr'><strong>Prtecelsus</strong></span> <span class='ocrx_word' id='word_1_102' title='bbox 1523 1551 1614 1590; x_wconf 89' lang='lat' dir='ltr'><strong>rex</strong></span> <span class='ocrx_word' id='word_1_103' title='bbox 1664 1536 1918 1605; x_wconf 70' lang='lat' dir='ltr'><strong>Pippiuus</strong></span> 
     </span>
    </p>
   </div>
   <div class='ocr_carea' id='block_1_16' title="bbox 327 1624 1913 1694">
    <p class='ocr_par' dir='ltr' id='par_1_16' title="bbox 327 1624 1913 1694">
     <span class='ocr_line' id='line_1_16' title="bbox 327 1624 1913 1694; baseline 0.004 -19"><span class='ocrx_word' id='word_1_104' title='bbox 327 1624 501 1677; x_wconf 76' lang='lat' dir='ltr'><strong>victor</strong></span> <span class='ocrx_word' id='word_1_105' title='bbox 536 1639 660 1678; x_wconf 83' lang='lat' dir='ltr'><strong>cum</strong></span> <span class='ocrx_word' id='word_1_106' title='bbox 698 1626 904 1694; x_wconf 88' lang='lat' dir='ltr'><strong>magnis</strong></span> <span class='ocrx_word' id='word_1_107' title='bbox 936 1626 1206 1682; x_wconf 84' lang='lat' dir='ltr'><strong>thesauris</strong></span> <span class='ocrx_word' id='word_1_108' title='bbox 1243 1637 1298 1683; x_wconf 94' lang='lat' dir='ltr'><strong>et</strong></span> <span class='ocrx_word' id='word_1_109' title='bbox 1339 1629 1523 1683; x_wconf 92' lang='lat' dir='ltr'><strong>multis</strong></span> <span class='ocrx_word' id='word_1_110' title='bbox 1572 1629 1913 1693; x_wconf 86' lang='lat' dir='ltr'><strong>muneribus,</strong></span> 
     </span>
    </p>
   </div>
   <div class='ocr_carea' id='block_1_17' title="bbox 324 1715 1919 1785">
    <p class='ocr_par' dir='ltr' id='par_1_17' title="bbox 324 1715 1919 1785">
     <span class='ocr_line' id='line_1_17' title="bbox 324 1715 1919 1785; baseline 0.004 -16"><span class='ocrx_word' id='word_1_111' title='bbox 324 1715 532 1785; x_wconf 80' lang='lat' dir='ltr'><strong>absque</strong></span> <span class='ocrx_word' id='word_1_112' title='bbox 569 1716 695 1772; x_wconf 83' lang='lat' dir='ltr'><strong>belli</strong></span> <span class='ocrx_word' id='word_1_113' title='bbox 724 1728 946 1785; x_wconf 88' lang='lat' dir='ltr'><strong>eventu,</strong></span> <span class='ocrx_word' id='word_1_114' title='bbox 988 1734 1108 1774; x_wconf 92' lang='lat' dir='ltr'><strong>cum</strong></span> <span class='ocrx_word' id='word_1_115' title='bbox 1141 1723 1285 1775; x_wconf 89' lang='lat' dir='ltr'><strong>omni</strong></span> <span class='ocrx_word' id='word_1_116' title='bbox 1320 1721 1558 1776; x_wconf 88' lang='lat' dir='ltr'><strong>exercitu</strong></span> <span class='ocrx_word' id='word_1_117' title='bbox 1607 1737 1705 1774; x_wconf 83' lang='lat' dir='ltr'><strong>suo</strong></span> <span class='ocrx_word' id='word_1_118' title='bbox 1750 1722 1919 1775; x_wconf 69' lang='lat' dir='ltr'><strong>illteso</strong></span> 
     </span>
    </p>
   </div>
   <div class='ocr_carea' id='block_1_18' title="bbox 322 1811 1915 1882">
    <p class='ocr_par' dir='ltr' id='par_1_18' title="bbox 322 1811 1915 1882">
     <span class='ocr_line' id='line_1_18' title="bbox 322 1811 1915 1882; baseline 0.004 -22"><span class='ocrx_word' id='word_1_119' title='bbox 322 1811 395 1861; x_wconf 86' lang='lat' dir='ltr'><strong>ad</strong></span> <span class='ocrx_word' id='word_1_120' title='bbox 439 1823 707 1877; x_wconf 83' lang='lat' dir='ltr'><strong>propriam</strong></span> <span class='ocrx_word' id='word_1_121' title='bbox 752 1811 931 1865; x_wconf 87' lang='lat' dir='ltr'><strong>sedem</strong></span> <span class='ocrx_word' id='word_1_122' title='bbox 958 1812 1107 1882; x_wconf 83' lang='lat' dir='ltr'><strong>regni</strong></span> <span class='ocrx_word' id='word_1_123' title='bbox 1151 1814 1231 1865; x_wconf 87' lang='lat' dir='ltr'><strong>sui</strong></span> <span class='ocrx_word' id='word_1_124' title='bbox 1282 1813 1541 1871; x_wconf 80' lang='lat' dir='ltr'><strong>remeavit</strong></span> <span class='ocrx_word' id='word_1_125' title='bbox 1594 1813 1915 1877; x_wconf 87' lang='lat' dir='ltr'><strong>incolumis,</strong></span> 
     </span>
    </p>
   </div>
   <div class='ocr_carea' id='block_1_19' title="bbox 323 1902 1528 1972">
    <p class='ocr_par' dir='ltr' id='par_1_19' title="bbox 323 1902 1528 1972">
     <span class='ocr_line' id='line_1_19' title="bbox 323 1902 1528 1972; baseline 0.002 -16"><span class='ocrx_word' id='word_1_126' title='bbox 323 1911 383 1956; x_wconf 87' lang='lat' dir='ltr'><strong>et</strong></span> <span class='ocrx_word' id='word_1_127' title='bbox 408 1902 612 1972; x_wconf 84' lang='lat' dir='ltr'><strong>quievit</strong></span> <span class='ocrx_word' id='word_1_128' title='bbox 638 1912 780 1957; x_wconf 87' lang='lat' dir='ltr'><strong>terra</strong></span> <span class='ocrx_word' id='word_1_129' title='bbox 808 1919 838 1958; x_wconf 88' lang='lat' dir='ltr'><strong>a</strong></span> <span class='ocrx_word' id='word_1_130' title='bbox 871 1904 1066 1972; x_wconf 74' lang='lat' dir='ltr'><strong>prmliis</strong></span> <span class='ocrx_word' id='word_1_131' title='bbox 1104 1905 1261 1959; x_wconf 85' lang='lat' dir='ltr'><strong>annis</strong></span> <span class='ocrx_word' id='word_1_132' title='bbox 1301 1905 1528 1959; x_wconf 90' lang='lat' dir='ltr'><strong>duobus.</strong></span> 
     </span>
    </p>
   </div>
   <div class='ocr_carea' id='block_1_20' title="bbox 401 1996 1915 2065">
    <p class='ocr_par' dir='ltr' id='par_1_20' title="bbox 401 1996 1915 2065">
     <span class='ocr_line' id='line_1_20' title="bbox 401 1996 1915 2065; baseline 0.001 -15"><span class='ocrx_word' id='word_1_133' title='bbox 401 1998 500 2050; x_wconf 77' lang='grc' dir='ltr'>Αιι.</span> <span class='ocrx_word' id='word_1_134' title='bbox 530 2011 626 2051; x_wconf 84' lang='lat' dir='ltr'><strong>occ</strong></span> <span class='ocrx_word' id='word_1_135' title='bbox 641 1997 1035 2053; x_wconf 76' lang='lat' dir='ltr'><strong>LVt.-—CXXII.</strong></span> <span class='ocrx_word' id='word_1_136' title='bbox 1058 1998 1186 2052; x_wconf 88' lang='lat' dir='ltr'><strong>Post</strong></span> <span class='ocrx_word' id='word_1_137' title='bbox 1205 1998 1319 2053; x_wconf 67' lang='lat' dir='ltr'><strong>haec</strong></span> <span class='ocrx_word' id='word_1_138' title='bbox 1337 1996 1593 2053; x_wconf 79' lang='lat' dir='ltr'><strong>Aistulfus</strong></span> <span class='ocrx_word' id='word_1_139' title='bbox 1611 2014 1701 2053; x_wconf 75' lang='lat' dir='ltr'><strong>rex</strong></span> <span class='ocrx_word' id='word_1_140' title='bbox 1718 1998 1915 2065; x_wconf 82' lang='lat' dir='ltr'><strong>Lango-</strong></span> 
     </span>
    </p>
   </div>
   <div class='ocr_carea' id='block_1_21' title="bbox 330 2086 1913 2158">
    <p class='ocr_par' dir='ltr' id='par_1_21' title="bbox 330 2086 1913 2158">
     <span class='ocr_line' id='line_1_21' title="bbox 330 2086 1913 2158; baseline 0.002 -15"><span class='ocrx_word' id='word_1_141' title='bbox 330 2086 638 2152; x_wconf 81' lang='lat' dir='ltr'><strong>bardorum,</strong></span> <span class='ocrx_word' id='word_1_142' title='bbox 659 2090 783 2143; x_wconf 80' lang='lat' dir='ltr'><strong>dum</strong></span> <span class='ocrx_word' id='word_1_143' title='bbox 804 2092 1142 2145; x_wconf 78' lang='lat' dir='ltr'><strong>venationem</strong></span> <span class='ocrx_word' id='word_1_144' title='bbox 1164 2091 1215 2145; x_wconf 88' lang='lat' dir='ltr'><strong>in</strong></span> <span class='ocrx_word' id='word_1_145' title='bbox 1228 2091 1455 2158; x_wconf 86' lang='lat' dir='ltr'><strong>quadam</strong></span> <span class='ocrx_word' id='word_1_146' title='bbox 1468 2092 1602 2144; x_wconf 82' lang='lat' dir='ltr'><strong>silva</strong></span> <span class='ocrx_word' id='word_1_147' title='bbox 1616 2100 1913 2157; x_wconf 74' lang='lat' dir='ltr'><strong>exerceret,</strong></span> 
     </span>
    </p>
   </div>
   <div class='ocr_carea' id='block_1_22' title="bbox 327 2180 1915 2252">
    <p class='ocr_par' dir='ltr' id='par_1_22' title="bbox 327 2180 1915 2252">
     <span class='ocr_line' id='line_1_22' title="bbox 327 2180 1915 2252; baseline 0.002 -19"><span class='ocrx_word' id='word_1_148' title='bbox 327 2180 755 2250; x_wconf 70' lang='lat' dir='ltr'><strong>divinojudicio,</strong></span> <span class='ocrx_word' id='word_1_149' title='bbox 783 2183 853 2235; x_wconf 83' lang='lat' dir='ltr'><strong>de</strong></span> <span class='ocrx_word' id='word_1_150' title='bbox 881 2198 1017 2251; x_wconf 83' lang='lat' dir='ltr'><strong>equo</strong></span> <span class='ocrx_word' id='word_1_151' title='bbox 1048 2197 1155 2251; x_wconf 88' lang='lat' dir='ltr'><strong>quo</strong></span> <span class='ocrx_word' id='word_1_152' title='bbox 1186 2181 1407 2236; x_wconf 81' lang='lat' dir='ltr'><strong>sedebat</strong></span> <span class='ocrx_word' id='word_1_153' title='bbox 1432 2196 1593 2252; x_wconf 83' lang='lat' dir='ltr'><strong>super</strong></span> <span class='ocrx_word' id='word_1_154' title='bbox 1629 2182 1915 2251; x_wconf 85' lang='lat' dir='ltr'><strong>quamdam</strong></span> 
     </span>
    </p>
   </div>
   <div class='ocr_carea' id='block_1_23' title="bbox 327 2272 1915 2342">
    <p class='ocr_par' dir='ltr' id='par_1_23' title="bbox 327 2272 1915 2342">
     <span class='ocr_line' id='line_1_23' title="bbox 327 2272 1915 2342; baseline 0.001 -17"><span class='ocrx_word' id='word_1_155' title='bbox 327 2272 578 2327; x_wconf 83' lang='lat' dir='ltr'><strong>arborem</strong></span> <span class='ocrx_word' id='word_1_156' title='bbox 612 2274 901 2341; x_wconf 87' lang='lat' dir='ltr'><strong>projeetns,</strong></span> <span class='ocrx_word' id='word_1_157' title='bbox 930 2274 1091 2327; x_wconf 86' lang='lat' dir='ltr'><strong>vitam</strong></span> <span class='ocrx_word' id='word_1_158' title='bbox 1116 2284 1169 2328; x_wconf 92' lang='lat' dir='ltr'><strong>et</strong></span> <span class='ocrx_word' id='word_1_159' title='bbox 1199 2288 1423 2341; x_wconf 86' lang='lat' dir='ltr'><strong>regnum</strong></span> <span class='ocrx_word' id='word_1_160' title='bbox 1450 2272 1735 2327; x_wconf 63' lang='lat' dir='ltr'><strong>crudeliter</strong></span> <span class='ocrx_word' id='word_1_161' title='bbox 1756 2274 1915 2342; x_wconf 87' lang='lat' dir='ltr'><strong>digna</strong></span> 
     </span>
    </p>
   </div>
   <div class='ocr_carea' id='block_1_24' title="bbox 331 2362 1917 2432">
    <p class='ocr_par' dir='ltr' id='par_1_24' title="bbox 331 2362 1917 2432">
     <span class='ocr_line' id='line_1_24' title="bbox 331 2362 1917 2432; baseline 0.001 -15"><span class='ocrx_word' id='word_1_162' title='bbox 331 2372 507 2418; x_wconf 87' lang='lat' dir='ltr'><strong>morte</strong></span> <span class='ocrx_word' id='word_1_163' title='bbox 545 2364 743 2417; x_wconf 87' lang='lat' dir='ltr'><strong>atnisit.</strong></span> <span class='ocrx_word' id='word_1_164' title='bbox 785 2362 1119 2432; x_wconf 71' lang='lat' dir='ltr'><strong>Langobardi</strong></span> <span class='ocrx_word' id='word_1_165' title='bbox 1164 2378 1267 2417; x_wconf 84' lang='lat' dir='ltr'><strong>una</strong></span> <span class='ocrx_word' id='word_1_166' title='bbox 1306 2378 1426 2417; x_wconf 91' lang='lat' dir='ltr'><strong>cum</strong></span> <span class='ocrx_word' id='word_1_167' title='bbox 1469 2377 1735 2417; x_wconf 83' lang='lat' dir='ltr'><strong>consensu</strong></span> <span class='ocrx_word' id='word_1_168' title='bbox 1776 2377 1917 2431; x_wconf 67' lang='lat' dir='ltr'><strong>prae-</strong></span> 
     </span>
    </p>
   </div>
   <div class='ocr_carea' id='block_1_25' title="bbox 328 2454 1916 2525">
    <p class='ocr_par' dir='ltr' id='par_1_25' title="bbox 328 2454 1916 2525">
     <span class='ocr_line' id='line_1_25' title="bbox 328 2454 1916 2525; baseline -0.001 -16"><span class='ocrx_word' id='word_1_169' title='bbox 328 2455 458 2509; x_wconf 83' lang='lat' dir='ltr'><strong>dicti</strong></span> <span class='ocrx_word' id='word_1_170' title='bbox 506 2455 647 2525; x_wconf 85' lang='lat' dir='ltr'><strong>regis</strong></span> <span class='ocrx_word' id='word_1_171' title='bbox 685 2454 933 2522; x_wconf 87' lang='lat' dir='ltr'><strong>Pippini,</strong></span> <span class='ocrx_word' id='word_1_172' title='bbox 980 2463 1035 2509; x_wconf 84' lang='lat' dir='ltr'><strong>et</strong></span> <span class='ocrx_word' id='word_1_173' title='bbox 1080 2454 1305 2509; x_wconf 89' lang='lat' dir='ltr'><strong>consilio</strong></span> <span class='ocrx_word' id='word_1_174' title='bbox 1353 2467 1635 2521; x_wconf 87' lang='lat' dir='ltr'><strong>procerum</strong></span> <span class='ocrx_word' id='word_1_175' title='bbox 1666 2469 1916 2519; x_wconf 88' lang='lat' dir='ltr'><strong>suorum,</strong></span> 
     </span>
    </p>
   </div>
   <div class='ocr_carea' id='block_1_26' title="bbox 333 2535 1465 2617">
    <p class='ocr_par' dir='ltr' id='par_1_26' title="bbox 333 2535 1465 2617">
     <span class='ocr_line' id='line_1_26' title="bbox 333 2535 1465 2617; baseline 0 -16"><span class='ocrx_word' id='word_1_176' title='bbox 333 2547 663 2602; x_wconf 83' lang='lat' dir='ltr'><strong>Desiderinm</strong></span> <span class='ocrx_word' id='word_1_177' title='bbox 692 2550 743 2602; x_wconf 87' lang='lat' dir='ltr'><strong>in</strong></span> <span class='ocrx_word' id='word_1_178' title='bbox 770 2548 949 2602; x_wconf 84' lang='lat' dir='ltr'><strong>sedem</strong></span> <span class='ocrx_word' id='word_1_179' title='bbox 983 2535 1465 2617; x_wconf 42' lang='lat' dir='ltr'><strong>regni‘instituunt.</strong></span> 
     </span>
    </p>
   </div>
   <div class='ocr_carea' id='block_1_27' title="bbox 402 2639 1919 2711">
    <p class='ocr_par' dir='ltr' id='par_1_27' title="bbox 402 2639 1919 2711">
     <span class='ocr_line' id='line_1_27' title="bbox 402 2639 1919 2711; baseline 0.001 -16"><span class='ocrx_word' id='word_1_180' title='bbox 402 2642 504 2696; x_wconf 70' lang='lat' dir='ltr'><strong>Ax.</strong></span> <span class='ocrx_word' id='word_1_181' title='bbox 550 2656 774 2695; x_wconf 71' lang='lat' dir='ltr'><strong>DCCLVII.</strong></span> <span class='ocrx_word' id='word_1_182' title='bbox 806 2671 875 2682; x_wconf 90' lang='lat'><strong><em>—</em></strong></span> <span class='ocrx_word' id='word_1_183' title='bbox 901 2640 1133 2695; x_wconf 77' lang='lat' dir='ltr'><strong>CXXIII.</strong></span> <span class='ocrx_word' id='word_1_184' title='bbox 1178 2640 1309 2693; x_wconf 89' lang='lat' dir='ltr'><strong>Dum</strong></span> <span class='ocrx_word' id='word_1_185' title='bbox 1339 2639 1457 2695; x_wconf 76' lang='lat' dir='ltr'><strong>Itzec</strong></span> <span class='ocrx_word' id='word_1_186' title='bbox 1479 2650 1792 2711; x_wconf 83' lang='lat' dir='ltr'><strong>agerentur,</strong></span> <span class='ocrx_word' id='word_1_187' title='bbox 1824 2658 1919 2696; x_wconf 85' lang='lat' dir='ltr'><strong>rex</strong></span> 
     </span>
    </p>
   </div>
   <div class='ocr_carea' id='block_1_28' title="bbox 334 2730 1922 2802">
    <p class='ocr_par' dir='ltr' id='par_1_28' title="bbox 334 2730 1922 2802">
     <span class='ocr_line' id='line_1_28' title="bbox 334 2730 1922 2802; baseline 0.002 -17"><span class='ocrx_word' id='word_1_188' title='bbox 334 2730 593 2800; x_wconf 81' lang='lat' dir='ltr'><strong>Pippinus</strong></span> <span class='ocrx_word' id='word_1_189' title='bbox 617 2732 937 2799; x_wconf 82' lang='lat' dir='ltr'><strong>legationem</strong></span> <span class='ocrx_word' id='word_1_190' title='bbox 970 2731 1487 2802; x_wconf 78' lang='lat' dir='ltr'><strong>ConSIantinopulim</strong></span> <span class='ocrx_word' id='word_1_191' title='bbox 1512 2733 1583 2786; x_wconf 82' lang='lat' dir='ltr'><strong>ad</strong></span> <span class='ocrx_word' id='word_1_192' title='bbox 1617 2734 1922 2788; x_wconf 70' lang='lat' dir='ltr'><strong>Constanti-</strong></span> 
     </span>
    </p>
   </div>
   <div class='ocr_carea' id='block_1_29' title="bbox 334 2822 1922 2893">
    <p class='ocr_par' dir='ltr' id='par_1_29' title="bbox 334 2822 1922 2893">
     <span class='ocr_line' id='line_1_29' title="bbox 334 2822 1922 2893; baseline 0.006 -18"><span class='ocrx_word' id='word_1_193' title='bbox 334 2839 463 2876; x_wconf 78' lang='lat' dir='ltr'><strong>num</strong></span> <span class='ocrx_word' id='word_1_194' title='bbox 489 2822 517 2861; x_wconf 68' lang='grc' dir='ltr'><strong>ιι</strong></span> <span class='ocrx_word' id='word_1_195' title='bbox 538 2824 913 2893; x_wconf 77' lang='lat' dir='ltr'><strong>imperatorem</strong></span> <span class='ocrx_word' id='word_1_196' title='bbox 941 2841 1033 2892; x_wconf 83' lang='lat' dir='ltr'><strong>pro</strong></span> <span class='ocrx_word' id='word_1_197' title='bbox 1055 2826 1300 2879; x_wconf 71' lang='lat' dir='ltr'><strong>amicitia)</strong></span> <span class='ocrx_word' id='word_1_198' title='bbox 1332 2841 1514 2890; x_wconf 86' lang='lat' dir='ltr'><strong>causa,</strong></span> <span class='ocrx_word' id='word_1_199' title='bbox 1540 2836 1594 2881; x_wconf 86' lang='lat' dir='ltr'><strong>ct</strong></span> <span class='ocrx_word' id='word_1_200' title='bbox 1616 2828 1786 2883; x_wconf 70' lang='lat' dir='ltr'><strong>salute</strong></span> <span class='ocrx_word' id='word_1_201' title='bbox 1811 2844 1922 2884; x_wconf 70' lang='lat' dir='ltr'><strong>sua:</strong></span> 
     </span>
    </p>
   </div>
   <div class='ocr_carea' id='block_1_30' title="bbox 329 2915 1922 2986">
    <p class='ocr_par' dir='ltr' id='par_1_30' title="bbox 329 2915 1922 2986">
     <span class='ocr_line' id='line_1_30' title="bbox 329 2915 1922 2986; baseline 0.005 -21"><span class='ocrx_word' id='word_1_202' title='bbox 329 2915 497 2986; x_wconf 68' lang='lat'><strong>693</strong></span> <span class='ocrx_word' id='word_1_203' title='bbox 527 2918 708 2984; x_wconf 74' lang='lat' dir='ltr'><strong>patria:</strong></span> <span class='ocrx_word' id='word_1_204' title='bbox 740 2918 982 2980; x_wconf 89' lang='lat' dir='ltr'><strong>mittens,</strong></span> <span class='ocrx_word' id='word_1_205' title='bbox 1031 2918 1275 2971; x_wconf 86' lang='lat' dir='ltr'><strong>similiter</strong></span> <span class='ocrx_word' id='word_1_206' title='bbox 1304 2928 1355 2971; x_wconf 91' lang='lat' dir='ltr'><strong>et</strong></span> <span class='ocrx_word' id='word_1_207' title='bbox 1396 2918 1778 2973; x_wconf 79' lang='lat' dir='ltr'><strong>Constantinus</strong></span> <span class='ocrx_word' id='word_1_208' title='bbox 1823 2921 1922 2973; x_wconf 92' lang='lat' dir='ltr'><strong>im-</strong></span> 
     </span>
    </p>
   </div>
   <div class='ocr_carea' id='block_1_31' title="bbox 334 3011 1923 3082">
    <p class='ocr_par' dir='ltr' id='par_1_31' title="bbox 334 3011 1923 3082">
     <span class='ocr_line' id='line_1_31' title="bbox 334 3011 1923 3082; baseline 0.001 -15"><span class='ocrx_word' id='word_1_209' title='bbox 334 3023 549 3081; x_wconf 83' lang='lat' dir='ltr'><strong>perator</strong></span> <span class='ocrx_word' id='word_1_210' title='bbox 581 3011 897 3082; x_wconf 79' lang='lat' dir='ltr'><strong>legationem</strong></span> <span class='ocrx_word' id='word_1_211' title='bbox 944 3013 1161 3081; x_wconf 74' lang='lat' dir='ltr'><strong>prmlalo</strong></span> <span class='ocrx_word' id='word_1_212' title='bbox 1190 3014 1299 3081; x_wconf 86' lang='lat' dir='ltr'><strong>regi</strong></span> <span class='ocrx_word' id='word_1_213' title='bbox 1329 3029 1448 3068; x_wconf 89' lang='lat' dir='ltr'><strong>cum</strong></span> <span class='ocrx_word' id='word_1_214' title='bbox 1483 3013 1662 3068; x_wconf 90' lang='lat' dir='ltr'><strong>multis</strong></span> <span class='ocrx_word' id='word_1_215' title='bbox 1691 3016 1923 3068; x_wconf 84' lang='lat' dir='ltr'><strong>muneri-</strong></span> 
     </span>
    </p>
   </div>
   <div class='ocr_carea' id='block_1_32' title="bbox 338 3106 1921 3177">
    <p class='ocr_par' dir='ltr' id='par_1_32' title="bbox 338 3106 1921 3177">
     <span class='ocr_line' id='line_1_32' title="bbox 338 3106 1921 3177; baseline 0.001 -17"><span class='ocrx_word' id='word_1_216' title='bbox 338 3110 436 3163; x_wconf 87' lang='lat' dir='ltr'><strong>btts</strong></span> <span class='ocrx_word' id='word_1_217' title='bbox 462 3116 484 3145; x_wconf 74' lang='grc' dir='ltr'><strong>ο</strong></span> <span class='ocrx_word' id='word_1_218' title='bbox 519 3107 734 3171; x_wconf 66' lang='lat' dir='ltr'><strong>mittens</strong></span> <span class='ocrx_word' id='word_1_219' title='bbox 759 3147 775 3174; x_wconf 92' lang='lat'><strong>,</strong></span> <span class='ocrx_word' id='word_1_220' title='bbox 815 3116 870 3161; x_wconf 89' lang='lat' dir='ltr'><strong>et</strong></span> <span class='ocrx_word' id='word_1_221' title='bbox 903 3107 1164 3162; x_wconf 85' lang='lat' dir='ltr'><strong>amicitias</strong></span> <span class='ocrx_word' id='word_1_222' title='bbox 1193 3118 1244 3159; x_wconf 93' lang='lat' dir='ltr'><strong>et</strong></span> <span class='ocrx_word' id='word_1_223' title='bbox 1276 3106 1431 3159; x_wconf 87' lang='lat' dir='ltr'><strong>fidem</strong></span> <span class='ocrx_word' id='word_1_224' title='bbox 1461 3122 1557 3175; x_wconf 87' lang='lat' dir='ltr'><strong>per</strong></span> <span class='ocrx_word' id='word_1_225' title='bbox 1586 3107 1789 3177; x_wconf 84' lang='lat' dir='ltr'><strong>legatos</strong></span> <span class='ocrx_word' id='word_1_226' title='bbox 1832 3122 1921 3162; x_wconf 88' lang='lat' dir='ltr'><strong>eo-</strong></span> 
     </span>
    </p>
   </div>
   <div class='ocr_carea' id='block_1_33' title="bbox 337 3198 1919 3267">
    <p class='ocr_par' dir='ltr' id='par_1_33' title="bbox 337 3198 1919 3267">
     <span class='ocr_line' id='line_1_33' title="bbox 337 3198 1919 3267; baseline 0 -15"><span class='ocrx_word' id='word_1_227' title='bbox 337 3212 455 3252; x_wconf 82' lang='lat' dir='ltr'><strong>rum</strong></span> <span class='ocrx_word' id='word_1_228' title='bbox 477 3198 709 3252; x_wconf 62' lang='lat' dir='ltr'><strong>vicissim</strong></span> <span class='ocrx_word' id='word_1_229' title='bbox 732 3199 868 3252; x_wconf 83' lang='lat' dir='ltr'><strong>inter</strong></span> <span class='ocrx_word' id='word_1_230' title='bbox 888 3215 945 3253; x_wconf 90' lang='lat' dir='ltr'><strong>se</strong></span> <span class='ocrx_word' id='word_1_231' title='bbox 975 3199 1305 3266; x_wconf 77' lang='lat' dir='ltr'><strong>promittunt.</strong></span> <span class='ocrx_word' id='word_1_232' title='bbox 1333 3199 1523 3251; x_wconf 81' lang='lat' dir='ltr'><strong>Nescio</strong></span> <span class='ocrx_word' id='word_1_233' title='bbox 1542 3215 1647 3267; x_wconf 92' lang='lat' dir='ltr'><strong>quo</strong></span> <span class='ocrx_word' id='word_1_234' title='bbox 1675 3201 1919 3267; x_wconf 72' lang='lat' dir='ltr'><strong>faciente,</strong></span> 
     </span>
    </p>
   </div>
   <div class='ocr_carea' id='block_1_34' title="bbox 2017 618 3596 694">
    <p class='ocr_par' dir='ltr' id='par_1_34' title="bbox 2017 618 3596 694">
     <span class='ocr_line' id='line_1_34' title="bbox 2017 618 3596 694; baseline 0.007 -25"><span class='ocrx_word' id='word_1_235' title='bbox 2017 625 2117 681; x_wconf 89' lang='lat' dir='ltr'><strong>rat,</strong></span> <span class='ocrx_word' id='word_1_236' title='bbox 2151 618 2198 670; x_wconf 91' lang='lat' dir='ltr'><strong>ci</strong></span> <span class='ocrx_word' id='word_1_237' title='bbox 2241 619 2446 672; x_wconf 79' lang='lat' dir='ltr'><strong>solvere</strong></span> <span class='ocrx_word' id='word_1_238' title='bbox 2486 619 2740 687; x_wconf 81' lang='lat' dir='ltr'><strong>deberet;</strong></span> <span class='ocrx_word' id='word_1_239' title='bbox 2796 630 2849 675; x_wconf 92' lang='lat' dir='ltr'><strong>et</strong></span> <span class='ocrx_word' id='word_1_240' title='bbox 2894 620 3137 679; x_wconf 88' lang='lat' dir='ltr'><strong>homines</strong></span> <span class='ocrx_word' id='word_1_241' title='bbox 3185 636 3333 690; x_wconf 89' lang='lat' dir='ltr'><strong>suos,</strong></span> <span class='ocrx_word' id='word_1_242' title='bbox 3382 625 3470 694; x_wconf 88' lang='lat' dir='ltr'><strong>qui</strong></span> <span class='ocrx_word' id='word_1_243' title='bbox 3526 625 3596 681; x_wconf 87' lang='lat' dir='ltr'><strong>de</strong></span> 
     </span>
    </p>
   </div>
   <div class='ocr_carea' id='block_1_35' title="bbox 2018 708 3592 784">
    <p class='ocr_par' dir='ltr' id='par_1_35' title="bbox 2018 708 3592 784">
     <span class='ocr_line' id='line_1_35' title="bbox 2018 708 3592 784; baseline 0.007 -23"><span class='ocrx_word' id='word_1_244' title='bbox 2018 721 2185 777; x_wconf 88' lang='lat' dir='ltr'><strong>regno</strong></span> <span class='ocrx_word' id='word_1_245' title='bbox 2233 708 2561 765; x_wconf 83' lang='lat' dir='ltr'><strong>Francorum</strong></span> <span class='ocrx_word' id='word_1_246' title='bbox 2607 713 2671 765; x_wconf 88' lang='lat' dir='ltr'><strong>ad</strong></span> <span class='ocrx_word' id='word_1_247' title='bbox 2711 714 2881 782; x_wconf 87' lang='lat' dir='ltr'><strong>ipsum</strong></span> <span class='ocrx_word' id='word_1_248' title='bbox 2933 712 3242 769; x_wconf 83' lang='lat' dir='ltr'><strong>Waifarium</strong></span> <span class='ocrx_word' id='word_1_249' title='bbox 3298 715 3592 784; x_wconf 82' lang='lat' dir='ltr'><strong>principem</strong></span> 
     </span>
    </p>
   </div>
   <div class='ocr_carea' id='block_1_36' title="bbox 2015 798 3595 870">
    <p class='ocr_par' dir='ltr' id='par_1_36' title="bbox 2015 798 3595 870">
     <span class='ocr_line' id='line_1_36' title="bbox 2015 798 3595 870; baseline 0.008 -19"><span class='ocrx_word' id='word_1_250' title='bbox 2015 798 2324 870; x_wconf 78' lang='lat' dir='ltr'><strong>confugium</strong></span> <span class='ocrx_word' id='word_1_251' title='bbox 2367 801 2641 867; x_wconf 75' lang='lat' dir='ltr'><strong>fecerant,</strong></span> <span class='ocrx_word' id='word_1_252' title='bbox 2681 806 2906 860; x_wconf 83' lang='lat' dir='ltr'><strong>reddere</strong></span> <span class='ocrx_word' id='word_1_253' title='bbox 2952 807 3194 863; x_wconf 82' lang='lat' dir='ltr'><strong>deberet.</strong></span> <span class='ocrx_word' id='word_1_254' title='bbox 3246 807 3369 867; x_wconf 68' lang='lat'><strong>&quot;3:0</strong></span> <span class='ocrx_word' id='word_1_255' title='bbox 3416 811 3595 864; x_wconf 74' lang='lat' dir='ltr'><strong>omnia</strong></span> 
     </span>
    </p>
   </div>
   <div class='ocr_carea' id='block_1_37' title="bbox 2019 889 3593 969">
    <p class='ocr_par' dir='ltr' id='par_1_37' title="bbox 2019 889 3593 969">
     <span class='ocr_line' id='line_1_37' title="bbox 2019 889 3593 969; baseline 0.008 -25"><span class='ocrx_word' id='word_1_256' title='bbox 2019 889 2331 956; x_wconf 64' lang='lat' dir='ltr'><strong>Waiﬁ-rius,</strong></span> <span class='ocrx_word' id='word_1_257' title='bbox 2382 900 2502 963; x_wconf 62' lang='lat' dir='ltr'><strong>qua</strong></span> <span class='ocrx_word' id='word_1_258' title='bbox 2551 896 2834 962; x_wconf 67' lang='lat' dir='ltr'><strong>praedictus</strong></span> <span class='ocrx_word' id='word_1_259' title='bbox 2883 914 2979 952; x_wconf 85' lang='lat' dir='ltr'><strong>rex</strong></span> <span class='ocrx_word' id='word_1_260' title='bbox 3034 914 3127 968; x_wconf 87' lang='lat' dir='ltr'><strong>per</strong></span> <span class='ocrx_word' id='word_1_261' title='bbox 3155 899 3357 969; x_wconf 82' lang='lat' dir='ltr'><strong>legatos</strong></span> <span class='ocrx_word' id='word_1_262' title='bbox 3388 915 3511 955; x_wconf 87' lang='lat' dir='ltr'><strong>suos</strong></span> <span class='ocrx_word' id='word_1_263' title='bbox 3536 904 3593 957; x_wconf 85' lang='lat' dir='ltr'><strong>ei</strong></span> 
     </span>
    </p>
   </div>
   <div class='ocr_carea' id='block_1_38' title="bbox 2018 984 3595 1063">
    <p class='ocr_par' dir='ltr' id='par_1_38' title="bbox 2018 984 3595 1063">
     <span class='ocr_line' id='line_1_38' title="bbox 2018 984 3595 1063; baseline 0.007 -26"><span class='ocrx_word' id='word_1_264' title='bbox 2018 984 2397 1047; x_wconf 84' lang='lat' dir='ltr'><strong>mandaverat,</strong></span> <span class='ocrx_word' id='word_1_265' title='bbox 2449 987 2550 1041; x_wconf 85' lang='lat' dir='ltr'><strong>hoc</strong></span> <span class='ocrx_word' id='word_1_266' title='bbox 2600 996 2766 1042; x_wconf 81' lang='lat' dir='ltr'><strong>tomm</strong></span> <span class='ocrx_word' id='word_1_267' title='bbox 2814 988 2993 1045; x_wconf 86' lang='lat' dir='ltr'><strong>facere</strong></span> <span class='ocrx_word' id='word_1_268' title='bbox 3039 993 3383 1061; x_wconf 89' lang='lat' dir='ltr'><strong>contempsit.</strong></span> <span class='ocrx_word' id='word_1_269' title='bbox 3426 992 3595 1063; x_wconf 91' lang='lat' dir='ltr'><strong>lgitur</strong></span> 
     </span>
    </p>
   </div>
   <div class='ocr_carea' id='block_1_39' title="bbox 2017 1075 3597 1154">
    <p class='ocr_par' dir='ltr' id='par_1_39' title="bbox 2017 1075 3597 1154">
     <span class='ocr_line' id='line_1_39' title="bbox 2017 1075 3597 1154; baseline 0.006 -25"><span class='ocrx_word' id='word_1_270' title='bbox 2017 1075 2271 1146; x_wconf 88' lang='lat' dir='ltr'><strong>Pippiuus</strong></span> <span class='ocrx_word' id='word_1_271' title='bbox 2310 1092 2401 1132; x_wconf 84' lang='lat' dir='ltr'><strong>rex</strong></span> <span class='ocrx_word' id='word_1_272' title='bbox 2425 1078 2622 1132; x_wconf 87' lang='lat' dir='ltr'><strong>invitus</strong></span> <span class='ocrx_word' id='word_1_273' title='bbox 2664 1089 2964 1135; x_wconf 84' lang='lat' dir='ltr'><strong>coarctatns</strong></span> <span class='ocrx_word' id='word_1_274' title='bbox 2990 1092 3017 1119; x_wconf 68' lang='grc' dir='ltr'>θ</span> <span class='ocrx_word' id='word_1_275' title='bbox 3044 1084 3280 1154; x_wconf 88' lang='lat' dir='ltr'><strong>undique</strong></span> <span class='ocrx_word' id='word_1_276' title='bbox 3328 1089 3597 1140; x_wconf 78' lang='lat' dir='ltr'><strong>contraxit</strong></span> 
     </span>
    </p>
   </div>
   <div class='ocr_carea' id='block_1_40' title="bbox 2016 1168 3597 1246">
    <p class='ocr_par' dir='ltr' id='par_1_40' title="bbox 2016 1168 3597 1246">
     <span class='ocr_line' id='line_1_40' title="bbox 2016 1168 3597 1246; baseline 0.006 -24"><span class='ocrx_word' id='word_1_277' title='bbox 2016 1168 2334 1233; x_wconf 80' lang='lat' dir='ltr'><strong>exercitum,</strong></span> <span class='ocrx_word' id='word_1_278' title='bbox 2379 1179 2429 1225; x_wconf 94' lang='lat' dir='ltr'><strong>et</strong></span> <span class='ocrx_word' id='word_1_279' title='bbox 2482 1179 2601 1239; x_wconf 89' lang='lat' dir='ltr'><strong>part</strong></span> <span class='ocrx_word' id='word_1_280' title='bbox 2622 1172 2718 1225; x_wconf 89' lang='lat' dir='ltr'><strong>bus</strong></span> <span class='ocrx_word' id='word_1_281' title='bbox 2768 1173 3064 1241; x_wconf 68' lang='lat' dir='ltr'><strong>Aquitania:</strong></span> <span class='ocrx_word' id='word_1_282' title='bbox 3107 1190 3203 1245; x_wconf 87' lang='lat' dir='ltr'><strong>per</strong></span> <span class='ocrx_word' id='word_1_283' title='bbox 3238 1190 3428 1246; x_wconf 79' lang='lat' dir='ltr'><strong>pagum</strong></span> <span class='ocrx_word' id='word_1_284' title='bbox 3458 1176 3597 1232; x_wconf 82' lang='lat' dir='ltr'><strong>Tre-</strong></span> 
     </span>
    </p>
   </div>
   <div class='ocr_carea' id='block_1_41' title="bbox 2018 1262 3597 1332">
    <p class='ocr_par' dir='ltr' id='par_1_41' title="bbox 2018 1262 3597 1332">
     <span class='ocr_line' id='line_1_41' title="bbox 2018 1262 3597 1332; baseline 0.004 -16"><span class='ocrx_word' id='word_1_285' title='bbox 2018 1262 2291 1317; x_wconf 83' lang='lat' dir='ltr'><strong>cassinum</strong></span> <span class='ocrx_word' id='word_1_286' title='bbox 2319 1279 2486 1332; x_wconf 66' lang='lat' dir='ltr'><strong>usque</strong></span> <span class='ocrx_word' id='word_1_287' title='bbox 2517 1264 2914 1319; x_wconf 86' lang='lat' dir='ltr'><strong>Autisioderum</strong></span> <span class='ocrx_word' id='word_1_288' title='bbox 2948 1267 3134 1321; x_wconf 85' lang='lat' dir='ltr'><strong>urbem</strong></span> <span class='ocrx_word' id='word_1_289' title='bbox 3173 1269 3421 1325; x_wconf 88' lang='lat' dir='ltr'><strong>accessit.</strong></span> <span class='ocrx_word' id='word_1_290' title='bbox 3468 1268 3597 1324; x_wconf 86' lang='lat' dir='ltr'><strong>Inde</strong></span> 
     </span>
    </p>
   </div>
   <div class='ocr_carea' id='block_1_42' title="bbox 2019 1352 3593 1427">
    <p class='ocr_par' dir='ltr' id='par_1_42' title="bbox 2019 1352 3593 1427">
     <span class='ocr_line' id='line_1_42' title="bbox 2019 1352 3593 1427; baseline 0.004 -19"><span class='ocrx_word' id='word_1_291' title='bbox 2019 1356 2083 1408; x_wconf 89' lang='lat' dir='ltr'><strong>ad</strong></span> <span class='ocrx_word' id='word_1_292' title='bbox 2113 1355 2355 1427; x_wconf 65' lang='lat' dir='ltr'><strong>Ligerem</strong></span> <span class='ocrx_word' id='word_1_293' title='bbox 2387 1356 2605 1411; x_wconf 82' lang='lat' dir='ltr'><strong>ﬂuvium</strong></span> <span class='ocrx_word' id='word_1_294' title='bbox 2645 1373 2765 1411; x_wconf 93' lang='lat' dir='ltr'><strong>cum</strong></span> <span class='ocrx_word' id='word_1_295' title='bbox 2806 1358 2951 1412; x_wconf 91' lang='lat' dir='ltr'><strong>omni</strong></span> <span class='ocrx_word' id='word_1_296' title='bbox 2978 1352 3213 1414; x_wconf 66' lang='lat' dir='ltr'><strong>exercitu</strong></span> <span class='ocrx_word' id='word_1_297' title='bbox 3245 1360 3593 1425; x_wconf 87' lang='lat' dir='ltr'><strong>Francorum,</strong></span> 
     </span>
    </p>
   </div>
   <div class='ocr_carea' id='block_1_43' title="bbox 2019 1445 3595 1524">
    <p class='ocr_par' dir='ltr' id='par_1_43' title="bbox 2019 1445 3595 1524">
     <span class='ocr_line' id='line_1_43' title="bbox 2019 1445 3595 1524; baseline 0.006 -25"><span class='ocrx_word' id='word_1_298' title='bbox 2019 1447 2085 1499; x_wconf 85' lang='lat' dir='ltr'><strong>ad</strong></span> <span class='ocrx_word' id='word_1_299' title='bbox 2120 1447 2352 1501; x_wconf 83' lang='lat' dir='ltr'><strong>Masuam</strong></span> <span class='ocrx_word' id='word_1_300' title='bbox 2388 1445 2408 1484; x_wconf 71' lang='grc' dir='ltr'>ί</span> <span class='ocrx_word' id='word_1_301' title='bbox 2435 1448 2611 1503; x_wconf 80' lang='lat' dir='ltr'><strong>vicum</strong></span> <span class='ocrx_word' id='word_1_302' title='bbox 2643 1450 2692 1503; x_wconf 92' lang='lat' dir='ltr'><strong>in</strong></span> <span class='ocrx_word' id='word_1_303' title='bbox 2726 1465 2860 1519; x_wconf 83' lang='lat' dir='ltr'><strong>pago</strong></span> <span class='ocrx_word' id='word_1_304' title='bbox 2900 1448 3321 1507; x_wconf 82' lang='lat' dir='ltr'><strong>Autisiodereusi</strong></span> <span class='ocrx_word' id='word_1_305' title='bbox 3353 1453 3595 1524; x_wconf 84' lang='lat' dir='ltr'><strong>Ligerem</strong></span> 
     </span>
    </p>
   </div>
   <div class='ocr_carea' id='block_1_44' title="bbox 2021 1538 3598 1617">
    <p class='ocr_par' dir='ltr' id='par_1_44' title="bbox 2021 1538 3598 1617">
     <span class='ocr_line' id='line_1_44' title="bbox 2021 1538 3598 1617; baseline 0.006 -26"><span class='ocrx_word' id='word_1_306' title='bbox 2021 1538 2238 1592; x_wconf 85' lang='lat' dir='ltr'><strong>fluvium</strong></span> <span class='ocrx_word' id='word_1_307' title='bbox 2273 1543 2648 1608; x_wconf 87' lang='lat' dir='ltr'><strong>transmeavit;</strong></span> <span class='ocrx_word' id='word_1_308' title='bbox 2704 1559 2795 1610; x_wconf 90' lang='lat' dir='ltr'><strong>per</strong></span> <span class='ocrx_word' id='word_1_309' title='bbox 2843 1557 3035 1614; x_wconf 80' lang='lat' dir='ltr'><strong>pagum</strong></span> <span class='ocrx_word' id='word_1_310' title='bbox 3086 1544 3381 1601; x_wconf 89' lang='lat' dir='ltr'><strong>Bitorinum</strong></span> <span class='ocrx_word' id='word_1_311' title='bbox 3428 1562 3598 1617; x_wconf 83' lang='lat' dir='ltr'><strong>usque</strong></span> 
     </span>
    </p>
   </div>
   <div class='ocr_carea' id='block_1_45' title="bbox 2022 1632 3598 1708">
    <p class='ocr_par' dir='ltr' id='par_1_45' title="bbox 2022 1632 3598 1708">
     <span class='ocr_line' id='line_1_45' title="bbox 2022 1632 3598 1708; baseline 0.005 -25"><span class='ocrx_word' id='word_1_312' title='bbox 2022 1632 2316 1686; x_wconf 79' lang='lat' dir='ltr'><strong>Arvernico</strong></span> <span class='ocrx_word' id='word_1_313' title='bbox 2367 1633 2615 1698; x_wconf 83' lang='lat' dir='ltr'><strong>accessit,</strong></span> <span class='ocrx_word' id='word_1_314' title='bbox 2672 1635 2945 1703; x_wconf 86' lang='lat' dir='ltr'><strong>regionem</strong></span> <span class='ocrx_word' id='word_1_315' title='bbox 3001 1637 3141 1691; x_wconf 90' lang='lat' dir='ltr'><strong>illam</strong></span> <span class='ocrx_word' id='word_1_316' title='bbox 3186 1653 3502 1708; x_wconf 76' lang='lat' dir='ltr'><strong>pervagatis,</strong></span> <span class='ocrx_word' id='word_1_317' title='bbox 3541 1649 3598 1692; x_wconf 88' lang='lat' dir='ltr'><strong>et</strong></span> 
     </span>
    </p>
   </div>
   <div class='ocr_carea' id='block_1_46' title="bbox 2022 1723 3597 1799">
    <p class='ocr_par' dir='ltr' id='par_1_46' title="bbox 2022 1723 3597 1799">
     <span class='ocr_line' id='line_1_46' title="bbox 2022 1723 3597 1799; baseline 0.008 -25"><span class='ocrx_word' id='word_1_318' title='bbox 2022 1723 2307 1777; x_wconf 76' lang='lat' dir='ltr'><strong>maximam</strong></span> <span class='ocrx_word' id='word_1_319' title='bbox 2342 1734 2547 1794; x_wconf 89' lang='lat' dir='ltr'><strong>partem</strong></span> <span class='ocrx_word' id='word_1_320' title='bbox 2573 1726 2876 1796; x_wconf 65' lang='lat' dir='ltr'><strong>Aquitaniae</strong></span> <span class='ocrx_word' id='word_1_321' title='bbox 2907 1728 3026 1799; x_wconf 86' lang='lat' dir='ltr'><strong>igne</strong></span> <span class='ocrx_word' id='word_1_322' title='bbox 3056 1730 3597 1793; x_wconf 83' lang='lat' dir='ltr'><strong>concremavit.Wai—</strong></span> 
     </span>
    </p>
   </div>
   <div class='ocr_carea' id='block_1_47' title="bbox 2023 1813 3597 1892">
    <p class='ocr_par' dir='ltr' id='par_1_47' title="bbox 2023 1813 3597 1892">
     <span class='ocr_line' id='line_1_47' title="bbox 2023 1813 3597 1892; baseline 0.006 -26"><span class='ocrx_word' id='word_1_323' title='bbox 2023 1813 2184 1867; x_wconf 76' lang='lat' dir='ltr'><strong>furius</strong></span> <span class='ocrx_word' id='word_1_324' title='bbox 2225 1814 2475 1883; x_wconf 85' lang='lat' dir='ltr'><strong>princeps</strong></span> <span class='ocrx_word' id='word_1_325' title='bbox 2528 1818 2827 1886; x_wconf 71' lang='lat' dir='ltr'><strong>Aquitaniae</strong></span> <span class='ocrx_word' id='word_1_326' title='bbox 2868 1833 2961 1888; x_wconf 84' lang='lat' dir='ltr'><strong>per</strong></span> <span class='ocrx_word' id='word_1_327' title='bbox 3002 1821 3203 1888; x_wconf 85' lang='lat' dir='ltr'><strong>legatos</strong></span> <span class='ocrx_word' id='word_1_328' title='bbox 3248 1838 3373 1877; x_wconf 88' lang='lat' dir='ltr'><strong>suos</strong></span> <span class='ocrx_word' id='word_1_329' title='bbox 3414 1837 3597 1892; x_wconf 88' lang='lat' dir='ltr'><strong>pacem</strong></span> 
     </span>
    </p>
   </div>
   <div class='ocr_carea' id='block_1_48' title="bbox 1947 1899 3601 1993">
    <p class='ocr_par' dir='ltr' id='par_1_48' title="bbox 1947 1899 3601 1993">
     <span class='ocr_line' id='line_1_48' title="bbox 1947 1899 3601 1993; baseline 0.008 -35"><span class='ocrx_word' id='word_1_330' title='bbox 1947 1899 1995 1958; x_wconf 81' lang='grc' dir='ltr'><strong>Β</strong></span> <span class='ocrx_word' id='word_1_331' title='bbox 2025 1906 2366 1975; x_wconf 82' lang='lat' dir='ltr'><strong>supplicans,</strong></span> <span class='ocrx_word' id='word_1_332' title='bbox 2397 1918 2732 1963; x_wconf 85' lang='lat' dir='ltr'><strong>sacramenta</strong></span> <span class='ocrx_word' id='word_1_333' title='bbox 2778 1910 2862 1965; x_wconf 89' lang='lat' dir='ltr'><strong>vel</strong></span> <span class='ocrx_word' id='word_1_334' title='bbox 2914 1912 3130 1967; x_wconf 84' lang='lat' dir='ltr'><strong>obsides</strong></span> <span class='ocrx_word' id='word_1_335' title='bbox 3186 1914 3380 1968; x_wconf 86' lang='lat' dir='ltr'><strong>ibidem</strong></span> 
     </span>
    </p>
   </div>
   <div class='ocr_carea' id='block_1_49' title="bbox 2016 1995 3600 2072">
    <p class='ocr_par' dir='ltr' id='par_1_49' title="bbox 2016 1995 3600 2072">
     <span class='ocr_line' id='line_1_49' title="bbox 2016 1995 3600 2072; baseline 0.006 -23"><span class='ocrx_word' id='word_1_336' title='bbox 2016 1995 2203 2063; x_wconf 79' lang='lat' dir='ltr'><strong>donat,</strong></span> <span class='ocrx_word' id='word_1_337' title='bbox 2251 2006 2305 2050; x_wconf 91' lang='lat' dir='ltr'><strong>ttt</strong></span> <span class='ocrx_word' id='word_1_338' title='bbox 2332 2012 2521 2053; x_wconf 89' lang='lat' dir='ltr'><strong>omnes</strong></span> <span class='ocrx_word' id='word_1_339' title='bbox 2547 1997 2804 2068; x_wconf 84' lang='lat' dir='ltr'><strong>justitias,</strong></span> <span class='ocrx_word' id='word_1_340' title='bbox 2832 2015 2965 2071; x_wconf 87' lang='lat' dir='ltr'><strong>quas</strong></span> <span class='ocrx_word' id='word_1_341' title='bbox 3004 2003 3256 2070; x_wconf 73' lang='lat' dir='ltr'><strong>prtefatus</strong></span> <span class='ocrx_word' id='word_1_342' title='bbox 3297 2018 3390 2057; x_wconf 90' lang='lat' dir='ltr'><strong>rex</strong></span> <span class='ocrx_word' id='word_1_343' title='bbox 3420 2005 3600 2072; x_wconf 73' lang='lat' dir='ltr'><strong>Pippi~</strong></span> 
     </span>
    </p>
   </div>
   <div class='ocr_carea' id='block_1_50' title="bbox 2019 2090 3597 2166">
    <p class='ocr_par' dir='ltr' id='par_1_50' title="bbox 2019 2090 3597 2166">
     <span class='ocr_line' id='line_1_50' title="bbox 2019 2090 3597 2166; baseline 0.004 -23"><span class='ocrx_word' id='word_1_344' title='bbox 2019 2104 2117 2143; x_wconf 89' lang='lat' dir='ltr'><strong>nus</strong></span> <span class='ocrx_word' id='word_1_345' title='bbox 2163 2105 2256 2159; x_wconf 92' lang='lat' dir='ltr'><strong>per</strong></span> <span class='ocrx_word' id='word_1_346' title='bbox 2286 2090 2488 2159; x_wconf 81' lang='lat' dir='ltr'><strong>legatos</strong></span> <span class='ocrx_word' id='word_1_347' title='bbox 2513 2106 2639 2146; x_wconf 86' lang='lat' dir='ltr'><strong>suos</strong></span> <span class='ocrx_word' id='word_1_348' title='bbox 2665 2094 2713 2148; x_wconf 93' lang='lat' dir='ltr'><strong>ei</strong></span> <span class='ocrx_word' id='word_1_349' title='bbox 2744 2096 3108 2161; x_wconf 89' lang='lat' dir='ltr'><strong>mandaverat,</strong></span> <span class='ocrx_word' id='word_1_350' title='bbox 3138 2096 3190 2151; x_wconf 90' lang='lat' dir='ltr'><strong>in</strong></span> <span class='ocrx_word' id='word_1_351' title='bbox 3221 2098 3414 2166; x_wconf 91' lang='lat' dir='ltr'><strong>placito</strong></span> <span class='ocrx_word' id='word_1_352' title='bbox 3447 2097 3597 2160; x_wconf 58' lang='lat' dir='ltr'><strong>iusti,-</strong></span> 
     </span>
    </p>
   </div>
   <div class='ocr_carea' id='block_1_51' title="bbox 2020 2181 3601 2255">
    <p class='ocr_par' dir='ltr' id='par_1_51' title="bbox 2020 2181 3601 2255">
     <span class='ocr_line' id='line_1_51' title="bbox 2020 2181 3601 2255; baseline 0.006 -20"><span class='ocrx_word' id='word_1_353' title='bbox 2020 2190 2134 2235; x_wconf 88' lang='lat' dir='ltr'><strong>tuto</strong></span> <span class='ocrx_word' id='word_1_354' title='bbox 2180 2181 2355 2237; x_wconf 86' lang='lat' dir='ltr'><strong>facere</strong></span> <span class='ocrx_word' id='word_1_355' title='bbox 2381 2183 2620 2239; x_wconf 88' lang='lat' dir='ltr'><strong>deberet.</strong></span> <span class='ocrx_word' id='word_1_356' title='bbox 2672 2186 2782 2242; x_wconf 76' lang='lat' dir='ltr'><strong>[lex</strong></span> <span class='ocrx_word' id='word_1_357' title='bbox 2825 2187 3079 2255; x_wconf 88' lang='lat' dir='ltr'><strong>Pippinus</strong></span> <span class='ocrx_word' id='word_1_358' title='bbox 3107 2204 3225 2242; x_wconf 85' lang='lat' dir='ltr'><strong>cum</strong></span> <span class='ocrx_word' id='word_1_359' title='bbox 3271 2189 3416 2244; x_wconf 90' lang='lat' dir='ltr'><strong>omni</strong></span> <span class='ocrx_word' id='word_1_360' title='bbox 3448 2204 3601 2247; x_wconf 80' lang='lat' dir='ltr'><strong>excr-</strong></span> 
     </span>
    </p>
   </div>
   <div class='ocr_carea' id='block_1_52' title="bbox 2019 2274 3203 2348">
    <p class='ocr_par' dir='ltr' id='par_1_52' title="bbox 2019 2274 3203 2348">
     <span class='ocr_line' id='line_1_52' title="bbox 2019 2274 3203 2348; baseline 0.003 -19"><span class='ocrx_word' id='word_1_361' title='bbox 2019 2274 2127 2329; x_wconf 89' lang='lat' dir='ltr'><strong>citu</strong></span> <span class='ocrx_word' id='word_1_362' title='bbox 2156 2290 2255 2328; x_wconf 92' lang='lat' dir='ltr'><strong>suo</strong></span> <span class='ocrx_word' id='word_1_363' title='bbox 2285 2275 2454 2329; x_wconf 84' lang='lat' dir='ltr'><strong>ill-.eso</strong></span> <span class='ocrx_word' id='word_1_364' title='bbox 2480 2291 2724 2331; x_wconf 83' lang='lat' dir='ltr'><strong>reversus</strong></span> <span class='ocrx_word' id='word_1_365' title='bbox 2755 2286 2835 2332; x_wconf 87' lang='lat' dir='ltr'><strong>est</strong></span> <span class='ocrx_word' id='word_1_366' title='bbox 2864 2280 2929 2331; x_wconf 90' lang='lat' dir='ltr'><strong>ad</strong></span> <span class='ocrx_word' id='word_1_367' title='bbox 2972 2279 3203 2348; x_wconf 80' lang='lat' dir='ltr'><strong>propria.</strong></span> 
     </span>
    </p>
   </div>
   <div class='ocr_carea' id='block_1_53' title="bbox 2092 2367 3597 2442">
    <p class='ocr_par' dir='ltr' id='par_1_53' title="bbox 2092 2367 3597 2442">
     <span class='ocr_line' id='line_1_53' title="bbox 2092 2367 3597 2442; baseline 0.003 -22"><span class='ocrx_word' id='word_1_368' title='bbox 2092 2367 2191 2420; x_wconf 72' lang='lat' dir='ltr'><strong>Aa.</strong></span> <span class='ocrx_word' id='word_1_369' title='bbox 2225 2382 2432 2422; x_wconf 78' lang='lat' dir='ltr'><strong>nccut.</strong></span> <span class='ocrx_word' id='word_1_370' title='bbox 2459 2398 2528 2408; x_wconf 92' lang='lat'><strong><em>—</em></strong></span> <span class='ocrx_word' id='word_1_371' title='bbox 2548 2367 2761 2423; x_wconf 73' lang='lat' dir='ltr'><strong>CXXV.</strong></span> <span class='ocrx_word' id='word_1_372' title='bbox 2802 2370 3033 2425; x_wconf 83' lang='lat' dir='ltr'><strong>Evoluto</strong></span> <span class='ocrx_word' id='word_1_373' title='bbox 3054 2385 3219 2442; x_wconf 73' lang='lat' dir='ltr'><strong>anno,</strong></span> <span class='ocrx_word' id='word_1_374' title='bbox 3244 2371 3297 2425; x_wconf 79' lang='lat' dir='ltr'><strong>id</strong></span> <span class='ocrx_word' id='word_1_375' title='bbox 3324 2379 3425 2436; x_wconf 87' lang='lat' dir='ltr'><strong>est,</strong></span> <span class='ocrx_word' id='word_1_376' title='bbox 3454 2386 3597 2425; x_wconf 89' lang='lat' dir='ltr'><strong>anno</strong></span> 
     </span>
    </p>
   </div>
   <div class='ocr_carea' id='block_1_54' title="bbox 2021 2457 3599 2531">
    <p class='ocr_par' dir='ltr' id='par_1_54' title="bbox 2021 2457 3599 2531">
     <span class='ocr_line' id='line_1_54' title="bbox 2021 2457 3599 2531; baseline 0.006 -21"><span class='ocrx_word' id='word_1_377' title='bbox 2021 2457 2229 2513; x_wconf 90' lang='lat' dir='ltr'><strong>decimo</strong></span> <span class='ocrx_word' id='word_1_378' title='bbox 2256 2459 2407 2530; x_wconf 86' lang='lat' dir='ltr'><strong>regni</strong></span> <span class='ocrx_word' id='word_1_379' title='bbox 2433 2460 2618 2530; x_wconf 88' lang='lat' dir='ltr'><strong>ipsius,</strong></span> <span class='ocrx_word' id='word_1_380' title='bbox 2642 2475 2830 2517; x_wconf 89' lang='lat' dir='ltr'><strong>omnes</strong></span> <span class='ocrx_word' id='word_1_381' title='bbox 2853 2463 3138 2531; x_wconf 89' lang='lat' dir='ltr'><strong>optimates</strong></span> <span class='ocrx_word' id='word_1_382' title='bbox 3168 2463 3499 2519; x_wconf 89' lang='lat' dir='ltr'><strong>Francorum</strong></span> <span class='ocrx_word' id='word_1_383' title='bbox 3532 2468 3599 2520; x_wconf 90' lang='lat' dir='ltr'><strong>ad</strong></span> 
     </span>
    </p>
   </div>
   <div class='ocr_carea' id='block_1_55' title="bbox 2023 2548 3602 2624">
    <p class='ocr_par' dir='ltr' id='par_1_55' title="bbox 2023 2548 3602 2624">
     <span class='ocr_line' id='line_1_55' title="bbox 2023 2548 3602 2624; baseline 0.003 -21"><span class='ocrx_word' id='word_1_384' title='bbox 2023 2548 2167 2604; x_wconf 88' lang='lat' dir='ltr'><strong>Dura</strong></span> <span class='ocrx_word' id='word_1_385' title='bbox 2195 2550 2247 2603; x_wconf 94' lang='lat' dir='ltr'><strong>in</strong></span> <span class='ocrx_word' id='word_1_386' title='bbox 2276 2566 2411 2621; x_wconf 85' lang='lat' dir='ltr'><strong>pago</strong></span> <span class='ocrx_word' id='word_1_387' title='bbox 2435 2551 2753 2623; x_wconf 80' lang='lat' dir='ltr'><strong>Riguerinse</strong></span> <span class='ocrx_word' id='word_1_388' title='bbox 2779 2563 2803 2600; x_wconf 76' lang='grc' dir='ltr'>ις</span> <span class='ocrx_word' id='word_1_389' title='bbox 2833 2553 2897 2607; x_wconf 89' lang='lat' dir='ltr'><strong>ad</strong></span> <span class='ocrx_word' id='word_1_390' title='bbox 2929 2553 3131 2624; x_wconf 86' lang='lat' dir='ltr'><strong>Campo</strong></span> <span class='ocrx_word' id='word_1_391' title='bbox 3160 2554 3355 2621; x_wconf 80' lang='lat' dir='ltr'><strong>Madio,</strong></span> <span class='ocrx_word' id='word_1_392' title='bbox 3387 2570 3485 2624; x_wconf 89' lang='lat' dir='ltr'><strong>pro</strong></span> <span class='ocrx_word' id='word_1_393' title='bbox 3513 2568 3602 2610; x_wconf 78' lang='lat' dir='ltr'><strong>Sa-</strong></span> 
     </span>
    </p>
   </div>
   <div class='ocr_carea' id='block_1_56' title="bbox 2024 2640 3605 2713">
    <p class='ocr_par' dir='ltr' id='par_1_56' title="bbox 2024 2640 3605 2713">
     <span class='ocr_line' id='line_1_56' title="bbox 2024 2640 3605 2713; baseline 0.001 -19"><span class='ocrx_word' id='word_1_394' title='bbox 2024 2640 2133 2694; x_wconf 93' lang='lat' dir='ltr'><strong>lute</strong></span> <span class='ocrx_word' id='word_1_395' title='bbox 2159 2640 2344 2710; x_wconf 68' lang='lat' dir='ltr'><strong>patria:</strong></span> <span class='ocrx_word' id='word_1_396' title='bbox 2386 2652 2439 2696; x_wconf 90' lang='lat' dir='ltr'><strong>et</strong></span> <span class='ocrx_word' id='word_1_397' title='bbox 2463 2643 2689 2697; x_wconf 87' lang='lat' dir='ltr'><strong>utilitate</strong></span> <span class='ocrx_word' id='word_1_398' title='bbox 2720 2643 3049 2699; x_wconf 87' lang='lat' dir='ltr'><strong>Francorum</strong></span> <span class='ocrx_word' id='word_1_399' title='bbox 3082 2644 3379 2711; x_wconf 88' lang='lat' dir='ltr'><strong>tractanda,</strong></span> <span class='ocrx_word' id='word_1_400' title='bbox 3415 2645 3605 2713; x_wconf 87' lang='lat' dir='ltr'><strong>placito</strong></span> 
     </span>
    </p>
   </div>
   <div class='ocr_carea' id='block_1_57' title="bbox 2026 2730 3605 2804">
    <p class='ocr_par' dir='ltr' id='par_1_57' title="bbox 2026 2730 3605 2804">
     <span class='ocr_line' id='line_1_57' title="bbox 2026 2730 3605 2804; baseline 0.003 -20"><span class='ocrx_word' id='word_1_401' title='bbox 2026 2730 2269 2786; x_wconf 87' lang='lat' dir='ltr'><strong>instituto</strong></span> <span class='ocrx_word' id='word_1_402' title='bbox 2288 2730 2352 2785; x_wconf 90' lang='lat' dir='ltr'><strong>ad</strong></span> <span class='ocrx_word' id='word_1_403' title='bbox 2377 2746 2435 2785; x_wconf 90' lang='lat' dir='ltr'><strong>se</strong></span> <span class='ocrx_word' id='word_1_404' title='bbox 2461 2733 2644 2787; x_wconf 89' lang='lat' dir='ltr'><strong>venire</strong></span> <span class='ocrx_word' id='word_1_405' title='bbox 2675 2733 2949 2803; x_wconf 59' lang='lat' dir='ltr'><strong>praecepit.</strong></span> <span class='ocrx_word' id='word_1_406' title='bbox 2993 2734 3127 2788; x_wconf 90' lang='lat' dir='ltr'><strong>Dum</strong></span> <span class='ocrx_word' id='word_1_407' title='bbox 3159 2735 3272 2790; x_wconf 64' lang='lat' dir='ltr'><strong>haec</strong></span> <span class='ocrx_word' id='word_1_408' title='bbox 3297 2744 3605 2804; x_wconf 88' lang='lat' dir='ltr'><strong>agerentur,</strong></span> 
     </span>
    </p>
   </div>
   <div class='ocr_carea' id='block_1_58' title="bbox 2024 2823 3605 2897">
    <p class='ocr_par' dir='ltr' id='par_1_58' title="bbox 2024 2823 3605 2897">
     <span class='ocr_line' id='line_1_58' title="bbox 2024 2823 3605 2897; baseline 0.003 -20"><span class='ocrx_word' id='word_1_409' title='bbox 2024 2823 2317 2879; x_wconf 86' lang='lat' dir='ltr'><strong>Waifarius</strong></span> <span class='ocrx_word' id='word_1_410' title='bbox 2342 2826 2474 2879; x_wconf 91' lang='lat' dir='ltr'><strong>inito</strong></span> <span class='ocrx_word' id='word_1_411' title='bbox 2503 2826 2686 2895; x_wconf 89' lang='lat' dir='ltr'><strong>iniquo</strong></span> <span class='ocrx_word' id='word_1_412' title='bbox 2716 2828 2969 2894; x_wconf 89' lang='lat' dir='ltr'><strong>consilio,</strong></span> <span class='ocrx_word' id='word_1_413' title='bbox 2998 2837 3188 2884; x_wconf 89' lang='lat' dir='ltr'><strong>contra</strong></span> <span class='ocrx_word' id='word_1_414' title='bbox 3212 2828 3487 2897; x_wconf 83' lang='lat' dir='ltr'><strong>Pippinum</strong></span> <span class='ocrx_word' id='word_1_415' title='bbox 3520 2843 3605 2882; x_wconf 88' lang='lat' dir='ltr'><strong>re-</strong></span> 
     </span>
    </p>
   </div>
   <div class='ocr_carea' id='block_1_59' title="bbox 2027 2917 3595 2987">
    <p class='ocr_par' dir='ltr' id='par_1_59' title="bbox 2027 2917 3595 2987">
     <span class='ocr_line' id='line_1_59' title="bbox 2027 2917 3595 2987; baseline 0 -16"><span class='ocrx_word' id='word_1_416' title='bbox 2027 2932 2147 2985; x_wconf 76' lang='lat' dir='ltr'><strong>gem</strong></span> <span class='ocrx_word' id='word_1_417' title='bbox 2180 2918 2507 2971; x_wconf 86' lang='lat' dir='ltr'><strong>Francorum</strong></span> <span class='ocrx_word' id='word_1_418' title='bbox 2539 2917 2759 2971; x_wconf 90' lang='lat' dir='ltr'><strong>insidias</strong></span> <span class='ocrx_word' id='word_1_419' title='bbox 2786 2928 2957 2987; x_wconf 89' lang='lat' dir='ltr'><strong>parat,</strong></span> <span class='ocrx_word' id='word_1_420' title='bbox 2981 2919 3275 2973; x_wconf 88' lang='lat' dir='ltr'><strong>exercitum</strong></span> <span class='ocrx_word' id='word_1_421' title='bbox 3300 2933 3451 2973; x_wconf 88' lang='lat' dir='ltr'><strong>suum</strong></span> <span class='ocrx_word' id='word_1_422' title='bbox 3475 2933 3595 2973; x_wconf 92' lang='lat' dir='ltr'><strong>cum</strong></span> 
     </span>
    </p>
   </div>
   <div class='ocr_carea' id='block_1_60' title="bbox 2027 3010 3606 3069">
    <p class='ocr_par' dir='ltr' id='par_1_60' title="bbox 2027 3010 3606 3069">
     <span class='ocr_line' id='line_1_60' title="bbox 2027 3010 3606 3069; baseline -0.002 0"><span class='ocrx_word' id='word_1_423' title='bbox 2027 3012 2286 3069; x_wconf 62' lang='lat' dir='ltr'><strong>Unilicrto</strong></span> <span class='ocrx_word' id='word_1_424' title='bbox 2316 3010 2339 3048; x_wconf 76' lang='grc' dir='ltr'><strong>ιι</strong></span> <span class='ocrx_word' id='word_1_425' title='bbox 2370 3013 2567 3066; x_wconf 89' lang='lat' dir='ltr'><strong>comite</strong></span> <span class='ocrx_word' id='word_1_426' title='bbox 2600 3011 2839 3065; x_wconf 86' lang='lat' dir='ltr'><strong>Bitoriuo</strong></span> <span class='ocrx_word' id='word_1_427' title='bbox 2881 3019 2934 3065; x_wconf 88' lang='lat' dir='ltr'><strong>et</strong></span> <span class='ocrx_word' id='word_1_428' title='bbox 2975 3011 3237 3066; x_wconf 87' lang='lat' dir='ltr'><strong>Blandino</strong></span> <span class='ocrx_word' id='word_1_429' title='bbox 3276 3011 3469 3066; x_wconf 90' lang='lat' dir='ltr'><strong>comite</strong></span> <span class='ocrx_word' id='word_1_430' title='bbox 3506 3012 3606 3066; x_wconf 81' lang='lat' dir='ltr'><strong>Ar-</strong></span> 
     </span>
    </p>
   </div>
   <div class='ocr_carea' id='block_1_61' title="bbox 2028 3102 3608 3173">
    <p class='ocr_par' dir='ltr' id='par_1_61' title="bbox 2028 3102 3608 3173">
     <span class='ocr_line' id='line_1_61' title="bbox 2028 3102 3608 3173; baseline -0.001 -15"><span class='ocrx_word' id='word_1_431' title='bbox 2028 3104 2269 3169; x_wconf 89' lang='lat' dir='ltr'><strong>vernico,</strong></span> <span class='ocrx_word' id='word_1_432' title='bbox 2296 3104 2383 3173; x_wconf 91' lang='lat' dir='ltr'><strong>qui</strong></span> <span class='ocrx_word' id='word_1_433' title='bbox 2415 3102 2617 3157; x_wconf 89' lang='lat' dir='ltr'><strong>dudum</strong></span> <span class='ocrx_word' id='word_1_434' title='bbox 2646 3113 2770 3158; x_wconf 81' lang='lat' dir='ltr'><strong>ante</strong></span> <span class='ocrx_word' id='word_1_435' title='bbox 2802 3119 2998 3157; x_wconf 76' lang='lat' dir='ltr'><strong>annum</strong></span> <span class='ocrx_word' id='word_1_436' title='bbox 3026 3104 3356 3172; x_wconf 87' lang='lat' dir='ltr'><strong>superiorem</strong></span> <span class='ocrx_word' id='word_1_437' title='bbox 3386 3102 3450 3157; x_wconf 89' lang='lat' dir='ltr'><strong>ad</strong></span> <span class='ocrx_word' id='word_1_438' title='bbox 3477 3114 3608 3173; x_wconf 51' lang='lat' dir='ltr'><strong>praei</strong></span> 
     </span>
    </p>
   </div>
   <div class='ocr_carea' id='block_1_62' title="bbox 2029 3193 3610 3267">
    <p class='ocr_par' dir='ltr' id='par_1_62' title="bbox 2029 3193 3610 3267">
     <span class='ocr_line' id='line_1_62' title="bbox 2029 3193 3610 3267; baseline -0.003 -16"><span class='ocrx_word' id='word_1_439' title='bbox 2029 3198 2228 3252; x_wconf 89' lang='lat' dir='ltr'><strong>dictum</strong></span> <span class='ocrx_word' id='word_1_440' title='bbox 2260 3212 2439 3267; x_wconf 87' lang='lat' dir='ltr'><strong>regem</strong></span> <span class='ocrx_word' id='word_1_441' title='bbox 2467 3195 2751 3266; x_wconf 77' lang='lat' dir='ltr'><strong>Pippinum</strong></span> <span class='ocrx_word' id='word_1_442' title='bbox 2780 3211 2899 3249; x_wconf 86' lang='lat' dir='ltr'><strong>cum</strong></span> <span class='ocrx_word' id='word_1_443' title='bbox 2931 3195 3272 3250; x_wconf 81' lang='lat' dir='ltr'><strong>Bertellanno</strong></span> <span class='ocrx_word' id='word_1_444' title='bbox 3314 3193 3325 3231; x_wconf 80' lang='grc' dir='ltr'><strong>ί</strong></span> <span class='ocrx_word' id='word_1_445' title='bbox 3356 3194 3610 3263; x_wconf 71' lang='grc' dir='ltr'><strong>θρὶερορο</strong></span> 
     </span>
    </p>
   </div>
   <div class='ocr_carea' id='block_1_63' title="bbox 338 3286 3609 3361">
    <p class='ocr_par' dir='ltr' id='par_1_63' title="bbox 338 3286 3609 3361">
     <span class='ocr_line' id='line_1_63' title="bbox 338 3286 3609 3361; baseline -0.002 -16"><span class='ocrx_word' id='word_1_446' title='bbox 338 3301 521 3361; x_wconf 82' lang='lat' dir='ltr'><strong>postea</strong></span> <span class='ocrx_word' id='word_1_447' title='bbox 554 3292 782 3346; x_wconf 86' lang='lat' dir='ltr'><strong>amicitia</strong></span> <span class='ocrx_word' id='word_1_448' title='bbox 809 3333 824 3357; x_wconf 92' lang='lat'><strong>,</strong></span> <span class='ocrx_word' id='word_1_449' title='bbox 875 3308 1034 3361; x_wconf 88' lang='lat' dir='ltr'><strong>quam</strong></span> <span class='ocrx_word' id='word_1_450' title='bbox 1068 3293 1205 3345; x_wconf 91' lang='lat' dir='ltr'><strong>inter</strong></span> <span class='ocrx_word' id='word_1_451' title='bbox 1230 3307 1289 3346; x_wconf 89' lang='lat' dir='ltr'><strong>se</strong></span> <span class='ocrx_word' id='word_1_452' title='bbox 1331 3300 1515 3345; x_wconf 86' lang='lat' dir='ltr'><strong>mutuo</strong></span> <span class='ocrx_word' id='word_1_453' title='bbox 1548 3292 1921 3361; x_wconf 88' lang='lat' dir='ltr'><strong>promiserant,</strong></span> <span class='ocrx_word' id='word_1_454' title='bbox 1953 3290 1999 3353; x_wconf 87' lang='lat' dir='ltr'><strong>C</strong></span> <span class='ocrx_word' id='word_1_455' title='bbox 2035 3288 2279 3343; x_wconf 72' lang='lat' dir='ltr'><strong>Bitoricte</strong></span> <span class='ocrx_word' id='word_1_456' title='bbox 2302 3289 2536 3344; x_wconf 83' lang='lat' dir='ltr'><strong>civitatis</strong></span> <span class='ocrx_word' id='word_1_457' title='bbox 2568 3288 2765 3342; x_wconf 89' lang='lat' dir='ltr'><strong>missus</strong></span> <span class='ocrx_word' id='word_1_458' title='bbox 2798 3286 2993 3356; x_wconf 88' lang='lat' dir='ltr'><strong>fuerat,</strong></span> <span class='ocrx_word' id='word_1_459' title='bbox 3037 3298 3091 3343; x_wconf 90' lang='lat' dir='ltr'><strong>et</strong></span> <span class='ocrx_word' id='word_1_460' title='bbox 3112 3289 3350 3341; x_wconf 87' lang='lat' dir='ltr'><strong>animum</strong></span> <span class='ocrx_word' id='word_1_461' title='bbox 3375 3287 3518 3357; x_wconf 86' lang='lat' dir='ltr'><strong>regis</strong></span> <span class='ocrx_word' id='word_1_462' title='bbox 3542 3288 3609 3349; x_wconf 84' lang='lat' dir='ltr'><strong>ad</strong></span> 
     </span>
    </p>
   </div>
   <div class='ocr_carea' id='block_1_64' title="bbox 337 3381 1258 3438">
    <p class='ocr_par' dir='ltr' id='par_1_64' title="bbox 337 3381 1258 3438">
     <span class='ocr_line' id='line_1_64' title="bbox 337 3381 1258 3438; baseline -0.003 0"><span class='ocrx_word' id='word_1_463' title='bbox 337 3384 851 3438; x_wconf 81' lang='lat' dir='ltr'><strong>nullatenus-sortita</strong></span> <span class='ocrx_word' id='word_1_464' title='bbox 877 3394 960 3437; x_wconf 67' lang='lat' dir='ltr'><strong>est</strong></span> <span class='ocrx_word' id='word_1_465' title='bbox 989 3381 1258 3437; x_wconf 76' lang='lat' dir='ltr'><strong>ellectum.</strong></span> 
     </span>
    </p>
   </div>
   <div class='ocr_carea' id='block_1_65' title="bbox 409 3470 1921 3546">
    <p class='ocr_par' dir='ltr' id='par_1_65' title="bbox 409 3470 1921 3546">
     <span class='ocr_line' id='line_1_65' title="bbox 409 3470 1921 3546; baseline 0.001 -18"><span class='ocrx_word' id='word_1_466' title='bbox 409 3474 543 3528; x_wconf 69' lang='lat' dir='ltr'><strong>ANN.</strong></span> <span class='ocrx_word' id='word_1_467' title='bbox 579 3488 1019 3528; x_wconf 71' lang='lat' dir='ltr'><strong>eccevttt-nccu.</strong></span> <span class='ocrx_word' id='word_1_468' title='bbox 1048 3503 1114 3513; x_wconf 89' lang='lat'><strong>—-</strong></span> <span class='ocrx_word' id='word_1_469' title='bbox 1137 3470 1370 3527; x_wconf 77' lang='lat' dir='ltr'><strong>CXXIV.</strong></span> <span class='ocrx_word' id='word_1_470' title='bbox 1404 3474 1498 3528; x_wconf 88' lang='lat' dir='ltr'><strong>llis</strong></span> <span class='ocrx_word' id='word_1_471' title='bbox 1533 3476 1708 3542; x_wconf 83' lang='lat' dir='ltr'><strong>itaque</strong></span> <span class='ocrx_word' id='word_1_472' title='bbox 1737 3476 1921 3546; x_wconf 85' lang='lat' dir='ltr'><strong>gestis,</strong></span> 
     </span>
    </p>
   </div>
   <div class='ocr_carea' id='block_1_66' title="bbox 340 3565 1924 3637">
    <p class='ocr_par' dir='ltr' id='par_1_66' title="bbox 340 3565 1924 3637">
     <span class='ocr_line' id='line_1_66' title="bbox 340 3565 1924 3637; baseline 0.001 -17"><span class='ocrx_word' id='word_1_473' title='bbox 340 3575 395 3620; x_wconf 87' lang='lat' dir='ltr'><strong>et</strong></span> <span class='ocrx_word' id='word_1_474' title='bbox 424 3565 632 3620; x_wconf 91' lang='lat' dir='ltr'><strong>duobus</strong></span> <span class='ocrx_word' id='word_1_475' title='bbox 665 3567 821 3619; x_wconf 86' lang='lat' dir='ltr'><strong>annis</strong></span> <span class='ocrx_word' id='word_1_476' title='bbox 850 3581 971 3619; x_wconf 89' lang='lat' dir='ltr'><strong>cum</strong></span> <span class='ocrx_word' id='word_1_477' title='bbox 1003 3574 1143 3620; x_wconf 87' lang='lat' dir='ltr'><strong>terra</strong></span> <span class='ocrx_word' id='word_1_478' title='bbox 1174 3575 1443 3620; x_wconf 83' lang='lat' dir='ltr'><strong>cessasset</strong></span> <span class='ocrx_word' id='word_1_479' title='bbox 1472 3582 1501 3620; x_wconf 90' lang='lat' dir='ltr'><strong>a</strong></span> <span class='ocrx_word' id='word_1_480' title='bbox 1533 3568 1751 3634; x_wconf 40' lang='lat' dir='ltr'><strong>prteliis,</strong></span> <span class='ocrx_word' id='word_1_481' title='bbox 1787 3584 1924 3637; x_wconf 76' lang='lat' dir='ltr'><strong>prae-</strong></span> 
     </span>
    </p>
   </div>
   <div class='ocr_carea' id='block_1_67' title="bbox 337 3656 1926 3728">
    <p class='ocr_par' dir='ltr' id='par_1_67' title="bbox 337 3656 1926 3728">
     <span class='ocr_line' id='line_1_67' title="bbox 337 3656 1926 3728; baseline 0.002 -19"><span class='ocrx_word' id='word_1_482' title='bbox 337 3656 513 3711; x_wconf 84' lang='lat' dir='ltr'><strong>dictus</strong></span> <span class='ocrx_word' id='word_1_483' title='bbox 539 3673 627 3712; x_wconf 74' lang='lat' dir='ltr'><strong>res</strong></span> <span class='ocrx_word' id='word_1_484' title='bbox 661 3657 916 3724; x_wconf 86' lang='lat' dir='ltr'><strong>Pippinus</strong></span> <span class='ocrx_word' id='word_1_485' title='bbox 940 3658 1260 3725; x_wconf 83' lang='lat' dir='ltr'><strong>legationem</strong></span> <span class='ocrx_word' id='word_1_486' title='bbox 1283 3657 1347 3711; x_wconf 91' lang='lat' dir='ltr'><strong>ad</strong></span> <span class='ocrx_word' id='word_1_487' title='bbox 1372 3656 1682 3711; x_wconf 86' lang='lat' dir='ltr'><strong>Waifarium</strong></span> <span class='ocrx_word' id='word_1_488' title='bbox 1709 3656 1734 3695; x_wconf 75' lang='grc' dir='ltr'>ἀ</span> <span class='ocrx_word' id='word_1_489' title='bbox 1765 3658 1926 3728; x_wconf 82' lang='lat' dir='ltr'><strong>Aqui-</strong></span> 
     </span>
    </p>
   </div>
   <div class='ocr_carea' id='block_1_68' title="bbox 341 3748 1925 3818">
    <p class='ocr_par' dir='ltr' id='par_1_68' title="bbox 341 3748 1925 3818">
     <span class='ocr_line' id='line_1_68' title="bbox 341 3748 1925 3818; baseline 0.002 -18"><span class='ocrx_word' id='word_1_490' title='bbox 341 3749 573 3802; x_wconf 83' lang='lat' dir='ltr'><strong>tanieum</strong></span> <span class='ocrx_word' id='word_1_491' title='bbox 630 3748 921 3816; x_wconf 75' lang='lat' dir='ltr'><strong>principem</strong></span> <span class='ocrx_word' id='word_1_492' title='bbox 971 3748 1207 3815; x_wconf 86' lang='lat' dir='ltr'><strong>mittens,</strong></span> <span class='ocrx_word' id='word_1_493' title='bbox 1252 3758 1439 3818; x_wconf 87' lang='lat' dir='ltr'><strong>petens</strong></span> <span class='ocrx_word' id='word_1_494' title='bbox 1492 3749 1540 3804; x_wconf 87' lang='lat' dir='ltr'><strong>ei</strong></span> <span class='ocrx_word' id='word_1_495' title='bbox 1586 3764 1680 3818; x_wconf 90' lang='lat' dir='ltr'><strong>per</strong></span> <span class='ocrx_word' id='word_1_496' title='bbox 1724 3748 1925 3818; x_wconf 89' lang='lat' dir='ltr'><strong>legatos</strong></span> 
     </span>
    </p>
   </div>
   <div class='ocr_carea' id='block_1_69' title="bbox 338 3840 1923 3911">
    <p class='ocr_par' dir='ltr' id='par_1_69' title="bbox 338 3840 1923 3911">
     <span class='ocr_line' id='line_1_69' title="bbox 338 3840 1923 3911; baseline 0.001 -18"><span class='ocrx_word' id='word_1_497' title='bbox 338 3854 489 3903; x_wconf 86' lang='lat' dir='ltr'><strong>suos,</strong></span> <span class='ocrx_word' id='word_1_498' title='bbox 544 3850 601 3894; x_wconf 77' lang='lat' dir='ltr'><strong>ut</strong></span> <span class='ocrx_word' id='word_1_499' title='bbox 642 3856 728 3895; x_wconf 89' lang='lat' dir='ltr'><strong>res</strong></span> <span class='ocrx_word' id='word_1_500' title='bbox 767 3840 1116 3895; x_wconf 88' lang='lat' dir='ltr'><strong>ecclesiarum</strong></span> <span class='ocrx_word' id='word_1_501' title='bbox 1157 3842 1225 3895; x_wconf 91' lang='lat' dir='ltr'><strong>de</strong></span> <span class='ocrx_word' id='word_1_502' title='bbox 1266 3856 1432 3911; x_wconf 87' lang='lat' dir='ltr'><strong>regno</strong></span> <span class='ocrx_word' id='word_1_503' title='bbox 1463 3840 1653 3909; x_wconf 84' lang='lat' dir='ltr'><strong>ipsius,</strong></span> <span class='ocrx_word' id='word_1_504' title='bbox 1709 3857 1824 3909; x_wconf 73' lang='lat' dir='ltr'><strong>quce</strong></span> <span class='ocrx_word' id='word_1_505' title='bbox 1872 3840 1923 3895; x_wconf 89' lang='lat' dir='ltr'><strong>itt</strong></span> 
     </span>
    </p>
   </div>
   <div class='ocr_carea' id='block_1_70' title="bbox 340 3931 1925 3999">
    <p class='ocr_par' dir='ltr' id='par_1_70' title="bbox 340 3931 1925 3999">
     <span class='ocr_line' id='line_1_70' title="bbox 340 3931 1925 3999; baseline 0.001 -14"><span class='ocrx_word' id='word_1_506' title='bbox 340 3931 622 3999; x_wconf 78' lang='lat' dir='ltr'><strong>Aquitania</strong></span> <span class='ocrx_word' id='word_1_507' title='bbox 655 3934 770 3985; x_wconf 70' lang='lat' dir='ltr'><strong>sitae</strong></span> <span class='ocrx_word' id='word_1_508' title='bbox 812 3939 987 3993; x_wconf 87' lang='lat' dir='ltr'><strong>erant,</strong></span> <span class='ocrx_word' id='word_1_509' title='bbox 1021 3931 1293 3996; x_wconf 82' lang='lat' dir='ltr'><strong>redderet,</strong></span> <span class='ocrx_word' id='word_1_510' title='bbox 1333 3940 1389 3986; x_wconf 89' lang='lat' dir='ltr'><strong>et</strong></span> <span class='ocrx_word' id='word_1_511' title='bbox 1427 3931 1525 3985; x_wconf 91' lang='lat' dir='ltr'><strong>sub</strong></span> <span class='ocrx_word' id='word_1_512' title='bbox 1570 3932 1925 3986; x_wconf 87' lang='lat' dir='ltr'><strong>itnmunitatis</strong></span> 
     </span>
    </p>
   </div>
   <div class='ocr_carea' id='block_1_71' title="bbox 341 4024 1925 4093">
    <p class='ocr_par' dir='ltr' id='par_1_71' title="bbox 341 4024 1925 4093">
     <span class='ocr_line' id='line_1_71' title="bbox 341 4024 1925 4093; baseline -0.003 -14"><span class='ocrx_word' id='word_1_513' title='bbox 341 4026 580 4091; x_wconf 80' lang='lat' dir='ltr'><strong>nomine,</strong></span> <span class='ocrx_word' id='word_1_514' title='bbox 605 4026 743 4079; x_wconf 85' lang='lat' dir='ltr'><strong>sicut</strong></span> <span class='ocrx_word' id='word_1_515' title='bbox 763 4026 829 4077; x_wconf 86' lang='lat' dir='ltr'><strong>ab</strong></span> <span class='ocrx_word' id='word_1_516' title='bbox 857 4035 1009 4079; x_wconf 88' lang='lat' dir='ltr'><strong>antea</strong></span> <span class='ocrx_word' id='word_1_517' title='bbox 1047 4024 1278 4093; x_wconf 84' lang='lat' dir='ltr'><strong>fuerant,</strong></span> <span class='ocrx_word' id='word_1_518' title='bbox 1307 4036 1653 4082; x_wconf 75' lang='lat' dir='ltr'><strong>conservatas</strong></span> <span class='ocrx_word' id='word_1_519' title='bbox 1684 4039 1807 4078; x_wconf 80' lang='lat' dir='ltr'><strong>esse</strong></span> <span class='ocrx_word' id='word_1_520' title='bbox 1829 4024 1925 4083; x_wconf 81' lang='lat' dir='ltr'><strong>de-</strong></span> 
     </span>
    </p>
   </div>
   <div class='ocr_carea' id='block_1_72' title="bbox 342 4115 1925 4186">
    <p class='ocr_par' dir='ltr' id='par_1_72' title="bbox 342 4115 1925 4186">
     <span class='ocr_line' id='line_1_72' title="bbox 342 4115 1925 4186; baseline -0.001 -14"><span class='ocrx_word' id='word_1_521' title='bbox 342 4118 549 4184; x_wconf 86' lang='lat' dir='ltr'><strong>berent,</strong></span> <span class='ocrx_word' id='word_1_522' title='bbox 601 4128 655 4172; x_wconf 91' lang='lat' dir='ltr'><strong>et</strong></span> <span class='ocrx_word' id='word_1_523' title='bbox 698 4116 908 4186; x_wconf 61' lang='grc' dir='ltr'>ᾗιιιιίρι-ει</span> <span class='ocrx_word' id='word_1_524' title='bbox 946 4133 1009 4171; x_wconf 90' lang='lat' dir='ltr'><strong>ac</strong></span> <span class='ocrx_word' id='word_1_525' title='bbox 1052 4128 1335 4171; x_wconf 81' lang='lat' dir='ltr'><strong>exactores</strong></span> <span class='ocrx_word' id='word_1_526' title='bbox 1374 4116 1424 4169; x_wconf 89' lang='lat' dir='ltr'><strong>in</strong></span> <span class='ocrx_word' id='word_1_527' title='bbox 1469 4115 1800 4184; x_wconf 84' lang='lat' dir='ltr'><strong>supradictas</strong></span> <span class='ocrx_word' id='word_1_528' title='bbox 1839 4130 1925 4170; x_wconf 83' lang='lat' dir='ltr'><strong>res</strong></span> 
     </span>
    </p>
   </div>
   <div class='ocr_carea' id='block_1_73' title="bbox 340 4209 1926 4281">
    <p class='ocr_par' dir='ltr' id='par_1_73' title="bbox 340 4209 1926 4281">
     <span class='ocr_line' id='line_1_73' title="bbox 340 4209 1926 4281; baseline -0.003 -14"><span class='ocrx_word' id='word_1_529' title='bbox 340 4212 708 4275; x_wconf 82' lang='lat' dir='ltr'><strong>ecclesiarum,</strong></span> <span class='ocrx_word' id='word_1_530' title='bbox 741 4212 879 4281; x_wconf 87' lang='lat' dir='ltr'><strong>quod</strong></span> <span class='ocrx_word' id='word_1_531' title='bbox 922 4227 949 4264; x_wconf 91' lang='lat' dir='ltr'><strong>a</strong></span> <span class='ocrx_word' id='word_1_532' title='bbox 984 4211 1145 4280; x_wconf 89' lang='lat' dir='ltr'><strong>longo</strong></span> <span class='ocrx_word' id='word_1_533' title='bbox 1178 4221 1418 4277; x_wconf 87' lang='lat' dir='ltr'><strong>tempore</strong></span> <span class='ocrx_word' id='word_1_534' title='bbox 1451 4210 1644 4262; x_wconf 84' lang='lat' dir='ltr'><strong>factum</strong></span> <span class='ocrx_word' id='word_1_535' title='bbox 1678 4224 1782 4261; x_wconf 93' lang='lat' dir='ltr'><strong>non</strong></span> <span class='ocrx_word' id='word_1_536' title='bbox 1818 4209 1926 4262; x_wconf 85' lang='lat' dir='ltr'><strong>fue-</strong></span> 
     </span>
    </p>
   </div>
   <div class='ocr_carea' id='block_1_74' title="bbox 340 4301 1924 4379">
    <p class='ocr_par' dir='ltr' id='par_1_74' title="bbox 340 4301 1924 4379">
     <span class='ocr_line' id='line_1_74' title="bbox 340 4301 1924 4379; baseline -0.003 -22"><span class='ocrx_word' id='word_1_537' title='bbox 340 4313 444 4370; x_wconf 87' lang='lat' dir='ltr'><strong>rat,</strong></span> <span class='ocrx_word' id='word_1_538' title='bbox 474 4306 685 4357; x_wconf 89' lang='lat' dir='ltr'><strong>mittere</strong></span> <span class='ocrx_word' id='word_1_539' title='bbox 716 4320 820 4357; x_wconf 90' lang='lat' dir='ltr'><strong>non</strong></span> <span class='ocrx_word' id='word_1_540' title='bbox 864 4304 1107 4367; x_wconf 88' lang='lat' dir='ltr'><strong>deberet,</strong></span> <span class='ocrx_word' id='word_1_541' title='bbox 1143 4311 1197 4357; x_wconf 87' lang='lat' dir='ltr'><strong>et</strong></span> <span class='ocrx_word' id='word_1_542' title='bbox 1236 4301 1464 4358; x_wconf 84' lang='lat' dir='ltr'><strong>Cottltos</strong></span> <span class='ocrx_word' id='word_1_543' title='bbox 1498 4303 1750 4379; x_wconf 74' lang='lat' dir='ltr'><strong>pnedietu</strong></span> <span class='ocrx_word' id='word_1_544' title='bbox 1790 4303 1924 4373; x_wconf 86' lang='lat' dir='ltr'><strong>regi,</strong></span> 
     </span>
    </p>
   </div>
   <div class='ocr_carea' id='block_1_75' title="bbox 418 4414 1927 4487">
    <p class='ocr_par' dir='ltr' id='par_1_75' title="bbox 418 4414 1927 4487">
     <span class='ocr_line' id='line_1_75' title="bbox 418 4414 1927 4487; baseline 0.001 -18"><span class='ocrx_word' id='word_1_545' title='bbox 418 4424 442 4452; x_wconf 75' lang='grc'>⁸</span> <span class='ocrx_word' id='word_1_546' title='bbox 486 4415 619 4470; x_wconf 78' lang='lat' dir='ltr'><strong>lloh.</strong></span> <span class='ocrx_word' id='word_1_547' title='bbox 650 4426 702 4472; x_wconf 87' lang='lat' dir='ltr'><strong>el</strong></span> <span class='ocrx_word' id='word_1_548' title='bbox 730 4414 884 4487; x_wconf 79' lang='lat' dir='ltr'><strong>Can.,</strong></span> <span class='ocrx_word' id='word_1_549' title='bbox 914 4434 1022 4471; x_wconf 79' lang='lat' dir='ltr'><strong>esse</strong></span> <span class='ocrx_word' id='word_1_550' title='bbox 1053 4433 1153 4483; x_wconf 76' lang='lat' dir='ltr'><strong>non</strong></span> <span class='ocrx_word' id='word_1_551' title='bbox 1188 4418 1430 4470; x_wconf 80' lang='lat' dir='ltr'><strong>debeat...</strong></span> <span class='ocrx_word' id='word_1_552' title='bbox 1463 4416 1531 4469; x_wconf 83' lang='lat' dir='ltr'><strong>ad</strong></span> <span class='ocrx_word' id='word_1_553' title='bbox 1560 4431 1794 4486; x_wconf 81' lang='lat' dir='ltr'><strong>regem...</strong></span> <span class='ocrx_word' id='word_1_554' title='bbox 1824 4418 1927 4471; x_wconf 79' lang='lat' dir='ltr'><strong>dis-</strong></span> 
     </span>
    </p>
   </div>
   <div class='ocr_carea' id='block_1_76' title="bbox 340 4487 1623 4541">
    <p class='ocr_par' dir='ltr' id='par_1_76' title="bbox 340 4487 1623 4541">
     <span class='ocr_line' id='line_1_76' title="bbox 340 4487 1623 4541; baseline 0 0"><span class='ocrx_word' id='word_1_555' title='bbox 340 4487 443 4541; x_wconf 85' lang='lat' dir='ltr'><strong>soltt</strong></span> <span class='ocrx_word' id='word_1_556' title='bbox 453 4502 552 4540; x_wconf 83' lang='lat' dir='ltr'><strong>ere.</strong></span> <span class='ocrx_word' id='word_1_557' title='bbox 1620 4494 1623 4499; x_wconf 82' lang='grc'><em>’</em></span> 
     </span>
    </p>
   </div>
   <div class='ocr_carea' id='block_1_77' title="bbox 415 4556 1916 4628">
    <p class='ocr_par' dir='ltr' id='par_1_77' title="bbox 415 4556 1916 4628">
     <span class='ocr_line' id='line_1_77' title="bbox 415 4556 1916 4628; baseline 0.002 -18"><span class='ocrx_word' id='word_1_558' title='bbox 415 4556 441 4595; x_wconf 73' lang='grc' dir='ltr'>δ</span> <span class='ocrx_word' id='word_1_559' title='bbox 487 4558 533 4610; x_wconf 85' lang='lat' dir='ltr'><strong>Is</strong></span> <span class='ocrx_word' id='word_1_560' title='bbox 582 4567 701 4612; x_wconf 69' lang='lat' dir='ltr'><strong>erat</strong></span> <span class='ocrx_word' id='word_1_561' title='bbox 738 4558 1122 4612; x_wconf 77' lang='lat' dir='ltr'><strong>Constantinus</strong></span> <span class='ocrx_word' id='word_1_562' title='bbox 1184 4559 1587 4628; x_wconf 70' lang='lat' dir='ltr'><strong>(Inpronytntts,</strong></span> <span class='ocrx_word' id='word_1_563' title='bbox 1641 4572 1916 4613; x_wconf 84' lang='lat' dir='ltr'><strong>sacrarum</strong></span> 
     </span>
    </p>
   </div>
   <div class='ocr_carea' id='block_1_78' title="bbox 344 4627 929 4697">
    <p class='ocr_par' dir='ltr' id='par_1_78' title="bbox 344 4627 929 4697">
     <span class='ocr_line' id='line_1_78' title="bbox 344 4627 929 4697; baseline -0.002 -15"><span class='ocrx_word' id='word_1_564' title='bbox 344 4627 631 4697; x_wconf 84' lang='lat' dir='ltr'><strong>imaginum</strong></span> <span class='ocrx_word' id='word_1_565' title='bbox 664 4630 929 4683; x_wconf 79' lang='lat' dir='ltr'><strong>ell&#39;ractor.</strong></span> 
     </span>
    </p>
   </div>
   <div class='ocr_carea' id='block_1_79' title="bbox 420 4698 1922 4768">
    <p class='ocr_par' dir='ltr' id='par_1_79' title="bbox 420 4698 1922 4768">
     <span class='ocr_line' id='line_1_79' title="bbox 420 4698 1922 4768; baseline 0.001 -17"><span class='ocrx_word' id='word_1_566' title='bbox 420 4709 442 4736; x_wconf 76' lang='grc' dir='ltr'><strong><em>ο</em></strong></span> <span class='ocrx_word' id='word_1_567' title='bbox 487 4700 627 4753; x_wconf 85' lang='lat' dir='ltr'><strong>Inter</strong></span> <span class='ocrx_word' id='word_1_568' title='bbox 655 4700 753 4752; x_wconf 89' lang='lat' dir='ltr'><strong>alia</strong></span> <span class='ocrx_word' id='word_1_569' title='bbox 804 4717 1046 4766; x_wconf 87' lang='lat' dir='ltr'><strong>munera,</strong></span> <span class='ocrx_word' id='word_1_570' title='bbox 1097 4716 1216 4768; x_wconf 72' lang='lat' dir='ltr'><strong>qua:</strong></span> <span class='ocrx_word' id='word_1_571' title='bbox 1248 4699 1506 4768; x_wconf 80' lang='lat' dir='ltr'><strong>Pippinus</strong></span> <span class='ocrx_word' id='word_1_572' title='bbox 1541 4698 1770 4767; x_wconf 80' lang='lat' dir='ltr'><strong>accepit.</strong></span> <span class='ocrx_word' id='word_1_573' title='bbox 1806 4710 1922 4754; x_wconf 88' lang='lat' dir='ltr'><strong>erat</strong></span> 
     </span>
    </p>
   </div>
   <div class='ocr_carea' id='block_1_80' title="bbox 344 4770 1924 4839">
    <p class='ocr_par' dir='ltr' id='par_1_80' title="bbox 344 4770 1924 4839">
     <span class='ocr_line' id='line_1_80' title="bbox 344 4770 1924 4839; baseline 0.004 -18"><span class='ocrx_word' id='word_1_574' title='bbox 344 4784 625 4833; x_wconf 74' lang='lat' dir='ltr'><strong>organum,</strong></span> <span class='ocrx_word' id='word_1_575' title='bbox 655 4770 793 4839; x_wconf 92' lang='lat' dir='ltr'><strong>quod</strong></span> <span class='ocrx_word' id='word_1_576' title='bbox 826 4778 949 4824; x_wconf 81' lang='lat' dir='ltr'><strong>tunc</strong></span> <span class='ocrx_word' id='word_1_577' title='bbox 989 4774 1218 4838; x_wconf 84' lang='lat' dir='ltr'><strong>primunt</strong></span> <span class='ocrx_word' id='word_1_578' title='bbox 1258 4774 1307 4824; x_wconf 92' lang='lat' dir='ltr'><strong>in</strong></span> <span class='ocrx_word' id='word_1_579' title='bbox 1341 4772 1525 4825; x_wconf 82' lang='lat' dir='ltr'><strong>Calliis</strong></span> <span class='ocrx_word' id='word_1_580' title='bbox 1554 4771 1729 4835; x_wconf 76' lang='lat' dir='ltr'><strong>visunt</strong></span> <span class='ocrx_word' id='word_1_581' title='bbox 1760 4771 1924 4827; x_wconf 68' lang='lat' dir='ltr'><strong>fuisse</strong></span> 
     </span>
    </p>
   </div>
   <div class='ocr_carea' id='block_1_81' title="bbox 345 4842 1714 4908">
    <p class='ocr_par' dir='ltr' id='par_1_81' title="bbox 345 4842 1714 4908">
     <span class='ocr_line' id='line_1_81' title="bbox 345 4842 1714 4908; baseline 0 -14"><span class='ocrx_word' id='word_1_582' title='bbox 345 4849 564 4894; x_wconf 84' lang='lat' dir='ltr'><strong>narrant</strong></span> <span class='ocrx_word' id='word_1_583' title='bbox 596 4851 804 4893; x_wconf 76' lang='lat' dir='ltr'><strong>veteres</strong></span> <span class='ocrx_word' id='word_1_584' title='bbox 833 4842 1051 4893; x_wconf 77' lang='lat' dir='ltr'><strong>ismrum</strong></span> <span class='ocrx_word' id='word_1_585' title='bbox 1087 4850 1230 4908; x_wconf 85' lang='lat' dir='ltr'><strong>temp</strong></span> <span class='ocrx_word' id='word_1_586' title='bbox 1253 4858 1385 4894; x_wconf 71' lang='lat' dir='ltr'><strong>vrum</strong></span> <span class='ocrx_word' id='word_1_587' title='bbox 1418 4845 1714 4895; x_wconf 80' lang='lat' dir='ltr'><strong>annalistae.</strong></span> 
     </span>
    </p>
   </div>
   <div class='ocr_carea' id='block_1_82' title="bbox 416 4909 1925 4982">
    <p class='ocr_par' dir='ltr' id='par_1_82' title="bbox 416 4909 1925 4982">
     <span class='ocr_line' id='line_1_82' title="bbox 416 4909 1925 4982; baseline 0 -19"><span class='ocrx_word' id='word_1_588' title='bbox 416 4909 441 4946; x_wconf 69' lang='grc' dir='ltr'>ά</span> <span class='ocrx_word' id='word_1_589' title='bbox 483 4910 616 4963; x_wconf 82' lang='lat' dir='ltr'><strong>Cati.</strong></span> <span class='ocrx_word' id='word_1_590' title='bbox 647 4921 703 4978; x_wconf 74' lang='lat' dir='ltr'><strong>et</strong></span> <span class='ocrx_word' id='word_1_591' title='bbox 752 4911 909 4979; x_wconf 67' lang='lat' dir='ltr'><strong>Frelt.</strong></span> <span class='ocrx_word' id='word_1_592' title='bbox 974 4928 1185 4979; x_wconf 78' lang='lat' dir='ltr'><strong>semper</strong></span> <span class='ocrx_word' id='word_1_593' title='bbox 1240 4912 1575 4982; x_wconf 74' lang='lat' dir='ltr'><strong>li’at’ofarius.</strong></span> <span class='ocrx_word' id='word_1_594' title='bbox 1625 4911 1925 4975; x_wconf 80' lang='lat' dir='ltr'><strong>Aimoinus,</strong></span> 
     </span>
    </p>
   </div>
   <div class='ocr_carea' id='block_1_83' title="bbox 342 4979 658 5051">
    <p class='ocr_par' dir='ltr' id='par_1_83' title="bbox 342 4979 658 5051">
     <span class='ocr_line' id='line_1_83' title="bbox 342 4979 658 5051; baseline 0.003 -17"><span class='ocrx_word' id='word_1_595' title='bbox 342 4979 658 5051; x_wconf 77' lang='lat' dir='ltr'><strong>Guaifarius.</strong></span> 
     </span>
    </p>
   </div>
   <div class='ocr_carea' id='block_1_84' title="bbox 418 5051 1419 5119">
    <p class='ocr_par' dir='ltr' id='par_1_84' title="bbox 418 5051 1419 5119">
     <span class='ocr_line' id='line_1_84' title="bbox 418 5051 1419 5119; baseline -0.001 -13"><span class='ocrx_word' id='word_1_596' title='bbox 418 5062 441 5087; x_wconf 72' lang='grc' dir='ltr'><strong>θ</strong></span> <span class='ocrx_word' id='word_1_597' title='bbox 482 5052 570 5106; x_wconf 84' lang='lat' dir='ltr'><strong>Sic</strong></span> <span class='ocrx_word' id='word_1_598' title='bbox 599 5053 761 5107; x_wconf 68' lang='lat' dir='ltr'><strong>(lites.</strong></span> <span class='ocrx_word' id='word_1_599' title='bbox 787 5052 909 5115; x_wconf 89' lang='lat' dir='ltr'><strong>Alii,</strong></span> <span class='ocrx_word' id='word_1_600' title='bbox 943 5060 1146 5104; x_wconf 72' lang='lat' dir='ltr'><strong>coactus</strong></span> <span class='ocrx_word' id='word_1_601' title='bbox 1174 5051 1419 5119; x_wconf 78' lang='lat' dir='ltr'><strong>undique.</strong></span> 
     </span>
    </p>
   </div>
   <div class='ocr_carea' id='block_1_85' title="bbox 419 5120 1922 5183">
    <p class='ocr_par' dir='ltr' id='par_1_85' title="bbox 419 5120 1922 5183">
     <span class='ocr_line' id='line_1_85' title="bbox 419 5120 1922 5183; baseline -0.003 -7"><span class='ocrx_word' id='word_1_602' title='bbox 419 5120 438 5159; x_wconf 69' lang='grc' dir='ltr'><em>τ</em></span> <span class='ocrx_word' id='word_1_603' title='bbox 484 5122 632 5176; x_wconf 81' lang='lat' dir='ltr'><strong>Hunc</strong></span> <span class='ocrx_word' id='word_1_604' title='bbox 686 5123 857 5183; x_wconf 76' lang='lat' dir='ltr'><strong>lui-unt</strong></span> <span class='ocrx_word' id='word_1_605' title='bbox 890 5136 1010 5175; x_wconf 83' lang='lat' dir='ltr'><strong>esse</strong></span> <span class='ocrx_word' id='word_1_606' title='bbox 1046 5122 1328 5173; x_wconf 79' lang='lat' dir='ltr'><strong>.llassavam</strong></span> <span class='ocrx_word' id='word_1_607' title='bbox 1361 5125 1409 5174; x_wconf 88' lang='lat' dir='ltr'><strong>itt</strong></span> <span class='ocrx_word' id='word_1_608' title='bbox 1456 5121 1646 5174; x_wconf 82' lang='lat' dir='ltr'><strong>tabulis</strong></span> <span class='ocrx_word' id='word_1_609' title='bbox 1702 5121 1922 5179; x_wconf 79' lang='lat' dir='ltr'><strong>Petilin-</strong></span> 
     </span>
    </p>
   </div>
   <div class='ocr_carea' id='block_1_86' title="bbox 340 5191 1923 5259">
    <p class='ocr_par' dir='ltr' id='par_1_86' title="bbox 340 5191 1923 5259">
     <span class='ocr_line' id='line_1_86' title="bbox 340 5191 1923 5259; baseline -0.003 -13"><span class='ocrx_word' id='word_1_610' title='bbox 340 5194 573 5259; x_wconf 72' lang='lat' dir='ltr'><strong>gerianis</strong></span> <span class='ocrx_word' id='word_1_611' title='bbox 620 5202 963 5247; x_wconf 81' lang='lat' dir='ltr'><strong>memoratam</strong></span> <span class='ocrx_word' id='word_1_612' title='bbox 1008 5200 1156 5258; x_wconf 88' lang='lat' dir='ltr'><strong>putat</strong></span> <span class='ocrx_word' id='word_1_613' title='bbox 1208 5192 1464 5246; x_wconf 73' lang='lat' dir='ltr'><strong>Valesius.</strong></span> <span class='ocrx_word' id='word_1_614' title='bbox 1520 5191 1687 5259; x_wconf 71' lang='lat' dir='ltr'><strong>Hodie</strong></span> <span class='ocrx_word' id='word_1_615' title='bbox 1732 5192 1923 5243; x_wconf 79' lang='lat' dir='ltr'><strong>dicitur</strong></span> 
     </span>
    </p>
   </div>
   <div class='ocr_carea' id='block_1_87' title="bbox 345 5261 1839 5330">
    <p class='ocr_par' dir='ltr' id='par_1_87' title="bbox 345 5261 1839 5330">
     <span class='ocr_line' id='line_1_87' title="bbox 345 5261 1839 5330; baseline -0.001 -16"><span class='ocrx_word' id='word_1_616' title='bbox 345 5262 533 5327; x_wconf 63' lang='lat' dir='ltr'><strong>Mente.</strong></span> <span class='ocrx_word' id='word_1_617' title='bbox 566 5263 699 5330; x_wconf 77' lang='lat' dir='ltr'><strong>Infra</strong></span> <span class='ocrx_word' id='word_1_618' title='bbox 731 5264 891 5317; x_wconf 82' lang='lat' dir='ltr'><strong>Ches.</strong></span> <span class='ocrx_word' id='word_1_619' title='bbox 930 5262 1087 5315; x_wconf 81' lang='lat' dir='ltr'><strong>habet</strong></span> <span class='ocrx_word' id='word_1_620' title='bbox 1112 5264 1364 5315; x_wconf 82' lang='lat' dir='ltr'><strong>mendose</strong></span> <span class='ocrx_word' id='word_1_621' title='bbox 1392 5261 1839 5314; x_wconf 72' lang='lat' dir='ltr'><strong>.~Irii.&#39;isiodoreusi.</strong></span> 
     </span>
    </p>
   </div>
   <div class='ocr_carea' id='block_1_88' title="bbox 418 5330 1921 5405">
    <p class='ocr_par' dir='ltr' id='par_1_88' title="bbox 418 5330 1921 5405">
     <span class='ocr_line' id='line_1_88' title="bbox 418 5330 1921 5405; baseline 0.003 -24"><span class='ocrx_word' id='word_1_622' title='bbox 418 5345 442 5381; x_wconf 82' lang='lat' dir='ltr'><strong>ts</strong></span> <span class='ocrx_word' id='word_1_623' title='bbox 487 5334 644 5405; x_wconf 59' lang='grc' dir='ltr'>Ριξξι.</span> <span class='ocrx_word' id='word_1_624' title='bbox 710 5333 1066 5405; x_wconf 66' lang='grc' dir='ltr'><strong>Ιέἱςιιενηειιεὶ,</strong></span> <span class='ocrx_word' id='word_1_625' title='bbox 1114 5330 1247 5386; x_wconf 80' lang='lat' dir='ltr'><strong>Cati.</strong></span> <span class='ocrx_word' id='word_1_626' title='bbox 1288 5332 1601 5405; x_wconf 67' lang='lat' dir='ltr'><strong>liiguernisi,</strong></span> <span class='ocrx_word' id='word_1_627' title='bbox 1633 5333 1921 5405; x_wconf 66' lang='lat' dir='ltr'><strong>Clies._cx-</strong></span> 
     </span>
    </p>
   </div>
   <div class='ocr_carea' id='block_1_89' title="bbox 347 5402 1923 5473">
    <p class='ocr_par' dir='ltr' id='par_1_89' title="bbox 347 5402 1923 5473">
     <span class='ocr_line' id='line_1_89' title="bbox 347 5402 1923 5473; baseline -0.003 -16"><span class='ocrx_word' id='word_1_628' title='bbox 347 5405 499 5473; x_wconf 82' lang='lat' dir='ltr'><strong>ponit</strong></span> <span class='ocrx_word' id='word_1_629' title='bbox 529 5402 880 5473; x_wconf 64' lang='lat' dir='ltr'><strong>Ripnnrieitsi.</strong></span> <span class='ocrx_word' id='word_1_630' title='bbox 924 5407 1058 5457; x_wconf 73' lang='lat' dir='ltr'><strong>Sum</strong></span> <span class='ocrx_word' id='word_1_631' title='bbox 1106 5414 1281 5456; x_wconf 87' lang='lat' dir='ltr'><strong>autem</strong></span> <span class='ocrx_word' id='word_1_632' title='bbox 1315 5402 1548 5469; x_wconf 69' lang='lat' dir='ltr'><strong>liipuarii</strong></span> <span class='ocrx_word' id='word_1_633' title='bbox 1583 5403 1759 5468; x_wconf 84' lang='lat' dir='ltr'><strong>populi</strong></span> <span class='ocrx_word' id='word_1_634' title='bbox 1782 5402 1923 5473; x_wconf 14' lang='lat' dir='ltr'><strong>,Gcr-</strong></span> 
     </span>
    </p>
   </div>
   <div class='ocr_carea' id='block_1_90' title="bbox 341 5472 1921 5542">
    <p class='ocr_par' dir='ltr' id='par_1_90' title="bbox 341 5472 1921 5542">
     <span class='ocr_line' id='line_1_90' title="bbox 341 5472 1921 5542; baseline -0.001 -14"><span class='ocrx_word' id='word_1_635' title='bbox 341 5472 540 5528; x_wconf 75' lang='lat' dir='ltr'><strong>inania:</strong></span> <span class='ocrx_word' id='word_1_636' title='bbox 588 5474 807 5529; x_wconf 85' lang='lat' dir='ltr'><strong>inferior</strong></span> <span class='ocrx_word' id='word_1_637' title='bbox 832 5488 879 5542; x_wconf 88' lang='lat' dir='ltr'><strong>s,</strong></span> <span class='ocrx_word' id='word_1_638' title='bbox 934 5475 1100 5529; x_wconf 80' lang='lat' dir='ltr'><strong>tribus</strong></span> <span class='ocrx_word' id='word_1_639' title='bbox 1149 5473 1347 5536; x_wconf 79' lang='lat' dir='ltr'><strong>ﬂuviis,</strong></span> <span class='ocrx_word' id='word_1_640' title='bbox 1389 5473 1593 5539; x_wconf 71' lang='lat' dir='ltr'><strong>lilteuo,</strong></span> <span class='ocrx_word' id='word_1_641' title='bbox 1631 5472 1841 5536; x_wconf 80' lang='lat' dir='ltr'><strong>Mosella</strong></span> <span class='ocrx_word' id='word_1_642' title='bbox 1869 5482 1921 5526; x_wconf 84' lang='lat' dir='ltr'><strong>et</strong></span> 
     </span>
    </p>
   </div>
   <div class='ocr_carea' id='block_1_91' title="bbox 341 5542 1921 5610">
    <p class='ocr_par' dir='ltr' id='par_1_91' title="bbox 341 5542 1921 5610">
     <span class='ocr_line' id='line_1_91' title="bbox 341 5542 1921 5610; baseline -0.004 -11"><span class='ocrx_word' id='word_1_643' title='bbox 341 5545 487 5609; x_wconf 78' lang='lat' dir='ltr'><strong>Mosa</strong></span> <span class='ocrx_word' id='word_1_644' title='bbox 521 5544 733 5609; x_wconf 82' lang='lat' dir='ltr'><strong>inclusi.</strong></span> <span class='ocrx_word' id='word_1_645' title='bbox 784 5546 920 5600; x_wconf 87' lang='lat' dir='ltr'><strong>Dura</strong></span> <span class='ocrx_word' id='word_1_646' title='bbox 972 5562 1118 5607; x_wconf 87' lang='lat' dir='ltr'><strong>vero,</strong></span> <span class='ocrx_word' id='word_1_647' title='bbox 1171 5562 1263 5600; x_wconf 88' lang='lat' dir='ltr'><strong>seu</strong></span> <span class='ocrx_word' id='word_1_648' title='bbox 1318 5544 1497 5609; x_wconf 75' lang='lat' dir='ltr'><strong>Dnt‘ia,</strong></span> <span class='ocrx_word' id='word_1_649' title='bbox 1559 5542 1715 5599; x_wconf 86' lang='lat' dir='ltr'><strong>hodie</strong></span> <span class='ocrx_word' id='word_1_650' title='bbox 1763 5544 1921 5610; x_wconf 85' lang='lat' dir='ltr'><strong>vulgo</strong></span> 
     </span>
    </p>
   </div>
   <div class='ocr_carea' id='block_1_92' title="bbox 342 5612 1919 5682">
    <p class='ocr_par' dir='ltr' id='par_1_92' title="bbox 342 5612 1919 5682">
     <span class='ocr_line' id='line_1_92' title="bbox 342 5612 1919 5682; baseline -0.003 -12"><span class='ocrx_word' id='word_1_651' title='bbox 342 5616 572 5682; x_wconf 82' lang='lat' dir='ltr'><strong>Dueren,</strong></span> <span class='ocrx_word' id='word_1_652' title='bbox 633 5616 683 5669; x_wconf 90' lang='lat' dir='ltr'><strong>in</strong></span> <span class='ocrx_word' id='word_1_653' title='bbox 739 5615 934 5669; x_wconf 88' lang='lat' dir='ltr'><strong>ducatu</strong></span> <span class='ocrx_word' id='word_1_654' title='bbox 984 5616 1274 5681; x_wconf 79' lang='lat' dir='ltr'><strong>Juliaceusi</strong></span> <span class='ocrx_word' id='word_1_655' title='bbox 1328 5617 1391 5669; x_wconf 89' lang='lat' dir='ltr'><strong>ad</strong></span> <span class='ocrx_word' id='word_1_656' title='bbox 1452 5612 1667 5668; x_wconf 82' lang='lat' dir='ltr'><strong>fluvium</strong></span> <span class='ocrx_word' id='word_1_657' title='bbox 1725 5612 1919 5666; x_wconf 78' lang='lat' dir='ltr'><strong>Ruram</strong></span> 
     </span>
    </p>
   </div>
   <div class='ocr_carea' id='block_1_93' title="bbox 342 5683 1920 5757">
    <p class='ocr_par' dir='ltr' id='par_1_93' title="bbox 342 5683 1920 5757">
     <span class='ocr_line' id='line_1_93' title="bbox 342 5683 1920 5757; baseline -0.004 -16"><span class='ocrx_word' id='word_1_658' title='bbox 342 5686 560 5757; x_wconf 62' lang='grc' dir='ltr'><strong>(ηοω),</strong></span> <span class='ocrx_word' id='word_1_659' title='bbox 601 5686 994 5757; x_wconf 84' lang='lat' dir='ltr'><strong>Marcomagus,</strong></span> <span class='ocrx_word' id='word_1_660' title='bbox 1038 5700 1130 5757; x_wconf 85' lang='lat' dir='ltr'><strong>seu</strong></span> <span class='ocrx_word' id='word_1_661' title='bbox 1163 5688 1531 5757; x_wconf 81' lang='lat' dir='ltr'><strong>Marcutlurum</strong></span> <span class='ocrx_word' id='word_1_662' title='bbox 1564 5683 1920 5757; x_wconf 81' lang='lat' dir='ltr'><strong>Ubiorumab</strong></span> 
     </span>
    </p>
   </div>
   <div class='ocr_carea' id='block_1_94' title="bbox 346 5754 1915 5824">
    <p class='ocr_par' dir='ltr' id='par_1_94' title="bbox 346 5754 1915 5824">
     <span class='ocr_line' id='line_1_94' title="bbox 346 5754 1915 5824; baseline -0.003 -14"><span class='ocrx_word' id='word_1_663' title='bbox 346 5754 581 5824; x_wconf 80' lang='lat' dir='ltr'><strong>antiquis</strong></span> <span class='ocrx_word' id='word_1_664' title='bbox 608 5756 909 5819; x_wconf 85' lang='lat' dir='ltr'><strong>dicebatur,</strong></span> <span class='ocrx_word' id='word_1_665' title='bbox 947 5766 1001 5809; x_wconf 91' lang='lat' dir='ltr'><strong>ut</strong></span> <span class='ocrx_word' id='word_1_666' title='bbox 1033 5756 1283 5810; x_wconf 78' lang='lat' dir='ltr'><strong>observat</strong></span> <span class='ocrx_word' id='word_1_667' title='bbox 1331 5754 1573 5810; x_wconf 75' lang='lat' dir='ltr'><strong>Valesius</strong></span> <span class='ocrx_word' id='word_1_668' title='bbox 1627 5754 1677 5808; x_wconf 89' lang='lat' dir='ltr'><strong>in</strong></span> <span class='ocrx_word' id='word_1_669' title='bbox 1731 5756 1915 5807; x_wconf 81' lang='lat' dir='ltr'><strong>ttotitia</strong></span> 
     </span>
    </p>
   </div>
   <div class='ocr_carea' id='block_1_95' title="bbox 342 5825 1919 5896">
    <p class='ocr_par' dir='ltr' id='par_1_95' title="bbox 342 5825 1919 5896">
     <span class='ocr_line' id='line_1_95' title="bbox 342 5825 1919 5896; baseline -0.001 -18"><span class='ocrx_word' id='word_1_670' title='bbox 342 5827 665 5882; x_wconf 74' lang='lat' dir='ltr'><strong>Galliarum.</strong></span> <span class='ocrx_word' id='word_1_671' title='bbox 717 5826 791 5881; x_wconf 91' lang='lat' dir='ltr'><strong>lbi</strong></span> <span class='ocrx_word' id='word_1_672' title='bbox 840 5826 961 5878; x_wconf 85' lang='lat' dir='ltr'><strong>villa</strong></span> <span class='ocrx_word' id='word_1_673' title='bbox 992 5826 1223 5896; x_wconf 80' lang='lat' dir='ltr'><strong>publica,</strong></span> <span class='ocrx_word' id='word_1_674' title='bbox 1257 5843 1348 5879; x_wconf 89' lang='lat' dir='ltr'><strong>seu</strong></span> <span class='ocrx_word' id='word_1_675' title='bbox 1405 5825 1654 5893; x_wconf 87' lang='lat' dir='ltr'><strong>palatium</strong></span> <span class='ocrx_word' id='word_1_676' title='bbox 1704 5825 1919 5879; x_wconf 80' lang='lat' dir='ltr'><strong>celebre</strong></span> 
     </span>
    </p>
   </div>
   <div class='ocr_carea' id='block_1_96' title="bbox 341 5895 1916 5969">
    <p class='ocr_par' dir='ltr' id='par_1_96' title="bbox 341 5895 1916 5969">
     <span class='ocr_line' id='line_1_96' title="bbox 341 5895 1916 5969; baseline -0.003 -16"><span class='ocrx_word' id='word_1_677' title='bbox 341 5898 547 5953; x_wconf 80' lang='lat' dir='ltr'><strong>exstitit</strong></span> <span class='ocrx_word' id='word_1_678' title='bbox 568 5899 667 5955; x_wconf 84' lang='lat' dir='ltr'><strong>sub</strong></span> <span class='ocrx_word' id='word_1_679' title='bbox 695 5897 925 5954; x_wconf 83' lang='lat' dir='ltr'><strong>secunda</strong></span> <span class='ocrx_word' id='word_1_680' title='bbox 955 5912 1138 5969; x_wconf 83' lang='lat' dir='ltr'><strong>regum</strong></span> <span class='ocrx_word' id='word_1_681' title='bbox 1171 5908 1472 5954; x_wconf 84' lang='lat' dir='ltr'><strong>nostrorum</strong></span> <span class='ocrx_word' id='word_1_682' title='bbox 1498 5897 1684 5965; x_wconf 78' lang='lat' dir='ltr'><strong>stirpe,</strong></span> <span class='ocrx_word' id='word_1_683' title='bbox 1710 5895 1778 5950; x_wconf 85' lang='lat' dir='ltr'><strong>de</strong></span> <span class='ocrx_word' id='word_1_684' title='bbox 1812 5911 1916 5960; x_wconf 78' lang='lat' dir='ltr'><strong>quo</strong></span> 
     </span>
    </p>
   </div>
   <div class='ocr_carea' id='block_1_97' title="bbox 2034 3364 3612 3449">
    <p class='ocr_par' dir='ltr' id='par_1_97' title="bbox 2034 3364 3612 3449">
     <span class='ocr_line' id='line_1_97' title="bbox 2034 3364 3612 3449; baseline -0.004 -13"><span class='ocrx_word' id='word_1_685' title='bbox 2034 3381 2359 3436; x_wconf 87' lang='lat' dir='ltr'><strong>iracundiam</strong></span> <span class='ocrx_word' id='word_1_686' title='bbox 2394 3381 2615 3434; x_wconf 90' lang='lat' dir='ltr'><strong>ttimium</strong></span> <span class='ocrx_word' id='word_1_687' title='bbox 2645 3388 3012 3449; x_wconf 86' lang='lat' dir='ltr'><strong>provocasset,</strong></span> <span class='ocrx_word' id='word_1_688' title='bbox 3039 3394 3159 3433; x_wconf 89' lang='lat' dir='ltr'><strong>cum</strong></span> <span class='ocrx_word' id='word_1_689' title='bbox 3194 3380 3416 3449; x_wconf 87' lang='lat' dir='ltr'><strong>reliquls</strong></span> <span class='ocrx_word' id='word_1_690' title='bbox 3445 3364 3612 3434; x_wconf 81' lang='lat' dir='ltr'><strong>comi.-</strong></span> 
     </span>
    </p>
   </div>
   <div class='ocr_carea' id='block_1_98' title="bbox 2033 3470 3613 3541">
    <p class='ocr_par' dir='ltr' id='par_1_98' title="bbox 2033 3470 3613 3541">
     <span class='ocr_line' id='line_1_98' title="bbox 2033 3470 3613 3541; baseline -0.001 -14"><span class='ocrx_word' id='word_1_691' title='bbox 2033 3475 2176 3528; x_wconf 80' lang='lat' dir='ltr'><strong>tilius</strong></span> <span class='ocrx_word' id='word_1_692' title='bbox 2222 3474 2359 3528; x_wconf 90' lang='lat' dir='ltr'><strong>clam</strong></span> <span class='ocrx_word' id='word_1_693' title='bbox 2413 3474 2677 3529; x_wconf 87' lang='lat' dir='ltr'><strong>hostiliter</strong></span> <span class='ocrx_word' id='word_1_694' title='bbox 2726 3487 2897 3541; x_wconf 83' lang='lat' dir='ltr'><strong>usque</strong></span> <span class='ocrx_word' id='word_1_695' title='bbox 2939 3472 3275 3525; x_wconf 13' lang='lat' dir='ltr'><strong>Cavilltinunt</strong></span> <span class='ocrx_word' id='word_1_696' title='bbox 3303 3474 3349 3539; x_wconf 88' lang='lat' dir='ltr'><strong>l,</strong></span> <span class='ocrx_word' id='word_1_697' title='bbox 3397 3470 3613 3526; x_wconf 68' lang='lat' dir='ltr'><strong>o&#39;mnem</strong></span> 
     </span>
    </p>
   </div>
   <div class='ocr_carea' id='block_1_99' title="bbox 2030 3563 3613 3633">
    <p class='ocr_par' dir='ltr' id='par_1_99' title="bbox 2030 3563 3613 3633">
     <span class='ocr_line' id='line_1_99' title="bbox 2030 3563 3613 3633; baseline -0.003 -12"><span class='ocrx_word' id='word_1_698' title='bbox 2030 3568 2320 3621; x_wconf 63' lang='lat' dir='ltr'><strong>exercitum</strong></span> <span class='ocrx_word' id='word_1_699' title='bbox 2346 3580 2499 3619; x_wconf 90' lang='lat' dir='ltr'><strong>suum</strong></span> <span class='ocrx_word' id='word_1_700' title='bbox 2533 3563 2848 3629; x_wconf 83' lang='lat' dir='ltr'><strong>transmisit,</strong></span> <span class='ocrx_word' id='word_1_701' title='bbox 2880 3575 2934 3617; x_wconf 88' lang='lat' dir='ltr'><strong>et</strong></span> <span class='ocrx_word' id='word_1_702' title='bbox 2958 3573 3118 3618; x_wconf 89' lang='lat' dir='ltr'><strong>totam</strong></span> <span class='ocrx_word' id='word_1_703' title='bbox 3141 3565 3410 3633; x_wconf 86' lang='lat' dir='ltr'><strong>regionem</strong></span> <span class='ocrx_word' id='word_1_704' title='bbox 3445 3563 3613 3626; x_wconf 88' lang='lat' dir='ltr'><strong>illam,</strong></span> 
     </span>
    </p>
   </div>
   <div class='ocr_carea' id='block_1_100' title="bbox 2030 3654 3615 3726">
    <p class='ocr_par' dir='ltr' id='par_1_100' title="bbox 2030 3654 3615 3726">
     <span class='ocr_line' id='line_1_100' title="bbox 2030 3654 3615 3726; baseline -0.001 -16"><span class='ocrx_word' id='word_1_705' title='bbox 2030 3656 2081 3710; x_wconf 91' lang='lat' dir='ltr'><strong>id</strong></span> <span class='ocrx_word' id='word_1_706' title='bbox 2113 3665 2197 3710; x_wconf 89' lang='lat' dir='ltr'><strong>est</strong></span> <span class='ocrx_word' id='word_1_707' title='bbox 2227 3656 2770 3726; x_wconf 83' lang='lat' dir='ltr'><strong>Attgustidunensium</strong></span> <span class='ocrx_word' id='word_1_708' title='bbox 2815 3670 2982 3724; x_wconf 89' lang='lat' dir='ltr'><strong>usque</strong></span> <span class='ocrx_word' id='word_1_709' title='bbox 3015 3655 3079 3708; x_wconf 83' lang='lat' dir='ltr'><strong>ad</strong></span> <span class='ocrx_word' id='word_1_710' title='bbox 3115 3654 3449 3710; x_wconf 71' lang='lat' dir='ltr'><strong>Cavi‘lonttm</strong></span> <span class='ocrx_word' id='word_1_711' title='bbox 3496 3656 3615 3723; x_wconf 80' lang='lat' dir='ltr'><strong>igne</strong></span> 
     </span>
    </p>
   </div>
   <div class='ocr_carea' id='block_1_101' title="bbox 2030 3746 3613 3815">
    <p class='ocr_par' dir='ltr' id='par_1_101' title="bbox 2030 3746 3613 3815">
     <span class='ocr_line' id='line_1_101' title="bbox 2030 3746 3613 3815; baseline -0.003 -11"><span class='ocrx_word' id='word_1_712' title='bbox 2030 3750 2310 3815; x_wconf 79' lang='lat' dir='ltr'><strong>cremavit,</strong></span> <span class='ocrx_word' id='word_1_713' title='bbox 2366 3757 2420 3803; x_wconf 87' lang='lat' dir='ltr'><strong>et</strong></span> <span class='ocrx_word' id='word_1_714' title='bbox 2467 3748 2769 3801; x_wconf 86' lang='lat' dir='ltr'><strong>suburbana</strong></span> <span class='ocrx_word' id='word_1_715' title='bbox 2825 3746 3085 3800; x_wconf 82' lang='lat' dir='ltr'><strong>Cavilloui</strong></span> <span class='ocrx_word' id='word_1_716' title='bbox 3133 3746 3301 3811; x_wconf 88' lang='lat' dir='ltr'><strong>urbis,</strong></span> <span class='ocrx_word' id='word_1_717' title='bbox 3352 3746 3613 3814; x_wconf 76' lang='lat' dir='ltr'><strong>quidquid</strong></span> 
     </span>
    </p>
   </div>
   <div class='ocr_carea' id='block_1_102' title="bbox 2031 3826 3613 3909">
    <p class='ocr_par' dir='ltr' id='par_1_102' title="bbox 2031 3826 3613 3909">
     <span class='ocr_line' id='line_1_102' title="bbox 2031 3826 3613 3909; baseline -0.005 -13"><span class='ocrx_word' id='word_1_718' title='bbox 2031 3841 2228 3896; x_wconf 89' lang='lat' dir='ltr'><strong>ibidem</strong></span> <span class='ocrx_word' id='word_1_719' title='bbox 2262 3826 2627 3909; x_wconf 76' lang='lat' dir='ltr'><strong>reperierunt,</strong></span> <span class='ocrx_word' id='word_1_720' title='bbox 2647 3840 2823 3891; x_wconf 88' lang='lat' dir='ltr'><strong>omnia</strong></span> <span class='ocrx_word' id='word_1_721' title='bbox 2855 3846 3219 3893; x_wconf 83' lang='lat' dir='ltr'><strong>vastaverunt.</strong></span> <span class='ocrx_word' id='word_1_722' title='bbox 3248 3836 3558 3892; x_wconf 75' lang='lat' dir='ltr'><strong>Illelciacum</strong></span> <span class='ocrx_word' id='word_1_723' title='bbox 3586 3836 3613 3877; x_wconf 78' lang='grc' dir='ltr'><strong>ιι</strong></span> 
     </span>
    </p>
   </div>
   <div class='ocr_carea' id='block_1_103' title="bbox 2030 3930 3608 3999">
    <p class='ocr_par' dir='ltr' id='par_1_103' title="bbox 2030 3930 3608 3999">
     <span class='ocr_line' id='line_1_103' title="bbox 2030 3930 3608 3999; baseline -0.001 -15"><span class='ocrx_word' id='word_1_724' title='bbox 2030 3933 2209 3985; x_wconf 86' lang='lat' dir='ltr'><strong>villam</strong></span> <span class='ocrx_word' id='word_1_725' title='bbox 2254 3932 2517 3999; x_wconf 87' lang='lat' dir='ltr'><strong>publicam</strong></span> <span class='ocrx_word' id='word_1_726' title='bbox 2551 3932 2799 3985; x_wconf 90' lang='lat' dir='ltr'><strong>incendio</strong></span> <span class='ocrx_word' id='word_1_727' title='bbox 2828 3939 3228 3996; x_wconf 87' lang='lat' dir='ltr'><strong>cretnaveruut,</strong></span> <span class='ocrx_word' id='word_1_728' title='bbox 3276 3944 3394 3984; x_wconf 92' lang='lat' dir='ltr'><strong>cum</strong></span> <span class='ocrx_word' id='word_1_729' title='bbox 3426 3930 3608 3984; x_wconf 90' lang='lat' dir='ltr'><strong>tnultis</strong></span> 
     </span>
    </p>
   </div>
   <div class='ocr_carea' id='block_1_104' title="bbox 2030 4022 3610 4093">
    <p class='ocr_par' dir='ltr' id='par_1_104' title="bbox 2030 4022 3610 4093">
     <span class='ocr_line' id='line_1_104' title="bbox 2030 4022 3610 4093; baseline -0.001 -17"><span class='ocrx_word' id='word_1_730' title='bbox 2030 4024 2212 4093; x_wconf 83' lang='lat' dir='ltr'><strong>Spoliis</strong></span> <span class='ocrx_word' id='word_1_731' title='bbox 2257 4032 2313 4077; x_wconf 81' lang='lat' dir='ltr'><strong>et</strong></span> <span class='ocrx_word' id='word_1_732' title='bbox 2354 4022 2532 4089; x_wconf 82' lang='lat' dir='ltr'><strong>praeda</strong></span> <span class='ocrx_word' id='word_1_733' title='bbox 2588 4022 2736 4076; x_wconf 91' lang='lat' dir='ltr'><strong>nullo</strong></span> <span class='ocrx_word' id='word_1_734' title='bbox 2782 4022 3068 4076; x_wconf 80' lang='lat' dir='ltr'><strong>resistente</strong></span> <span class='ocrx_word' id='word_1_735' title='bbox 3118 4030 3503 4075; x_wconf 89' lang='lat' dir='ltr'><strong>remeaverunt</strong></span> <span class='ocrx_word' id='word_1_736' title='bbox 3545 4023 3610 4075; x_wconf 88' lang='lat' dir='ltr'><strong>ad</strong></span> 
     </span>
    </p>
   </div>
   <div class='ocr_carea' id='block_1_105' title="bbox 2032 4115 3610 4185">
    <p class='ocr_par' dir='ltr' id='par_1_105' title="bbox 2032 4115 3610 4185">
     <span class='ocr_line' id='line_1_105' title="bbox 2032 4115 3610 4185; baseline 0 -16"><span class='ocrx_word' id='word_1_737' title='bbox 2032 4120 2263 4185; x_wconf 90' lang='lat' dir='ltr'><strong>propria.</strong></span> <span class='ocrx_word' id='word_1_738' title='bbox 2306 4116 2438 4169; x_wconf 91' lang='lat' dir='ltr'><strong>Cum</strong></span> <span class='ocrx_word' id='word_1_739' title='bbox 2487 4116 2588 4169; x_wconf 88' lang='lat' dir='ltr'><strong>Itoc</strong></span> <span class='ocrx_word' id='word_1_740' title='bbox 2630 4115 2855 4184; x_wconf 88' lang='lat' dir='ltr'><strong>Pippino</strong></span> <span class='ocrx_word' id='word_1_741' title='bbox 2897 4117 3009 4184; x_wconf 86' lang='lat' dir='ltr'><strong>regi</strong></span> <span class='ocrx_word' id='word_1_742' title='bbox 3060 4117 3357 4168; x_wconf 88' lang='lat' dir='ltr'><strong>nuntiatum</strong></span> <span class='ocrx_word' id='word_1_743' title='bbox 3401 4115 3610 4179; x_wconf 85' lang='lat' dir='ltr'><strong>fuisset,</strong></span> 
     </span>
    </p>
   </div>
   <div class='ocr_carea' id='block_1_106' title="bbox 2030 4208 3605 4278">
    <p class='ocr_par' dir='ltr' id='par_1_106' title="bbox 2030 4208 3605 4278">
     <span class='ocr_line' id='line_1_106' title="bbox 2030 4208 3605 4278; baseline -0.001 -14"><span class='ocrx_word' id='word_1_744' title='bbox 2030 4210 2171 4278; x_wconf 81' lang='lat' dir='ltr'><strong>quod</strong></span> <span class='ocrx_word' id='word_1_745' title='bbox 2203 4208 2492 4263; x_wconf 80' lang='lat' dir='ltr'><strong>Waifarius</strong></span> <span class='ocrx_word' id='word_1_746' title='bbox 2524 4209 2813 4263; x_wconf 88' lang='lat' dir='ltr'><strong>maximam</strong></span> <span class='ocrx_word' id='word_1_747' title='bbox 2855 4218 3061 4278; x_wconf 76' lang='lat' dir='ltr'><strong>partem</strong></span> <span class='ocrx_word' id='word_1_748' title='bbox 3108 4210 3257 4277; x_wconf 86' lang='lat' dir='ltr'><strong>regni</strong></span> <span class='ocrx_word' id='word_1_749' title='bbox 3288 4209 3367 4263; x_wconf 92' lang='lat' dir='ltr'><strong>sui</strong></span> <span class='ocrx_word' id='word_1_750' title='bbox 3400 4217 3605 4263; x_wconf 86' lang='lat' dir='ltr'><strong>vastas-</strong></span> 
     </span>
    </p>
   </div>
   <div class='ocr_carea' id='block_1_107' title="bbox 2031 4300 3611 4371">
    <p class='ocr_par' dir='ltr' id='par_1_107' title="bbox 2031 4300 3611 4371">
     <span class='ocr_line' id='line_1_107' title="bbox 2031 4300 3611 4371; baseline -0.001 -14"><span class='ocrx_word' id='word_1_751' title='bbox 2031 4313 2136 4367; x_wconf 87' lang='lat' dir='ltr'><strong>set,</strong></span> <span class='ocrx_word' id='word_1_752' title='bbox 2169 4311 2223 4356; x_wconf 89' lang='lat' dir='ltr'><strong>et</strong></span> <span class='ocrx_word' id='word_1_753' title='bbox 2252 4311 2583 4356; x_wconf 85' lang='lat' dir='ltr'><strong>sacramenta</strong></span> <span class='ocrx_word' id='word_1_754' title='bbox 2611 4317 2729 4371; x_wconf 69' lang='lat' dir='ltr'><strong>qua:</strong></span> <span class='ocrx_word' id='word_1_755' title='bbox 2750 4301 2797 4357; x_wconf 90' lang='lat' dir='ltr'><strong>ei</strong></span> <span class='ocrx_word' id='word_1_756' title='bbox 2817 4302 3041 4361; x_wconf 82' lang='lat' dir='ltr'><strong>dederat</strong></span> <span class='ocrx_word' id='word_1_757' title='bbox 3063 4300 3356 4368; x_wconf 79' lang='lat' dir='ltr'><strong>fefellisset,</strong></span> <span class='ocrx_word' id='word_1_758' title='bbox 3390 4302 3611 4360; x_wconf 88' lang='lat' dir='ltr'><strong>nimium</strong></span> 
     </span>
    </p>
   </div>
   <div class='ocr_carea' id='block_1_108' title="bbox 2031 4416 3612 4487">
    <p class='ocr_par' dir='ltr' id='par_1_108' title="bbox 2031 4416 3612 4487">
     <span class='ocr_line' id='line_1_108' title="bbox 2031 4416 3612 4487; baseline 0.001 -17"><span class='ocrx_word' id='word_1_759' title='bbox 2031 4417 2125 4482; x_wconf 71' lang='lat' dir='ltr'><strong>lilt.</strong></span> <span class='ocrx_word' id='word_1_760' title='bbox 2160 4432 2213 4472; x_wconf 83' lang='lat' dir='ltr'><strong>tv</strong></span> <span class='ocrx_word' id='word_1_761' title='bbox 2248 4417 2314 4471; x_wconf 88' lang='lat' dir='ltr'><strong>de</strong></span> <span class='ocrx_word' id='word_1_762' title='bbox 2342 4417 2417 4470; x_wconf 80' lang='lat' dir='ltr'><strong>Re</strong></span> <span class='ocrx_word' id='word_1_763' title='bbox 2448 4417 2812 4484; x_wconf 88' lang='lat' dir='ltr'><strong>diplomatica.</strong></span> <span class='ocrx_word' id='word_1_764' title='bbox 2838 4417 2911 4472; x_wconf 90' lang='lat' dir='ltr'><strong>De</strong></span> <span class='ocrx_word' id='word_1_765' title='bbox 2940 4416 3142 4487; x_wconf 84' lang='lat' dir='ltr'><strong>Campo</strong></span> <span class='ocrx_word' id='word_1_766' title='bbox 3172 4417 3344 4471; x_wconf 81' lang='lat' dir='ltr'><strong>Madio</strong></span> <span class='ocrx_word' id='word_1_767' title='bbox 3365 4417 3505 4485; x_wconf 88' lang='lat' dir='ltr'><strong>vide,</strong></span> <span class='ocrx_word' id='word_1_768' title='bbox 3535 4418 3612 4477; x_wconf 85' lang='lat' dir='ltr'><strong>in-</strong></span> 
     </span>
    </p>
   </div>
   <div class='ocr_carea' id='block_1_109' title="bbox 2036 4488 2704 4555">
    <p class='ocr_par' dir='ltr' id='par_1_109' title="bbox 2036 4488 2704 4555">
     <span class='ocr_line' id='line_1_109' title="bbox 2036 4488 2704 4555; baseline -0.003 -15"><span class='ocrx_word' id='word_1_769' title='bbox 2036 4491 2136 4549; x_wconf 79' lang='lat' dir='ltr'><strong>tra,</strong></span> <span class='ocrx_word' id='word_1_770' title='bbox 2162 4498 2313 4541; x_wconf 76' lang='lat' dir='ltr'><strong>notas</strong></span> <span class='ocrx_word' id='word_1_771' title='bbox 2340 4488 2403 4540; x_wconf 88' lang='lat' dir='ltr'><strong>ad</strong></span> <span class='ocrx_word' id='word_1_772' title='bbox 2429 4504 2547 4555; x_wconf 91' lang='lat' dir='ltr'><strong>cap.</strong></span> <span class='ocrx_word' id='word_1_773' title='bbox 2583 4490 2704 4541; x_wconf 77' lang='grc'><strong>150.</strong></span> 
     </span>
    </p>
   </div>
   <div class='ocr_carea' id='block_1_110' title="bbox 2108 4556 3611 4627">
    <p class='ocr_par' dir='ltr' id='par_1_110' title="bbox 2108 4556 3611 4627">
     <span class='ocr_line' id='line_1_110' title="bbox 2108 4556 3611 4627; baseline -0.001 -14"><span class='ocrx_word' id='word_1_774' title='bbox 2108 4556 2134 4595; x_wconf 69' lang='grc' dir='ltr'>δ</span> <span class='ocrx_word' id='word_1_775' title='bbox 2172 4558 2333 4613; x_wconf 85' lang='lat' dir='ltr'><strong>Clies.</strong></span> <span class='ocrx_word' id='word_1_776' title='bbox 2371 4574 2562 4627; x_wconf 85' lang='lat' dir='ltr'><strong>marg.,</strong></span> <span class='ocrx_word' id='word_1_777' title='bbox 2602 4559 2909 4625; x_wconf 79' lang='lat' dir='ltr'><strong>Iluniberto,</strong></span> <span class='ocrx_word' id='word_1_778' title='bbox 2950 4574 3042 4613; x_wconf 85' lang='lat' dir='ltr'><strong>seu</strong></span> <span class='ocrx_word' id='word_1_779' title='bbox 3071 4556 3408 4619; x_wconf 80' lang='lat' dir='ltr'><strong>Clmnibcrto,</strong></span> <span class='ocrx_word' id='word_1_780' title='bbox 3437 4568 3495 4611; x_wconf 85' lang='grc' dir='ltr'><strong>ιιι</strong></span> <span class='ocrx_word' id='word_1_781' title='bbox 3527 4559 3611 4612; x_wconf 86' lang='lat' dir='ltr'><strong>itt-</strong></span> 
     </span>
    </p>
   </div>
   <div class='ocr_carea' id='block_1_111' title="bbox 2038 4626 3611 4698">
    <p class='ocr_par' dir='ltr' id='par_1_111' title="bbox 2038 4626 3611 4698">
     <span class='ocr_line' id='line_1_111' title="bbox 2038 4626 3611 4698; baseline 0 -17"><span class='ocrx_word' id='word_1_782' title='bbox 2038 4629 2114 4683; x_wconf 80' lang='lat' dir='ltr'><strong>fra</strong></span> <span class='ocrx_word' id='word_1_783' title='bbox 2156 4646 2271 4698; x_wconf 85' lang='lat' dir='ltr'><strong>cap.</strong></span> <span class='ocrx_word' id='word_1_784' title='bbox 2313 4629 2431 4691; x_wconf 64' lang='grc'><strong>154,</strong></span> <span class='ocrx_word' id='word_1_785' title='bbox 2479 4639 2531 4684; x_wconf 87' lang='lat' dir='ltr'><strong>et</strong></span> <span class='ocrx_word' id='word_1_786' title='bbox 2561 4629 2649 4683; x_wconf 84' lang='lat' dir='ltr'><strong>alii</strong></span> <span class='ocrx_word' id='word_1_787' title='bbox 2688 4630 2949 4685; x_wconf 78' lang='lat' dir='ltr'><strong>Umberto.</strong></span> <span class='ocrx_word' id='word_1_788' title='bbox 2986 4628 3120 4682; x_wconf 83' lang='lat' dir='ltr'><strong>Infra</strong></span> <span class='ocrx_word' id='word_1_789' title='bbox 3155 4630 3312 4689; x_wconf 80' lang='lat' dir='ltr'><strong>Buh.,</strong></span> <span class='ocrx_word' id='word_1_790' title='bbox 3350 4626 3611 4698; x_wconf 73' lang='lat' dir='ltr'><strong>Biturica;</strong></span> 
     </span>
    </p>
   </div>
   <div class='ocr_carea' id='block_1_112' title="bbox 1960 4667 3609 4768">
    <p class='ocr_par' dir='ltr' id='par_1_112' title="bbox 1960 4667 3609 4768">
     <span class='ocr_line' id='line_1_112' title="bbox 1960 4667 3609 4768; baseline 0 -17"><span class='ocrx_word' id='word_1_791' title='bbox 1960 4667 2183 4756; x_wconf 47' lang='lat' dir='ltr'><strong>DCao:</strong></span> <span class='ocrx_word' id='word_1_792' title='bbox 2216 4667 2269 4755; x_wconf 58' lang='lat' dir='ltr'><strong>gl</strong></span> <span class='ocrx_word' id='word_1_793' title='bbox 2327 4671 2514 4765; x_wconf 55' lang='lat' dir='ltr'><strong>Heln,</strong></span> <span class='ocrx_word' id='word_1_794' title='bbox 2563 4667 2808 4763; x_wconf 47' lang='lat' dir='ltr'><strong>nmmo,</strong></span> <span class='ocrx_word' id='word_1_795' title='bbox 2841 4717 2936 4768; x_wconf 89' lang='lat' dir='ltr'><strong>pro</strong></span> <span class='ocrx_word' id='word_1_796' title='bbox 2989 4702 3223 4753; x_wconf 84' lang='lat' dir='ltr'><strong>Bitorino</strong></span> <span class='ocrx_word' id='word_1_797' title='bbox 3274 4668 3359 4765; x_wconf 59' lang='lat' dir='ltr'><strong>(de</strong></span> <span class='ocrx_word' id='word_1_798' title='bbox 3390 4670 3609 4765; x_wconf 52' lang='lat' dir='ltr'><strong>Berriﬁs</strong></span> 
     </span>
    </p>
   </div>
   <div class='ocr_carea' id='block_1_113' title="bbox 2033 4768 3550 4835">
    <p class='ocr_par' dir='ltr' id='par_1_113' title="bbox 2033 4768 3550 4835">
     <span class='ocr_line' id='line_1_113' title="bbox 2033 4768 3550 4835; baseline -0.002 -11"><span class='ocrx_word' id='word_1_799' title='bbox 2033 4772 2349 4824; x_wconf 82' lang='lat' dir='ltr'><strong>Blantliuntn</strong></span> <span class='ocrx_word' id='word_1_800' title='bbox 2382 4787 2508 4826; x_wconf 84' lang='lat' dir='ltr'><strong>vetu</strong></span> <span class='ocrx_word' id='word_1_801' title='bbox 2540 4786 2658 4825; x_wconf 89' lang='lat' dir='ltr'><strong>cum</strong></span> <span class='ocrx_word' id='word_1_802' title='bbox 2689 4772 2874 4833; x_wconf 78' lang='lat' dir='ltr'><strong>Cltes.,</strong></span> <span class='ocrx_word' id='word_1_803' title='bbox 2912 4770 3229 4823; x_wconf 76' lang='lat' dir='ltr'><strong>Blaudeuum</strong></span> <span class='ocrx_word' id='word_1_804' title='bbox 3261 4768 3550 4835; x_wconf 85' lang='lat' dir='ltr'><strong>appellant.</strong></span> 
     </span>
    </p>
   </div>
   <div class='ocr_carea' id='block_1_114' title="bbox 2110 4839 3610 4904">
    <p class='ocr_par' dir='ltr' id='par_1_114' title="bbox 2110 4839 3610 4904">
     <span class='ocr_line' id='line_1_114' title="bbox 2110 4839 3610 4904; baseline -0.003 -10"><span class='ocrx_word' id='word_1_805' title='bbox 2110 4842 2124 4880; x_wconf 80' lang='grc' dir='ltr'><strong>ί</strong></span> <span class='ocrx_word' id='word_1_806' title='bbox 2164 4844 2297 4895; x_wconf 89' lang='lat' dir='ltr'><strong>Ilinc</strong></span> <span class='ocrx_word' id='word_1_807' title='bbox 2326 4842 2549 4895; x_wconf 87' lang='lat' dir='ltr'><strong>emenda</strong></span> <span class='ocrx_word' id='word_1_808' title='bbox 2588 4839 2905 4895; x_wconf 79' lang='lat' dir='ltr'><strong>Patriarehii</strong></span> <span class='ocrx_word' id='word_1_809' title='bbox 2936 4840 3282 4897; x_wconf 69' lang='lat' dir='ltr'><strong>liituriccnsis</strong></span> <span class='ocrx_word' id='word_1_810' title='bbox 3310 4850 3610 4904; x_wconf 73' lang='lat' dir='ltr'><strong>anetorem,</strong></span> 
     </span>
    </p>
   </div>
   <div class='ocr_carea' id='block_1_115' title="bbox 2032 4908 3612 4979">
    <p class='ocr_par' dir='ltr' id='par_1_115' title="bbox 2032 4908 3612 4979">
     <span class='ocr_line' id='line_1_115' title="bbox 2032 4908 3612 4979; baseline -0.002 -16"><span class='ocrx_word' id='word_1_811' title='bbox 2032 4914 2117 4976; x_wconf 84' lang='lat' dir='ltr'><strong>qui</strong></span> <span class='ocrx_word' id='word_1_812' title='bbox 2150 4912 2248 4965; x_wconf 90' lang='lat' dir='ltr'><strong>hoc</strong></span> <span class='ocrx_word' id='word_1_813' title='bbox 2281 4913 2394 4979; x_wconf 73' lang='lat' dir='ltr'><strong>ipso</strong></span> <span class='ocrx_word' id='word_1_814' title='bbox 2419 4926 2559 4965; x_wconf 86' lang='lat' dir='ltr'><strong>anno</strong></span> <span class='ocrx_word' id='word_1_815' title='bbox 2587 4908 2930 4967; x_wconf 66' lang='lat' dir='ltr'><strong>Latnlt‘ariunt</strong></span> <span class='ocrx_word' id='word_1_816' title='bbox 2961 4926 3059 4965; x_wconf 85' lang='lat' dir='ltr'><strong>seu</strong></span> <span class='ocrx_word' id='word_1_817' title='bbox 3091 4908 3437 4975; x_wconf 85' lang='lat' dir='ltr'><strong>Lattdrariunt</strong></span> <span class='ocrx_word' id='word_1_818' title='bbox 3471 4908 3612 4979; x_wconf 42' lang='lat' dir='ltr'><strong>[litus</strong></span> 
     </span>
    </p>
   </div>
   <div class='ocr_carea' id='block_1_116' title="bbox 2032 4975 3608 5048">
    <p class='ocr_par' dir='ltr' id='par_1_116' title="bbox 2032 4975 3608 5048">
     <span class='ocr_line' id='line_1_116' title="bbox 2032 4975 3608 5048; baseline -0.003 -15"><span class='ocrx_word' id='word_1_819' title='bbox 2032 4975 2313 5037; x_wconf 29' lang='lat' dir='ltr'><strong>ricensemv</strong></span> <span class='ocrx_word' id='word_1_820' title='bbox 2352 4983 2661 5048; x_wconf 80' lang='lat' dir='ltr'><strong>episcopum</strong></span> <span class='ocrx_word' id='word_1_821' title='bbox 2698 4984 2858 5037; x_wconf 70' lang='lat' dir='ltr'><strong>fuisse</strong></span> <span class='ocrx_word' id='word_1_822' title='bbox 2894 4982 3108 5045; x_wconf 70' lang='lat' dir='ltr'><strong>scribit,</strong></span> <span class='ocrx_word' id='word_1_823' title='bbox 3133 4980 3273 5032; x_wconf 87' lang='lat' dir='ltr'><strong>nulla</strong></span> <span class='ocrx_word' id='word_1_824' title='bbox 3323 4975 3608 5033; x_wconf 80' lang='lat' dir='ltr'><strong>Ilertellani</strong></span> 
     </span>
    </p>
   </div>
   <div class='ocr_carea' id='block_1_117' title="bbox 2035 5050 3610 5118">
    <p class='ocr_par' dir='ltr' id='par_1_117' title="bbox 2035 5050 3610 5118">
     <span class='ocr_line' id='line_1_117' title="bbox 2035 5050 3610 5118; baseline 0.001 -14"><span class='ocrx_word' id='word_1_825' title='bbox 2035 5050 2168 5105; x_wconf 85' lang='lat' dir='ltr'><strong>facta</strong></span> <span class='ocrx_word' id='word_1_826' title='bbox 2201 5054 2501 5109; x_wconf 70' lang='lat' dir='ltr'><strong>mentione:</strong></span> <span class='ocrx_word' id='word_1_827' title='bbox 2536 5050 2636 5115; x_wconf 79' lang='lat' dir='ltr'><strong>nisi</strong></span> <span class='ocrx_word' id='word_1_828' title='bbox 2683 5053 2724 5103; x_wconf 92' lang='lat' dir='ltr'><strong>is</strong></span> <span class='ocrx_word' id='word_1_829' title='bbox 2776 5054 2885 5117; x_wconf 86' lang='lat' dir='ltr'><strong>ipse</strong></span> <span class='ocrx_word' id='word_1_830' title='bbox 2932 5053 3000 5102; x_wconf 88' lang='lat' dir='ltr'><strong>sit</strong></span> <span class='ocrx_word' id='word_1_831' title='bbox 3046 5050 3501 5118; x_wconf 82' lang='lat' dir='ltr'><strong>Berlanus,quem</strong></span> <span class='ocrx_word' id='word_1_832' title='bbox 3542 5050 3610 5105; x_wconf 81' lang='lat' dir='ltr'><strong>alt</strong></span> 
     </span>
    </p>
   </div>
   <div class='ocr_carea' id='block_1_118' title="bbox 2031 5122 3051 5178">
    <p class='ocr_par' dir='ltr' id='par_1_118' title="bbox 2031 5122 3051 5178">
     <span class='ocr_line' id='line_1_118' title="bbox 2031 5122 3051 5178; baseline -0.002 -3"><span class='ocrx_word' id='word_1_833' title='bbox 2031 5139 2170 5175; x_wconf 80' lang='lat' dir='ltr'><strong>anno</strong></span> <span class='ocrx_word' id='word_1_834' title='bbox 2195 5122 2297 5175; x_wconf 57' lang='lat'><strong>804</strong></span> <span class='ocrx_word' id='word_1_835' title='bbox 2328 5122 2391 5172; x_wconf 84' lang='lat' dir='ltr'><strong>ad</strong></span> <span class='ocrx_word' id='word_1_836' title='bbox 2419 5122 2522 5174; x_wconf 69' lang='lat'><strong>8-2;)</strong></span> <span class='ocrx_word' id='word_1_837' title='bbox 2552 5122 2751 5178; x_wconf 58' lang='lat' dir='ltr'><strong>sedisse</strong></span> <span class='ocrx_word' id='word_1_838' title='bbox 2777 5129 3051 5177; x_wconf 82' lang='lat' dir='ltr'><strong>memorat.</strong></span> 
     </span>
    </p>
   </div>
   <div class='ocr_carea' id='block_1_119' title="bbox 2106 5188 3610 5255">
    <p class='ocr_par' dir='ltr' id='par_1_119' title="bbox 2106 5188 3610 5255">
     <span class='ocr_line' id='line_1_119' title="bbox 2106 5188 3610 5255; baseline 0.001 -14"><span class='ocrx_word' id='word_1_839' title='bbox 2106 5194 2118 5241; x_wconf 89' lang='lat' dir='ltr'><strong>l</strong></span> <span class='ocrx_word' id='word_1_840' title='bbox 2170 5194 2261 5245; x_wconf 86' lang='lat' dir='ltr'><strong>Sic</strong></span> <span class='ocrx_word' id='word_1_841' title='bbox 2292 5192 2447 5255; x_wconf 76' lang='lat' dir='ltr'><strong>lioh.,</strong></span> <span class='ocrx_word' id='word_1_842' title='bbox 2483 5202 2537 5243; x_wconf 84' lang='grc' dir='ltr'><strong>ιιι</strong></span> <span class='ocrx_word' id='word_1_843' title='bbox 2585 5206 2741 5255; x_wconf 63' lang='lat' dir='ltr'><strong>sui-ra</strong></span> <span class='ocrx_word' id='word_1_844' title='bbox 2774 5208 2870 5255; x_wconf 75' lang='lat' dir='ltr'><strong>cap</strong></span> <span class='ocrx_word' id='word_1_845' title='bbox 2906 5190 3028 5243; x_wconf 40' lang='lat' dir='ltr'><strong>&#39;I‘2I.</strong></span> <span class='ocrx_word' id='word_1_846' title='bbox 3062 5188 3190 5252; x_wconf 86' lang='lat' dir='ltr'><strong>Alii,</strong></span> <span class='ocrx_word' id='word_1_847' title='bbox 3219 5188 3610 5251; x_wconf 81' lang='lat' dir='ltr'><strong>Cavnllonnuut.</strong></span> 
     </span>
    </p>
   </div>
   <div class='ocr_carea' id='block_1_120' title="bbox 2034 5259 3608 5331">
    <p class='ocr_par' dir='ltr' id='par_1_120' title="bbox 2034 5259 3608 5331">
     <span class='ocr_line' id='line_1_120' title="bbox 2034 5259 3608 5331; baseline -0.002 -17"><span class='ocrx_word' id='word_1_848' title='bbox 2034 5263 2171 5331; x_wconf 86' lang='lat' dir='ltr'><strong>quod</strong></span> <span class='ocrx_word' id='word_1_849' title='bbox 2206 5278 2395 5313; x_wconf 64' lang='lat' dir='ltr'><strong>nomen</strong></span> <span class='ocrx_word' id='word_1_850' title='bbox 2444 5262 2810 5314; x_wconf 82' lang='lat' dir='ltr'><strong>Cabellionetu</strong></span> <span class='ocrx_word' id='word_1_851' title='bbox 2850 5260 3182 5331; x_wconf 56' lang='lat' dir='ltr'><strong>(Condition),</strong></span> <span class='ocrx_word' id='word_1_852' title='bbox 3217 5268 3272 5312; x_wconf 82' lang='lat' dir='ltr'><strong>et</strong></span> <span class='ocrx_word' id='word_1_853' title='bbox 3298 5259 3608 5331; x_wconf 63' lang='lat' dir='ltr'><strong>Cabilunem</strong></span> 
     </span>
    </p>
   </div>
   <div class='ocr_carea' id='block_1_121' title="bbox 2031 5328 3608 5400">
    <p class='ocr_par' dir='ltr' id='par_1_121' title="bbox 2031 5328 3608 5400">
     <span class='ocr_line' id='line_1_121' title="bbox 2031 5328 3608 5400; baseline -0.004 -12"><span class='ocrx_word' id='word_1_854' title='bbox 2031 5328 2266 5389; x_wconf 79' lang='lat' dir='ltr'><strong>indicare</strong></span> <span class='ocrx_word' id='word_1_855' title='bbox 2286 5344 2479 5400; x_wconf 72' lang='lat' dir='ltr'><strong>pHIt‘Sl,</strong></span> <span class='ocrx_word' id='word_1_856' title='bbox 2505 5333 2642 5399; x_wconf 77' lang='lat' dir='ltr'><strong>quod</strong></span> <span class='ocrx_word' id='word_1_857' title='bbox 2668 5348 2793 5385; x_wconf 88' lang='lat' dir='ltr'><strong>vero</strong></span> <span class='ocrx_word' id='word_1_858' title='bbox 2811 5332 2993 5386; x_wconf 63' lang='lat' dir='ltr'><strong>tiabilo</strong></span> <span class='ocrx_word' id='word_1_859' title='bbox 3014 5328 3608 5400; x_wconf 73' lang='lat' dir='ltr'><strong>(Chdluns-sttr-Sadne),</strong></span> 
     </span>
    </p>
   </div>
   <div class='ocr_carea' id='block_1_122' title="bbox 2032 5399 3610 5471">
    <p class='ocr_par' dir='ltr' id='par_1_122' title="bbox 2032 5399 3610 5471">
     <span class='ocr_line' id='line_1_122' title="bbox 2032 5399 3610 5471; baseline -0.004 -13"><span class='ocrx_word' id='word_1_860' title='bbox 2032 5405 2116 5459; x_wconf 87' lang='lat' dir='ltr'><strong>hic</strong></span> <span class='ocrx_word' id='word_1_861' title='bbox 2148 5399 2477 5471; x_wconf 78' lang='lat' dir='ltr'><strong>designetur,</strong></span> <span class='ocrx_word' id='word_1_862' title='bbox 2508 5403 2754 5467; x_wconf 82' lang='lat' dir='ltr'><strong>dubitare</strong></span> <span class='ocrx_word' id='word_1_863' title='bbox 2785 5419 2888 5465; x_wconf 78' lang='lat' dir='ltr'><strong>non</strong></span> <span class='ocrx_word' id='word_1_864' title='bbox 2913 5402 3039 5457; x_wconf 90' lang='lat' dir='ltr'><strong>sinit</strong></span> <span class='ocrx_word' id='word_1_865' title='bbox 3060 5401 3282 5471; x_wconf 83' lang='lat' dir='ltr'><strong>aliorum</strong></span> <span class='ocrx_word' id='word_1_866' title='bbox 3316 5399 3610 5471; x_wconf 87' lang='lat' dir='ltr'><strong>Chrouieo-</strong></span> 
     </span>
    </p>
   </div>
   <div class='ocr_carea' id='block_1_123' title="bbox 2032 5470 3609 5542">
    <p class='ocr_par' dir='ltr' id='par_1_123' title="bbox 2032 5470 3609 5542">
     <span class='ocr_line' id='line_1_123' title="bbox 2032 5470 3609 5542; baseline -0.006 -13"><span class='ocrx_word' id='word_1_867' title='bbox 2032 5492 2147 5529; x_wconf 89' lang='lat' dir='ltr'><strong>rum</strong></span> <span class='ocrx_word' id='word_1_868' title='bbox 2182 5470 2490 5527; x_wconf 77' lang='lat' dir='ltr'><strong>auctoritas.</strong></span> <span class='ocrx_word' id='word_1_869' title='bbox 2522 5473 2758 5527; x_wconf 85' lang='lat' dir='ltr'><strong>Annales</strong></span> <span class='ocrx_word' id='word_1_870' title='bbox 2786 5476 2980 5542; x_wconf 80' lang='lat' dir='ltr'><strong>quippe</strong></span> <span class='ocrx_word' id='word_1_871' title='bbox 3006 5470 3500 5542; x_wconf 70' lang='lat' dir='ltr'><strong>Laurcshamcnses</strong></span> <span class='ocrx_word' id='word_1_872' title='bbox 3522 5470 3609 5520; x_wconf 83' lang='lat' dir='ltr'><strong>lia-</strong></span> 
     </span>
    </p>
   </div>
   <div class='ocr_carea' id='block_1_124' title="bbox 2032 5538 3609 5612">
    <p class='ocr_par' dir='ltr' id='par_1_124' title="bbox 2032 5538 3609 5612">
     <span class='ocr_line' id='line_1_124' title="bbox 2032 5538 3609 5612; baseline -0.005 -13"><span class='ocrx_word' id='word_1_873' title='bbox 2032 5548 2156 5600; x_wconf 81' lang='lat' dir='ltr'><strong>lient</strong></span> <span class='ocrx_word' id='word_1_874' title='bbox 2179 5543 2519 5607; x_wconf 78' lang='lat' dir='ltr'><strong>Cubillonem,</strong></span> <span class='ocrx_word' id='word_1_875' title='bbox 2550 5545 2637 5612; x_wconf 84' lang='lat' dir='ltr'><strong>qui</strong></span> <span class='ocrx_word' id='word_1_876' title='bbox 2671 5538 2851 5596; x_wconf 48' lang='lat' dir='ltr'><strong>vero&#39;a</strong></span> <span class='ocrx_word' id='word_1_877' title='bbox 2882 5538 3121 5597; x_wconf 69' lang='lat' dir='ltr'><strong>[uiselio</strong></span> <span class='ocrx_word' id='word_1_878' title='bbox 3151 5542 3430 5612; x_wconf 80' lang='lat' dir='ltr'><strong>editi_sunt</strong></span> <span class='ocrx_word' id='word_1_879' title='bbox 3460 5538 3609 5594; x_wconf 79' lang='lat' dir='ltr'><strong>Cubi-</strong></span> 
     </span>
    </p>
   </div>
   <div class='ocr_carea' id='block_1_125' title="bbox 2028 5609 3606 5679">
    <p class='ocr_par' dir='ltr' id='par_1_125' title="bbox 2028 5609 3606 5679">
     <span class='ocr_line' id='line_1_125' title="bbox 2028 5609 3606 5679; baseline -0.004 -10"><span class='ocrx_word' id='word_1_880' title='bbox 2028 5620 2225 5679; x_wconf 81' lang='lat' dir='ltr'><strong>Innum,</strong></span> <span class='ocrx_word' id='word_1_881' title='bbox 2259 5609 2912 5677; x_wconf 43' lang='lat' dir='ltr'><strong>F&#39;ulnlenses&#39;Cattillonem,</strong></span> <span class='ocrx_word' id='word_1_882' title='bbox 2940 5613 3226 5667; x_wconf 79' lang='lat' dir='ltr'><strong>Bertiniani</strong></span> <span class='ocrx_word' id='word_1_883' title='bbox 3261 5609 3606 5663; x_wconf 78' lang='lat' dir='ltr'><strong>Cavillonum.</strong></span> 
     </span>
    </p>
   </div>
   <div class='ocr_carea' id='block_1_126' title="bbox 2029 5683 3607 5752">
    <p class='ocr_par' dir='ltr' id='par_1_126' title="bbox 2029 5683 3607 5752">
     <span class='ocr_line' id='line_1_126' title="bbox 2029 5683 3607 5752; baseline -0.004 -12"><span class='ocrx_word' id='word_1_884' title='bbox 2029 5689 2169 5741; x_wconf 81' lang='lat' dir='ltr'><strong>ltlctu</strong></span> <span class='ocrx_word' id='word_1_885' title='bbox 2217 5686 2403 5739; x_wconf 66' lang='lat' dir='ltr'><strong>suadet</strong></span> <span class='ocrx_word' id='word_1_886' title='bbox 2453 5686 2887 5737; x_wconf 62' lang='lat' dir='ltr'><strong>(Ialiiloneusium</strong></span> <span class='ocrx_word' id='word_1_887' title='bbox 2944 5695 2997 5736; x_wconf 89' lang='lat' dir='ltr'><strong>et</strong></span> <span class='ocrx_word' id='word_1_888' title='bbox 3053 5683 3607 5752; x_wconf 59' lang='lat' dir='ltr'><strong>Attgustodttnensiunt</strong></span> 
     </span>
    </p>
   </div>
   <div class='ocr_carea' id='block_1_127' title="bbox 2026 5755 3023 5825">
    <p class='ocr_par' dir='ltr' id='par_1_127' title="bbox 2026 5755 3023 5825">
     <span class='ocr_line' id='line_1_127' title="bbox 2026 5755 3023 5825; baseline -0.001 -16"><span class='ocrx_word' id='word_1_889' title='bbox 2026 5759 2238 5819; x_wconf 70' lang='lat' dir='ltr'><strong>vit-inin,</strong></span> <span class='ocrx_word' id='word_1_890' title='bbox 2274 5774 2390 5825; x_wconf 70' lang='lat' dir='ltr'><strong>qui:</strong></span> <span class='ocrx_word' id='word_1_891' title='bbox 2420 5755 2505 5808; x_wconf 89' lang='lat' dir='ltr'><strong>ltic</strong></span> <span class='ocrx_word' id='word_1_892' title='bbox 2534 5756 2665 5807; x_wconf 81' lang='lat' dir='ltr'><strong>satis</strong></span> <span class='ocrx_word' id='word_1_893' title='bbox 2692 5755 3023 5821; x_wconf 69' lang='lat' dir='ltr'><strong>exprimitur.</strong></span> 
     </span>
    </p>
   </div>
   <div class='ocr_carea' id='block_1_128' title="bbox 2099 5826 2927 5896">
    <p class='ocr_par' dir='ltr' id='par_1_128' title="bbox 2099 5826 2927 5896">
     <span class='ocr_line' id='line_1_128' title="bbox 2099 5826 2927 5896; baseline -0.004 -12"><span class='ocrx_word' id='word_1_894' title='bbox 2099 5828 2117 5865; x_wconf 60' lang='grc' dir='ltr'><strong>ί*</strong></span> <span class='ocrx_word' id='word_1_895' title='bbox 2163 5831 2344 5893; x_wconf 52' lang='lat' dir='ltr'><strong>(Ples,</strong></span> <span class='ocrx_word' id='word_1_896' title='bbox 2381 5844 2574 5896; x_wconf 84' lang='lat' dir='ltr'><strong>Ittatg.,</strong></span> <span class='ocrx_word' id='word_1_897' title='bbox 2615 5826 2927 5881; x_wconf 67' lang='lat' dir='ltr'><strong>Melliacum.</strong></span> 
     </span>
    </p>
   </div>
  </div>
