4132 6348
623 364 715 414 69!

1819 369 2236 426 P‘IIEDEGARII
2278 369 2716 432 SCHOLASTICI

3783 388 3896 452 692

613 482 668 534 in
702 481 776 534 ira
809 491 1106 536 commotus
1132 482 1281 553 jubet
1321 499 1506 538 omnes
1537 484 1773 540 Francos
1812 496 1865 538 ut
1897 487 2188 552 hostiliter,
2219 485 2272 560 Α
2299 483 2554 558 Pippinus
2603 505 2720 556 rex,
2779 491 2999 550 Christo
3055 495 3209 566 duce,
3266 509 3388 554 cum
3440 499 3587 555 omni
3643 507 3894 562 exercitu

614 573 809 641 placito
861 574 1124 640 instituto,
1158 576 1221 629 ad
1253 575 1494 642 Ligerem
1531 579 1821 632 venissent.
1874 579 2188 633 Commoto-

612 682 717 737 que
747 669 982 722 exercitu
1028 685 1148 723 cum
1189 669 1336 724 omni
1375 671 1718 725 multitudine
1742 716 1756 737 ,
1791 673 1985 726 iterum
2018 687 2186 738 usque

612 758 679 810 ad
723 758 918 814 Treeas
960 761 1223 825 arcessit,
1276 760 1398 816 inde
1429 778 1522 830 per
1549 762 1942 818 Autisioderum
1989 763 2058 816 ad
2087 762 2188 817 Ne-

611 863 832 903 vernum
865 851 1048 904 urbem
1084 853 1326 919 veniens,
1376 853 1580 924 Ligeris
1628 855 1789 909 ﬂuvio
1831 864 2181 920 transmeato,

609 942 675 996 ad
703 934 960 1007 castrum,
1009 947 1160 1014 cujus
1211 962 1401 1001 nomen
1442 957 1522 1002 est
1549 950 1712 1020 695
1755 949 2046 1006 Burbone‘
2072 987 2087 1013 ,
2134 948 2185 1002 in

606 1049 798 1104 pagum
850 1036 1141 1092 Bitorinum
1176 1039 1437 1108 pervenit.
1484 1042 1723 1110 Cumque
1756 1042 1806 1094 in
1842 1057 1974 1110 gyro
2011 1050 2184 1098 castra

607 1127 892 1192 posuisset,
937 1130 1116 1182 subito
1157 1145 1184 1183 τι
1227 1130 1448 1183 Francis
1476 1141 1665 1199 captus
1705 1141 1862 1201 atque
1895 1147 2186 1187 succensus

605 1227 705 1279 est,
740 1227 791 1271 ct
825 1220 1067 1273 homines
1113 1218 1384 1287 Waifarii,
1439 1237 1572 1290 quos
1605 1221 1804 1277 ibidem
1839 1223 2064 1288 invenit,
2101 1239 2186 1281 Se-

605 1321 722 1362 cum
778 1308 946 1373 duxit,
1003 1312 1288 1364 maximam
1341 1321 1544 1379 partem
1594 1314 1896 1383 Aquitania:
1943 1325 2182 1384 vastans,

604 1412 770 1465 usque
800 1399 988 1454 urbem
1021 1400 1314 1455 Arvernam
1339 1402 1458 1458 enm
1490 1407 1634 1460 omni
1667 1407 1904 1461 exercitu
1937 1410 2182 1474 veniens,

604 1491 994 1546 C'aremontem
1037 1491 1062 1530 δ
1097 1503 1328 1548 castrum
1379 1505 1592 1564 captum
1653 1504 1813 1567 atque
1866 1511 2184 1571 succensum

605 1585 856 1636 bellando
880 1586 1042 1653 cepit,
1075 1598 1129 1640 et
1155 1587 1545 1643 multitudinem
1578 1591 1878 1655 hominum,
1904 1601 2010 1645 tam
2036 1592 2180 1645 viro-

603 1689 718 1728 rum
751 1690 908 1743 quam
942 1675 1258 1732 feminarum
1290 1679 1371 1734 vel
1407 1679 1667 1734 infantum
1698 1680 1959 1750 plurimos
1983 1681 2035 1735 in
2069 1680 2184 1749 ipso

604 1765 854 1819 incendio
898 1778 1294 1824 cremaverunt.
1357 1770 1667 1826 Itlandinum
1712 1772 1963 1826 comitem
2018 1771 2185 1841 ipsius

2294 579 2644 646 Francorum,
2678 599 2800 638 cum
2831 587 3000 641 multa
3043 588 3221 656 prmda
3253 597 3308 644 et
3335 590 3543 660 spoliis,
3572 591 3770 648 iterum
3802 609 3896 649 re-

2292 683 2480 723 versus
2509 681 2591 725 est
2620 673 2685 726 ad
2715 674 2898 730 sedem
2929 678 3222 745 proririam.

2361 760 2463 814 Au.
2483 777 2734 829 ncccxtu,
2762 781 3008 820 nccutv.
3035 797 3104 808 -
3130 767 3388 824 CXXVII.
3415 769 3577 826 Facta
3597 781 3679 827 est
3701 785 3892 839 autem

2291 845 2444 918 IOnga
2470 851 2746 907 altercatio
2774 855 2912 910 inter
2939 857 3216 926 Pippinum
3250 875 3430 930 regem
3469 861 3808 917 Francorum
3838 875 3894 919 et

2291 936 2610 995 Waifarlum
2642 943 2948 1013 Aquitaniae
2988 947 3305 1018 principem.
3353 950 3610 1020 Pippinus
3645 966 3740 1006 rex
3776 952 3891 1007 Deo

2291 1035 2583 1090 auxiliante
2610 1040 2778 1110 magis
2809 1054 2872 1092 ae
2900 1041 3070 1110 magis
3093 1055 3343 1096 crescens
3362 1083 3377 1105 ,
3410 1051 3464 1098 et
3490 1058 3708 1112 semper
3741 1042 3801 1098 in
3829 1058 3889 1098 se

2292 1131 2407 1197 ipso
2453 1131 2726 1186 robustior
2770 1132 2941 1188 factus
2985 1142 3104 1199 est;
3157 1149 3280 1202 pars
3321 1144 3498 1189 autem
3547 1134 3808 1190 Waifarii
3835 1147 3888 1194 et

2290 1222 2405 1290 ejus
2433 1224 2726 1293 tyrannitas
2766 1224 3084 1279 decrescens
3113 1225 3371 1294 quotidie.
3406 1227 3698 1283 Waifarius
3731 1231 3888 1300 prin—_

2289 1328 2417 1380 ceps
2445 1330 2660 1383 semper
2691 1326 2876 1370 contra
2912 1317 3223 1386 praedictum
3263 1334 3442 1387 regem
3476 1319 3767 1388 Pippinum
3808 1324 3887 1382 ine

2288 1405 2449 1459 sidias
2489 1420 2677 1474 parare
2712 1407 3033 1462 dissimulat.
3068 1407 3198 1465 Nam
3245 1409 3579 1466 Mancionem
3623 1421 3884 1468 comitem

2287 1495 2671 1552 consobrinum
2718 1511 2873 1550 suum
2905 1497 3146 1566 partibus
3183 1498 3455 1554 Narbona:
3496 1515 3618 1555 cum
3656 1502 3886 1572 reliquis

2287 1584 2574 1639 comitibus
2621 1587 2939 1655 transmisit,
2983 1599 3040 1643 ut
3077 1590 3376 1658 custodias,
3425 1606 3557 1661 quas
3592 1593 3886 1662 praedictus

2289 1691 2380 1731 rex
2427 1677 2751 1743 Narbonam,
2799 1690 3020 1750 propter
3069 1690 3280 1752 gentem
3331 1683 3762 1740 Sarracenorum
3814 1687 3880 1741 ad

2288 1770 2698 1825 custodiendum
2757 1774 3017 1837 miserat,
3071 1790 3138 1829 ne
3194 1784 3284 1830 aut
3338 1777 3637 1841 intrarent,
3699 1787 3794 1832 aut
3835 1777 3880 1835 si

601 1858 745 1912 urbis
775 1857 1084 1916 Arverniczc
1129 1870 1341 1926 captum
1373 1873 1534 1931 atque
1583 1864 1798 1931 ligatum
1832 1863 1896 1916 ad
1945 1877 2177 1933 praesen-
2209 1866 2258 1928 Β
2286 1860 2499 1930 quando
2550 1861 2738 1917 iterum
2793 1863 2846 1916 in
2895 1863 3119 1932 patriam
3148 1873 3172 1902 ο
3202 1876 3634 1932 reverterentur,
3684 1881 3880 1936 capere

601 1949 729 2001 tiam
781 1948 918 2019 regis
969 1949 1330 2016 adduxerunt,
1376 1962 1428 2004 et
1475 1954 1627 2006 multi
1675 1952 1968 2008 Wascones
2016 1955 2067 2009 in
2114 1969 2180 2008 eo

601 2044 786 2108 pra'lio
814 2045 953 2112 capti
996 2052 1160 2113 atque
1195 2044 1459 2112 interfemi
1493 2055 1638 2100 sunt.
1681 2045 1843 2117 Igitur
1874 2063 1964 2102 rex
1993 2047 2176 2118 Pippi.

599 2151 724 2203 nus,
767 2136 895 2190 urbe
921 2146 1110 2206 capta,
1152 2152 1213 2202 ac
1253 2139 1468 2207 regione
1515 2140 1600 2192 illa
1633 2150 1739 2194 tota
1783 2149 2007 2207 vastata,
2055 2156 2178 2196 cum

599 2230 776 2297 paeda
807 2239 860 2284 et
890 2229 1055 2298 Spolia
1115 2231 1300 2290 multa,
1337 2230 1446 2284 Deo
1487 2230 1810 2293 auxiliante,
1841 2245 1962 2285 cum
2011 2231 2179 2294 illmso

599 2325 833 2382 exercitu
866 2324 1056 2378 iterum
1087 2323 1344 2377 remeavit
1373 2322 1436 2376 ad
1465 2323 1696 2392 propria.
1732 2321 1949 2376 Factum
1975 2331 2060 2377 est
2086 2337 2180 2376 au-

597 2423 704 2469 tem
730 2424 786 2469 ut
815 2423 1093 2484 postquam
1130 2413 1385 2484 Pippinus
1416 2430 1508 2468 rex
1552 2414 1737 2468 urbem
1771 2417 2066 2478 Arvernam
2090 2428 2181 2470 ce-

597 2504 696 2574 pit,
731 2507 1007 2573 regionem
1041 2504 1183 2558 illam
1219 2515 1382 2558 totum
1406 2505 1653 2560 vastavit.

667 2599 768 2651 As.
820 2609 1047 2660 nccun.
1081 2596 1415 2651 —CXXVI.
1470 2596 1723 2666 Sequenti
1776 2610 1936 2657 anno,
1989 2594 2040 2648 id
2097 2603 2180 2652 est

597 2705 739 2742 anno
769 2689 1054 2744 undecimo
1086 2688 1235 2757 regni
1278 2690 1464 2757 ἱρείης,
1511 2703 1632 2742 cum
1666 2688 1908 2741 universa
1940 2688 2179 2743 multitu-

597 2780 719 2836 dine
749 2781 927 2851 gentis
959 2779 1288 2837 Francorum
1316 2779 1570 2834 Bitorieas
1601 2778 1766 2845 venit,
1801 2787 1974 2832 castra
2003 2789 2177 2834 meta-

597 2883 679 2928 tus
707 2873 1060 2946 estundique,
1094 2884 1148 2929 et
1175 2874 1352 2928 omnia
1379 2886 1500 2942 quze
1525 2873 1575 2925 in
1604 2887 1737 2946 gyro
1765 2872 1980 2926 fuerunt
2003 2881 2178 2927 vasta-

601 2963 695 3018 vit.
722 2945 1109 3033 Circumsepsit
1149 2965 1336 3030 urbem
1365 2945 1661 3018 munitione
1688 2961 2056 3028 fortissimam,
2106 2965 2177 3019 ita

600 3066 655 3110 ut
690 3056 862 3110 nullus
887 3055 1068 3130 egredi
1098 3069 1258 3110 ausus
1290 3054 1500 3120 fuisset,
1535 3064 1625 3108 aut
1654 3053 1857 3131 ingredi
1893 3054 2173 3122 potuisset.

598 3144 729 3199 Cum
760 3147 1022 3200 machinis
1061 3154 1113 3199 et
1143 3145 1287 3198 omni
1330 3159 1529 3222 genere
1574 3159 1847 3199 armorum
1879 3142 2176 3202 circumdo-

2284 1961 2374 2004 aut
2413 1951 2718 2008 interﬁcere
2744 1969 2838 2009 eos
2867 1957 3188 2024 potuissent.
3237 1957 3457 2012 Factum
3482 1967 3566 2011 est
3597 1968 3786 2013 autem
3824 1966 3880 2020 ut

2284 2042 2604 2097 Australdus
2655 2059 2857 2110 comes,
2895 2055 2955 2100 et
2993 2046 3336 2102 Galemanius
3391 2048 3630 2116 itemque
3670 2063 3875 2116 comes,

2283 2147 2405 2188 cum
2447 2135 2662 2203 paribus
2709 2151 2894 2190 eorum
2948 2138 3014 2190 ad
3065 2139 3278 2206 prepria
3321 2147 3748 2202 reverterentur,
3797 2140 3878 2194 hic

2284 2225 2494 2282 Mancio
2540 2242 2647 2283 una
2700 2243 2822 2283 cum
2867 2231 3212 2290 multitudine
3256 2232 3428 2299 gentis
3476 2230 3879 2298 Wasconorum

2282 2335 2446 2388 super
2484 2335 2578 2376 eos
2609 2322 2782 2390 irruit,
2827 2322 3035 2378 fortiter
3064 2323 3203 2380 inter
3237 2338 3297 2378 se
3339 2323 3684 2387 dimicantes,
3719 2340 3859 2392 prae-

2283 2411 2461 2467 dictus
2491 2412 2834 2470 Galemanius
2868 2424 2924 2469 et
2958 2414 3274 2469 Australdus
3300 2413 3500 2470 ibidem
3532 2416 3869 2470 Mancionem

2282 2513 2333 2558 et
2358 2505 2638 2559 universos
2677 2521 2830 2574 pares
2861 2521 3011 2571 suos,
3040 2507 3149 2561 Deo
3180 2506 3486 2576 adiuvante.
3515 2507 3870 2565 interﬁciunt.

2283 2594 2410 2649 flare
2461 2606 2746 2652 cernentes
2796 2596 3093 2654 Wascones
3143 2608 3284 2668 terga
3331 2608 3630 2664 verterunt,
3683 2615 3872 2660 omnes

2282 2687 2490 2755 equites
2529 2686 2620 2758 [Id
2666 2698 2762 2756 est,
2804 2687 3020 2758 equos],
3071 2705 3206 2759 quos
3255 2689 3456 2744 ibidem
3510 2690 3868 2756 adduxerant,

2281 2774 2576 2828 amiserunt
2603 2793 2616 2840 ;
2659 2785 2867 2831 montes
2897 2777 3170 2846 vallesque
3199 2787 3571 2846 pervagantes,
3600 2780 3768 2849 pauci
3793 2787 3870 2835 ta-

2283 2880 2406 2920 men
2437 2865 2522 2918 vix
2562 2864 2827 2934 fugaciter
2867 2876 3174 2922 evaserunt.
3206 2867 3311 2938 Ipsi
3359 2882 3489 2923 vero
3537 2884 3658 2923 cum
3699 2871 3872 2928 multa

2283 2956 2486 3026 prmda.
2517 2957 2598 3012 vel
2631 2958 2898 3026 equitibus
2925 2968 2979 3015 et
3008 2959 3214 3030 spoliis,
3264 2974 3386 3015 cum
3435 2960 3623 3031 gaudio
3655 2961 3872 3017 reversi

2281 3059 2405 3106 sunt
2436 3051 2499 3103 ad
2535 3052 2772 3119 prapria.

2350 3142 2510 3216 697
2542 3141 2824 3201 CXXVIII.
2855 3141 2989 3197 Dum
3025 3143 3105 3197 his
3147 3153 3199 3198 ct
3235 3143 3355 3203 aliis
3386 3145 3558 3200 modis
3587 3143 3787 3200 Franci
3815 3155 3866 3205 et

598 3243 676 3292 llit
706 3255 822 3293 eam
854 3241 1016 3304 vallo,
1048 3241 1230 3294 multis
1261 3240 1574 3304 vulneratis,
1625 3240 1975 3310 plurimisque
2005 3239 2172 3296 inter—
2203 3241 2249 3303 C
2285 3235 2575 3290 Wascones
2617 3249 2830 3304 semper
2877 3239 3015 3290 inter
3058 3250 3117 3290 se
3157 3238 3518 3302 altercarent,
3554 3236 3866 3307 Chilpingus

597 3331 770 3394 tectis,
806 3330 1094 3400 fractisque
1120 3330 1286 3385 muris
1317 3330 1459 3398 cepit
1481 3329 1687 3394 urbem,
1721 3339 1776 3387 et
1803 3330 2035 3385 restituit
2057 3345 2175 3384 eam

598 3423 782 3475 ditioui
815 3437 926 3474 sum
955 3421 1073 3489 jure
1106 3421 1295 3488 prmlii,
1325 3429 1378 3472 et
1408 3419 1651 3473 homines
1693 3420 1832 3488 illos,
1868 3436 2001 3490 quos
2030 3420 2175 3477 Wai-

599 3513 764 3576 furius
808 3511 874 3566 ad
912 3510 1305 3566 defendendum
1357 3509 1524 3578 ipsam
1569 3511 1837 3567 civitatem
1878 3511 2172 3577 dimiserat,

598 3606 878 3665 clementia
912 3619 1022 3658 sure
1069 3603 1280 3674 pietatis
1319 3603 1565 3671 absolvit,
1613 3603 1931 3673 dimissique
1972 3605 2173 3658 reversi

600 3709 722 3752 sunt
752 3697 818 3752 ad
851 3699 1085 3767 propria.
1122 3695 1434 3762 Unibcrtum
1475 3694 1606 3768 [Αιη
1635 3692 1973 3766 Umbertum]
2002 3695 2174 3751 comi-

599 3798 705 3842 tem
737 3799 789 3842 et
815 3789 1047 3858 reliquos
1076 3785 1391 3853 Wascones,
1424 3801 1560 3854 quos
1599 3784 1797 3840 ibidem
1831 3785 2050 3852 invenit,
2087 3800 2174 3840 sa-

596 3881 883 3946 cramentis
930 3879 1067 3935 datis
1115 3893 1298 3933 secum
1346 3877 1603 3944 adduxit,
1647 3893 1841 3932 uxores
1880 3893 2066 3933 eorum
2113 3894 2176 3935 ac

595 3973 792 4028 liberos
825 3974 884 4044 in.
921 3973 1194 4027 Franciam
1227 3970 1502 4025 ambulare
1538 3971 1824 4039 prtecepit,
1876 3985 2060 4025 muros
2095 3973 2174 4041 ip-

598 4068 712 4124 sius
745 4067 989 4122 Bitoricm
1019 4066 1249 4122 civitatis
1273 4065 1764 4134 restaurarejnbet,
1802 4068 2027 4122 comites
2047 4082 2175 4124 suos

594 4160 759 4230 696
808 4161 857 4212 in
907 4161 1075 4228 ipsam
1119 4159 1389 4212 civitatem
1441 4158 1505 4212 ad
1552 4159 1739 4213 custod
1763 4161 1958 4213 endum
2008 4160 2170 4214 misit.

593 4251 728 4306 Inde
765 4267 883 4308 cum
917 4253 1058 4306 (ιηιηὶ
1092 4255 1328 4306 exercitu
1370 4249 1693 4317 Francorum
1718 4292 1736 4315 ,
1783 4267 1950 4321 usque
1979 4252 2044 4306 ad
2085 4267 2174 4306 ca-

593 4350 762 4397 xtrum
794 4343 931 4410 quod
961 4353 1178 4396 vocatur
1207 4343 1465 4398 Toarcius
1500 4352 1520 4379 ο
1547 4343 1768 4407 veniens
1799 4361 1808 4394 :
1837 4357 2067 4413 cumque
2119 4343 2170 4397 in

594 4448 726 4504 gyro
752 4442 924 4489 castra
959 4434 1246 4502 posuisset,
1289 4434 1406 4503 ipse
1447 4443 1655 4488 castrus
1679 4433 1706 4469 ά
1734 4435 1865 4488 mira
1901 4435 2171 4492 celeritate

591 4533 804 4596 captum
834 4533 991 4594 atque
1010 4537 1323 4589 succensum
1352 4533 1454 4578 est.
1481 4524 1774 4578 Wascones
1804 4539 1940 4591 quos
1971 4525 2166 4578 ibidem

2279 3342 2461 3382 comes
2494 3331 2858 3382 Arvernorum
2880 3367 2895 3392 ,
2943 3328 3169 3382 collecto
3215 3327 3450 3399 undique
3494 3329 3743 3384 exercitu
3771 3370 3786 3393 ,
3815 3329 3865 3385 in

2279 3432 2414 3490 pago
2446 3417 2789 3488 Lugdunensi
2833 3417 2889 3471 in
2933 3434 3100 3487 regno
3147 3419 3469 3489 Burgundite
3516 3420 3582 3474 ad
3613 3422 3864 3491 praedan-

2278 3509 2401 3562 dum
2435 3508 2542 3581 [ΑΙ.
2583 3506 2960 3578 praeliandum]
3010 3509 3289 3566 ambulare
3333 3511 3622 3566 nitebatur.
3663 3512 3864 3569 Contra

2277 3620 2433 3671 quem
2465 3601 2762 3656 Adalardus
2800 3615 2982 3658 comes
3007 3601 3425 3668 Cavalonensis,
3457 3613 3512 3658 et
3543 3606 3864 3660 Australdus

2278 3691 2525 3760 idemque
2551 3704 2732 3746 comes
2751 3730 2767 3756 ,
2789 3704 2908 3744 cum
2946 3691 3164 3759 paribus
3191 3706 3376 3746 eorum
3409 3701 3593 3748 contra
3623 3708 3749 3748 eum
3777 3708 3864 3748 ve-

2277 3784 2486 3847 nientes
2511 3821 2525 3845 ,
2575 3791 2629 3835 et
2666 3795 2826 3849 super
2857 3781 3080 3836 fluvium
3124 3780 3328 3850 Ligeris
3380 3781 3593 3838 fortiter
3635 3785 3780 3840 inter
3807 3800 3863 3842 se

2276 3875 2591 3929 dimicantes
2617 3912 2632 3938 ,
2665 3873 2842 3928 statim
2865 3871 3181 3944 Chilpingus
3211 3888 3394 3930 comes
3431 3875 3484 3928 in
3514 3890 3581 3931 eo
3609 3877 3805 3944 prmlio
3832 3891 3861 3930 ι

2274 3983 2434 4038 supra
2479 3966 2693 4035 scriptis
2737 3964 3023 4036 comitibus
3073 3967 3282 4021 occisus
3332 3975 3454 4034 est,
3503 3977 3555 4021 et
3584 3967 3742 4022 multi
3774 3971 3860 4040 qui

2275 4075 2393 4116 cum
2418 4074 2482 4114 eo
2507 4064 2784 4117 venerant.
2818 4056 3013 4111 ibidem
3038 4055 3304 4114 interfecti
3335 4067 3481 4113 sunt.
3515 4057 3640 4112 Ilzrc
3672 4060 3861 4115 viden-

2277 4160 2356 4205 tes
2384 4149 2678 4205 Wascones
2724 4157 2867 4217 terga
2919 4156 3165 4212 vertunt;
3198 4146 3286 4201 vix
3321 4149 3471 4216 pauci
3502 4149 3652 4203 silvis
3679 4160 3737 4206 et
3774 4165 3861 4220 pa-

2275 4245 2491 4300 ludibus
2521 4241 2747 4314 ingressi
2775 4252 3083 4297 evaserunt.
3131 4240 3439 4312 Amanugus
3467 4255 3651 4296 eomes
3675 4243 3861 4297 PCCI39

2275 4337 2452 4392 vensis
2480 4335 2605 4390 dum
2649 4333 2973 4403 Turonicam
3022 4330 3327 4386 infestatam
3358 4332 3624 4400 pradaret
3650 4375 3666 4400 ,
3708 4344 3766 4389 et
3791 4335 3858 4389 ab

2277 4429 2580 4484 hominibus
2608 4425 2837 4481 Wlfardi
2880 4421 3084 4480 abbatis
3116 4423 3431 4484 monasterii
3471 4424 3611 4478 beati
3646 4423 3857 4486 Martini

2277 4521 2589 4577 interfectus
2629 4526 2754 4586 est,
2799 4526 2852 4573 et
2880 4519 3060 4586 plures
3092 4516 3182 4585 qui
3221 4531 3342 4576 cum
3375 4530 3442 4574 eo
3467 4515 3663 4573 ibidem
3695 4533 3858 4574 vena.

593 4618 818 4686 invenit,
871 4629 976 4672 una
1019 4629 1144 4677 cum
1191 4617 1307 4686 ipso
1334 4617 1529 4672 comite
1567 4616 1720 4676 duxit
1763 4616 1816 4669 in
1862 4616 2163 4672 Franciam.
2195 4611 2253 4674 Π
2281 4623 2438 4677 rant,
2483 4628 2604 4666 cum
2653 4609 2772 4678 ipso
2815 4607 3015 4679 pariter
3044 4605 3378 4662 ceciderunt.
3425 4606 3744 4678 Beliquiqui
3774 4625 3856 4665 re-

659 4789 688 4819 ι
733 4780 932 4850 Duplex
964 4777 1227 4850 estltujns
1259 4776 1484 4850 nominis
1513 4787 1776 4850 castrum,
1810 4777 1880 4850 ob
1908 4794 2163 4847 aquarum

590 4847 956 4906 salubritatem
987 4848 1224 4914 celebre,
1259 4847 1325 4902 I5
1355 4847 1566 4900 circiter
1611 4848 1799 4908 leui-is,
1836 4849 2165 4914 intermediis

588 4929 767 4977 tamen
818 4918 990 4982 Ligeri
1031 4928 1084 4972 et
1133 4917 1340 4972 Elaveri
1373 4915 1570 4976 fluviis.
1601 4934 1629 4970 a
1659 4932 1716 4970 se
1747 4918 1972 4981 invicem
2004 4921 2166 4974 dissi-

591 5001 722 5056 ttnn,
747 4993 949 5045 scilicet
982 4989 1154 5044 Burbu
1186 4989 1384 5042 Anselli
1413 4986 1928 5057 (Bourbon-Lauey),
1949 4990 2012 5043 ad
2040 4992 2168 5045 dex.

589 5070 757 5115 teram
798 5061 1002 5129 L'grris
1028 5074 1195 5128 ripam
1239 5059 1290 5111 in
1323 5058 1620 5113 Aﬂtlnorum
1655 5061 1871 5129 finibus,
1905 5072 1954 5114 et
1987 5061 2163 5117 Burbo

587 5127 976 5194 Errhentbahli,
1028 5127 1121 5182 seu
1169 5129 1232 5181 ad
1284 5129 1477 5182 Balnea
1530 5130 1600 5183 dit
1623 5139 1704 5184 tus
1735 5127 2162 5192 (Botubon-I‘Ar-

584 5203 886 5263 chambmul,
920 5217 1013 5257 seu
1043 5197 1596 5270 Baurhon-les-Bainx),
1649 5206 1698 5254 in
1743 5201 1934 5254 finibus
1966 5201 2160 5253 Bituri-

586 5285 729 5342 gum,
765 5277 848 5326 hic
896 5279 1250 5342 memoratus;
1283 5271 1370 5336 qui
1425 5272 1814 5342 augustissiuue
1867 5271 2157 5342 Borbonio-

583 5338 700 5396 rum
734 5343 964 5406 familitc,
1009 5357 1150 5394 nunc
1177 5338 1499 5393 Francorum
1533 5341 1710 5408 regite,
1741 5357 1929 5408 nomen
1980 5340 2152 5395 dedit.

587 5412 718 5482 Alia
749 5415 906 5468 urbes
951 5429 1108 5482 supra
1155 5419 1460 5482 memorata:
1488 5407 1668 5482 Trecze
1698 5407 1959 5482 (Troyes).
2004 5411 2150 5465 Auti-

585 5481 853 5553 siodorum
887 5479 1178 5553 (Auferre).
1211 5479 1790 5553 Nivernumﬂllcvers)‘,
1819 5479 2115 5553 tiOliBalIHl.

654 5549 681 5589 ⁸³
719 5549 977 5608 Observat
1021 5554 1221 5605 Savaro
1275 5552 1324 5604 in
1379 5551 1682 5620 Originibus
1730 5551 1966 5604 Clarom.
2017 5551 2152 5608 hanc

584 5621 806 5688 primani
835 5637 951 5675 esse
975 5622 1112 5689 apud
1140 5630 1349 5674 veteres
1378 5632 1621 5675 auctores
1643 5620 1986 5675 Clarimontis
2006 5639 2150 5677 men-

585 5691 804 5755 tioaem,
827 5706 984 5760 quem
1017 5702 1202 5759 aperte
1225 5692 1291 5743 ab
1321 5691 1431 5758 ipsa
1463 5692 1701 5760 Arverna
1736 5691 1884 5752 urbe,
1910 5691 1976 5745 ab
2009 5695 2149 5745 Anti-

579 5763 698 5828 quis
749 5759 1258 5828 AugustOuemetum
1305 5761 1592 5828 appellata,
1647 5759 1943 5829 distinguit.
2002 5761 2148 5815 [inde

577 5832 796 5902 conjicit
817 5840 1046 5889 castrum
1076 5846 1172 5886 seu
1206 5843 1380 5884 arcem
1412 5830 1462 5884 in
1495 5839 1676 5886 monte
1708 5830 1879 5885 vicino
1911 5832 1973 5885 ad
2005 5835 2148 5886 urbis

2274 4777 2570 4833 custodiam
2611 4775 2736 4827 olim
2764 4773 3059 4836 exstitisse,
3087 4767 3302 4824 Clarum
3340 4779 3573 4823 montem
3598 4767 3803 4824 dictum
3835 4786 3849 4836 ;

2274 4850 2414 4916 quod
2449 4857 2626 4915 postea
2676 4846 2771 4897 toti
2819 4843 2932 4895 urbi
2993 4857 3184 4895 nomen
3218 4839 3442 4916 _tribuit,
3491 4855 3612 4916 cum
3665 4855 3855 4908 nempe

2277 4909 2536 4975 bellorum
2571 4915 2884 4967 ttlmttltiltus
2916 4928 3020 4964 non
3068 4909 3235 4969 Semel
3283 4909 3480 4962 violata
3529 4910 3580 4963 in
3613 4920 3851 4969 montem

2278 4990 2532 5042 translata
2579 4986 2788 5038 fuisset.
2815 4983 2866 5036 Itl
2897 4983 3087 5052 probat
3117 4997 3180 5052 ex
3210 4979 3349 5052 vulgi
3399 4978 3706 5052 traditione,
3750 4995 3853 5052 qua

2277 5061 2376 5113 loci
2410 5057 2597 5112 incola:
2625 5055 2799 5108 vineta
2828 5061 2883 5105 et
2899 5050 3081 5124 tetras
3105 5050 3220 5104 urbi
3249 5051 3470 5124 vicinas,
3505 5053 3660 5120 vulgo
3687 5051 3738 5102 la
3769 5051 3850 5104 Ci-

2273 5141 2344 5194 to,
2372 5145 2487 5182 eam
2533 5141 2661 5179 vero
2693 5124 2839 5177 utbis
2866 5121 3067 5194 partem
3101 5135 3218 5190 quae
3248 5121 3447 5174 montis
3477 5133 3733 5175 cacumen
3757 5135 3849 5176 oc-

2273 5192 2449 5268 cupat,
2476 5198 2755 5268 (Ilairmolll
2775 5192 3073 5268 appellant.

2345 5259 2354 5306 ί
2389 5270 2562 5324 Situm
2587 5276 2668 5320 est
2698 5267 2748 5318 in
2775 5259 3045 5322 Pictonum
3081 5262 3295 5328 ﬁnibus,
3323 5264 3482 5332 vulgo
3506 5259 3745 5314 Thouars
3769 5261 3846 5314 di-

2275 5350 2443 5404 ctum,
2477 5339 2742 5404 hodieque
2772 5335 3004 5396 celebre,
3037 5334 3259 5386 (luentns
3301 5333 3457 5404 titulo
3503 5333 3848 5404 illustratum,

2270 5414 2410 5478 quod
2433 5400 2459 5462 a
2489 5400 2829 5478 nobilissima
2850 5405 2908 5478 Τ]
2924 5405 3264 5478 etnolliorntu
3293 5400 3493 5478 familia
3512 5401 3844 5478 possidetur.

2268 5472 2546 5537 Ᾱίηιυὶιιιιε
2588 5478 2746 5530 habet
2793 5473 3083 5536 Cadurria;
3114 5489 3178 5525 an
3207 5472 3405 5526 Cohors
3441 5472 3669 5525 voluerit
3711 5473 3847 5526 desi-

2261 5554 2462 5622 gnare?
2499 5550 2732 5622 Annales
2761 5545 3046 5622 hlettenses
3079 5543 3298 5610 habent,
3333 5541 3574 5597 Thoarcit
3595 5554 3840 5606 castrum,

2261 5616 2360 5691 quo
2389 5626 2437 5676 in
2465 5618 2736 5691 Aquitania
2762 5616 2956 5691 ﬁrmior
2989 5631 3090 5667 non
3121 5623 3249 5667 erat.

2335 5692 2357 5730 ά
2399 5693 2485 5744 Sic
2520 5683 2649 5742 IIoll.
2686 5702 2786 5755 pro
2815 5688 2982 5755 ipsum
3029 5696 3273 5738 rastrum.
3308 5683 3434 5750 Ed.,
3464 5683 3572 5751 ipse
3602 5692 3842 5755 castrum.

2332 5775 2352 5798 ’θ
2399 5762 2450 5814 Μ
2477 5768 2582 5823 est,
2619 5753 2997 5826 ill—t‘egiuttent,
3030 5757 3225 5809 scilicet
3257 5771 3373 5825 qum
3417 5756 3640 5824 I‘ippino
3669 5753 3841 5823 subje-

2255 5844 2336 5887 cta
2363 5843 2495 5888 erat.
