4132 6348
328 333 427 390 C93

1213 329 1614 389 cunomcun
1655 312 2173 385 coxrlnuarun.
2214 331 2390 389 rans
2431 333 2742 400 ausura.

3485 334 3590 392 ὅθι

329 460 634 506 manserant
653 459 797 515 terga
817 457 1111 514 vertentes,
1135 450 1292 520 pauci
1325 451 1408 503 vix
1433 456 1738 504 evaserunt.
1773 447 1910 501 Dum
1942 451 1988 507 Α
2015 447 2110 502 vit.
2146 448 2298 505 Unde
2325 465 2462 519 pene
2489 452 2665 506 omnis
2687 449 2996 521 Aquitania,
3028 456 3136 506 tam
3163 449 3406 508 ecclesia:
3433 466 3591 520 quam

329 542 444 596 haec
475 548 763 609 agerentur
787 583 800 602 ,
835 539 1177 594 Bctnistanus
1218 540 1507 592 avunculus
1556 536 1798 591 Wail'arii
1847 534 1913 589 ad

330 636 642 708 praedictum
690 650 870 703 regem
913 636 1140 690 veniens
1163 677 1178 701 ,
1211 642 1546 689 sacramenta
1589 631 1752 686 multa
1781 638 1834 683 et
1865 629 1918 681 ll-

333 729 457 783 dem
485 726 740 798 pracdicto
770 726 878 798 regi
909 725 1135 796 Pippino
1162 724 1428 796 promisit,
1458 733 1515 778 ut
1543 738 1754 791 semper
1785 719 1914 774 lide-

334 821 399 873 lis
431 830 534 874 tam
573 818 831 888 prmdicto
859 817 968 887 regi
995 858 1009 878 ,
1055 832 1212 886 quam
1242 826 1294 870 et
1323 816 1446 868 tiliis
1475 813 1586 868 suis
1609 811 1753 866 omni
1785 819 1917 864 tem-

338 927 466 981 pore
521 925 640 964 esse
680 909 921 963 deberet.
999 908 1114 962 Bex
1163 921 1293 960 vero
1352 905 1608 974 Pippinus
1663 904 1715 955 in
1763 915 1914 954 suam

335 1002 590 1056 ditionem
623 1017 744 1054 eum
789 1000 1030 1067 recepit,
1073 1007 1128 1052 et
1160 998 1323 1051 multa
1369 1011 1591 1050 munera
1617 995 1733 1049 auri
1757 1003 1916 1048 etar-

331 1093 496 1161 getri,
523 1099 577 1145 et
624 1091 856 1160 pretiosa
889 1091 1228 1154 vestimenta,
1259 1089 1464 1158 equites
1486 1085 1580 1162 [Id
1605 1096 1701 1154 est,
1727 1084 1917 1156 equos]

330 1196 379 1238 et
413 1199 556 1235 arma
589 1182 884 1251 largiendo,
916 1197 1036 1237 eum
1064 1181 1274 1236 ditavit.

398 1275 637 1329 CXXIX.
676 1277 791 1328 Rex
843 1276 1094 1342 Pippiuns
1150 1284 1421 1337 castrum,
1468 1272 1554 1326 cui
1606 1286 1798 1325 nomen
1837 1278 1920 1324 est

332 1370 668 1435 Argentarius
700 1377 722 1402 ἰ
762 1367 814 1420 in
843 1383 974 1437 pago
1009 1367 1246 1419 Bilorino
1269 1405 1284 1427 ,
1329 1379 1357 1417 a
1405 1363 1750 1417 fundamento
1783 1363 1919 1416 tniro

332 1474 496 1525 opere
530 1458 581 1512 in
622 1459 903 1527 pristinum
950 1468 1146 1512 statum
1199 1472 1448 1522 reparare
1473 1455 1661 1525 jussit,
1695 1455 1920 1509 comites

333 1567 458 1605 suos
482 1550 676 1605 ibidem
694 1550 759 1604 ad
785 1548 1197 1604 custodiendum
1225 1549 1463 1610 mittens,
1492 1551 1660 1616 ipsum
1684 1555 1916 1600 castrum

331 1643 645 1698 Rcmislano
685 1642 750 1695 ad
797 1642 1057 1697 Wail‘ario
1097 1641 1480 1705 resistendum,
1513 1654 1631 1694 cum
1663 1640 1919 1693 medieta-

329 1743 382 1789 te
412 1733 437 1772 δ
470 1735 586 1804 pagi
619 1734 838 1787 Bilorini
873 1748 1039 1802 usque
1067 1733 1133 1786 ad
1165 1736 1360 1788 Carum
1397 1743 1442 1793 ε,
1477 1732 1765 1787 concessit.
1822 1730 1914 1784 Vi-

2017 543 2362 609 monasteria,
2391 543 2585 599 divites
2609 553 2664 600 et
2683 557 2948 614 pauperes
2975 544 3094 598 vina
3126 542 3326 599 habere
3354 557 3597 598 consuc-

2021 642 2230 697 verant,
2257 635 2438 690 omnia
2468 638 2694 692 vastavit
2742 645 2798 692 et
2838 636 3001 706 cepit.
3067 635 3199 690 Dum
3229 635 3345 691 hac
3367 650 3593 705 ageren-

2018 732 2125 790 tur,
2156 725 2446 782 Wail’arius
2470 742 2592 783 eum
2633 728 2872 783 exercitu
2917 742 3110 797 magno
3152 736 3208 782 et
3247 727 3594 797 plurimorqu

2021 817 2447 884 Wasconorum,
2497 818 2589 889 qui
2643 819 2780 873 ultra
2823 816 3126 873 Garonnam
3173 826 3594 881 commorantur,

2019 909 2106 979 qui
2135 899 2426 979 antiquitus
2455 908 2624 964 vocati
2650 919 2772 963 sunt
2804 909 2986 964 Vaceti
3012 907 3065 974 ιι,
3095 924 3257 980 super
3283 908 3596 977 praedictum

2022 1015 2201 1066 regem
2232 1003 2400 1054 venit.
2429 998 2535 1054 Sed
2567 1000 2747 1053 statim
2779 999 2940 1053 solito
2986 1013 3135 1054 more
3159 1012 3347 1053 omnes
3372 997 3597 1054 Wasco-

2021 1104 2118 1143 nes
2149 1099 2296 1159 terga
2322 1096 2620 1155 verterunt,
2647 1088 2862 1157 plurimi
2901 1088 3098 1144 ibidem
3123 1103 3152 1142 a
3186 1089 3404 1143 Francis
3426 1088 3597 1144 inter-

2022 1181 2147 1236 fecti
2177 1189 2322 1236 sunt.
2357 1179 2482 1234 lla-c
2509 1193 2740 1236 cernens
2769 1194 2890 1244 rex,
2921 1181 3166 1249 persequi
3190 1195 3312 1235 eum
3337 1179 3517 1250 jubet,
3545 1189 3600 1235 et

2023 1288 2196 1341 usque
2218 1272 2284 1326 ad
2312 1283 2526 1327 noctem
2554 1287 2678 1326 eum
2712 1285 3068 1340 persequens,
3099 1272 3187 1326 vix
3210 1271 3374 1344 699
3401 1271 3600 1326 \Vaiia-

2022 1365 2132 1419 rius
2157 1377 2279 1418 cum
2310 1361 2492 1432 paucis
2535 1360 2626 1431 qui
2669 1369 3084 1426 remanserant,
3117 1361 3369 1430 fugiendo
3407 1362 3598 1415 evasit.

2026 1454 2079 1508 In
2117 1468 2180 1509 eo
2223 1452 2408 1522 proelio
2454 1452 2748 1508 Blandinus
2790 1467 2974 1508 eomes
3005 1454 3401 1514 Arvernorum.
3439 1466 3600 1522 quem

2024 1546 2313 1616 praedictus
2339 1560 2432 1601 rex
2464 1545 2610 1615 prius
2634 1554 2850 1615 ceperat
2874 1585 2890 1609 ,
2920 1553 2976 1600 et
3001 1545 3094 1615 qui
3141 1555 3324 1614 postea
3351 1544 3418 1600 ad
3448 1541 3602 1599 Wal-

2022 1636 2214 1689 tarium
2240 1635 2552 1705 confugium
2581 1634 2784 1690 fecerat
2807 1674 2824 1700 ,
2853 1635 2908 1689 in
2947 1648 3012 1690 eo
3061 1625 3252 1702 praelia
3291 1632 3602 1688 interfectus

2021 1738 2122 1784 est.
2150 1728 2262 1783 Rex
2309 1727 2564 1798 Pippinus
2587 1769 2603 1795 ,
2652 1729 2950 1797 opitulante
2997 1727 3108 1782 Deo
3129 1770 3142 1792 ,
3182 1728 3354 1780 victor
3374 1729 3600 1781 exstitit.

331 1824 465 1880 deus
527 1824 816 1892 praedictus
862 1823 1149 1877 Waifarius
1172 1864 1185 1888 ,
1246 1822 1495 1891 princeps
1539 1821 1910 1890 Aquitanicus,
1949 1827 1990 1884 Β
2022 1823 2235 1876 l‘atrata
2267 1821 2457 1875 iterum
2489 1821 2718 1874 victoria
2744 1835 2864 1875 eum
2889 1835 3081 1890 magno
3104 1819 3601 1886 triumpho,iterum

331 1916 470 1987 quod
504 1927 734 1969 castrum
766 1916 933 1986 698
959 1914 1318 1968 Claremontis
1347 1929 1438 1969 rex
1482 1913 1728 1966 bellando
1755 1929 1913 1979 cepe-

330 2015 448 2068 rat,
508 2015 562 2056 et
613 2004 873 2058 Bituricas
919 2012 1078 2071 caput
1125 2003 1459 2072 Aquitanizc,
1503 2005 1912 2057 nlnniti-simatu

332 2102 542 2167 urbem,
573 2116 692 2154 cum
724 2099 985 2154 machinis
1013 2099 1267 2167 cepisset,
1297 2108 1348 2151 et
1382 2099 1635 2166 impetum
1664 2097 1781 2166 cjus
1810 2099 1914 2150 l'er-

331 2210 388 2249 re
416 2211 517 2248 non
560 2193 855 2262 potuisset,
888 2207 1075 2246 omnes
1112 2191 1357 2244 civitates
1395 2205 1514 2258 qua:
1553 2190 1603 2242 in
1633 2189 1912 2256 Aquitania

333 2286 610 2356 provincia
642 2284 862 2339 ditionis
889 2299 1002 2338 suae
1033 2294 1182 2338 erant
1212 2325 1228 2347 ,
1272 2281 1324 2335 id
1355 2290 1439 2335 est
1467 2281 1709 2335 Peetavis
1731 2277 1780 2343 ἀ,
1815 2280 1915 2332 Le-

330 2380 591 2439 lnodieas.
615 2378 890 2444 Santonis,
920 2378 1218 2438 l'elreeors,
1249 2375 1573 2444 Eqno'isma,
1604 2383 1659 2428 et
1689 2374 1916 2442 reliquas

329 2474 676 2542 quamplures
700 2471 948 2527 civitates
967 2469 1273 2533 etcastella,
1308 2481 1496 2521 omnes
1524 2479 1704 2520 nmros
1731 2481 1912 2520 eorum

334 2567 388 2620 in
423 2574 623 2618 terram
657 2562 967 2631 prostravit,
993 2575 1128 2628 quos
1162 2568 1338 2626 postea
1365 2557 1654 2626 praecelsus
1681 2572 1772 2611 rex
1802 2557 1915 2625 Pip-

330 2655 492 2726 pinus
535 2668 784 2721 reparare
807 2653 993 2720 jubet,
1017 2659 1070 2704 et
1102 2651 1343 2702 homines
1369 2662 1493 2701 suos
1521 2663 1548 2702 a
1573 2649 1584 2699 l
1616 2649 1759 2715 ipsas
1786 2649 1915 2702 civi-

330 2755 473 2800 tates
519 2743 929 2798 custodiendum
976 2742 1194 2795 dimisit.
1250 2741 1442 2793 lterum
1481 2754 1548 2794 eo
1601 2754 1742 2791 anno
1793 2753 1912 2792 eum

329 2836 480 2890 uului
515 2835 753 2890 exercitu
779 2848 876 2888 suo
905 2832 1192 2902 pra-dictus
1235 2845 1326 2884 rex
1360 2830 1614 2900 l‘ippinus
1637 2829 1701 2882 ad
1731 2830 1912 2883 sedem

332 2927 604 2999 propriam
639 2940 886 2979 reversus
908 2932 1009 2976 est.

393 3023 492 3074 Art.
522 3015 1062 3073 nccr.xv.—-C.\XX.
1094 3014 1286 3068 lterum
1310 3012 1553 3082 sequenti
1575 3027 1738 3076 anno,
1769 3026 1910 3065 coru-

331 3123 480 3169 moto
525 3112 671 3165 omni
719 3111 959 3165 exercitu
993 3108 1352 3172 Francorum,
1388 3119 1483 3172 per
1511 3104 1740 3169 Trecas,
1790 3103 1914 3156 inde

2019 1913 2083 1967 ad
2120 1912 2505 1984 Denegontium
2545 1910 2560 1948 ί
2597 1925 2719 1966 cum
2766 1926 2958 1981 magno
2999 1911 3235 1965 exercitu
3278 1911 3600 1965 Francorum

2018 2011 2083 2064 ad
2114 2010 2355 2079 Ligerem
2384 2011 2602 2066 veniens
2630 2050 2645 2074 ,
2671 2011 2795 2065 inde
2831 2025 2922 2076 per
2945 2025 3134 2080 pagum
3170 2007 3604 2077 Augustudinen-

2019 2117 2130 2156 sem
2155 2103 2216 2156 ad
2242 2105 2510 2171 propriam
2551 2103 2732 2158 sedem
2765 2105 3022 2158 remeavit
3049 2103 3280 2158 invictus
3315 2105 3365 2156 l.
3394 2100 3599 2157 Waila-

2023 2195 2134 2249 rius
2161 2194 2478 2261 legationem
2505 2192 2570 2247 ad
2604 2193 2916 2260 praedictum
2939 2209 3116 2262 regem
3149 2195 3383 2257 mittens,
3416 2200 3603 2261 petens

2019 2290 2069 2342 ei
2117 2286 2259 2354 quod
2309 2285 2566 2340 Biloricas
2619 2293 2676 2340 et
2726 2285 2959 2354 reliquas
3005 2284 3253 2338 civitates
3300 2283 3604 2353 Aquitania:

2021 2382 2306 2448 provinciae
2331 2428 2345 2448 ,
2386 2399 2515 2450 quas
2538 2383 2605 2437 de
2636 2397 2796 2436 manu
2837 2380 2955 2451 ejus
2993 2380 3274 2450 prmdictus
3301 2394 3393 2434 rex
3425 2379 3604 2434 abstu-

2021 2473 2176 2539 lrrat,
2201 2474 2247 2525 ei
2279 2473 2564 2538 redderet,
2596 2483 2650 2527 et
2681 2483 2862 2541 postea
2896 2472 3042 2540 ipsas
3073 2470 3362 2526 Wail'arius
3388 2468 3604 2524 ditionis

2019 2576 2128 2614 sine
2159 2561 2352 2616 [θοι-τοι
2379 2579 2392 2628 ;
2431 2563 2623 2617 tributa
2660 2563 2741 2616 vel
2773 2577 2994 2617 munera
3021 2606 3034 2628 ,
3067 2577 3188 2632 quae
3234 2569 3607 2617 antecessores

2018 2650 2101 2704 sui
2132 2666 2285 2720 reges
2312 2651 2639 2707 Francorum
2665 2653 2731 2707 de
2763 2652 3047 2721 Aquitania
3085 2653 3290 2722 provint
3311 2653 3357 2707 ia
3393 2651 3608 2720 exigere

2019 2754 2449 2808 consueverant,
2479 2744 2636 2797 annis
2676 2745 2846 2812 singul
2875 2760 2899 2797 s
2937 2745 3175 2811 partibus
3210 2743 3466 2812 przcdicto
3494 2743 3607 2810 regi

2020 2834 2246 2903 Pippino
2273 2835 2482 2888 solvere
2514 2834 2755 2893 deberet.
2804 2835 2906 2889 Sed
2937 2836 3037 2889 hoc
3068 2851 3160 2888 rex
3193 2851 3287 2902 per
3316 2834 3601 2890 consilium

2019 2925 2347 2980 Francorum
2372 2925 2395 2964 ¹ί
2427 2935 2481 2981 ct
2507 2943 2785 2993 procerum
2813 2943 3031 2982 suorum
3059 2927 3234 2981 facere
3259 2926 3604 2994 contempsit.

2089 3017 2185 3070 An.
2220 3031 2540 3086 nccexvt.-—
2561 3016 2795 3072 CXXXI.
2826 3018 3051 3072 Evoluto
3081 3018 3240 3088 igitur
3277 3031 3438 3084 anno,
3460 3032 3607 3073 coni-

2021 3119 2167 3163 moto
2219 3110 2365 3164 ornui
2397 3110 2633 3163 exercitu
2680 3111 2719 3164 F
2725 3123 3006 3165 ramorum
3030 3153 3043 3177 ,
3080 3110 3163 3165 vel
3195 3110 3479 3178 plurimum
3509 3124 3607 3164 na-

332 3201 728 3260 Autisioderum
758 3241 772 3264 ,
821 3213 988 3265 usque
1035 3196 1101 3250 ad
1147 3195 1470 3250 Nievernum
1505 3202 1528 3231 ⁸
1560 3193 1745 3246 urbem
1794 3207 1914 3246 cum
1943 3202 1990 3264 ς
2025 3202 2248 3266 lionum,
2285 3217 2403 3267 qua:
2433 3202 2484 3254 in
2516 3216 2682 3272 regno
2710 3216 2806 3254 suo
2836 3203 3334 3269 commorabamur,
3352 3215 3519 3270 usque
3539 3200 3608 3255 ad

333 3298 476 3353 onmi
507 3296 745 3352 exercitu
775 3292 1019 3358 veniens,
1053 3289 1233 3358 ibique
1253 3302 1373 3341 cum
1404 3285 1422 3323 ί
1460 3286 1684 3340 Francis
1707 3295 1759 3340 et
1790 3299 1912 3355 pro-

333 3389 548 3444 ceribus
598 3387 711 3441 suis
757 3383 1014 3454 placitum
1067 3395 1223 3436 suum
1277 3378 1480 3446 Campo
1509 3377 1679 3432 bladio
1707 3386 1912 3431 tenens.

332 3478 525 3535 Postea
555 3479 742 3546 Ligere
774 3482 1064 3537 transacto,
1102 3469 1440 3540 Aquitaniam
1471 3483 1717 3538 pergens,
1751 3481 1916 3536 usque

333 3571 398 3625 ad
431 3571 748 3626 Lcmodicas
796 3566 1062 3628 accessit,
1115 3571 1279 3618 totam
1314 3562 1586 3631 regionem
1626 3562 1769 3614 illam
1820 3575 1914 3621 va-

333 3671 504 3730 stans,
540 3661 691 3714 villas
724 3658 961 3728 publicas
988 3699 1001 3722 ,
1038 3670 1155 3725 qua:
1196 3651 1410 3707 ditionis
1457 3651 1698 3706 Wait‘arii
1738 3661 1911 3718 erant,

338 3765 476 3810 totas
509 3754 631 3824 igne
672 3763 1022 3806 concrcmare
1066 3748 1340 3818 praecepit.
1388 3745 1518 3800 Tota
1572 3745 1787 3812 regione
1825 3743 1915 3798 illa

335 3861 475 3917 pene
503 3854 728 3908 vastata,
760 3841 1100 3896 monasteriis
1125 3838 1306 3892 multis
1333 3836 1670 3905 depopulatis
1697 3877 1712 3899 ,
1750 3850 1917 3896 usque

336 3933 695 3992 Hisandonem
725 3943 750 3980 κ
781 3932 1023 3995 veniens,
1050 3931 1192 3984 unde
1215 3928 1500 3981 niaximum
1529 3935 1734 3996 partem
1761 3926 1913 3993 Aqui-

339 4027 520 4090 tanize,
552 4024 643 4079 ubi
677 4023 964 4095 pluriumtn
997 4021 1276 4076 vinearum
1303 4025 1455 4081 erat,
1481 4017 1625 4085 cepit
1652 4029 1714 4070 ac
1743 4025 1917 4068 vasta-

409 4149 436 4178 ι
477 4139 623 4193 Alias
651 4137 1106 4206 Argentomagus,
1153 4130 1628 4206 vulgoﬁrgcnton,
1662 4130 1914 4206 oppidum

337 4212 402 4266 ad
431 4201 825 4277 Crausiam'Ua
856 4201 1091 4268 Creusa).
1137 4205 1278 4272 apud
1316 4202 1610 4268 Bituriges,
1653 4201 1917 4277 ubi__Mar-

337 4283 504 4336 celius
532 4293 583 4336 et
616 4272 928 4332 Anastasius
960 4277 1272 4345 martyrium
1305 4286 1708 4345 consummasse
1731 4272 1918 4345 dicun-

337 4361 422 4405 tur
452 4352 588 4416 apud
616 4350 916 4406 Usuardum
947 4359 1000 4401 et
1037 4341 1502 4415 in'llartyrologio
1533 4341 1794 4407 Romano,
1829 4342 1917 4397 die

335 4425 403 4478 29
433 4423 597 4476 Junii.

412 4493 436 4531 ιι
480 4493 642 4558 Editi,
677 4508 792 4545 cum
815 4491 886 4544 eis
913 4488 1252 4542 medietatem.

2017 3291 2321 3345 Aureliauis
2369 3291 2587 3345 veniens
2612 3334 2626 3356 ,
2679 3292 2749 3346 ibi
2783 3291 3037 3360 placitum
3084 3307 3237 3345 suum
3267 3293 3470 3360 Campo
3497 3291 3606 3346 Ma-

2015 3381 2106 3435 dio
2138 3378 2154 3417 1
2196 3396 2291 3448 pro
2320 3382 2550 3435 utilitat:
2587 3382 2916 3436 Francorum
2949 3383 3199 3448 instituit,
3232 3393 3437 3448 tenens,
3471 3384 3607 3436 mul-

2019 3471 2086 3524 tis
2138 3471 2445 3526 muneribus
2489 3487 2518 3524 a
2568 3472 2791 3526 Francis
2821 3481 2878 3528 et
2925 3474 3240 3543 proceribus
3268 3474 3379 3530 suis
3407 3474 3607 3530 ditatus

2017 3572 2117 3618 est.
2148 3563 2345 3618 Iterum
2379 3563 2569 3634 Ligere
2604 3573 2894 3628 transacto,
2928 3573 3092 3619 totam
3121 3563 3459 3634 Aquitaniam
3487 3580 3608 3633 per-

2017 3668 2182 3724 gens,
2234 3669 2402 3722 usque
2450 3654 2515 3708 ad
2552 3654 2817 3724 Aginnum
2853 3655 3105 3720 veniens,
3137 3665 3300 3709 totam
3332 3656 3607 3722 regionem

2020 3749 2163 3802 illam
2198 3747 2516 3803 devastavit.
2555 3747 2809 3802 Videnth
2847 3756 2952 3801 tam
2987 3747 3280 3801 Waseones
3308 3761 3462 3814 quam
3493 3761 3607 3800 ma-

2014 3839 2162 3909 jores
2205 3849 2330 3893 natu
2360 3839 2661 3908 Aquitania:
2684 3878 2700 3904 ,
2749 3840 3070 3893 necessitate
3098 3837 3360 3906 compulsi
3392 3836 3604 3905 plurimi

2019 3931 2085 3985 ad
2111 3946 2236 3984 eum
2270 3939 2531 3984 venerunt
2558 3971 2574 3996 ,
2623 3937 2961 3984 sacramenta
3005 3929 3072 3984 ad
3120 3944 3242 3984 eum
3273 3927 3467 3984 ibidem
3509 3930 3604 3983 do-

2019 4031 2177 4086 nant,
2207 4029 2261 4075 et
2288 4035 2346 4075 se
2396 4021 2616 4076 ditionis
2644 4035 2756 4075 suae
2780 4019 3006 4076 faciunt.
3036 4021 3111 4076 lla
3139 4021 3286 4074 omni
3318 4020 3600 4090 Aquitania

2020 4135 2253 4188 Annales
2277 4135 2563 4188 Mettenses
2597 4135 2919 4201 colloquium
2953 4148 3136 4188 mense
3176 4135 3411 4203 Angusto
3446 4133 3600 4188 habi-

2020 4213 2132 4258 tum
2165 4221 2253 4258 an.
2287 4206 2387 4260 567
2418 4203 2665 4272 Campum
2699 4205 2858 4276 Magii
2880 4207 3170 4272 appellant,
3202 4205 3323 4276 licet
3357 4205 3458 4276 hoc
3481 4206 3600 4271 ipso

2020 4290 2160 4398 ano?
2186 4285 2476 4357 conventus
2503 4276 2759 4329 solemnis
2791 4274 2864 4330 're
2906 4277 3020 4345 ipsa
3065 4291 3250 4332 mense
3276 4274 3415 4329 Maio
3447 4274 3599 4330 habi-

2021 4355 2106 4398 tus
2159 4355 2345 4398 ursset.

2021 4355 2106 4400 tus
2139 4355 2345 4400 luisset.

2092 4425 2117 4464 ε
2161 4418 2314 4479 Boh.,
2341 4416 2607 4470 Hissando
2633 4459 2646 4482 ,
2689 4418 2820 4470 alias
2860 4415 3082 4470 luando
3127 4426 3180 4471 et
3211 4414 3452 4469 Exaudo.
3491 4415 3603 4470 lloc

2024 4486 2280 4556 oppidum
2312 4503 2398 4558 ap;
2419 4491 2610 4540 ellatur
2641 4489 2793 4558 vulgo
2816 4487 3096 4555 lsaaudon,
3122 4491 3188 4542 ad
3221 4487 3469 4558 Vigeram
3505 4487 3600 4542 llu-

409 4575 432 4602 e
478 4553 641 4649 δεμ
670 4577 828 4645 usque
872 4559 1022 4640 Care.
1063 4558 1234 4649 Carusl
1279 4569 1378 4636 seu
1420 4553 1618 4649 Caris“,
1649 4554 1818 4649 vulgo
1867 4555 1915 4635 le
1945 4587 1994 4649 υ
2024 4553 2329 4649 villi-turppnd
2363 4558 2692 4649 Letltiovices;

335 4635 490 4700 Cller,
522 4635 814 4701 Biturigum
850 4629 1174 4698 provinciam
1205 4628 1336 4701 duas
1367 4627 1620 4701 i_n_par_tes
1649 4627 1910 4701 secat,qui

337 4695 518 4759 multis
548 4695 738 4758 auctier
785 4695 1013 4755 llu’violis
1045 4702 1258 4753 laudent
1293 4695 1344 4750 in
1377 4697 1606 4767 Ligerim
1649 4697 1914 4750 delabitur

335 4778 492 4845 paulo
516 4773 945 4845 infra'l‘urones.

405 4844 431 4884 ἀ
476 4847 634 4912 Boh.,
653 4844 946 4898 Pictoris...
971 4842 1279 4912 Lemovices,
1301 4835 1912 4912 Petrecoris,_Eoolimm.

335 4917 428 4973 ":1:
469 4906 632 4970 urbes
668 4926 790 4969 sunt
812 4913 1050 4974 Poitiers,
1072 4910 1568 4979 Limoges,Salntes,
1599 4906 1913 4979 Périgucnx,

335 4987 648 5059 Angauléme
672 5029 687 5053 ,
739 4983 1130 5055 provinciarum
1181 4977 1298 5051 qua:
1349 4979 1416 5033 ab
1456 4982 1535 5034 eis
1574 4979 1788 5030 nomina
1823 4977 1916 5028 lla-

337 5060 465 5112 bent
493 5059 686 5125 capita.

413 5139 434 5167 ε
475 5115 635 5195 Boh.,
671 5127 985 5192 Nevernum,
1020 5122 1181 5176 Freh.
1207 5130 1261 5175 et
1279 5118 1436 5186 Can.,
1468 5117 1742 5181 mendose,
1772 5115 1902 5170 Alter

332 5216 399 5254 nu
409 5217 476 5252 ιη.

403 5271 430 5308 τ
477 5271 600 5324 Haec
625 5269 809 5331 verba,
839 5266 1006 5334 ibique
1032 5279 1147 5316 cum
1171 5304 1184 5323 ,
1215 5269 1321 5334 etc.
1350 5299 1364 5321 ,
1396 5273 1564 5326 usque
1593 5265 1801 5334 tenens,
1823 5271 1918 5334 ex-

337 5341 622 5409 puugenda
651 5329 835 5393 censet
860 5329 1121 5393 Coiutins.
1154 5330 1294 5397 quod
1319 5345 1384 5383 eo
1413 5345 1578 5409 anno,
1601 5330 1674 5382 uti
1707 5329 1812 5409 ips_i_
1837 5331 1915 5408 vi-

338 5397 530 5478 lletdr,
583 5411 909 5466 Francorum
951 5412 1286 5481 corneolus”,
1346 5401 1729 5481 seu.Cam_p_us
1769 5397 1908 5481 blaii,

337 5482 479 5549 apud
515 5469 832 5535 Attiniacnm
867 5482 918 5532 in
955 5474 1201 5549 Bemcusi
1228 5469 1910 5549 Cztntpa‘niahabitus.fue-

336 5539 424 5607 ril.
459 5552 735 5606 llahentur
785 5558 959 5602 tamen
1006 5546 1061 5600 in
1111 5543 1358 5596 Omnibus
1402 5540 1571 5594 Editis
1597 5550 1650 5594 et
1676 5539 1909 5607 scriptis,

337 5637 472 5691 quos
499 5624 682 5676 videre
716 5622 878 5675 licuit.
900 5617 1024 5691 ASed
1049 5617 1133 5670 hic
1161 5614 1294 5667 forte
1315 5616 1486 5677 campi
1511 5610 1669 5691 Madii
1697 5610 1911 5664 nomine

336 5681 468 5748 nihil
500 5693 645 5746 aliud
692 5689 1200 5759 ittlclllgiturﬂqtlalll
1247 5681 1907 5759 convetttUs__Francorum

338 5762 405 5819 ad
433 5764 837 5818 deliberandum
863 5751 934 5815 de
977 5751 1177 5831 aliquot
1211 5755 1350 5831 circa
1386 5752 1778 5831 etpeditionem

338 5832 667 5891 ﬁcultatibus
711 5841 948 5890 coactus.
976 5822 1151 5894 Cet'te,
1180 5835 1234 5880 ut
1255 5827 1366 5895 ipse
1397 5823 1630 5881 Cointius
1656 5822 1882 5878 advertit

2092 4625 2121 4665 ιι
2162 4628 2380 4694 Bubon,
2423 4627 2641 4682 l’acceti.
2674 4629 2802 4681 Can.
2832 4638 2883 4684 et
2915 4627 3104 4692 Freh.,
3146 4626 3336 4682 Vacci.
3375 4626 3437 4680 lli
3464 4626 3601 4681 forte
3664 4622 3668 4626 ’

2022 4710 2146 4753 sunt
2179 4699 2327 4754 Vasci
2353 4740 2369 4764 ,
2422 4715 2514 4754 seu
2550 4701 2749 4767 Bascli,
2781 4716 2913 4770 quos
2953 4699 3219 4767 hodieque
3249 4697 3475 4765 Basqucs
3505 4709 3605 4767 ap-

2043 4771 2303 4825 tellamus.

2022 4785 2303 4840 pellamus.

2099 4839 2114 4878 ί
2162 4840 2319 4904 Boh.,
2347 4840 2414 4891 ad
2445 4840 2704 4910 Digontio.
2735 4839 2869 4895 Can.
2900 4848 2955 4892 et
2978 4837 3162 4901 Freh.,
3189 4836 3256 4910 ad
3288 4837 3599 4910 Degontltm.

2022 4911 2192 4978 Vulgo
2212 4908 2770 4979 appellatur'Digoius,
2801 4927 2892 4964 seu
2919 4910 3154 4978 Digoine.
3175 4908 3372 4979 ILocus
3401 4915 3492 4979 est
3508 4908 3602 4979 ba-

2023 4977 2266 5058 rno‘natu‘s;
2299 4981 2455 5058 titulo
2495 4977 2790 5058 insignitus
2817 5023 2830 5043 ,
2883 4981 2934 5058 in
2986 4977 3120 5058 pago
3159 4977 3599 5058 Cadrel‘lensillc

2025 5049 2339 5116 Cllarolal's),
2385 5050 2450 5102 ad
2483 5047 2646 5102 Arotii
2679 5051 2899 5118 (l'Arou)
2939 5058 2994 5103 et
3013 5049 3211 5118 Ligeris
3241 5047 3596 5104 conﬂuentes.

2099 5121 2112 5170 l
2159 5121 2248 5176 Sic
2281 5115 2412 5172 Boh.
2449 5119 2544 5172 Ed.
2575 5115 2718 5183 vero,
2753 5121 3012 5172 remeauit.
3038 5115 3119 5169 lbi
3146 5121 3325 5170 uictus.

2094 5188 2120 5228 ιι
2163 5191 2321 5243 Frell.
2351 5200 2404 5243 et
2434 5189 2566 5244 Can.
2601 5191 2684 5242 llic
2710 5190 2909 5243 addunt
2937 5201 2984 5241 et
3007 5188 3349 5257 plurimorum
3376 5186 3596 5257 nationis

2018 5261 2108 5329 qui
2136 5261 2189 5314 in
2210 5276 2366 5329 regno
2384 5277 2478 5313 suo
2507 5262 2969 5326 commorabantur,
2992 5256 3114 5328 qua:
3134 5257 3294 5312 verba
3325 5257 3377 5311 in
3403 5256 3597 5312 iisdem

2017 5333 2212 5400 desunt
2235 5332 2284 5384 in
2310 5345 2428 5399 Cap.
2455 5345 2569 5400 seq.

2094 5399 2109 5440 ι
2155 5402 2270 5457 Jam
2296 5395 2480 5469 supra,
2507 5395 2626 5469 cap.
2658 5399 2780 5464 l25,
2813 5397 3327 5469 Campumjladiltm
3355 5395 3599 5466 appella-

2017 5475 2109 5526 vit.
2139 5472 2285 5527 llanc
2313 5468 2441 5527 vero
2470 5468 2816 5526 mutationem
2838 5484 2982 5524 anno
3002 5468 3106 5523 755
3134 5469 3326 5522 factam
3356 5469 3598 5523 referunt

2016 5544 2250 5598 Annales
2275 5542 2572 5597 Petaviani.
2605 5541 2928 5595 llinemarus
2951 5541 3002 5595 in
3030 5539 3143 5592 Vita
3167 5539 3336 5594 sancti
3366 5540 3595 5598 Bemizii

2013 5615 2270 5683 Campum
2298 5615 2545 5669 Martium
2592 5627 2622 5665 a
2654 5612 2822 5683 Alarte
2851 5613 2939 5683 sic
2957 5611 3132 5683 luisse
3163 5611 3487 5678 appellatum
3511 5611 3598 5683 di-

2013 5686 2117 5749 cit,
2152 5679 2303 5754 quem
2357 5684 2660 5752 posteriores
2693 5680 2883 5754 Franci
2926 5679 3027 5735 Mai
3065 5679 3355 5754 Campum,
3380 5680 3598 5751 quando

2015 5752 2179 5828 reges
2195 5755 2261 5811 ad
2291 5755 2429 5810 bella
2459 5754 2636 5810 solent
2665 5753 2976 5823 procedere,
3010 5752 3189 5809 vocari
3219 5752 3588 5808 instituerunt.
