4132 6348
601 363 705 417 615

1203 354 1617 416 Ριιιιῡιίελῑιη
1659 350 2100 413 SCHOLASTICI
2157 358 2162 393 ι

2269 348 2407 407 iUN.
2448 350 2720 412 CONTIN.
2762 356 2937 414 PARS
2975 358 3283 427 QUARTA.

3761 357 3887 420 696

600 481 725 557 ίΑιι.
774 476 1105 548 Equitanize]
1160 476 1429 547 provincia
1479 472 1705 528 nimium
1755 476 1956 524 vastata
1981 509 1995 534 ,
2050 477 2172 518 cum
2202 462 2249 522 Α
2280 464 2469 522 farium
2502 471 2580 525 ire
2602 472 2912 528 destinavit.
2948 473 3203 530 Bertrada
3227 472 3411 544 regina
3438 472 3744 531 Aureliani:
3773 490 3881 545 vo-

600 567 765 628 r‘nulta
800 570 973 639 prmda
1003 585 1065 624 ac
1094 569 1311 638 spoliis,
1361 581 1455 637 per
1483 580 1673 635 pagum
1700 558 2095 629 Petregoricum
2125 563 2179 609 et

601 663 1102 735 Equolismam,jam
1133 677 1269 732 pene
1292 661 1436 716 omni
1469 655 1753 729 Aquitania
1771 653 2176 721 acquisita,cum

596 755 1006 818 omniexercitu
1040 753 1366 808 Francorum
1414 752 1608 806 iterum
1646 760 1713 802 eo
1741 748 1885 799 anno
1928 753 2177 797 reversus

595 854 680 908 est
723 846 776 899 in
809 845 1085 900 Franciam
1117 858 1240 908 eum
1269 843 1383 897 suis
1402 840 1673 899 omnibus.

666 931 1545 1006 700Au.nccuvn.—CXXXII.
1562 932 1754 986 lterum
1766 927 1942 982 denuo
1952 938 2175 994 sequen-

594 1024 633 1081 ti
663 1024 825 1090 auiio,
840 1035 1107 1081 commoto
1117 1025 1260 1081 omni
1275 1026 1511 1080 exercitu
1526 1022 1855 1079 Francorum
1875 1033 1967 1087 per
1982 1031 2170 1086 pagum

592 1117 937 1173 Trecasinum
953 1162 967 1185 ,
994 1118 1120 1174 inde
1141 1116 1208 1173 ad
1238 1118 1421 1172 urbem
1451 1115 1842 1171 Autisioderum
1865 1111 2083 1166 veniens
2108 1108 2173 1163 ad

592 1218 827 1263 castrum
879 1208 1020 1275 quod
1050 1215 1273 1263 vocatur
1318 1205 1569 1261 Gordinis
1615 1214 1675 1272 ι,
1706 1220 1826 1259 eum
1858 1204 2039 1273 regina
2077 1215 2172 1256 sua

592 1298 960 1366 Bertradane,
1002 1299 1113 1371 jam
1160 1298 1475 1354 ﬁducialiter
1518 1297 1707 1368 Ligere
1754 1303 2047 1361 transacto,
2097 1293 2164 1349 ad

594 1392 867 1448 Betoricas
910 1391 1179 1460 accessit,
1228 1392 1481 1463 palatium
1529 1390 1632 1444 sibi
1679 1389 1948 1443 aediﬁcare
1990 1387 2165 1457 jubet.

591 1484 788 1539 iterum
817 1482 1021 1554 Campo
1050 1484 1243 1552 Madio,
1276 1484 1418 1555 sicut
1447 1496 1564 1559 mos
1592 1491 1730 1545 erat,
1757 1479 1952 1535 ibidem
1985 1486 2171 1534 tenere

589 1574 761 1646 jubet,
797 1575 1035 1646 initoque
1062 1560 1288 1631 consilio
1314 1590 1434 1631 cum
1467 1573 1778 1644 proceribus
1805 1570 1915 1626 suis
1934 1612 1948 1633 ,
1979 1569 2171 1639 praefa-

592 1674 701 1720 tam
732 1668 966 1736 reginam
1016 1667 1394 1721 Bertradanem
1421 1664 1450 1706 δ
1472 1707 1487 1733 ,
1528 1681 1649 1720 eum
1696 1662 2167 1732 reliquisFrancis

590 1774 654 1813 ac
682 1761 966 1816 comitibus
996 1761 1237 1825 ﬁdelibus
1266 1760 1378 1815 suis
1398 1802 1411 1824 ,
1445 1760 1496 1814 in
1527 1758 1775 1827 praedicta
1820 1756 2058 1812 Betorica
2084 1754 2168 1809 di-

2284 560 2434 615 niens
2460 602 2473 626 ,
2508 574 2562 616 et
2588 564 2709 619 inde
2731 566 2903 619 navali
2934 566 3213 621 evectione
3241 580 3335 635 per
3375 564 3617 635 Ligerem
3641 565 3877 621 ﬂuvium

2282 666 2450 721 usque
2470 654 2535 707 ad
2558 654 2736 710 Selius
2767 654 2785 693 ί
2822 665 3057 711 castrum
3087 672 3246 726 super
3272 656 3489 711 ﬂuvium
3513 656 3682 722 ipsius
3707 656 3878 728 Lige-

2281 742 2355 796 ris
2384 747 2629 809 pervenit
2675 747 2805 819 [Al.
2858 747 3239 817 perveniens].
3293 748 3387 802 llis
3425 748 3603 818 itaque
3651 748 3872 818 gestis,

2280 836 2584 890 nuntiatum
2616 847 2699 892 est
2744 839 2857 908 regi
2884 838 3024 907 quod
3057 839 3205 894 missi
3248 839 3360 905 sui,
3392 854 3528 909 quos
3557 839 3764 894 dudum
3796 837 3870 892 ad

2278 923 2590 981 Amormuni
2622 937 2647 976 κ
2672 944 2851 998 regem
2883 929 3301 988 Sarracenorum
3328 931 3568 999 miserat,
3598 940 3720 998 post
3750 938 3873 1003 tres

2277 1030 2447 1072 annos
2469 1019 2534 1072 ad
2562 1019 2848 1075 Massiliam
2876 1023 3079 1095 reversi
3108 1022 3352 1087 fuissent,
3377 1010 3700 1093 legationem
3721 1034 3874 1089 pra-

2278 1108 2403 1165 dicti
2435 1114 2749 1168 Amormuni
2799 1115 2946 1185 regis
2986 1115 3402 1171 Sarracenorum
3443 1114 3509 1169 ad
3536 1114 3868 1184 praedictum

2277 1216 2456 1271 regem
2505 1217 2626 1257 cum
2675 1204 2856 1259 multis
2906 1208 3217 1260 muneribus
3264 1218 3447 1260 secum
3498 1203 3865 1259 adduxerant.

2274 1294 2425 1362 Quod
2456 1309 2576 1350 cum
2606 1306 2957 1366 compertum
3003 1299 3115 1368 regi
3147 1298 3367 1363 luisset,
3409 1297 3603 1351 missos
3631 1308 3765 1349 suos
3797 1293 3866 1348 ad

2277 1398 2395 1439 eam
2429 1385 2666 1453 direxit,
2712 1388 2802 1455 qui
2854 1388 3023 1456 ipsam
3064 1386 3384 1458 legationem
3418 1385 3545 1459 [Ed.
3574 1428 3588 1451 ,
3616 1386 3711 1454 qui
3740 1381 3866 1454 eos]

2273 1478 2649 1532 venerabiliter
2675 1479 3072 1547 reciperent,et
3099 1492 3268 1548 usque
3295 1478 3359 1532 ad
3383 1477 3561 1532 Mettis
3584 1476 3867 1531 civitatem

2271 1565 2337 1619 ad
2369 1566 2712 1621 hiemandum
2763 1566 3045 1622 ducerent.
3098 1564 3268 1637 igitur
3304 1565 3656 1636 suprascripti
3686 1564 3865 1619 comi-

2273 1665 2353 1727 tes
2375 1698 2391 1723 ,
2420 1658 2512 1728 qui
2560 1658 2626 1712 ad
2673 1658 3041 1713 Remistanum
3072 1656 3393 1728 capiendum
3434 1657 3588 1713 missi
3623 1655 3863 1720 fuerant,

2274 1764 2369 1819 per
2392 1750 2631 1805 divinum
2657 1750 2915 1821 judicium
2939 1758 2994 1806 et
3025 1751 3182 1806 [idem
3214 1751 3353 1819 regis
3378 1764 3500 1806 eum
3530 1749 3775 1818 capiunt,
3806 1756 3864 1803 es

590 1850 759 1903 misit.
814 1850 930 1920 Ipse
974 1851 1260 1920 praedictus
1301 1865 1397 1907 rex
1446 1864 1567 1903 eum
1607 1848 1825 1917 reliquis
1872 1844 2090 1901 Francis
2116 1853 2173 1899 et
2200 1838 2251 1901 B
2276 1840 2494 1911 ligatum
2521 1843 2585 1897 ad
2637 1844 2979 1921 praesentiam
3010 1843 3152 1911 regis
3181 1857 3302 1896 cum
3334 1856 3509 1919 uxore
3549 1854 3646 1895 sua
3684 1838 3859 1893 addu-

589 1940 937 2007 optiniatibus
980 1942 1089 1995 suis
1132 1940 1197 1995 ad
1246 1940 1676 2011 persequendum
1729 1938 2039 1994 Wail‘arium
2090 1938 2169 1992 ire

591 2032 852 2098 perrexit.
900 2030 1141 2101 Cumque
1188 2032 1475 2101 praedictus
1506 2046 1595 2086 rex
1644 2033 1815 2101 ipsum
1852 2029 2166 2085 Waifarium

590 2135 921 2193 persequens
950 2137 1051 2176 non
1084 2123 1381 2189 reperiret,
1420 2122 1531 2193 jam
1562 2132 1768 2194 tempus
1806 2123 1997 2177 hiemis
2028 2131 2166 2186 erat,

590 2204 711 2264 cum
742 2213 886 2266 omni
917 2215 1154 2269 exercitu
1178 2213 1243 2267 ad
1275 2214 1548 2269 Betoricas
1569 2255 1583 2280 ,
1614 2215 1699 2269 ubi
1728 2214 2001 2284 praefatam
2033 2212 2169 2283 regi-

588 2318 711 2358 nam
747 2304 1123 2360 Bertradanem
1154 2305 1457 2369 dimiserat,
1487 2320 1735 2361 reversus
1763 2314 1866 2362 est.

659 2393 942 2454 CXXXIII.
989 2396 1122 2453 Dum
1174 2398 1287 2452 haec
1321 2406 1627 2467 agerentur,
1661 2396 2000 2452 Remistanus
2028 2394 2169 2450 lilius

588 2487 808 2545 Eudone
836 2499 858 2527 ο
892 2490 1157 2558 quondam
1187 2490 1343 2545 iidem
1375 2507 1524 2545 suam
1545 2531 1559 2554 ,
1588 2505 1743 2560 quam
1770 2489 2022 2559 praedicto
2054 2488 2165 2556 regi

590 2578 813 2645 Pippino
842 2581 1178 2647 promiserat,
1209 2580 1431 2648 fefellit;
1462 2592 1514 2636 et
1539 2583 1605 2637 ad
1634 2581 1946 2637 Waifarium
1972 2581 2164 2635 iterum

591 2668 850 2731 veniens,
898 2668 1120 2723 ditionis
1169 2685 1281 2724 suae
1328 2684 1387 2725 se
1418 2671 1638 2726 faciens.
1693 2670 1845 2738 Quod
1872 2669 2165 2725 Waifarius

588 2772 709 2814 cum
742 2774 933 2829 magno
963 2762 1157 2828 gaudio
1187 2776 1308 2816 eum
1353 2763 1589 2830 recepit,
1640 2771 1697 2818 et
1736 2762 2032 2832 adjutorem
2061 2761 2166 2817 sibi

587 2860 776 2906 contra
808 2852 1042 2909 Francos
1082 2862 1136 2908 et
1180 2854 1489 2924 praedictum
1536 2869 1714 2925 regem
1755 2870 1875 2909 eum
1916 2854 2165 2909 instituit.

591 2943 995 3013 Su;.erscriptus
1042 2943 1383 3000 Remiztanus
1411 2954 1600 2999 contra
1642 2945 1953 3013 praedictum
1985 2959 2162 3015 regem

588 3044 643 3091 et
670 3035 923 3101 Francos,
957 3052 1052 3093 seu
1080 3038 1348 3092 custodias
1376 3052 1509 3108 quas
1544 3038 1659 3106 ipse
1696 3053 1787 3093 rex
1820 3037 1870 3090 in
1896 3037 2062 3107 ipsius
2089 3037 2166 3091 ci-

586 3128 837 3183 vitalibus
867 3127 1161 3193 dimiserat,
1196 3129 1415 3183 nimium
1450 3128 1675 3185 infestus
1697 3129 1955 3194 acceSSit,
1983 3138 2036 3182 ct
2064 3128 2161 3183 Be-

2273 1943 2489 1991 xerunt.
2522 1936 2692 2002 Quem
2719 1937 2899 1991 statim
2934 1950 3031 1990 rex
3063 1935 3323 1991 Uniberto
3356 1942 3412 1999 et
3434 1931 3743 2013 Ghi‘selario
3766 1946 3859 1987 co-

2273 2028 2497 2083 mitibus
2554 2028 2812 2083 Beturicze
2862 2012 3094 2103 civitatis
3137 2028 3312 2099 ipsum
3370 2026 3745 2082 Remistannm
3801 2026 3855 2081 in

2272 2122 2511 2192 patibulo
2558 2122 2815 2191 suspendi
2859 2121 3043 2192 jussit.
3105 2120 3398 2176 Praedictth
3449 2134 3543 2174 rex
3601 2118 3857 2187 Pippinus

2269 2230 2441 2286 usque
2469 2216 2533 2270 ad
2562 2214 2868 2293 Garunnam
2899 2214 3155 2277 accessit;
3186 2212 3260 2268 ibi
3300 2212 3625 2274 Wascones,
3656 2210 3745 2279 qui
3778 2208 3856 2262 ul-

2272 2315 2353 2361 tra
2398 2306 2709 2361 Garonnam
2757 2312 3195 2372 commorantur,
3243 2302 3309 2357 ad
3356 2302 3471 2371 ejus
3510 2300 3853 2375 praesentiam

2270 2408 2571 2466 venerunt,
2621 2410 2676 2455 et
2718 2406 3056 2455 sacramenta
3101 2405 3159 2467 et
3196 2396 3411 2453 obsides
3445 2394 3713 2466 pracdicto
3741 2394 3853 2463 regi

2269 2490 2508 2555 donant,
2556 2497 2614 2543 ut
2660 2504 2874 2558 semper
2912 2488 3095 2543 lidcles
3132 2488 3369 2558 partibus
3402 2486 3543 2557 regis
3568 2529 3584 2553 ,
3633 2499 3699 2540 ac
3731 2482 3852 2540 filiis

2268 2583 2379 2637 suis
2407 2580 2601 2635 Carolo
2639 2590 2693 2635 et
2732 2578 3093 2635 Carlomanno
3122 2580 3267 2634 omni
3308 2588 3548 2647 tempore
3589 2591 3713 2632 esse
3747 2576 3849 2631 de-

2268 2671 2448 2726 beant.
2502 2671 2566 2725 Et
2613 2670 2731 2723 alia:
2784 2670 2965 2725 multas
3010 2668 3353 2739 quamplures
3381 2677 3569 2737 gentes
3602 2681 3671 2722 ex
3702 2675 3852 2736 parte

2268 2764 2511 2820 Waifarii
2540 2764 2604 2817 ad
2632 2778 2753 2818 eum
2781 2764 3059 2819 venientes
3082 2801 3100 2829 ,
3129 2770 3184 2817 et
3218 2775 3278 2816 se
3302 2760 3491 2815 ditioni
3525 2774 3637 2814 sua:
3662 2758 3851 2814 subdi-

2267 2856 2482 2913 derunt.
2538 2857 2650 2911 ilex
2687 2868 2817 2909 vero
2855 2853 3110 2923 Pippinus
3153 2852 3454 2922 benigniter
3480 2865 3571 2905 eos
3609 2850 3660 2903 in
3693 2863 3851 2902 suam

2271 2948 2531 3003 ditionem
2557 2945 2780 3013 recepit.
2830 2944 3119 2999 Waifarius
3152 2958 3274 2999 cum
3306 2942 3486 3010 paucis
3513 2955 3603 3009 per
3627 2940 3848 3004 silvam,

2266 3054 2385 3111 qua:
2422 3046 2642 3092 vocatur
2688 3036 2925 3091 Edohola
2948 3032 3011 3100 ιδ,
3059 3036 3113 3090 in
3145 3050 3279 3106 pago
3312 3034 3691 3089 Petrocorreco
3720 3031 3851 3085 lati-

2268 3140 2387 3186 tans
2413 3174 2426 3198 ,
2461 3129 2566 3184 huc
2609 3128 2842 3198 illucque
2891 3134 3113 3195 vagatur
3156 3126 3412 3181 incertus.
3467 3121 3726 3177 Praefatus
3754 3135 3849 3174 rex

580 3222 841 3287 turinum,
873 3236 979 3287 set;
998 3221 1374 3276 Limotieinum
1399 3262 1414 3286 ,
1452 3221 1594 3290 quod
1625 3221 1739 3289 ipse
1766 3235 1860 3273 rex
1890 3219 2156 3288 acquisie-
2189 3208 2235 3275 C
2268 3204 2537 3292 Pippiuus'
2566 3222 2725 3291 702
2772 3219 2837 3274 ad
2887 3217 3203 3273 Waifarium
3248 3214 3568 3286 capiendum
3619 3213 3844 3273 insidias

584 3325 689 3379 rat,
722 3315 1012 3383 praedando
1033 3316 1254 3369 nimium
1283 3316 1532 3380 vastavit,
1556 3315 1625 3368 ita
1658 3324 1713 3368 ut
1736 3313 1911 3367 nullus
1938 3313 2161 3366 colonus

584 3414 740 3461 terra:
770 3403 837 3457 ad
868 3404 1237 3469 Iob-arandum,
1256 3412 1363 3458 tam
1392 3418 1547 3471 agros
1578 3417 1737 3473 quam
1768 3404 1954 3456 vineas
1983 3403 2162 3457 coiere

586 3513 695 3551 non
727 3498 977 3552 audebat.
1034 3498 1329 3552 Prwdictus
1360 3513 1454 3552 rex
1489 3496 1747 3567 Pippinus
1790 3499 1839 3550 in
1889 3496 2162 3551 Betorieas

582 3601 678 3659 per
710 3590 936 3646 hiemem
967 3597 1127 3645 totam
1152 3606 1271 3645 cum
1298 3592 1478 3660 regina
1503 3605 1598 3644 sua
1630 3590 1954 3645 Bertradane
1985 3590 2036 3643 in
2070 3603 2163 3658 pa-

583 3683 711 3744 latio
760 3684 980 3738 resedit.
1026 3684 1220 3739 Totum
1267 3683 1561 3737 exercitum
1594 3696 1747 3736 suum
1790 3696 1883 3751 per
1922 3681 2161 3750 Burgun—

580 3777 721 3831 diam
746 3778 809 3831 ad
844 3777 1183 3833 hiemandum
1215 3779 1431 3833 mittens
1458 3818 1472 3841 ,
1522 3775 1709 3831 Natale
1742 3774 1949 3829 Domini
1992 3777 2159 3830 nostri

579 3869 706 3925 Iesu
732 3870 926 3925 Christi
959 3879 1014 3926 et
1054 3879 1293 3925 sanetam
1337 3868 1685 3938 Epiphaniam
1716 3866 1853 3934 apud
1889 3866 2160 3921 Betoricas

580 3963 768 4016 urbem
803 3976 897 4031 per
934 3962 1218 4017 consilium
1267 3961 1641 4031 episcoporum
1691 3958 1775 4013 vel
1817 3958 2157 4013 sacerdotum

581 4056 958 4111 venerabiliter
988 4054 1299 4112 celebravit.

647 4148 752 4207 An.
786 4164 1147 4212 ncccxvm.—
1167 4148 1455 4202 CXXXIV.
1485 4147 1707 4202 Evoluto
1737 4144 1893 4216 igitur
1922 4158 1985 4201 eo
2018 4157 2159 4197 anno

580 4239 742 4310 701
774 4254 893 4293 cum
924 4240 976 4293 in
1009 4240 1283 4295 Betoricas
1306 4240 1587 4305 resideret,
1626 4238 1894 4292 mediante
1922 4233 2159 4288 Februa-

582 4332 683 4397 rio,
718 4346 932 4385 omnem
970 4336 1267 4389 exercitum
1294 4348 1448 4387 suum
1470 4374 1485 4400 ,
1526 4347 1683 4402 quem
1716 4330 1766 4384 in
1794 4326 2157 4399 Burgundiam

580 4421 646 4491 ad
674 4422 1016 4490 hietnanduni
1049 4427 1266 4491 miserat
1292 4466 1306 4487 ,
1335 4426 1403 4490 ad
1443 4439 1502 4479 re
1529 4425 1711 4478 venire
1739 4421 2024 4490 prazcepit;
2057 4419 2158 4473 ini-

581 4523 743 4582 toque
788 4514 1012 4569 consilio
1056 4526 1240 4571 contra
1290 4518 1656 4571 Remistanum
1706 4515 1926 4569 insidias
1981 4522 2150 4583 parat,

2269 3317 2458 3370 iterum
2491 3321 2662 3383 parat.
2718 3311 2843 3367 Inde
2883 3310 2949 3364 ad
2997 3309 3233 3380 reginam
3274 3322 3425 3363 suam
3455 3307 3519 3360 ad
3551 3305 3731 3360 Selius
3762 3317 3849 3358 ve-

2268 3409 2424 3471 niens
2450 3452 2464 3475 ,
2512 3405 2833 3476 legationem
2881 3401 3330 3466 Sarracenorum,
3382 3413 3542 3469 quam
3574 3395 3752 3450 blettis
3781 3393 3849 3448 ad

2267 3498 2608 3555 hiemandum
2642 3496 2891 3558 miserat,
2926 3494 2992 3547 ad
3019 3492 3195 3548 Selius
3224 3500 3459 3545 castrum
3486 3488 3552 3543 ad
3582 3502 3641 3541 se
3665 3486 3851 3541 venire

2266 3590 2514 3663 praecepit
2538 3629 2552 3649 ,
2588 3596 2641 3642 et
2682 3585 2786 3663 ipsi
2829 3583 3111 3663 Sarraceni
3138 3597 3356 3661 munera
3385 3595 3503 3651 qua:
3531 3577 3847 3634 Amormuui

2264 3660 2671 3751 transmiserat,
2698 3660 2918 3736 “ibidem
2948 3660 3323 3748 'prasentant.
3358 3673 3558 3739 itertnn
3587 3687 3683 3726 rex
3717 3672 3848 3739 ipsis

2266 3777 2578 3834 Sarracenis
2607 3775 2695 3846 qui
2730 3756 2794 3829 ad
2818 3774 2990 3839 ipsum
3018 3769 3165 3823 missi
3196 3767 3402 3822 fuerant
3427 3777 3648 3823 munera
3674 3762 3848 3828 dedit,

2266 3880 2321 3927 et
2364 3885 2531 3940 usque
2580 3868 2645 3923 ad
2699 3865 2985 3923 Massiliam
3028 3877 3148 3917 eum
3198 3860 3364 3914 multo
3407 3857 3611 3915 honore
3652 3854 3852 3935 adduci

2266 3960 2539 4031 praecepit.
2594 3955 2878 4015 Sarraceni
2905 3968 3034 4009 vero
3064 3950 3239 4007 navali
3267 3949 3547 4005 evectione
3576 3960 3675 4017 per
3697 3959 3845 3998 mare

2264 4050 2488 4105 redeunt
2516 4048 2579 4103 ad
2613 4047 2847 4118 prepria.

2331 4140 2593 4197 CXXXV.
2627 4139 2922 4194 Praeceisus
2954 4152 3046 4191 rex
3076 4134 3330 4204 Pippinus
3359 4131 3552 4185 iterum
3574 4127 3645 4183 de
3666 4126 3846 4182 Selius

2261 4244 2441 4292 castro
2469 4249 2588 4290 cum
2621 4232 2803 4303 paucis
2845 4231 2910 4284 ad
2940 4226 3365 4299 persequendum
3412 4220 3731 4277 Waifarium
3775 4234 3844 4273 eo

2262 4346 2401 4399 anno
2430 4330 2623 4385 iterum
2650 4324 2914 4396 perrexit,
2943 4332 2999 4378 et
3028 4335 3196 4391 usque
3220 4319 3287 4374 ad
3316 4315 3569 4374 Santonis
3595 4315 3727 4367 mira
3753 4325 3843 4367 ee-

2261 4424 2469 4479 leritate
2499 4421 2701 4492 primus
2729 4432 2848 4473 cum
2875 4414 3058 4485 paucis
3085 4411 3248 4467 venit.
3273 4408 3403 4465 Cum
3435 4408 3537 4462 hoc
3554 4402 3844 4468 Waifarius

2260 4514 2520 4580 audisset,
2568 4510 2727 4590 solito
2756 4522 2904 4562 more
2935 4514 3079 4574 terga
3107 4501 3292 4556 vertit.
3338 4500 3447 4554 Rex
3500 4497 3755 4567 Pippinus
3784 4496 3839 4548 in

583 4607 994 4691 {lonm'la‘duln
1026 4651 1040 4677 θ
1090 4610 1453 4679 Beringarium
1479 4650 1497 4676 ,
1525 4595 1907 4676 Childeradum
1937 4581 1990 4663 et
2018 4606 2153 4663 Uni-
2181 4581 2235 4653 ί)
2261 4616 2488 4677 quatuor
2515 4581 2695 4674 partes
2722 4599 2946 4665 comites
2989 4610 3114 4650 suos
3145 4592 3371 4649 scaritos
3420 4599 3473 4645 et
3501 4590 3687 4644 leudes
3716 4601 3843 4658 suos

579 4681 787 4760 berlum
813 4701 838 4737 ά
864 4702 1111 4757 comitem
1139 4701 1447 4755 Betorinum
1479 4714 1600 4757 cum
1634 4700 1853 4770 reliquis
1876 4700 2161 4755 comitibus
2262 4699 2330 4754 ad
2378 4693 2793 4767 perquirendum
2827 4689 3138 4746 Waifat‘ium
3174 4684 3488 4740 transmisit.
3545 4682 3680 4737 Dum
3726 4681 3840 4734 hare

576 4802 631 4847 et
662 4792 930 4847 Lcudibus
961 4794 1071 4848 suis
1120 4793 1183 4845 ad
1237 4792 1409 4860 ipsum
1437 4792 1803 4867 Remistanum
1843 4791 2160 4861 capiendum
2210 4848 2213 4851 λ
2262 4799 2565 4861 agerentur,
2589 4795 2645 4839 ut
2667 4790 2936 4858 asserunt,
2962 4779 3188 4835 consilio
3219 4776 3359 4846 regis
3386 4774 3607 4835 factum,
3639 4771 3839 4825 Waifa-

577 4888 712 4969 riam
746 4897 769 4923 ε
803 4886 1039 4965 mittens,
1085 4885 1370 4967 praedictus
1423 4900 1513 4939 rex
1564 4863 1818 4955 Pippinns
1865 4896 1987 4953 eum
2014 4870 2164 4945 omni
2262 4883 2373 4938 rius
2404 4880 2649 4950 princeps
2673 4874 2969 4945 Aquitaniae
2992 4886 3025 4946 a_
3052 4872 3165 4927 suis
3197 4867 3509 4923 interfectus
3542 4872 3643 4921 est.
3692 4863 3839 4919 Prm-

577 4960 819 5034 exercitu
848 4955 1177 5045 Erattcorunt
1209 4978 1398 5037 iterum
1448 4975 1515 5032 ad
1555 4973 1983 5047 persequentium
2012 4972 2164 5045 Wai-
2263 4973 2403 5031 fatus
2430 4987 2523 5027 rex
2545 4967 2823 5040 Pippinus,
2847 4964 2961 5037 jatn
2986 4972 3093 5019 tota
3118 4961 3399 5035 Aquitania
3427 4955 3709 5029 acquisita,
3737 4971 3837 5010 om-

2261 5144 2374 5200 pra,
2397 5128 2468 5182 ad
2493 5141 2609 5195 cap.
2647 5124 2767 5179 ω.

2334 5209 2356 5235 ι
2387 5199 2544 5253 solus
2577 5197 2708 5251 Boii.
2742 5193 2899 5269 habet
2927 5191 3079 5269 clam:
3108 5261 3145 5269 __
3217 5259 3229 5269 ,
3268 5257 3301 5269 ..
3334 5257 3347 5269 .
3420 5255 3495 5269 η.-
3569 5254 3584 5268 .
3624 5255 3637 5268 .

2334 5269 2353 5308 ί
2391 5252 2483 5322 llic
2511 5270 2659 5323 locus
2685 5282 2714 5319 a
2736 5265 2881 5322 Cella
2909 5262 3083 5316 sancti
3108 5257 3306 5317 Ensicii
3334 5257 3384 5318 in
3419 5254 3743 5325 Biturigibus
3771 5252 3833 5308 ad

2256 5340 2431 5394 Carim
2465 5339 2702 5399 ﬂuvium,
2739 5336 2893 5403 vulgo
2924 5333 3111 5403 Selies,
3144 5328 3553 5403 distinguendus
3581 5337 3683 5403 est.
3715 5328 3836 5403 lite,

2259 5413 2367 5465 nim
2398 5411 2573 5467 Selius
2592 5412 2659 5462 ad
2688 5395 2917 5478 Ligerim
2950 5402 3175 5467 emitti,
3198 5401 3242 5455 si
3268 5395 3451 5453 uestro
3474 5400 3680 5458 auctori
3710 5395 3836 5450 fides

2256 5482 2535 5535 habeatur.

2325 5562 2349 5600 κ
2382 5552 2483 5605 Alii
2525 5558 2768 5603 auctores
2800 5544 3196 5599 Amimmomeni
3225 5539 3517 5611 appellant,
3550 5536 3829 5611 Almanso-

2251 5639 2364 5680 rem
2384 5604 2638 5676 iCointius
2662 5632 2715 5673 et.
2742 5618 2944 5671 caeteri.
2982 5615 3053 5668 De
3085 5614 3207 5680 hoc,
3238 5604 3420 5676 supra,
3451 5609 3518 5664 ad
3547 5623 3667 5680 cap.
3705 5604 3831 5680 iiii).

2321 5676 2691 5756 lliAppellatur,
2726 5692 2916 5758 vulgo.
2964 5695 3021 5740 ut
3051 5676 3567 5750 munc,t,.Valesius,
3609 5679 3661 5733 la
3700 5676 3835 5748 {urg

2251 5766 2314 5837 de
2355 5763 2467 5839 Ver.

646 5146 672 5175 ι
717 5137 911 5192 Locum
944 5152 1106 5207 prope
1128 5137 1454 5193 Sineerrium
1479 5177 1493 5198 ,
1524 5151 1618 5191 seu
1651 5134 1887 5207 Sacrum‘
1922 5130 2154 5207 Caesaris

571 5206 817 5264 Castrum
864 5211 914 5262 in
945 5203 1286 5273 'liit'urigihus
1308 5208 1578 5277 (Gordon,
1612 5207 1731 5270 pres
1759 5207 1825 5262 de,
1850 5203 2149 5270 Sancerre),

573 5280 951 5344 interpretatur
979 5281 1237 5333 Cointius.
1998 5343 2001 5344 ν
2154 5294 2157 5298 ·

644 5347 669 5385 δ
714 5352 818 5415 ΑΙ.,
852 5349 1123 5413 Berlrada,
1156 5364 1313 5417 quam
1345 5347 1582 5401 nonnulli
1614 5347 1821 5415 Bertatn
1855 5343 2147 5417 appellant.

644 5429 666 5455 ο
706 5416 835 5473 Can.
895 5434 947 5473 et
999 5414 1195 5481 Frehf,
1252 5419 1495 5472 Judanre.
1541 5414 1843 5486 Legendum
1896 5414 2146 5486 Endonis,

569 5488 867 5554 Aquitaniae
890 5491 1037 5543 ducis
1062 5532 1076 5552 ,
1109 5492 1174 5543 tle
1205 5506 1309 5559 quo
1335 5504 1493 5555 supra
1520 5532 1555 5559 ,ν
1586 5484 1681 5555 qui
1702 5497 1865 5559 pater
1891 5496 2001 5559 erat
2026 5484 2148 5559 ilu-

569 5553 746 5638 noaldi
777 5570 835 5638 et
864 5559 1157 5638 [initiatam
1183 5553 1323 5638 ,_se_u
1346 5600 1361 5621 ,
1472 5558 1563 5611 alii
1588 5553 1826 5638 genuum
1847 5599 1861 5621 ,
1893 5553 2145 5611 Βουήδω-

568 5627 658 5696 gm'
676 5643 695 5680 :
726 5628 1051 5695 proindeque
1081 5630 1366 5684 Waifarius
1402 5628 1661 5683 llnnnaldt
1711 5627 1849 5680 filius
1879 5635 2144 5696 ,pall‘mlm

571 5695 800 5753 habebat
841 5697 1203 5752 lieniistanuni
1232 5740 1248 5761 ,
1298 5714 1617 5767 quamluam
1650 5698 1944 5751 avunculus
1978 5695 2147 5762 ipsius

568 5768 779 5831 dicatur
806 5782 987 5831 supra,
1016 5782 1133 5834 cap.
1170 5769 1291 5825 l‘l8.

642 5834 666 5875 ά
702 5837 793 5913 βάς
858 5836 1249 5901 Chttnibt'rtum;
1300 5849 1347 5894 ei
1378 5838 1537 5904 inita,
1573 5838 1835 5893 Unibcrto.
1875 5835 2026 5903 Vide,
2050 5849 2143 5891 stt-
