4132 6348
399 360 506 423 691

1030 366 1445 428 FREDEGARII
1476 369 1897 431 FRAGMENTA
1938 371 2030 429 DE
2083 370 2400 432 HISTORIA
2451 372 2889 435 FRANCORUM.

3533 384 3647 441 ωε

394 495 491 536 nes
516 478 583 535 ad
604 494 726 536 eum
755 479 1029 538 venientes
1055 483 1270 539 ditionis
1300 499 1429 554 suae,
1484 486 1625 541 sicut
1670 485 1960 557 antiquitus
1988 488 2037 547 A
2066 486 2205 543 inter
2228 486 2515 557 praidictos
2542 487 2680 544 ﬁlios
2707 504 2834 545 suos
2853 488 3102 548 Carolum
3132 498 3184 547 et
3204 488 3643 564 Carlomannum,

392 569 621 636 fuerant,
652 587 713 627 se
736 571 955 627 faciunt.
980 571 1112 629 Cum
1145 591 1336 645 magno
1367 577 1636 646 triumpho
1664 587 1720 633 et
1743 578 1963 634 victoria

391 660 665 728 Santonis,
698 664 784 718 tibi
810 664 1065 719 Bertrada
1092 667 1269 736 regina
1295 668 1582 735 residebat,
1615 668 1782 723 venit.

460 751 744 806 CXXXVI.
782 754 914 808 Dum
942 754 1192 810 Santonis
1224 757 1474 826 praefatus
1498 775 1590 813 rex
1616 760 1882 824 venisset,
1909 768 1963 816 et

388 854 580 895 causas
610 858 705 911 pro
733 845 906 901 salute
938 848 1122 915 patria:
1149 858 1202 902 et
1238 850 1465 904 utilitate
1497 851 1820 905 Francorum
1858 861 1966 907 tra-

389 942 587 996 ctaret,
614 947 644 987 a
674 936 898 1002 quadam
934 936 1081 992 febre
1111 950 1332 993 vexatus
1360 949 1623 1008 mgrotare
1650 943 1808 1008 cmpit
1828 982 1844 1007 ,
1874 955 1965 996 co-

390 1027 547 1078 mites
582 1041 708 1079 suos
752 1043 815 1082 ac
855 1028 1068 1097 judices
1108 1031 1305 1086 ibidem
1355 1033 1646 1088 constituit.
1701 1032 1830 1088 Inde
1870 1048 1965 1101 per

390 1112 635 1167 Pemavis
679 1131 846 1185 usque
873 1118 939 1171 ad
988 1119 1215 1191 Turonis
1260 1120 1445 1185 urbem
1476 1121 1541 1175 ad
1582 1124 1962 1187 monasterium

389 1201 529 1256 beati
576 1203 789 1278 Martini
834 1205 1158 1281 confessoris
1204 1212 1471 1281 accessit,
1520 1209 1698 1280 ibique
1744 1214 1961 1277 multam

388 1296 787 1369 eleemosynam
807 1310 913 1355 tam
931 1301 1171 1356 ecclesiis
1193 1318 1350 1368 quam
1373 1306 1709 1371 monasteriis
1734 1305 1815 1359 vel
1837 1320 1965 1373 pau-

389 1392 605 1460 peribus
628 1393 847 1464 largitus
870 1404 971 1460 est,
998 1406 1051 1451 et
1070 1396 1325 1464 auxilium
1350 1397 1488 1457 beati
1518 1397 1727 1452 Martini
1755 1410 1961 1466 petens,

389 1493 445 1535 ut
478 1498 573 1550 pio
600 1483 718 1554 ejus
749 1485 1070 1541 facinoribus
1096 1488 1301 1541 Domini
1326 1488 1746 1543 misericordiam
1770 1491 1961 1557 depre-

387 1574 498 1628 cari
534 1575 861 1643 dignaretur.
896 1577 1021 1632 Inde
1068 1594 1390 1645 promovens
1433 1595 1492 1635 se
1538 1596 1661 1636 cum
1707 1582 1961 1649 praedicta

386 1664 565 1731 regina
582 1665 927 1731 Bertradane.
942 1677 998 1723 et
1020 1668 1141 1729 ﬁliis
1166 1669 1275 1723 suis
1297 1669 1488 1725 Carolo
1509 1680 1564 1725 et
1583 1669 1959 1739 Carlomanno,

2066 577 2194 633 dum
2222 579 2396 635 adhuc
2422 581 2537 650 ipse
2558 583 2795 644 viveret,
2827 580 2966 636 inter
2990 596 3085 637 eos
3111 583 3315 640 divisit.
3340 584 3396 639 Id
3424 594 3505 641 est
3530 586 3643 643 Διι-

2065 672 2381 727 strasiorum
2418 687 2638 742 regnum
2668 674 2860 728 Carolo
2899 673 3099 730 seniori
3131 675 3239 730 lilio
3280 692 3461 747 regem
3492 678 3646 735 insti-

2066 764 2186 830 tuit;
2216 765 2575 819 Carlomanno
2610 779 2741 819 vero
2787 765 2986 836 juniori
3017 766 3137 820 lilio
3154 783 3373 838 regnum
3403 767 3619 839 Burgun

2063 855 2171 920 dia,
2222 855 2534 920 Provincia,
2579 854 2812 921 Cottbia,
2862 855 3099 911 Alesacis
3145 866 3187 905 ι.
3231 866 3283 911 et
3329 857 3641 917 Alamannis

2067 948 2305 1003 tradidit.
2355 947 2727 1016 Aquitaniam,
2783 963 2941 1016 quam
2992 948 3108 1017 ipse
3152 963 3243 1004 rex
3299 950 3640 1019 acquisierat,

2065 1037 2203 1092 inter
2224 1052 2318 1092 eos
2346 1035 2549 1090 divisit.
2581 1036 2675 1091 llis
2702 1039 2868 1104 gestis
2893 1053 2985 1093 rex
3012 1036 3269 1107 Pippinus
3297 1051 3415 1108 post
3440 1055 3641 1108 paucos

2064 1127 2204 1190 dies,
2251 1136 2307 1179 ut
2333 1125 2485 1180 dolor
2512 1123 2539 1164 δ
2570 1136 2653 1181 est
2697 1125 2763 1179 ad
2789 1125 3074 1181 dicendum
3097 1166 3115 1194 ,
3144 1127 3390 1183 ultimum
3420 1129 3561 1185 diem
3589 1138 3645 1186 et

2062 1217 2227 1270 vitam
2271 1216 2430 1269 simul
2474 1215 2666 1269 caruit.
2715 1214 3161 1286 Sepelieruutque
3214 1232 3335 1271 eum
3392 1218 3640 1286 praedicti

2063 1307 2228 1381 704
2254 1324 2406 1379 reges
2433 1307 2654 1367 Carolus
2689 1319 2741 1363 et
2765 1307 3153 1371 Carlomannus
3183 1309 3275 1363 lilii
3314 1310 3480 1378 ipsius
3502 1310 3644 1379 regis

2066 1400 2119 1455 in
2140 1399 2465 1454 monasterio
2487 1399 2656 1453 sancti
2683 1397 2916 1468 Dionysii
2936 1400 3207 1470 martyris,
3236 1408 3296 1454 ut
3316 1400 3430 1467 ipse
3456 1402 3641 1465 voluit,

2064 1505 2185 1545 cum
2217 1504 2409 1559 magno
2441 1493 2665 1555 honore,
2700 1489 3044 1558 regnavitque
3074 1487 3231 1555 annis
3274 1490 3460 1559 viginti
3488 1490 3644 1559 quin-

2062 1602 2166 1656 que
2198 1596 2245 1639 °.

2136 1674 2442 1731 CXXXVII.
2472 1675 2566 1731 llis
2597 1677 2904 1741 transactis,
2936 1673 3174 1745 praedicti
3222 1686 3375 1743 reges
3422 1670 3643 1735 Carolus

387 1768 552 1823 usque
590 1755 655 1809 ad
687 1756 937 1822 Parisios.
989 1758 1055 1811 ad
1097 1759 1477 1817 monasterium
1529 1759 1667 1814 beati
1718 1759 1960 1832 Dionysii
2065 1774 2119 1820 et
2147 1764 2566 1830 Carloiuannus,
2596 1767 2962 1835 unusquisque
3002 1779 3123 1818 cum
3150 1763 3395 1818 leudibus
3436 1762 3547 1820 suis
3576 1761 3642 1823 ad

384 1848 636 1918 martyris
684 1852 926 1915 veniens,
957 1850 1133 1919 ibique
1184 1861 1545 1909 commoratus
1590 1860 1674 1908 est
1718 1851 1955 1922 aliquan-
1983 1859 2032 1918 B
2059 1856 2327 1925 prapriam
2382 1853 2566 1908 sedem
2610 1856 2756 1923 regni
2813 1869 2999 1908 eorum
3048 1853 3347 1914 venientes.
3395 1850 3640 1905 instituto

381 1934 501 2001 diu;
548 1952 881 2007 cernensque
908 1942 1052 2010 quod
1091 1942 1214 1996 vitae
1243 1943 1535 2012 periculum
1576 1942 1807 1998 evadere
1851 1958 1957 1998 non
2062 1943 2279 2014 placito,
2313 1942 2551 2010 initoque
2601 1940 2827 2019 consilio
2875 1956 2997 1995 cum
3052 1939 3363 2009 proceribus
3416 1952 3626 2005 eorum,

381 2031 661 2098 potuisset,
688 2046 878 2087 omnes
909 2048 1159 2101 proceres
1187 2049 1337 2101 suos,
1363 2035 1527 2092 duces
1556 2043 1612 2090 et
1656 2037 1817 2106 703
1860 2049 1955 2091 cov-
2061 2050 2245 2089 mense
2269 2032 2592 2102 Septembri,
2621 2031 2709 2087 die
2743 2031 3049 2097 Dominico,
3079 2046 3165 2085 xtv
3191 2028 3456 2095 Kalendas
3479 2031 3641 2091 Octo-

378 2122 539 2175 mites
582 2121 931 2189 Francorum,
963 2134 1070 2180 tam
1107 2127 1389 2196 episcopos
1427 2141 1586 2197 quam
1625 2127 1958 2193 sacerdotes,
2057 2123 2170 2179 bris
2195 2120 2247 2192 δ,
2273 2121 2496 2179 Carolus
2522 2121 2587 2175 ad
2617 2120 2925 2176 Noviomem
2951 2121 3159 2184 urbem,
3180 2128 3233 2174 et
3253 2116 3640 2187 Carlomannus

377 2211 443 2264 ad
472 2226 531 2267 se
580 2213 763 2269 venire
805 2216 1096 2284 praecepit,
1127 2217 1306 2285 ibique
1360 2232 1462 2271 una
1515 2232 1638 2271 cum
1688 2232 1954 2273 consensu
2057 2216 2125 2270 ad
2153 2215 2380 2270 Saxonis
2409 2214 2704 2278 civitatem,
2739 2214 2937 2282 pariter
2968 2228 3073 2265 uno
3102 2210 3187 2266 die
3236 2226 3267 2265 a
3322 2211 3637 2281 proceribus

376 2300 703 2358 Francorum
723 2315 776 2359 et
799 2321 1078 2373 procerum
1097 2322 1342 2375 suorum,
1364 2324 1459 2363 seu
1481 2319 1529 2364 et
1555 2306 1951 2378 episcoporum,
2058 2323 2244 2367 eorum
2274 2317 2329 2363 et
2361 2308 2769 2363 consecratione
2813 2306 3150 2362 sacerdotum
3198 2306 3471 2371 sublimati
3512 2315 3639 2363 sunt

374 2412 595 2477 regnum
618 2399 967 2466 Francorum,
993 2402 1133 2472 quod
1154 2401 1270 2471 ipse
1292 2410 1553 2465 tenuerat,
1582 2403 1772 2471 aequali
1800 2412 1945 2457 sorte
2054 2399 2111 2456 in
2142 2414 2323 2469 regno.

1179 2514 1396 2587 Explicit
1425 2514 1723 2587 Fredegarii
1748 2517 2059 2571 Chronicum
2088 2532 2204 2570 cum
2231 2517 2339 2573 suis
2367 2516 2829 2573 oontinuatoribus.

444 2656 473 2721 ei
497 2644 628 2721 Cau.
658 2659 709 2702 et
739 2648 920 2721 Fr«:li.,
953 2651 1197 2716 Alesans;
1224 2650 1408 2717 Ches.,
1451 2650 1705 2708 Alexacis.
1753 2648 1804 2705 id
1837 2657 1944 2718 est,
2053 2650 2263 2721 viginti.
2305 2648 2544 2705 Mortuus
2573 2658 2657 2705 est
2693 2656 2866 2717 autem
2899 2657 3081 2718 mense
3125 2648 3446 2721 Septembri,
3493 2664 3637 2719 anno

372 2713 611 2780 Eiisatia,
637 2720 790 2780 vulgo
819 2720 1054 2774 l'Alsace.
1180 2713 1187 2716 ⁷
1392 2713 1405 2717 ⁷
1929 2713 1941 2718 ⁷
2055 2713 2179 2773 768.

441 2787 468 2824 b
496 2788 592 2840 Cb.
624 2799 677 2841 et
708 2790 889 2852 ιιι-ειη..
912 2800 965 2842 ut
991 2791 1160 2846 dolus.
2058 2820 2061 2823 λ
2124 2787 2150 2827 δ
2185 2790 2309 2844 Haec
2334 2790 2520 2853 verba,
2544 2805 2654 2844 xiv.
2689 2789 2811 2843 Kal.
2839 2789 2951 2843 Oc'.
2982 2789 3051 2844 ab
3078 2789 3454 2858 interpolatore
3482 2788 3635 2844 addi-

443 2866 467 2895 ε
498 2858 653 2910 ΝιιΙΙο
682 2869 836 2926 pacto
873 2861 1077 2915 admitti
1126 2869 1298 2927 potest
1343 2861 1428 2915 hic
1458 2860 1714 2914 caltulus.
1768 2859 1947 2928 Pippi-
2053 2868 2134 2913 tas
2166 2860 2329 2919 fuisse
2374 2861 2449 2912 ait
2476 2860 2748 2924 Cointius,
2799 2861 2938 2927 quod
2969 2860 3114 2928 juxta
3168 2875 3320 2914 suum
3370 2858 3632 2921 calculum

368 2941 467 2991 nus
498 2928 710 2995 quidem
740 2944 803 2981 ex
836 2946 939 2992 quo
968 2946 1058 2984 rex
1090 2933 1411 2985 acc'laiuatus
1455 2942 1538 2985 est
1582 2939 1632 2984 in
1678 2942 1943 2984 cutlvenlu
2053 2929 2308 2997 Pippinus
2338 2945 2425 2982 viti
2457 2929 2573 2983 Kal.
2607 2929 2844 2998 ejusdem
2876 2929 3073 2997 mt'lISiS
3104 2929 3318 2995 abierit.
3350 2929 3420 2980 Ea
3454 2938 3648 2983 Iamen'

2052 2996 2248 3052 habent
2279 3000 2418 3052 Editi
2451 3000 2609 3050 simul
2640 2996 2696 3051 et
2725 2996 2845 3051 Mss.
2879 3013 2998 3050 cum
3036 2998 3325 3051 Annalibus
3359 2998 3635 3053 Mettensi-

2052 3070 2169 3125 bus.
2190 3067 2415 3124 Carolus
2440 3078 2614 3121 autem
2647 3069 2886 3121 Noviomi
2912 3067 3145 3138 (Nuyon)
3162 3070 3503 3136 inauguratus
3526 3078 3627 3132 est,

2049 3148 2105 3207 et
2133 3140 2248 3207 ejus
2280 3138 2441 3192 frater
2474 3139 2760 3196 Suessioue
2789 3137 3100 3205 (Smssous),
3130 3153 3289 3207 quam
3320 3139 3503 3190 urbem
3540 3151 3634 3192 ve-

2051 3204 2191 3264 tees
2218 3210 2456 3263 nonnulli
2486 3209 2746 3264 Saxonem
2766 3204 2803 3281 ,⁷
2826 3207 3114 3263 δεεεὶοιιεηι
3133 3204 3161 3274 ,⁷
3181 3219 3309 3275 etc.,
3342 3207 3632 3276 appellant.

368 2998 758 3078 Spessiunensi,
791 3004 1032 3078 regnavit
1058 3016 1225 3054 annos
1253 3002 1558 3078 sexdecim,
1589 3015 1799 3053 menses
1819 3016 1941 3078 snex;

370 3069 440 3121 Px”
465 3083 567 3135 quo
598 3066 637 3119 τι
658 3066 928 3133 Stephano
964 3084 1094 3137 papa
1125 3083 1411 3125 coronatus
1462 3072 1581 3134 fuit,
1612 3086 1778 3122 annos
1832 3068 1945 3123 fere

368 3138 666 3203 quindecim
690 3156 703 3200 ;
737 3141 803 3190 ab
830 3155 970 3193 anno
998 3149 1175 3193 autem
1204 3157 1329 3207 quo,
1362 3152 1508 3208 patre
1539 3140 1948 3205 rnortuu.Iiiiajo-

370 3212 443 3275 ris
488 3210 678 3263 domus
723 3209 1034 3278 dignitatem
1080 3212 1349 3275 obtinuit,
1402 3225 1573 3271 annos
1632 3218 1835 3276 septem
1892 3220 1947 3265 et

370 3374 3635 3418 rw

704 3408 2342 3437 -_—’———_—‘—_W——,-'_*—r—..—.——_

368 3410 697 3441 TT"———

576 3554 1193 3659 MONITUM
1265 3556 1401 3661 IN
1479 3554 2474 3678 SUBSEQUENTIA
2549 3547 3399 3663 FRAGMENTA.

448 3763 749 3840 fredegarii
784 3766 1036 3826 Chronico
1058 3764 1220 3840 visum
1249 3775 1320 3818 est
1351 3765 1659 3840 subiungere
1683 3764 1909 3837 ejusaem
1940 3762 2162 3815 auctoris
2190 3761 2502 3831 Fragmenta
2526 3761 2709 3815 selecta
2727 3763 2794 3814 ad
2825 3758 3144 3816 Francorum
3177 3761 3456 3825 llis-torium
3476 3764 3635 3832 perti-

365 3831 561 3922 neiitia,
585 3874 700 3927 qua:
745 3875 807 3912 ea:
842 3858 960 3911 aliis
982 3860 1090 3929 ejus
1118 3858 1353 3921 aperibus
1380 3836 1760 3925 descripsimus.
1789 3855 2030 3920 Quamvis
2060 3855 2195 3908 enim
2224 3863 2434 3905 testetur
2465 3854 2551 3906 ille
2575 3864 2752 3905 auctor
2777 3872 2830 3907 se
2850 3872 2907 3907 ea
2942 3860 3131 3926 referre
3158 3871 3272 3922 qua:
3292 3871 3354 3907 ex
3385 3854 3630 3925 Eusebio,

366 3950 705 4019 Hieronymo,
751 3948 942 4014 Idalio,
996 3958 1114 4013 etc.,
1146 3948 1469 4017 excerpserit.
1501 3947 1747 4000 nonnulla
1800 3956 1967 3998 tamen
1997 3947 2297 4014 quandoque
2327 3946 2471 3996 liabet
2513 3960 2625 4013 qua:
2649 3946 2701 3996 in
2746 3947 2855 3997 istis
2903 3947 3197 3998 auctoribus
3237 3945 3630 4011 desiderantur;

375 4040 479 4092 sive
506 4056 561 4092 ea
590 4039 817 4092 retulerit
851 4054 911 4091 ea:
938 4035 1161 4101 antiquis
1192 4036 1552 4089 traditionibus
1592 4051 1706 4103 qua:
1734 4046 1848 4086 tunc
1896 4035 2400 4099 circumferebantur.
2428 4033 2529 4085 sive
2554 4033 2647 4085 illa
2688 4050 2748 4087 ex
2775 4035 2975 4087 vetustis
2998 4033 3292 4088 auctoribus
3318 4035 3458 4087 nobis
3479 4036 3629 4105 igno-

375 4133 439 4185 tis
478 4133 819 4201 descripserit.
855 4129 936 4184 Ea:
976 4129 1079 4183 illis
1105 4144 1220 4182 vero
1250 4130 1514 4194 selegimus
1561 4143 1618 4178 ea
1649 4129 1813 4179 solum
1856 4141 1969 4185 ante
2011 4126 2077 4176 ad
2110 4133 2337 4176 nostram
2385 4123 2670 4176 Historiam
2704 4110 2982 4191 pertinent,
3029 4140 3241 4193 qua’que
3290 4125 3441 4177 veteri
3475 4126 3631 4196 style,

365 4230 515 4291 prout
558 4233 661 4274 tuna
692 4227 744 4276 in
771 4223 941 4277 codice
969 4239 1065 4277 ms.
1114 4223 1314 4294 collegii
1342 4220 1647 4275 Parisiensis
1691 4218 1960 4273 Societatis
1999 4217 2146 4284 Jesu,
2171 4218 2393 4271 auctoris
2421 4228 2570 4271 wtate
2591 4218 2805 4286 scripto,
2830 4227 2939 4270 tum
2960 4218 3013 4271 in
3039 4219 3142 4272 alio
3172 4218 3464 4273 llivionensi
3488 4234 3550 4272 ea:
3570 4219 3634 4277 ιι,

368 4311 662 4367 lustrissz'mi
698 4314 793 4366 viri
818 4311 1023 4367 Boherii
1050 4312 1355 4366 bibliotheca
1380 4312 1642 4381 leguntur,
1666 4317 2104 4381 repra’sentamus.

1340 4649 2387 4787 FBAGMEN
2415 4647 2708 4783 TA

831 4930 955 5057 EX
1033 4929 1303 5055 ALlIS
1380 4880 2009 5055 FBEDEGARII
2075 4922 2628 5063 EXCERPTIS
2711 4920 3200 5069 suum.

1048 5151 1229 5227 QUIE
1275 5150 1381 5212 AD
1430 5149 1875 5211 HISTORIAM
1939 5147 2431 5211 FRANCORUM
2490 5147 2969 5209 PERTINENT.

1246 5290 2767 5343 w

370 5416 412 5473 1.
454 5445 527 5459 -
571 5412 716 5471 Inter
771 5411 1030 5480 Excerpta
1072 5427 1135 5467 ea:
1194 5409 1394 5464 Eusebii
1462 5408 1754 5475 Chronico,
1813 5408 1945 5462 Ilie-
1974 5412 2016 5470 C
2054 5407 2178 5461 mali
2210 5406 2349 5477 quod
2376 5407 2533 5461 trium
2569 5406 2852 5461 mulierum
2895 5406 2962 5461 de
2988 5404 3399 5474 pulcritudinem
3426 5412 3635 5462 certan-

899 5499 1110 5555 ronymo
1130 5483 1425 5551 interprete.

2061 5502 2185 5556 tium
2214 5500 2488 5570 praemium
2530 5500 2628 5554 fuit
2651 5514 2755 5553 una
2784 5515 2999 5566 earum,
3022 5499 3247 5563 Helena,
3299 5508 3515 5571 pastore
3552 5498 3636 5569 ju-

438 5598 600 5671 705
626 5597 681 5652 In
705 5596 796 5650 illo
829 5603 1068 5665 tempore
1111 5593 1259 5665 (Cap.
1304 5592 1360 5663 5)
1396 5592 1639 5649 Priamus
1691 5589 1946 5645 llelvnam
2053 5592 2175 5648 dice
2197 5592 2480 5662 pollicente
2499 5599 2547 5645 ι.
2573 5591 2819 5646 Memnon
2841 5600 2893 5644 et
2916 5594 3211 5646 Amazones
3233 5592 3445 5647 Priamo
3468 5591 3636 5648 tulere

372 5691 570 5759 rapuit.
600 5686 893 5757 Troianum
935 5686 1133 5741 bellum
1163 5685 1457 5741 decennale
1491 5684 1745 5740 surrexit.
1777 5681 1947 5754 causa
2056 5684 2373 5739 subsidium.
2407 5682 2617 5737 Exinde
2644 5682 2796 5752 origo
2841 5682 3171 5738 Francorum
3201 5684 3318 5739 fuit.
3366 5683 3635 5745 Priamum

442 5813 469 5841 ι
500 5805 657 5867 can”
690 5801 882 5872 pastori
899 5801 1068 5871 judici
1096 5801 1383 5870 pollicente.
