4132 6348
376 390 472 444 701

1560 371 1650 426 DE
1686 355 2003 422 IUSTOth
2141 363 2356 420 ᾹΝΟΟΒ
2365 363 2480 422 ΠΗ.

3532 363 3637 418 702

380 505 609 562 lue-mum
640 507 844 570 panem
884 495 1070 551 Gallia;
1097 491 1310 549 Gotthis
1338 486 1511 542 daret.
1541 486 1674 542 Cum
1708 500 1737 538 a
1777 483 1956 538 Tbeu-
1988 477 2038 537 A
2066 477 2223 570 lium:
2246 479 2430 547 Agecii
2463 478 2745 533 consilium
2787 477 2953 534 Gallia
2988 478 3058 532 ab
3084 476 3406 534 adversariis
3443 477 3638 536 libera.

381 599 514 652 doro
544 607 666 663 rege
693 589 852 660 hujus
881 585 1155 657 petitionis
1199 595 1444 638 annuens
1489 577 1739 632 auxilium
1768 573 1959 628 fuisset

385 688 727 759 promissum,
761 681 988 752 Agecius
1042 679 1242 748 legatos
1288 678 1507 729 mittens
1556 671 1620 724 ad
1670 669 1957 724 Attilanem

381 798 561 853 regem
589 778 898 833 Chunorum
955 773 1209 832 obviam,
1253 776 1438 836 petens
1493 763 1746 818 auxilium
1792 761 1958 830 708

383 849 567 936 contra
596 867 840 930 Gotthis,
883 863 973 934 qui
1025 860 1238 917 Galleas
1277 856 1544 912 conabaut
1577 851 1827 906 invadere
1860 867 1873 904 :
1913 849 1960 902 si

386 953 744 1033 przevaIEbant
771 955 944 1012 Chuni
971 969 1001 1009 e
1052 961 1238 1008 contra
1269 947 1480 1002 Gotthis
1509 943 1822 1005 defendere,
1849 956 1959 995 me-

385 1056 638 1114 dietatem
686 1049 871 1103 Galliae
921 1046 988 1099 ab
1018 1041 1215 1112 Agecio
1265 1038 1620 1107 perciperent.
1671 1033 1836 1088 Attila
1867 1046 1961 1086 rex

386 1166 506 1204 cum
537 1145 740 1201 Chunis
783 1143 1062 1208 festinans,
1093 1147 1144 1191 et
1176 1147 1406 1204 parcens
1431 1140 1456 1166 ι
1501 1126 1802 1183 civitatibus
1829 1124 1960 1178 Ger-

389 1240 581 1298 manitc
603 1246 658 1292 et
693 1234 901 1296 Galliae,
932 1243 1114 1286 contra
1136 1228 1369 1292 Gotthis,
1401 1239 1559 1293 super
1587 1221 1772 1287 Ligere
1802 1215 1962 1269 fluvio

390 1332 656 1392 residens,
709 1341 806 1380 nec
856 1324 1036 1394 procul
1087 1323 1154 1376 ab
1182 1318 1475 1375 Aurilianis
1516 1311 1753 1378 confligit
1790 1317 1963 1362 certa-

390 1423 556 1478 mine.
586 1421 738 1474 Caesa
787 1425 913 1472 sunt
961 1414 1280 1471 Gotthorum
1325 1409 1551 1463 ducenta
1597 1403 1760 1460 millia
1790 1399 1964 1453 homi-

390 1530 539 1583 num.
593 1510 910 1566 Theodorus
957 1521 1048 1561 rex
1091 1506 1191 1559 hoc
1239 1502 1429 1571 prmlio
1482 1497 1750 1553 occubuit.
1811 1492 1964 1545 Carsa

391 1618 514 1662 sunt
542 1604 852 1657 Chunorum
884 1608 1094 1656 centum
1129 1594 1506 1666 quinquaginta
1544 1590 1728 1645 millia.
1760 1585 1964 1640 Civitas

394 1698 698 1753 Aurelianis
721 1693 1049 1748 orationibus
1071 1687 1362 1745 beatissimi
1394 1684 1584 1741 Aniani
1616 1683 1838 1736 liberata
1861 1685 1966 1732 est:

394 1789 563 1846 Chnni
593 1786 908 1856 repedantes
936 1781 1208 1837 Trecassis
1234 1778 1261 1818 δ
1293 1780 1343 1832 in
1384 1775 1806 1830 Mauriacensem
1833 1783 1964 1823 conv

2065 577 2168 624 tur.
2199 567 2385 624 Postea
2418 584 2537 623 cum
2567 585 2596 623 a
2628 567 2983 623 'l‘hursimodo
3011 582 3136 638 rege
3181 576 3236 624 et
3278 568 3490 625 Gotthis
3527 570 3641 625 tunc

2066 660 2224 714 factio
2291 660 2494 727 perlata
2560 661 2775 724 inisset,
2835 659 3171 729 requirentes
3229 660 3640 729 promissionem

2063 753 2242 821 Agecii
2275 754 2614 820 implendam,
2657 761 2714 806 et
2761 753 2847 806 ille
2885 753 3192 816 retinuerit,
3230 767 3323 818 per
3348 753 3492 821 pacis
3516 751 3639 821 jura

2063 844 2363 899 orbiculum
2423 843 2441 881 ί
2510 859 2729 897 aureum
2797 844 3022 914 gemmis
3069 853 3337 907 ornatum,
3386 855 3643 907 pensante

2066 935 2228 989 libras
2267 936 2581 1003 quingentas
2642 934 2709 986 ab
2767 934 2965 1002 Agecio
3014 934 3422 1003 compositionis
3483 947 3642 988 causa

2068 1031 2449 1086 transmittitur
2487 1029 2894 1095 Thnrsemodo,
2939 1038 2995 1083 et
3049 1029 3164 1082 haec
3208 1027 3381 1096 jurgia
3426 1027 3645 1095 quieve-

2066 1134 2208 1179 runt.
2243 1124 2372 1190 Qure
2404 1123 2611 1191 species
2650 1122 2994 1176 devotissitne
3021 1136 3189 1190 usque
3236 1121 3288 1174 in
3328 1120 3641 1176 hodiernum

2065 1217 2205 1272 diem
2235 1216 2555 1271 Gotthorum
2587 1215 2851 1269 thesauris
2878 1231 2975 1284 pro
2997 1225 3243 1270 ornatum
3274 1225 3558 1270 veneratur
3585 1224 3640 1271 et

2067 1318 2294 1364 tenetur.

2138 1411 2291 1462 Anno
2324 1406 2359 1458 2
2409 1405 2673 1460 Anthemii
2705 1403 2812 1474 (Ea:
2845 1418 2960 1475 cap.
2990 1406 3080 1472 58,
3105 1405 3258 1475 Can.,
3290 1407 3380 1459 lib.
3418 1409 3496 1472 tti,
3526 1421 3642 1476 cap.

2067 1496 2124 1568 8)
2149 1498 2200 1552 in
2229 1498 2403 1552 medio
2434 1496 2644 1551 Tolosa
2673 1496 2916 1550 civetatis
2944 1497 3160 1564 sanguis
3186 1499 3360 1566 erupit
3384 1497 3450 1551 de
3481 1508 3644 1564 terra,

2068 1605 2121 1649 et
2168 1602 2274 1647 tota
2326 1592 2412 1646 die
2454 1592 2626 1657 ﬂttxit,
2680 1591 2999 1661 signelicans
3045 1589 3360 1646 Gotthorom
3409 1591 3648 1647 domina-

2070 1688 2212 1742 tione
2240 1685 2445 1740 sublata
2480 1683 2804 1737 Francorum
2834 1684 3150 1737 adveniente
3177 1698 3358 1748 regno.

2280 1781 2446 1836 lV.-—
2477 1779 2619 1833 Inter
2661 1781 2836 1834 eadem
2868 1777 3120 1848 Excerpla
3149 1795 3211 1832 ea:
3239 1777 3434 1833 Idalio.

395 1845 1044 1941 sechES'Caml’aﬂia'll-
1089 1866 1489 1925 Τιιοτθειιιοάυε
1525 1875 1548 1903 ⁸
1606 1865 1745 1918 ﬁlius
1789 1860 1968 1914 Τ¹¹θ¹¹⁹
1999 1845 2044 1908 Β
2145 1875 2378 1942 Quadam
2411 1881 2436 1920 Β
2462 1876 2576 1926 vice
2604 1870 2846 1941 (cap.00;
2870 1845 3123 1935 Can.,lib.
3148 1869 3469 1939 ttt.cap.10)
3491 1868 3650 1924 Chlo-

394 1972 531 2036 dOri,
565 1969 654 2039 qui
684 1969 731 2022 ci
761 1968 1016 2020 successit
1043 1965 1092 2018 in
1120 1977 1368 2032 regnum,
1415 1960 1694 2014 collectum
1738 1954 1967 2009 Gottho-

394 2079 511 2120 rum
544 2060 797 2123 exercitu,
832 2065 1035 2126 patrem
1071 2054 1248 2108 ulcisci
1289 2051 1639 2112 desiderans,
1673 2061 1792 2101 cum
1831 2045 1970 2102 Atti-

397 2152 570 2208 lanem
601 2160 656 2206 et
680 2149 882 2204 Chunis
898 2148 1164 2201 Mauriaco
1182 2143 1422 2211 confligit
1443 2139 1734 2195 certamine
1749 2179 1764 2204 ,
1790 2136 1970 2205 ibique

397 2245 567 2300 tribus
615 2242 806 2297 diebus
845 2249 1070 2308 uterque
1122 2236 1396 2303 phalanga:
1451 2233 1502 2287 in
1552 2231 1779 2286 invicem
1826 2243 1970 2298 prae-

398 2333 609 2396 liantes,
662 2339 716 2385 et
759 2327 1156 2394 innumerabilis
1206 2323 1491 2379 multitudo
1532 2321 1706 2391 gentis
1736 2317 1762 2356 ά
1812 2334 1972 2374 occu-

398 2425 534 2484 buit.
563 2423 790 2493 Agecins
812 2437 929 2476 cum
960 2428 1104 2475 esset
1131 2416 1597 2472 strenuosissimus
1620 2412 1854 2473 consilii,
1879 2426 1973 2480 per

399 2529 609 2572 noctem
642 2516 708 2571 ad
753 2515 1037 2569 Attilanem
1074 2512 1293 2568 veniens
1342 2511 1473 2564 dixit
1503 2507 1566 2561 ad
1599 2522 1756 2562 eum:
1810 2504 1974 2574 Opta-

399 2609 558 2671 biletn
592 2608 847 2662 duxeram
874 2615 931 2660 ut
980 2613 1066 2657 tua
1099 2612 1298 2657 vtrtute
1349 2603 1616 2668 regionem
1649 2599 1783 2652 hanc
1811 2612 1837 2648 a
1867 2612 1975 2665 per-

400 2701 518 2755 fidis
566 2699 782 2755 Gotthis
835 2697 1124 2766 potuissem
1178 2694 1356 2766 [Boli.,
1411 2690 1691 2762 potuisses]
1735 2689 1971 2756 eripere,

400 2795 494 2856 sed
527 2792 829 2846 nullatenus
857 2790 971 2844 fieri
996 2797 1185 2857 potest.
1221 2786 1398 2856 Usque
1427 2802 1566 2839 nunc
1594 2800 1712 2839 cum
1741 2783 1974 2838 minimis

400 2882 780 2956 pugnatoribos
825 2882 1072 2951 prmlias,
1120 2879 1216 2934 hac
1254 2889 1410 2933 nocte
1452 2877 1818 2933 Theudoricus
1846 2888 1965 2942 ger-

400 2989 589 3030 manus
639 2971 989 3027 Thoresmodi
1041 2985 1163 3027 cotn
1223 2969 1439 3023 nimiam
1485 2965 1876 3021 multitudinem
1921 2969 1976 3018 et

401 3063 720 3131 fortissimos
775 3062 1092 3118 Gotthorum
1165 3067 1484 3128 pugnatores
1533 3055 1751 3110 advenit
1798 3071 1812 3108 :
1862 3053 1978 3108 haec

404 3173 508 3213 non
561 3156 828 3220 sustines,
880 3165 1041 3224 atque
1098 3153 1299 3206 utinam
1357 3152 1438 3206 vel
1502 3150 1730 3204 evadere
1779 3147 1972 3216 possis.

403 3247 551 3303 Tunc
583 3247 741 3301 Attila
772 3244 917 3299 dedit
947 3223 1144 3312 Agecio
1166 3243 1352 3296 decem
1383 3240 1549 3294 millia
1575 3238 1892 3299 solidorum,
1921 3248 1979 3292 ut
2004 3223 2053 3289 C

404 3355 497 3418 per
523 3354 619 3394 suo
648 3337 862 3408 ingenio
891 3337 1218 3390 Pannoniam
1247 3333 1551 3403 repedaret.
1575 3331 1798 3402 Ipsaque
1821 3341 1978 3386 nocte

404 3433 633 3503 Agccius
659 3432 725 3486 ad
757 3427 1124 3485 Thoresmodo
1149 3427 1398 3496 idemque
1418 3424 1670 3489 perrexit,
1691 3424 1980 3492 dicensque

406 3525 453 3588 ei
479 3540 690 3580 causam
730 3521 1098 3584 consimilem,
1143 3519 1283 3587 quod
1334 3518 1475 3588 apud
1511 3517 1642 3572 viles
1669 3516 1978 3571 Chunornm

407 3626 726 3685 pngnatores
768 3628 937 3681 usque
990 3626 1134 3666 nunc
1183 3618 1548 3680 pugnaverat;
1583 3623 1702 3662 nam
1749 3609 1980 3662 max’ma

407 3703 690 3761 multitudo
719 3714 770 3758 et
800 3700 1077 3757 fortissimi
1104 3709 1423 3771 pugnatores
1451 3713 1482 3752 a
1520 3696 1813 3753 Pannoniis
1840 3695 1980 3760 ipsa-

407 3809 509 3866 que
536 3805 692 3850 nocte
715 3792 958 3848 Attillani
985 3790 1330 3855 advenerant,
1368 3799 1420 3845 et
1449 3788 1722 3843 audissent
1759 3786 1978 3841 fratrem

406 3903 562 3946 suum
587 3887 984 3943 Theodericum
1011 3885 1064 3940 in
1100 3899 1258 3940 aures
1289 3884 1613 3939 Gotthorum
1661 3896 1979 3950 occupasse,

407 3993 736 4050 regnumque
766 3978 926 4034 vellet
955 3976 1214 4046 arripere,
1246 3975 1347 4030 nisi
1380 3974 1605 4029 festinus
1631 3973 1696 4026 ad
1725 3972 1978 4026 reseden-

409 4071 536 4128 dum
563 4079 834 4143 pergeret,
861 4069 1155 4139 periculum
1198 4067 1263 4122 ad
1294 4065 1691 4135 degradandutn
1736 4063 1978 4117 haberet.

407 4164 656 4232 Acceptis
708 4160 956 4233 idemque
1005 4160 1166 4230 709
1231 4157 1462 4227 Agecius
1518 4171 1547 4210 a
1609 4152 1982 4210 Thuresmodo

408 4254 594 4310 decem
620 4253 780 4308 millia
803 4253 1009 4316 solidis,
1058 4261 1114 4305 ut
1158 4263 1258 4306 suo
1286 4247 1500 4314 ingenio
1527 4262 1557 4301 a
1605 4246 1984 4316 persecutione

409 4345 719 4400 Chunorum
747 4343 952 4398 liberati
979 4341 1160 4396 Gotthi
1195 4340 1261 4396 ad
1306 4339 1462 4395 sedes
1497 4338 1741 4408 proprias
1770 4351 1981 4393 remea-

410 4445 554 4493 rent.
583 4436 649 4491 Et
676 4437 917 4507 protinus
964 4435 1233 4490 abierunt.
1281 4435 1508 4504 Agecius
1541 4446 1668 4487 vero
1697 4447 1817 4487 cum
1846 4433 1979 4499 suis,

413 4527 574 4582 etiam
595 4527 832 4584 Francos
879 4541 1060 4583 secum
1108 4525 1314 4582 habens
1340 4567 1356 4594 ,
1402 4533 1521 4596 post
1550 4533 1756 4595 tergum
1788 4524 1986 4580 direxit

2069 1967 2270 2022 dovcus
2298 1982 2389 2018 rex
2427 1964 2748 2017 Francorum
2795 1970 2848 2015 et
2877 1961 3112 2014 Alaricus
3164 1977 3256 2014 rex
3305 1959 3644 2025 Gotthorum,

2071 2057 2159 2127 qui
2219 2057 2400 2111 sedem
2439 2054 2687 2108 Tholosa:
2742 2051 3002 2116 habebat,
3063 2059 3181 2120 post
3234 2052 3395 2104 multa
3457 2051 3647 2119 prmlia

2071 2162 2188 2217 quae
2263 2147 2489 2200 invicem
2555 2151 2890 2212 gesserant,
2957 2141 3351 2197 intercedentes
3422 2143 3649 2210 legatus,

2071 2254 2188 2293 cum
2220 2253 2402 2307 pacem
2453 2237 2587 2290 inire
2626 2235 2911 2302 coepissent
2952 2234 3107 2301 hujus
3157 2235 3563 2300 convenimtim,
3595 2243 3650 2293 ut

2075 2331 2312 2386 Alaricus
2334 2329 2549 2382 barbam
2577 2335 2816 2394 tangeret
2840 2326 3126 2379 Chlodovei
3155 2325 3373 2379 ell'ectns
3396 2325 3481 2379 ille
3510 2323 3536 2361 ιι
3560 2341 3650 2393 pa-

2075 2430 2277 2485 treuus,
2299 2429 2605 2488 perpetuam
2631 2418 2694 2471 ad
2721 2416 2944 2470 invicem
2975 2431 3155 2482 pacem
3176 2425 3482 2480 servarent;
3507 2425 3561 2470 et
3579 2417 3647 2472 ad

2074 2512 2230 2581 hujus
2267 2511 2459 2582 placita
2502 2509 2878 2579 conjunctione
2913 2508 2928 2546 ί
2966 2523 3064 2563 nec
3111 2509 3342 2565 Francos
3389 2525 3484 2564 nec
3514 2508 3648 2565 Got-

2076 2606 2195 2661 thos
2225 2615 2457 2659 armatos
2485 2604 2694 2673 penitus
2731 2603 3064 2656 accederent.
3091 2602 3394 2658 Statnentes
3416 2604 3555 2658 diem
3583 2603 3651 2659 ad

2075 2694 2245 2750 locum
2276 2694 2604 2760 designatum
2637 2694 2703 2746 ab
2738 2693 2993 2756 invicem;
3041 2693 3216 2761 ibique.
3247 2694 3448 2762 legatus
3489 2692 3652 2748 Chlo-

2075 2787 2252 2850 dovei,
2285 2786 2542 2841 Paternus
2587 2785 2820 2850 nomine,
2871 2785 2934 2836 ad
2966 2785 3236 2838 Alaricum
3279 2788 3524 2849 accessit,
3574 2787 3655 2840 in-

2076 2878 2291 2948 quirens
2312 2887 2488 2930 utrum
2518 2890 2584 2929 eo
2615 2876 2791 2928 habitu
2817 2873 2993 2927 Gotthi
3030 2875 3263 2928 inermes
3290 2891 3397 2941 quo
3425 2891 3656 2944 spopon-

2076 2971 2284 3036 derant,
2311 2969 2560 3038 placitum
2591 2966 2914 3020 custodirent
2949 2983 2963 3018 :
2995 2975 3086 3019 aut
3126 2967 3260 3020 forte
3289 2981 3437 3020 more
3473 2967 3654 3032 solito,

2076 3068 2135 3115 ut
2162 3068 2282 3127 post
2311 3057 2591 3128 probatum
2624 3065 2727 3120 est,
2759 3056 3052 3110 mendaciis
3077 3065 3322 3124 parerent
3347 3055 3544 3110 i.Cutn
3577 3056 3658 3111 lo-

2076 3160 2330 3221 queretur
2359 3149 2623 3204 Paternus
2653 3147 2815 3218 710
2840 3145 2906 3201 ad
2934 3146 3145 3201 Alarico
3177 3162 3377 3215 regem,
3404 3147 3658 3202 nuntians

2082 3244 2280 3298 salutes
2302 3239 2616 3303 Chlodovei,
2646 3248 2701 3294 et
2729 3239 3012 3306 diligenter
3036 3237 3312 3305 inquirens
3332 3251 3438 3307 quo
3471 3235 3657 3292 ordine

2081 3335 2338 3389 deberent
2359 3332 2697 3400 conjungere,
2731 3328 2912 3383 Gotthi
2943 3327 3306 3382 fraudulenter
3343 3342 3477 3383 uxos
3504 3326 3528 3365 ι
3560 3342 3658 3398 pro

2081 3425 2280 3480 baculis
2312 3425 2363 3478 in
2410 3437 2624 3477 manum
2657 3420 2906 3474 ferentes.
2934 3418 3346 3489 Adprehensum
3395 3435 3560 3474 unum
3592 3435 3659 3474 ex

2082 3517 2166 3572 his
2195 3517 2457 3572 Paternus
2486 3513 2738 3577 extrahit,
2771 3512 2957 3566 dicens
2988 3529 3001 3564 :
3031 3511 3302 3566 Mendacia
3335 3519 3419 3566 tua
3465 3512 3658 3582 placita

2080 3617 2224 3672 sunt,
2253 3622 2368 3676 rex,
2400 3613 2459 3660 ut
2503 3603 2686 3659 fraude
2707 3603 2918 3658 coneris
2942 3618 3064 3657 cum
3107 3601 3213 3657 tuis
3239 3603 3450 3658 Gotthis
3489 3602 3663 3658 donti-

2082 3717 2207 3757 nom
2257 3714 2433 3755 meum
2483 3709 2537 3753 et
2584 3697 2818 3752 Francos
2867 3695 3133 3763 decipere.
3191 3695 3426 3764 Accepto
3467 3695 3664 3763 placito

2081 3808 2201 3848 cum
2236 3792 2469 3855 Alarico,
2495 3789 2760 3856 spondens
2796 3788 3055 3842 Paternus
3097 3801 3193 3856 pro
3237 3787 3458 3842 Francis
3490 3797 3544 3840 ut
3583 3787 3664 3857 ju-

2083 3883 2276 3938 dicium
2309 3879 2628 3935 Theoderici
2672 3878 2813 3947 regis
2842 3877 3057 3933 Etaliae
3105 3877 3263 3946 hujus
3294 3878 3369 3931 rei
3403 3877 3664 3933 terminus

2085 3976 2322 4031 fieretnr.
2352 3974 2427 4027 lbi
2473 3971 2678 4041 legatus
2723 3971 2918 4024 Alarici
2969 3967 3131 4039 regis,
3172 3979 3225 4024 et
3271 3969 3530 4023 Paternus
3577 3969 3664 4025 di-

2082 4073 2259 4121 rectus
2307 4077 2336 4114 a
2372 4061 2698 4124 Chlodoveo,
2723 4066 3064 4126 conspectum
3098 4065 3384 4128 properant
3411 4059 3662 4114 Theode-

2085 4154 2503 4222 rici.‘_Exponens
2531 4165 2624 4218 per
2651 4147 2838 4204 ordine
2861 4147 3118 4201 Paternus
3139 4161 3354 4202 causam
3367 4147 3664 4205 Chlodovei

2086 4253 2139 4300 et
2161 4243 2399 4307 Francis,
2435 4239 2576 4310 quod
2609 4240 2809 4308 legatus
2835 4237 3025 4293 Alarici
3055 4237 3320 4305 denegare
3341 4253 3446 4292 non
3470 4239 3662 4307 pomit,

2087 4332 2189 4390 nisi
2219 4344 2418 4389 tantum
2449 4339 2724 4402 petens,nt
2752 4329 3006 4399 judicium
3035 4329 3350 4384 Theoderici
3387 4331 3663 4385 (lueretur.

2087 4426 2340 4496 Cogitans
2385 4425 2437 4478 in
2487 4424 2832 4493 semetipsum
2876 4419 3240 4492 Theodericus
3291 4419 3452 4487 hujus
3490 4435 3667 4476 cauare

2089 4529 2364 4586 eventum,
2395 4525 2450 4574 et
2474 4515 2664 4571 futuris
2691 4513 3018 4582 temporibus
3041 4526 3158 4581 qua:
3187 4511 3506 4579 oportebant
3534 4509 3670 4566 obli-

412 4621 738 4690 Cbunorum,
771 4636 914 4691 quos
942 4636 1111 4686 usque
1160 4593 1444 4692 Thoringia
1492 4636 1522 4674 a
1548 4593 1705 4688 longe
1733 4634 1985 4690 proseco-
2013 4593 2067 4654 D
2095 4612 2305 4668 vionem
2333 4626 2437 4665 non
2467 4609 2700 4671 tradens,
2728 4607 2900 4660 zelum
2938 4604 3192 4660 adversus
3225 4605 3322 4657 hos
3350 4604 3485 4658 duos
3513 4617 3670 4673 reges

412 4723 498 4773 tus
517 4726 634 4783 est;
667 4718 1022 4788 praecepitque
1050 4717 1188 4782 suis,
1218 4725 1273 4771 ut
1302 4716 1666 4785 unusquisque
1691 4721 1850 4769 nocte
1897 4713 1986 4768 ubi

413 4813 714 4874 manebant,
765 4810 949 4866 decem
1002 4810 1230 4880 sparsim
1284 4809 1430 4864 focus
1465 4808 1737 4872 facerent,
1781 4817 1839 4862 ut
1881 4807 1988 4861 im-

413 4915 593 4962 mensa
622 4902 961 4957 multitudine
989 4903 1297 4956 semilareot
1327 4911 1376 4956 ο.
1419 4900 1638 4968 Quievit
1688 4899 1788 4953 hoc
1838 4912 1985 4968 proe-

485 5066 508 5127 f'
538 5057 708 5126 Clar.,
737 5069 958 5122 partem.
990 5057 1149 5122 Boh.,
1177 5073 1424 5127 pergens.

485 5125 513 5170 δ
542 5121 704 5192 Boh.,
721 5128 910 5182 Chunis
930 5121 1566 5196 repedantibus'Trigassis.
1599 5123 1755 5186 Can.,
1776 5121 1978 5176 castris.

488 5209 509 5238 ο
537 5199 693 5263 Boh.,
724 5197 1105 5252 Thorismodum
1128 5197 1283 5262 Can.,
1312 5196 1700 5250 Thom'modus.

484 5264 512 5303 δ
540 5262 702 5332 Clam,
734 5270 869 5336 genti
893 5285 910 5331 ;
941 5277 1049 5322 tum
1076 5267 1312 5321 additum
1335 5276 1538 5328 estum,
1555 5265 1605 5317 id
1624 5273 1707 5316 est
1734 5262 1980 5336 gentium,

457 5345 513 5418 ,ε
545 5338 698 5418 Boh.,
716 5332 898 5418 Sparsi
922 5343 1062 5418 focos
1083 5339 1324 5418 facerent,
1352 5346 1408 5390 tu
1433 5332 1984 5418 immensam'multitu-

414 5406 583 5461 dinem
611 5405 1092 5471 simildreutJCan;
1115 5409 1451 5476 sparsim.....
1495 5405 1810 5476 simularent.

453 5547 466 5558 '
488 5477 508 5515 ί
543 5470 1121 5558 hlisstirium_appellat
1145 5470 1153 5476 ’
1175 5475 1661 5558 Fredegarius‘ipse
1693 5475 1765 5556 .in
1809 5470 1982 5558 libro:

415 5547 554 5619 nico,
577 5564 696 5615 cap.
724 5552 812 5606 75.
845 5543 936 5606 Sic
960 5543 1181 5619 quoque
1209 5543 1403 5619 dicitur
1429 5547 1480 5600 in
1510 5545 1783 5619 Chronico
1815 5543 1981 5619 saucti

416 5612 654 5689 Benigni.
703 5620 838 5675 lline
874 5612 1063 5689 collige
1097 5612 1340 5674 'missorii
1389 5617 1605 5689 nomine
1649 5613 1784 5684 apud
1835 5613 1981 5667 illum

415 5687 682 5743 auctorem
712 5693 962 5753 catinum,
983 5687 1094 5742 sive
1117 5690 1306 5754 pelvim
1338 5687 1624 5754 designari.

486 5767 510 5802 ε
560 5758 758 5813 Confer
790 5761 887 5813 hoc
916 5768 1072 5826 caput
1116 5753 1236 5813 eum
1267 5759 1441 5827 capite
1461 5753 1536 5810 ’20
1577 5757 1666 5809 lib.
1708 5772 1724 5811 ι
1756 5753 1985 5811 Aimoini

415 5830 478 5882 de
516 5828 690 5893 Cestis
725 5829 1065 5894 Francorum,
1099 5839 1150 5884 et
1176 5829 1453 5886 Ruriconis
1478 5827 1569 5883 lib.
1600 5843 1670 5882 tv.

2090 4712 2378 4768 retenens;
2425 4700 2608 4756 dicens
2663 4697 2744 4753 bis
2787 4695 2975 4767 legatis
3016 4713 3030 4751 :
3065 4695 3124 4749 In
3181 4695 3472 4748 crastinum
3525 4694 3668 4763 quod

2091 4794 2341 4850 attentius
2368 4790 2525 4860 hujus
2553 4789 2629 4844 rei
2661 4801 2757 4857 pro
2785 4787 2931 4855 pacis
2974 4783 3336 4847 concordiam,
3365 4791 3421 4837 ut
3444 4781 3669 4851 iustitia:

2091 4885 2223 4942 ordo
2261 4883 2549 4955 poscuerit,
2594 4895 2714 4935 cum
2758 4875 3056 4932 senioribus
3097 4873 3284 4929 Palatii
3334 4881 3662 4945 pertractare

2161 5039 2191 5079 ιι
2239 5039 2341 5093 Pro
2369 5037 2464 5090 illi.
2493 5034 2625 5088 Hinc
2647 5033 2698 5086 in
2719 5031 2882 5095 Clar.,
2901 5029 3025 5094 alia,
3055 5026 3148 5082 sed
3173 5023 3540 5080 vetustissima
3557 5039 3671 5079 ma-

2085 5129 2176 5174 ntt,
2202 5112 2421 5179 e/ﬁcemr
2441 5106 2518 5158 illi
2544 5106 2794 5179 palrt'ntts.
2816 5103 3002 5179 Postea
3031 5096 3664 5179 nontactujolumntodo,

2085 5164 2178 5238 sed
2214 5164 2270 5234 et
2291 5177 2466 5231 barba;
2495 5164 2583 5226 aut
2613 5171 2924 5239 Capillorum
2965 5167 3222 5239 incisione
3244 5164 3481 5239 affinitas
3507 5164 3666 5239 spiri-

2086 5234 2244 5308 tualis
2270 5249 2394 5304 inita
2411 5245 2526 5299 fuit.
2558 5243 2656 5308 Qui
2679 5234 2838 5297 alicui
2868 5235 3353 5308 crinesincidebat,
3377 5234 3494 5308 ejus
3510 5235 3670 5308 ﬂebat

2086 5306 2236 5394 pater
2246 5316 2559 5394 spiritualis.
2572 5306 2709 5394 Vide
2729 5308 3131 5394 Paulutnmlzia'cp
3150 5307 3200 5360 in
3215 5306 3388 5394 (festis
3407 5306 3667 5394 Lango‘bq

2085 5374 2255 5449 iiiifw
2276 5374 2401 5459 cap.
2418 5387 2506 5449 40,
2530 5382 2777 5459 et_lib.ﬁvt
2803 5395 2918 5447 cap.
2941 5378 3197 5459 {ilPlura
3219 5375 3290 5459 de
3311 5376 3410 5459 hac
3439 5390 3496 5459 re
3511 5374 3671 5459 habet

2091 5444 2364 5520 hfabillon'.
2392 5458 2444 5512 in
2473 5444 2623 5524 praaf.
2650 5468 2665 5506 ι
2697 5452 2831 5505 Szec.
2865 5444 2918 5524 in
2942 5450 3060 5504 Act.
3092 5444 3425 5516 sauct.|ord.
3460 5446 3666 5500 Bened.

2168 5531 2184 5571 ί
2212 5533 2342 5587 Bob.
2373 5537 2425 5582 cl
2460 5521 2618 5588 Can.,
2650 5521 2997 5575 conventione.

2165 5603 2178 5654 i
2215 5586 2271 5657 ld
2298 5610 2398 5665 est,
2429 5586 2694 5651 mendaces
2721 5595 3131 5665 apparerenl,_ut
3157 5586 3316 5665 habet

2165 5674 2188 5712 κ
2220 5655 2556 5737 ἒίοίυιὶπᾳυε
2585 5665 2706 5737 ltls.,
2730 5655 2967 5717 etrecte.
3007 5659 3135 5715 Vide
3161 5656 3412 5714 Chronici
3437 5672 3551 5726 cap.
3578 5655 3670 5719 64.

2093 5758 2149 5806 et
2174 5743 2355 5815 Cangii
2385 5736 2730 5796 Glassarium.
