4132 6348
532 342 635 402 703

1248 337 1661 396 FREDEGARII
1702 333 2119 394 FRAGMENTA
2164 335 2253 392 DE
2294 334 2615 394 HISTORIA
2657 334 3099 395 FRANCORUM.

3717 338 3847 395 ’πίοι

530 471 774 530 potuero,
818 452 1069 514 fratribus
1113 459 1249 514 meis
1292 476 1414 513 eum
1457 462 1659 527 integra
1702 457 2005 523 dilectione,
2048 459 2269 537 et'Ain‘
2291 466 2507 513 arenam
2549 456 2704 526 hujus
2744 457 2977 512 civitatis
3026 471 3184 528 quam
3236 454 3543 512 munierant
3588 456 3837 513 liberati

529 567 715 608 amore
758 551 973 621 profuso
1020 550 1277 609 mandare
1320 567 1426 606 non
1472 553 1625 607 sileo.
1658 551 2025 620 Tractansque
2058 550 2112 605 in

528 657 727 697 arcano
747 643 919 697 cordis
946 643 1054 713 jam
1089 644 1216 699 olim
1243 645 1531 710 celaverat,
1558 644 1779 712 cupiens
1810 643 1891 696 his
1912 641 2119 695 duobus

528 735 743 805 regibus
768 734 1077 790 abinvicem
1109 750 1325 803 semper
1347 749 1469 790 esse
1511 734 1810 798 discordes,
1841 733 1999 787 talem
2033 733 2117 786 in-

527 836 614 881 ter
641 829 855 882 eosdem
880 828 1151 897 judicium
1185 828 1523 891 termenavit,
1548 836 1604 881 ut
1632 826 1849 881 difﬁcile
1881 823 2117 889 Gotthjs.

528 932 663 988 quos
688 902 928 975 Alaricus
973 921 1212 992 regebat,
1246 921 1402 989 hujus
1439 921 1608 989 culpa:
1647 917 1962 999 compositio
1990 932 2119 988 sup-

526 1009 802 1079 pleretur,
857 1017 918 1062 ut
963 1008 1167 1063 veniret
1216 1009 1504 1080 legatarius
1550 1008 1875 1063 Francorum
1925 1007 2117 1062 sedens

525 1114 688 1168 super
731 1115 961 1169 equum,
1001 1109 1218 1155 contum
1271 1109 1507 1156 erectum
1560 1108 1750 1154 tenens
1799 1099 1853 1153 in
1904 1114 2119 1153 manum

526 1199 649 1244 ante
676 1190 847 1243 aulam
871 1190 1051 1259 palatii
1077 1190 1297 1255 Alarici,
1320 1199 1375 1244 et
1405 1190 1607 1244 tamdiu
1632 1186 1875 1244 Alaricus
1906 1198 1959 1241 et
1989 1186 2119 1241 Got-

526 1281 606 1335 thi
651 1296 812 1351 super
855 1298 975 1337 eum
1020 1282 1221 1336 solidos
1252 1282 1538 1350 jactarent,
1582 1295 1861 1349 quousque
1887 1282 2119 1349 legatum

526 1379 583 1424 et
609 1384 806 1440 equum
829 1381 883 1425 et
912 1373 1192 1427 cacumine
1218 1372 1363 1427 conti
1391 1388 1510 1427 cum
1541 1372 1729 1425 solidis
1755 1372 2111 1439 cooperirent.

525 1459 915 1517 Renuntiantes
958 1463 1113 1531 legati
1159 1462 1368 1516 Alarico
1396 1463 1662 1532 protinus,
1693 1462 1836 1533 quod
1868 1461 2119 1517 Theode-

525 1553 622 1607 rtci
655 1552 812 1623 hujus
840 1554 917 1608 rei
944 1554 1282 1609 terminasset
1308 1534 1539 1623 judicius
1570 1571 1585 1609 :
1615 1563 1669 1608 et
1695 1569 1817 1608 cum
1849 1563 1991 1609 esset
2017 1553 2117 1608 dif-

526 1641 665 1696 ﬁcile
689 1643 801 1697 haec
814 1643 1024 1698 Alarico
1049 1644 1125 1698 vel
1147 1641 1361 1698 Gotthis
1382 1644 1652 1714 supplere,
1670 1644 1910 1700 volentes
1934 1644 2117 1699 fraude

524 1733 811 1790 Paternum
832 1736 1058 1805 legatum
1075 1736 1403 1792 Francorum
1422 1737 1691 1805 decipere,
1712 1752 1870 1805 quem
1901 1738 1952 1791 in
1967 1737 2112 1792 sola-

2221 559 2362 606 sunt.
2392 548 2520 604 Post
2544 549 2657 605 haec
2682 556 2899 604 cunctas
2926 547 3123 603 Gallias
3147 546 3387 604 Cltrocus
3413 561 3535 603 cum
3564 546 3839 603 Wanda-

2219 643 2305 708 lis,
2339 642 2565 707 Suarvis,
2595 649 2652 696 ct
2698 641 2883 696 Alanis
2934 654 3260 711 pervagans.
3312 641 3447 695 alias
3498 639 3841 697 subsidione

2224 733 2354 805 [Αι.,
2388 733 2687 804 obsidione]
2716 733 2933 797 delevit,
2965 734 3205 802 aliasque
3253 732 3528 804 ingeniose
3553 746 3841 799 rumpens

2194 828 2470 894 vastavit,
2503 840 2602 880 nec
2629 824 2733 878 ulla
2766 824 2953 879 civitas
2981 834 3074 880 aut
3111 832 3286 880 caster
3311 824 3379 879 ab
3400 824 3481 879 eis
3520 824 3575 901 ip
3623 822 3838 879 Galliis

2221 915 2446 971 liberata
2475 924 2578 981 est.
2616 913 2854 985 Cumque
2884 916 3101 971 Arelato
3142 915 3471 980 obsiderent,
3489 916 3751 971 Chrocus
3802 933 3837 969 λ

2222 1007 2389 1062 Mario
2418 1006 2646 1077 quodam
2691 1007 2860 1062 milite
2905 1016 3093 1075 captus
3133 1015 3188 1062 et
3224 1006 3454 1061 vinculis
3486 1007 3837 1061 constrictus

2221 1106 2322 1152 est.
2349 1097 2450 1166 Qui
2480 1098 2673 1153 ductus
2717 1097 2783 1152 ad
2824 1111 3033 1167 poenam
3066 1111 3159 1167 per
3186 1098 3349 1175 712
3378 1098 3661 1153 universas
3688 1096 3840 1153 civi-

2220 1198 2360 1244 tates
2405 1204 2539 1259 quas
2588 1198 2917 1257 vastaverat,
2950 1190 3165 1259 impiam
3212 1190 3374 1243 vitam
3428 1187 3589 1258 digna
3637 1197 3836 1244 morte

2220 1281 2417 1345 ﬁnivit,
2449 1282 2537 1336 cui
2564 1280 2963 1336 Trasemundus
3011 1280 3272 1334 successit
3319 1279 3371 1333 in
3412 1293 3661 1349 regnum.
3690 1278 3828 1332 Ala-

2222 1371 2400 1425 manni
2429 1371 2685 1427 adversus
2702 1371 2991 1427 Wandalos
3013 1385 3161 1425 arma
3182 1377 3547 1425 commovunt.
3573 1368 3835 1438 Uterque

2222 1467 2647 1533 consentientes,
2681 1466 2948 1537 singulare
2973 1476 3245 1522 certamen
3290 1464 3651 1535 proeliandum
3682 1465 3832 1521 duos

2219 1556 2503 1611 miserunt.
2533 1556 2638 1611 Sed
2668 1566 2722 1611 et
2752 1557 2843 1611 ille
2870 1556 2957 1627 qui
3000 1572 3028 1609 a
3059 1555 3336 1611 Wandalis
3380 1559 3577 1613 missus
3608 1567 3721 1624 est,
3759 1558 3833 1614 ab

2218 1647 2516 1702 Alamanno
2572 1656 2898 1717 superatur;
2965 1648 3243 1719 victusque
3298 1649 3714 1705 Trasemundus
3770 1664 3829 1708 et

2222 1738 2471 1794 Wandali
2502 1740 2792 1795 secundum
2817 1739 3076 1810 placetum
3105 1756 3224 1795 cum
3256 1740 3553 1806 Wandalis,
3578 1741 3825 1802 Suaavis.

523 1827 661 1882 rium
689 1828 1045 1897 missum,per
1065 1828 1777 1897 noctemquodsubpositum
1798 1837 1915 1883 erat
1932 1843 2115 1897 ruens,
2148 1825 2193 1884 Β
2222 1842 2275 1887 et
2320 1832 2525 1897 Alanis,
2574 1830 2773 1886 Gallias
2822 1831 3197 1902 praetermissis
3240 1832 3463 1900 Spanias
3512 1833 3821 1903 adpetivit;

525 1918 693 1975 fracto
738 1920 959 1975 brachio
1004 1922 1164 1997 711
1198 1922 1287 1976 vix
1334 1920 1551 1975 tandem
1605 1921 1797 1976 evasit.
1851 1920 2111 1989 Ducitque

526 2023 648 2063 eum
688 2010 928 2064 Alaricus
970 2011 1021 2065 in
1072 2011 1364 2066 crastinum
1410 2010 1586 2084 [Can.,
1639 2010 1934 2082 castrum],
1984 2027 2111 2067 suos

526 2098 813 2153 ostendens
843 2101 1143 2167 thesauros,
1175 2112 1229 2157 et
1268 2119 1387 2158 cum
1416 2112 1752 2158 sacramento
1790 2104 1975 2159 dicens
2000 2118 2111 2158 am-

526 2188 666 2256 plius
695 2191 898 2247 solidos
956 2208 1061 2246 non
1121 2193 1337 2260 habere,
1365 2208 1525 2263 quam
1574 2194 1639 2247 ad
1697 2209 1931 2264 presens
1972 2196 2112 2252 arcis

524 2280 697 2349 plenis
740 2283 1069 2337 ostenderet.
1100 2283 1196 2339 Ubi
1242 2285 1503 2341 Paternus
1554 2301 1715 2340 unum
1765 2288 1994 2342 solidum
2042 2288 2112 2346 de

527 2384 705 2440 pugno
727 2372 1039 2441 extrahens,
1064 2374 1183 2428 sinu
1227 2374 1452 2445 projecit
1495 2376 1681 2430 dicens
1714 2393 1726 2429 :
1762 2377 1872 2431 llos
1912 2378 2113 2434 solidos

524 2461 786 2517 adarrabo
818 2473 845 2502 ι
874 2465 940 2518 ad
979 2476 1181 2532 partem
1218 2467 1419 2522 domini
1461 2468 1563 2522 mei
1607 2453 1905 2525 Chlodovei
1947 2470 2109 2542 regis,

524 2558 580 2605 et
631 2550 870 2606 Francis.
905 2553 1198 2609 Revertens
1251 2556 1316 2610 ad
1367 2556 1694 2624 Chlodoveo,
1738 2574 1961 2615 narrans
2016 2576 2117 2630 per

529 2639 758 2707 singula.
785 2640 1120 2698 Cliloduveus
1162 2644 1420 2701 adversus
1459 2648 1728 2703 Alaricum
1769 2664 1916 2705 arma
1964 2666 2113 2706 com-

524 2731 716 2795 nmvit,
744 2747 903 2800 quem
949 2734 1000 2788 in
1030 2740 1306 2805 campania
1337 2737 1741 2807 Voglavtnsem,
1790 2742 1998 2796 det-imo
2043 2743 2112 2799 ab

524 2820 659 2881 urbe
696 2821 924 2877 Pectava
964 2825 1235 2892 milliaria,
1271 2827 1557 2895 interfecit,
1591 2840 1644 2885 et
1672 2832 1961 2887 maximam
1990 2849 2113 2902 par-

524 2920 632 2980 tem
689 2916 958 2971 exercitus
1018 2915 1336 2974 Gottltorum
1394 2921 1463 2975 ibi
1517 2922 1748 2992 gladium
1804 2924 2110 2993 trucidavit,

524 3020 859 3076 regnumque
898 3009 1016 3078 ejus
1042 3025 1072 3063 a
1103 3011 1305 3081 Legere
1355 3013 1575 3067 ﬂuvium
1620 3024 1675 3071 et
1715 3016 1977 3073 Rhodano
2018 3034 2113 3088 per

524 3111 677 3152 mare
727 3099 1147 3156 Terrenumbet
1177 3114 1385 3159 montes
1423 3106 1707 3161 Perenzeos
1752 3124 1919 3179 usque
1963 3124 2112 3166 mare

2216 1924 2396 1996 ibique
2427 1925 2625 1980 multos
2648 1923 3075 1980 Christianorum
3109 1938 3206 1994 pro
3236 1924 3341 1979 ﬁde
3364 1923 3626 1978 catholica
3652 1925 3824 1979 inter-

2216 2016 2361 2072 fecit.
2395 2014 2523 2071 Post
2551 2030 2718 2085 pauco
2749 2023 2990 2091 tempore
3018 2031 3167 2071 mare
3207 2015 3447 2072 traducta
3473 2016 3526 2071 in
3559 2016 3822 2073 Maurita-

2213 2109 2318 2175 nia,
2350 2108 2511 2164 credo
2548 2108 2730 2163 divino
2774 2119 2930 2176 nutu,
2957 2107 3066 2164 fera
3090 2108 3341 2173 ducente,
3374 2124 3498 2164 cum
3529 2110 3822 2165 Wandalis

2214 2200 2483 2267 vadando,
2529 2202 2795 2256 transivit.
2840 2202 3034 2258 Fertur
3073 2214 3220 2260 mare
3266 2203 3341 2259 ibi
3390 2212 3597 2273 septem
3647 2206 3817 2261 millia

2214 2306 2466 2362 passuum
2498 2291 2828 2349 latitudinem
2850 2308 2989 2363 esse.
3021 2295 3227 2350 Mortuo
3256 2296 3308 2350 in
3331 2295 3653 2351 Mauritania
3685 2297 3818 2352 Tra-

2214 2385 2492 2451 semundo,
2525 2386 2822 2442 llonericus
2867 2397 3044 2443 mente
3072 2386 3343 2443 crudelior
3365 2387 3650 2455 Wandalis
3681 2403 3815 2444 suc-

2214 2480 2377 2534 cessit
2421 2480 2473 2535 in
2524 2496 2766 2551 regnum,
2804 2481 3174 2537 Mauritaniam
3210 2492 3232 2520 °
3264 2498 3554 2557 occupans,
3585 2486 3816 2548 nimiam

2215 2578 2445 2640 stragem
2488 2572 2543 2626 in
2586 2571 2902 2627 Christianis
2943 2574 3203 2641 exercuit,
3257 2574 3580 2630 consiliante
3612 2574 3812 2647 Cyrola

2221 2662 2597 2741 haereticorum
2645 2664 2920 2734 episeopo,
2950 2665 3101 2735 cujus
3129 2668 3501 2735 persecutione
3546 2668 3813 2737 plurimus

2216 2770 2471 2811 numerus
2486 2754 2909 2813 Christianorum
2933 2760 3173 2832 martyrii
3195 2762 3367 2829 palma
3392 2772 3517 2817 sunt
3538 2763 3808 2819 coronati.

2217 2843 2311 2899 [iis
2330 2844 2519 2901 diebus
2538 2846 2827 2915 Eugenius,
2844 2850 3113 2919 Longinus
3135 2851 3546 2921 etVindemialis
3561 2856 3807 2925 episcopi

2218 2932 2381 2988 miras
2408 2934 2633 2991 virtutes
2656 2938 2705 2991 in
2727 2934 2923 2993 Christi
2948 2954 3178 2995 nomene
3205 2940 3224 2978 ί
3249 2942 3615 3004 ostendebant.
3633 2945 3804 3009 etiam

2215 3034 2272 3081 et
2318 3034 2557 3083 mortuos
2596 3028 2945 3085 suscitahant.
2972 3030 3162 3104 Cyrola
3194 3035 3481 3103 quemdam
3521 3037 3803 3091 hominem

2217 3131 2550 3189 praaventum
2581 3122 2717 3177 datis
2760 3127 3141 3197 quinquaginta
3183 3127 3380 3193 aureis,
3412 3136 3470 3183 ut
3495 3143 3556 3197 se
3601 3144 3803 3183 caecum

523 3189 793 3253 Oceanum
824 3194 1062 3261 abstulit,
1096 3196 1235 3265 quod
1270 3198 1532 3269 hodieque
1553 3200 1755 3257 ditione
1784 3204 2050 3273 condigno
2078 3215 2102 3248 ο
2131 3201 2177 3265 C
2215 3210 2461 3281 ﬁngeret,
2483 3222 2536 3267 et
2564 3189 2817 3269 clamaret
2831 3189 3021 3271 curaui
3038 3189 3563 3289 ﬂonericum-regem
3592 3220 3805 3292 Cyrolze

523 3293 801 3349 permanet
830 3285 897 3339 ad
934 3300 1156 3356 regnum
1189 3288 1539 3345 Francorum.

748 3396 809 3449 V.
843 3426 910 3436 -—
939 3399 1077 3453 Inter
1115 3405 1288 3457 eadem
1319 3403 1573 3476 Excerpta
1603 3423 1666 3461 ex.
1692 3408 1889 3465 Idalio.

591 3509 829 3565 Chroeus
871 3528 961 3567 rex
994 3515 1373 3573 Wandalorum
1405 3519 1430 3557 ἀ
1468 3538 1586 3575 cum
1602 3524 1807 3578 Sutrinis
1835 3534 1889 3579 et
1919 3527 2102 3581 Alanis

520 3613 769 3670 egressus
795 3603 862 3658 de
887 3606 1100 3659 sedibus
1137 3607 1334 3661 Gallias
1363 3623 1623 3681 appetens
1645 3612 1792 3683 (Cap.
1820 3614 1919 3681 62;
1949 3618 2099 3682 Can.,

520 3690 935 3761 lib.ttt,cap.i‘2),
951 3698 1227 3750 consilium
1249 3700 1429 3752 matris
1445 3703 1781 3770 nequissimae
1797 3708 2100 3771 utens,dum

520 3784 569 3837 ei
594 3785 853 3839 dixisset:
890 3787 943 3843 Si
977 3804 1166 3843 novam
1200 3807 1311 3845 rem
1347 3796 1578 3849 volueris
1605 3797 1800 3863 facere,
1824 3810 1877 3853 et
1909 3817 2102 3857 nomen

520 3875 821 3945 adquirere,
848 3879 985 3947 quod
1034 3882 1121 3935 alii
1175 3883 1569 3940 :rdiﬁcaverunt
1617 3899 1807 3946 cuncta
1862 3892 2101 3960 des-true,

521 3971 575 4017 et
605 3966 854 4033 populum
885 3983 1043 4036 quem
1080 3985 1319 4039 superas,
1354 3981 1523 4029 totum
1555 3977 1812 4035 interlice.
1847 3981 1977 4035 Nam
2006 3998 2104 4039 nec

520 4056 803 4110 :ediﬁcium
829 4060 1099 4117 meliorem
1119 4080 1145 4116 a
1167 4069 1579 4133 prrecessoribus
1601 4072 1776 4127 facere
1801 4089 1902 4128 non
1929 4085 2098 4144 potes,

521 4159 694 4215 neque
721 4149 839 4218 plus
883 4166 1126 4220 magnam
1170 4172 1312 4222 rem,
1360 4175 1453 4227 per
1502 4176 1660 4231 quam
1710 4179 1903 4237 nomen
1951 4176 2100 4221 tuum

520 4233 719 4292 eleves.
771 4241 872 4305 Qui
925 4241 1170 4299 Rhenum
1228 4247 1542 4317 Magantiam
1602 4264 1764 4321 ponte
1807 4233 2103 4326 ingeniose

526 4327 809 4393 transiens,
830 4331 1055 4397 primum
1079 4336 1352 4407 ipsamque
1374 4341 1641 4398 civitatem
1661 4354 1714 4399 et
1740 4348 1990 4415 populum
2013 4364 2103 4404 va-

520 4414 680 4467 stavit
704 4432 719 4468 :
747 4416 939 4474 deinde
967 4433 1287 4495 cunctaSque
1310 4431 1551 4486 civitates
1579 4414 1877 4490 Germania:
1899 4439 2101 4495 vallatis

521 4504 695 4560 Mettis
722 4511 982 4577 pervenit,
1009 4514 1096 4567 ubi
1135 4531 1317 4572 murus
1351 4521 1581 4576 civitatis
1626 4525 1811 4580 divino
1843 4538 1971 4582 nutu
2002 4546 2099 4599 per

520 4605 675 4651 nocte
688 4613 865 4663 ruens,
882 4617 936 4654 ca
945 4613 1029 4670 pta
1044 4616 1125 4660 est
1137 4608 1321 4663 civitas
1336 4625 1364 4663 a
1378 4612 1672 4683 Wandalis,
1690 4618 1960 4675 Treverici
1975 4637 2100 4677 vero
2131 4607 2182 4666 υ

592 4740 615 4808 ξ·
642 4733 799 4808 ἰξοῑιη
830 4735 909 4808 liis
932 4736 1142 4793 solidos.
1167 4738 1327 4808 Cau.,
1362 4743 1459 4798 llis
1479 4748 1655 4801 solidis
1688 4750 1752 4803 sit
1780 4751 2019 4806 utr/tabo.

590 4800 615 4838 δ
641 4803 797 4874 Qau.,
833 4804 1174 4874 Tyrrhenum.

591 4881 613 4955 ξ
644 4872 802 4955 gat)”
832 4872 1103 4955 condigna.
1134 4882 1288 4955 B_0lt.,
1317 4884 1499 4937 [Ιίιίοηί
1527 4890 1793 4955 condigne.

587 4941 721 5032 ipe
752 4941 1004 5032 νίς-ρατιιίδὲ
1030 4964 1128 5030 suo
1158 4941 1286 5032 loco,
1318 4957 1436 5032 egit
1449 4941 1837 5032 Fredegarius,
1869 4972 1924 5017 ut
1954 4964 2091 5032 apud

516 5010 756 5100 'l'dlatiurrn.
770 5018 983 5100 "Chroci
1031 5010 1381 5100 irruptione‘n‘i
1405 5010 1718 5096 Sigihcﬁr‘t‘t’ts-
1823 5010 1837 5027 ’

517 5082 806 5172 Theodosii
841 5089 1095 5172 Junip'ris
1144 5082 1352 5172 imperii
1369 5082 1599 5172 __a._.if..mi
1624 5082 1843 5159 revocat
1927 5082 2089 5172 quam

515 5153 600 5208 alii
632 5161 957 5229 temporibus
986 5153 1252 5221 Valeriani
1282 5175 1337 5223 et
1365 5167 1588 5226 Gallieni
1617 5153 2084 5247 conSigiia'rejcuwn:

2212 3300 2496 3357 virtutibus
2546 3317 2605 3357 se
2646 3303 2822 3358 lumen
2873 3307 3134 3374 accipere.
3164 3309 3264 3376 Qui
3317 3319 3489 3365 tactus
3526 3325 3556 3364 a
3605 3312 3801 3382 Cyrola

2207 3406 2382 3447 caecus
2421 3393 2687 3461 efﬁcitur;
2721 3405 2927 3463 postea,
2957 3400 3197 3453 oratione
3242 3401 3481 3472 Eugenii,
3516 3402 3702 3458 lumen
3733 3418 3803 3460 re-

2207 3484 2365 3552 cepit.
2401 3485 2686 3557 lnstigante
2715 3485 2906 3557 Cyrola
2949 3490 3015 3544 ab
3059 3491 3270 3548 invidiae
3316 3494 3588 3557 morbum.
3618 3496 3801 3552 llone-

2206 3574 2319 3628 rico
2363 3575 2597 3643 jubente,
2634 3577 2904 3647 Eugenius
2951 3582 3124 3650 capite
3170 3589 3475 3651 truncatur’;
3527 3587 3804 3659 Longinus

2206 3674 2262 3718 et
2281 3665 2624 3722 Vindemialis
2655 3669 2881 3725 diversis
2910 3673 3082 3741 poenis
3121 3673 3313 3730 adfecti
3344 3692 3439 3745 pro
3462 3677 3665 3733 Christi
3712 3694 3803 3735 no-

2207 3755 2368 3820 mine,
2401 3758 2465 3811 ad
2513 3768 2765 3814 :eternam
2798 3762 3029 3827 migrant
3068 3763 3469 3820 beatitudinem.
3503 3769 3803 3825 Honcricus

2209 3846 2396 3901 merito
2425 3848 2671 3917 exigente
2712 3853 2939 3921 propriis
2968 3867 3027 3907 se
3063 3855 3328 3919 morsibus
3361 3857 3599 3929 laniavit,
3630 3860 3803 3935 indig-

2209 3952 2328 3991 nam
2363 3941 2524 3994 vitam
2556 3941 2697 4011 justa
2738 3955 2910 4000 morte
2939 3946 3126 4000 ﬁnivit.
3161 3946 3255 4002 Cui
3285 3948 3623 4025 Childericus
3680 3967 3801 4015 suc-

2205 4030 2369 4083 cessit
2396 4030 2447 4085 in
2474 4048 2713 4103 regnum.
2745 4034 2868 4103 Ipso
2891 4038 3166 4106 defuncto,
3192 4040 3549 4108 Childemeris
3571 4060 3797 4117 regnum

2206 4123 2457 4191 suscepit,
2490 4125 2627 4191 apud
2658 4142 2813 4195 quem
2861 4130 3162 4187 Belesarius
3213 4136 3469 4203 patricius
3501 4137 3797 4195 fortissime

2205 4210 2510 4279 dimicavit;
2551 4216 2603 4269 in
2635 4232 2739 4287 quo
2771 4235 2990 4291 regnum
3022 4223 3403 4281 Wandalorum
3434 4228 3625 4285 ﬁnivit.

2278 4306 2610 4381 {Belisariusj
2638 4327 2667 4365 a
2701 4312 3050 4369 Buecelenum
3075 4318 3303 4387 quodam
3330 4304 3537 4389 Franco
3567 4323 3620 4377 in
3646 4321 3773 4378 {Eta

2206 4398 2274 4453 lia
2315 4411 2593 4469 superatus
2624 4411 2726 4467 est,
2754 4412 2917 4460 tanta:
2957 4406 3193 4473 victoriae
3247 4411 3490 4477 nomenis
3531 4413 3799 4484 gloriosus

2205 4505 2234 4543 a
2266 4490 2564 4549 Bucceleno
2591 4494 2761 4549 victus
2784 4512 2979 4553 nomen
3009 4501 3274 4572 vitamque
3302 4505 3478 4560 amisit
3508 4515 3557 4561 ε.

2498 4628 2797 4701 Expliciunt
2830 4632 3145 4706 Fragmenta
3187 4637 3505 4710 Fredegarii.

2202 4773 2510 4817 alleverunt.

2276 4843 2298 4869 ο
2328 4835 2423 4914 Sip-
2454 4836 2585 4889 lloh.
2611 4838 2779 4914 C‘lar.,
2804 4841 2979 4914 prima
3010 4855 3188 4905 manu,
3217 4861 3431 4899 auream
3460 4854 3658 4914 (eum;
3705 4850 3782 4905 al-

2203 4909 2333 4967 tera,
2368 4903 2773 4965 Mauretaniam.
2797 4909 2951 4973 Can.,
2985 4903 3182 4964 terram'
3214 4925 3390 4970 totam.

2275 4974 2293 5009 ί
2329 4975 2486 5052 Rhein,
2520 4976 2924 5052 Christianorum
2952 4985 3273 5037 ostendebant
3294 5002 3477 5052 (egros.

2198 5128 2224 5167 ς
2265 5052 2297 5182 ἕ
2342 5043 2539 5168 (gignier
2577 5062 2699 5102 cum
2743 5050 3008 5119 Aimoino,
3054 5052 3145 5108 lib.
3181 5072 3214 5110 ιι
3253 5057 3320 5112 de
3342 5043 3548 5115 "Gestis
3585 5059 3774 5117 Franc.

2229 5130 2256 5167 a
2298 5155 2313 5167 .
2386 5138 2437 5170 δ.

2229 5130 2313 5170 an.
2349 5130 2437 5170 2.).
