4132 6348
371 329 440 335 ,,,
485 328 922 341 '-_—_.
2296 317 3411 331 Μ..-
3557 333 3567 336 _

820 458 1234 658 SANCTI
1297 440 1760 657 Gronau
1840 443 2457 655 uotum
2530 500 3067 656 GREllollll

1247 742 1827 850 EPISCOPI
1885 745 2326 850 TURON
2336 747 2507 851 EN
2519 747 2707 851 SIS

573 932 1280 1153 LIBRI
1387 938 3347 1162 MIRACULORUM.
3470 1112 3479 1115 -

326 1263 956 1286 "-0——

971 1258 3600 1299 W

1550 1357 2387 1536 adruentiam.

327 1641 476 1708 Non
506 1655 834 1727 poetarum
865 1648 1199 1726 ﬁgmentis,
1236 1653 1347 1707 aut
1374 1642 1893 1724 philosophorum
1923 1610 2267 1718 sententiis,
2307 1646 2415 1706 sed
2466 1648 2867 1727 Evangelij
2900 1647 3158 1712 veritati
3192 1647 3604 1711 iitsiSteitdun‘t

1883 1740 2028 1783 €888.

399 1844 760 1923 713-715
790 1852 1146 1922 flieronymus
1199 1850 1501 1919 presbyter,
1530 1857 1584 1902 et
1614 1854 1732 1917 post
1762 1846 2058 1914 apostolum
2092 1844 2313 1901 Paulum
2339 1849 2513 1903 bonus
2542 1850 2727 1905 doctor
2769 1850 3045 1918 Ecclesia),
3078 1851 3241 1906 refert
3281 1866 3340 1907 se
3381 1850 3598 1905 ductum

329 1954 458 1999 ante
491 1944 727 1999 tribunal
759 1945 944 1999 aeterni
989 1944 1212 2007 iudicis,
1246 1951 1300 1996 et
1329 1948 1609 1995 extr-nsum
1641 1940 1692 1992 in
1725 1938 1986 2007 supplicio
2016 1940 2250 2007 graviter
2276 1954 2504 2006 cassum,
2538 1956 2603 1995 eo
2631 1943 2774 2010 quod
2803 1943 3079 1997 Ciceronis
3107 1943 3340 2012 argutias
3371 1943 3454 1997 vel
3490 1942 3606 1995 Vir-

327 2032 435 2103 gilii
490 2033 724 2088 fallacias
768 2034 963 2103 smpius
1015 2033 1320 2087 lectitaret:
1354 2028 1765 2095 confessumque
1807 2042 1865 2082 se
1900 2041 2082 2080 coram
2129 2028 2333 2098 angelis
2383 2031 2582 2084 sanctis
2620 2031 2719 2101 ipsi
2771 2031 3101 2087 Dominatori
3147 2034 3419 2098 omnium,
3468 2051 3606 2087 nun-

328 2127 485 2193 quam
517 2138 574 2179 se
605 2124 859 2192 deinceps
901 2123 1014 2177 haec
1048 2123 1343 2186 lecturum,
1376 2134 1548 2187 neque
1579 2118 1717 2171 ultra
1753 2126 2134 2182 tractaturum,
2168 2120 2267 2171 nisi
2309 2134 2373 2173 ea
2420 2136 2537 2189 qum
2569 2121 2678 2174 Deo
2709 2121 2869 2191 digna
2898 2132 2953 2177 et
2988 2123 3053 2177 ad
3089 2123 3344 2178 Ecclesia:
3373 2124 3607 2179 aedifica-

330 2213 525 2269 tionem
558 2225 854 2285 opportuna
902 2213 1276 2283 iudicarentur
1305 2212 1401 2280 (a).
1438 2206 1543 2264 Sed
1593 2218 1647 2262 et
1680 2206 1875 2262 Paulus
1922 2207 2213 2277 apostolus,
2251 2209 2378 2275 Qua:
2424 2211 2563 2278 pacis
2606 2222 2754 2274 sunt,
2786 2211 2984 2279 inquit,
3022 2224 3287 2280 sectemur,
3315 2224 3361 2269 et
3398 2230 3512 2284 qua:
3539 2217 3606 2268 ad

330 2304 722 2372 ddi/irationem
744 2303 951 2357 invicem
973 2303 1318 2356 custodiamus
1350 2300 1525 2371 (Rom.
1554 2315 1661 2364 le,
1691 2296 1799 2367 10).
1832 2299 1896 2352 Ει
1924 2300 2051 2354 alibi
2077 2317 2088 2351 :
2126 2300 2307 2353 Omnis
2326 2318 2490 2355 sermo
2520 2303 2683 2357 malus
2704 2319 2767 2357 ea:
2794 2320 2881 2357 ore
2899 2314 3062 2357 vestro
3089 2321 3190 2359 non
3223 2308 3493 2373 procedat;
3520 2310 3607 2361 sed

328 2399 372 2452 si
401 2398 514 2467 quis
550 2397 709 2449 bonus
736 2397 801 2449 ad
837 2395 1227 2463 ardi/ication'ent
1246 2433 1260 2457 ,
1290 2403 1342 2445 ut
1372 2391 1454 2445 det
1487 2390 1705 2463 gratiam
1734 2390 2059 2443 audientibus
2090 2389 2309 2461 (Ephes.
2338 2408 2411 2455 tv,
2435 2393 2550 2461 9.5).
2582 2394 2720 2462 Ergo
2751 2395 2866 2448 hate
2896 2404 2994 2449 nos
3020 2406 3233 2462 oportet
3261 2397 3443 2465 sequi,
3473 2398 3608 2452 scri-

328 2491 457 2545 bere
482 2500 642 2560 atqne
672 2488 848 2557 loqui,
880 2504 999 2558 quae
1030 2485 1322 2541 Ecclesiam
1352 2483 1441 2539 Dei
1470 2484 1756 2551 :edificent,
1780 2492 1834 2537 et
1864 2496 1982 2551 qua:
2010 2492 2216 2538 mentes
2242 2486 2430 2552 inopes
2449 2485 2515 2539 ad
2546 2487 2789 2541 notitiam
2821 2486 3071 2557 perfecta:
3094 2490 3218 2543 ﬁdei
3248 2491 3601 2547 instruetione

329 2586 513 2638 saneta
562 2579 868 2635 lecundent.
903 2576 1016 2633 Non
1062 2578 1203 2633 enim
1236 2578 1450 2646 oportet
1492 2572 1709 2628 fallaces
1746 2588 2169 2629 commemorare
2213 2574 2440 2641 fabulas,-
2470 2591 2644 2645 neque
2695 2577 3136 2647 philosophorum
3177 2581 3443 2636 inimicam
3495 2583 3609 2638 Deo

329 2664 650 2744 sapientiam
678 2674 861 2742 sequi,
892 2688 958 2727 ne
988 2672 1038 2725 in
1063 2669 1318 2741 judicium
1349 2678 1567 2724 :eterna:
1596 2668 1787 2722 mortis
1820 2669 2045 2721 Domino
2068 2668 2411 2725 discernente
2439 2671 2714 2725 cadamus.
2748 2672 2898 2739 Quod
2928 2689 3027 2743 ego
3056 2685 3321 2741 metuens,
3349 2684 3403 2730 et
3431 2676 3607 2746 aliqua

332 2767 399 2821 de
426 2776 730 2821 sanctorum
763 2765 1054 2831 miraculis,
1086 2777 1205 2832 qua:
1244 2761 1502 2816 hactenus
1541 2760 1840 2822 latuerunt,
1875 2760 2112 2829 pandere
2137 2760 2473 2825 desiderans,
2502 2777 2606 2815 non
2639 2778 2724 2817 me
2762 2763 2827 2817 iis
2855 2763 3059 2819 retibus
3099 2765 3183 2819 vel
3212 2766 3398 2819 vinciri
3428 2765 3607 2833 cupio,

331 2856 417 2912 vel
450 2856 643 2910 involvi
680 2856 775 2927 (b).
806 2855 919 2909 Non
966 2870 1065 2924 ego
1109 2853 1326 2909 Saturni
1358 2854 1567 2923 fugam,
1609 2868 1712 2907 non
1742 2852 1969 2908 iunonis
1997 2854 2162 2917 iram,
2196 2868 2302 2906 non
2332 2851 2477 2907 Jovis
2518 2862 2723 2921 stupra,
2766 2869 2870 2909 non
2920 2856 3146 2923 Neptuni
3190 2856 3467 2925 iniuriam,
3498 2871 3606 2911 non

335 2946 477 3003 Eoli
510 2956 755 3015 sceptra;
791 2961 894 2999 non
927 2944 1225 3000 Aineadum
1256 2943 1421 3010 bella,
1455 2942 1747 3013 naufragia,
1779 2943 1863 2997 vel
1893 2943 2245 3013 715-720
2271 2957 2431 3013 regna
2452 2956 2853 2999 commemoro:
2881 2954 3030 3000 taceo
3047 2944 3324 3015 Cupidinis
3348 2948 3598 3002 emissio-

336 3044 459 3093 nem
480 3079 494 3103 ,
530 3053 636 3092 non
668 3036 884 3092 Ascanii
916 3036 1289 3101 dilectionem;
1316 3035 1751 3106 hymenzeosque,
1785 3036 2068 3105 laerymas,
2102 3036 2182 3090 vel
2212 3035 2374 3089 exitia
2401 3048 2541 3089 sava
2569 3035 2785 3091 Didonis
2812 3054 2827 3091 :
2859 3052 2963 3091 non
3001 3039 3239 3093 Plutonis
3264 3040 3419 3096 triste
3446 3042 3611 3096 vestia

335 3127 548 3194 bulum.
581 3146 684 3185 non
719 3129 1053 3198 Proserpinae
1082 3139 1389 3197 stuprosum
1421 3136 1662 3196 raptum,
1696 3141 1801 3181 non
1831 3126 2050 3182 Cerberi
2092 3126 2335 3182 triforme
2372 3134 2533 3196 caput
2558 3144 2570 3181 :
2600 3143 2705 3182 non
2736 3130 3002 3185 revolvam
3033 3130 3283 3187 Anchisa:
3312 3132 3608 3201 colloauia;

343 3226 451 3280 non
486 3223 651 3279 Ithaci
689 3225 927 3294 ingenia,
961 3238 1067 3277 non
1099 3221 1325 3276 Achillis
1355 3222 1611 3291 argutias,
1647 3236 1754 3275 non
1782 3220 2000 3275 Sinonis
2030 3220 2267 3276 fallacias
2294 3234 2311 3274 :
2340 3236 2445 3275 non
2476 3236 2575 3291 ego
2603 3222 2926 3275 Laocoontis
2953 3221 3201 3289 consilia,
3232 3238 3338 3279 non
3369 3225 3612 3295 Amphy-

337 3306 591 3372 trionidis
614 3306 832 3384 robora,
860 3330 965 3369 non
995 3314 1113 3369 Jani
1144 3314 1448 3379 conﬂictus,
1480 3312 1654 3383 fugas,
1686 3312 1767 3366 vel
1798 3312 2000 3366 obitum
2042 3312 2311 3369 exitialem
2345 3313 2649 3384 proferam;
2680 3329 2784 3368 non
2820 3314 3204 3381 Eumenidum,
3232 3316 3612 3386 variorumque

337 3412 706 3462 monstrorum
734 3407 937 3461 formas
956 3421 1217 3477 exponam
1245 3423 1260 3460 :
1294 3422 1399 3460 non
1432 3406 1759 3475 reliquarum
1789 3403 2082 3459 fabularum
2102 3415 2427 3470 commenta,
2452 3420 2569 3475 qua:
2598 3406 2685 3461 hic
2707 3413 2893 3463 auctor
2912 3416 3001 3460 aut
3026 3407 3098 3479 (ε)
3128 3408 3278 3463 llnsit
3303 3409 3607 3476 mendacio,

337 3508 429 3558 aut
458 3520 612 3557 versu
643 3498 846 3571 depixi’t
880 3502 1095 3555 heroico
1122 3520 1134 3553 :
1166 3499 1262 3555 sed
1296 3501 1396 3555 ista
1428 3498 1605 3552 omnia
1656 3508 1903 3567 tanquam
1949 3512 2110 3566 super
2156 3513 2372 3553 arenam
2422 3500 2615 3561 locata,
2645 3507 2700 3554 et
2744 3500 2853 3554 cito
2899 3500 3103 3553 ruitura
3143 3501 3513 3569 conspiciens,
3541 3503 3611 3557 ad

338 3596 517 3651 divina
546 3603 599 3647 et
626 3585 948 3659 Evangelica
979 3589 1153 3660 potius
1186 3585 1438 3643 miracula
1471 3598 1825 3652 revertamur,
1852 3592 1993 3643 unde
2020 3589 2253 3644 Joannes
2287 3589 2623 3658 Evangelista
2653 3603 2878 3646 exorsus
2900 3601 2984 3645 est
3007 3591 3194 3646 dicens
3222 3608 3236 3647 :
3269 3589 3336 3646 lu
3358 3594 3612 3664 principio

339 3700 443 3745 erat
480 3685 730 3748 Verbum,
761 3695 805 3737 et
851 3682 1065 3735 Verbum
1091 3689 1195 3733 erat
1225 3676 1366 3749 apud
1396 3680 1587 3745 Deum,
1615 3690 1662 3734 et
1692 3679 1830 3733 Deus
1857 3688 1963 3732 erat
2000 3677 2261 3733 Verbum:
2289 3679 2383 3731 hoc
2408 3688 2515 3732 erat
2542 3680 2595 3733 in
2623 3681 2873 3748 principio
2903 3682 3041 3750 apud
3074 3680 3259 3736 Deum.-
3295 3681 3483 3737 Omnia
3522 3700 3613 3751 per

338 3783 504 3850 ipsum
539 3779 670 3848 facta
701 3784 848 3838 sunt,
880 3785 927 3827 et
962 3775 1070 3827 sine
1116 3771 1229 3843 ipso
1258 3772 1450 3841 factum
1488 3782 1562 3825 est
1595 3770 1723 3825 nihil
1771 3768 1952 3837 (Joan.
1980 3784 2027 3831 ι,
2051 3769 2117 3832 2,
2145 3758 2223 3837 '5).
2260 3768 2324 3822 Et
2356 3768 2607 3838 deinceps
2640 3771 2712 3824 ait
2740 3787 2752 3822 :
2787 3768 2852 3822 Et
2890 3769 3107 3824 Verbum
3134 3787 3255 3825 caro
3282 3775 3476 3840 factum
3504 3782 3613 3841 est,-

338 3884 384 3925 οι
416 3870 656 3925 habitavit
686 3868 737 3921 iu
767 3868 911 3922 nobis
934 3884 952 3922 :
977 3879 1023 3920 et
1054 3867 1270 3920 vidimus
1299 3866 1521 3937 gloriam
1548 3868 1679 3931 eius,
1711 3865 1927 3931 gloriam
1953 3861 2099 3927 quasi
2133 3859 2393 3933 Unigeniti
2418 3880 2448 3914 a
2478 3860 2653 3925 Patre,
2685 3862 2890 3929 plenum
2915 3864 3083 3930 gratia
3110 3872 3158 3915 et
3187 3864 3396 3917 veritate
3423 3860 3609 3930 (Ibid.,

341 3949 455 4032 η).
487 3954 642 4027 Quod
670 3969 845 4013 autem
877 3960 929 4012 in
963 3954 1235 4013 Bethleem
1264 3960 1563 4013 nasciturus
1591 3965 1738 4021 erat,
1770 3958 1841 4009 ita
1870 3944 1940 4009 ait
1986 3955 2250 4024 Propheta
2277 3972 2289 4007 :
2328 3954 2390 4007 Et
2417 3963 2494 4020 tu,
2523 3953 2779 4009 Bethleem
2806 3952 3037 4023 Ephrata
3069 3955 3171 4025 (d),
3202 3972 3304 4009 non
3326 3972 3380 4011 es
3399 3958 3612 4011 minima

340 4056 391 4109 in
422 4054 645 4107 millibus
671 4050 833 4105 Iuda.
868 4051 949 4106 Ea:
970 4060 1017 4106 te
1046 4050 1176 4103 enim
1204 4050 1400 4119 prodiet
1431 4049 1540 4103 Rea:
1567 4050 1653 4116 qui
1681 4046 1823 4117 regal
1853 4047 2097 4118 populum
2124 4063 2289 4100 meum
2313 4042 2480 4099 Israel
2509 4044 2692 4117 (Mich.
2723 4062 2777 4111 ν,
2797 4045 2860 4111 2;
2895 4044 3083 4099 Matth.
3106 4060 3175 4110 It,
3204 4044 3267 4111 6;
3298 4044 3457 4100 Joan.
3482 4060 3573 4100 xu
3594 4082 3613 4109 ,

339 4148 418 4216 2).
452 4145 563 4200 Hoc
592 4144 733 4200 enim
762 4151 815 4196 et
839 4141 1132 4197 Nathanael
1165 4144 1249 4198 ille
1275 4156 1302 4193 τι
1334 4138 1478 4194 Cana
1509 4139 1745 4194 Galilzete
1774 4138 1937 4193 dixit:
1974 4138 2162 4200 Rabbi,
2194 4148 2246 4191 tu
2274 4154 2327 4192 es
2360 4136 2530 4191 Filius
2562 4136 2684 4206 Dei,
2714 4148 2767 4191 tu
2797 4154 2849 4191 es
2884 4138 2993 4192 Res
3021 4137 3189 4192 Israel
3222 4138 3401 4209 (Joan.
3428 4154 3467 4205 ι,
3489 4126 3608 4209 49).

341 4240 460 4307 Ipse
487 4248 568 4293 est
597 4246 652 4291 et
681 4235 828 4289 salus
855 4235 1070 4299 mundi,
1104 4235 1172 4289 de
1201 4248 1308 4303 quo
1336 4244 1390 4287 et
1430 4231 1520 4287 ille
1549 4229 1764 4285 Simeon
1793 4231 1893 4284 ait:
1923 4226 2076 4282 Nunc
2104 4229 2333 4295 dim-tris,
2371 4226 2606 4296 Domine,
2647 4243 2845 4281 servum
2874 4238 3017 4281 tuum
3057 4228 3111 4281 in
3142 4243 3287 4297 pace,
3317 4229 3438 4298 quia
3466 4228 3608 4283 vide-

342 4337 459 4382 runt
490 4326 625 4380 oculi
654 4326 750 4379 mei
777 4326 1004 4379 salutare
1033 4336 1174 4377 tuum
1205 4322 1356 4395 (Luc.
1383 4337 1419 4376 ιι
1438 4363 1450 4387 ,
1477 4319 1592 4392 29).

416 4443 491 4512 (a)
526 4443 637 4495 lloc
666 4442 838 4509 ipsum
871 4447 1050 4494 narrat
1096 4437 1455 4507 Hieronymus
1486 4436 1541 4490 in
1591 4436 1815 4505 epistola
1855 4434 1922 4488 ad
1952 4440 2002 4496 Α
2052 4504 2062 4512 _
2099 4432 2174 4512 te)
2210 4434 2377 4512 aliqui
2409 4432 2579 4487 Codd.
2608 4448 2728 4487 cum
2763 4433 2905 4489 Edit.
2931 4444 3048 4488 ante
3073 4436 3225 4504 ﬁnxit
3251 4437 3609 4492 mendacio....

343 4504 712 4584 Eustochium;
752 4578 766 4584 _
811 4579 821 4584 _
977 4580 987 4584 _
1151 4578 1164 4584 _
1300 4504 1328 4584 '_
1391 4576 1442 4584 __
1630 4504 1637 4505 ί
2028 4504 2295 4584 depinxit,

418 4584 496 4655 (b)
533 4583 628 4637 llic
654 4578 851 4635 desinit
877 4580 1127 4649 prologus
1151 4578 1202 4633 in
1232 4578 1357 4633 cod;
1383 4576 1530 4632 Clar.
1555 4592 1606 4630 a.
2102 4577 2180 4644 (ιι)
2218 4576 2433 4643 Aliquot
2464 4589 2592 4629 mss.
2617 4590 2736 4629 cum
2760 4576 2915 4641 edit.,
2945 4574 3183 4659 Eufrata.

1385 4809 1867 4917 LIBER
1943 4800 2342 4955 ΡΒΙΜ
2363 4807 2573 4927 US.

480 5028 678 5132 DE
806 5025 1407 5131 GLORIA
1534 5017 2377 5151 nuncnum
2517 5008 3461 5122 MARTYRUM.

346 4716 2133 4752 ψ

1560 4712 3616 4743 m

1410 5190 2579 5243 ψ

875 5290 1101 5347 CAPUT
1141 5288 1426 5345 PRIMUW.
2043 5287 2275 5342 cundum
2325 5248 2538 5341 carnem
2586 5286 2639 5341 in
2694 5286 2965 5342 Bethleem
3008 5288 3208 5358 oppido
3255 5290 3415 5360 (Ante
3457 5290 3615 5345 rerum

358 5382 436 5437 De
466 5383 725 5437 nutivitate
749 5380 953 5436 Domini
981 5380 1141 5433 nostri
1167 5377 1290 5432 Iesu
1314 5376 1504 5431 Christi
1532 5378 1583 5430 in
1610 5375 1862 5431 Bethleem
1886 5386 1935 5434 ⁸³.
2043 5380 2180 5448 vulg.
2212 5395 2299 5433 an.
2328 5378 2381 5441 5,
2408 5375 2478 5430 25
2506 5378 2679 5450 Dec.),
2706 5379 2755 5433 in
2788 5380 2979 5436 diebus
3013 5380 3232 5436 llerodis
3276 5383 3438 5451 regis,
3462 5382 3615 5453 juxta

431 5476 591 5547 721
638 5473 773 5529 Nato
798 5488 926 5542 ergo
953 5472 1174 5527 Domino
1201 5477 1387 5525 nostro
1430 5468 1557 5524 Jesu
1596 5467 1812 5523 Christo
1841 5483 1937 5523 se-
2044 5470 2204 5525 ﬁdem
2243 5470 2641 5540 evangelieam,
2672 5472 2807 5542 magi
2847 5474 2914 5527 ah
2939 5473 3154 5528 Oriente
3183 5484 3443 5529 venerum
3488 5473 3616 5529 Ilie-

430 5599 455 5627 ⁸
500 5590 636 5645 Editi
670 5607 683 5643 :
732 5588 948 5645 Stellam
994 5604 1144 5657 quam
1189 5586 1322 5658 magi
1367 5585 1626 5659 uiderunt,
1656 5584 1843 5659 ‘adhue
1884 5585 1935 5639 in
2038 5588 2210 5655 Capite
2243 5585 2344 5659 127:
2383 5584 2456 5640 De
2499 5598 2674 5642 sancto
2717 5585 2922 5641 Joanne
2952 5587 3219 5657 Baptista,
3250 5593 3387 5659 quttd
3421 5590 3471 5643 in
3516 5591 3620 5645 ἰδιο

360 5658 617 5714 Bethleem
645 5660 849 5712 mundis
886 5654 1037 5711 corde
1067 5654 1330 5727 apparere.
1368 5657 1614 5729 l’orroin
1647 5654 1797 5729 Coll),
1833 5665 1931 5729 tul.
2037 5654 2221 5714 codice
2244 5658 2474 5729 primum
2502 5660 2817 5728 appellatur,
2851 5660 3011 5715 habet
3032 5654 3214 5715 ’[ιιιιιθιι
3244 5654 3545 5729 prologum.

363 5738 559 5785 desunt
584 5730 831 5785 undet-im
861 5730 1036 5795 priora
1066 5725 1270 5796 capita,
1316 5729 1491 5797 illiillic
1522 5727 1658 5781 liber
1688 5725 1875 5794 incipit
1901 5740 1934 5780 ιι
