4132 6348
551 317 648 374 707

1543 311 1598 367 s.
1641 300 1970 366 cueconu
2014 291 2317 363 cnseort
2356 291 2790 360 rvhonessrs

3714 289 3843 362 Ἐ’οὲ

551 434 853 506 rosolymis,
887 431 1160 486 dicentes:
1197 419 1294 481 (ι’ὺὶ
1338 437 1410 480 est
1457 426 1542 496 qui
1572 434 1724 477 notus
1763 433 1836 478 est
1886 424 1998 478 Rex
2026 420 2125 474 Ju-
2159 423 2205 483 Α
2234 416 2333 471 bus
2383 416 2774 472 circumdantes
2824 414 3036 472 Iustum
3123 415 3455 472 tradiderunt
3513 420 3670 473 morti
3704 459 3721 482 ,
3761 423 3848 506 iet

552 526 820 583 deorum?
858 524 1087 578 Vidimus
1129 537 1263 575 enim
1309 519 1507 574 stellam
1555 518 1667 587 ejus
1712 519 1764 570 in
1816 517 2038 578 Oriente,
2083 523 2128 567 et

555 619 776 672 cessimus
804 616 1022 669 adorare
1068 629 1180 667 eum
1231 610 1378 682 (Luc.
1406 627 1475 675 tt,
1504 609 1592 679 '2),
1627 617 1681 664 et
1716 609 1940 678 reliqua.
1982 607 2070 660 Est
2104 616 2125 644 ⁸

553 715 730 762 autem
777 705 827 759 in
875 703 1143 758 Bethleem
1190 709 1378 769 puteus
1423 714 1667 768 magnus,
1709 697 1778 752 de
1822 713 1926 766 quo
1969 696 2129 750 Maria

557 799 788 870 gloriosa
820 810 1009 865 aquam
1043 794 1209 850 fertur
1239 793 1482 847 hausisse
1508 808 1520 845 :
1546 791 1635 845 ubi
1661 791 1854 858 smpiiis
1881 789 2133 855 aspicien-

555 891 698 947 tibus
729 889 1041 944 miraculum
1070 887 1280 940 illu5tre
1311 892 1657 949 moostratur,
1688 882 1737 936 id
1773 889 1856 936 est
1878 880 2031 934 stella
2063 879 2130 934 ibi

554 980 768 1036 mundis
808 979 987 1041 corde,
1020 993 1139 1048 qum
1180 976 1429 1046 apparuit
1465 975 1650 1044 magis,
1684 971 2003 1028 ostenditur.
2031 970 2136 1025 Ve-

551 1071 822 1126 nieniibus
848 1071 1056 1124 devotis
1101 1085 1163 1125 ac
1208 1068 1639 1124 recumbentibus
1669 1080 1828 1134 super
1853 1078 1913 1118 os
1961 1063 2131 1132 putei,

555 1163 871 1235 operiuntur
903 1164 1064 1218 linteo
1093 1162 1265 1230 capita
1293 1177 1499 1218 eorum.
1548 1161 1697 1217 Tunc
1726 1160 1814 1215 ille
1845 1147 1996 1228 cujus
2025 1175 2137 1214 mc-

556 1258 716 1311 ritum
748 1257 908 1326 723
938 1255 1261 1317 obtinuerit,
1291 1253 1434 1307 videt
1464 1252 1669 1306 stellam
1701 1251 1768 1304 ab
1800 1266 1905 1304 uno
1936 1250 2136 1315 pariete

556 1350 700 1420 putei
746 1363 906 1416 super
946 1363 1109 1416 aquas
1162 1347 1545 1414 transmigrare
1593 1345 1657 1396 ad
1704 1344 1900 1410 aliutn,
1949 1342 2002 1396 in
2045 1340 2136 1421 illo

557 1441 717 1496 modo
741 1456 848 1508 quo
871 1438 1046 1493 solent
1074 1453 1234 1504 super
1256 1438 1514 1491 crelorum
1539 1436 1739 1489 circulo
1764 1434 1935 1487 stelltc
1965 1443 2136 1486 trans-

559 1532 702 1587 ferri.
740 1531 952 1585 Etcum
998 1529 1145 1583 multi
1183 1529 1472 1597 aspiciant,
1504 1527 1572 1579 ab
1613 1525 1716 1579 illis
1752 1532 1954 1577 tantum
1987 1523 2136 1577 vide-

559 1631 668 1693 tur,
699 1622 894 1691 quibus
925 1629 1009 1675 est
1037 1634 1185 1672 mens
1215 1619 1418 1672 sanior.
1443 1616 1736 1671 Nonnulliis
1764 1614 1869 1668 vidi
1903 1615 1990 1683 qui
2019 1628 2136 1667 eam

556 1711 868 1766 asserebant
895 1725 952 1764 se
995 1710 1211 1763 Vldl38".
1247 1709 1422 1776 Nuper
1451 1720 1628 1762 autem
1669 1708 1923 1760 diaconus
1956 1716 2138 1760 noster

2231 507 2406 562 crucis
2449 507 2698 562 aflisione
2741 507 3132 562 damnaverunt
3179 507 3302 578 (An.
3347 507 3445 571 35,
3488 506 3524 560 5
3565 505 3780 577 April.)
3823 521 3842 561 :

2233 613 2392 667 quem
2427 599 2566 652 Deus
2595 599 2750 653 Pater
2779 600 3057 654 suscitavit
3081 614 3110 652 a
3151 599 3377 653 mortuis
3408 599 3561 654 teitia
3591 599 3710 664 die,
3738 612 3842 652 so-

2233 693 2356 746 lutis
2384 691 2659 746 doloribus
2688 692 2875 746 mortis
2903 692 3040 760 (Act.
3066 707 3135 757 it,
3159 691 3282 760 24);
3313 692 3565 760 quoniam
3613 693 3841 760 impos-

2233 783 2390 838 sibile
2417 791 2536 836 erat
2565 798 2687 837 eum
2719 785 2856 850 apud
2891 782 3090 838 inferos
3120 783 3374 848 retineri,
3405 783 3542 838 sicut
3569 783 3645 836 ait
3698 797 3844 851 apo-

2233 876 2404 929 stolus
2447 873 2654 930 Petrus.
2701 867 2949 930 Posthac
2999 876 3317 942 promittens
3365 874 3733 939 Paraclitum,
3781 873 3844 928 et

2237 967 2482 1023 imbuens
2529 967 2847 1024 cmlestibus
2891 967 3150 1022 doctrinis
3194 965 3488 1036 apostolos,
3534 966 3710 1020 victor
3747 980 3845 1018 as-

2246 1059 2428 1113 cendit
2456 1061 2522 1112 ait
2560 1046 2750 1126 cinios,
2795 1067 3185 1127 venturumque
3227 1071 3286 1112 se
3328 1056 3394 1110 ad
3438 1055 3840 1126 judicanduni,

2237 1147 2442 1215 angelis
2477 1157 2530 1202 te
2563 1147 2821 1211 tantibus,
2863 1148 3266 1216 repromittens,
3298 1144 3511 1199 dicente
3540 1145 3841 1213 aposmtici

2237 1241 2402 1295 Actus
2430 1240 2684 1294 liiStoria:
2714 1239 2812 1293 llic
2826 1226 2977 1293 ἔρδω
3002 1240 3090 1308 qui
3113 1248 3340 1309 receptus
3361 1246 3435 1291 est
3456 1253 3486 1290 a
3507 1237 3645 1290 nobis
3662 1236 3845 1309 724

2236 1335 2308 1385 si‘c
2334 1333 2515 1396 veniet,
2541 1333 2968 1402 qttemadntodum
2991 1331 3188 1386 vidistis
3208 1341 3322 1386 eum
3343 1341 3542 1386 euntem
3569 1331 3621 1384 in
3643 1332 3842 1386 cadunt

2238 1427 2376 1496 (Act.
2411 1442 2456 1492 ι,
2492 1427 2611 1497 ii).

2851 1517 3076 1573 CAPUT
3119 1517 3205 1572 IV.

2615 1649 2690 1705 De
2717 1651 2960 1720 apostolis
2989 1661 3036 1703 et
3067 1650 3211 1702 beata
3250 1648 3436 1705 Maria.

557 1804 740 1859 ηιυιίι
768 1802 908 1872 quod
934 1817 1053 1856 cum
1077 1802 1310 1872 quinque
1338 1802 1465 1856 viris
1492 1799 1699 1870 aspexi;
1722 1798 1772 1866 δ,
1805 1798 1897 1854 sed
1925 1798 2131 1854 duobus
2163 1790 2209 1850 Β
2307 1785 2436 1841 Post
2459 1783 2485 1823 ἀ
2537 1783 2924 1872 admirabilem
2959 1785 3117 1854 igitur
3163 1784 3447 1839 dominica:
3493 1782 3835 1840 ascensionis

559 1901 764 1948 tantum
793 1891 1057 1962 apparuit.

1183 1978 1409 2033 CAPUT
1451 1979 1510 2032 ll.

559 2091 638 2149 De
667 2091 925 2146 miraculis
957 2090 1162 2144 Domini
1195 2101 1239 2143 et
1269 2091 1550 2145 Saluatoris
1581 2092 1740 2144 nostri
1764 2090 1888 2145 Iesu
1927 2091 2134 2144 Clirislii

631 2205 890 2260 Dominus
946 2215 968 2242 ο
1021 2205 1180 2272 igitur
1231 2213 1411 2257 noster
1457 2204 1611 2258 Jcsizs
1659 2204 1900 2258 (ltiti-tus
1949 2206 1998 2258 in
2045 2219 2134 2257 as-

557 2305 776 2365 sumpta
818 2309 981 2350 carne
1029 2294 1098 2348 de
1145 2291 1357 2362 Virgine
1403 2294 1672 2364 (Aii.5U),
1717 2297 1880 2349 multa
1931 2296 2137 2364 populis

563 2387 826 2443 miracula
843 2396 928 2441 est
957 2385 1116 2456 723
1146 2385 1390 2454 dignatus
1415 2386 1717 2440 ostendere.
1747 2387 1972 2440 llausios
1995 2387 2134 2440 enim

560 2477 751 2534 latices
798 2477 851 2531 in
881 2475 987 2530 vini
1020 2492 1265 2545 saporem
1315 2479 1609 2542 convertit,
1660 2491 1921 2530 caecorum
1968 2479 2136 2532 oculis

561 2571 782 2637 depulsa
826 2578 982 2623 nocte
1014 2569 1190 2621 lumen
1223 2567 1437 2631 infudit,
1473 2568 1887 2638 paralyticoriim
1922 2583 2137 2638 gressus

562 2659 734 2712 ablata
764 2658 1042 2712 debilitate
1072 2658 1303 2720 direxit,
1337 2659 1510 2712 febres
1552 2661 1920 2727 :egrotantium
1962 2661 2138 2726 fugato

563 2748 756 2802 ardore
785 2747 1062 2812 restinxit,
1097 2748 1442 2816 hydropicum
1473 2762 1783 2817 compresso
1816 2758 2023 2804 tumore
2053 2765 2140 2803 sa-

563 2839 740 2904 navit,
773 2837 975 2907 leprain
1007 2838 1284 2891 discedere
1310 2841 1447 2892 sacri
1477 2838 1587 2893 oris
1615 2839 1807 2894 virtute
1837 2841 2135 2906 mandavit,

564 2929 842 2984 mulierem
891 2929 1158 2982 daemonio
1190 2929 1501 2983 inclinatam
1545 2930 1899 2985 iuvidentibus
1943 2931 2140 2988 Judzeis

563 3020 761 3084 erexit;
807 3034 968 3086 super
1001 3034 1168 3083 aquas
1200 3036 1346 3084 vero,
1381 3037 1484 3075 non
1524 3023 1918 3076 dehiscentibus
1962 3024 2136 3091 aquis,

565 3111 815 3165 incessit:
852 3109 1166 3178 profluvium
1198 3112 1438 3166 mulieris
1470 3121 1609 3166 tactu
1641 3113 1864 3167 limbrize
1888 3113 2140 3168 salutaris

565 3211 777 3263 auertit.
805 3210 966 3265 Multa
999 3211 1212 3280 quidem
1245 3221 1296 3265 et
1327 3211 1428 3264 alia
1455 3209 1573 3264 fecit
1598 3252 1611 3276 ,
1641 3226 1758 3279 qua!
1786 3225 1936 3265 sacra
1969 3212 2144 3265 Evan-

566 3302 818 3370 geliorutn
851 3314 1032 3358 narrat
1065 3304 1308 3356 historia.
1339 3302 1539 3356 Tamen
1566 3319 1686 3356 cum
1720 3306 1915 3356 inultos
1944 3304 2144 3358 salubri

567 3396 875 3464 cmlestique
907 3399 1161 3451 mandato
1205 3407 1564 3450 reataurassct
1592 3397 1656 3449 ad
1691 3397 1882 3460 vitam,
1923 3405 2028 3450 tres
2077 3396 2144 3449 ab

569 3486 814 3540 infernali
848 3497 1017 3542 morte
1047 3488 1319 3554 reductos,
1353 3490 1473 3542 vitae
1513 3490 1780 3542 restituit:
1817 3488 1867 3542 id
1913 3498 2022 3554 est,
2054 3505 2142 3543 ar-

571 3580 917 3650 chisynagogi
952 3582 1112 3634 filiani
1147 3582 1484 3635 resuscitavit
1514 3583 1562 3634 in
1602 3582 1793 3645 domo;
1827 3583 2038 3635 unicum
2070 3582 2147 3636 vi-

571 3671 690 3726 duze
733 3688 952 3742 surgere
976 3672 1138 3742 jussit
1165 3673 1229 3727 ad
1267 3685 1433 3742 porta:
1462 3688 1766 3744 egressum:
1795 3682 1851 3727 et
1891 3673 2144 3727 Lazarum

571 3763 781 3816 vocavit
805 3777 869 3816 ex
901 3773 1262 3816 monumento.

1195 3874 1419 3929 CAPUT
1461 3874 1544 3928 ill.

717 3966 795 4020 De
826 3983 1078 4035 posszone,
1107 3969 1470 4021 resurrectione
1488 3977 1535 4021 et
1562 3968 1850 4023 ascensione
1876 3971 2005 4039 ejus.

646 4059 807 4129 igitur
843 4058 1043 4123 Iudici,
1078 4058 1261 4114 furore
1291 4060 1562 4125 succensi,
1607 4059 1750 4114 falsis
1793 4060 2145 4115 accusationi-

652 4221 678 4249 ι
707 4212 760 4265 in
805 4210 954 4265 Colb.
981 4225 1034 4264 a.
1079 4210 1307 4265 habetur
1349 4210 1433 4265 hic
1472 4211 1525 4264 in
1574 4211 1711 4265 tituli
1757 4213 2006 4274 modum,
2049 4214 2150 4268 alia

579 4282 822 4348 quidem,
846 4282 940 4334 sed
962 4292 1167 4336 vetusta
1191 4296 1382 4334 manu:
1414 4281 1488 4332 De
1509 4280 1656 4334 stella
1676 4286 1725 4333 :‘n
1751 4292 1954 4349 puteum
1980 4286 2145 4349 lapsa.

582 4353 637 4405 ω
668 4360 844 4405 autem
876 4351 1238 4413 observamus,
1274 4352 1413 4419 quod
1443 4360 1744 4405 etiamnunc
1775 4367 1937 4419 prope
1966 4367 2156 4407 caveru

585 4436 712 4473 nam
741 4420 1210 4491 iletiileetnitanam
1245 4430 1431 4491 puteus
1461 4435 1553 4471 seu
1592 4423 1822 4473 cisterna
1856 4425 2149 4491 peregrinis

584 4490 911 4560 oeteniiatur.
937 4489 994 4560 in
1029 4506 1185 4552 quam
1233 4490 1418 4554 vulgus
1447 4497 1592 4556 putat
1622 4491 1829 4542 stellam
1871 4489 2146 4560 unguium

588 4560 844 4626 dilapsam
878 4557 1057 4611 fuisse.

659 4628 683 4665 δ
712 4626 862 4680 Colb.
892 4642 966 4691 a.,
996 4629 1092 4680 alia
1122 4641 1311 4690 manu,
1342 4627 1656 4695 introspexit.

657 4708 680 4737 ο
717 4697 825 4751 iloc
852 4709 1007 4764 caput
1048 4713 1166 4750 cuin
1217 4699 1556 4764 sequentibus
1584 4700 1650 4750 ad
1696 4696 2030 4752 undecimum
2064 4699 2147 4754 in-

585 4768 788 4824 clusive
816 4769 963 4819 deest
992 4767 1042 4820 iii
1074 4766 1194 4819 cod.
1219 4767 1452 4819 Clarom.
1473 4782 1524 4820 a.

659 4836 686 4874 ἀ
721 4837 815 4891 llic
845 4837 1030 4904 incipit
1072 4838 1217 4889 Llar.
1244 4838 1296 4888 b.
1333 4841 1409 4888 An
1441 4849 1569 4889 vero
1611 4836 1896 4904 aliquando
1942 4855 2146 4904 prame-

587 4909 763 4962 dentia
793 4911 965 4973 capita
1009 4907 1062 4959 in
1106 4921 1170 4960 eo
1211 4906 1334 4959 cod.
1366 4907 1696 4970 castiterint,
1726 4906 1982 4962 incertdilt
2030 4919 2144 4975 est,

587 4995 708 5033 cum
739 4977 874 5032 istud
908 4976 1058 5030 initio
1083 4979 1284 5046 pagina:
1313 4977 1588 5042 habeatur,
1612 4988 1666 5032 et
1693 4993 1943 5031 numerus
1972 4983 2144 5036 nullus

587 5051 806 5118 singulis
834 5049 1081 5118 capitulis
1111 5049 1482 5115 praeminatur,
1516 5062 1612 5101 nec
1642 5049 1777 5101 ullus
1802 5053 2033 5118 capitum
2065 5053 2144 5105 itt-

587 5117 794 5173 diciiius
821 5120 870 5170 in
899 5133 963 5171 eo
989 5117 1172 5170 codice
1201 5133 1428 5186 unquam
1460 5119 1635 5171 fuerit.

661 5198 683 5224 ο
715 5192 867 5250 Mor.,
894 5190 1201 5255 perfruetur.
1233 5189 1354 5240 ila-c
1383 5202 1558 5255 porro,
1591 5203 1708 5256 quae
1729 5188 1794 5245 de
1819 5200 1988 5244 morte
2015 5189 2142 5243 hea-

590 5258 807 5311 tissiniae
857 5258 1085 5324 Virginis
1129 5259 1348 5324 ejusque
1393 5258 1802 5314 circumstantiis
1849 5271 2030 5313 narrat
2061 5262 2144 5315 hic

587 5326 896 5392 Gregorius,
931 5329 1108 5394 procul
1152 5327 1311 5378 dubio
1338 5325 1510 5379 hausit
1536 5344 1599 5380 ex
1634 5330 1838 5383 l’seudo
1876 5331 2144 5384 Melitouis

587 5398 926 5454 Saritensium
955 5396 1198 5466 episcopi
1220 5396 1354 5448 libro
1378 5398 1443 5450 de
1470 5395 1715 5451 Transito
1748 5401 1916 5452 beata:
1947 5400 2143 5466 Mai-itu,

590 5468 725 5519 inter
751 5470 1084 5534 apocryphos
1107 5482 1148 5537 a
1167 5465 1550 5537 Gelasiopapa
1583 5469 1867 5535 recensito,
1896 5473 1981 5537 qui
2013 5465 2147 5524 liber

590 5538 761 5587 editus
801 5545 883 5587 est
924 5536 974 5586 in
1002 5536 1346 5588 ‘Bibliotlteca
1392 5535 1622 5588 Patrum.
1672 5535 1930 5591 Mortuam
1969 5549 2146 5593 autem

578 5611 708 5657 'eain
738 5604 796 5670 Et
817 5601 932 5656 besi
965 5603 1144 5668 fuisse,
1179 5608 1453 5658 doctorum
1493 5611 1725 5659 virorum
1754 5616 1836 5661 cst
1865 5608 2143 5664 sententia.

591 5678 656 5727 At
687 5689 844 5726 nemo
870 5683 992 5725 ante
1014 5674 1322 5741 Gregorium
1351 5674 1712 5729 Turonensem
1734 5674 1945 5729 disertis
1970 5680 2145 5732 verbis

591 5742 1032 5796 resurrectionem
1060 5742 1227 5796 beatae
1255 5746 1448 5809 Mariae,
1480 5745 1701 5814 ejusque
1722 5747 1960 5814 corporis
1986 5748 2143 5801 simul

2238 1876 2462 1947 gloriain
2495 1875 2619 1948 (An.
2648 1877 2748 1939 55,
2780 1875 2845 1928 14
2879 1869 3070 1944 Maii),
3103 1891 3243 1943 qurc,
3287 1876 3519 1930 ciintrito
3549 1877 3837 1932 diabolica

2239 1965 2585 2036 malignitatis
2608 1966 2802 2036 capite,
2828 1972 3034 2020 mentes
3065 1965 3299 2020 fidelium
3324 1966 3388 2019 ad
3413 1967 3836 2036 contemplanda

2240 2058 2479 2112 cmleSIia
2516 2057 2808 2121 animavit,
2838 2055 3010 2110 sancti
3037 2057 3266 2125 apostoli
3298 2056 3502 2110 Domini
3541 2068 3596 2110 et
3637 2057 3836 2112 Salva-

2240 2149 2368 2202 toris
2399 2149 2565 2202 nostri
2601 2160 2722 2202 cum
2768 2148 2921 2202 beata
2971 2147 3132 2201 Maria
3182 2159 3351 2202 matre
3398 2147 3536 2216 ejus,
3572 2149 3621 2199 in
3668 2162 3834 2202 unam

2239 2239 2546 2308 congregati
2592 2239 2845 2301 domum,
2877 2243 3055 2292 omnia
3089 2239 3356 2307 p0iiebant
3389 2238 3439 2291 in
3469 2237 3652 2292 medio
3683 2255 3697 2290 :
3728 2238 3831 2294 nec

2237 2329 2517 2400 quisquam
2546 2344 2700 2384 suum
2731 2328 2926 2398 aliquid
2956 2341 3075 2383 esse
3117 2329 3358 2391 dicebat;
3392 2328 3486 2382 sed
3531 2330 3832 2398 unusquis-

2245 2435 2349 2490 que
2379 2429 2569 2474 cuncta
2602 2420 2912 2489 possidebat
2940 2419 2991 2474 in
3020 2419 3305 2488 charitate,
3336 2417 3476 2473 sicut
3519 2435 3676 2475 sacer
3703 2434 3833 2489 apo-

2244 2515 2446 2568 stolicie
2486 2514 2711 2568 actionis
2741 2525 2919 2568 narrat
2949 2514 3120 2584 sxylus
3161 2512 3298 2584 (Act.
3331 2527 3403 2575 iv,
3433 2510 3546 2582 54).
3581 2513 3832 2568 Ιιοειιιιυο

2248 2605 2477 2675 dispersi
2509 2615 2632 2658 sunt
2660 2621 2756 2675 per
2784 2605 3026 2672 regiones
3056 2604 3295 2658 diversas
3323 2603 3386 2656 ad
3429 2605 3829 2672 praedicandum

2242 2702 2462 2755 verbum
2509 2700 2600 2754 Dei
2634 2701 2759 2770 (An.
2785 2700 2894 2769 56).
2925 2699 3161 2768 Denique
3205 2698 3420 2768 impleto
3449 2713 3478 2749 a
3523 2698 3676 2752 beata
3725 2696 3830 2750 Μαι

2241 2793 2318 2847 ria
2371 2791 2526 2859 hujus
2557 2793 2680 2844 vitae
2709 2805 2900 2854 cursu,
2945 2804 3064 2844 cum
3098 2790 3206 2856 jam
3239 2798 3517 2842 viicaretur
3547 2804 3576 2840 a
3605 2789 3828 2851 saeculo,

2243 2881 2548 2950 coogregati
2571 2890 2695 2934 sunt
2716 2895 2901 2934 omnes
2925 2881 3152 2948 apostoli
3180 2880 3246 2933 de
3272 2880 3496 2949 singulis
3519 2879 3830 2949 regionibus

2241 2974 2308 3026 ad
2352 2972 2570 3026 domum
2600 2973 2716 3042 ejus
2765 2973 2886 3044 (An.
2913 2975 3026 3042 48).
3073 2972 3314 3043 Cumque
3360 2973 3648 3027 audiisseut
3694 2974 3828 3043 quia

2243 3077 2385 3120 esset
2434 3066 2753 3121 assumenda
2798 3067 2866 3120 de
2920 3064 3137 3130 mundo,
3172 3065 3460 3134 vigilabant
3488 3079 3606 3119 cum
3635 3079 3702 3119 ea
3748 3064 3830 3118 si-

2175 3166 2221 3229 c
2253 3157 2399 3211 mult
2434 3169 2486 3211 et
2519 3169 2647 3211 ecce
2695 3156 2950 3210 Dominus
2997 3154 3151 3209 Jesus
3191 3155 3409 3208 advenit
3455 3169 3575 3208 cuiu
3624 3154 3830 3221 angelis

2250 3254 2383 3319 suis,
2417 3261 2469 3306 et
2497 3253 2763 3318 accipiens
2793 3251 3022 3303 animam
3053 3247 3188 3318 ejus,
3224 3248 3438 3301 tradidit
3467 3248 3713 3302 Michaeli
3746 3263 3829 3300 :ir-

2248 3345 2542 3412 changelo,
2589 3350 2645 3395 et
2695 3340 2940 3394 recessit.
2999 3339 3242 3392 Diluculo
3295 3349 3470 3392 autem
3524 3340 3830 3392 IcVavcruu't

2248 3433 2477 3504 apostoli
2507 3446 2629 3486 cum
2660 3431 2854 3485 lectulo
2881 3445 3075 3498 corpus
3106 3430 3243 3495 ejus,
3273 3439 3670 3496 posueruntque
3701 3427 3829 3482 illud

2249 3527 2302 3581 in
2353 3533 2718 3586 monuiuento,
2763 3534 2816 3577 et
2865 3524 3236 3577 custodiebant
3285 3522 3492 3589 ipsum,
3539 3524 3830 3575 adventum

2249 3617 2462 3672 Domini
2496 3615 2892 3686 praestolantes.
2923 3615 2986 3668 Et
3022 3628 3146 3667 ecce
3177 3613 3365 3666 iterum
3395 3611 3600 3665 adstitit
3623 3612 3701 3665 eis
3732 3612 3831 3665 Do-

2250 3708 2449 3773 minus,
2495 3718 2912 3774 susceptumque
2949 3720 3143 3773 corpus
3183 3714 3425 3757 sanctum
3457 3702 3508 3756 in
3549 3703 3690 3757 nube
3735 3704 3832 3757 ile-

2252 3801 2375 3855 ferri
2402 3799 2570 3869 jussit
2592 3798 2643 3852 in
2664 3796 2966 3866 paradisum
2990 3811 3006 3849 :
3034 3797 3120 3849 ubi
3149 3810 3309 3862 nunc,
3336 3801 3606 3863 resumpta
3629 3794 3829 3858 anima,

2251 3905 2371 3946 cum
2419 3889 2604 3944 electis
2629 3887 2746 3958 ejus
2773 3887 3072 3954 exsultans,
3116 3885 3430 3942 aeternitatis
3471 3885 3645 3951 bonis,
3686 3887 3832 3940 nullo

2252 3979 2524 4038 occasuris
2552 3980 2680 4045 line,
2711 3976 2995 4049 perfruitur
3019 3985 3053 4034 ς

2251 4225 2308 4274 et
2333 4219 2524 4271 anima!
2552 4217 2604 4270 in
2636 4216 2801 4270 crelos
2846 4216 3264 4285 assumptionem
3305 4217 3597 4269 asseruisse
3627 4218 3832 4284 repeti-

2256 4301 2359 4342 ttir.
2397 4291 2519 4342 llaec
2563 4297 2738 4338 tamen
2771 4288 3032 4339 sententia
3067 4287 3202 4338 haud
3245 4290 3410 4338 multo
3449 4295 3625 4351 postea
3673 4289 3744 4338 ita
3779 4288 3830 4341 in

2255 4359 2442 4413 Galliis
2475 4358 2778 4424 priet-aluit,
2807 4366 2860 4408 iit
2906 4359 3062 4408 etiam
3103 4358 3154 4408 in
3196 4356 3484 4425 Liturgiain
3540 4358 3694 4407 fuerit
3744 4359 3829 4409 in-

2257 4438 2436 4491 vecta,
2461 4428 2599 4495 quod
2627 4434 2761 4494 patet
2793 4441 2857 4478 ex
2886 4425 3076 4478 Missa1i
3108 4425 3351 4487 GotliiCo,
3380 4425 3468 4478 lib.
3494 4440 3549 4477 ιςι
3579 4427 3827 4495 Liturgia:

2258 4497 2564 4560 Gallcaniir,
2600 4499 2648 4548 in
2688 4496 2844 4548 missa
2875 4497 2941 4548 de
2980 4498 3350 4564 Assumptione
3393 4505 3587 4547 Sanctze
3621 4496 3823 4559 Mariae,

2257 4569 2339 4620 tibi
2389 4583 2490 4618 non
2524 4566 2686 4619 semel
2735 4566 2889 4632 liujiis
2927 4566 3246 4618 beatissima:
3279 4565 3502 4633 Virginis
3547 4570 3743 4633 Corpus
3775 4569 3824 4619 in

2252 4639 2418 4690 cielos
2446 4639 2638 4688 dicitur
2671 4636 2829 4686 fuisse
2869 4636 3216 4698 translatum,
3253 4644 3306 4686 et
3348 4636 3560 4704 quidem
3611 4638 3663 4686 in
3700 4650 3827 4687 i-on-

2255 4709 2539 4759 testatione
2563 4720 2682 4756 cum
2710 4705 2895 4756 iisdem
2925 4705 3359 4767 circumstantiis,
3387 4720 3502 4768 qua:
3533 4705 3616 4756 hic
3643 4721 3670 4756 a
3697 4704 3829 4766 Gres

2253 4776 2399 4844 gorio
2424 4790 2606 4828 nosu'o
2627 4785 2926 4827 narrantur.
2950 4773 3085 4827 Vide
3107 4785 3160 4827 et
3184 4774 3323 4827 aliud
3350 4779 3824 4844 sacramentariiim

2253 4841 2612 4906 Gallicanum,
2661 4853 2804 4896 tomo
2843 4844 2860 4896 l
2907 4844 3070 4898 Musei
3117 4844 3312 4910 ltaiici,
3361 4858 3476 4911 pag.
3508 4841 3635 4897 50J.
3679 4843 3820 4898 Nihil

2253 4926 2428 4970 tamen
2455 4914 2625 4967 simile
2651 4915 2807 4966 habet
2829 4925 3293 4967 sacraiiientariuin
3326 4913 3622 4966 lioinanuin
3647 4916 3819 4968 sancti

2250 4986 2513 5052 Gregorii.
2547 4984 2621 5037 De
2654 4991 2750 5036 hac
2777 4999 2832 5036 re
2858 4998 3034 5037 airein
3066 4984 3386 5051 disputatum
3419 4995 3499 5036 est
3526 4984 3691 5052 fusius
3719 4987 3820 5037 hoc

2250 5051 2476 5114 siet-uio,
2502 5055 2779 5108 occasione
2811 5055 3164 5122 Martyrologit
3212 5052 3462 5122 Usuardi.
3520 5051 3653 5106 Vtile
3678 5056 3816 5108 clar.

2252 5125 2353 5178 viri
2389 5124 2714 5177 Tilleniontii
2758 5137 2907 5175 notas
2939 5121 3005 5176 14
3032 5134 3085 5177 et
3116 5123 3180 5174 trs
3209 5121 3260 5174 in
3297 5125 3461 5174 Vitam
3507 5122 3674 5175 b-at:e
3708 5123 3822 5176 Vir-

2247 5195 2382 5261 ginis
2413 5194 2608 5257 Marize,
2637 5205 2778 5246 torno
2805 5193 2820 5245 l
2847 5194 2980 5248 ilist.
3005 5196 3223 5258 eccles.,
3251 5193 3454 5261 quibus
3474 5192 3610 5245 adde
3641 5196 3689 5245 lo
3727 5208 3814 5245 um

2251 5260 2575 5326 Adamnaui,
2611 5265 2696 5316 lib.
2731 5279 2744 5315 t
2771 5263 2835 5316 di:
2869 5264 3021 5317 Locis
3048 5260 3402 5329 saiiiztis,7c:ip.
3432 5260 3486 5325 9,
3520 5266 3604 5314 tibi
3634 5263 3701 5315 de
3732 5277 3817 5316 se-

2253 5335 2452 5403 pulcro,
2480 5335 2648 5388 beata:
2688 5335 2884 5397 hlarim,
2911 5334 3048 5401 quod
3093 5349 3253 5401 prope
3284 5332 3714 5403 _llierosolyn_iain
3766 5335 3817 5386 in

2255 5401 2389 5456 valle
2435 5402 2689 5471 .Iosapbat
2726 5406 3127 5466 ostendebatur,
3173 5405 3252 5455 sic
3283 5401 3554 5469 l0quitur:
3588 5401 3655 5455 In
3694 5419 3812 5471 quo,

2254 5472 2425 5542 inquit
2452 5473 2542 5527 ille
2566 5481 2766 5537 auctor,
2800 5474 3079 5541 aliquando
3103 5472 3300 5541 sepulta
3335 5473 3585 5538 pausuvit.
3620 5471 3726 5526 Sed
3755 5474 3816 5523 de

2253 5546 2426 5596 eodem
2454 5543 2685 5606 sepulcro
2720 5542 2992 5610 quomodo,
3025 5545 3100 5595 vel
3126 5557 3226 5611 quo
3267 5551 3505 5611 temm-re,
3535 5552 3623 5594 aut
3648 5559 3681 5594 a
3716 5544 3820 5608 qui-

2254 5612 2346 5665 bus
2376 5613 2602 5676 personis
2627 5624 2858 5664 sanctum
2897 5615 3250 5681 corpusculum
3289 5614 3400 5680 ejus
3427 5613 3492 5665 sit
3534 5613 3820 5674 sublatum,

2257 5682 2333 5736 uel
2358 5697 2458 5751 quo
2480 5683 2591 5753 loco
2612 5682 3027 5734 resurrectionem
3049 5692 3324 5751 exspectat,
3346 5683 3537 5749 nullus,
3561 5691 3615 5734 sit
3641 5686 3818 5753 fertur,

2253 5768 2344 5821 pro
2367 5763 2497 5804 certo
2518 5751 2643 5802 scire
2672 5759 2849 5819 potest.
