4132 6348
970 416 1198 471 CAPUT
1242 417 1304 472 ν.

496 528 572 582 De
593 544 739 582 cruce
759 538 806 582 et
829 529 1145 584 mirabilibus
1173 532 1284 600 ejus
1307 530 1445 600 apud
1477 527 1759 582 Pictorum.

411 639 591 709 725.
610 639 746 692 Crux
770 639 1180 708 dominica,qute
1193 639 1260 692 ab
1275 638 1469 692 llelena
1484 646 1706 706 augusta
1719 641 1928 703 reperta

350 738 433 780 at
451 728 834 795 Hierosolymis
856 728 1176 798 (Christian.
1211 726 1339 792 526,
1363 729 1397 781 3
1413 726 1588 794 Maii),
1605 728 1675 780 ita
1695 735 1720 760 ⁸
1740 735 1928 793 quarta

353 830 408 874 et
431 828 584 880 sexta
610 818 744 874 feria
773 821 1046 874 adorator.
1083 820 1250 888 llnjns
1283 820 1536 887 reliquias
1565 830 1617 873 et
1639 818 1852 882 merito,
1876 825 1932 870 et

353 910 460 968 ilde
491 910 704 966 Helena:
720 912 1106 980 comparanda,
1133 912 1312 980 regina
1343 909 1682 980 Radegundis
1706 909 1934 977 expetiit

355 1007 466 1076 (an.
509 1004 664 1073 569),
710 1020 772 1060 ac
820 1006 1013 1060 devote
1063 1005 1117 1060 in
1167 1003 1548 1059 monasterium
1593 1001 1926 1066 Pictavense,

350 1096 495 1163 quod
542 1110 641 1150 suo
687 1095 866 1149 studio
914 1094 1211 1155 constituit.
1251 1094 1535 1148 collocavit
1565 1091 1632 1157 ιτς
1679 1091 1932 1161 misitque

351 1197 554 1257 pueros
602 1187 795 1241 iterum
842 1186 1250 1256 Hierosolymis,
1283 1201 1344 1240 ac
1373 1201 1467 1255 per
1497 1193 1662 1239 totam
1701 1183 1933 1239 Orientis

353 1278 588 1347 plagam.
634 1277 734 1342 Qui
807 1279 1200 1331 circumeuntes
1269 1275 1554 1343 sepulcra.
1627 1283 1934 1328 sanctorum

357 1378 654 1438 martyrum
696 1365 1175 1436 confessorumque
1201 1378 1516 1421 cunctorum
1549 1366 1801 1436 reliquias
1843 1366 1935 1421 de-

359 1457 638 1512 tulerunt:
671 1457 866 1526 quibus
915 1459 967 1511 in
1013 1473 1135 1511 arca
1182 1468 1434 1527 argentea
1466 1473 1587 1511 cum
1635 1457 1748 1526 ipsa
1777 1470 1938 1510 cruce

354 1557 536 1604 sancta
585 1549 809 1614 locatis,
869 1550 1031 1604 multa
1076 1550 1269 1605 exinde
1324 1551 1576 1604 miratu'a
1627 1550 1938 1618 conspicere

352 1640 574 1695 meruit.
608 1640 683 1695 De
703 1641 897 1711 quibus
929 1641 1055 1696 illud
1095 1645 1323 1712 primum
1352 1657 1641 1712 exponam,
1668 1643 1806 1712 quod
1838 1643 1938 1696 ibi-

352 1729 481 1784 dem
513 1730 773 1786 Dominus
811 1732 866 1786 in
911 1733 1101 1787 diebus
1145 1735 1406 1802 passionis
1431 1747 1542 1789 sua:
1571 1735 1816 1804 dignatus
1856 1742 1940 1789 est

360 1822 616 1877 revelare.
648 1822 809 1878 Sexta
837 1821 972 1878 feria
1018 1833 1141 1879 ante
1182 1833 1426 1879 sanctum
1460 1825 1688 1890 Pascha,
1719 1840 1842 1880 cum
1884 1824 1938 1880 in

360 1914 554 1984 vigiliis
583 1915 702 1970 sine
748 1915 952 1972 lumine
982 1926 1383 1986 pernoctareot,
1419 1918 1561 1971 circa
1613 1918 1799 1972 horam
1831 1926 1939 1971 ter-

362 2005 492 2059 tiam
525 2007 699 2061 noctis
727 2006 972 2076 apparuit
1001 2019 1125 2061 ante
1154 2008 1326 2061 altare
1355 2009 1538 2062 lumen
1568 2007 1850 2075 parvulum
1883 2006 1938 2062 in

361 2095 582 2149 modum
625 2096 867 2150 scintilla:
897 2113 911 2149 :
946 2096 1142 2150 deinde
1176 2096 1512 2164 ampliatum,
1546 2096 1648 2150 huc
1708 2096 1940 2166 illucque

358 2199 544 2239 comas
593 2184 814 2255 fulgoris
864 2199 1140 2256 spargens,
1173 2188 1335 2255 carpit
1381 2189 1640 2257 gradatim
1673 2189 1726 2241 in
1773 2188 1938 2242 altum

361 2276 728 2330 conscendere
787 2292 800 2329 :
857 2277 1153 2346 effectaque
1207 2277 1406 2346 pharus
1457 2293 1644 2347 magna
1698 2278 1942 2333 obscurae

358 2365 504 2420 nocti
537 2366 887 2436 vigilantique
931 2367 1227 2436 plebecula:
1255 2368 1434 2422 lumen
1479 2370 1704 2436 praebuit
1741 2371 1942 2439 suppli-

359 2457 532 2522 canti;
560 2458 907 2514 illucescente
941 2475 1154 2528 quoque
1176 2460 1334 2524 caelo,
1363 2460 1611 2527 paulatim
1657 2461 1937 2528 deficiens,

361 2548 484 2603 data
527 2550 685 2604 terris
729 2551 867 2614 luce,
901 2550 968 2604 ab
1009 2551 1179 2604 oculis
1201 2551 1506 2605 mirantium
1558 2552 1792 2608 evanuit.
1825 2554 1938 2625 Ego

359 2651 538 2696 autem
592 2641 876 2696 audiebam
930 2642 1148 2709 stepius,
1179 2641 1322 2710 quod
1379 2642 1540 2695 etiam
1597 2642 1796 2713 lychni,
1850 2647 1940 2715 qui

358 2734 800 2790 accendebantur
822 2744 948 2789 ante
977 2736 1088 2788 bzec
1122 2735 1364 2805 pignora,
1395 2734 1712 2790 ebullientes
1745 2737 1940 2792 virtute

361 2827 568 2892 divina,
594 2827 646 2880 in
674 2835 874 2880 tantum
906 2826 1236 2881 exundarent
1263 2826 1458 2893 oleum,
1493 2838 1550 2880 ut
1577 2843 1668 2882 vas
1689 2829 1939 2896 supposi-

362 2926 479 2973 tum
513 2919 832 2987 plerumque
858 2919 1167 2986 replerent:
1199 2927 1252 2972 et
1283 2926 1458 2972 tamen
1483 2917 1634 2987 juxta
1658 2919 1938 2973 stultitiam

364 3009 560 3066 mentis
609 3010 760 3065 dura:
803 3027 1072 3078 nunquam
1120 3011 1184 3063 ad
1220 3010 1331 3064 haec
1356 3009 1620 3065 credenda
1665 3011 1937 3076 movebar,

365 3101 537 3156 donec
560 3104 770 3156 brutam
804 3103 1086 3170 segnitiem
1116 3102 1181 3154 ad
1205 3115 1438 3169 praesens
1462 3101 1571 3169 ipsa
1596 3117 1714 3170 qua:
1728 3111 1940 3155 ostensa
1972 3148 2014 3170 η

368 3201 450 3248 est
477 3193 647 3248 virtus
676 3204 954 3262 argueret;
989 3194 1216 3262 ideoque
1245 3207 1365 3260 qua:
1401 3192 1570 3246 oculis
1606 3193 1833 3260 propriis
1861 3192 1943 3245 vi-

363 3283 532 3338 derim
555 3284 859 3353 explicabo.
889 3283 1061 3337 Causa
1101 3283 1404 3338 devotionis
1437 3283 1638 3336 exstitit
1664 3293 1720 3336 ut
1762 3284 1944 3351 sepul-

363 3392 518 3432 crum
567 3379 734 3431 sancti
796 3377 980 3430 llilarii
1029 3377 1273 3442 visitans,
1323 3374 1482 3444 hujus
1516 3376 1713 3445 regina:
1745 3375 1945 3430 adirem

365 3468 658 3536 colloquia.
721 3469 1102 3537 Ingressusque
1151 3466 1574 3530 monasterium,
1622 3465 1946 3520 consalutata

370 3561 578 3631 regina,
611 3575 790 3616 coram
819 3561 868 3630 7
879 3559 984 3629 26
1007 3559 1278 3613 adoranda
1306 3573 1466 3612 cruce
1489 3573 1551 3612 ac
1581 3558 1748 3612 sacris
1770 3558 1952 3612 beato-

368 3669 488 3708 rum
532 3665 848 3724 prostcruor
882 3652 1212 3721 pignoribus.
1263 3650 1501 3718 Denique
1530 3650 1772 3704 oratione
1812 3648 1949 3702 facta

367 3744 606 3799 surrexi.
637 3744 763 3798 Erat
793 3743 935 3797 enim
967 3741 1036 3794 ad
1083 3742 1360 3795 dexteram
1405 3738 1627 3810 lychnus
1673 3753 1948 3802 accensus,

368 3849 528 3905 quem
552 3851 674 3889 cum
699 3834 860 3886 stillis
882 3831 1247 3901 frequentibus
1273 3829 1509 3885 defluere
1528 3831 1947 3898 conspexissem,

371 3937 539 3984 testor
565 3927 727 3982 Deum
765 3926 891 3995 quia
923 3922 1106 3993 putavi
1147 3921 1299 3992 quasi
1341 3937 1432 3975 vas
1463 3930 1605 3976 esset
1652 3920 1947 3989 effractum,

375 4019 498 4088 quia
544 4029 658 4073 erat
700 4018 748 4072 ei
794 4017 997 4071 concha
1041 4015 1343 4086 supposita,
1386 4014 1438 4067 in
1465 4028 1624 4083 quam
1654 4013 1828 4065 oleum
1861 4012 1952 4066 de-

373 4109 546 4166 fluens
599 4108 906 4165 decidebat.
956 4107 1109 4161 Tunc
1165 4119 1458 4159 conversus
1504 4103 1571 4158 ad
1605 4103 1948 4166 abbatissam,

372 4199 458 4254 aio
489 4216 503 4254 :
539 4200 782 4254 Tantane
818 4210 868 4253 te
897 4198 1095 4252 retinet
1117 4194 1313 4250 mentis
1343 4194 1573 4263 ignavia,
1610 4203 1665 4247 ut
1691 4194 1952 4262 integrum

373 4291 675 4346 cicindilem
711 4290 855 4363 [Al.,
888 4287 1169 4360 cicindile]
1219 4287 1463 4341 laborare
1515 4300 1620 4341 non
1666 4286 1857 4355 possis,
1902 4285 1953 4339 in

374 4398 479 4452 quo
525 4382 700 4438 oleum
732 4383 1093 4448 accendatur,
1141 4378 1246 4434 nisi
1300 4379 1578 4435 eﬂ'ractum
1625 4394 1729 4448 quo
1759 4378 1955 4434 defluat

375 4474 583 4543 ponas?
616 4475 677 4528 Et
706 4475 794 4529 illa
826 4490 841 4529 :
868 4472 981 4529 Nec
1028 4480 1112 4528 est
1151 4472 1248 4538 ita,
1282 4470 1498 4526 domine
1527 4469 1621 4535 mi,
1650 4469 1744 4525 sed
1788 4471 1953 4526 virtus

376 4571 464 4618 est
493 4563 670 4618 crucis
701 4573 901 4620 sancta:
931 4578 1090 4633 quam
1119 4562 1319 4618 cernis.
1352 4561 1502 4617 Tune
1532 4578 1630 4632 ego
1663 4562 1728 4616 ad
1761 4579 1845 4617 me
1872 4578 1956 4619 re-

379 4667 590 4722 versus,
623 4663 680 4710 et
715 4656 783 4709 ad
820 4656 1134 4711 memoriam
1173 4668 1434 4709 revocans
1457 4670 1578 4722 qua:
1607 4657 1754 4724 prius
1774 4655 1957 4709 audie-

381 4757 516 4812 ram,
548 4760 839 4801 conversus
861 4746 928 4800 ad
957 4746 1232 4818 lychnum,
1260 4745 1416 4801 video
1466 4747 1519 4800 in
1569 4746 1786 4802 modum
1830 4748 1956 4802 ollae

453 4910 478 4937 ⁸
502 4901 651 4957 Colb.
685 4916 758 4963 a.,
792 4899 1165 4971 Hierosolymis
1189 4900 1308 4956 sita.
1340 4901 1415 4956 De
1440 4901 1741 4957 inventione
1762 4913 1962 4958 sanctze

381 4971 556 5025 crucis
593 4972 691 5025 sub
731 4972 959 5026 Macario
985 4976 1151 5039 episc.
1184 4985 1246 5025 ac
1275 4974 1546 5025 miraculis
1586 4989 1644 5025 ea
1675 4976 1954 5028 occasione

382 5041 598 5108 patratis
628 5053 787 5110 agunt
815 5039 1042 5111 Cyrillus
1066 5041 1552 5111 Hierosolymorum
1583 5045 1747 5108 episc.
1779 5059 1792 5105 ;
1826 5059 1952 5095 san-

381 5122 500 5163 ctus
527 5113 841 5165 Ambrosius
863 5110 930 5164 in
972 5121 1107 5163 orat.
1141 5110 1207 5163 de
1238 5110 1421 5165 funere
1452 5111 1736 5164 Theodosii
1762 5127 1776 5174 ;
1811 5111 1955 5164 ltufi-

383 5193 483 5233 nus
510 5179 599 5234 lib.
629 5198 658 5234 x
707 5182 840 5234 Ilist.
870 5179 1099 5244 eccles.;
1128 5189 1338 5234 sanctus
1373 5181 1623 5234 Paulinus
1653 5183 1701 5233 in
1733 5182 1954 5248 epistola

383 5248 447 5302 ad
477 5249 770 5315 Severum;
802 5250 1037 5305 Severus
1072 5247 1339 5312 Sulpicius
1378 5250 1468 5303 lib.
1515 5265 1547 5302 ιι
1580 5247 1822 5304 Historia:
1865 5265 1954 5303 sa-

381 5333 520 5386 crae;
557 5321 878 5376 Theodoret.
913 5319 1005 5372 lib.
1053 5334 1108 5385 I;
1157 5319 1393 5384 Socrat.,
1436 5319 1720 5373 Sozomen.
1773 5330 1827 5374 et
1867 5320 1954 5376 alii

385 5391 582 5457 passim
609 5399 855 5444 auctores
887 5389 1086 5444 ilistor.
1105 5389 1352 5459 feccles.,
1379 5391 1518 5457 quod
1548 5390 1832 5459 contigisse
1863 5406 1961 5459 pu-

385 5467 500 5532 tant
524 5475 666 5532 anno
694 5459 817 5532 526.
844 5461 1061 5532 Degltac
1090 5458 1215 5532 ipse
1260 5458 1545 5532 Gregorius
1577 5459 1669 5514 lib.
1699 5458 1716 5513 ι
1748 5458 1883 5516 Hist.
1908 5475 1958 5516 c.

385 5527 476 5594 ‘54,
506 5531 598 5585 sed
629 5547 691 5584 ex
721 5530 979 5585 fabulosis
997 5527 1152 5585 actis.

455 5597 485 5638 δ
530 5601 606 5656 De
635 5600 716 5655 his
742 5601 850 5668 egit
880 5598 1165 5671 Gregorius
1205 5599 1299 5655 lib.
1331 5615 1381 5656 tx
1425 5599 1558 5655 Hist.
1601 5613 1722 5669 cap.
1755 5599 1844 5666 to,
1876 5599 1963 5656 ubi

389 5673 643 5742 nonnulla
662 5672 1228 5742 ultservgvjjnusmure
1263 5672 1480 5742 videsis,
1509 5673 1646 5726 sicut
1673 5681 1725 5726 ct
1750 5671 1964 5726 Bollan-

391 5737 579 5796 dianos
609 5741 673 5794 ad
701 5739 839 5794 diem
868 5736 900 5791 3
921 5737 1059 5794 Maii.

1183 303 1677 360 MIIHCULORl'M
1723 302 1848 357 LIB.
1895 299 1931 356 l.
1975 301 2064 354 Dl-Z
2095 302 2344 356 CLURM
2389 303 2785 360 M‘JlTYlll'Sl.

3487 298 3590 352 7l0

1957 416 2004 474 Α
2032 412 2288 470 ferventis
2318 418 2525 486 magnis
2572 418 2818 469 ﬂuctibus
2864 415 3159 480 exundarc,
3206 431 3266 469 ac
3314 432 3405 485 per
3448 433 3598 474 oram

2033 510 2200 577 ipsam
2267 509 2420 562 undis
2481 508 2954 562 intumescentibus
3022 509 3371 576 superfluere,
3419 518 3493 579 et,
3542 519 3604 565 ut

2030 598 2211 660 credo,
2246 599 2312 652 ad
2363 600 2786 654 increduliuttem
2835 614 3006 654 meam
3037 601 3386 667 arguendam,
3432 603 3604 671 magis

2032 703 2095 743 ac
2134 691 2303 759 magis
2335 691 2551 760 augeri;
2584 692 2653 743 ita
2683 702 2739 744 ut
2787 691 2837 743 in
2868 689 3025 744 unius
3073 689 3217 744 horae
3247 691 3420 758 spatio
3461 693 3606 761 plus-

2032 795 2190 850 quam
2242 796 2406 835 unum
2454 784 2744 835 sextarium
2798 781 3046 836 redderet
3097 781 3408 846 vasculum,
3463 782 3606 850 quod

2032 871 2358 940 quartarium
2391 887 2496 924 non
2530 871 2745 925 tenebat
2773 889 2784 922 :
2817 872 3217 940 admiratusque
3239 869 3387 936 si’ui,
3415 884 3476 925 ac
3500 872 3608 925 vir-

2035 969 2200 1015 tutem
2229 961 2515 1015 adorandae
2558 961 2732 1014 crucis
2762 961 3016 1031 deinceps
3061 962 3368 1030 pra-dicavi.
3397 961 3606 1016 Puella-

2035 1066 2137 1121 que
2161 1051 2404 1122 qtttedam
2437 1050 2808 1120 Chrodegildis
2837 1051 3213 1119 nomine,dum
3236 1059 3352 1118 post
3382 1061 3609 1106 mortem

2041 1141 2207 1210 patris
2273 1142 2325 1195 in
2391 1141 2538 1194 urbis
2583 1141 2956 1196 Cenomanica:
3004 1140 3272 1195 territorio
3323 1143 3606 1208 resideret,

2036 1232 2311 1286 oculorum
2361 1232 2648 1285 amissione
2695 1231 2970 1285 multatur.
3006 1232 3288 1300 Postquam
3336 1245 3511 1287 autem
3542 1247 3610 1288 ex

2034 1321 2280 1391 jussione
2324 1322 2613 1389 Chilperici
2659 1323 2820 1390 regis,
2852 1323 3026 1376 adhuc
3079 1324 3232 1376 beata
3287 1323 3611 1392 Badegundo

2037 1415 2216 1481 regina
2261 1414 2576 1482 superstite,
2607 1414 2670 1467 ad
2701 1414 2955 1467 antedicti
3000 1414 3310 1468 monasterii
3352 1417 3608 1470 transmi-

2039 1504 2200 1558 sisset
2234 1514 2255 1542 ο
2288 1505 2546 1572 regulam,
2590 1504 2704 1572 ipsa
2751 1503 3053 1558 beatissima
3099 1504 3437 1570 ostendente,
3487 1515 3614 1560 ante

2038 1605 2275 1650 sanctam
2331 1596 2687 1665 prosternitur
2735 1609 2957 1651 arcam:
2989 1597 3170 1666 ibique
3217 1611 3341 1650 cum
3388 1597 3611 1665 reliquis

2039 1687 2534 1741 sanctimonialibus
2551 1687 2758 1757 vigilias
2774 1687 3068 1757 explicans,
3082 1687 3208 1742 dato
3231 1702 3404 1756 mane,
3423 1688 3611 1743 iisdem

1971 1781 2016 1849 Β
2044 1777 2464 1841 discedentibus,
2492 1787 2755 1846 prostrata
2794 1779 2913 1834 solo
2941 1779 2994 1834 in
3021 1779 3211 1836 eodem
3241 1780 3357 1835 loco
3383 1781 3614 1850 quievit;

2043 1867 2394 1936 apparuitque
2421 1868 2468 1922 ei
2493 1883 2588 1937 per
2607 1869 2800 1935 visum,
2826 1871 2978 1938 quasi
3006 1872 3239 1939 aperiret
3269 1871 3459 1942 aliquis
3489 1886 3617 1927 ocu-

2043 1957 2122 2012 los
2154 1957 2294 2026 ejus,
2326 1968 2378 2012 et
2408 1973 2570 2012 unum
2613 1958 2826 2013 sanitati
2870 1960 3154 2026 redditum,
3185 1961 3312 2014 dum
3357 1977 3477 2016 cum
3508 1963 3619 2016 alio

2043 2050 2328 2117 laboraret,
2362 2053 2539 2106 subito
2581 2050 2648 2105 ad
2692 2051 2815 2106 ostii
2868 2054 3094 2108 reserati
3137 2067 3327 2107 sonum
3359 2068 3618 2124 experge-

2043 2143 2206 2209 facta,
2237 2145 2391 2199 unius
2414 2145 2555 2198 oculi
2602 2147 2779 2202 lumen
2812 2147 3033 2216 recepit.
3062 2147 3216 2213 Quod
3247 2162 3352 2202 non
3393 2149 3618 2217 ambigi-

2046 2247 2131 2290 tur
2161 2239 2264 2290 hoc
2293 2251 2386 2304 per
2406 2237 2579 2290 crucis
2605 2237 2853 2291 virtutem
2896 2234 3060 2291 fuisse
3105 2239 3418 2307 praestitum.
3449 2240 3618 2292 liner-

2043 2328 2280 2397 gumeni,
2306 2329 2503 2393 c'audi,
2527 2337 2581 2381 et
2601 2327 2687 2380 alii
2715 2342 2926 2396 quoque
2956 2327 3152 2382 infirmi
3182 2343 3418 2399 persaepe
3438 2329 3487 2384 in
3519 2329 3621 2384 hoc

2045 2423 2164 2479 loco
2188 2431 2467 2478 sanantur.
2494 2422 2764 2476 llactenus
2782 2422 2905 2476 hinc
2933 2419 2981 2477 δ.

2658 2533 2883 2588 CAPUT
2925 2533 3013 2586 Vl.

2472 2623 2547 2677 De
2584 2625 2865 2679 inventione
2891 2626 3166 2679 clavorum.

2117 2737 2273 2807 727
2307 2736 2543 2805 Speciosi
2574 2746 2750 2788 autem
2795 2737 3047 2804 omnique
3082 2736 3298 2790 metallo
3327 2736 3622 2794 nobiliores

2046 2830 2328 2884 dominica:
2352 2832 2524 2884 crucis
2554 2830 2708 2894 ciavi,
2744 2829 2832 2897 qui
2857 2829 3009 2881 beata
3039 2829 3277 2882 membra
3310 2837 3622 2894 tenuerunt,

2045 2923 2112 2974 ab
2128 2922 2321 2976 llcleua
2343 2922 2522 2990 regina
2534 2932 2671 2988 ,post
2688 2920 2849 2989 ipsius
2864 2935 3029 2973 sacrae
3042 2921 3219 2974 crucis
3236 2920 3620 2984 inventionem,

2045 3014 2245 3082 reperti
2274 3023 2397 3066 sunt
2421 3016 2435 3081 (
2461 3011 2650 3065 Christi
2670 3028 2758 3064 au.
2791 3009 2920 3080 526)
2952 3025 2968 3066 :
3001 3020 3052 3063 et
3074 3011 3139 3064 de
3167 3009 3375 3065 duobus
3402 3011 3617 3080 quidem

2049 3103 2256 3158 frenum
2287 3102 2624 3173 imperatoris
2652 3103 2895 3167 munivit,
2921 3118 3028 3173 quo
3056 3102 3281 3168 facilius,
3305 3104 3348 3157 si
3377 3102 3617 3158 adversa:

2049 3207 2235 3266 gentes
2267 3196 2588 3250 restitissent
2631 3195 2874 3264 principi,
2905 3195 3003 3250 hac
3047 3196 3244 3250 virtute
3292 3197 3620 3266 fugarentnr.

2052 3287 2127 3341 De
2155 3286 2346 3356 quibus
2389 3302 2490 3339 non
2537 3295 2618 3339 est
2666 3284 2902 3353 ignotum
2942 3285 3255 3340 Zachariam
3301 3287 3624 3344 vaticinasse

2054 3375 2566 3446 prophetam:Erit,
2616 3375 2804 3445 inquit,
2853 3376 2988 3444 quod
3033 3377 3084 3429 in
3133 3394 3188 3429 os
3227 3377 3342 3446 equi
3393 3379 3622 3444 ponitur,

2051 3481 2281 3522 sanctum
2331 3468 2539 3520 Domini
2569 3467 2764 3537 (chlt.
2794 3482 2905 3530 xw,
2936 3467 3064 3538 c.20).
3114 3469 3189 3521 Eo
3217 3470 3357 3522 enim
3390 3479 3630 3536 tempore

2054 3560 2380 3615 Adriaticum
2409 3575 2553 3612 mare
2576 3561 2778 3627 magnis
2809 3558 3053 3612 ﬂuetibus
3081 3560 3414 3624 utovebatnr,
3447 3559 3496 3610 in
3524 3575 3632 3627 quo

2058 3662 2162 3706 tam
2181 3652 2473 3721 frequentia
2490 3665 2638 3705 erant
2664 3651 2956 3719 naufragia,
2970 3667 3032 3704 ac
3047 3651 3313 3706 demersio
3332 3649 3630 3717 hominum,

2055 3755 2112 3797 ut
2153 3759 2350 3810 vorago
2381 3741 2742 3810 navigantium
2776 3742 3062 3794 diceretur.
3108 3741 3256 3794 Tunc
3286 3742 3506 3808 provida
3550 3756 3634 3794 re-

2055 3836 2200 3903 gina,
2233 3832 2526 3887 condoleus
2569 3832 2772 3884 excidia
2819 3833 3159 3893 miserorum,
3191 3849 3350 3885 unum
3381 3848 3445 3884 ex
3496 3847 3634 3900 qna--

2060 3934 2177 3978 tuor
2210 3923 2374 3977 clavis
2404 3922 2601 3990 deponi
2628 3931 2650 3957 ε
2681 3920 2834 3990 jubet
2862 3921 2914 3974 in
2958 3921 3163 3989 pelago,
3208 3923 3407 3974 conﬁsa
3434 3921 3501 3975 de
3530 3922 3637 3975 DJ-

2056 4017 2186 4072 mini
2216 4014 2608 4080 misericordia,
2641 4012 2779 4082 quod
2820 4027 2988 4066 smvas
3033 4013 3287 4067 fluctuum
3319 4018 3637 4068 commotio-

2058 4125 2155 4165 nes
2178 4109 2332 4164 facile
2360 4115 2543 4177 posset
2569 4105 2888 4175 opprimere.
2923 4107 3036 4172 Quo
3059 4103 3197 4159 facto
3221 4104 3458 4158 redditur
3487 4119 3637 4160 mare

2059 4205 2323 4271 quietum,
2355 4197 2745 4268 tranquillaque
2785 4197 3038 4266 deinceps
3065 4197 3434 4266 navigantibus
3468 4197 3633 4250 flabra

2060 4299 2402 4361 prwstantur.
2433 4287 2584 4344 Unde
2610 4303 2777 4357 usque
2825 4288 2982 4342 hodie
3019 4298 3195 4342 nautae
3239 4289 3632 4343 sanctificatum

2059 4399 2208 4439 mare
2257 4379 2652 4446 vcnerantur',
2685 4396 2803 4434 cum
2861 4379 3082 4450 ingressi
3127 4379 3343 4444 fuerint,
3394 4376 3639 4448 jejuniis,

2061 4475 2500 4544 orationibusque
2528 4484 2578 4529 et
2611 4471 2892 4542 psallentio
2937 4480 3146 4524 vacant.
3191 4470 3474 4524 Clavorum
3507 4485 3636 4536 ergo

2060 4563 2453 4620 dominicorum
2502 4563 2669 4632 gratia
2713 4562 2853 4633 quod
2885 4571 3114 4631 quatuor
3144 4560 3362 4624 fuerint,
3400 4559 3513 4613 hmc
3552 4568 3638 4613 est

2062 4657 2198 4711 ratio
2229 4666 2252 4704 Β
2287 4674 2299 4709 :
2332 4657 2436 4710 duo
2465 4667 2586 4709 sunt
2618 4655 2762 4707 atftxi
2797 4655 2846 4707 in
2879 4655 3086 4722 palmis,
3117 4653 3297 4707 etduo
3329 4653 3380 4705 in
3411 4651 3638 4720 plantis:

2061 4757 2114 4804 et
2162 4751 2415 4818 qtueritur
2447 4762 2542 4802 cur
2593 4746 2788 4817 planta:
2835 4745 3012 4798 affixa:
3060 4744 3189 4810 sint,
3221 4758 3340 4812 qua:
3389 4744 3442 4795 in
3472 4756 3635 4797 cruce

2144 4913 2164 4940 ε
2194 4903 2346 4958 Colb.
2378 4915 2453 4964 a.,
2487 4902 2781 4954 transmissa
2815 4902 3012 4971 μήδεαι,
3043 4897 3353 4971 quodidcm
3383 4898 3644 4971 signiﬁcat

2067 4985 2129 5026 ac
2175 4973 2571 5026 transmisisset.
2622 4972 2746 5024 Ila-c
2791 4969 2931 5025 enim
2990 4972 3157 5039 puella
3187 4969 3342 5038 jussu
3394 4971 3536 5039 regis
3589 4969 3642 5022 in

2065 5044 2446 5096 monasterium
2465 5042 2603 5093 venit
2635 5041 2701 5093 ibi
2735 5056 3001 5093 mansura.

2135 5109 2160 5147 ἀ
2197 5112 2357 5170 Editi,
2391 5111 2465 5163 De
2485 5109 2564 5161 Itis
2587 5110 2847 5162 hactenus.
3311 5175 3314 5177 Δ

2139 5188 2161 5217 ⁶
2190 5181 2475 5234 Grctserus
2503 5191 2554 5232 et
2583 5179 2672 5230 alii
2700 5180 2997 5232 existimant
3032 5177 3239 5230 clavum
3263 5178 3328 5231 ab
3357 5177 3558 5232 llelena
3590 5178 3643 5231 in

2065 5266 2212 5305 tnare
2256 5249 2470 5318 quidem
2499 5248 2810 5316 demissum,
2846 5249 2938 5303 sed
2969 5248 3111 5302 illico
3151 5249 3309 5302 etiam
3354 5257 3645 5301 retractum

2065 5323 2132 5376 ab
2162 5337 2220 5374 ea
2255 5318 2436 5373 fuisse.

2141 5389 2161 5429 ί
2213 5390 2356 5446 Clar.
2403 5391 2456 5454 b,
2494 5397 2764 5453 venerant;
2803 5388 2892 5442 alii
2927 5398 3256 5452 venerantet;
3300 5386 3478 5442 center=
3524 5403 3647 5444 cum

2065 5460 2242 5526 editis,
2270 5471 2593 5514 venerantur.

2142 5542 2167 5578 ε
2202 5531 2276 5584 De
2321 5531 2485 5583 rlavis
2529 5527 2809 5581 dominicis
2851 5541 2970 5580 cum
3011 5538 3192 5580 sancta
3225 5541 3384 5581 cruce
3422 5529 3652 5582 inventis

2069 5601 2310 5671 plerique
2339 5599 2548 5671 Patres,
2574 5597 2748 5671 capite
2777 5597 3004 5664 prteced.
3054 5597 3244 5671 laudati
3278 5598 3603 5665 scripserunt
3634 5617 3648 5654 :

2069 5667 2124 5723 at
2178 5667 2355 5735 nemo,
2388 5669 2528 5737 quod
2573 5669 2785 5736 quidem
2833 5671 3018 5730 sciam,
3061 5667 3132 5720 ita
3178 5668 3377 5721 diserte
3424 5677 3651 5734 quatuor

2072 5743 2248 5810 clatros
2280 5739 2438 5793 fuisse
2471 5737 2847 5807 pronnn'iavit,
2871 5751 2988 5805 qua:
3017 5747 3191 5791 tamen
3221 5738 3486 5799 sententia
3514 5739 3648 5794 veri-
