4132 6348
561 254 663 327 ιιι

563 484 615 538 in
638 485 820 555 stipite
843 494 1024 541 erecto
1050 485 1286 540 foramen
1319 484 1514 539 factum
1545 483 1885 539 manifestum
1909 490 2011 537 est.
2037 480 2138 535 Pes

562 591 774 646 quoque
796 578 1025 646 parvula:
1056 577 1245 633 tabula:
1268 577 1321 632 in
1355 578 1456 631 huc
1486 575 1723 630 foramen
1751 576 1986 629 insertus
2024 583 2135 638 est;

563 680 724 733 super
767 667 901 721 hanc
945 682 1075 721 vero
1104 668 1355 734 tabulam,
1387 678 1634 737 tauquam
1666 666 1855 721 stantis
1905 666 2137 745 hominis

560 771 728 810 sacra:
766 758 941 812 allisa)
987 768 1111 812 sunt
1155 760 1373 829 plantae.
1410 760 1679 827 Quaeritur
1709 759 1867 812 etiam
1919 757 2040 825 quid
2072 759 2139 813 de

562 846 647 901 his
675 849 842 903 clavis
885 850 1042 905 fuerit
1090 850 1308 906 factum.
1340 851 1455 905 Duo
1483 861 1604 905 sunt
1636 865 1770 917 quos
1802 864 1958 918 supra
2001 848 2138 903 dixi-

560 953 680 992 mus
726 942 887 1008 aptati
922 941 972 993 in
1021 942 1200 1006 freno;
1246 944 1435 995 tertius
1482 941 1753 1008 proiectus
1798 940 1851 992 in
1909 938 2133 1004 fretum;

564 1038 811 1097 quartum
847 1032 1010 1101 728
1037 1042 1283 1085 asserunt
1307 1046 1427 1085 esse
1453 1031 1683 1083 defixum
1727 1029 1777 1083 in
1824 1030 1998 1097 capite
2028 1037 2138 1084 sta-

561 1129 666 1175 tum
713 1121 1073 1187 Constantini,
1104 1139 1223 1190 quas
1264 1124 1508 1187 civitate,
1551 1132 1606 1175 ut
1656 1122 1826 1186 aiunt,
1859 1114 1964 1175 tota
1994 1121 2136 1194 [Al.,

561 1213 721 1285 totas]
763 1216 1029 1270 excelsior
1057 1230 1179 1269 esse
1223 1216 1532 1283 suspicitur,
1576 1214 1783 1268 scilicet
1811 1222 1865 1267 ut
1911 1221 2021 1266 tota
2051 1214 2137 1268 cui

557 1307 779 1368 eminet.
812 1307 1110 1361 munitione
1129 1306 1333 1369 salutis,
1357 1307 1585 1376 quodam
1619 1306 1776 1360 modo
1804 1306 1951 1375 galea
1980 1320 2137 1359 coro-

560 1408 683 1452 nata
714 1408 859 1452 esset
900 1408 951 1452 ι.
986 1380 1226 1467 Magnam
1257 1407 1505 1453 asserunt
1535 1398 1784 1453 virtutem
1830 1412 1951 1451 esse
1982 1396 2138 1464 hujus

556 1490 692 1544 freni
714 1507 729 1545 :
754 1491 894 1559 quod
921 1491 1119 1561 ambigi
1150 1506 1483 1560 nequaquam
1508 1499 1703 1559 potest,
1730 1489 1867 1559 quod
1897 1488 2136 1542 Justinus

555 1579 846 1648 imperator
869 1580 1077 1649 publice
1109 1590 1364 1649 expertus
1392 1589 1495 1645 est,
1527 1595 1591 1634 ac
1616 1580 1728 1633 suis
1756 1577 2005 1631 omnibus
2042 1592 2136 1646 pa-

555 1672 753 1726 tefecit.
786 1671 977 1727 lllusus
1007 1673 1149 1726 enim
1180 1688 1208 1725 a
1252 1672 1483 1741 quodam
1518 1687 1672 1742 mago
1721 1680 1943 1741 propter
1975 1685 2134 1738 pecu-

1561 274 1621 331 S.
1662 269 1990 330 GBEGORII
2030 267 2341 327 EPISCOPI
2378 271 2807 333 TllRONENSiS

562 398 748 446 sancta
784 387 1085 460 dependere
1113 389 1239 445 visre
1264 389 1369 444 sint
1401 389 1575 460 potius
1601 404 1757 458 quam
1805 388 1982 443 stare?
2026 384 2134 441 Sed
2163 384 2217 444 Α
2240 385 2373 443 duos
2401 388 2465 444 ad
2494 406 2581 447 me
2612 406 2781 447 annos
2819 390 3055 458 rediens,
3083 404 3205 446 cum
3231 398 3569 448 sacramento
3596 398 3836 455 asseruit
3922 404 3931 409 ”

3724 254 3835 336 ’ῖιέ

2242 478 2523 535 duodecim
2554 483 2620 537 ab
2657 492 2719 537 ea
2755 495 3165 551 energumenos,
3200 490 3308 537 tres
3356 496 3547 547 caecos,
3586 483 3836 556 duosque

2244 567 2564 641 paralyticos
2581 572 2743 627 fuisse
2772 585 3011 629 sanatos.
3035 571 3178 627 Muto
3191 572 3401 628 cuidam
3431 574 3599 643 ipsam
3629 575 3834 644 pallam

2243 658 2295 713 in
2318 674 2379 713 os
2409 661 2582 729 posuit
2615 679 2628 714 :
2661 662 2755 716 sed
2785 677 2907 717 cum
2937 662 3146 729 dentes,
3177 663 3519 735 linguamque
3545 664 3664 734 ejus
3705 668 3835 721 atti-

2242 750 2336 822 git,
2368 755 2544 808 statim
2585 768 2771 809 vocem
2817 754 3195 826 eloquiumque
3234 755 3486 811 restituit.
3520 756 3671 824 Quod
3729 772 3831 812 nos

2244 843 2471 897 fideliter
2493 845 2733 911 credere,
2757 848 2868 915 ipsa
2894 848 3101 903 Domini
3119 849 3401 918 promissio
3426 848 3578 904 iliicit
3606 850 3828 906 dicens:

2245 932 2430 987 Omnia
2453 952 2761 1007 quiscunque
2781 940 3022 1008 petieritis
3040 941 3096 994 in
3117 942 3321 994 nomine
3344 954 3476 1005 meo,
3499 938 3691 996 credite
3709 941 3832 1013 quia

2241 1029 2522 1098 accipietis,
2553 1032 2598 1085 et
2627 1033 2821 1087 venient
2847 1034 2983 1088 vobis
3014 1032 3205 1104 (Marc.
3235 1040 3312 1099 ιι,
3344 1032 3455 1104 14);

2837 1150 3062 1223 caput
3102 1150 3212 1222 vti.

2471 1278 2547 1333 De
2574 1280 2775 1345 lancea,
2802 1295 2994 1334 corona
3014 1280 3214 1351 spinea,
3245 1288 3295 1334 et
3324 1279 3584 1335 columna.

2310 1392 2387 1448 De
2409 1392 2590 1448 lancea
2615 1402 2639 1432 ε
2666 1400 2816 1459 vero,
2852 1394 3135 1461 arundine;
3178 1394 3427 1463 spongia.
3472 1408 3675 1448 corona
3706 1392 3817 1463 spié

2240 1494 2337 1539 nea
2378 1492 2431 1538 et
2461 1486 2708 1539 columna
2732 1526 2745 1550 ,
2770 1486 2835 1540 ad
2882 1502 3041 1555 quam
3077 1488 3396 1541 verberatus
3440 1495 3525 1541 est
3556 1485 3819 1540 Dominus

2236 1582 2292 1628 et
2334 1574 2659 1645 Redemptor
2707 1576 3125 1648 Hierosolymis,
3178 1574 3488 1632 dicendum.
3541 1578 3624 1631 Ad
3683 1575 3820 1630 hanc

2238 1672 2368 1719 Vero
2412 1665 2718 1719 coiumnam
2760 1666 2909 1721 multi
2963 1668 3068 1722 fide
3098 1666 3239 1736 pleni
3267 1667 3610 1729 accedentes,
3647 1667 3819 1721 corri-

553 1763 696 1819 niam
727 1765 1002 1829 amissam,
1043 1780 1173 1834 quas
1219 1764 1322 1819 sibi
1354 1764 1614 1818 daemonis
1652 1763 1841 1817 umbra
1876 1762 2129 1817 intolera-
2160 1751 2209 1828 ﬁ
2234 1758 2347 1826 gias
2376 1759 2591 1813 textiles
2620 1758 2843 1826 iaciunt,
2876 1773 3105 1831 eamque
3128 1762 3466 1817 circumdant
3496 1775 3678 1831 :quas
3704 1776 3819 1816 rurb

553 1854 685 1909 biles
718 1871 810 1923 per
840 1855 1067 1908 duarum
1107 1855 1372 1908 curricula
1414 1854 1652 1908 noctium
1691 1853 1959 1908 intulisset
1988 1854 2130 1908 indi-

553 1947 693 2000 cavit
721 1946 944 2000 insidias
970 1944 997 1982 ἒ»
1033 1962 1047 1997 :
1080 1946 1171 2018 sed
1200 1959 1321 1999 cum
1369 1945 1523 1998 tertia
1556 1954 1709 1999 nocte
1736 1940 1944 1998 frenum
1975 1942 2133 2013 capiti

553 2032 893 2097 collocasset,
928 2035 1103 2088 locum
1135 2033 1423 2089 insidiandi
1450 2035 1697 2088 inimicus
1720 2035 1859 2087 uitia
1891 2049 1997 2088 non
2032 2036 2130 2087 ha-

560 2125 696 2190 buit,
729 2135 1111 2195 repertumque
1148 2122 1425 2180 auctorem
1459 2125 1770 2180 insidiarum
1796 2127 1973 2196 gladio
2006 2141 2128 2195 per-

550 2217 874 2272 culit.Nobis
891 2218 1020 2272 vero
1049 2214 1169 2287 quae
1193 2219 1262 2272 sit
1293 2218 1462 2272 virtus
1492 2218 1618 2287 ligni
1651 2218 1810 2288 hujus
1842 2219 1944 2274 hoc
1970 2218 2129 2273 modo

549 2308 947 2364 manifestatum
991 2319 1094 2364 est.
1128 2310 1362 2364 Advenit
1402 2311 1619 2381 quidam
1650 2313 1739 2380 qui
1772 2312 1922 2366 nob's
1955 2312 2126 2379 pallu~

553 2401 658 2453 iam
692 2400 1044 2456 hoinsericam
1073 2401 1227 2455 valde
1259 2409 1525 2455 vetustam
1558 2402 1820 2467 exhibuit,
1846 2402 2029 2456 dicens
2060 2400 2129 2456 ab

549 2492 649 2546 hac
671 2493 724 2546 in
745 2492 1133 2562 Hierosolymis
1154 2508 1366 2546 erucem
1393 2492 1600 2547 Domini
1627 2494 1912 2547 involutam
1943 2493 2125 2548 fuisse.

549 2584 699 2648 Quod
725 2599 845 2637 cum
868 2584 1008 2653 apud
1040 2585 1398 2638 rusticitatem
1428 2594 1663 2637 nostram
1696 2584 2005 2641 incredibile
2034 2585 2128 2639 ha-

548 2672 785 2739 beretur,
818 2687 881 2727 ac
922 2673 1243 2726 rimarentur
1282 2673 1511 2727 sollicite
1560 2674 1699 2729 unde
1739 2674 1787 2730 ei
1831 2684 1974 2729 tanta
2024 2674 2129 2729 ibi-

547 2765 666 2819 dem
697 2763 885 2819 fuisset
913 2765 1081 2833 gratia
1112 2774 1169 2818 ut
1202 2766 1300 2820 iSia
1335 2767 1644 2832 meruisset,
1667 2781 1787 2821 eum
1813 2768 2044 2821 sciamus
2072 2768 2124 2822 in

546 2863 786 2926 tempore
812 2870 918 2925 quo
947 2871 1160 2911 sacrum
1195 2856 1295 2912 hoc
1338 2858 1541 2927 lignum
1570 2858 1842 2927 adoratur,
1890 2872 1995 2916 non
2037 2879 2127 2917 so-

547 2949 653 3003 iinn
681 2949 875 3005 exinde
919 2950 1051 3005 nihil
1081 2968 1401 3022 quemquam
1434 2954 1655 3021 mereri,
1688 2955 1779 3009 sed
1814 2957 1976 3011 etiam
2026 2958 2127 3011 im-

546 3040 826 3108 portunius
873 3041 1212 3095 accedentem
1246 3043 1555 3097 verberibus
1578 3044 1771 3109 arceri,
1804 3045 2119 3114 reSpondit:

545 3131 792 3197 Quando,
842 3131 1033 3202 inquit,
1080 3132 1447 3204 Hierosolyma
1495 3134 1622 3199 abii,
1659 3136 1823 3189 Futen
1874 3137 2120 3192 abbatem
2152 3130 2197 3193 C

545 3222 740 3288 reperi,
770 3222 859 3291 qui
917 3233 1162 3291 magnam
1208 3234 1329 3277 cum
1359 3224 1557 3291 Sophia
1609 3226 1849 3296 Augusta
1897 3227 2121 3294 gratiam

544 3311 748 3375 habuit,
806 3310 929 3365 huic
973 3312 1114 3365 enim
1185 3322 1398 3365 onmem
1458 3314 1730 3367 Orientem”
1779 3317 1930 3381 quasi
1990 3330 2126 3384 prae-

545 3398 685 3455 lecto
734 3402 1074 3455 commiserat
1114 3411 1162 3456 ε.
1210 3403 1343 3458 Huic
1394 3407 1479 3459 me
1521 3406 1757 3470 Subdidi,
1805 3417 2007 3462 etcum
2056 3408 2126 3464 ab

544 3490 764 3546 Oriente
794 3491 1125 3560 regrederer,
1154 3493 1221 3545 ab
1250 3494 1353 3548 hoc
1378 3504 1431 3548 et
1459 3506 1765 3549 sanctorum
1803 3499 2042 3567 pignora,
2070 3509 2126 3556 et

544 3579 686 3636 banc
714 3581 929 3650 pallam,
957 3582 1025 3637 de
1051 3598 1153 3652 qua
1185 3599 1251 3638 eu
1293 3593 1531 3656 tempore
1577 3597 1757 3642 sancta
1789 3605 1917 3643 crux
1950 3591 2123 3648 invol-

543 3670 788 3734 vehatur,
820 3684 998 3739 accept
1028 3667 1075 3724 δ.
1105 3672 1391 3742 Postquam
1435 3675 1564 3729 mihi
1594 3678 1674 3731 vir
1717 3679 1804 3733 ille
1846 3683 2046 3747 retulit,
2070 3692 2124 3738 et

544 3763 681 3819 hanc
728 3766 856 3819 mihi
913 3765 1106 3834 pallam
1151 3767 1385 3833 tradidit,
1430 3772 1743 3838 praisuntpsi
1796 3775 1963 3828 lateor
2005 3791 2123 3832 eam

544 3856 783 3922 abluere,
801 3866 856 3910 et
879 3855 1181 3928 frigoriticis
1201 3868 1380 3925 potum
1403 3861 1560 3927 dare;
1585 3863 1678 3917 sed
1695 3879 1816 3918 mox
1830 3865 2123 3934 opitulante

543 3950 741 4005 virtute
770 3949 981 4014 divina,
1013 3952 1358 4006 sanabantur.
1392 3952 1708 4009 Scindebam
1737 3958 1897 4010 etiam
1932 3958 2123 4013 exinde

545 4042 857 4112 plerumque
894 4042 1203 4112 particulas.
1234 4052 1288 4098 et
1314 4045 1504 4099 dabam
1554 4048 1812 4110 religiosis
1842 4050 2004 4120 729
2031 4060 2124 4114 pro

544 4132 938 4190 benedictione.
963 4133 1060 4190 Uni
1088 4151 1211 4190 vero
1238 4137 1411 4191 abbati
1440 4145 1640 4206 partem
1664 4138 1816 4195 divisi
1844 4158 1858 4193 :
1886 4143 1974 4212 qui
2006 4152 2123 4212 past

554 4289 786 4344 similior
812 4298 914 4343 est.
967 4289 1039 4343 Ex
1086 4306 1190 4343 uno
1238 4291 1460 4345 salutem
1492 4308 1556 4345 ex
1589 4293 1670 4346 his
1690 4293 1895 4349 frenum
1926 4296 2119 4355 laetum

545 4358 749 4431 fuisse.
803 4368 856 4412 et
903 4358 1127 4412 alterum
1196 4360 1479 4415 diademati
1552 4364 1893 4431 imperatorio
1960 4369 2121 4423 fuisse

546 4428 787 4491 aliixum,
823 4440 1014 4496 prmter
1040 4431 1277 4498 vulgatos
1327 4442 1601 4497 aUt'lﬂl't'S,
1630 4426 1875 4487 'aflirmat
1906 4448 2121 4490 sanctus

545 4493 861 4574 Ambrosius
882 4514 916 4574 ;_
953 4510 1025 4551 et
1052 4493 1441 4574 'l'_h?:odoretns,
1487 4493 1629 4574 lib.)
1661 4500 1802 4574 illst.
1858 4520 1976 4569 cap.
2033 4507 2122 4574 i8,
2153 4493 2206 4555 D

550 4568 831 4647 aliuditad
882 4567 1154 4647 laci-naria:
1209 4570 1536 4638 prOphetiam
1577 4570 1761 4626 iisdem
1809 4567 1984 4631 verbis
2006 4567 2126 4647 quae

546 4638 635 4694 hic
661 4654 691 4692 a
716 4638 972 4709 Gregorio
1002 4639 1302 4695 laudantur.

616 4720 641 4780 ἐ
667 4711 815 4765 (Zolb.
854 4726 907 4775 a,
953 4710 1099 4780 galea
1123 4718 1168 4763 et
1197 4725 1386 4763 corona
1413 4711 1495 4764 sit.
1527 4709 1669 4766 Ciar.
1700 4712 1754 4779 b,
1796 4716 2125 4775 munitionem

544 4779 815 4835 “latim...
850 4779 1099 4848 operetur.

617 4850 642 4889 ιι
676 4851 763 4924 Sic
796 4851 949 4924 Coib.
972 4866 1034 4924 a;
1064 4850 1207 4924 Clar.
1243 4848 1460 4924 b_,ﬁ_v‘ero
1484 4869 1504 4924 A:
1540 4853 1811 4923 Amissum,
1860 4874 1983 4924 quas
2031 4861 2127 4914 sibi

545 4923 790 4976 daemonis
816 4921 992 4972 umbra
1019 4920 1321 4972 intolerabili
1354 4919 1602 4976 immissas
1625 4926 1779 4988 per...
1800 4919 2125 4985 sustinuisset

544 4993 754 5045 insidias
800 4994 1091 5054 enarravit;
1118 4991 1225 5044 sed.
1257 4991 1448 5045 Cteteii
1491 4995 1612 5047 Mss.
1640 5008 1685 5047 et
1719 4995 1873 5051 Clicl.
1909 5016 1921 5050 :
1956 5000 2126 5053 Emis-

541 5078 649 5115 sam
674 5077 788 5131 qua:
807 5062 900 5114 sibi
932 5063 1175 5114 damonis
1196 5064 1373 5114 umlrra
1396 5063 1729 5120 intolerabilis
1757 5086 1935 5127 pen...
1968 5074 2125 5124 susti-

544 5135 731 5185 nuisset
772 5132 1005 5185 insidias.
1063 5133 1164 5183 Alii
1213 5132 1345 5184 [editi
1377 5152 1390 5184 :
1419 5132 1641 5188 Emissos
1685 5139 1780 5189 sibi
1812 5156 1843 5191 a
1878 5141 2125 5195 da'ntonis

543 5207 722 5255 umbra
744 5202 1084 5254 intolerabiles
1121 5218 1299 5268 pen...
1330 5206 1566 5257 sustinuit
1598 5208 1677 5259 ins
1700 5208 1832 5259 dias.

615 5284 635 5310 ε
667 5274 880 5346 Aliapitit
904 5272 1051 5333 Mss.,
1083 5273 1452 5346 Commiserant.
1480 5275 1608 5341 Quis
1641 5277 1725 5329 ille
1754 5280 1915 5330 abbas
1945 5279 2121 5346 fuerit,

545 5343 749 5406 ignoro.
776 5342 979 5412 Phutau
1032 5343 1257 5393 eelehrai
1297 5345 1644 5412 syuaxarium
1676 5347 1990 5403 l).viom-use
2033 5342 2121 5405 die

544 5413 577 5479 ii
603 5413 741 5464 Junii
771 5411 908 5477 apud
943 5412 1329 5463 ih’tllamiianos.
1363 5414 1557 5479 Sophia
1585 5428 1759 5469 autem
1804 5420 1895 5470 fuit
1927 5420 2119 5474 Justini

538 5478 949 5555 juniotis‘uwr,
978 5479 1056 5555 de
1085 5498 1182 5547 qua
1216 5484 1408 5555 passim
1442 5478 1498 5535 in
1532 5485 1691 5555 (ἔα-θεν.
1727 5486 1973 5541 liistnria.

615 5550 639 5586 ά
671 5549 751 5603 Ad
782 5548 925 5669 “iam
957 5549 1146 5618 pallam
1179 5548 1415 5606 alludere
1441 5548 1992 5613 ι’ἱάιεῑιιιἛυιίιιιιιιιιιδ
2021 5559 2114 5615 lib.

616 5634 780 5669 carm.
844 5659 856 5669 .

546 5628 587 5669 ιι
616 5634 780 5670 carm.
806 5628 856 5670 5.

2235 1858 2351 1902 sum
2384 1864 2480 1918 pro
2505 1850 2881 1907 benedictione
2921 1853 3207 1924 recipiunt,
3235 1853 3465 1908 diversis
3492 1851 3816 1907 inﬁrmitati-

2234 1940 2333 1995 bus
2382 1942 2706 2010 proluturas,
2755 1944 2957 1999 Ferunt
3002 1945 3164 2000 etiam
3205 1945 3351 2014 ipsas
3388 1942 3607 2000 corona:
3638 1956 3816 2000 sentes

2231 2034 2383 2102 quasi
2434 2034 2633 2089 virides
2691 2050 2952 2103 apparere
2994 2053 3008 2090 :
3053 2052 3172 2105 quae
3214 2045 3394 2091 tamen
3440 2035 3488 2091 si
3539 2034 3817 2090 videantur

2233 2123 2442 2177 aruisse
2470 2124 2639 2191 loliis,
2673 2125 2911 2194 quotidie
2943 2134 3123 2181 tamen
3154 2126 3483 2181 revirescere
3512 2128 3715 2182 virtute
3741 2128 3814 2180 di-

2230 2215 2374 2270 vina.
2406 2214 2591 2271 Prodit
2629 2226 2684 2273 et
2721 2233 2786 2272 ex
2821 2228 3168 2273 monumento
3196 2233 3301 2288 quo
3328 2219 3663 2274 daminicum
3694 2218 3713 2257 ί
3733 2220 3812 2288 ja-

2230 2306 2341 2361 cuit
2369 2321 2567 2377 corpus
2617 2310 2751 2363 mira
2773 2310 2964 2377 virtus,
2997 2309 3139 2379 quod
3180 2309 3375 2379 saepius
3408 2316 3553 2365 terra
3584 2310 3811 2363 naturali

2228 2399 2463 2454 candore
2494 2400 2741 2455 radiante
2782 2401 3037 2469 repletur,
3080 2409 3141 2457 et
3169 2401 3363 2457 exinde
3400 2403 3593 2456 iterum
3637 2402 3808 2456 ablata

2229 2504 2363 2559 aqua
2389 2490 2783 2560 conspergitur,
2823 2491 2891 2546 de
2928 2505 3030 2560 qua
3058 2492 3272 2546 tortulm
3304 2492 3542 2561 parvula:
3570 2491 3803 2545 formatio

2229 2590 2336 2645 tur,
2382 2596 2443 2637 ac
2496 2596 2593 2651 per
2629 2583 2871 2638 diversas
2904 2583 3087 2637 mundi
3131 2594 3312 2654 partes
3350 2583 3808 2655 transmittuntur,

2228 2674 2297 2729 de
2321 2674 2514 2743 quibus
2547 2676 2859 2746 plerumque
2877 2676 3070 2729 inlirmi
3101 2677 3359 2730 sanitates
3382 2674 3659 2729 hauriunt.
3686 2673 3810 2731 illud

2229 2770 2313 2817 est
2357 2764 2723 2832 tripudiabile,
2776 2765 2920 2834 quod
2966 2765 3263 2834 saepissime
3304 2778 3557 2820 accessus
3594 2779 3809 2832 serpen-

2232 2856 2361 2909 tium
2408 2857 2599 2909 vitant.
2643 2855 2749 2911 Sed
2786 2855 2913 2925 quid
2956 2870 3055 2926 ego
3092 2858 3410 2913 temerarius
3453 2855 3522 2910 de
3548 2855 3627 2911 bis
3666 2856 3808 2925 loqui

2228 2946 2424 3015 audeo,
2462 2961 2583 3002 cum
2618 2946 2748 3001 fides
2777 2948 3008 3002 retineat
3035 2961 3197 3002 omne
3223 2948 3369 3018 quod
3399 2957 3798 3006 sacrosanctam

2229 3038 2391 3109 730
2417 3052 2614 3108 corpus
2641 3038 2818 3108 attigit
2836 3051 2959 3093 esse
2980 3039 3287 3095 sacratum?

2818 3163 3047 3236 CAPUT
3079 3161 3212 3236 vni.

2612 3293 2692 3348 De
2718 3294 2891 3347 tunica
2922 3292 3111 3349 Christi
3129 3294 3421 3351 inconsulti.

2303 3406 2377 3461 De
2408 3405 2584 3461 tunica
2620 3413 2748 3461 vero
2790 3406 2929 3463 beati
2952 3407 3195 3477 corporis
3223 3424 3331 3464 non
3356 3419 3601 3476 consula,
3641 3411 3802 3468 desti-

2228 3509 2324 3568 per
2357 3503 2613 3552 eonteXta
2659 3506 2756 3565 per
2786 3504 2978 3567 totum,
3001 3510 3120 3567 quae
3145 3499 3295 3569 juxta
3328 3499 3633 3556 Davidicum
3665 3504 3801 3558 Vati:

2227 3590 2428 3644 ciuium
2458 3591 2558 3644 sub
2600 3599 2745 3644 sorte
2777 3591 3038 3658 jacderat,
3084 3590 3217 3645 ildes
3248 3587 3556 3661 evangelica
3596 3594 3801 3661 pandit;

2236 3680 2324 3734 Ait
2350 3680 2491 3733 enim
2521 3695 2535 3734 :
2570 3678 2760 3733 Partiti
2789 3690 2905 3733 sunt
2945 3681 3235 3734 vestimenta
3264 3698 3375 3736 mea
3409 3682 3523 3749 sibi,
3557 3694 3604 3737 et
3625 3685 3687 3737 in
3722 3701 3800 3738 se-

2229 3781 2352 3826 stem
2376 3786 2539 3825 meant
2558 3771 2800 3824 miserunt
2818 3781 2978 3824 sortes
3002 3770 3180 3842 (Joan.
3200 3770 3443 3843 ttxﬁi).
3469 3772 3543 3827 De
3556 3773 3658 3828 hac
3680 3783 3806 3829 vero

2230 3864 2557 3919 imtnaculati
2608 3867 2739 3934 Agni
2780 3866 2983 3933 tunica,
3024 3872 3142 3936 quae
3182 3882 3212 3920 ιι
3254 3866 3575 3936 quibusdam
3598 3865 3802 3933 audiri,

2225 3958 2388 4012 silere
2419 3973 2644 4028 nequeo.
2680 3958 2884 4013 Fe’runt
2918 3969 3093 4013 autem
3122 3959 3173 4013 in
3212 3958 3432 4013 civitate
3462 3957 3738 4015 Galatheac
3754 3969 3802 4024 σε

2226 4050 2279 4105 in
2310 4039 2552 4119 basilica,
2597 4066 2718 4122 qua:
2756 4052 2823 4105 ad
2865 4063 3080 4106 sanctos
3116 4053 3480 4122 Arcliangelos
3509 4055 3800 4118 vocitatur,-

2227 4146 2451 4202 retineri
2479 4144 2529 4200 δ.
2560 4146 2656 4201 Est
2687 4146 2827 4201 enim
2856 4147 2972 4202 haec
2991 4148 3202 4213 civitas,
3232 4149 3300 4204 ab
3329 4149 3461 4205 urbe
3488 4148 3800 4204 Constanti-

2234 4301 2328 4356 fuit
2376 4302 2727 4371 Jerosolymis
2773 4301 3154 4357 ostendebatur
3175 4303 3274 4358 sub
3304 4305 3460 4358 linem
3487 4304 3670 4359 saeculi
3703 4320 3799 4370 vn;

2234 4374 2288 4431 in
2346 4372 2514 4440 lignea
2563 4388 2726 4427 cruce
2774 4373 3000 4436 inclusa,
3054 4375 3126 4428 uti
3182 4383 3403 4428 testatur
3451 4375 3797 4429 Adamnanus

2230 4443 2323 4496 lib.
2360 4459 2373 4495 ι
2407 4442 2474 4496 de
2505 4441 2660 4497 Locis
2689 4443 2889 4497 sanctis
2933 4444 3053 4512 cap.
3090 4445 3144 4507 9,
3186 4442 3326 4512 apud
3367 4444 3668 4499 Mahillon..
3701 4441 3798 4499 sm"-

2232 4514 2351 4568 Culo
2376 4529 2429 4567 ιιι
2458 4514 2680 4575 Beneil.,
2713 4524 2865 4581 parte
2894 4528 2926 4566 ιι
2962 4529 3076 4582 pag.
3096 4512 3221 4568 ὃσὸς
3817 4548 3823 4582 ρ

2308 4580 2332 4649 ἕ
2360 4584 2493 4637 Cod.
2524 4584 2679 4652 Cuib.
2703 4580 2756 4645 a,
2779 4585 3007 4639 divinum
3024 4580 3191 4652 ﬂeuit
3216 4589 3423 4649 corpus.

2248 4720 2265 4726 _
2294 4662 2334 4726 _s
2365 4651 2841 4726 Culb.,_Galatea:,
2883 4662 2938 4707 et
2975 4651 3055 4726 al.
3081 4670 3262 4719 manu,
3293 4653 3529 4723 Galatiae,
3561 4670 3669 4726 quo
3701 4658 3800 4709 ιιιιὲ

2235 4720 2387 4795 mine,
2402 4716 2926 4795 Galatia_proviticia_
2950 4724 3126 4795 potius
3155 4716 3312 4792 quam
3338 4726 3463 4780 urbs
3489 4716 3797 4795 designare—

2237 4805 2341 4848 tur.
2374 4793 2554 4857 Viml.,
2583 4791 2859 4847 Galatltiaz.
2889 4791 3197 4847 Galatheam
3228 4795 3413 4850 urbem
3435 4811 3500 4852 ex
3529 4791 3648 4851 solo
3665 4795 3796 4850 Gre-

2235 4865 2605 4935 gmioTuron.
2638 4873 2936 4917 memorant
2958 4863 3210 4925 Ortelins,
3249 4865 3545 4931 Ferrarius,
3580 4877 3687 4922 etc.

2306 4932 2330 4969 ιι
2364 4934 2483 4987 llaec
2507 4934 2695 4989 eadem
2732 4934 2905 4987 tunica
2936 4934 2988 4986 in
3019 4934 3642 5002 t2trronico_Fredegarii,
3673 4942 3774 5002 eap'

2308 4954 2330 4969 ¹¹
2364 4954 2483 4987 Ιιίίἒίῖ
2507 4954 2695 4989 suae"!
2732 4954 2905 4987 "unca
2938 4954 2988 4986 In
3019 4954 3283 4988 \sllrﬂluco
3316 4954 3642 5003 rreﬂegarll,
3673 4954 3790 5002 cap;

2231 5008 2308 5067 xi,
2341 5005 2541 5069 dicituc
2577 5018 2643 5077 e_x
2670 5004 2892 5077 civitate
2937 5002 3121 5077 Zafad,
3163 4996 3303 5077 apud
3329 5005 3650 5077 Sigibertutn
3688 5006 3793 5077 Ζατ

2270 5078 2378 5139 hat,
2409 5088 2566 5142 quam
2598 5073 2785 5129 Jali'am
2816 5089 2908 5127 seu
2951 5076 3153 5141 Joppen
3187 5074 3619 5143 interpretamur,
3651 5073 3790 5130 anno

2270 5092 2378 5139 Ital,
2409 5092 2566 5142 quam
2598 5092 2785 5129 Jtlllalll
2816 5092 2908 5127 seu
2951 5092 3153 5141 Joppen
3187 5092 3619 5143 Interpretamur,
3651 5092 3786 5130 anno

2229 5092 2299 5217 ξι)
2326 5145 2830 5217 ϐιιιιιιῃιιιιιιιὶλωιςίε
2864 5146 3181 5217 ἰηιειιιιειιιιιι
3211 5144 3664 5217 .Iet‘osulymnrum
3698 5162 3786 5198 ur-

2231 5215 2350 5269 bem
2378 5214 2644 5289 translata
2668 5214 2857 5289 fuisse:
2912 5214 3349 5289 Postitiodumin
3392 5214 3598 5289 Gallias
3634 5220 3787 5289 allata

2213 5288 2311 5353 est
2335 5300 2576 5349 tempore
2608 5285 2779 5337 Caroli
2810 5282 3008 5352 Magni,
3050 5280 3104 5337 et
3148 5288 3285 5347 apud
3329 5286 3693 5352 Arpentolium
3738 5280 3786 5339 in

2229 5353 2357 5424 agro
2405 5354 2712 5419 Parisiensi,
2744 5355 2832 5407 ubi
2873 5352 3049 5407 bis‘eia
3071 5354 3308 5420 ejusdem
3341 5356 3677 5421 imperatoris
3706 5371 3787 5409 so-

2226 5440 2314 5500 rur
2336 5425 2743 5500 aeg'l'lremlrada
2775 5425 2942 5492 ipsius
2986 5425 3091 5500 lilia
3133 5426 3565 5500 sanctimoniales
3615 5434 3783 5500 erant,

2223 5495 2465 5561 deposita
2491 5494 2607 5548 fuit.
2639 5494 2859 5547 Dettttttn
2891 5510 3008 5547 cum
3037 5494 3125 5547 ditt
3145 5497 3211 5547 ob
3243 5498 3503 5548 bellorum
3536 5494 3786 5549 tumultus

2222 5565 2484 5629 lattuSset,
2525 5565 2624 5617 sub
2673 5567 2853 5618 smculi
2904 5565 2973 5617 sit
3023 5564 3257 5617 tnedium
3310 5566 3521 5619 inventa
3572 5577 3675 5629 est,
3726 5579 3786 5619 ac

2221 5645 2483 5706 praesente
2514 5634 2784 5706 Ludovico
2819 5636 3030 5702 juuiore
3072 5636 3339 5706 eumﬂaliis
3370 5638 3517 5704 regni
3552 5637 3781 5706 proceri-

616 5699 641 5727 ο
674 5688 878 5742 Lancea
917 5701 1022 5757 qua
1063 5689 1200 5744 latus
1243 5692 1531 5747 Salvator-is
1582 5698 1747 5751 nostri
1784 5698 2108 5767 perforatum
2216 5688 2337 5771 bus,
2389 5706 2457 5759 ab
2508 5705 2732 5776 Hugone
2762 5688 3166 5775 archiepiscopo
3197 5688 3783 5776 Rolhongetisiéonie
