4132 6348
310 329 416 386 713
1128 312 1632 374 MIRACULORUM
1672 311 1803 370 LIB.
1841 309 1884 368 ῐ.
1927 311 1942 368 l

1953 311 2018 368 »Ε
2057 307 2314 368 GLORIA
2350 306 2764 367 MARTYRUM.
3292 294 3298 300 ’
3476 311 3585 368 τυ

314 439 641 508 impolitana,
689 431 840 504 quasi
891 428 1127 485 millibus
1157 439 1370 484 centum
1397 426 1802 498 quinquaginta,
1837 427 1891 481 in
1922 432 1968 492 Α
2003 443 2344 497 properarem
2386 429 2450 483 ad
2490 430 2810 493 oratorium,
2853 425 3088 496 suspicio
3123 441 3152 483 a
3184 427 3342 501 longe
3381 443 3480 500 per
3507 431 3584 485 fc-

316 549 415 601 qua
449 529 668 584 basilica
708 535 790 580 est
830 534 1016 594 crypta
1045 522 1378 576 abditissima
1414 539 1427 574 :
1463 522 1646 590 ibique
1679 521 1730 574 in
1773 533 1897 573 arca
2005 533 2216 576 uestras
2250 523 2324 576 ita
2353 521 2667 576 immensam
2692 520 2989 575 claritatem
3020 520 3310 592 effulgere,
3340 531 3400 576 ut
3425 532 3582 592 puta-

318 623 488 691 lignea
516 620 616 674 hoc
643 617 1020 674 vestimentum
1050 614 1275 670 habetur
1301 614 1584 668 inclusum.
1620 613 1749 680 Qua:
1772 627 1896 668 arca
2003 625 2150 671 retur
2177 615 2248 670 ibi
2285 614 2566 669 multitudo
2594 616 2907 686 lychnornm
2946 629 3008 668 ac
3035 629 3315 669 cereornm
3346 630 3464 670 esse
3493 630 3586 670 ac-

315 731 344 768 a
367 714 579 770 devotis
610 723 770 782 atque
800 710 1046 766 fidelibus
1067 724 1189 765 cum
1217 722 1425 763 summa
1463 707 1736 775 diligentia
1768 705 1900 761 ado—
2003 721 2183 762 censa.
2216 704 2454 760 Credens
2502 706 2664 777 igitur
2705 705 2847 777 quod
2894 705 3056 776 aliqui
3105 702 3419 760 devotorum
3471 706 3584 776 jam

318 817 486 875 ratur,
515 821 618 860 non
651 805 919 860 immerito
948 804 1108 874 digna
1138 817 1256 873 qua:
1281 803 1380 857 hoc
1411 800 1786 856 vestimentum
1814 815 1904 856 re-
2003 814 2105 855 nos
2129 798 2195 854 ad
2217 799 2570 854 celebrandas
2599 799 2804 869 vigilias
2836 800 3262 869 praecessissent,
3293 801 3491 856 accedo
3519 801 3588 856 ad

317 901 506 962 tinuat,
548 897 689 968 quod
733 896 1062 952 dominicum
1107 907 1304 962 corpus
1334 894 1420 950 vel
1449 892 1762 963 contingere
1788 905 1904 947 me-
2003 890 2202 946 ostium
2227 909 2240 946 :
2263 891 2438 961 pulso,
2469 906 2569 946 nec
2589 906 2908 962 quemquam
2938 892 3174 959 invenio,
3207 901 3588 962 repertumque

318 990 446 1056 ruit,
481 989 565 1044 vel
603 988 808 1044 velare.
2005 984 2203 1037 ostium
2260 983 2412 1038 clave
2445 981 2730 1046 munitum,
2780 991 2973 1037 cuncta
3026 982 3245 1037 silentio
3291 983 3439 1051 data,
3494 983 3589 1038 de-

927 1099 1153 1156 CApUT
1200 1097 1296 1154 ιχ,
2007 1073 2304 1143 prehendo.
2355 1072 2491 1140 Quid
2522 1071 2710 1140 plura?
2739 1072 3153 1129 transmittimus
3179 1075 3244 1128 ad
3279 1075 3583 1138 custodem,

2007 1167 2097 1221 cui
2146 1173 2273 1220 tunc
2326 1175 2442 1219 erat
2482 1163 2767 1220 obserandi
2819 1177 2970 1232 cura,
3024 1176 3082 1220 ut
3133 1167 3342 1222 scilicet
3393 1169 3589 1225 ostium

319 1237 397 1293 De
427 1236 741 1294 mirabilibus
776 1237 1002 1327 basilicae
1041 1238 1199 1327 beatre
1237 1235 1447 1327 virginis
1475 1235 1684 1327 .Mariar,
1713 1234 1777 1290 ab
1805 1235 1903 1290 im-

2005 1258 2162 1313 clave
2194 1255 2427 1311 exhibita
2467 1264 2757 1312 reseraret.
2794 1256 2927 1310 Dum
2961 1266 3138 1313 autem
3171 1259 3262 1313 ille
3289 1258 3452 1327 venit,
3489 1275 3589 1315 nos

653 1320 883 1381 peratore
913 1310 1244 1362 Constantino
1264 1316 1554 1363 exstructas.
2010 1310 2256 1399 gcbm'ld.’
2329 1365 2346 1376 η
2425 1347 2448 1399 f
2512 1350 2524 1360 υ
2743 1310 2756 1312 -
2854 1349 2871 1399 Ι

2007 1385 2022 1399 ι
2092 1393 2100 1399 λ
2211 1365 2348 1399 imus
2390 1364 2555 1399 aorts
2580 1364 2817 1399 cereum.
2879 1359 3058 1399 nterea
3106 1367 3251 1399 ancrt

2007 1349 2348 1405 accendimus
2390 1347 2555 1403 aforis
2580 1364 2817 1405 cereum.
2854 1349 3058 1405 Interea
3106 1353 3344 1421 aperitur
3397 1362 3590 1422 sponte

390 1422 550 1477 Mari“
580 1437 707 1517 νέτο
735 1421 965 1517 Gloriosa
1001 1420 1229 1490 Βθηίίτίκ
1267 1418 1489 1483 δδτίδίίό
1532 1426 1590 1474 ¹¹¹
1622 1427 1747 1474 am"
1776 1433 1898 1488 P3"
2009 1450 2063 1496 et
2085 1443 2278 1496 ostium
2308 1458 2321 1495 :
2347 1442 2704 1512 ingressisquc
2725 1442 2901 1508 nobis,
2929 1445 3092 1498 credo
3113 1418 3332 1517 av732
3361 1418 3591 1515 caligine

321 1525 452 1578 tum.
480 1517 548 1570 ita
573 1516 722 1585 virgo
744 1515 979 1571 creditur
999 1523 1050 1570 et
1084 1524 1200 1584 post
1224 1525 1453 1584 partum,
1478 1529 1618 1584 qutc,
1646 1523 1702 1566 ut
1733 1526 1896 1583 Supra

2013 1543 2352 1603 peccatorum
2409 1548 2672 1599 meorum,
2717 1535 2935 1590 claritas
2987 1551 3148 1606 quam
3192 1539 3590 1593 admirabamur

321 1609 552 1664 diximus
602 1608 754 1680 (Cap.
810 1607 893 1678 4),
946 1609 1200 1678 angelicis
1237 1607 1418 1662 choris
1463 1607 1800 1673 canentibus,
1849 1605 1903 1661 in

2009 1625 2198 1689 aforis,
2242 1635 2535 1694 apparente
2573 1641 2733 1681 cereo
2773 1638 2978 1696 nostro,
3029 1629 3310 1696 discessit;
3343 1630 3475 1685 nihil
3509 1640 3589 1685 ta-

321 1703 649 1770 paradisum,
683 1701 912 1756 Domino
943 1701 1302 1772 prmcedente,
1334 1702 1586 1755 translata
1613 1699 1904 1770 est.anus

2010 1733 2134 1773 men
2164 1728 2358 1786 praeter
2381 1717 2632 1772 virtutem
2659 1717 2912 1788 gloriosre
2937 1719 3172 1791 Virginis
3203 1721 3348 1775 aliud
3375 1721 3588 1791 penitus

322 1797 539 1852 basilica
567 1799 633 1851 ab
660 1797 978 1864 imperatore
1015 1796 1363 1850 Constantino
1412 1795 1710 1848 admirabili
1740 1808 1903 1862 opere
1935 1819 1983 1880 Β
2010 1810 2196 1868 ﬁdem
2225 1812 2516 1882 potuimus,
2548 1811 2692 1867 unde
2724 1811 2942 1868 “arms
2969 1813 3058 1868 ma
3088 1813 3280 1870 [αίεεει
3312 1825 3517 1870 exorta.

323 1887 576 1942 fabricata
605 1889 855 1942 renidetﬂ
881 1903 896 1942 :
920 1887 984 1941 ad
1018 1901 1174 1956 quam
1199 1886 1354 1956 731
1378 1885 1617 1939 adducta:
1637 1884 1902 1940 columna:
2635 1921 2862 1980 CAPUT
2899 1923 2969 1978 χ,

323 1995 442 2034 cum
484 1996 592 2051 prae
639 1980 1005 2051 magnitudine
1036 1981 1201 2034 levari
1235 1995 1338 2033 non
1378 1988 1620 2048 possent,
1657 1993 1723 2035 eo
1761 1979 1902 2048 quod
2090 2037 2127 2051 ἢ
2387 2036 2406 2051 ,
2470 2037 2482 2051 ,
2666 2037 2713 2051 η
3053 2038 3065 2051 _
3242 2039 3254 2051 ,

323 2083 465 2128 esset
484 2036 756 2128 “circuitus
804 2089 986 2128 carttm
1043 2072 1276 2128 sedecim
1323 2073 1554 2142 pedum,
1610 2086 1673 2126 ac
1715 2071 1904 2129 diebus
2080 2037 2159 2092 De
2195 2053 2351 2106 puero
2373 2036 2558 2091 ludam
2594 2037 2743 2090 “me
2766 2038 3152 2091 memorandum
3184 2038 3514 2097 m'mwh‘m'

323 2163 547 2231 singulis
589 2179 745 2218 casso
792 2163 976 2218 labore
1023 2163 1400 2234 fatigarentur,
1431 2163 1682 2232 apparuit
1711 2163 1904 2218 artilici
2080 2153 2218 2220 Qllid
2248 2153 2404 2225 igitur
2432 2155 2484 2210 Ῐη
2516 2151 2737 2210 oriente
2764 2163 2940 2209 30mm
2970 2156 3126 2211 Ῑυοτῖί
3151 2155 3202 2222 do
3235 2157 3301 2212 ad
3331 2158 3592 2216 corrObO‘

323 2263 506 2309 sancta
551 2254 710 2324 Virgo
744 2271 838 2323 per
871 2256 1064 2321 visum,
1106 2254 1289 2310 dicens
1316 2271 1328 2308 :
1359 2254 1474 2308 Noli
1507 2263 1728 2310 maestus
1757 2269 1900 2320 esse,
2010 2244 2236 2300 randam
2289 2240 2446 2299 fidem
2496 2245 2814 2300 catholicam
2848 2261 2953 2299 non
2985 2245 3178 2302 silebo.
3209 2247 3380 2304 Judaei
3410 2249 3593 2320 cujus-

325 2359 425 2412 ego
463 2347 602 2399 enim
651 2345 742 2398 tibi
784 2344 1061 2399 ostendam
1109 2343 1340 2412 qualiter
1378 2343 1459 2397 ine
1483 2352 1680 2412 queant
1705 2344 1905 2399 elevari
2009 2336 2132 2394 dam
2166 2337 2371 2394 vitrarii
2401 2339 2561 2404 ﬁlius,
2605 2352 2726 2395 cum
2770 2339 2912 2408 apud
2939 2339 3274 2396 Christianos
3300 2359 3495 2412 pueros
3524 2346 3595 2402 ad

325 2437 608 2490 columnae.
641 2436 706 2489 Et
749 2435 986 2490 ostendit
1020 2436 1066 2490 ei
1108 2451 1227 2504 quae
1266 2443 1583 2505 aptarentur
1621 2435 1903 2503 machina),
2011 2429 2187 2484 studia
2241 2429 2538 2485 lilterarnm
2601 2439 2964 2496 exerceretur,
3008 2431 3236 2499 quadam
3301 2433 3388 2488 die
3464 2435 3592 2489 dum

326 2528 559 2598 qualiter
597 2527 1056 2597 suspenderentur
1095 2527 1372 2592 trochleae,
1399 2535 1559 2596 atque
1584 2524 1786 2580 funium
1814 2542 1908 2582 ex-
2012 2522 2295 2577 missarum
2323 2520 2457 2578 festa
2497 2524 2548 2576 in
2596 2521 2815 2578 basilica
2849 2523 3020 2578 beata:
3048 2522 3229 2578 Maria:
3256 2525 3597 2580 celebrarcn~

327 2620 674 2674 tenderentur
707 2618 905 2683 ofﬁcia,
957 2617 1082 2672 illud
1122 2617 1326 2672 addens
1362 2635 1372 2671 :
1405 2617 1682 2687 Conjunge
1732 2626 1908 2674 tecum
2015 2625 2121 2686 tttr,
2148 2615 2213 2671 ad
2237 2616 2698 2686 participationem
2723 2614 2945 2686 gloriosi
2970 2616 3211 2686 corporis
3242 2625 3296 2671 et
3316 2617 3596 2688 sanguinis

330 2719 442 2764 trt's
476 2723 670 2779 pueros
701 2709 767 2764 de
807 2708 1028 2774 scholis,
1057 2724 1279 2780 quorum
1311 2716 1411 2762 hoc
1440 2708 1709 2778 adiutorio
1734 2711 1909 2780 possis
2013 2710 2271 2766 dominici
2320 2725 2440 2767 cum
2469 2710 2591 2765 aliis
2613 2709 2901 2765 infantibus
2933 2711 3104 2766 infans
3147 2712 3362 2768 .lndaeus
3414 2729 3598 2769 acces-

325 2820 392 2860 cx
405 2803 567 2872 plcre.
598 2801 751 2868 Quod
780 2816 901 2856 cum
929 2801 1020 2856 ille
1052 2802 1312 2872 erigilans
1341 2817 1460 2872 qua:
1498 2814 1764 2871 praecepta
1794 2800 1912 2859 fue-
2013 2803 2104 2859 sit.
2137 2803 2253 2870 Quo
2282 2812 2467 2858 sancto
2505 2812 2781 2872 assumpto
2811 2813 2858 2867 ο,
2890 2804 3127 2874 gaudens
3163 2806 3226 2858 ad
3256 2807 3470 2861 domum
3507 2824 3598 2878 pa-

327 2905 449 2951 rant
493 2899 817 2965 coaptasset,
871 2895 1075 2949 vocatis
1128 2893 1298 2948 tribus
1356 2893 1534 2962 pueris
1574 2895 1642 2948 ab
1685 2894 1908 2962 scholis,
2015 2897 2112 2950 tris
2137 2895 2426 2952 revertitur
2459 2895 2699 2964 :illoque
2740 2906 3000 2964 cperante
3028 2895 3044 2932 ί
3070 2897 3210 2952 inter
3234 2898 3514 2968 amplexus
3541 2909 3596 2954 et

327 2989 496 3044 erexit
544 3001 752 3041 summa
793 2986 1074 3041 velocitate
1120 2986 1418 3041 columnas.
1485 2983 1785 3041 Prtestitum
1819 2995 1904 3042 est
2015 2989 2221 3055 oscula,
2263 3003 2382 3059 qua:
2424 2997 2707 3058 acceperat
2753 3003 2873 3042 cum
2926 2988 3120 3059 gaudio
3150 2989 3334 3044 refert.
3386 2995 3455 3045 At
3504 2991 3599 3047 ille

329 3079 537 3150 p"pUliS
573 3092 823 3148 speetare
868 3077 1188 3131 miraculum
1233 3076 1627 3144 admirandum,
1663 3087 1720 3132 ut
1763 3077 1904 3148 quod
2015 3079 2233 3136 Christo
2259 3078 2488 3134 Domino
2520 3093 2582 3132 ac
2612 3079 2724 3132 suis
2755 3078 2957 3148 legibus
2983 3077 3230 3136 inimicus
3254 3079 3368 3135 ait:
3398 3081 3454 3136 Si
3474 3097 3598 3138 cum

327 3171 609 3226 multitudo
663 3173 900 3224 virorum
934 3167 1150 3223 fortium
1199 3169 1380 3224 levare
1425 3170 1756 3239 nequiverat,
1800 3177 1908 3228 tres
1939 3191 1986 3256 α
2019 3175 2102 3229 his
2134 3169 2427 3227 infantibus
2471 3170 2903 3235 commnnicosti,
2935 3169 3133 3225 oblitus
3167 3182 3402 3240 paterna:
3426 3175 3596 3243 pietaa

336 3261 542 3331 pueruli
580 3263 784 3331 absque
817 3261 1012 3315 virtute
1055 3258 1278 3329 perfecti
1319 3260 1498 3330 operis
1545 3261 1904 3318 sublevarent.
2011 3265 2106 3331 tis,
2149 3263 2214 3318 ad
2248 3260 2609 3317 ulciscendam
2663 3259 2911 3316 Mosaicae
2941 3261 3076 3333 legis
3111 3263 3383 3332 iniuriam,
3428 3267 3596 3334 parria

328 3354 495 3425 llujus
544 3354 800 3408 festivitas
843 3367 992 3407 sacra
1034 3352 1304 3406 mediante
1353 3367 1536 3408 mense
1565 3353 1852 3409 undecimo
1882 3354 1909 3394 ι)
2013 3361 2132 3417 cida
2176 3358 2229 3412 in
2260 3366 2311 3412 te
2339 3354 2503 3410 durus
2542 3354 2788 3408 cxistatn.
2849 3354 2916 3408 Et
2949 3357 3340 3424 apprehensum
3373 3372 3596 3426 puerum

331 3451 645 3505 celebratur.
697 3447 826 3501 Nam
872 3448 923 3500 in
975 3445 1211 3500 oratorio
1242 3445 1621 3499 lllarciaccnsis
1655 3456 1676 3484 ο
1721 3447 1911 3502 domus
2014 3452 2072 3508 in
2123 3464 2185 3504 os
2239 3445 2474 3502 fornacis
2521 3445 2762 3500 ardentis
2803 3444 3051 3515 proiecit,
3083 3447 3410 3519 adjectisqne
3444 3449 3599 3519 lignis

330 3541 558 3595 Arverni
605 3538 862 3594 lcrrilol‘ii
907 3535 1026 3607 0308
1059 3536 1303 3606 reliquiae
1344 3536 1706 3592 οουιίηὲηῐυτο
1738 3538 1915 3594 Αάνθ·
2014 3560 2120 3616 quo
2150 3542 2520 3598 vehementius
2549 3547 2886 3606 exoreretur,
2923 3539 3139 3594 insistit.
3196 3541 3299 3596 Sed
3362 3558 3468 3597 non
3501 3542 3595 3598 de-

331 3634 511 3688 niente
541 3647 669 3686 vero
702 3632 801 3684 hac
840 3629 1154 3692 festivitate,
1183 3642 1285 3698 ego
1310 3629 1376 3684 ad
1407 3628 1758 3686 celebrandas
1781 3630 1912 3701 vigi-

2015 3642 2114 3697 fuit
2145 3641 2236 3696 illa
2277 3637 2643 3693 misericordia
2689 3652 2808 3707 quae
2857 3645 2968 3691 tres
3017 3637 3284 3703 quondam
3334 3638 3596 3694 Hebraeos

330 3725 428 3780 liaS
465 3726 532 3780 ad
562 3741 684 3780 eum
712 3724 934 3779 OCCBSSi-
967 3720 1210 3794 Cumque
1256 3736 1352 3792 Pel‘
1382 3723 1669 3778 Obscuram
1699 3734 1913 3782 ηοοιεηι
2016 3746 2217 3804 pueros
2240 3729 2534 3786 Chaldaico
2562 3729 2614 3783 in
2639 3729 2848 3784 camino
2869 3727 3136 3798 projectos
3157 3730 3297 3784 nube
3319 3733 3598 3786 rorulenta

334 3906 686 3975 pluribusque
709 3905 830 3960 aliis
852 3903 1114 3978 episcopis
1144 3913 1206 3978 et
1229 3903 1512 3978 abbatibus
1534 3905 1762 3978 publicae
1792 3906 1918 3962 llde-
2017 3908 2214 3978 Aprili,
2261 3921 2365 3978 quo
2394 3915 2552 3975 pacto
2597 3905 2891 3978 Gregorius
2936 3903 3282 3978 bic_mensts
3331 3905 3601 3964 undecimi

331 3979 460 4033 lium
515 3979 845 4033 venerationi
898 3977 1135 4030 exhibita
1184 3975 1280 4029 fuit
1327 3989 1469 4029 anno
1523 3976 1680 4032 “:36.
1710 3977 1917 4033 Exinde
2025 3975 2242 4034 nomine
2273 3977 2621 4033 Februarium
2651 3975 3001 4044 designasset.
3027 3975 3122 4029 Cui
3150 3977 3386 4044 opinioni
3419 3980 3598 4034 favere

335 4064 548 4103 summo
601 4049 915 4116 populorum
951 4063 1214 4100 concursu
1263 4046 1494 4100 celebris
1536 4045 1636 4100 fuit
1687 4050 1916 4104 ecclesia
2019 4051 2231 4105 videtur
2275 4049 2761 4103 Sacramentarium
2815 4047 3176 4108 Gallicanum.
3205 4047 3345 4115 quod
3383 4063 3451 4103 ex
3491 4065 3596 4105 ms.

331 4119 774 4187 Argentoliensis,
820 4121 905 4172 ubi
933 4117 1093 4171 etiam
1131 4130 1273 4170 nunc
1333 4132 1374 4188 a
1412 4125 1615 4170 nostra:
1659 4133 1912 4188 congreg.
2021 4122 2207 4175 codice
2238 4119 2604 4173 vetustissimo
2655 4116 2938 4170 Bobiensia
2962 4118 3270 4172 monasterii
3308 4117 3377 4171 ab
3405 4120 3598 4174 eodem

331 4190 498 4245 sancti
548 4191 713 4244 Mauri
766 4189 1043 4243 monachis
1107 4187 1470 4242 Benedictinis
1509 4187 1916 4256 religiosissime
2025 4191 2339 4245 Mabillonio
2369 4191 2569 4243 editum
2598 4197 2680 4242 est
2709 4189 2771 4240 ad
2802 4189 2999 4241 calcem
3020 4189 3148 4241 tomi
3172 4189 3188 4241 Ι
3214 4189 3380 4243 lllnsei
3409 4190 3596 4256 Italici,

333 4275 437 4313 tam
465 4260 754 4329 pretiosum
779 4261 1082 4314 coemelium
1108 4269 1418 4312 asservatur
1448 4268 1502 4311 et
1522 4261 1736 4312 colitur.
1783 4258 1917 4314 Vide
2023 4263 2114 4316 ubi
2167 4261 2462 4326 assumptio
2491 4268 2692 4312 sancta:
2723 4259 2905 4312 Marke
2940 4267 3060 4326 post
3091 4261 3284 4314 l'esutm
3316 4260 3601 4317 Catltedra:

334 4333 646 4385 libellumca
672 4333 736 4384 de
765 4348 820 4384 re
849 4346 876 4384 a
906 4332 1107 4384 domno
1131 4329 1377 4384 Gabriele
1399 4329 1675 4385 Gerberon
1697 4329 1914 4386 Parisiis
2025 4336 2195 4386 sancti
2219 4333 2359 4386 Petri
2386 4329 2690 4384 immediate
2723 4340 2844 4382 ante
2867 4329 3338 4397 Quadragesitnam
3369 4334 3596 4386 locatur.

331 4405 532 4456 editum
561 4418 703 4454 anno
737 4402 895 4455 1677.
2024 4403 2230 4458 Passim
2265 4412 2441 4456 tamen
2472 4401 2760 4469 Gregorius
2789 4416 2816 4453 a
2846 4401 3034 4453 Martio
3065 4416 3260 4454 annum
3292 4401 3526 4455 inchoat.

405 4482 430 4508 ιι
468 4472 1126 4544 DescribitAdamnanus,
1176 4471 1248 4544 l_ib
1321 4487 1336 4524 ι
1375 4471 1452 4544 de
1507 4469 1916 4544 Locisrsanctis
2101 4485 2121 4511 ο
2150 4472 2956 4544 llic,utividetur,designatur
2975 4473 3600 4544 MarziacumUllarsar),

332 4559 448 4608 cap.
516 4544 601 4625 (ὅ,
635 4543 943 4641 ειριειεῖείειιιιι⁸
973 4558 1139 4641 prppe
1179 4542 1599 4641 Je‘r'osolymam,‘
1642 4543 1733 4596 ubi
1792 4553 1917 4641 tunc
1944 4577 1999 4641 Β
2025 4547 2324 4628 parthenon
2374 4547 2624 4641 antiquus
2653 4543 2713 4626 Βἶ
2751 4546 2926 4596 Maria:
2979 4547 3138 4624 etiam
3191 4542 3336 4641 "3pc
3384 4545 3602 4641 nomine

335 4617 588 4681 temporis
614 4615 1013 4668 monstrabatur
1039 4614 1207 4667 beatae
1235 4613 1411 4667 Maria:
1451 4614 1778 4682 sepulcrum.
1805 4615 1911 4669 Sed
1946 4613 1998 4641 υ
2023 4613 2330 4684 insignitus,
2383 4615 2712 4671 lllanzacensi
2766 4617 3091 4669 monasterio
3156 4614 3454 4683 subjectus,
3513 4618 3604 4672 ubi

337 4702 460 4738 t'ttttt
489 4697 614 4739 ante
643 4685 918 4739 iuvenalis
947 4685 1641 4756 tempora,_quimediante
1663 4685 1860 4739 sa'culo
1881 4701 1913 4741 v
2021 4686 2458 4741 sanctimoniales
2487 4685 2584 4739 sub
2625 4685 2897 4755 priorissa‘,
2941 4685 3199 4756 regimine
3225 4697 3597 4752 perseverant.

332 4756 574 4821 florebat,
610 4771 767 4810 nemo
798 4756 994 4808 dixerit
1026 4755 1194 4808 beata:
1223 4754 1457 4821 Virginis
1482 4758 1791 4824 sepulcrum
1825 4758 1913 4810 Jc-
2023 4759 2172 4812 Alius
2195 4767 2278 4814 est
2304 4773 2330 4808 a
2360 4754 2772 4811 Marciuianensi
2807 4754 3138 4824 parthcnonc
3170 4756 3324 4824 cujus
3352 4756 3600 4811 meminit

333 4827 616 4896 rosolymis
657 4826 952 4891 exstitisse,
1007 4827 1088 4879 Gl.
1144 4828 1224 4879 vir
1269 4827 1640 4880 'l‘tllemontins
1696 4828 1747 4880 in
1795 4827 1910 4882 Vita
2023 4843 2127 4881 non
2157 4829 2323 4883 semel
2357 4828 2542 4881 l’etins
2570 4826 2940 4880 CllllliJCtBHSlS
2976 4827 3163 4880 abbas.
3209 4827 3340 4880 \ide
3367 4830 3601 4881 Savaro-

331 4896 670 4951 Constantini
707 4897 903 4964 Magni,
936 4903 1040 4949 art.
1073 4899 1162 4959 68,
1195 4896 1470 4950 existimat
1497 4897 1783 4951 ecclesiam
1825 4899 1912 4951 hic
2023 4915 2145 4952 nem
2177 4901 2226 4952 in
2260 4899 2420 4963 epist.
2457 4899 2559 4952 H9
2591 4897 2710 4950 libri
2745 4915 2777 4950 ιι
2800 4898 3123 4964 Apollinaris
3153 4897 3380 4951 Sidonii.

331 4983 359 5019 ει
385 4967 646 5035 Gregorio
698 4977 1048 5021 memoratam
1081 4967 1238 5020 aliam
1271 4982 1375 5018 non
1405 4982 1524 5021 esse
1549 4982 1579 5018 a
1612 4967 1910 5021 catliedrali
2093 4968 2116 5004 δ
2138 4970 2379 5023 Similem
2407 4967 2682 5021 historiam
2710 4969 2867 5021 habet
2889 4969 3146 5036 Evagrius
3169 4968 3263 5020 lib.
3283 4983 3337 5020 tv
3360 4982 3479 5034 cap.
3501 4966 3598 5036 56,

332 5039 626 5106 Ιτὶριιρδὶωιι,
685 5053 828 5109 quas,
859 5040 931 5109 uti
963 5037 1095 5089 Acta
1124 5037 1315 5107 synodi
1343 5036 1627 5105 Ephesium
1655 5045 1914 5091 attestan-
2022 5047 2076 5092 et
2102 5040 2432 5109 Nicephorus
2461 5041 2552 5090 lib.
2585 5053 2691 5091 xvn
2717 5052 2838 5105 cap.
2866 5035 2956 5090 “23.
2993 5039 3135 5091 Idem
3165 5038 3457 5109 contigisse
3481 5035 3600 5095 me;

333 5118 436 5172 tur,
480 5109 532 5162 in
560 5108 792 5179 Virginis
836 5107 1910 5179 Deipartehhonoremconsecrataerat,
2020 5117 2261 5162 moratur
2287 5108 2426 5175 apud
2461 5109 2723 5179 Bituricus
2754 5109 2806 5161 in
2861 5109 3088 5179 ecclesia
3143 5107 3344 5161 sanctae
3391 5108 3598 5177 Mariae,

332 5189 386 5232 ct
416 5179 528 5233 sola
574 5182 626 5234 in
662 5177 856 5248 probis
886 5177 1200 5248 auctoribus
1251 5185 1376 5230 ante
1404 5177 1457 5230 id
1506 5186 1716 5246 tempus
1744 5177 1913 5232 beatae
2023 5189 2266 5248 tctupore
2316 5179 2525 5231 llumati
2555 5177 2794 5246 ejusdem
2849 5177 2998 5232 urbis
3037 5179 3295 5248 episcopi,
3327 5187 3386 5232 ut
3418 5189 3597 5236 narrat

337 5249 569 5328 Virginis
596 5245 751 5305 titulo
781 5249 1030 5328 decorata
1059 5245 1223 5328 fuisse
1253 5249 1463 5328 legitur.
1624 5245 1645 5328 "
2021 5245 2775 5328 MonachusSansnlpiciauus
2807 5252 2858 5328 in
2891 5245 3598 5328 Patrizircliio'llituricensi,‘

407 5316 516 5375 δῚά
547 5331 630 5376 est
660 5337 844 5376 mense
871 5319 1150 5386 Januario,
1184 5334 1290 5388 quo
1323 5319 1383 5390 in,
1398 5316 1589 5390 Galliis
1614 5317 1910 5387 depositio-
2014 5335 2114 5390 cap
2148 5318 2230 5372 l9.
2264 5319 2398 5373 Hinc
2427 5334 2721 5388 cognomen
2754 5319 2940 5374 habuit
2969 5320 3030 5373 de
3061 5318 3241 5372 Furno
3261 5321 3452 5374 calido.

336 5393 417 5445 nis
445 5407 541 5446 seu
569 5395 950 5460 assumptionis
997 5387 1322 5445 beatissima:
1372 5387 1606 5455 Virginis
1647 5392 1909 5446 festivitas
2082 5387 2354 5458 sAliquot
2382 5387 2534 5455 Mssl,
2579 5390 2716 5456 quod
2764 5399 2996 5444 sanctum
3039 5399 3382 5460 assnntptum,
3438 5405 3602 5446 accu:

333 5464 460 5517 olim
490 5465 882 5519 celebrabatur.
916 5461 1068 5529 Quod
1101 5471 1305 5516 certum
1337 5467 1512 5532 estex
1554 5461 1788 5528 antiquis
1825 5461 1912 5515 Li-
2022 5463 2173 5515 san-li
2203 5477 2328 5515 casu
2363 5462 2478 5515 loco
2506 5465 2641 5526 scisti
2674 5462 2938 5532 adhibito,
2971 5478 3088 5532 qua:
3119 5476 3337 5516 casuum
3371 5463 3601 5519 mutatio

337 5534 524 5605 turgiis
559 5534 876 5605 Gallicanis,
909 5545 964 5587 et
988 5533 1368 5587 vetustissimis
1401 5531 1814 5605 Martyrologiis,
1845 5533 1911 5586 ad
2025 5535 2352 5602 frequentior
2381 5547 2454 5586 est
2490 5532 2628 5600 apud
2677 5531 3012 5599 Gregorium.
3044 5533 3147 5588 Sed
3182 5534 3267 5586 hic
3298 5535 3595 5590 observan-

339 5602 483 5658 diein
516 5603 582 5659 18
611 5606 866 5667 Januarii,
902 5616 957 5658 ut
991 5606 1181 5672 probat
1215 5613 1397 5657 uester
1430 5602 1702 5658 .llabillon.
1741 5604 1832 5657 lib.
1862 5619 1897 5656 tt
2022 5606 2146 5658 dum
2179 5616 2258 5656 est
2290 5607 2425 5658 banc
2470 5617 2655 5655 vocem
2687 5611 2919 5656 sanctum
2949 5605 3190 5657 absolute
3223 5620 3317 5673 pro
3344 5605 3599 5660 euchari-

341 5675 590 5746 Liturgite
621 5674 910 5729 Gallicanae
943 5676 1181 5748 lillm.‘2‘.’.
1217 5690 1350 5748 pag.
1387 5673 1507 5727 “8.
1571 5673 1691 5727 Vult
1735 5683 1910 5728 latnctt
2023 5678 2119 5748 stia
2169 5677 2387 5748 assumi,
2424 5684 2480 5728 ιιι
2533 5676 2592 5726 lit
2645 5676 2694 5748 in
2751 5675 3020 5744 plerisque
3064 5675 3316 5746 Liturgitn
3369 5687 3596 5748 nostrte,

337 5745 594 5814 Scaliger,
620 5749 756 5801 libro
779 5761 830 5799 vt
852 5747 919 5798 de
950 5745 1336 5801 Emcndatione
1359 5751 1682 5812 temporum,
1715 5761 1909 5799 annum
2023 5746 2181 5800 etiam
2213 5746 2503 5810 botlicrrnc,
2532 5746 2882 5801 orationibus.

336 5818 761 5888 ecclesiasticum
810 5833 838 5873 a
889 5815 1151 5886 Gregorio
1182 5828 1365 5875 ttostro
1397 5816 1640 5875 inchoari
1669 5838 1698 5878 ιι
1731 5837 1913 5882 menso
2101 5816 2118 5858 ί
2153 5817 2286 5874 Cod.
2321 5816 2472 5875 (iolb.
2507 5831 2557 5890 a,
2592 5815 2783 5891 illoque
2803 5830 3131 5896 properante.

613 5913 890 5994 Ριτιιοι.
938 5909 1166 5981 LXXI.
1579 5983 1591 5990 ί
1785 5993 1795 6005 ,
1949 5941 1961 5950 ·
2024 5947 2036 5952 ατ

1785 5993 1795 6005 .
2607 5969 2624 5981 -
3166 5915 3247 5994 23
