4132 6348
513 355 622 415 715

1541 346 1598 402 S.
1635 339 1961 402 GREGOltII
2003 337 2307 397 EPISCON
2345 337 2770 398 TURONENSIS

3684 343 3818 401 716

515 476 869 546 respersam.
924 465 1039 536 ipsa
1069 463 1209 520 enim
1241 470 1295 518 et
1334 463 1474 516 hunc
1516 461 1658 515 inter
1701 469 1905 514 memos
1939 458 2092 526 ignes
2124 463 2170 516 Α
2199 465 2289 510 aut
2312 464 2561 524 peruntte
2590 455 2868 512 disceoerc
2897 469 3331 527 unumquemque
3371 454 3422 510 in
3464 456 3640 511 locum
3685 475 3812 527 quo

527 580 584 626 et
624 579 912 638 prunarum
960 561 1128 616 moles
1153 558 1421 628 jacentem
1457 569 1676 626 prorsus
1715 549 1958 607 consumi
1989 564 2094 603 non

517 662 734 731 patitur.
776 657 906 712 Cum
960 664 1137 708 autem
1193 649 1433 704 audisset
1473 658 1643 702 mater
1690 644 1831 715 quod
1889 643 2098 697 scilicet

518 755 684 808 filium
735 762 1074 806 communem
1138 751 1286 812 pater
1330 740 1688 796 deliberasset
1725 751 1973 798 exurere,
2005 749 2097 787 cu-

514 843 678 900 currit
707 840 772 896 ad
823 836 1158 893 liberandum
1194 849 1341 888 eum.
1375 831 1480 887 Sed
1511 845 1631 885 cum
1662 828 1884 883 vidisset
1912 827 2096 881 incen-

519 937 605 991 dia
637 934 706 988 ab
733 947 827 986 ore
853 929 1012 1001 733
1040 926 1272 982 fornacis
1297 924 1480 995 patulo
1512 923 1614 978 huc
1646 930 1700 976 et
1731 921 1856 975 illuc
1881 920 2093 973 ﬂamma

509 1029 823 1086 dominante
848 1025 1108 1092 respergi.
1148 1029 1396 1074 ornatum
1427 1017 1619 1086 capitis
1647 1013 1712 1069 ad
1741 1024 1935 1069 terram
1969 1026 2095 1082 pro-

509 1125 662 1194 jecit,
687 1121 984 1188 diffusaque
1014 1116 1233 1170 cresarie
1257 1129 1315 1168 se
1348 1110 1598 1167 miseram
1621 1109 1925 1172 clamitans,
1956 1107 2088 1162 civi-

510 1227 674 1273 tatem
719 1215 936 1268 vocibus
989 1211 1192 1279 implet.
1251 1206 1403 1275 Quod
1445 1221 1564 1260 cum
1616 1203 1925 1269 Christiani,
1965 1200 2092 1270 quid

505 1322 685 1366 actum
719 1309 890 1366 fuerat
929 1306 1266 1367 didiciswnt,
1310 1310 1642 1356 concurrunt
1673 1315 1861 1354 omnes
1891 1299 1955 1352 ad
1983 1307 2091 1352 tam

507 1407 746 1476 iniquum
794 1401 1180 1472 spectaculum,
1235 1395 1592 1464 retractisque
1647 1392 1861 1464 ignibus
1899 1392 1966 1446 ab
1996 1406 2090 1445 ore

508 1499 767 1563 fornacis,
799 1493 1077 1550 inveniunt
1103 1505 1328 1562 puerum
1361 1491 1510 1558 quasi
1543 1503 1704 1556 super
1728 1486 1934 1556 plumas
1959 1484 2092 1538 mol-

505 1593 738 1646 lissimas
796 1588 1235 1644 decumbentem.
1277 1585 1393 1652 Quo
1445 1593 1708 1648 extracto,
1759 1579 2092 1634 admirantur

503 1696 693 1734 omnes
718 1679 963 1744 illaesum,
996 1675 1424 1743 clamoribusque
1445 1673 1593 1727 locus
1619 1671 1707 1725 ille
1750 1669 2006 1737 repletur,
2037 1676 2092 1723 et

501 1775 583 1827 sic
617 1771 898 1826 Dominum
947 1771 1120 1822 omnis
1162 1765 1388 1837 populus
1437 1764 1728 1818 benedicit.
1772 1762 2092 1816 Conclama-

2203 549 2370 602 vitam
2398 562 2694 619 pr0pagare
2724 548 2908 616 possit,
2939 548 3137 616 alioqui
3166 564 3264 602 nec
3305 557 3354 604 te
3383 551 3630 603 consulto
3661 551 3808 605 al.3-

2203 641 2443 697 cedimus
2464 682 2478 706 ,
2509 657 2577 696 ne
2625 655 2904 710 pereamus
2948 641 3107 696 fame.
3142 641 3264 696 ihcc
3292 642 3353 696 iis
3382 641 3692 697 dicentibus
3724 644 3810 698 ait

2201 736 2364 790 abbas
2393 752 2406 790 ε
2439 735 2692 801 Oremus,
2729 735 2921 789 fratres
2943 733 3299 798 dilectissimi,
3333 743 3384 788 et
3416 735 3676 787 Dominus
3697 735 3808 788 mi-

2201 828 2447 883 nistrabit
2474 829 2630 884 nobis
2652 827 2836 892 cibos;
2869 841 2966 882 nec
2988 826 3127 881 enim
3155 835 3328 897 potest
3358 828 3467 880 fieri
3499 837 3553 880 ut
3577 827 3606 880 d
3647 827 3806 880 tit-int

2202 921 2435 975 triticum
2467 920 2518 975 in
2539 919 2654 990 ejus
2680 920 3010 975 monasterio
3024 919 3359 988 quaifrugem
3384 921 3506 971 vite
3535 934 3597 974 ex
3634 931 3740 973 me:
3760 938 3802 972 ο

2201 1014 2441 1085 pereuuti
2495 1013 2671 1067 intulit
2719 1012 2938 1067 mundo.
2999 1011 3202 1078 Quibus
3257 1011 3598 1079 vigilantibus
3629 1022 3803 1065 nocte

2131 1107 2138 1112 '
2203 1115 2336 1171 tota,
2357 1122 2418 1160 ac
2443 1103 2830 1174 psallentibus,
2863 1117 3020 1158 mane
3047 1112 3168 1158 orto
3199 1102 3268 1156 ita
3294 1103 3568 1171 reperiunt
3596 1114 3800 1156 cuneta

2199 1203 2518 1258 horreorum
2553 1200 2858 1256 habitacula
2888 1198 3094 1267 repleta
3115 1198 3315 1265 tritico,
3339 1197 3496 1250 utvix
3528 1198 3609 1249 καὶ
3646 1213 3800 1249 rese-

2197 1293 2305 1348 rari
2362 1295 2562 1348 ostium
2623 1301 2824 1358 posset.
2885 1291 3123 1360 Accepto
3175 1301 3353 1344 autem
3403 1290 3544 1352 cibo,
3592 1290 3797 1357 gratias

2195 1394 2419 1456 egerunt
2466 1385 2598 1440 Deo.
2646 1384 2771 1439 Post
2822 1383 3024 1439 multos
3059 1397 3187 1436 vero
3233 1397 3403 1436 annos
3431 1383 3624 1434 iterum
3658 1380 3794 1433 defi-

2195 1479 2374 1534 ciente
2403 1478 2546 1544 cibo,
2590 1478 2955 1532 clamaverunt
3001 1476 3247 1530 tronaclii
3290 1474 3356 1528 ad
3388 1474 3660 1537 abbatem,
3693 1474 3785 1541 qui

2195 1572 2268 1624 ait
2299 1588 2310 1624 :
2349 1570 2640 1640 Vigilemus
2671 1585 2733 1623 ac
2761 1569 3111 1638 deprecemur
3146 1567 3450 1628 Dominum,
3482 1575 3536 1619 et
3570 1565 3787 1620 forsitan

2200 1663 2566 1718 tran~mittere
2613 1661 2920 1730 dignabitur
2969 1661 3242 1713 alimenta.
3281 1657 3519 1728 Denique
3549 1667 3783 1725 pri-ster-

2195 1766 2394 1810 nuntur
2417 1755 2480 1809 ad
2509 1754 2864 1825 pavimentum
2891 1753 3094 1822 templi.
3131 1750 3422 1820 Vigilautcs
3455 1750 3634 1819 itaque
3663 1764 3788 1801 noc-

504 1867 631 1918 liant
676 1861 836 1918 etiam
871 1871 925 1916 ut
955 1871 1232 1915 auctorem
1283 1857 1437 1926 hujus
1464 1856 1687 1911 sceleris
1717 1854 1769 1909 iu
1796 1855 1940 1923 ipsas
1971 1869 2091 1923 pro-
2125 1863 2169 1923 Β
2199 1855 2303 1900 tem
2349 1845 2400 1899 in
2449 1845 2667 1914 psalmis
2710 1843 3023 1915 liynmisque
3080 1852 3133 1896 et
3184 1841 3409 1895 canticis
3462 1839 3788 1910 spiritalibus

503 1960 728 2028 jicereut
777 1956 1044 2010 ﬂammas.
1099 1952 1404 2020 I’rojectum
1435 1960 1614 2005 autem
1659 1951 1728 2002 ita
1763 1958 1929 2002 totum
1958 1949 2093 2018 ignis

504 2049 797 2112 absorbuit,
835 2059 888 2101 ut
926 2048 1011 2100 vix
1056 2046 1122 2099 de
1151 2045 1366 2099 ossibus
1421 2042 1538 2112 ejus
1589 2057 1811 2111 parvum
1842 2039 2095 2111 quodam-

505 2142 666 2195 modo
724 2141 1114 2210 relinqueretur
1166 2137 1445 2192 indicium.
1487 2137 1882 2204 lnterrogautes
1915 2141 2091 2186 autem

502 2233 821 2289 infautulum
880 2231 1163 2287 Christiani
1224 2231 1378 2298 quale
1408 2231 1458 2284 ei
1527 2230 1666 2283 inter
1712 2229 1869 2300 ignes
1899 2227 2094 2282 fuisset

503 2326 903 2394 umbraculum,
953 2325 1077 2378 ait:
1113 2323 1306 2378 Mulier
1355 2338 1472 2393 qua:
1517 2326 1570 2377 in
1619 2322 1836 2376 basilica
1885 2321 1971 2375 illa
2004 2320 2093 2375 ubi

509 2436 704 2492 panem
725 2419 836 2476 “de
865 2433 1045 2476 mensa
1076 2419 1279 2486 accepi,
1313 2417 1363 2472 in
1387 2416 1642 2472 cathedra
1677 2415 1940 2482 residens,
1968 2430 2090 2484 par-

503 2519 684 2574 vulum
713 2517 767 2572 in
806 2516 928 2572 sinu
975 2524 1146 2584 gestat
1191 2513 1472 2576 infantem,
1506 2512 1621 2565 haec
1645 2527 1730 2566 me
1763 2511 1924 2578 pallio
1955 2524 2089 2574 suo,

503 2625 569 2664 ne
621 2609 761 2680 ignis
814 2615 1051 2675 voraret,
1104 2605 1339 2675 operuit.
1387 2603 1540 2658 Unde
1604 2602 1962 2657 indubitatum
2011 2609 2094 2655 est

504 2703 716 2756 beatam
766 2699 816 2755 ei
869 2698 1088 2753 Mariam
1141 2696 1474 2766 apparuisse.
1521 2696 1713 2765 Agnita
1758 2709 1886 2763 ergo
1916 2692 2092 2747 infans

506 2796 615 2851 fide
649 2791 945 2858 catholica,
975 2790 1205 2847 credidit
1253 2791 1305 2844 iu
1339 2789 1557 2844 nomine
1603 2788 1776 2842 Patris
1809 2796 1864 2842 et
1892 2786 2009 2840 Filii
2039 2795 2096 2841 et

505 2888 733 2959 Spiritus
763 2887 958 2952 sancti,
1029 2900 1095 2940 ac
1141 2883 1471 2940 salutaribus
1516 2883 1672 2954 aquis
1727 2883 1942 2938 ablutus
1989 2897 2091 2937 una

505 3001 626 3039 cum
652 2963 918 3056 genitrice
939 2997 1056 3047 sua,
1087 2981 1270 3036 denuo
1301 2988 1426 3036 sunt
1453 2979 1646 3034 renati.
1692 2977 1843 3034 Multi
1877 2977 2092 3036 Judazo-

506 3093 623 3133 rum
647 3076 895 3146 exemplo
923 3075 1024 3131 hoc
1051 3074 1106 3130 in
1143 3074 1276 3129 urbe
1314 3073 1408 3129 illa
1436 3073 1629 3129 salvati
1653 3079 1800 3127 sunt.

1110 3210 1338 3269 CAPUT
1382 3210 1477 3266 XI.

507 3326 584 3383 De
602 3326 907 3383 monasterio
924 3324 1414 3396 Ilierosolymitano,
1447 3333 1493 3396 ct
1526 3322 1788 3378 miraculis
1816 3341 1906 3396 per
1929 3324 2091 3380 virtu-

841 3407 940 3452 tem
964 3408 1152 3452 sancta:
1171 3394 1368 3450 Maria:
1388 3394 1744 3465 reliquiarum.

577 3511 959 3569 Monasterium
1001 3518 1086 3566 est
1142 3510 1296 3564 valde
1343 3524 1592 3580 maguum
1638 3511 1692 3564 in
1733 3509 2090 3580 Hierusalem,

508 3621 615 3663 non
642 3603 906 3660 modicam
945 3603 1147 3658 habens
1195 3603 1684 3674 coxigregatiOuem,
1734 3602 1786 3658 in
1832 3619 1938 3674 quo
1985 3620 2094 3660 non

513 3699 687 3754 solum
718 3696 934 3753 devotio
962 3693 990 3734 1³
1021 3695 1199 3766 p0pnli
1226 3711 1369 3764 saepe
1396 3695 1617 3765 plurima
1647 3696 1878 3762 confert,
1908 3712 2093 3751 verum

507 3792 667 3848 etiam
702 3790 1045 3862 imperatoris
1070 3789 1224 3862 jussu
1251 3790 1324 3845 ibi
1375 3807 1481 3846 non
1515 3790 1731 3844 minima
1775 3789 2091 3861 largiuntur.

507 3886 716 3942 Accidit
743 3893 920 3940 autem
935 3883 1164 3955 quodam
1190 3893 1427 3953 tempore
1452 3893 1508 3938 ut
1542 3899 1648 3952 pra:
1683 3884 1901 3953 penuria
1932 3899 2096 3954 eges-

507 3982 632 4034 tatis
665 3979 820 4034 valde
845 3978 924 4034 eis
949 3979 1122 4033 victus
1147 3978 1450 4037 necessaria
1480 3976 1826 4033 defecissent.
1855 3976 2091 4048 Congre-

507 4073 652 4143 gatio
671 4074 811 4128 enim
845 4073 1057 4142 garrula
1093 4080 1117 4110 ε
1152 4071 1557 4138 monachorum,
1617 4084 1736 4124 cum
1783 4085 1889 4124 una
1934 4080 2096 4140 atque

507 4163 673 4238 73a.
701 4165 807 4218 alia
851 4163 938 4219 die
982 4163 1293 4219 refectionis
1329 4161 1640 4218 alimoniam
1682 4176 1786 4218 non
1819 4171 2092 4231 caperent,

510 4258 872 4314 vociferantur
914 4255 981 4311 ad
1020 4256 1295 4322 abbatem,
1341 4255 1619 4311 dicentes:
1660 4253 1884 4326 Largire
1920 4254 2091 4326 cibos,

585 4407 611 4435 ιι
659 4397 1064 4471 Observandum
1096 4399 1183 4471 hic
1210 4399 1403 4470 primo,
1451 4417 1636 4471 panem
1657 4400 2013 4465 solummodo,
2040 4399 2094 4454 id

513 4477 596 4523 est
622 4469 834 4521 unicam
849 4469 1184 4524 eucharistiae
1203 4469 1370 4526 sacra:
1391 4469 1647 4536 speciem,
1667 4486 1696 4523 a
1715 4487 1880 4538 puero
1907 4471 2096 4525 .Iuilteo

514 4540 678 4593 fuisse
717 4548 984 4611 receptam
1008 4581 1023 4604 ,
1057 4543 1145 4608 qui
1195 4551 1368 4595 tamen
1399 4557 1556 4609 supra
1603 4558 1787 4606 corpus
1813 4555 1856 4598 et
1886 4543 2094 4611 sanguis

517 4611 722 4664 Domini
746 4625 774 4662 a
794 4609 1050 4676 Gregorio
1072 4613 1388 4679 appellatur.
1407 4613 1810 4666 Observandum
1830 4609 2088 4677 secundo.

512 4685 787 4752 antiquum
817 4696 1019 4752 morem
1054 4681 1105 4735 in
1139 4683 1381 4736 ecclesiis
1422 4683 1788 4737 beatissimam
1825 4683 2095 4749 Virginem

512 4751 937 4820 repracsentandi
969 4752 1245 4810 sedentem
1273 4769 1393 4810 cum
1423 4754 1627 4808 infante
1655 4752 1809 4814 Jesu.
1845 4769 2004 4822 quem
2039 4755 2090 4809 in

510 4825 650 4880 ulnis
682 4834 872 4893 gestat.
1781 4867 1788 4871 .

580 4897 607 4936 δ
648 4897 739 4951 Sic
758 4896 878 4950 cod.
911 4897 1093 4959 Rom.;
1134 4895 1313 4952 caeteri
1345 4896 1478 4962 fere,
1510 4897 1563 4950 in
1594 4913 1692 4966 quo
1717 4898 1826 4951 loco
1854 4896 2096 4962 devotio;

511 4968 638 5033 Ed.,
667 4972 720 5022 in
768 4969 992 5036 quodam
1035 4969 1169 5022 loco.
1227 4967 1394 5022 Porro
1439 4984 1503 5022 ex
1543 4968 1624 5022 his
1655 4985 1771 5031 qua:
1799 4979 2095 5038 sequuntur

510 5049 654 5108 patet
679 5041 780 5094 hoc
812 5043 1192 5096 monasterium
1225 5041 1392 5094 beatae
1437 5040 1614 5094 Mariae
1655 5056 1867 5094 sacrum
1906 5039 2093 5094 fuisse.

581 5121 604 5150 θ
646 5111 780 5165 (.‘od.
815 5112 970 5165 Rom.
999 5131 1010 5165 :
1042 5112 1379 5183 Congregatio
1403 5112 1536 5164 enim
1561 5109 1727 5168 bca'la.
1755 5111 1857 5167 Ed.
1894 5127 1909 5167 ζ
1955 5110 2093 5166 Con-

509 5184 736 5253 gregatio
763 5183 936 5250 itaque
961 5187 1237 5255 garrula...
1270 5193 1488 5250 caperet,
1509 5184 1806 5253 vociferant.

580 5252 608 5292 ά
646 5256 733 5309 Sic
762 5254 883 5308 cod.
907 5253 1047 5309 Clar.
1076 5270 1128 5308 a.
1148 5256 1336 5310 Cameri
1362 5270 1488 5309 vero
1510 5269 1628 5308 cum
1654 5255 1823 5308 Editis
1848 5250 2070 5308 Edituo

870 5295 883 5306 ο
909 5289 1047 5309 υιιιιι
1076 5289 1128 5308 α.
1149 5289 1308 5310 υυυιῠι
1325 5289 1336 5306 Ι
1369 5289 1488 5309 τνιυ
1510 5289 1628 5308 υυΙΙΙ
1654 5289 1823 5308 ΙΔυΙιΙῢ
1848 5289 2094 5319 Juuuuv’

509 5335 598 5380 aut
625 5326 820 5379 wditui.
854 5323 1127 5391 Nonnulli,
1161 5325 1382 5380 rediture.
1413 5326 1594 5391 Clict.,
1631 5327 1842 5378 radium.

584 5406 611 5433 ο
653 5396 863 5450 Exinde
899 5405 1044 5464 patet
1096 5396 1387 5450 monachos
1439 5397 1505 5448 ad
1549 5397 1784 5452 officium
1829 5395 2089 5464 divinum,

510 5466 651 5535 quod
681 5468 764 5521 hic
805 5467 1097 5536 Gregorius
1139 5483 1374 5528 cursum,
1405 5477 1458 5520 ut
1483 5467 1616 5522 alias
1646 5483 1788 5534 saepe
1837 5467 2092 5535 appellat,

511 5538 1072 5608 convocandicuram
1122 5539 1190 5593 ad
1240 5538 1486 5592 abbatem
1534 5540 1890 5608 pertinuisse,
1948 5539 2092 5601 quod

509 5619 729 5664 sanctus
756 5609 818 5680 Ρ.
854 5607 1168 5680 Benedictus
1195 5611 1390 5680 regulae
1411 5625 1521 5663 suae
1538 5607 1666 5677 cap.
1701 5613 1792 5676 47,
1830 5610 1903 5662 De
1930 5608 2096 5675 signi-

515 5681 717 5734 ticanda
751 5679 880 5751 hora
922 5678 1099 5747 operis
1127 5678 1278 5747 Dei,'
1298 5681 1648 5751 praescripsit.
1701 5681 1885 5736 Codex
1913 5687 2093 5735 tamen

510 5751 655 5806 Clar.
689 5767 718 5805 a
744 5750 900 5803 habet
928 5767 1208 5820 surgerem.

585 5820 606 5861 ί
649 5822 873 5876 Crucem
899 5821 1220 5886 pectoralem
1245 5821 1384 5876 inter
1404 5832 1716 5878 ornamenta
1736 5839 1883 5878 sacra
1901 5822 2097 5890 quibus

510 5895 574 5950 ad
607 5891 992 5954 celebrandum
1046 5893 1210 5948 utitur
1263 5907 1504 5951 summus
1544 5897 1780 5966 pontifex
1804 5937 1820 5966 ,
1850 5903 2099 5952 recenset

2125 4655 2178 4714 D

2203 1939 2586 2008 perduxerunt.
2618 1937 2858 2005 Cumque
2898 1952 2957 1989 se
3008 1943 3128 2004 po~t
3158 1935 3449 1988 matutinos
3482 1949 3668 1986 somno
3692 1931 3785 1986 de-

2202 2032 2441 2106 dissent,
2469 2028 2615 2083 venit
2645 2028 2866 2098 angelus
2887 2025 3189 2091 Domini,et
3223 2025 3398 2094 posuit
3428 2039 3591 2093 super
3619 2025 3786 2078 altare

2203 2121 2596 2177 multitudinem
2618 2120 2954 2175 innumeram
2977 2119 3116 2174 auri.
3142 2119 3457 2172 Eranteuim
3491 2119 3627 2172 ostia
3658 2118 3788 2175 aedis

2196 2214 2466 2270 obserata.
2505 2214 2838 2282 lixsurgente
2879 2221 3057 2266 autem
3105 2225 3260 2265 mane
3290 2210 3486 2265 abbate
3515 2225 3635 2265 cum
3677 2224 3789 2263 mo-

2204 2309 2389 2362 nachis
2420 2306 2486 2360 ad
2516 2304 2899 2360 celebrandum
2933 2319 3145 2358 (ursum
3173 2348 3186 2372 ,
3223 2304 3468 2358 viderunt
3494 2303 3788 2359 multitudi-

2197 2417 2318 2457 nem
2351 2401 2465 2456 auri
2501 2415 2664 2468 super
2701 2399 2890 2454 altare.
2929 2400 2992 2452 lit
3013 2399 3089 2452 ait
3115 2398 3277 2453 abbas
3307 2398 3520 2454 custodi
3547 2413 3678 2453 tedis
3710 2396 3739 2446 sl
3767 2413 3781 2425 ο

2197 2493 2325 2562 Quis
2357 2492 2731 2562 prtefcmorum
2761 2505 2863 2545 nuc
2893 2505 3164 2560 ingressus
3185 2505 3287 2557 esr,
3313 2506 3401 2560 qui
3430 2500 3543 2545 haec
3563 2488 3788 2545 detulit?

2199 2585 2528 2654 llespondit:
2563 2583 2686 2637 Post
2714 2598 2990 2654 egressum
3023 2594 3258 2638 vestrum
3302 2585 3476 2639 nullus
3503 2585 3590 2639 hic
3615 2584 3782 2638 homi-

2196 2693 2322 2731 num
2355 2691 2630 2730 accessum
2666 2675 2870 2740 habuit,
2905 2675 3000 2730 sed
3031 2675 3150 2729 ostii
3184 2677 3387 2730 clavem
3420 2687 3678 2730 munitam
3709 2692 3786 2732 re-

2198 2767 2353 2833 tinui,
2399 2776 2453 2822 et
2494 2781 2701 2820 mecum
2753 2764 2933 2834 habui,
2961 2765 3134 2822 donec
3171 2781 3424 2836 sui-geres
3462 2767 3527 2820 ad
3549 2781 3786 2822 commo-

2197 2862 2427 2917 vendunt
2469 2861 2678 2932 signum
2715 2869 2763 2914 ο.
2795 2861 2949 2915 Tunc
2987 2871 3206 2931 stupens
3241 2861 3405 2916 abbas
3444 2876 3570 2916 cum
3600 2878 3785 2917 mona-

2202 2958 2339 3025 chis,
2368 2971 2560 3012 munus
2576 2955 3078 3013 cmlesteiutellexit
3108 2971 3121 3008 :
3149 2956 3458 3026 gratiasque
3490 2955 3591 3011 Deo
3619 2969 3782 3025 agens

2196 3051 2430 3122 collegit,
2479 3048 2910 3118 comparatisque
2950 3048 3113 3102 victui
3177 3049 3529 3114 necessariis,
3577 3049 3784 3117 plebem

2199 3145 2459 3200 creditam
2495 3142 2780 3198 afﬂuenter
2802 3140 3012 3198 refecit.
3037 3141 3145 3197 Nec
3160 3141 3350 3196 mirum
3376 3141 3419 3196 si
3449 3140 3603 3196 beata
3626 3141 3783 3211 Virgo

2124 3259 2169 3324 ρ
2200 3239 2317 3294 sine
2347 3237 2529 3293 labore
2552 3237 2664 3290 suis
2710 3236 2929 3306 protulit
2975 3235 3197 3304 victum,
3231 3250 3351 3305 quae
3379 3235 3495 3290 sine
3515 3236 3664 3291 coitu
3691 3235 3787 3291 viri

2199 3331 2539 3401 concipiens,
2561 3329 2709 3399 virgo
2735 3328 3025 3397 permansit
3043 3337 3098 3384 et
3129 3337 3246 3398 post
3269 3336 3502 3398 partum.

2273 3425 2447 3502 llujus
2495 3424 2664 3479 beata:
2723 3421 2959 3492 Virginis
3015 3421 3270 3491 reliquias
3320 3437 3442 3477 cum
3485 3431 3786 3477 sanctorum

2199 3516 2564 3588 apostolorum
2607 3513 2692 3569 vel
2735 3512 2879 3568 beati
2925 3512 3084 3584 735
3137 3511 3346 3567 Martini
3385 3512 3614 3582 quadam
3670 3514 3788 3568 vice

2199 3627 2358 3680 super
2399 3623 2486 3664 me
2535 3609 2589 3662 in
2631 3621 2790 3661 cruce
2818 3620 2983 3660 aurea
3017 3604 3219 3674 p0sitas
3266 3604 3786 3660 exhibebam.Cum-

2199 3721 2304 3773 que
2333 3719 2426 3773 per
2473 3701 2616 3756 viam
2657 3699 3047 3770 graderentur,
3077 3699 3352 3770 conspicio
3385 3705 3521 3754 haud
3555 3700 3787 3770 procula

2200 3799 2282 3850 via
2315 3795 2660 3864 liOSpitiolum
2693 3793 2971 3862 cujusdam
3007 3794 3256 3861 pauperis
3290 3793 3532 3846 incendii
3566 3809 3785 3848 concre-

2198 3887 2354 3942 mari.
2415 3887 2544 3942 Erat
2596 3895 2776 3940 autem
2817 3900 2848 3938 a
2899 3883 3062 3949 foliis,
3117 3899 3236 3952 quae
3296 3884 3508 3954 ignibus
3563 3887 3786 3940 maxima

2202 3989 2455 4050 przestant
2506 3977 2766 4042 fomenta,
2811 3984 3143 4030 contectum.
3192 3974 3451 4030 Curreth
3483 3977 3643 4032 miser
3668 3993 3786 4033 cum

2199 4072 2384 4127 liberis
2413 4081 2466 4127 et
2496 4086 2664 4126 uxore
2713 4084 2904 4139 aquam
2937 4069 3249 4138 deportatis,
3291 4069 3388 4124 sed
3419 4069 3648 4124 ﬂamma:
3683 4086 3782 4127 non

2203 4167 2602 4237 mitigabantur.
2656 4162 2809 4219 Tunc
2850 4172 3142 4218 extractam
3193 4179 3221 4216 a
3261 4175 3479 4233 pectore
3521 4163 3777 4220 crucemt

2201 4261 2353 4317 elevo
2374 4268 2561 4316 contra
2591 4259 2768 4330 ignem
2792 4275 2807 4312 :
2852 4271 2977 4313 mox
3006 4257 3061 4312 in
3088 4267 3308 4328 aSpectu
3335 4269 3640 4313 sanctarum
3665 4259 3796 4314 reﬂ--

2199 4398 2542 4454 innocentius
2569 4398 2634 4453 ill
2663 4399 2715 4453 in
2747 4399 2882 4454 libro
2911 4400 2975 4456 de
2999 4399 3266 4469 Mysteriis
3288 4399 3499 4466 missae;
3531 4399 3624 4455 sed
3649 4415 3774 4455 nus-

2201 4487 2357 4540 quam
2391 4473 2632 4525 invenies
2658 4472 2708 4524 id
2741 4471 2904 4525 fuisse
2936 4472 3207 4536 singulare
3248 4472 3510 4540 pontificis
3554 4473 3684 4526 ltom
3706 4471 3774 4526 ini

2204 4542 2563 4610 privilegium,
2591 4549 2650 4595 ut
2674 4542 2949 4597 contendit
2981 4543 3296 4598 Vicecomes
3317 4543 3408 4596 tib.
3444 4559 3492 4596 tv
3522 4543 3590 4598 de
3610 4545 3780 4600 inisse

2206 4617 2478 4686 Apparatu
2515 4628 2633 4686 cap.
2678 4614 2768 4667 30.
2803 4613 3002 4667 Mereor
3038 4614 3186 4668 illum
3213 4629 3316 4668 non
3344 4615 3481 4686 adeo
3509 4617 3779 4686 antiquum

2203 4700 2325 4739 esse
2355 4684 2560 4752 colligit
2587 4686 2690 4751 piat
2715 4687 2988 4738 memoritr
3014 4685 3302 4740 cardinalis
3340 4685 3482 4739 Bona
3516 4686 3590 4739 lib
3618 4684 3653 4740 t‘
3685 4687 3781 4741 lte-

2204 4771 2320 4808 rum
2357 4755 2606 4821 Liturgic.
2639 4770 2760 4822 cap.
2798 4754 2870 4807 24
2907 4772 3053 4809 num.
3085 4757 3152 4809 id
3176 4797 3192 4819 ,
3227 4757 3368 4825 quod
3399 4759 3574 4811 crucis
3611 4767 3783 4822 pecto-

2203 4827 2332 4880 ralis
2355 4827 2554 4879 mentio
2581 4841 2842 4894 nusquam
2869 4827 2917 4878 iu
2943 4827 3212 4882 veteribus
3240 4838 3596 4882 sacramenta:
3613 4829 3676 4882 iis
3697 4844 3784 4881 oc-

2203 4907 2403 4952 ciirrat.
2435 4895 2600 4951 Vetus
2630 4908 2710 4952 est
2743 4906 2920 4951 tamen
2947 4898 3277 4951 con-uctudo
3306 4897 3580 4953 deferendi
3604 4914 3785 4953 cruces

2205 4970 2342 5023 collo
2373 4983 2675 5037 appensas,
2704 4969 2756 5022 in
2795 4969 2988 5036 quibus
3010 4979 3316 5023 sanctorum
3345 4971 3584 5038 reliquiae
3615 4973 3785 5022 couti~

2203 5051 2436 5104 nentur,
2460 5049 2517 5093 ut
2539 5039 2623 5093 vel
2652 5055 2718 5094 ex
2764 5039 2865 5094 hoc
2899 5039 3140 5107 Gregorii
3180 5041 3297 5094 loco
3335 5041 3589 5110 colligere
3643 5042 3784 5093 hcet.

2203 5110 2362 5165 Certe
2392 5113 2681 5180 Gregorius
2719 5111 2942 5180 Magnus
2986 5111 3315 5181 phylacteria
3349 5127 3518 5165 sacris
3550 5112 3788 5177 reliquiis

2202 5184 2397 5237 referta
2446 5183 2512 5235 ad
2565 5185 2760 5236 collum
2812 5195 3074 5249 suspensa
3127 5182 3421 5240 deferebat.
3481 5183 3553 5236 uti
3613 5191 3788 5236 narrat

2201 5252 2433 5307 Joannes
2465 5252 2638 5315 Diac.,
2666 5252 2756 5306 lib.
2777 5267 2828 5306 iv
2859 5267 2976 5321 cap.
3005 5254 3092 5306 80.
3127 5252 3460 5323 Pliylacteria
3491 5264 3670 5308 autem
3702 5253 3789 5307 illa

2201 5339 2414 5378 crucem
2447 5324 2836 5392 interpretatur
2880 5325 2994 5392 ipse
3028 5323 3318 5394 Gregorius
3343 5367 3358 5391 ,
3394 5325 3487 5379 lib.
3524 5342 3594 5379 xit
3628 5326 3785 5394 epist.

2202 5395 2254 5458 7,
2290 5397 2353 5448 ad
2385 5395 2830 5449 'l‘heodeliudam.
2859 5394 2964 5450 Sed
3003 5397 3264 5461 ejusmodi
3294 5411 3486 5450 cruces
3527 5413 3630 5450 non
3680 5396 3790 5464 epi-

2200 5467 2354 5533 scopi
2381 5467 2575 5530 solum,
2595 5481 2780 5521 verum
2804 5467 2964 5520 etiam
2990 5466 3107 5520 laici
3130 5467 3459 5521 deferebant.
3495 5469 3620 5519 Nam
3652 5467 3785 5520 idem

2201 5540 2458 5606 pontifex,
2493 5537 2582 5591 lib.
2615 5553 2649 5590 ll
2676 5539 2835 5604 epist.
2859 5535 2913 5600 5,
2944 5538 3204 5606 Dynamio
3233 5539 3455 5603 patricio
3481 5537 3788 5591 transmittit

2199 5623 2401 5661 crucem
2453 5609 2738 5673 parvulum,
2776 5608 2828 5660 in
2858 5623 2959 5677 qua
2991 5609 3058 5661 de
3106 5610 3308 5662 catenis
3353 5610 3490 5664 beati
3541 5611 3702 5670 Petri,
3735 5618 3788 5663 et

2201 5679 2269 5733 de
2299 5680 2471 5733 sancti
2503 5679 2771 5732 Laurentii
2801 5679 3054 5732 craticula
3111 5679 3308 5748 aliquid
3360 5683 3620 5734 insertum
3648 5689 3780 5745 erat,

2202 5761 2364 5814 utea,
2414 5752 2622 5817 inquit,
2657 5759 2821 5802 ucstra
2843 5751 2978 5802 colla
3008 5767 3041 5802 a
3077 5753 3297 5816 peccatis
3339 5753 3557 5805 solvant.
3590 5752 3784 5804 Confer

2204 5824 2363 5890 epist.
2398 5821 2430 5874 6
2463 5823 2576 5874 lihri
2609 5836 2638 5872 v
2669 5824 2736 5872 ad
2766 5821 3172 5875 Childebertum
3226 5838 3426 5891 regem.
3480 5824 3671 5876 Mirum
3701 5829 3784 5874 est

2204 5897 2393 5964 quanti
2446 5892 2702 5962 ponderis
2753 5906 2962 5952 .cruccs
3026 5891 3199 5952 erci
3249 5894 3599 5967 impetasz
3648 5894 3785 5950 collo
