4132 6348
303 413 402 470 ’717

1123 419 1619 483 MIRACULORUM
1657 423 1789 481 LIB.
1821 425 1860 480 I.
1902 425 1991 482 DE
2028 426 2282 486 GLORIA
2322 431 2730 491 MARTYRUM.

3463 445 3568 502 ’718

299 534 544 604 quiarum
571 534 643 589 ita
665 542 890 593 cunctus
911 535 1048 610 ignis
1069 540 1366 613 obstupuit,
1389 558 1452 600 ac
1480 543 1526 600 si
1555 558 1661 600 non
1692 543 1882 601 fuisset
1907 545 1955 604 Δ
1984 542 2201 612 globum
2249 561 2502 617 magnum
2555 548 2690 618 ignis
2731 563 2894 619 super
2924 549 3107 607 urbem
3131 552 3480 624 descendere,
3511 570 3569 616 et

299 640 578 683 accensus.

355 728 357 732 ’
896 726 1125 784 CAPUT
1165 728 1279 784 XII.

700 838 778 895 De
797 840 1201 898 sancto'Joamte
1219 842 1472 914 Baptista.

367 954 601 1011 Joannes
631 964 660 994 ι
691 971 820 1013 vero
845 957 1075 1027 Baptista
1101 968 1218 1014 astu
1251 959 1476 1016 Ilerodis
1507 975 1600 1030 per
1622 959 1877 1017 Herodia-

293 1045 416 1100 dem
447 1063 666 1104 uxorem
691 1049 888 1118 fratris,
920 1050 975 1105 in
998 1067 1268 1108 carcerem
1300 1054 1580 1123 colligatur
1600 1054 1724 1122 (An.
1759 1052 1875 1123 ~30).

305 1140 445 1195 l‘unc
479 1145 731 1212 temporis
775 1160 804 1198 a
849 1145 1040 1200 Galliis
1070 1156 1316 1202 matrona
1344 1146 1583 1214 quiedam
1619 1147 1878 1202 Hieroso-

294 1231 452 1302 lymis
502 1233 724 1298 abierat,
778 1250 874 1303 pro
922 1237 1209 1292 devotione
1245 1247 1474 1302 tantum,
1500 1247 1555 1292 ut
1588 1237 1795 1292 Domini
1823 1247 1878 1293 et

291 1326 585 1380 Salvatoris
641 1328 806 1382 nostri
865 1331 1204 1398 pragsentiatn
1281 1339 1598 1386 mereretur.
1655 1331 1878 1385 Audivit

290 1429 466 1471 au‘em
510 1419 651 1488 quod
709 1419 898 1474 beatus
938 1421 1172 1477 Joannes
1221 1423 1581 1479 decollaretur
1632 1422 1754 1494 (Αη.
1808 1423 1870 1480 51

270 1518 380 1577 Δαιιε
407 1508 500 1578 52)
565 1525 762 1564 :cursu
793 1511 917 1566 illuc
945 1513 1128 1582 rapido
1175 1515 1364 1579 tendit,
1405 1515 1650 1585 datisque
1690 1531 1876 1570 mune-

288 1600 437 1654 ribus
480 1603 748 1670 supplicat
793 1607 1119 1672 percussori,
1172 1620 1225 1661 ut
1255 1623 1373 1663 eam
1415 1609 1728 1679 sanguinem
1775 1608 1872 1663 de-

286 1691 540 1747 ﬂuentem
593 1694 848 1764 colligere
909 1699 1268 1768 permitteret.
1300 1716 1405 1754 non
1452 1701 1624 1755 arceri
1670 1700 1717 1755 δ.
1777 1701 1872 1756 1110

285 1793 462 1838 autem
514 1788 888 1854 percutiente,
934 1801 1174 1844 matrona
1232 1795 1491 1846 concham
1561 1801 1868 1863 argenteam

285 1887 570 1946 praeparat,
597 1886 950 1949 trnncatoque
989 1883 1236 1952 martyris
1268 1881 1740 1953 capite,‘cruorem
1769 1885 1864 1940 de-

283 1977 404 2024 vota
432 1974 708 2041 suscepit:
761 1989 918 2042 quem
971 1974 1256 2046 diligenter
1301 1975 1352 2030 in
1403 1977 1637 2047 ampulla
1668 1989 1688 2017 ε
1726 1980 1868 2048 posi-

283 2071 393 2116 tum
425 2064 649 2132 patriam
708 2066 922 2131 detulit,
980 2078 1034 2122 et
1087 2069 1224 2137 apud
1271 2069 1622 2126 Vasatensem
1656 2073 1864 2144 urbem,

281 2155 544 2212 mdilicata
584 2158 638 2213 in
685 2158 802 2229 ejus
836 2160 1040 2217 honore
1077 2163 1307 2221 ecclesia
1335 2161 1384 2233 ἀ,
1414 2167 1466 2221 in
1494 2178 1680 2224 sancto
1709 2168 1865 2225 altari

279 2247 580 2306 collocavit.

873 2349 1102 2406 CAPUT
1143 2352 1280 2408 XIII.

531 2460 609 2518 De
638 2479 836 2534 gemma
877 2465 1144 2523 Vasatenai
1183 2479 1309 2523 nata
1348 2470 1607 2527 divinitus.

352 2578 516 2650 736
587 2582 850 2644 Quoniam
912 2583 1221 2640 Vasatensis
1291 2587 1438 2642 urbis
1500 2589 1860 2658 meminimus,

275 2681 460 2737 operaa
483 2673 714 2739 pretium
749 2683 876 2740 puto
904 2677 1219 2730 miraculum
1250 2679 1391 2747 quod
1430 2680 1482 2733 in
1512 2696 1571 2735 ea
1605 2682 1863 2738 Dominus

273 2758 501 2828 largitus
528 2771 610 2817 est
638 2779 956 2819 memorare.
986 2766 1252 2833 Tempore
1297 2784 1402 2837 quo
1437 2771 1688 2828 diuturna
1709 2774 1862 2829 obsi-

274 2851 438 2912 dione
461 2856 762 2910 vallabatur
784 2873 812 2910 a
835 2855 1038 2912 Chunis
1062 2869 1106 2926 ε,
1134 2863 1278 2915 omni
1309 2872 1465 2918 nocte
1489 2867 1742 2922 sacerdos
1770 2868 1861 2937 qui

276 2954 507 3014 praeerat
547 2947 809 3002 circuibat
855 2950 1155 3015 psalleudo,
1188 2962 1244 3007 et
1277 2954 1497 3020 orabat;
1529 2971 1629 3010 nec
1652 2957 1860 3012 ab'ullo

277 3036 553 3105 auxilium,
609 3039 710 3092 nisi
757 3055 785 3092 a
843 3039 1052 3095 Domini
1102 3044 1472 3099 misericordia
1528 3048 1856 3116 requirebat.

277 3125 600 3183 Ilortahatur
646 3142 835 3186 onines
887 3147 1043 3188 orare
1089 3143 1143 3186 et
1179 3151 1283 3189 nou
1326 3137 1575 3203 deiicere,
1608 3155 1857 3196 asserens

275 3217 500 3272 humiles
547 3235 735 3288 preces
777 3222 1032 3276 caelorum
1077 3223 1268 3292 januas
1323 3237 1622 3293 penetrare.
1676 3230 1856 3288 I-Iostis

1986 637 2106 709 ait:
2142 638 2198 694 Si
2227 648 2411 694 contra
2441 655 2539 696 nos
2585 642 2640 695 bi
2695 643 2904 699 obsessi
2947 649 3332 704 contumaciter
3377 662 3565 725 agunt,

1985 745 2087 785 nec
2116 745 2215 786 nos
2254 740 2518 799 metuunt,
2579 735 2660 789 vel
2705 737 2941 796 caelcstis
2997 756 3092 796 eos
3138 743 3239 796 ira
3266 756 3566 804 consumet.

1985 805 2224 896 Cumque
2270 840 2375 879 non
2405 825 2612 882 videret
2643 828 2808 885 ullum
2839 832 2906 886 ab
2937 833 3071 889 urbe
3095 821 3404 892 incendium
3435 854 3567 895 con-

1983 927 2223 984 surgere,
2254 916 2400 971 misit
2452 917 2644 973 iterum
2688 921 3020 992 interrogare
3062 941 3180 996 quae
3230 939 3410 986 essent
3448 948 3567 1002 qua:

1983 1006 2209 1062 viderat.
2255 1009 2412 1082 737
2444 1009 2698 1068 Similiter
2729 1026 3063 1085 negaverunt
3100 1017 3233 1074 nihil
3261 1037 3320 1076 se
3345 1026 3568 1081 omnino

1980 1101 2199 1157 vidisse.
2235 1103 2384 1158 'l‘une
2428 1120 2520 1160 rex
2579 1104 2902 1164 Gausericus
2946 1121 2971 1158 κ
3019 1112 3093 1166 ait
3136 1131 3149 1168 :
3211 1114 3267 1170 Si
3317 1115 3432 1172 haec
3479 1119 3567 1176 isti

1980 1194 2247 1260 nesciunt,
2301 1197 2642 1252 manifestum
2674 1207 2757 1253 est
2795 1199 2936 1269 quod
2967 1201 3109 1259 Deus
3138 1220 3323 1262 eorum
3351 1209 3569 1278 adjuvat

1980 1297 2091 1338 eos.
2143 1285 2208 1339 Et
2236 1289 2414 1341 statim
2447 1288 2693 1344 discessit
2736 1305 2765 1344 a
2796 1292 2916 1347 loco
2941 1293 3054 1348 illo.
3083 1294 3351 1354 Sacerdos
3383 1313 3562 1357 autem

1979 1377 2289 1431 Convocatis
2317 1379 2521 1436 civibus
2543 1381 2750 1454 vigilias
2779 1373 3038 1449 celebrat,
3071 1399 3124 1443 et
3144 1391 3430 1448 missarum
3458 1398 3566 1464 agit

1978 1465 2111 1521 feSIa
2135 1463 2164 1502 h
2215 1485 2310 1538 pro
2351 1470 2669 1530 liberatione
2724 1477 2906 1546 populi
2938 1477 3043 1536 sui.
3069 1480 3201 1536 Dum
3239 1492 3417 1540 autem
3452 1463 3566 1544 haec

1975 1572 2178 1628 ageret,
2225 1567 2518 1636 respiciens
2565 1585 2778 1625 sursum
2821 1573 3143 1645 viditsuper
3190 1578 3380 1650 altare,
3414 1585 3568 1652 quasi

1975 1654 2042 1707 de
2065 1668 2277 1709 camera
2308 1653 2325 1692 ί
2363 1658 2569 1727 templi,
2597 1661 2792 1718 cadere
2823 1672 2933 1722 tres
2954 1678 3154 1737 guttas,
3189 1673 3421 1741 aequales
3454 1690 3566 1729 tua-

1974 1745 2272 1814 gnitudine,
2301 1748 2565 1819 claritate,
2594 1761 2648 1808 et
2677 1757 2964 1814 candorem
2985 1763 3223 1831 crystalli
3255 1766 3563 1822 vincentes.

1974 1835 2216 1906 Cumque
2256 1853 2442 1896 omnes
2492 1857 2612 1926 cum
2659 1846 3012 1906 admiratione
3036 1863 3089 1906 et
3134 1862 3357 1924 stupore
3399 1859 3564 1914 vehe-

1897 1924 1948 1985 Β
1978 1932 2141 1982 menti
2166 1924 2528 2002 intenderent,
2571 1952 2769 2009 easque
2813 1942 2991 1997 nullus
3028 1947 3250 2005 auderet
3276 1953 3560 2022 attingere,

1973 2020 2161 2076 Petrus
2189 2024 2406 2093 quidam
2453 2029 2753 2101 presbyter,
2797 2033 2910 2104 qui,
2946 2044 3004 2090 ut
3048 2053 3132 2093 res
3183 2040 3312 2126 ipsa
3343 2020 3556 2110 asserit,

1971 2115 2145 2182 magni
2174 2118 2348 2172 meriti
2396 2129 2544 2185 erat,
2585 2124 2820 2180 exhibita
2853 2139 3104 2198 argentea
3131 2115 3352 2199 patena,
3380 2144 3559 2204 guttas

1969 2207 2222 2276 colligere
2248 2209 2473 2278 nititur;
2508 2229 2624 2282 qua:
2647 2217 2771 2269 dum
2799 2232 2892 2286 per
2920 2221 3090 2276 altare
3121 2238 3256 2293 vago
3282 2241 3442 2283 cursu
3469 2244 3560 2284 ro-

1970 2301 2169 2357 tantur,
2202 2295 2499 2354 delluentes
2531 2299 2585 2354 in
2628 2301 2800 2370 ipsam
2834 2315 3081 2374 patenam
3108 2350 3121 2372 ,
3155 2313 3338 2366 statim
3391 2315 3444 2369 in
3499 2332 3560 2373 se

1967 2385 2270 2454 conjunctae
2292 2430 2306 2454 ,
2334 2389 2485 2458 quasi
2510 2408 2666 2446 unam
2698 2410 2962 2463 genuinam
2989 2401 3402 2468 pulcherrimam
3430 2407 3560 2465 εσθ-

1965 2488 2155 2530 cerunt
2183 2495 2196 2532 :
2223 2483 2499 2553 patuitque
2551 2484 2786 2541 evidenti
2830 2488 3038 2546 ratione
3090 2505 3277 2550 contra
3317 2497 3555 2570 iniquam

1965 2581 2018 2624 et
2048 2571 2156 2626 Deo
2179 2574 2427 2630 odibilem
2455 2576 2706 2634 Ariauam
2750 2581 3021 2651 hazresim,
3053 2603 3172 2657 quae
3212 2606 3278 2649 eo
3304 2600 3549 2664 tempore

1967 2654 2281 2734 pullulabat,
2315 2669 2428 2726 hate
2458 2680 2596 2727 acta.
2631 2676 2992 2746 Agnitumque
3032 2690 3115 2737 est
3153 2696 3395 2741 sanctam
3439 2689 3554 2745 Tri-

1965 2758 2208 2827 nitatem,
2240 2760 2294 2816 in
2323 2778 2424 2817 una
2456 2766 2862 2832 omnipotentia:
2894 2774 3200 2842 aequalitate
3227 2793 3551 2847 connexam,

1965 2852 2122 2906 nullis
2149 2857 2603 2924 garrulationibus
2634 2875 2791 2928 posse
2843 2862 3098 2934 disjuugi.
3152 2867 3302 2923 Tunc
3338 2871 3553 2940 gavisus

1966 2944 2211 3013 populus,
2261 2955 2316 3000 et
2361 2946 2663 3016 intelligens
2713 2968 2909 3008 munus
2953 2955 3056 3009 sibi
3087 2957 3352 3013 indultum
3383 2959 3551 3017 fuisse

1966 3038 2234 3105 divinitus,
2287 3041 2570 3098 conferens
2609 3060 2796 3098 aurttm
2849 3061 3197 3119 gemmasque
3249 3053 3546 3124 pretiosas,

1964 3144 2178 3184 crucem
2210 3133 2356 3200 fecit,
2391 3135 2566 3204 inqua
2597 3135 2733 3190 hanc
2756 3153 3020 3206 gemmam
3050 3145 3258 3200 statuit.
3295 3147 3396 3203 Sed
3419 3164 3550 3218 pro-

1964 3223 2102 3277 tinus
2143 3239 2332 3279 omnes
2383 3227 2601 3296 reliquae
2629 3244 2854 3297 gemmae
2885 3232 2983 3287 hac
3013 3236 3305 3294 accedente
3334 3245 3548 3303 cecide-

277 3323 405 3362 vero
431 3310 481 3364 in
515 3311 740 3365 circuitu
773 3313 1206 3381 depopulabatur
1235 3315 1388 3370 villas
1409 3359 1424 3382 ,
1455 3319 1645 3375 domos
1671 3322 1850 3377 trade-

1960 3321 2102 3367 runt.
2135 3312 2285 3370 Tunc
2313 3315 2549 3385 pontifex
2582 3319 2885 3389 intelligens
2917 3339 3020 3378 non
3052 3341 3172 3383 esse
3211 3335 3539 3392 consortium

274 3399 364 3454 bat
395 3401 660 3467 incendio,
676 3417 835 3472 agros
864 3405 1154 3475 vineasque
1177 3410 1460 3475 pecoribus
1487 3411 1849 3470 intromissisr

273 3492 552 3546 vastabat:
602 3495 694 3548 sed
734 3495 998 3550 sacerdoti
1041 3497 1185 3550 bono
1217 3501 1366 3568 Operi
1417 3501 1850 3563 insistenticele-

272 3581 402 3636 riter
453 3585 622 3638 virtus
675 3585 849 3640 divitia
901 3588 1090 3642 adfuit.
1135 3587 1246 3642 Una
1299 3589 1451 3662 [Ειι.,
1496 3593 1652 3668 Nam]
1697 3605 1853 3655 nocte

272 3671 441 3726 visum
475 3684 558 3727 est
603 3676 700 3744 ipsi
739 3681 1085 3733 barbarorum
1121 3681 1230 3751 regi
1265 3684 1414 3750 quasi
1442 3686 1726 3752 psallentes
1757 3689 1854 3743 ho-
1900 3749 1904 3754 ,

271 3765 443 3818 mines
473 3765 525 3819 in
558 3769 892 3823 vestimentis
923 3771 1060 3826 albis
1085 3811 1099 3837 ,
1127 3776 1366 3829 accensis
1397 3778 1594 3844 cereis,
1625 3780 1851 3835 circuire

271 3870 458 3911 muros
488 3859 656 3914 urbis.
703 3855 769 3914 ιςι
817 3861 1125 3931 indignans,
1171 3867 1241 3917 ait
1279 3885 1289 3916 :
1323 3867 1453 3933 Quae
1477 3870 1694 3925 estbzec
1725 3889 1850 3942 per-

268 3952 496 4005 versitas
526 3961 576 4005 et
604 3955 863 4006 securitas
909 3970 1063 4019 vana,
1101 3964 1156 4008 ut
1187 3958 1414 4024 obsessi,
1447 3965 1596 4030 quasi
1628 3964 1850 4034 despec-

269 4042 333 4097 tis
367 4043 541 4108 nobis,
571 4045 793 4099 canticis
827 4045 1007 4099 nescio
1039 4047 1229 4114 quibus
1254 4064 1316 4104 ac
1341 4051 1582 4109 laudibus
1615 4066 1848 4122 perstre-

268 4134 438 4203 pant?
481 4151 606 4192 vere
660 4138 781 4206 quia
824 4137 966 4206 digni
1019 4149 1143 4193 sunt
1199 4142 1512 4209 perditione.
1557 4146 1621 4200 Et
1669 4150 1845 4204 statim

266 4228 413 4281 misit
443 4227 507 4280 ad
535 4228 720 4281 urbem
755 4229 970 4281 nuntios
991 4269 1006 4295 ,
1042 4231 1434 4300 interrogantes
1462 4235 1586 4303 quid
1617 4237 1715 4291 sibi
1747 4239 1846 4294 ista

266 4320 453 4374 velint.
497 4322 566 4375 At
593 4323 664 4374 illi
716 4333 909 4392 negant
940 4324 1078 4378 scire
1104 4339 1163 4379 se
1206 4343 1323 4395 qua:
1355 4328 1604 4384 dicuntur
1626 4377 1638 4399 ,
1673 4348 1846 4402 neque

267 4412 334 4467 de
365 4413 430 4466 iis
457 4413 633 4483 aliqua
665 4415 1153 4484 perscnsisse.Alia
1182 4433 1306 4472 vero
1331 4428 1510 4486 nocte,
1541 4422 1846 4493 viditquasi

263 4583 526 4645 appensas
555 4579 863 4639 gestarent,
894 4586 1026 4640 quas
1058 4571 1178 4626 ideo
1199 4573 1440 4644 encnlpia
1472 4577 1838 4645 appellabant,

264 4640 406 4709 quod
448 4654 607 4718 supra
658 4652 842 4711 pectus
884 4645 1193 4710 penderent.
1234 4640 1838 4718 Prmelarant‘ejusmodi

263 4725 515 4774 crucem,
575 4713 768 4780 duplici
826 4722 1132 4768 transverso
1188 4716 1443 4771 munitam
1497 4734 1559 4773 ac
1608 4713 1837 4777 \dvilicte

263 4784 435 4836 crucis
459 4799 562 4835 non
597 4785 816 4837 modicis
863 4785 1136 4850 particulis
1167 4786 1387 4841 dilatam
1411 4828 1425 4850 ,
1455 4799 1639 4844 nostro
1664 4795 1837 4848 sancti

265 4850 514 4906 Germani
560 4871 586 4904 ιι
621 4854 790 4907 Pratis
841 4857 1163 4910 monasterio
1213 4861 1558 4914 serenissima
1593 4863 1836 4930 princeps

263 4922 499 4976 I‘alat'na
529 4935 844 4998 testamento
887 4941 984 4978 suo
1028 4930 1216 4993 legavit
1258 4944 1399 4982 anno
1431 4922 1836 4998 it'85.'quam'a

261 4992 502 5047 Mauttele
556 4995 828 5069 Contneno
881 4992 1200 5064 imperatore
1245 4992 1836 5069 (Ion-t:tutinopolitan0

260 5064 448 5117 iactam
502 5067 665 5118 fuisse
715 5066 946 5118 indicant
1004 5069 1106 5117 duo
1139 5082 1325 5140 versus
1372 5069 1423 5122 in
1477 5064 1833 5140 ejus'postica

260 5145 408 5201 parte
462 5135 728 5202 insculpti.
763 5139 1027 5210 Cat-terum
1081 5138 1235 5189 hodie
1279 5140 1328 5190 in
1380 5135 1550 5193 Gallia
1595 5135 1831 5210 cpisc0pi

257 5220 468 5260 crucem
513 5207 830 5278 pectoralem
872 5207 1342 5278 tttilloappettsam
1381 5211 1578 5278 jugiter
1620 5207 1832 5269 deferre

255 5278 452 5340 solent,
496 5279 637 5347 quod
697 5277 932 5352 plerique
989 5277 1209 5352 abbates
1254 5277 1559 5352 regulares,
1592 5288 1832 5352 exceptis

255 5347 732 5414 Cistercieusibus,
765 5359 817 5402 et
846 5348 1131 5402 abbatissa:
1175 5349 1366 5401 imitari
1395 5355 1644 5416 gaudent.

333 5426 360 5454 ιι
404 5418 455 5470 In
497 5420 646 5474 Coll).
701 5430 799 5472 tut.
854 5433 971 5488 post.
1013 5419 1282 5486 prob-gum
1334 5421 1517 5490 incipit
1572 5425 1706 5478 liber
1763 5428 1828 5482 ab

253 5491 359 5544 isto
386 5492 579 5557 capite,
603 5491 850 5560 quodque
878 5491 950 5544 ibi
977 5492 1202 5560 primum
1235 5492 1430 5545 dicitur
1452 5531 1466 5558 ,
1494 5503 1546 5548 et
1575 5497 1652 5568 sic
1672 5497 1825 5553 dein-

252 5574 397 5613 cens.

318 5575 538 5684 Ill"mitiditi
564 5672 577 5695 ,
604 5631 796 5706 uteri...
831 5633 1152 5702 permitteret.
1188 5632 1312 5689 Illo.
1352 5635 1564 5706 Aliquot
1587 5637 1739 5706 Ilss.,
1771 5650 1826 5694 ut

251 5717 384 5769 eam,
405 5711 536 5768 etc.,
565 5713 626 5756 ιιι·
648 5704 808 5756 Editi.

329 5785 352 5812 ο
393 5774 524 5828 Cod.
548 5773 692 5830 Clar.
726 5791 779 5842 a,
810 5775 860 5828 in
883 5777 1146 5842 mappula.

324 5844 352 5881 ά
393 5842 724 5926 (Σιιμιθᾱιςδιίδ
761 5846 979 5900 ecclesia
1003 5847 1316 5926 r‘Vasatcnsis
1347 5853 1608 5926 hodieque
1636 5867 1820 5914 saneto

253 5914 447 5974 Joanni
475 5916 725 5986 Baptista:
753 5931 902 5974 sacra
933 5925 1015 5974 est
1037 5958 1054 5988 ,
1079 5920 1129 5974 in
1164 5935 1263 5990 qua
1293 5931 1486 5982 servari
1515 5914 1817 5986 etiamnunc

1872 4693 1922 4752 D

1958 3403 2269 3460 coelestibus
2314 3421 2432 3461 cum
2489 3412 2738 3478 terrenis,
2785 3413 3042 3471 fabricata
3095 3434 3255 3477 cruce
3297 3440 3362 3480 ex
3411 3431 3545 3484 θυι(

1959 3498 2266 3565 purissimo,
2291 3513 2406 3554 eam
2435 3516 2700 3570 gemmam
2733 3506 2910 3560 media
2933 3507 3337 3580 intercapedine
3367 3514 3538 3586 loeat,

1955 3584 2010 3642 et
2051 3591 2248 3659 populo
2304 3591 2630 3648 adorandam
2663 3597 2884 3665 pra‘bel.
2917 3598 3027 3655 Nec
3051 3619 3220 3672 mora,
3245 3607 3447 3679 fugato,
3483 3584 3541 3670 ut

1955 3679 2216 3746 diximus,
2279 3683 2451 3750 hoste,
2494 3687 2683 3744 civitas
2737 3690 2961 3745 liberata
3005 3705 3106 3749 est.
3158 3699 3274 3754 Jam
3325 3718 3391 3758 ex
3435 3706 3539 3762 hoc

1956 3775 2110 3830 multi
2157 3777 2353 3832 inlirmi
2403 3780 2594 3836 hausto
2645 3778 2768 3837 vino
2817 3787 2900 3841 vel
2943 3805 3078 3859 aqua
3111 3791 3160 3845 in
3195 3805 3296 3862 qua
3324 3811 3538 3864 gemma

1954 3865 2208 3933 abluitur,
2243 3873 2486 3938 protinus
2527 3876 2740 3929 sanitati
2784 3879 3098 3936 redduntur.
3143 3883 3380 3956 Denique
3411 3906 3535 3946 cum

1953 3962 2170 4016 adorata
2229 3963 2406 4031 fuerit,
2460 3967 2503 4020 si
2555 3981 2585 4020 a
2633 3979 2849 4037 peccato
2872 3981 2955 4026 est
2983 3974 3143 4029 homo
3175 3978 3450 4049 immunis,
3484 3995 3538 4041 et

1955 4055 2066 4122 ipsa
2092 4065 2313 4124 apparet
2342 4058 2484 4111 clara
2522 4076 2534 4112 :
2565 4070 2815 4116 Caeterum
2848 4063 2913 4126 si,
2951 4073 3005 4119 ut
3048 4068 3361 4140 plerumque
3386 4089 3536 4132 asso-

1953 4145 2047 4214 let,
2079 4147 2322 4202 humame
2350 4148 2617 4217 fragilitati
2642 4152 2834 4222 aliquid
2854 4156 3102 4213 detulerit
3133 4161 3392 4232 criminis,
3420 4177 3532 4226 tota

1950 4237 1998 4290 ei
2031 4237 2238 4292 videtur
2282 4239 2504 4294 obscura
2535 4283 2549 4306 ,
2578 4242 2874 4313 miramque
2908 4248 3108 4315 praebet
3147 4253 3528 4314 discretionem

1949 4329 2090 4384 inter
2123 4331 2461 4387 innocentem
2493 4335 2656 4406 738
2711 4346 2762 4390 et
2793 4339 3054 4408 noxium;
3109 4358 3229 4399 cum
3274 4329 3363 4404 uni
3389 4361 3533 4420 atra,

1948 4420 2102 4476 alteri
2125 4432 2449 4478 monstretur
2475 4427 2772 4493 splendida.

1947 4581 2139 4662 dicitur
2165 4581 2363 4652 aliquid
2395 4584 2461 4639 de
2508 4588 2766 4657 sanguine
2813 4591 3054 4661 ejusdem
3099 4595 3240 4653 beati
3280 4615 3522 4670 praecor.

1948 4669 2106 4707 SOI'IS.

2020 4733 2043 4804 ξ
2086 4725 2299 4804 aliquot
2327 4727 2474 4791 3183..
2508 4732 2569 4804 ab
2596 4731 2804 4787 Hunni;
2825 4775 2838 4796 ,
2869 4735 3007 4804 quod
3039 4737 3178 4793 idem
3203 4751 3303 4794 est.

2021 4793 2040 4832 τ
2085 4793 2317 4876 5155.9;
2338 4793 2846 4876 pecornnintruritissu
2867 4793 2898 4872 ,’
2919 4808 3156 4861 adhibito
3183 4820 3374 4876 quarto
3405 4829 3528 4868 casu

1947 4865 2065 4919 loco
2094 4869 2250 4946 sexti.
2276 4865 2476 4951 ’I‘amen
2503 4870 2654 4927 Colb.
2690 4865 3029 4931 tut.et't.'lar.
3064 4879 3097 4933 b
3129 4865 3529 4951 habentpet'pc:

1943 4953 2064 4988 cora
2097 4944 2408 4993 intromissa.

2017 5015 2048 5086 Β,
2083 5006 2426 5092 ϐθηεξξιίριιιιι
2464 5011 2844 5092 νιιιιιΙ-ᾳιοτιιιιιΔ
2871 5033 3048 5086 regem
3094 5023 3232 5088 apud
3260 5025 3521 5092 quosdam

1943 5078 2189 5157 antiquos
2220 5078 2533 5162 Gais‘vritlum
2582 5084 2779 5138 dictum
2832 5078 3068 5162 invenio,
3127 5078 3215 5162 qui
3265 5078 3524 5150 forteltic

1943 5149 2269 5221 designatur.
2320 5151 2653 5206 Prieferenda
2699 5165 2872 5210 tamen
2914 5149 3294 5218 videtur'esse
3324 5149 3520 5221 Valesii‘

1937 5220 2198 5295 sententia
2229 5222 2529 5295 scrihent's.
2565 5225 2629 5276 ad
2670 5240 2866 5280 aunmn
2920 5230 3046 5295 457,
3097 5241 3241 5288 tonio
3273 5236 3289 5287 I
3319 5220 3516 5292 Rerum

1937 5287 2204 5373 Francia"
2237 5289 2375 5344 hunc
2406 5292 2749 5373 Gausericttm
2784 5314 2960 5368 regem
2988 5287 3149 5357 fuisse
3180 5287 3512 5373 Chunoi‘uin,

1934 5373 2030 5442 seu
2064 5360 2397 5426 Iltmnorum,
2446 5380 2579 5442 qth
2629 5360 2884 5442 Romani,
2939 5381 3130 5441 agente
3178 5375 3345 5442 .‘Etio,
3393 5360 3546 5433 tunc.

1933 5432 2254 5519 advocarzmt
2274 5444 2462 5519 contra
2499 5433 2755 5518 Gotthos,
2796 5432 2884 5519 qui
2915 5432 3032 5496 eain
3067 5447 3248 5519 Gallia:
3282 5432 3510 5519 partem,

1933 5502 2022 5578 ubi
2053 5504 2238 5578 (iussio
2274 5503 2544 5578 Vasatium
2573 5507 2672 5561 sita
2697 5502 2928 5578 est,'jam
2959 5525 3082 5568 tunc
3105 5502 3436 5574 obtinebant.

2010 5571 2046 5655 ιι.
2078 5575 2354 5628 Missurum
2385 5577 2673 5660 celebratio
2699 5571 3007 5651 festi'genus
3023 5571 3510 5660 censebaturapu"

1938 5645 2214 5717 antiquos,
2250 5656 2306 5717 ut
2358 5661 2423 5699 ex
2475 5649 2574 5700 hoc
2622 5650 2740 5703 loco
2789 5645 2864 5707 etv
2895 5671 2961 5709 ex
3013 5673 3130 5713 can.
3174 5661 3236 5712 17
3273 5645 3511 5717 concinit

1932 5714 2136 5839 annon.
2162 5716 2359 5786 colligit
2391 5718 2662 5774 MabiIlon.
2692 5721 2743 5774 in
2779 5730 3037 5793 protentio
3069 5729 3161 5784 lib.
3188 5746 3225 5784 ιι
3256 5714 3510 5803 Liturgiai

1980 5803 2007 5839 a
2055 5803 2120 5839 te.

1980 5788 2120 5840 allic.

2009 5855 2022 5894 ί
2069 5857 2122 5910 Id
2159 5865 2242 5910 est
2293 5859 2513 5922 fornice,
2585 5878 2680 5919 seu

2009 5855 2022 5894 ί
2069 5857 2122 5910 Id
2159 5865 2242 5910 est
2293 5859 2513 5922 fornice,
2585 5878 2680 5919 seu
2731 5868 2904 5936 potius
2952 5853 3196 5942 laqueari
3235 5890 3298 5930 ex
3344 5877 3506 5946 ligno.

1930 5927 2084 5995 Vide,
2117 5928 2274 5998 infra,
2305 5946 2424 5998 cap.
2456 5933 2543 5988 47.
2854 5976 2858 5980 .
3333 5973 3335 5975 ι

2069 5968 2084 5995 ,
2117 5968 2274 5998 llll|',
2305 5968 2424 5998 ναι).
2456 5968 2543 5988 τι.
2854 5976 2858 5980 ”
3333 5973 3335 5975 ’
