4132 6348
566 316 672 374 τις)

1169 429 1394 488 CAPUT
1436 430 1573 487 XIV.

609 549 686 605 De
710 549 919 604 muliere
956 563 1070 617 ([th
1098 547 1312 602 obtinuit
1341 548 1577 620 pollicem
1611 545 1828 604 Joannis
1850 545 2114 619 Baptistae.

646 666 778 719 Nam
812 663 961 737 (litt,
1005 663 1198 734 Etiam)
1228 663 1469 735 quoidam
1505 663 1696 720 mulier
1723 673 1748 701 ἰ
1783 680 1810 718 a
1844 663 2151 718 Maurienna

576 759 706 813 urbe
734 757 1108 828 progrediens,
1136 757 1301 825 ipsius
1325 755 1679 811 Praecursoris
1700 757 1951 824 reliquias
1992 769 2155 824 expe-

573 850 715 916 tivit,
747 857 801 904 et
841 849 912 902 ita
939 863 996 902 se
1021 849 1344 902 constrinxit
1388 849 1601 903 vinculo
1629 847 1939 916 juramcnti,
1967 854 2026 900 ut
2047 861 2152 900 non

569 950 695 996 ante
716 955 744 994 a
796 942 914 996 loco
943 941 1262 1004 discederet,
1309 940 1408 995 nisi
1452 941 1519 996 de
1549 941 1806 996 membris
1835 939 1951 1009 ejus
1982 953 2157 993 mere-

569 1043 717 1088 retur
745 1033 1029 1103 quidquam
1074 1033 1343 1103 accipere.
1396 1032 1500 1088 Sed
1533 1047 1658 1086 cum
1701 1030 2028 1100 impossibile
2054 1030 2157 1085 hoc

567 1125 760 1180 incolae
794 1125 893 1178 loci
944 1131 1265 1189 narrarent,
1297 1123 1738 1194 proslernebatur
1766 1122 2005 1194 quotidie
2031 1131 2156 1178 ante

567 1217 897 1287 sepulcrum,
931 1232 1093 1271 orans
1149 1216 1269 1282 sibi,
1302 1223 1359 1269 ut
1407 1215 1662 1284 diximus,
1689 1215 1760 1270 de
1785 1215 1983 1270 sanctis
2011 1223 2158 1269 artu-

570 1311 667 1365 bus
693 1310 868 1380 aliqua
899 1309 1210 1363 condonari.
1262 1308 1319 1363 In
1375 1323 1478 1378 qua
1539 1309 1835 1362 intentione
1889 1306 2156 1377 integrum

568 1401 721 1454 duxit
742 1415 964 1454 annum.
993 1397 1254 1454 Similiter
1283 1406 1340 1454 et
1369 1397 1596 1453 alterum
1615 1439 1629 1464 ,
1655 1397 1767 1469 jugi
1790 1411 2009 1466 semper
2037 1412 2158 1452 ora-

569 1493 715 1548 tione
743 1491 1065 1559 deposcens.
1099 1489 1283 1545 Tertio
1312 1505 1441 1545 vero
1465 1490 1798 1560 ingrediente
1827 1505 1988 1554 anno,
2024 1504 2146 1544 cum

568 1584 865 1640 orationem
895 1598 1045 1638 suam
1080 1584 1363 1653 pervenire
1381 1598 1485 1637 non
1511 1592 1762 1638 cerneret
1790 1582 1856 1637 ad
1880 1582 2154 1649 ell'ectum,

571 1677 791 1746 proiecit
845 1691 904 1732 se
959 1685 1083 1731 ante
1113 1677 1448 1746 sepulcrum;
1508 1685 1565 1730 et
1613 1677 1914 1730 obtestatur
1952 1691 2057 1730 non
2099 1689 2158 1730 se

573 1767 762 1823 exinde
802 1777 1185 1834 surrecturam,
1237 1769 1547 1840 priusquam
1572 1768 1688 1824 lucc
1719 1769 1910 1836 petitio
1941 1769 2152 1824 obtine-

570 1870 769 1914 retura
795 1859 1016 1914 Sancto.
1069 1859 1308 1928 Septima
1351 1875 1478 1914 vero
1524 1860 1632 1925 die,
1687 1859 1940 1929 cumjam
1980 1861 2153 1916 inedia

570 1953 853 2020 deficeret,
886 1955 1316 2023 apparuitsuper
1347 1953 1518 2009 altare
1547 1953 1725 2023 pollex
1760 1955 1877 2009 miri
1907 1957 2157 2011 candoris

565 2059 630 2098 ac
659 2043 795 2099 lueis
818 2045 1101 2114 effulgens.
1127 2045 1358 2114 Cognito
1397 2055 1574 2101 autem
1620 2046 1814 2101 mulier
1845 2047 1939 2101 Dei
1969 2047 2115 2102 dono
2139 2089 2154 2114 ,

569 2135 805 2192 surrexit
847 2151 875 2190 a
901 2137 1238 2206 pavimento,
1266 2137 1512 2207 factaque
1541 2139 1758 2207 capsula
1790 2154 1976 2205 aurea,
2013 2140 2066 2194 in
2091 2155 2156 2196 ea

569 2229 872 2285 recondidit
923 2245 1043 2300 qua:
1096 2231 1322 2286 Domino
1367 2231 1629 2302 largiente
1683 2243 1974 2300 meruerat,
2005 2234 2160 2288 etsic

567 2322 805 2392 gaudens
837 2323 1097 2378 remeavit
1150 2323 1214 2378 ad
1272 2327 1533 2394 propria:
1590 2325 1973 2396 impletumque
1996 2327 2158 2382 estin

569 2414 661 2469 illa
706 2414 847 2484 quod
905 2415 1165 2470 Dominus
1215 2415 1288 2470 ait
1337 2416 1390 2470 in
1448 2415 1780 2487 Evangelio:
1837 2419 1997 2472 Amen
2043 2419 2160 2472 dico

568 2505 731 2572 vobis,
762 2506 899 2574 quod
920 2508 963 2559 si
990 2507 1382 2574 perseveraverit
1415 2511 1627 2577 pulsam
1649 2506 1700 2573 δ,
1724 2518 1771 2561 et
1799 2510 1844 2562 si
1873 2526 1975 2564 non
1997 2511 2162 2582 surgit

569 2613 664 2667 pro
692 2613 749 2651 eo
780 2598 917 2665 quod
938 2608 1134 2650 amicus
1160 2598 1272 2667 ejus
1293 2599 1391 2665 sit,
1425 2608 1632 2669 pt'Oplet'
1671 2599 2047 2670 improbitatem
2077 2612 2162 2655 ta-

571 2705 688 2742 men
726 2689 836 2760 ejus
858 2701 1052 2760 surget,
1076 2698 1124 2742 et
1151 2690 1335 2742 tribuet
1375 2690 1421 2744 ei
1452 2701 1696 2760 quotquot
1743 2690 1892 2745 habet
1922 2709 2162 2746 necessa-

572 2780 677 2834 rios
709 2777 857 2849 (Luc.
892 2795 964 2844 xt,
998 2777 1074 2849 8).
1134 2778 1261 2833 Post
1293 2779 1408 2833 haec
1438 2789 1546 2834 tres
1587 2780 1824 2850 episcopi
1875 2781 2164 2838 advenien-

572 2881 654 2928 tes
681 2871 750 2926 de
793 2871 1096 2926 civitatibus
1149 2872 1261 2926 suis
1315 2873 1380 2925 ad
1427 2872 1758 2928 adorandum
1809 2874 1862 2928 in
1898 2875 1999 2930 hoc
2022 2876 2162 2944 loco,

574 2966 864 3019 voluerunt
890 2971 1095 3032 partem
1127 2962 1195 3018 de
1227 2964 1327 3018 hoc
1361 2965 1584 3034 pignore
1610 2967 1807 3022 elicere
1834 2985 1848 3022 :
1883 2970 2166 3039 positoque

575 3055 629 3107 in
661 3054 859 3122 medio,
891 3053 1021 3109 nihil
1053 3053 1274 3108 omnino
1295 3054 1506 3109 auferre
1541 3065 1853 3112 notuerunt.
1885 3057 2036 3114 Tunc
2063 3074 2166 3114 una

575 3146 855 3217 vigilantes
878 3154 1065 3217 nocte,
1100 3148 1371 3215 deprecati
1409 3155 1536 3200 sunt
1563 3157 1618 3202 ut
1647 3149 1848 3219 aliquid
1893 3166 2164 3206 mereren-

1603 308 1661 368 S.
1700 305 2021 370 GREGORII
2059 305 2365 368 EPISCOPI
2403 304 2834 366 TURONENSIS

2184 434 2238 493 Α
2263 444 2370 502 quo
2397 429 2566 484 Rufus
2597 437 2713 486 crat
2740 427 3051 498 episcopus,
3088 425 3162 480 ait
3189 421 3601 481 archidiaconus
3632 423 3748 496 ejus
3777 425 3844 481 ad

3736 301 3844 359 720

2257 538 2378 578 eum
2407 540 2419 576 :
2451 522 2566 577 Non
2591 531 2674 576 est
2715 536 2926 590 aequum
2960 528 3017 573 ut
3065 519 3165 573 hoc
3209 517 3401 589 pignus
3433 517 3484 572 in
3521 517 3640 572 loco
3667 516 3850 572 viliori

2259 625 2538 682 teneatur;
2569 615 2659 670 sed
2685 631 2864 684 surge,
2892 624 2940 668 ct
2966 612 3090 667 illud
3124 612 3326 682 accipe,
3359 621 3412 665 et
3440 611 3588 666 defer
3616 611 3685 664 ad
3706 610 3848 665 Tau-

2257 709 2525 764 rinensem
2556 707 2864 773 ecclesiam,
2892 721 3010 776 qua:
3034 706 3153 774 plus
3173 703 3452 774 popularis
3478 702 3725 757 habetur.
3745 703 3847 758 Cui

2259 803 2348 857 ille
2371 801 2647 872 respondit
2667 801 2786 870 quia
2818 799 2933 854 haec
2954 814 3112 869 agere
3142 813 3248 853 non
3273 796 3524 851 audebat.
3563 796 3849 852 Archidia-

2257 910 2425 950 conus
2452 895 2585 948 dixit
2611 911 2623 946 :
2652 894 2760 962 Ego
2790 893 2891 946 hoc
2922 890 3183 956 deferam,
3239 891 3283 943 si
3317 888 3600 958 permittis.
3636 887 3704 943 Et
3727 889 3846 958 cpi-

2260 1002 2457 1056 scopus
2490 1003 2502 1039 :
2536 984 2642 1040 Fac
2671 984 2811 1054 quod
2844 984 2990 1038 libet.
3036 983 3187 1038 Tunc
3231 979 3643 1035 archidiaconus
3693 994 3850 1036 acce-

2258 1080 2393 1138 dens
2417 1079 2481 1134 ad
2510 1081 2682 1135 locum
2703 1118 2719 1145 ,
2749 1079 2876 1133 dum
2911 1076 3120 1148 vigilias
3150 1075 3412 1138 celebrat,
3437 1073 3598 1129 mittit
3630 1089 3846 1129 manum

2260 1171 2327 1227 ad
2350 1171 2645 1240 capsulam.
2675 1171 2791 1225 Mox
2838 1183 3026 1224 aniens
3076 1169 3318 1238 effectus,
3366 1183 3627 1224 accensus
3673 1167 3846 1234 febre,

2259 1266 2346 1320 die
2378 1264 2536 1319 tertio
2580 1263 2905 1334 exspiravit;
2961 1262 3239 1332 factusque
3288 1269 3372 1317 est
3420 1263 3579 1316 timor
3626 1277 3849 1332 magnus

2189 1391 2200 1406 .
2261 1355 2531 1421 omnibus,
2566 1370 2667 1410 nec
2713 1355 3001 1425 quisquam
3049 1353 3189 1408 ultra
3235 1351 3386 1408 beata
3435 1353 3657 1424 pignora
3688 1367 3850 1408 ausus

2261 1454 2346 1500 881
2367 1457 2596 1502 mutare.

2867 1536 3098 1596 CAPUT
3135 1537 3254 1596 XV.

2264 1648 2339 1704 De
2385 1649 2613 1720 reliquiis
2637 1647 2764 1704 beati
2764 1647 3022 1775 Joannis
3063 1651 3205 1733 infra
3254 1650 3618 1706 monasterium
3672 1651 3837 1706 sancti

2825 1735 2976 1775 artim
3009 1735 3206 1775 vosttts.

2825 1735 2976 1776 artim
3008 1735 3206 1792 positis.

2188 1813 2234 1872 Β
2337 1835 2490 1906 Apud
2517 1846 2540 1874 ο
2570 1836 2890 1891 Turonicam
2924 1849 3052 1890 vero
3081 1834 3291 1901 urbem,
3315 1834 3441 1889 dum
3471 1837 3525 1890 in
3561 1835 3852 1891 oratorium

2260 1929 2379 1982 atrii
2410 1929 2554 1983 beati
2605 1928 2816 1983 Martini
2856 1929 3023 1998 ipsius
3055 1928 3414 1983 l’raacursoris
3444 1928 3706 1998 reliquias
3733 1930 3845 1984 eol-

2268 2020 2592 2087 locaremus,
2646 2033 2822 2075 caecus
2865 2019 3103 2088 quidam,
3161 2019 3489 2076 adminiculo
3531 2020 3852 2087 deducente,

2262 2111 2440 2166 lumen
2492 2112 2716 2181 recepit.
2765 2111 3172 2179 Energumenus
3203 2126 3336 2167 vero
3376 2111 3656 2167 obtestans
3681 2113 3855 2167 virtu-

2264 2214 2368 2259 tem
2391 2205 2530 2260 beati
2553 2204 2792 2269 Joannis,
2820 2204 3136 2273 Martinique
3166 2204 3448 2270 antistitis,
3471 2206 3702 2274 expulso
3727 2220 3855 2274 pur-

2263 2305 2415 2364 gatus
2447 2303 2529 2350 est
2557 2294 2825 2348 dat-mone.
2878 2293 2935 2347 In
2993 2294 3094 2349 hoc
3141 2294 3376 2348 oratorio
3403 2309 3507 2348 una
3554 2295 3859 2363 puellarum

2263 2385 2348 2441 cui
2377 2385 2612 2440 officium
2640 2393 2756 2440 erat
2804 2383 2968 2456 ’140
3015 2383 3198 2455 lychni
3231 2384 3464 2438 fomenta
3498 2398 3858 2453 componere,

2265 2481 2556 2536 adveniam
2613 2495 2731 2534 cum
2783 2495 2946 2536 cereo
2979 2489 3037 2535 ut
3068 2480 3180 2535 haec
3222 2490 3423 2550 ageret,
3449 2477 3535 2536 es!
3566 2481 3810 2550 ingressa
3844 2498 3859 2536 :

2265 2572 2676 2642 compositoque
2705 2572 2900 2643 lychno
2951 2581 3112 2643 atque
3151 2587 3410 2635 accenso,
3443 2580 3676 2628 attracto
3701 2573 3764 2625 ad
3798 2585 3860 2626 se

2266 2663 2414 2732 fune,
2443 2664 2752 2720 sublimavit
2797 2665 2850 2718 in
2909 2663 3074 2718 altum
3105 2707 3119 2733 ,
3150 2665 3426 2735 plexisque
3452 2663 3470 2702 ί
3497 2665 3752 2720 innexum
3784 2666 3864 2719 la-

2274 2757 2431 2827 queis
2477 2757 2542 2811 ad
2591 2757 2811 2826 parietis
2839 2756 3074 2822 clavum,
3111 2766 3165 2811 et
3221 2756 3501 2810 abscessit.
3547 2757 3678 2824 Quae
3732 2758 3861 2814 dum

2270 2850 2429 2916 redit,
2480 2863 2672 2906 cereus
2720 2865 2880 2920 quem
2913 2864 3070 2918 manu
3119 2849 3341 2918 gerebat
3372 2850 3748 2920 exstinguitur,
3775 2865 3867 2906 re-

2268 2957 2556 3012 gressaque
2584 2943 2842 2998 velociter
2863 2940 2928 2995 ad
2955 2942 3296 3007 cicendilcm,
3328 2957 3537 2998 cereum
3568 2957 3673 2996 non
3697 2944 3870 2997 attin-

2269 3035 2430 3102 gebat
2478 3035 2808 3099 illuminare,
2860 3049 3037 3102 neque
3094 3035 3340 3104 laqueum
3395 3033 3530 3088 funis
3552 3033 3867 3090 absolvere.

2274 3126 2408 3180 Dum
2433 3127 2685 3195 ambigua
2713 3126 2780 3180 de
2813 3125 2912 3180 hac
2944 3140 3104 3180 causa
3133 3126 3413 3196 penderet,
3448 3126 3625 3181 subito
3641 3126 3868 3196 delapsa

577 3248 664 3294 tur
693 3253 722 3293 a
754 3237 947 3307 pollice
975 3253 988 3302 ;
1022 3235 1302 3306 positoque
1341 3237 1442 3291 sub
1469 3253 1532 3292 eo
1577 3203 1762 3306 lintco',
1807 3241 1935 3294 dum
1963 3251 2163 3310 partem

2273 3235 2301 3272 a
2328 3220 2580 3275 cicindilc
2611 3220 2845 3285 flamma,
2881 3233 3100 3275 cereum
3134 3221 3184 3274 in
3217 3235 3378 3274 manu
3425 3221 3544 3287 ejus
3589 3220 3869 3274 illumina-

578 3332 790 3388 auferre
820 3340 1106 3397 conantur,
1136 3346 1239 3385 una
1271 3345 1336 3385 ex
1369 3346 1433 3384 eo
1462 3341 1610 3400 gutta
1667 3334 1944 3401 sanguinis
1975 3335 2170 3390 recidit

583 3439 746 3493 super
774 3423 1020 3477 linteum.
1045 3422 1196 3488 Quod
1223 3430 1538 3488 cernentes,
1565 3424 1696 3477 duas
1727 3424 1890 3495 739
1917 3426 2169 3496 deinceps

582 3524 769 3570 noctes
793 3513 1029 3583 vigilant.
1049 3515 1250 3569 Deinde
1272 3515 1523 3584 prostrati
1556 3530 1739 3570 coram
1773 3527 1958 3572 sancto
1989 3518 2166 3586 altari,

580 3611 709 3664 dum
741 3607 1042 3678 supplicant
1086 3614 1145 3661 ut
1186 3606 1361 3661 adhuc
1387 3606 1558 3675 majus
1579 3605 1777 3675 aliquid
1811 3618 2118 3662 mereantur
2141 3623 2169 3664 a

581 3701 795 3772 pollice,
845 3701 963 3755 dua:
1004 3699 1197 3754 iterum
1237 3715 1304 3754 ex
1345 3713 1411 3754 eo
1461 3700 1731 3752 illuxerunt
1775 3708 1959 3770 guttae.
1999 3700 2068 3754 At
2095 3701 2169 3756 illi

582 3793 773 3865 gavisi,
818 3792 1136 3862 colligentes
1181 3790 1374 3844 devote
1426 3806 1546 3860 qua:
1599 3790 1857 3844 Dominus
1906 3791 2166 3864 dederat,

583 3887 737 3956 juxta
774 3899 1055 3940 numerum
1079 3897 1232 3936 suum
1259 3892 1280 3920 ο
1301 3882 1599 3937 diviserunt
1627 3883 1847 3936 linteum
1871 3897 1988 3936 cum
2008 3887 2169 3955 guttis

579 3983 716 4047 suis,
759 3997 878 4051 quae
901 3995 1005 4035 non
1029 3979 1150 4034 sine
1177 3977 1361 4047 grandi
1392 3977 1745 4032 admiratione
1774 3979 1994 4032 urbibus
2022 3979 2166 4034 intu-

576 4077 777 4134 ierunt.
826 4073 894 4128 Et
924 4071 1047 4142 quia
1093 4071 1243 4126 locus
1273 4069 1363 4124 ille
1411 4069 1831 4124 Maurienncnsis
1878 4069 1943 4123 ad
1977 4068 2168 4124 Tauri-

581 4182 803 4226 ncnsem
845 4165 1113 4238 quondam
1151 4161 1180 4202 ἀ
1237 4163 1422 4220 urbem
1453 4162 1772 4233 pertinebat,
1806 4174 2047 4234 tempore
2074 4163 2168 4220 illo

659 4363 685 4393 ι
723 4353 848 4407 llrec
892 4349 959 4404 ab
1008 4348 1228 4404 Alberto
1276 4345 1524 4400 Stadensi
1577 4346 1626 4400 in
1684 4346 1952 4402 Chronico
2002 4347 2169 4403 Tecla

585 4427 734 4492 virgo
763 4422 1082 4491 appellatur,
1111 4418 1196 4473 ubi
1218 4418 1385 4472 sancti
1408 4416 1626 4471 Joannis
1643 4418 1859 4472 indicent
1881 4419 2173 4476 obtinuisse

583 4497 795 4551 dicitur.

657 4567 682 4646 lt
724 4562 864 4646 filii...
887 4561 1138 4646 pulsare;
1183 4567 1239 4646 et
1267 4557 1403 4646 infra
1425 4558 1581 4646 "Mss.
1613 4568 1860 4630 quatuor,
1893 4563 2087 4634 surgit,
2121 4570 2172 4616 et
2199 4585 2253 4646 D

585 4638 778 4698 tribuit,
810 4629 949 4690 Clar.
985 4634 1040 4696 Ι),
1071 4638 1264 4702 surget,
1299 4639 1344 4683 ct
1369 4629 1562 4702 tribuit.

657 4723 678 4749 ο
727 4707 944 4777 Aliquot
993 4703 1125 4758 Mss.
1163 4699 1292 4756 cum
1342 4699 1538 4767 editis,
1593 4716 1859 4756 numerum
1908 4719 2169 4758 servorum

588 4796 821 4835 suorum.

651 4851 676 4889 ά
719 4851 873 4904 (Jolb.
920 4862 949 4901 a
978 4888 994 4915 ,
1035 4843 1334 4918 quamdam.
1359 4915 1367 4918 _
1389 4842 1529 4899 Urbs
1556 4843 1643 4896 illa
1673 4843 1900 4918 primunm
1935 4847 1999 4918 ad
2027 4847 2172 4900 Tau-

583 4925 853 4978 rincnscm
907 4915 1183 4973 dioecesim
1238 4915 1524 4983 pertinuit,
1562 4928 1671 4967 tum
1715 4931 1744 4968 a
1796 4915 2022 4971 Francis
2072 4919 2169 4970 sub

585 4995 922 5048 Guntramno
951 5003 1074 5056 rege
1099 4997 1354 5052 occupata
1386 4986 1695 5054 episcnpum
1736 4991 2005 5054 proprium
2031 4989 2169 5041 obti-

586 5067 720 5133 nuit,
755 5065 843 5130 qui
881 5059 1273 5133 Dareutasiensi
1309 5059 1722 5133 metropolitano
1753 5057 2033 5133 attributus
2061 5071 2163 5113 est.

582 5126 720 5190 "ind
769 5126 819 5188 in
846 5135 1066 5189 uetustis
1095 5129 1409 5198 quibusdam
1462 5126 1660 5182 ll0liliii
1692 5127 1831 5181 inter
1880 5132 2166 5194 provincia:

580 5209 790 5274 Alpium
825 5203 1104 5258 Gtaiarum
1134 5199 1564 5274 etl’enuinaruui
1598 5199 1860 5274 civitates,
1895 5201 2165 5254 Morienna

582 5271 772 5332 ultimo
803 5277 920 5329 loco
951 5280 1281 5328 recensetur.
1319 5271 1391 5324 Ea
1423 5280 1599 5322 tamen
1641 5271 1707 5323 de
1749 5286 1806 5323 re
1841 5283 2165 5340 c0nqucstus

581 5360 664 5402 est
719 5348 992 5403 Ursicinus
1043 5343 1389 5397 Taurinensis
1431 5343 1734 5408 episcopos,
1791 5352 1846 5393 ttt
1903 5354 2044 5409 patet
2097 5358 2164 5396 ex

582 5417 823 5486 Gregorii
849 5417 1019 5483 Magni
1050 5413 1274 5486 epistola
1313 5413 1408 5465 lli
1444 5413 1560 5464 libri
1604 5426 1674 5464 vn
1704 5411 1813 5464 ind.
1846 5412 1901 5486 2,
1933 5411 2166 5486 atl__S_va-

581 5483 749 5553 grium
779 5489 1085 5553 episcopum
1131 5483 1457 5536 .eizduensem
1477 5520 1494 5545 ,
1543 5489 1599 5534 et
1627 5483 1872 5553 sequenti
1896 5483 1961 5534 ad
1990 5483 2162 5534 'l‘heo-

581 5552 824 5611 doricum
851 5567 903 5609 ct
932 5553 1361 5608 Theodebertum
1397 5567 1568 5618 teges.
1618 5552 1721 5604 Sed
1749 5553 1880 5606 nihil
1909 5553 2156 5620 obtinuit,

586 5639 641 5680 et
691 5629 884 5680 exinde
939 5623 1360 5680 Maurieunensis
1401 5625 1735 5689 episcopatus
1764 5627 2122 5690 perseveravit
2147 5667 2159 5686 ,

585 5699 848 5766 hodieque
893 5695 1170 5759 subsistit,
1221 5694 1314 5748 sed
1363 5695 1462 5746 sub
1518 5692 1806 5748 Viennensi
1853 5696 2159 5762 mett'Opoli.

588 5769 726 5824 Urbs
757 5781 883 5821 vero
915 5768 1024 5832 ipsa
1054 5766 1123 5816 ob
1153 5766 1529 5818 miraculorum
1564 5769 1731 5820 sancti
1783 5769 2006 5823 Joannis
2037 5771 2163 5824 reli-

581 5842 826 5924 quiarum
874 5835 1236 5895 celebritatem
1287 5836 1464 5910 vulgo,
1524 5838 1661 5893 sicut
1709 5850 1758 5892 ct
1820 5841 1928 5914 ipsa
1984 5842 2159 5916 vallis,

2249 3313 2389 3376 ‘vit;
2425 3319 2480 3366 et
2500 3313 2577 3365 sic
2608 3311 2788 3366 officio
2812 3311 3032 3364 luminis
3084 3322 3374 3380 praeeunte,
3410 3326 3518 3382 quo
3546 3312 3715 3366 voluit
3748 3314 3865 3368 ivit.

2274 3406 2477 3462 Ferunt
2504 3414 2680 3460 autem
2707 3406 2758 3459 in
2790 3405 2892 3460 hoc
2920 3403 3157 3459 oratorio
3199 3420 3226 3458 a
3273 3405 3470 3477 lychno
3496 3407 3675 3461 oleum
3706 3407 3870 3461 ebul-

2274 3497 2390 3552 lire.
2423 3496 2702 3552 [labentur
2733 3495 2876 3550 enim
2914 3505 2939 3543 Β
2973 3505 3027 3550 et
3058 3495 3127 3550 ibi
3169 3497 3409 3567 reliquiae
3440 3507 3642 3558 sanctzc
3664 3499 3869 3553 crucis.

2889 3610 3119 3666 CAPUT
3163 3610 3298 3666 XVI.

2384 3702 2457 3756 De
2473 3703 2658 3757 ardore
2687 3718 2871 3756 manus
2913 3704 3192 3775 cujusdam
3230 3704 3459 3760 mulieris
3481 3708 3751 3761 exstincto.

2346 3796 2457 3852 Sub
2487 3796 2645 3866 hujus
2669 3795 2818 3850 urbis
2845 3783 3117 3850 territorio
3145 3798 3281 3865 apud
3315 3799 3487 3852 vicum
3522 3798 3871 3869 Alangavien-

2271 3904 2382 3945 seni
2407 3886 2461 3954 h,
2497 3892 2686 3944 mulier
2715 3889 2960 3961 quasdam
3007 3905 3070 3944 ex
3103 3889 3310 3956 incoiis,
3353 3904 3644 3958 conspersa
3675 3893 3870 3948 Domi-

2272 3981 2391 4037 nica
2434 3982 2518 4037 die
2559 3982 2753 4052 farina,
2787 3996 2982 4052 panem
3033 3981 3303 4046 formavit,
3331 3997 3515 4051 quem,
3566 3986 3871 4056 segregatis

2274 4075 2482 4146 prunis,
2507 4075 2688 4130 cinere
2718 4075 2940 4147 ferventi
2974 4076 3214 4129 contexit
3241 4075 3670 4145 decoquendum.
3706 4079 3872 4143 Quod

2273 4183 2394 4224 cum
2420 4167 2636 4223 fecisset
2662 4209 2676 4236 ,
2711 4167 2952 4237 protinus
2983 4167 3034 4223 ei
3060 4181 3247 4221 manus
3277 4167 3496 4223 dextera
3524 4167 3714 4223 divino
3740 4170 3871 4240 igne

2274 4349 2469 4405 dicitur
2507 4350 2736 4404 Sanctus
2776 4346 3008 4403 Joannes
3049 4347 3117 4402 de
3162 4346 3468 4402 Manrienna
3515 4347 3871 4415 (Sciat-Icari

2277 4424 2340 4476 (te
2359 4420 2878 4483 Mamieune).\’etus
2911 4421 3320 4472 instrumentum
3349 4420 3416 4473 de
3437 4421 3681 4473 ecclesiae
3711 4419 3871 4475 Mau-

2277 4493 2583 4548 riennensis
2617 4491 2921 4559 primordiis
2950 4491 3195 4542 dabimus
3239 4492 3289 4542 in
3321 4491 3640 4558 appendice.

2352 4574 2374 4600 υ
2417 4563 2527 4617 Hoc
2567 4571 2726 4631 caput
2757 4577 2875 4614 cum
2909 4563 3149 4629 sequenti
3196 4561 3348 4615 deest
3388 4562 3439 4615 in
3479 4563 3601 4616 cod.
3633 4561 3780 4616 Clar.
3809 4579 3870 4621 a.

2279 4634 2333 4688 ln
2362 4635 2532 4688 altero
2554 4649 2681 4685 vero
2702 4633 2820 4686 eod.
2845 4632 2995 4685 Clar.
3038 4633 3190 4686 deest
3211 4648 3332 4685 cum
3365 4649 3455 4686 sex
3486 4635 3866 4700 sequentibus,

2277 4706 2327 4759 id
2361 4713 2442 4757 est
2488 4705 2552 4756 ad
2603 4703 2663 4754 “2i
2722 4703 3004 4756 inclusive.
3057 4703 3223 4756 Porro
3270 4705 3562 4757 oratorium
3627 4705 3677 4757 in
3723 4709 3869 4760 atrio

2275 4777 2446 4829 saneti
2477 4772 2685 4828 Martini
2725 4774 2809 4828 ltic
2837 4783 3202 4826 memoratum
3257 4775 3474 4844 quidam
3517 4789 3635 4828 esse
3674 4786 3867 4839 putant

2277 4847 2404 4899 illud
2465 4845 2604 4910 quod
2647 4845 2952 4898 etiamnunc
3001 4845 3245 4898 subsistit
3291 4851 3390 4898 sub
3437 4848 3607 4898 sancti
3639 4845 3866 4901 Joannis

2276 4917 2525 4982 Baptista:
2560 4917 2745 4981 titulo,
2785 4919 2835 4969 in
2864 4930 2971 4983 quo
3002 4918 3168 4968 sancti
3196 4916 3405 4970 Martini
3438 4917 3679 4969 canonici
3711 4919 3865 4976 rapi-

2278 4990 2447 5041 tnlum
2504 5002 2828 5054 congregare
2884 4990 3076 5040 solent.
3137 4987 3322 5040 Exstat
3387 4987 3530 5041 aliud
3593 4997 3862 5041 vetustum

2276 5061 2444 5113 sancti
2476 5057 2696 5111 Joannis
2729 5059 2978 5124 Baptistae
3030 5057 3284 5109 sacellum
3345 5059 3396 5110 in
3454 5059 3570 5126 ipso
3613 5059 3862 5113 ecelesia:

2275 5132 2446 5184 saneti
2473 5129 2681 5182 Martini
2709 5129 2982 5193 ingressu,
3010 5130 3147 5195 quod
3185 5128 3266 5182 hic
3290 5127 3426 5182 forte
3457 5131 3788 5198 designatur.

2354 5199 2372 5238 ί
2416 5202 2504 5254 Sic
2529 5199 2651 5254 cod.
2687 5200 2838 5252 Colb.
2865 5213 2912 5250 a.
2948 5201 3158 5262 Cmteii,
3185 5200 3461 5269 plerisque.

2347 5281 2373 5318 ϐ
2412 5272 2487 5326 Ex
2513 5270 2702 5338 capﬁ,
2733 5269 3065 5337 supra,idem
3095 5271 3439 5336 contingebat
3464 5282 3589 5326 ante
3612 5282 3855 5327 sanctam

2275 5357 2486 5396 crucem
2546 5342 2598 5395 in
2655 5338 3326 5411 monasterioAl’ictrtvensi
3372 5353 3736 5411 asservatam,
3792 5344 3859 5399 ad

2274 5429 2431 5482 quem
2455 5414 2630 5468 locum
2663 5412 2746 5466 hic
2768 5412 2958 5464 alludit
2988 5409 3296 5475 Gregorius.

2340 5484 2365 5520 1‘
2401 5485 2534 5539 Cliti.
2569 5484 2718 5536 Mart.
2745 5496 2793 5538 8|
2819 5482 2978 5536 Ciit'l.
3011 5497 3132 5534 cum
3170 5484 3296 5536 lic”.
3323 5494 3374 5538 Ci
3399 5485 3548 5539 Ctiib,
3586 5501 3614 5536 ξι
3641 5526 3658 5552 ’
3704 5485 3860 5539 inin.

2269 5554 2408 5616 dice,
2445 5554 2861 5621 Langauieusem.
2903 5553 3071 5607 Laud.
3105 5553 3227 5606 item
3256 5553 3305 5606 in
3342 5557 3513 5609 indzce
3542 5557 3854 5612 Lanuiense.

2274 5625 2475 5679 Dicitur
2508 5627 2558 5678 in
2589 5626 2692 5676 line
2747 5626 2842 5678 lib.
2893 5641 2920 5677 ς
2973 5623 3221 5678 Historiae
3266 5627 3402 5680 uicus
3460 5627 3855 5696 Alingaviemis,

2270 5697 2387 5750 aliis
2443 5697 2752 5749 auctoribus
2804 5696 3128 5764 Lingiacum,
3183 5710 3278 5749 seu
3335 5697 3662 5765 Laugesium,
3700 5700 3855 5766 vulgo

2272 5770 2552 5843 Lattgeay,
2593 5767 2741 5843 locus
2777 5767 2937 5822 etiam
2995 5783 3137 5822 nunc
3176 5779 3353 5838 nutus,
3390 5769 3472 5826 his
3528 5772 3855 5842 temporibus

2271 5842 2402 5898 satis
2424 5842 2672 5902 celebris.
