4132 6348
353 367 455 425 721

1172 356 1674 416 MIRACULORUM
1713 356 1846 415 LIB.
1883 355 1925 411 1.
1971 351 2061 414 DE
2099 357 2355 418 GLORIA
2396 359 2810 422 MARTYBUM.

3524 361 3633 430 792

346 489 602 531 succensa
632 475 798 545 erepit
818 476 994 533 exuri.
1022 477 1093 535 At
1121 476 1210 532 illa
1237 477 1536 534 vociferans
1557 494 1621 536 ac
1650 479 1926 548 plangens,
1959 476 2004 534 A
2037 475 2260 533 busdam
2292 479 2497 536 delatas
2527 481 2780 549 vidimus,
2810 487 2867 538 et
2890 478 3140 539 admirati
3168 493 3352 541 sumus
3378 478 3467 540 vel
3492 491 3632 546 tnu-

347 565 620 622 oasilicam
670 567 828 638 hujus
861 569 994 633 vici,
1026 570 1080 623 in
1112 584 1212 640 qua
1256 571 1495 641 reliquiae
1524 569 1670 625 beati
1708 569 1932 625 Joannis

344 661 666 732 retinentur,
711 666 964 733 expetiit.
999 666 1065 721 Et
1111 667 1360 722 oratione
1407 670 1541 733 lusa,
1576 668 1724 722 vovit
1753 667 1807 721 in
1835 668 1934 722 hac

343 752 434 807 die
456 753 641 808 divino
693 756 899 811 nomini
945 768 1260 813 consecrata
1311 759 1509 814 nullam
1541 773 1760 827 operam
1786 773 1936 813 exer-

344 860 490 914 cere,
532 847 638 902 nisi
687 857 892 903 tantum
925 851 1159 905 orationi
1208 866 1422 906 vacare.
1470 851 1634 906 Nocte
1668 865 1800 904 vero
1849 865 1935 906 se-

345 939 553 1008 quenti,
579 938 705 994 fecit
729 955 944 997 cereum
976 943 1030 998 in
1061 942 1396 1000 altitudinem
1425 953 1599 1000 status
1648 943 1753 998 sui.
1782 942 1935 999 Tunc

346 1029 400 1084 in
455 1030 697 1087 oratione
757 1042 1123 1103 pernoctans,
1179 1045 1324 1093 tento
1385 1045 1496 1093 tota
1556 1045 1716 1092 nocte
1773 1052 1933 1092 manu

345 1124 561 1194 propria
606 1141 800 1199 cereo,
860 1132 1135 1189 restinctis
1181 1132 1467 1190 ardoribus
1519 1132 1805 1190 incolumis
1852 1142 1936 1190 est

341 1228 582 1284 egressa.

927 1314 1155 1372 CAPUT
1185 1316 1346 1373 XVII.

863 1427 937 1483 De
958 1431 1116 1499 fluvio
1143 1432 1392 1488 Jordane.

415 1536 571 1608 741
621 1537 686 1593 Et
712 1539 832 1609 quia
884 1541 1108 1599 Joannis
1156 1545 1412 1616 Baptistae
1457 1547 1819 1617 meminimus,
1852 1549 1934 1605 di-

346 1644 506 1701 gnum
537 1641 620 1687 est
646 1643 702 1688 ut
730 1635 797 1690 de
826 1636 1063 1695 Jordane
1089 1641 1264 1711 aliqua
1294 1657 1676 1699 memoremus.
1713 1644 1876 1714 Igitur
1901 1659 1930 1700 a

343 1735 526 1780 monte
561 1727 764 1784 Phanio
795 1730 901 1786 duo
931 1745 1260 1806 consurgunt
1291 1735 1485 1803 fontes,
1517 1753 1744 1807 quorum
1796 1755 1930 1794 unus

2035 568 2250 638 dorem,
2289 572 2374 626 vel
2404 573 2750 630 subtilitatem
2781 589 2987 631 carum.

2603 691 2854 751 .CAPUT
2877 694 3017 750 XIX.

2037 797 2114 852 De
2141 799 2342 856 leuroso
2364 803 2609 888 mundata
2632 806 2685 888 in
2709 806 2818 888 loco
2843 809 2930 888 ubi
2949 807 3202 888 geminus
3227 811 3630 888 estbeptizatut,

2521 886 2565 931 et
2592 877 2821 948 reliquiis
2847 878 2913 937 Β.
2949 880 3154 939 Maria).

2107 989 2241 1046 Nam
2267 991 2373 1046 vidi
2403 1002 2529 1049 ante
2561 993 2663 1050 hoc
2693 1004 2902 1068 tempus
2923 996 3216 1066 hominem,
3243 999 3506 1058 Joannem
3530 1017 3630 1058 no-

2036 1085 2203 1154 mine,
2236 1086 2323 1156 qui
2361 1101 2390 1140 a
2421 1086 2608 1143 Galliis
2637 1089 2878 1159 leprosus
2921 1093 3147 1161 abierat,
3172 1104 3225 1150 et
3272 1095 3327 1150 in
3357 1095 3476 1166 ipso
3508 1096 3631 1152 loco

2037 1190 2142 1245 quo
2174 1177 2454 1233 Dominum
2484 1179 2718 1235 diximus
2743 1183 3070 1252 baptizatum
3101 1187 3277 1242 aiebat
3306 1201 3366 1243 se
3397 1204 3492 1259 per
3533 1205 3630 1243 an-

2036 1285 2165 1325 num
2220 1272 2485 1343 integrum
2547 1285 2934 1331 commoratum
2999 1276 3187 1336 fuisse.
3251 1280 3354 1350 Qui
3413 1281 3630 1336 assidue

2037 1366 2350 1423 abluebatur
2372 1369 2427 1423 in
2451 1384 2609 1426 amne
2634 1387 2647 1425 :
2674 1371 2769 1427 sed
2798 1371 3041 1428 redditus
3067 1374 3310 1444 pristina:
3332 1375 3628 1430 incolumi-

2038 1461 2156 1530 tati,
2189 1461 2474 1518 reformata
2501 1462 2553 1518 in
2584 1466 2773 1519 melius
2801 1473 2946 1531 cute,
2977 1476 3198 1522 sanatus
3224 1477 3325 1522 est.
3359 1467 3457 1523 llic
3496 1468 3629 1523 reli-

2036 1554 2190 1621 quius
2213 1554 2384 1610 beatae
2408 1554 2590 1610 Mariae
2617 1557 2685 1611 ab
2719 1558 3103 1629 Hierosolymis
3127 1559 3417 1628 accipiens,
3442 1577 3629 1618 rever-

2038 1645 2246 1702 tebatur
2266 1649 2318 1702 in
2343 1650 2564 1718 patriam
2592 1669 2605 1704 :
2631 1652 2725 1708 sed
2749 1653 2896 1722 prius
2918 1653 3145 1710 Romam
3168 1654 3318 1710 abire
3339 1655 3624 1726 diSposuit.

2038 1738 2235 1796 Verum
2283 1743 2372 1798 ubi
2419 1745 2558 1799 altas
2608 1745 2776 1800 Italiae
2824 1748 3145 1804 solitudines
3187 1757 3268 1804 est
3317 1750 3624 1819 ingressus,

341 1815 458 1880 Jor,
483 1821 619 1876 alter
649 1823 756 1877 Dan
789 1824 1050 1881 vocitatur
1081 1845 1096 1885 :
1145 1827 1234 1898 qui
1263 1829 1332 1884 ab
1360 1839 1584 1899 utraque
1614 1840 1762 1901 parte
1790 1831 1929 1888 Pha-
1959 1865 2009 1927 Β
2037 1832 2225 1888 incidit
2251 1833 2306 1888 in
2334 1834 2590 1892 latrones.
2619 1837 2730 1892 Nec
2753 1825 2921 1904 mora,
2947 1840 3206 1908 spoliatur
3243 1839 3312 1895 ab
3343 1839 3629 1896 indumen-

343 1910 515 1966 niadze
543 1922 566 1948 ο
594 1914 761 1980 urbis,
787 1932 903 1985 quae
928 1919 1072 1986 prius
1101 1918 1342 1974 Caesarea
1367 1920 1598 1992 Philippi
1621 1923 1926 1990 vocabatur,

339 2002 751 2074 descendentes,
781 2008 880 2062 sub
909 2009 1023 2078 ipsa
1054 2011 1185 2066 urbe
1217 2021 1321 2066 tam
1354 2011 1569 2068 liuentis
1602 2010 1735 2085 [ΑΛ.
1761 2014 1930 2069 ηυθηο

341 2093 442 2167 tes]
469 2097 759 2165 conjuncti,
786 2115 941 2169 quam
966 2105 1183 2158 nomine
1205 2120 1332 2171 uno,
1350 2105 1639 2162 Iordanem
1667 2107 1926 2173 efﬁciunt,

339 2187 428 2256 qui
463 2203 631 2258 ttsque
659 2189 912 2247 lliericho
949 2195 1218 2250 civitatem
1251 2206 1305 2251 et
1355 2197 1490 2251 ultra
1520 2183 1726 2253 deﬂuit.
1759 2199 1817 2256 ln
1863 2215 1928 2256 eo

339 2275 570 2335 habetur
605 2282 753 2338 locus
780 2283 832 2338 in
861 2301 966 2355 quo
994 2286 1253 2344 Dominus
1284 2289 1579 2357 baptizatus
1607 2301 1706 2348 est.
1740 2293 1794 2348 lu
1824 2310 1927 2348 uno

337 2374 536 2427 etenim
566 2375 768 2432 reﬂexu
797 2377 824 2416 ιι
869 2395 1006 2450 aqua
1037 2382 1152 2451 ipsa
1182 2384 1493 2453 revolvitur,
1531 2386 1582 2440 in
1632 2404 1734 2459 qua
1784 2405 1926 2447 nunc

337 2461 530 2530 leprosi
563 2468 910 2528 mundantur.
945 2472 1079 2526 Cum
1124 2485 1302 2530 autem
1345 2477 1679 2549 advenerint,
1727 2482 1925 2551 saepius

338 2553 582 2611 lavantur
610 2559 662 2612 in
693 2559 932 2628 ﬂumine,
962 2563 1133 2618 donec
1160 2565 1226 2620 ab
1254 2566 1568 2625 inﬁrmitate
1607 2582 1920 2643 purgentur.

336 2646 413 2702 De
437 2649 650 2717 publico
677 2662 877 2722 tamen,
901 2655 1026 2711 dum
1051 2657 1121 2713 ibi
1145 2664 1460 2718 commorati
1485 2665 1700 2735 iuerint,
1727 2671 1922 2726 victum

332 2743 635 2811 accipiunt;
671 2748 840 2802 sanati
872 2759 1078 2819 autem,
1110 2753 1174 2808 ad
1209 2757 1420 2826 propria
1447 2757 1752 2818 discedunt.
1802 2764 1921 2835 Ipse

332 2848 546 2906 quoque
571 2838 818 2895 Jordanis
843 2844 909 2897 ab
936 2858 1000 2898 eo
1028 2845 1148 2902 loco
1178 2849 1228 2902 in
1265 2850 1452 2920 quinto
1480 2854 1750 2925 milliaria,
1786 2859 1920 2914 mari

332 2929 656 2986 commixtus
686 2931 917 2998 Mortuo,
942 2951 1137 2992 nomen
1179 2942 1395 2997 amittit.
1425 2943 1568 3002 Mare
1610 2948 1754 3003 enim
1785 2949 1922 3005 Mor-

335 3026 482 3073 tuum
512 3021 581 3076 ob
612 3020 714 3077 hoc
739 3023 961 3091 dicitur,
991 3043 1057 3083 eo
1097 3031 1240 3097 quod
1264 3033 1332 3088 ab
1379 3034 1630 3092 incendio
1672 3040 1920 3098 Sodoma:

332 3110 415 3165 vel
446 3111 768 3181 reliquarum
808 3116 1018 3172 urbium
1057 3127 1143 3174 est
1191 3132 1493 3192 versatum,
1528 3137 1582 3182 et
1621 3143 1757 3198 aqua
1806 3131 1920 3201 ipsa

2037 1925 2125 1992 tis,
2157 1933 2211 1980 et
2241 1927 2354 1994 ipsa
2382 1943 2594 1998 quoque
2622 1943 2783 1998 capsa
2816 1931 2870 1984 in
2901 1946 3003 2001 qua
3043 1933 3196 1988 beata
3246 1933 3488 2002 gestabat
3542 1935 3624 2004 pi-

2034 2033 2202 2088 gnora
2248 2021 2477 2090 capitur.
2524 2022 2902 2078 Existimantes
2953 2025 3095 2079 enim
3143 2025 3345 2080 inimici
3386 2027 3461 2081 illi
3508 2025 3628 2084 auri

2035 2112 2231 2166 ibidem
2284 2116 2562 2171 sestertios
2609 2125 2942 2187 aggregatas,
2972 2117 3190 2174 eliracta
3242 2120 3412 2183 clave,
3445 2118 3626 2174 omnia

2033 2205 2295 2261 rimantur
2341 2207 2566 2263 intente.
2595 2208 2704 2266 Sed
2733 2225 2853 2265 cum
2894 2211 3028 2267 nihil
3057 2213 3110 2267 in
3141 2228 3202 2269 ea
3249 2213 3492 2284 pecunia:
3539 2228 3628 2270 re-

2031 2299 2322 2366 perissent,
2356 2309 2596 2356 extracta
2631 2302 2853 2373 pignora
2884 2304 2937 2357 in
2965 2304 3141 2374 ignem
3171 2304 3475 2375 projiciunt,
3521 2319 3628 2360 crc-

2029 2404 2198 2460 soque
2226 2390 2444 2447 homine
2469 2391 2858 2449 discesserunt.
2891 2397 2958 2450 At
2988 2395 3079 2451 ille
3124 2398 3409 2453 semivivus
3436 2413 3627 2456 exsur-

2029 2497 2181 2553 gens,
2212 2491 2270 2537 ut
2295 2483 2380 2538 vel
2409 2484 2620 2541 cineres
2649 2496 2960 2543 exustorum
2992 2488 3268 2561 colligeret
3313 2494 3621 2562 pignorum,

2029 2576 2231 2632 invenit
2259 2592 2421 2648 super
2460 2577 2724 2636 carbones
2755 2595 3011 2638 accensos
3053 2583 3249 2639 illtesas
3274 2585 3456 2653 jacere
3487 2586 3624 2650 reli-

2028 2667 2180 2737 quias
2213 2686 2225 2722 :
2255 2669 2539 2741 ipsumque
2568 2672 2792 2728 linteum
2823 2690 2928 2744 quo
2959 2676 3207 2731 involuta:
3233 2686 3387 2732 erant
3419 2679 3492 2734 ita
3521 2679 3622 2734 ad-

2028 2761 2254 2817 miratur
2277 2763 2564 2834 integrum,
2593 2776 2780 2823 utnon
2812 2777 3092 2837 putaretur
3120 2772 3309 2840 prunis
3336 2771 3617 2842 injectum,

2027 2853 2120 2908 sed
2150 2869 2273 2909 eum
2321 2870 2388 2911 ex
2419 2857 2571 2926 aquis
2617 2858 3010 2936 absconditum.
3051 2861 3382 2936 Collegitque
3430 2872 3624 2917 cuncta

2026 2960 2144 3001 cum
2170 2948 2385 3018 gaudio,
2411 2957 2464 3005 et
2490 2950 2630 3005 viam
2659 2935 3094 3024 quamipergcbat
3118 2955 3392 3025 ingressus
3413 2997 3428 3022 ,
3452 2973 3625 3027 usque

2024 3040 2090 3093 ad
2121 3041 2318 3096 Gallias
2347 3044 2591 3113 pervenit
2617 3044 2927 3104 incolumis.
2956 3048 3150 3105 Multos
3196 3049 3356 3105 etiam
3384 3050 3620 3107 vidimus

2025 3131 2119 3200 qui
2152 3131 2236 3186 vel
2267 3133 2319 3186 in
2361 3131 2630 3204 Jordane,
2660 3137 2744 3193 vel
2768 3137 2822 3192 in
2853 3139 3005 3210 aquis
3031 3140 3190 3212 743
3232 3141 3444 3200 Levida':
3474 3143 3623 3200 urbis

333 3203 576 3272 asphalto
606 3206 865 3275 permixta
892 3220 972 3264 est
1007 3229 1020 3264 :
1053 3213 1198 3268 unde
1237 3229 1270 3269 a
1322 3219 1590 3273 nonnullis
1621 3236 1770 3279 mare
1819 3227 1920 3279 As-
1948 3253 1994 3318 ο
2025 3227 2198 3297 tincti,
2231 3227 2300 3285 ab
2330 3229 2434 3286 hoc
2462 3203 2676 3288 fuerant
2701 3233 2893 3290 morbo
2917 3235 3183 3294 mandati.

336 3295 498 3318 --..,,..ε
535 3307 558 3318 -
589 3312 683 3318 -__
947 3303 958 3316 .
1255 3309 1267 3318 .
1380 3317 1383 3318 ν
1663 3314 1672 3318 -

336 3295 500 3365 pbalti
535 3307 558 3336 ο
585 3300 912 3369 appellatur;
944 3303 997 3358 in
1043 3321 1150 3374 quo
1177 3309 1270 3377 qui
1297 3317 1486 3367 natare
1527 3314 1722 3381 nescit,
1752 3331 1920 3392 super

331 3402 523 3461 aquam
545 3391 737 3462 fertur,
768 3403 824 3451 et
847 3394 991 3452 circa
1021 3413 1144 3454 eum
1168 3399 1396 3472 sulphur
1422 3403 1684 3464 adhaeret.

894 3510 1122 3568 CAPUT
1158 3511 1345 3571 XVIII.

787 3621 868 3680 De
893 3627 1037 3696 aquis
1063 3625 1268 3685 Levida:
1292 3617 1448 3689 urbis.

400 3733 538 3792 Sunt
557 3745 732 3793 autem
755 3740 889 3794 etad
919 3741 1172 3800 Levidam
1197 3744 1223 3784 ά
1247 3747 1516 3806 civitatem
1539 3766 1691 3824 aquae
1706 3756 1912 3827 calidae,

328 3829 382 3884 in
412 3831 602 3900 quibus
630 3831 788 3889 Jesus
817 3834 962 3892 Nave
990 3838 1168 3896 lavare
1184 3841 1373 3898 solitus
1400 3855 1532 3912 erat,
1557 3847 1644 3903 tibi
1668 3849 1917 3907 similiter

326 3920 525 3992 leprosi
548 3925 910 3982 ntundautur:
943 3940 1026 3985 est
1056 3943 1233 3988 autem
1256 3936 1323 3990 ab
1351 3936 1604 3993 Hiericho
1632 3940 1912 4000 duodecim

327 4015 511 4071 millia.
546 4017 718 4087 Prope
747 4030 924 4076 autem
956 4023 1207 4082 lliericho
1240 4026 1506 4085 habentur
1545 4032 1766 4089 arbores
1795 4051 1914 4104 qua:

326 4102 476 4161 lanas
504 4109 748 4179 gignunt.
785 4113 1050 4170 Exhibent
1071 4119 1214 4173 enim
1243 4135 1397 4189 poma
1423 4121 1580 4196 742
1614 4126 1664 4180 in
1693 4102 1912 4184 modum

327 4199 749 4269 cucurbitarum,
782 4211 948 4260 testas
979 4207 1031 4260 in
1061 4208 1289 4265 circuitu
1320 4211 1577 4270 habentes
1617 4217 1801 4283 duras,
1834 4221 1915 4275 in-

329 4291 592 4348 trinsecus
622 4304 802 4352 autem
847 4298 1003 4366 plena
1045 4309 1170 4355 sunt
1218 4302 1360 4358 lana.
1409 4305 1474 4360 Et
1509 4306 1574 4361 de
1622 4307 1709 4363 his
1751 4311 1912 4367 etiam

325 4382 504 4440 ferunt
530 4387 628 4456 ipsi
658 4387 784 4444 Jesu
807 4389 954 4447 Nave
981 4394 1160 4450 solere
1194 4395 1308 4451 fieri
1337 4397 1670 4456 indumenta.
1721 4403 1826 4460 Sed
1860 4417 1914 4462 et

325 4474 590 4550 hodieque
621 4481 755 4538 tales
784 4485 1041 4540 exhibent
1070 4485 1242 4557 lanas,
1276 4503 1342 4544 ex
1373 4491 1568 4562 quibus
1599 4508 1696 4549 nos
1723 4509 1752 4549 a
1785 4498 1908 4566 qui-

399 4623 428 4698 ᾖ
454 4615 680 4698 Paucas,
713 4632 806 4698 seu
837 4619 1081 4698 Caesarea
1105 4622 1516 4698 Philippiturbs
1543 4627 1668 4683 olim
1702 4630 1908 4698 episco-

325 4688 460 4758 palis
489 4689 776 4772 subfl‘yrio
803 4688 1662 4772 metropolitano,'in’Ctelesyria:
1693 4688 1907 4772 ﬁnibus,

324 4775 468 4842 nullo
498 4761 936 4842 excisanpenqua
965 4765 1229 4842 Eusebius
1266 4768 1485 4842 libavit
1532 4761 1736 4828 llistor.
1786 4761 1904 4842 cap:

324 4831 411 4907 i7,
437 4838 498 4907 et
527 4847 590 4885 ex
619 4846 683 4886 eo
701 4831 935 4907 diutinus
961 4851 1081 4901 cap.
1116 4837 1202 4890 15.
1247 4840 1404 4907 Apud
1432 4841 1730 4898 Caesaream
1789 4831 1911 4898 Plii-

322 4901 479 4984 lippi,
509 4916 666 4984 quam
699 4902 981 4984 Phoenices
1031 4907 1272 4964 Paneada
1301 4901 1617 4984 'tiomiuant,
1650 4915 1717 4966 ad
1757 4917 1908 4984 pedes

325 4971 479 5025 Pnuii
503 4975 690 5053 meritis
717 4974 883 5053 fontes
904 4977 1156 5053 uisuntur,
1188 4996 1251 5053 ea:
1274 4982 1452 5048 quibus
1485 4971 1692 5053 proﬂuit
1713 4971 1909 5039 Jbrda-

320 5044 420 5107 nis,
456 5055 557 5097 etc.
592 5044 765 5113 Ipsum
806 5047 953 5099 urbis
981 5063 1171 5104 nomen
1205 5044 1321 5104 Dan
1350 5044 1512 5108 fuisse
1558 5044 1748 5109 scribit
1776 5056 1905 5110 llic-

320 5128 580 5190 rOnymtts
620 5117 671 5168 in
713 5116 1106 5190 Qtttcstionibns
1137 5121 1187 5190 in
1220 5122 1465 5178 chesim
1487 5165 1502 5190 ,
1536 5125 1622 5179 ubi
1651 5133 1723 5186 .‘et
1766 5127 1899 5182 duos

322 5184 497 5240 fontes
523 5184 622 5265 ,ζον
645 5195 703 5265 ⁵οι
739 5186 853 5265 Duu
874 5188 1154 5265 ‘appellari
1182 5192 1458 5265 obScrt'at,
1489 5184 1556 5249 ex
1601 5184 1793 5265 quibus
1839 5213 1900 5254 re

321 5266 374 5310 et
398 5257 838 5328 noininejunclis
865 5257 1112 5314 Jordanis
1140 5270 1192 5314 et
1223 5263 1336 5316 [luit
1363 5273 1418 5318 ct
1446 5257 1657 5321 dicitur.

395 5327 422 5400 lt
450 5327 664 5398 Aliquot
707 5329 858 5396 Mss.,
910 5333 1132 5400 reﬂuxu.
1165 5332 1464 5389 Observnnt
1511 5347 1684 5392 tamen
1737 5341 1898 5396 etiam

322 5397 480 5471 hodie
527 5397 825 5470 peregrini,
859 5397 973 5470 qui
996 5403 1333 5459 Palmstinam
1383 5407 1652 5471 invisunt,
1685 5425 1750 5463 eo
1781 5411 1898 5468 loco

319 5469 608 5525 Jordauctn
650 5486 769 5525 esse
818 5469 1133 5541 reCurvum,
1163 5491 1268 5543 quo
1315 5478 1568 5534 Dominus
1619 5469 1800 5538 noster
1829 5499 1896 5541 ex

321 5547 495 5612 prisca
527 5543 806 5596 traditione
833 5543 1126 5613 baptizatus
1158 5547 1320 5603 fuisse
1341 5559 1683 5606 memoratur.

397 5613 652 5688 {Dicitur
710 5615 863 5681 vulgo
904 5614 1078 5688 "Lacus
1125 5619 1466 5688 Asplmltites,
1519 5638 1582 5678 ex
1639 5623 1901 5681 bitittnine

318 5683 460 5752 quod
485 5685 552 5738 ibi
581 5689 860 5739 excrescit.
891 5687 1174 5754 Cct'terum,
1197 5683 1264 5744 'ut
1305 5709 1368 5747 cx
1403 5683 1752 5750 relationibus
1783 5698 1897 5751 dis-

319 5755 509 5821 cimus,
541 5773 658 5824 quae
689 5757 774 5810 lt:c
803 5755 1092 5826 Gregorius
1120 5760 1187 5815 de
1230 5765 1363 5818 mari
1396 5767 1601 5820 Mortuo
1647 5767 1899 5823 observat

317 5836 476 5904 etiam
516 5827 674 5904 hodie
704 5830 1048 5897 experiuntur
1075 5832 1164 5904 qui
1210 5832 1419 5899 lavandi
1462 5851 1624 5900 causa
1668 5853 1790 5899 sese
1837 5841 1896 5900 in

313 5896 491 5970 ipsum
519 5896 826 5958 immittunt.

2629 3348 2860 3409 CAPUT
2891 3353 3008 3411 XX.

2023 3458 2106 3517 De
2134 3459 2350 3518 ecclesia
2393 3460 2460 3518 B.
2509 3441 2807 3591 Mariwj'et
2845 3467 3042 3526 ultione
3078 3473 3438 3545 pejerantt'um,
3479 3477 3622 3550 apud

2747 3554 2950 3591 urones.

2747 3554 2950 3596 urones.

2093 3647 2152 3704 ln
2185 3657 2209 3686 °
2239 3648 2370 3705 urbe
2417 3658 2598 3708 autem
2642 3651 2908 3710 Turonica
2937 3694 2954 3723 ,
2999 3665 3084 3713 est
3130 3661 3358 3717 ecclesia
3410 3674 3618 3721 sanctae

2021 3737 2205 3796 Mariae
2234 3741 2460 3813 virginis
2483 3787 2497 3810 ,
2527 3759 2590 3799 ac
2617 3747 2791 3801 sancti
2839 3746 3058 3803 Joannis
3105 3751 3357 3820 Baptisms
3396 3757 3620 3813 nomine

2020 3843 2352 3902 consecrata,
2387 3837 2438 3890 in
2487 3851 2592 3905 qua
2623 3837 2676 3891 in
2709 3839 2938 3908 perjuris
2979 3841 3110 3895 ultio
3139 3842 3319 3898 divina
3347 3847 3612 3914 apparuit.

2019 3925 2249 3992 Quidam
2280 3937 2459 3982 autem
2493 3943 2614 3984 cum
2663 3930 2732 3984 ad
2765 3931 3146 4001 perjurandum
3175 3935 3231 3990 in
3276 3934 3416 3992 hanc
3445 3937 3618 3994 eccle-

2022 4020 2158 4074 siam
2188 4020 2375 4075 fuisset
2405 4021 2711 4094 ingressus,
2745 4024 2835 4079 ubi
2877 4040 3067 4080 manus
3097 4038 3223 4084 ante
3250 4029 3422 4086 altare
3466 4041 3617 4091 stans

2017 4127 2232 4170 sursum
2260 4115 2473 4181 extulit,
2505 4127 2561 4171 ut
2596 4129 2992 4174 sacramentum
3040 4122 3275 4179 mendax
3322 4126 3612 4196 proferret,

2015 4208 2194 4263 statim
2247 4210 2532 4279 resupinus
2585 4227 2780 4280 ruens,
2816 4214 2890 4269 ita
2943 4225 3101 4286 caput
3148 4218 3204 4274 in
3254 4223 3615 4290 pavimentum

2017 4299 2232 4366 collisit,
2274 4309 2333 4356 ut
2367 4302 2455 4357 vix
2484 4302 2572 4358 vel
2602 4304 2788 4360 vivens
2819 4305 2952 4377 erigi
2998 4309 3277 4376 potuisset.
3305 4312 3389 4368 Ad
3427 4327 3487 4370 se
3515 4330 3616 4370 au-

2019 4403 2126 4448 tem
2152 4409 2399 4450 reversus
2420 4395 2602 4451 dolum
2627 4398 2868 4468 perjurii,
2885 4400 3025 4469 quod
3049 4403 3372 4473 occultabat,
3398 4407 3616 4476 publice

2017 4486 2290 4557 patefecit.
2331 4488 2576 4545 Vidimus
2606 4492 2749 4547 enim
2778 4501 2833 4549 et
2863 4508 2962 4551 nos
2991 4497 3251 4566 quosdam
3280 4499 3350 4556 de
3377 4499 3610 4558 Turoni-

2087 4621 2277 4706 d_(_lod.
2307 4627 2458 4706 Colb.
2511 4637 2634 4695 tttt.,
2667 4629 2973 4706 beaiadem;
3019 4642 3073 4706 at
3111 4650 3229 4704 cap.
3279 4650 3392 4706 seq.
3447 4637 3608 4694 habet

2016 4695 2249 4772 Levidug,
2281 4699 2420 4772 sicut
2447 4707 2500 4753 et
2527 4702 2705 4756 creteri
2737 4704 2922 4772 scripti
2953 4695 3006 4759 in
3038 4695 3232 4761 indice.
3264 4695 3417 4762 Clict.
3452 4706 3611 4762 Leui-

2017 4771 2157 4823 dam.
2189 4769 2401 4846 Dicitur
2423 4772 2562 4846 apud
2595 4769 2919 4846 anonymum
2952 4776 3361 4831 Ravennensem
3383 4817 3399 4842 ,
3445 4794 3605 4846 quem

2015 4849 2198 4912 noster
2226 4841 2470 4912 Placidus
2500 4841 2804 4900 Porcheron
2848 4847 3033 4912 edidit,
3078 4846 3322 4912 Leviada,
3370 4841 3400 4902 a
3433 4841 3607 4907 Plinio

2013 4908 2468 4988 Livias.Ce_lebris
2485 4916 2929 4988 PSE‘Athaciaplltl
2952 4908 3264 4986 stephum,
3286 4908 3602 4988 Eusebium,

2014 4990 2144 5046 etc.,
2175 4983 2254 5036 sic
2283 4983 2423 5059 dicta
2449 4984 2516 5059 ab
2547 4983 2833 5059 Herodem
2855 4983 3110 5042 honorem
3142 4990 3302 5043 Liviae
3324 4983 3599 5059 Augusta),

2014 5066 2131 5132 quae
2160 5062 2312 5132 antea
2345 5052 2635 5132 dicebatur
2660 5055 2886 5110 llethara
2917 5073 2982 5132 ett
3012 5071 3199 5132 sancto
3245 5052 3598 5132 Hieroitymo.

2013 5120 2178 5202 Suum
2202 5124 2325 5204 olim
2350 5123 2537 5204 habuit
2557 5128 2864 5204 episcopum
2891 5128 3256 5204 _su_b_C:es_area
3280 5120 3596 5204 metropoli,

2010 5193 2147 5247 sicut
2172 5204 2225 5248 et
2252 5193 2488 5258 Jericho,
2517 5197 2644 5250 urbs
2669 5193 2933 5253 ex‘sacris
2953 5199 3168 5255 Litteris
3189 5203 3319 5256 satis
3336 5193 3481 5258 nota:

2085 5273 2107 5300 ο
2142 5262 2282 5317 Istud
2301 5275 2457 5339 caput
2475 5281 2601 5339 cum
2627 5268 2836 5322 duobus
2855 5272 3202 5339 sequentibus
3218 5272 3364 5327 deest
3382 5274 3442 5327 in
3465 5275 3594 5330 cod.

2007 5332 2241 5389 Clarom.
2274 5349 2324 5388 a.
2360 5335 2597 5407 Ecclesia
2645 5354 2764 5407 quae
2796 5340 2879 5394 hic
2910 5332 3238 5396 memoratur
3283 5359 3344 5398 ea
3376 5346 3595 5401 videtur

2007 5419 2127 5478 esse
2155 5422 2312 5475 quam
2347 5406 2644 5464 Ommatius
2665 5406 2958 5478 Cepisc0pus
2981 5414 3300 5478 construxit,
3324 5416 3596 5471 utdicitur

2007 5475 2162 5553 lib.__x
2198 5479 2332 5553 ιιίδιἼ
2363 5480 2600 5553 cap-5L
2637 5475 2890 5553 Ex'stajba't
2933 5483 3073 5537 haud
3127 5475 3308 5553 procul
3349 5502 3382 5540 a
3411 5488 3598 5543 cathe-

2005 5547 2139 5602 drali
2167 5550 2336 5602 sancti
2378 5549 2589 5605 Gatiani
2619 5551 2842 5605 ecclesia
2890 5547 3180 5609 oratorium
3212 5556 3272 5610 Β.
3305 5557 3484 5612 Maria:
3510 5560 3594 5614 di-

2004 5627 2198 5684 catum,
2232 5621 2371 5689 quod
2417 5622 2574 5674 modo
2619 5623 2946 5679 destructum
2976 5635 3084 5691 est;
3137 5627 3382 5683 subsistit
3426 5632 3590 5686 etiam

2002 5705 2144 5745 nunc
2165 5691 2306 5744 aliud
2341 5692 2393 5746 in
2422 5692 2607 5746 eadem
2641 5694 2787 5748 urbis
2820 5705 2969 5762 parte
2998 5700 3097 5751 sub
3138 5701 3306 5754 saneti
3366 5700 3588 5757 Joannis

2001 5761 2176 5844 titulo.
2209 5762 2290 5818 An
2322 5778 2450 5844 vero
2483 5779 2642 5818 unum
2674 5780 2738 5818 ex
2788 5761 2923 5844 is‘tis,
2950 5782 3016 5822 an
3048 5770 3262 5840 aliquod
3291 5771 3433 5829 aliud
3468 5771 3585 5844 jam

1998 5832 2347 5901 destructum,
2373 5835 2458 5890 hic
2487 5845 2834 5903 memoretur,
2868 5832 3264 5902 incertnm'eSt.
