4132 6348
561 314 662 370 723

564 417 643 491 cis
670 435 723 496 in
750 435 871 490 loco
899 434 1086 492 eodem
1118 432 1443 504 perjurasse,
1476 429 1569 501 qui
1602 427 1672 482 ita
1732 423 1916 479 divino
1940 417 2142 491 judicio
2171 419 2222 479 Α

565 528 904 586 condemnati
937 535 1080 592 sunt,
1115 528 1245 582 utin
1275 527 1441 594 ipsius
1482 522 1608 578 anni
1633 519 1901 578 curriculo
1929 515 2146 570 finiren-

568 636 655 683 tur
682 641 711 682 a
739 625 958 682 sarculo.

1153 713 1379 770 CAPUT
1426 710 1572 768 XXI.

832 832 910 888 De
932 833 1098 903 forma
1125 830 1332 885 Domini
1358 829 1498 897 apud
1533 825 1878 881 Phaniadam.

635 945 820 1017 Igitur,
847 955 906 1000 ut
934 945 1191 1011 diximus,
1218 944 1270 998 in
1301 945 1416 1013 ipso
1444 943 1615 1012 primo
1636 938 1884 996 Jordanis
1905 948 2146 1007 egressu,

565 1039 835 1096 Phaniada
865 1039 1055 1093 civitas
1088 1047 1114 1075 ἰ
1143 1038 1242 1091 sila
1273 1045 1372 1100 est,
1403 1036 1459 1090 in
1491 1051 1594 1104 qua
1622 1033 1848 1088 habetur
1876 1041 2047 1086 statua
2083 1047 2147 1088 ex

566 1135 764 1189 electro
797 1134 1081 1202 purissimo
1107 1131 1384 1195 fabricata,
1419 1131 1470 1183 in
1502 1145 1604 1200 qua
1643 1127 2020 1196 Redemptoris
2052 1142 2142 1179 no~

566 1227 661 1282 stri
694 1223 862 1278 forma
895 1224 1089 1278 dicitur
1114 1237 1235 1278 esse
1264 1236 1540 1290 expressa.
1573 1220 1725 1286 Nam,
1751 1228 1808 1273 ut
1833 1234 1862 1271 a
1889 1217 2153 1287 plerisque

563 1316 762 1374 audivi.
797 1315 887 1386 qui
929 1330 1046 1370 eam
1096 1314 1440 1383 contemplati
1491 1311 1723 1376 fuerant,
1758 1311 1891 1365 mira
1937 1311 2153 1366 claritas

567 1410 618 1464 in
650 1409 766 1479 ejus
799 1406 935 1462 facie
966 1407 1289 1464 continetur.
1319 1404 1424 1461 Sed
1455 1421 1522 1460 ne
1563 1404 1648 1459 cui
1695 1401 1938 1482 videatur
1967 1399 2154 1457 absur—

567 1503 716 1568 dum,
753 1516 968 1556 narrare
995 1517 1111 1570 quae
1133 1501 1201 1556 de
1226 1515 1287 1556 ea
1319 1498 1664 1556 Czesaricnsis
1696 1499 1859 1556 refert
1894 1497 2154 1578 Eusebius

569 1610 674 1649 non
711 1594 926 1664 pigebit.
965 1594 1052 1649 Ait
1083 1596 1226 1650 enim
1261 1611 1273 1647 :
1313 1612 1332 1644 ‹
1370 1593 1644 1648 Mulierem
1689 1608 1846 1662 quam
1880 1591 2155 1661 sanguinis

575 1688 837 1756 proﬂuvio
866 1688 1195 1742 laborantem
1227 1703 1256 1741 a
1287 1685 1564 1740 Salvatore
1594 1696 1830 1740 curatam
1867 1685 2153 1753 Evangelia

571 1778 926 1847 trai'liderunt,
952 1778 1110 1849 hujus
1135 1779 1280 1834 urbis
1303 1783 1474 1834 civem
1495 1788 1701 1832 constat
1731 1778 1910 1839 fuisse,
1935 1776 2155 1830 domus-

569 1886 674 1940 que
705 1871 820 1939 ejus
856 1873 907 1925 in
939 1886 1000 1924 ea
1052 1870 1210 1924 etiam
1260 1884 1400 1924 nunc
1446 1869 1762 1922 ostenditur.
1807 1866 1910 1922 Pro
1954 1867 2156 1922 foribus

570 1978 700 2016 vero
728 1963 920 2017 domus
961 1963 1146 2032 ipsius,
1182 1963 1324 2016 basis
1373 1962 1611 2030 qumdam
1660 1963 1711 2016 in
1771 1962 1887 2016 loco
1931 1961 2156 2016 editiore

571 2056 833 2108 collocata
877 2064 1228 2118 monstratur,
1278 2054 1329 2107 in
1380 2070 1483 2123 qua
1528 2053 1766 2108 mulieris
1797 2052 1958 2125 7M
1989 2053 2158 2122 ipsius

573 2149 716 2203 velut
746 2147 967 2218 genibus
999 2147 1324 2215 provolutae,
1361 2147 1670 2216 palmasque
1701 2147 2014 2216 suppliciter
2044 2156 2160 2198 ten-

573 2240 770 2304 dentis,
807 2240 980 2308 imago
1008 2252 1145 2292 :crca
1175 2237 1390 2292 videtur
1416 2253 1686 2308 expressa.
1719 2239 1871 2293 Astat
1903 2253 2028 2292 vero
2055 2239 2157 2292 alia

574 2347 715 2387 aerea
741 2332 1083 2386 nihilominus
1107 2331 1219 2385 fusa
1244 2341 1439 2394 statua,
1461 2331 1642 2386 habitu
1668 2332 1764 2386 viri
1789 2332 1924 2389 stola
1947 2343 2161 2402 compte

573 2422 910 2489 circumdati,
937 2432 992 2478 et
1018 2423 1261 2478 dextram
1295 2423 1502 2478 mulieri
1533 2425 1877 2494 porrigentis.
1907 2423 2071 2495 Hujus
2095 2426 2160 2479 ad

575 2517 766 2586 pedem
810 2525 1000 2571 statua:
1030 2518 1081 2572 in
1130 2518 1245 2573 basi
1294 2518 1458 2571 herba
1509 2518 1750 2586 qua-dam
1804 2534 1937 2572 nova
1982 2519 2162 2588 specie

578 2610 831 2663 nascitur.
876 2609 1005 2674 Qua:
1037 2625 1156 2663 cum
1188 2619 1372 2666 exorta
1401 2610 1584 2675 fuerit,
1631 2625 1946 2665 excrcscere
1995 2626 2163 2681 usque

584 2698 650 2752 ad
683 2700 832 2754 stola:
861 2701 1000 2754 illius
1019 2716 1172 2754 terea!
1194 2700 1488 2754 indumenti
1514 2700 1774 2754 fimbriam
1809 2700 1963 2756 solet,
1994 2701 2162 2768 Quam

579 2804 700 2846 cum
732 2807 945 2847 summo
972 2793 1171 2849 vertice
1217 2809 1467 2848 crescens
1495 2793 1659 2849 herba
1691 2792 1993 2864 contigerit,
2028 2796 2164 2849 vires

579 2885 702 2941 inde
752 2887 816 2941 ad
866 2886 1216 2956 depellendus
1267 2903 1455 2950 omnes
1508 2888 1724 2943 morbos
1777 2889 2165 2958 Ianguoresque

579 2978 865 3048 conquirit,
897 2979 967 3032 ita
996 2988 1052 3032 ut
1081 2994 1411 3049 quaecunque
1445 2979 1605 3035 fuerit
1626 2981 1712 3035 illa
1739 2981 2022 3037 inlirmitas
2046 2997 2165 3036 cor-

584 3071 759 3139 poris,
792 3070 986 3125 haustu
1041 3071 1234 3142 exiguo
1280 3073 1562 3128 madefacti
1612 3073 1861 3130 salutaris
1911 3077 2166 3145 graminis

581 3159 901 3230 depellatur,
935 3159 1067 3215 nihil
1089 3164 1309 3218 omnino
1336 3164 1525 3219 viritnn
1557 3170 1770 3235 gerens,
1805 3167 1849 3221 si
1882 3177 2163 3237 antequam

581 3267 740 3308 terea;
769 3252 992 3308 ﬁmbriae
1033 3257 1391 3310 summitatem
1437 3259 1731 3313 crescendo
1760 3260 2040 3330 contigerit
2074 3262 2165 3316 de-

581 3355 855 3415 cerpatur.
889 3346 1036 3401 lianc
1057 3357 1286 3404 Statuam
1316 3349 1380 3403 ad
1403 3349 1808 3406 similitudinem
1836 3353 2012 3407 vultus
2039 3352 2165 3406 Jesu

582 3437 864 3494 formatam
887 3438 1171 3495 tradebant
1199 3457 1213 3497 :
1243 3457 1360 3512 quae
1392 3446 1682 3510 permansit
1710 3445 1871 3500 etiam
1894 3446 1960 3500 ad
1985 3453 2166 3500 nostra

583 3548 756 3603 usque
803 3543 1064 3604 tempora,
1092 3535 1229 3588 sicut
1257 3534 1355 3602 ipsi
1382 3535 1554 3590 oculis
1585 3537 1783 3590 nostris
1812 3536 2163 3603 inspeximus.

584 3625 654 3680 Et
681 3623 814 3678 nihil
859 3625 1072 3690 mirum,
1105 3625 1149 3680 si
1180 3625 1214 3680 ii
1245 3625 1333 3695 qui
1386 3640 1454 3682 ex
1503 3627 1748 3696 gentibus
1803 3629 2163 3697 crediderunt,

582 3731 684 3788 pro
714 3716 987 3772 beneficiis
1017 3732 1135 3787 quae
1163 3732 1190 3770 a
1214 3716 1487 3772 Salvatore
1514 3719 1719 3772 fuerant
1749 3721 2045 3784 consecuti,
2071 3721 2172 3776 hu-

585 3807 816 3878 iusmodi
846 3810 992 3864 velut
1019 3823 1210 3864 niunus
1241 3809 1558 3884 videbantur
1588 3810 1800 3877 offerre,
1834 3826 1954 3866 cum
1994 3811 2170 3867 videa-

588 3915 710 3955 mus
740 3901 901 3955 etiam
931 3916 1075 3956 nunc
1105 3911 1157 3956 et
1202 3901 1566 3970 apostolorum
1617 3901 1758 3957 Petri
1791 3902 1871 3957 vel
1919 3902 2088 3968 Pauli,
2119 3911 2173 3959 et

586 3991 754 4065 ipsius
798 3995 1091 4052 Salvatoris
1125 3995 1384 4076 imagines
1414 3996 1707 4067 designari,
1745 3997 2044 4068 tabulisquc
2075 3997 2170 4054 de-

587 4087 751 4164 pjngi.
785 4106 803 4139 ›
842 4087 964 4144 llaec
994 4089 1250 4144 Eusebius
1274 4086 1301 4127 δ
1330 4087 1532 4145 retulit.

719 4276 944 4342 Paneas,
978 4271 1046 4330 de
1072 4290 1172 4344 qua
1205 4289 1387 4342 supra,
1417 4288 1534 4342 cap.
1572 4275 1657 4332 l7.

665 4343 694 4385 δ
725 4347 805 4401 Ex
836 4343 1317 4402 versionescilieet
1337 4345 1533 4411 Rufini,
1566 4346 1652 4414 qui
1682 4346 1734 4401 id
1762 4343 2078 4401 habetlibro
2097 4363 2171 4404 vn

591 4416 794 4472 Hister.
822 4433 939 4485 cap.
976 4414 1064 4476 l4.
1088 4431 1207 4469 cum
1235 4417 1496 4469 Eusebius
1520 4417 1656 4472 hanc
1680 4417 1950 4472 historiam
1976 4419 2174 4475 referat

593 4487 781 4544 eodem
812 4487 968 4552 libro,
998 4502 1116 4553 cap.
1151 4487 1237 4550 18,
1265 4487 1349 4540 cui
1388 4487 1606 4540 Rutian
1636 4489 1748 4542 haec
1793 4489 1951 4541 verba
1982 4489 2175 4557 adjun-

593 4560 706 4627 git:
739 4575 756 4608 ι
793 4557 1020 4623 Insignia
1052 4560 1582 4628 veterumreservari
1605 4559 1669 4611 ad
1698 4569 2030 4628 posterorum
2062 4577 2173 4616 me-

596 4629 844 4694 moriam,
881 4629 1086 4683 illorum
1125 4627 1362 4690 honoris,
1413 4628 1599 4681 hortnn
1631 4627 1757 4682 vero
1786 4633 1983 4684 amoris
2033 4631 2171 4686 indi-

593 4703 734 4755 cium
758 4710 860 4754 est.
896 4718 914 4752 ι
953 4700 1116 4754 Porro
1145 4697 1384 4752 Julianus
1412 4699 1685 4764 Apostata.
1721 4709 1777 4752 ut
1807 4698 1968 4754 refert
2006 4703 2173 4755 Sozo-

595 4787 785 4828 mentis
816 4772 907 4826 lib.
933 4787 962 4823 v
983 4785 1101 4838 cap.
1133 4769 1191 4822 2t
1211 4811 1225 4834 ,
1254 4770 1387 4822 hanc
1408 4769 1604 4823 Christi
1634 4770 1922 4824 Salvatoris
1945 4781 2174 4828 statuam

595 4847 805 4905 evertit,
842 4857 1098 4909 suamque
1145 4841 1312 4908 ip~ius
1362 4840 1436 4893 illi
1481 4841 1771 4895 substituit.
1822 4842 1926 4896 Sed
1972 4845 2174 4909 statim,

593 4916 763 4982 inquit
790 4915 900 4975 ille,
928 4911 1062 4981 ignis
1084 4928 1113 4967 e
1139 4912 1278 4965 cmlo
1303 4911 1501 4977 lapsus,
1536 4922 1717 4980 pectus
1745 4921 1932 4966 statuae
1960 4925 2011 4968 et
2041 4916 2175 4968 vici-

593 4999 688 5037 nas
717 4986 914 5052 pectori
948 4994 1121 5052 partes
1149 4982 1380 5040 discidit.
1413 4993 1677 5052 caputque
1706 4999 1824 5037 cum
1853 4986 1994 5038 collo
2020 4985 2175 5054 deje-

593 5054 686 5118 cit,
718 5065 771 5109 et
799 5071 1022 5123 pronqu
1075 5055 1218 5109 lnnni
1263 5053 1455 5119 infixit,
1502 5065 1660 5124 atque
1707 5070 1767 5108 ev
1821 5071 1886 5109 eo
1939 5053 2178 5123 tempore

593 5129 850 5180 remansit
917 5126 1136 5194 fuligine
1186 5124 1424 5179 fulminis
1485 5127 1678 5181 obsita.
1739 5127 1927 5193 Pagani
1997 5136 2175 5182 tamen

595 5193 793 5250 Christi
841 5193 1066 5252 statuam
1099 5213 1193 5265 per
1222 5201 1408 5252 urbem
1458 5199 1726 5251 trahentes
1774 5197 2174 5268 confregerunt,

599 5281 756 5335 quam
793 5279 974 5334 postea
1019 5267 1303 5322 Christiani
1335 5269 1611 5322 collectam
1645 5269 1697 5321 in
1747 5271 1971 5323 ecclesia
2024 5283 2179 5337 repo-

599 5350 838 5409 suerunt.
873 5339 1162 5409 Utramque
1209 5348 1437 5392 Statuam
1461 5381 1476 5401 ,
1504 5337 1702 5392 Cltrisd
1735 5339 1938 5392 scilicet
1971 5339 2179 5394 Domini

601 5406 655 5460 iu
696 5411 942 5474 ecclesia,
994 5420 1048 5464 et
1077 5406 1365 5478 IApostatte
1418 5410 1634 5480 fuligine
1679 5409 2033 5464 deformatam
2081 5424 2180 5464 suo

601 5486 842 5546 tempore
873 5495 1244 5548 perseverasse
1275 5488 1498 5534 testatur
1537 5482 1672 5534 idem
1707 5483 2055 5546 Sozomenus,
2088 5483 2179 5548 qui

601 5549 701 5601 sub
723 5549 1023 5620 '[heodosio
1038 5549 1250 5620 juniore
1272 5553 1514 5618 florebat,
1543 5553 1590 5604 id
1614 5561 1695 5605 est
1715 5564 1923 5605 centum
1947 5563 1997 5608 et
2023 5553 2178 5617 paulo

601 5616 826 5686 amplius
855 5616 1340 5690 annis,'antequam
1373 5616 1657 5690 Gregorius
1691 5636 1868 5679 noster
1891 5616 2174 5678 scriberet.

678 5698 698 5725 τ
731 5691 968 5745 Celebris
991 5702 1104 5745 crat
1131 5697 1268 5759 apud
1300 5692 1613 5746 Damascum
1641 5693 1903 5746 Theodori
1929 5698 2178 5764 martyris

604 5769 796 5825 statua,
827 5777 944 5830 qua:
972 5777 1000 5816 a
1024 5765 1321 5816 Sarraceno
1351 5768 1582 5830 quodam
1629 5764 1732 5815 telo
1760 5778 2007 5832 percussa
2058 5781 2180 5819 san-

640 5832 814 5886 uinem
844 5833 1133 5888 effuderat.
1167 5844 1220 5887 ut
1268 5844 1491 5889 testatur
1537 5845 1750 5890 sanctus
1794 5834 2027 5891 Joannes
2082 5839 2178 5891 Da-

1595 309 1654 368 s.
1694 301 2025 366 caecos"
2065 257 2370 356 EPISCOPI
2410 280 2843 353 TURONENSIS

2199 4591 2254 4654 D

2819 381 3044 461 carior
3083 399 3248 459 xxu.

2251 530 2327 585 De
2358 527 2538 583 Judato
2566 529 2650 596 qui
2679 526 2924 581 iconicam
2957 521 3146 578 Christi
3179 521 3399 590 Iuravit,
3446 529 3493 574 et
3531 517 3862 587 transfodit.

2321 641 2450 696 Nam
2494 649 2548 696 et
2578 639 2682 696 isto
2710 652 2852 693 nunc
2880 646 3143 704 tempore,
3177 650 3270 704 per
3297 633 3682 689 credulitatem
3720 633 3865 686 inte-

2247 750 2396 805 grain
2429 744 2573 789 tanto
2601 733 2846 788 Christus
2876 745 3058 785 amore
3085 729 3344 799 diligitur,
3377 739 3436 782 ut
3466 727 3624 797 cujus
3677 726 3863 796 legem

2249 830 2304 886 in
2347 829 2547 884 tabulis
2591 828 2773 884 cordis
2825 826 3111 883 credentes
3165 823 3347 894 populi
3391 824 3630 878 retinent
3661 861 3683 888 ,
3739 823 3863 891 ejus

2251 926 2412 980 etiam
2465 924 2750 994 imaginem
2797 922 2868 977 ad
2916 920 3480 976 commemorationem
3526 919 3759 973 virtutis
3813 922 3862 972 in

2252 1016 2448 1071 tabulis
2477 1015 2780 1070 visibilibus
2810 1015 3003 1084 pictam
3035 1027 3132 1082 per
3159 1012 3418 1066 ecclesias
3447 1024 3509 1064 ac
3542 1011 3750 1064 domos
3781 1010 3864 1062 af.

2255 1109 2417 1180 figant
2455 1126 2466 1161 :
2496 1109 2589 1163 sed
2619 1117 2674 1163 et
2703 1108 2756 1161 in
2791 1107 2890 1161 hoc
2920 1105 3167 1159 inimicus
3193 1118 3405 1172 semper
3431 1102 3656 1155 humani
3689 1115 3864 1169 gene-

2253 1202 2328 1254 ris
2356 1199 2580 1252 a‘mulus
2611 1206 2804 1252 exstat.
2837 1197 2967 1252 Nam
2999 1195 3218 1251 Juda'us
3243 1195 3456 1264 quidam
3507 1209 3628 1246 cum
3670 1193 3860 1261 linqu

2255 1290 2461 1345 cemodi
2487 1288 2770 1359 imaginem
2797 1289 2847 1342 in
2875 1287 3050 1342 tabula
3073 1286 3294 1355 pictam,
3320 1299 3381 1339 ac
3408 1286 3598 1352 parieti
3633 1283 3859 1337 al‘lixam

2258 1383 2309 1437 in
2342 1384 2567 1437 ecclesia
2596 1396 2736 1450 saepe
2780 1380 3002 1435 vidisset
3024 1422 3038 1446 ,
3073 1380 3148 1433 ait
3180 1395 3194 1432 :
3226 1379 3362 1433 Ecce
3392 1379 3749 1432 seductorem
3795 1379 3861 1431 il-

2259 1476 2366 1529 lum
2399 1475 2485 1543 qui
2537 1489 2632 1527 nos
2672 1488 2947 1545 genusque
2993 1482 3239 1526 nostrum
3292 1470 3622 1524 humiliavit.
3675 1472 3744 1523 lit
3786 1473 3863 1525 sic

2259 1567 2420 1640 745
2452 1576 2609 1622 nocte
2639 1567 2878 1630 veniens,
2911 1563 3018 1620 telo
3049 1565 3215 1635 ipsam
3249 1565 3528 1634 imaginem
3582 1565 3858 1631 verberat,

2259 1662 2553 1730 elisamque
2578 1661 2644 1715 de
2671 1663 2894 1730 pariete,
2919 1668 3157 1730 opertam
3185 1669 3354 1726 veste,
3388 1659 3454 1712 ad
3483 1659 3712 1713 domum
3742 1675 3862 1728 por-

2261 1765 2402 1819 tans,
2437 1755 2666 1809 flammis
2698 1765 2845 1824 parat
2876 1767 3126 1809 exurere.
3160 1751 3265 1807 Sed
3297 1769 3380 1806 res
3414 1755 3548 1808 mira
3581 1752 3856 1822 apparuit,

2263 1864 2401 1918 qum,
2432 1851 2571 1918 quod
2605 1849 2669 1903 de
2707 1851 2898 1902 virtute
2931 1847 3026 1902 Dei
3059 1845 3238 1912 fuerit,
3270 1861 3372 1901 non
3406 1855 3579 1915 potest
3636 1849 3858 1918 ambigi.

2262 1941 2392 1996 Nam
2422 1941 2488 1996 de
2516 1941 2735 1995 vulnere
2766 1940 2852 1994 ubi
2876 1942 3049 2010 imago
3079 1941 3375 1995 transfossa
3409 1939 3608 2004 fuerat,
3646 1941 3861 2008 sanguis

2262 2036 2465 2089 efﬂuxit
2495 2045 2541 2088 ο.
2572 2034 2725 2100 Quod
2765 2035 2880 2103 ipse
2911 2034 3124 2104 iniquus
3153 2036 3445 2106 spiculator
3473 2034 3732 2103 nppletus
3781 2034 3860 2088 fu-

2263 2143 2387 2181 rore
2418 2143 2521 2180 non
2553 2126 2741 2181 sensit.
2772 2125 2902 2180 Cum
2931 2137 3108 2182 autem
3163 2143 3258 2197 per
3300 2129 3546 2183 obscura:
3577 2130 3760 2183 noctis
3792 2139 3861 2182 te-

2265 2221 2458 2275 nebras
2488 2218 2704 2272 domum
2736 2233 2886 2272 suam
2918 2219 3106 2274 fuisset
3131 2219 3427 2290 ingressus,
3476 2220 3685 2274 lumine
3711 2218 3860 2272 adhi-

2265 2314 2378 2368 bito
2397 2314 2568 2366 cernit
2591 2327 2646 2367 se
2663 2319 2829 2365 totum
2853 2311 3110 2382 sanguine
3131 2322 3468 2368 cruentatum
3507 2329 3523 2368 :
3561 2313 3863 2382 timensque

2267 2421 2333 2460 ne
2384 2406 2557 2460 scelus
2617 2418 2769 2460 suum
2828 2405 3146 2473 patefieret,
3203 2405 3465 2474 abjectam
3523 2422 3554 2460 a
3605 2420 3669 2460 se
3717 2406 3862 2459 tabu-

2268 2499 2371 2554 lam
2401 2491 2603 2553 abdidit
2636 2495 2687 2550 in
2717 2495 2985 2563 obscuris,
3021 2512 3120 2552 nec
3147 2512 3310 2553 ausus
3337 2507 3419 2554 est
3462 2499 3601 2553 ultra
3650 2501 3862 2554 contin-

2270 2607 2394 2662 gere
2451 2590 2593 2659 quod
2666 2589 2846 2658 inique
2902 2589 3239 2658 praesumpsit
3287 2591 3518 2646 auferre.
3572 2591 3860 2646 Venientes

2267 2693 2444 2739 autem
2467 2681 2760 2737 Christiani
2786 2681 3020 2738 diluculo
3050 2682 3113 2736 ad
3148 2683 3362 2736 domum
3399 2683 3514 2750 Dei,
3547 2683 3811 2739 icunicam
3837 2681 3862 2721 τί

2269 2794 2373 2834 ηοη
2398 2778 2697 2844 inveniunt,
2724 2784 3108 2848 stupentesque
3130 2793 3192 2831 ac
3215 2779 3551 2846 requirentes
3578 2779 3725 2849 quod
3753 2777 3863 2832 fue-

2270 2885 2353 2931 rat
2403 2875 2637 2940 factum,
2689 2873 2898 2928 cruoris
2953 2873 3174 2942 vestigia
3225 2872 3651 2941 deprehendunt.
3712 2871 3865 2939 Quod

2270 2976 2577 3039 sequentes,
2605 2966 2669 3022 ad
2701 2966 2916 3021 domum
2945 2965 3118 3020 Judaei
3149 2965 3432 3020 accedunt.
3466 2964 3697 3034 Denique
3721 2965 3864 3018 scis-

2274 3061 2421 3116 citati
2449 3061 2517 3115 de
2552 3059 2744 3122 tabula,
2780 3058 2909 3113 nihil
2940 3057 3074 3113 certi
3121 3065 3472 3127 cognoscunt.
3508 3055 3864 3126 Requirentes

2273 3163 2452 3209 autem
2483 3167 2603 3208 eam
2635 3150 2885 3216 sollicite,
2920 3151 2970 3204 in
3018 3149 3211 3219 angulo
3237 3149 3443 3204 cellula:
3492 3147 3664 3203 Judaei
3718 3162 3863 3216 repe-

2273 3248 2419 3302 riunt
2447 3263 2459 3300 :
2493 3261 2595 3318 qua
2627 3243 2870 3301 ecclesia:
2899 3242 3132 3308 reddita,
3165 3243 3336 3298 furem
3367 3240 3634 3312 lapidibus
3674 3241 3864 3299 obrue-

2270 3348 2418 3396 runt.

2841 3403 3072 3462 CAPUT
3100 3404 3294 3461 XXIII.

2633 3521 2710 3576 De
2734 3520 2986 3588 cruciﬁxo
3015 3518 3156 3587 apud
3184 3517 3504 3574 Norbanum.

2348 3635 2443 3692 Est
2469 3643 2524 3690 et
2568 3634 2707 3705 apud
2759 3633 3163 3688 Narbonensem
3197 3630 3383 3686 urbem
3415 3631 3467 3685 in
3516 3629 3747 3686 ecclesia
3789 3643 3866 3686 se-

2275 3728 2448 3794 niore,
2477 3742 2596 3797 qua;
2641 3726 2779 3782 beati
2807 3725 3023 3781 Genesii
3056 3725 3309 3796 martyris
3353 3723 3594 3794 reliquiis
3643 3723 3864 3793 plaudit,

2277 3820 2481 3890 pictura
2510 3833 2629 3889 quas
2685 3818 2969 3872 Dominum
3023 3827 3268 3871 nostrum
3317 3817 3469 3885 quasi
3524 3816 3865 3885 praecinctum

2276 3914 2446 3968 linteo
2487 3912 2688 3968 indicat
2714 3909 3048 3966 crucifixum.
3075 3909 3208 3976 Quae
3238 3909 3444 3978 pictura
3473 3909 3600 3963 dum
3652 3909 3866 3964 assidue

2276 4015 2594 4064 cerneretur
2621 4020 2651 4059 a
2682 4003 2925 4073 populis,
2958 4002 3204 4072 apparuit
3225 4001 3440 4056 cuidam
3489 4001 3700 4057 Basileo
3726 4016 3867 4069 pres~

2275 4099 2466 4170 bytero
2493 4111 2586 4152 uer
2611 4095 2784 4151 visum
2817 4109 3048 4165 persona
3081 4094 3360 4159 terribilis,
3394 4093 3580 4150 dicens
3616 4111 3630 4149 :
3663 4096 3862 4150 Omnes

2277 4290 2558 4346 ma‘scenus
2589 4281 2727 4330 orat.
2760 4275 2794 4330 5
2822 4272 2891 4330 de
2918 4274 3116 4330 sanctis
3146 4275 3489 4346 Imaginibus.
3715 4325 3723 4332 .

2348 4343 2374 4384 ἀ
2399 4348 2523 4413 Alii,
2545 4348 2786 4409 iconiam,
2806 4347 3138 4400 seuiconam.
3165 4343 3303 4413 BalI,
3327 4350 3540 4402 iconem.
3568 4347 3864 4403 Retinenda

2281 4429 2459 4474 nostra
2491 4420 2672 4481 lectio,
2719 4433 2836 4486 quae
2866 4426 2948 4471 est
2979 4420 3327 4471 vetustiorum
3365 4419 3517 4474 Edit.
3558 4431 3610 4474 et
3640 4422 3864 4488 scripto-

2278 4506 2416 4545 rum.
2451 4489 2541 4544 Sic
2571 4491 2714 4543 cnim
2747 4489 2817 4542 illi
2849 4497 3098 4542 auctores
3127 4489 3430 4544 scribebant
3467 4489 3531 4542 ad
3583 4493 3866 4559 designan-

2280 4562 2400 4615 dam
2432 4561 3020 4632 i-maginemtut‘supra
3049 4559 3099 4613 in
3151 4576 3269 4632 cap.
3319 4561 3490 4625 titulo,
3525 4569 3579 4632 et
3632 4562 3684 4614 in
3739 4562 3866 4614 Vitis

2281 4629 2679 4700 Patrumfcap.
2717 4629 2802 4682 l2.
2837 4629 2972 4683 Hinc
3003 4631 3235 4684 manavit
3277 4631 3608 4685 consuetudo
3659 4647 3864 4686 sacram

2279 4705 2477 4757 Chriin
2506 4702 2789 4770 imaginem
2823 4700 3124 4754 Veronicam
3147 4743 3161 4766 ,
3191 4703 3337 4769 quasi
3373 4718 3552 4756 veram
3585 4703 3860 4768 icuniCam,

2279 4772 2606 4842 appellandi,
2642 4781 2698 4824 ut
2726 4788 2792 4825 ex
2829 4773 3198 4838 compluribus
3227 4774 3534 4826 auctoribus
3564 4774 3751 4840 probat
3777 4790 3866 4825 no-

2280 4855 2390 4898 ster
2420 4844 2755 4897 Mabillonius
2800 4842 3003 4896 itineris
3036 4843 3199 4896 Italici
3231 4859 3348 4912 pag.
3385 4844 3449 4895 88
3481 4852 3536 4896 et
3559 4845 3649 4896 8i}.
3698 4846 3861 4910 Quam

2284 4923 2460 4968 tamen
2492 4928 2674 4968 vorem
2707 4914 2942 4966 nonuttlli
2996 4912 3231 4966 mulieris
3279 4929 3398 4968 esse
3442 4929 3634 4967 nomen
3685 4927 3864 4983 postea

2283 4986 2672 5048 existimantes,
2722 4984 3036 5038 Veronicam
3089 4983 3364 5038 [inserunt
3405 4989 3545 5052 piam
3593 4984 3862 5047 feminam,

2282 5071 2402 5125 qua:
2430 5056 2645 5110 Christo
2675 5055 2737 5108 ad
2766 5054 3023 5108 Calvarim
3058 5065 3289 5109 montem
3318 5059 3625 5110 ascendenti
3656 5057 3860 5109 obviam

2283 5143 2591 5186 occurrens,
2623 5127 2738 5193 ejus
2759 5140 2927 5179 sacrm
2960 5125 3110 5178 faciei
3139 5142 3293 5194 quam
3316 5135 3609 5196 eaterserat
3635 5127 3861 5196 clligiem

2284 5197 2336 5251 in
2366 5198 2636 5251 sudariolo
2663 5199 2978 5262 impressam
3013 5199 3298 5264 receperit.
3337 5195 3484 5250 Unde
3521 5214 3714 5251 nomen
3744 5205 3866 5252 sati-

2283 5279 2382 5320 cta:
2415 5269 2690 5322 Veronicze
2722 5268 2772 5321 iu
2821 5269 3025 5337 aliquot
3056 5268 3423 5337 lllartyrologia
3457 5271 3718 5321 invectum
3766 5281 3862 5323 est.

2282 5339 2387 5393 Sed
2420 5354 2483 5392 ne
2515 5343 2563 5392 in
2596 5339 2892 5392 Romanum
2922 5339 3290 5392 admitteretur
3334 5340 3539 5392 obSIitit
3584 5339 3861 5405 Barouins,

2282 5426 2402 5466 cum
2433 5411 2552 5464 aliis
2581 5411 2706 5464 VIlIS
2735 5410 2983 5463 eruditis.
3020 5410 3151 5462 Hinc
3180 5409 3360 5462 mirari
3387 5410 3532 5463 subit
3563 5410 3862 5464 Bollandia-

2284 5485 2366 5536 nis
2393 5481 2601 5535 crimini
2624 5483 2806 5534 datum
2837 5481 2999 5534 fuisse
3021 5497 3046 5532 a
3069 5480 3401 5547 Carmelilis,
3433 5485 3575 5548 quod
3607 5485 3671 5534 de
3699 5480 3862 5536 Vero.

2287 5555 2403 5612 nica
2423 5553 2646 5607 muliere.
2663 5553 2811 5622 quasi
2831 5551 3135 5605 dubitanter
3153 5551 3308 5604 locuti
3333 5555 3546 5606 fuerint.
3569 5553 3635 5605 Et
3655 5553 3862 5620 quidem

2285 5624 2556 5689 Nicotaus,
2582 5625 2776 5691 aliique
2804 5623 3106 5690 complures
3136 5628 3411 5690 pontifices
3438 5623 3660 5678 Romani
3694 5624 3856 5692 ipsam

2286 5694 2480 5749 Christi
2535 5695 2741 5748 Domini
2774 5697 3057 5762 imaginem
3089 5694 3244 5763 vulgo
3283 5693 3584 5748 Veronicam
3613 5696 3863 5764 appellari

2290 5768 2464 5818 testati
2497 5776 2638 5819 sunt.
2673 5764 2808 5818 Vide
2840 5764 3189 5829 l'apebrocliii
3219 5766 3624 5833 responsionem
3653 5769 3719 5819 ad
3769 5781 3859 5820 ex-

2289 5837 2600 5891 hibitionem
2623 5851 2865 5891 errorqu
2899 5851 2992 5905 per
3013 5836 3386 5892 Sebastianum
3415 5853 3439 5889 ο
3459 5839 3655 5894 Sancto
3681 5837 3858 5894 Paulo.

3749 279 3865 338 γει
