4132 6348
348 379 449 437 ’ἵὲδ

1167 377 1670 438 MIRACULORUM
1707 376 1840 435 LIB.
1879 376 1924 432 l.
1966 374 2057 432 DE
2098 375 2353 434 GLORIA
2390 377 2799 437 MARTYRUM.

3503 380 3610 439 726

348 510 448 551 vos
492 494 685 551 obtecti
730 494 859 551 estis
902 494 1067 550 variis
1108 495 1451 564 indumentis,
1499 504 1555 550 et
1600 508 1689 549 me
1720 493 1919 564 jugiter
1947 492 2085 553 Aut
2128 489 2281 545 initio
2326 491 2623 562 produntur
2666 494 2883 562 nescio,
2934 492 3005 549 ita
3042 503 3095 550 et
3145 492 3249 551 fine
3290 493 3609 557 clauduntur

347 588 510 661 746
536 590 731 644 nudum
761 589 1022 659 aspicitis.
1054 587 1199 644 Vade
1222 590 1560 660 quantocius,
1592 589 1804 659 conperi
1840 600 1925 643 me

345 684 684 740 vestimento.
720 683 788 736 Et
834 683 1115 753 presbyter
1161 696 1267 736 non
1314 682 1617 752 intelligens
1643 680 1923 745 visionem,

345 776 468 832 data
501 775 587 830 die
620 790 951 844 nequaquam
989 789 1054 829 ex
1085 786 1153 829 ea
1188 790 1249 829 re
1278 780 1603 829 memoratus
1649 780 1751 825 est.
1784 770 1924 824 Rur-

346 883 567 936 sumque
615 869 858 936 apparuit
887 868 970 932 ei;
998 867 1091 922 sed
1137 875 1193 922 et
1223 867 1352 921 illud
1397 865 1752 935 parvipendit.
1798 864 1927 919 Post

345 962 559 1018 tertium
589 972 762 1015 autem
794 960 934 1014 diem
976 960 1223 1015 secunda:
1250 959 1491 1025 visionis,
1537 958 1785 1029 gravibus
1827 972 1923 1013 ex-

343 1037 583 1107 cruciate
611 1066 677 1106 eo
717 1051 1052 1118 verberibus,
1085 1053 1158 1105 ait
1192 1068 1207 1109 :
1243 1051 1431 1107 Nonne
1459 1051 1697 1107 dixeram
1727 1051 1817 1106 tibi
1869 1059 1925 1105 ut

343 1147 581 1215 operires
613 1160 697 1199 me
720 1147 1060 1211 vestimento,
1091 1161 1158 1201 ne
1185 1160 1439 1201 cernerer
1468 1145 1643 1203 nudus
1671 1162 1685 1199 :
1712 1154 1766 1200 et
1792 1146 1923 1201 nihil

342 1252 405 1291 ex
441 1240 541 1292 hoc
573 1252 599 1290 a
630 1248 681 1291 te
713 1244 887 1292 actum
920 1237 1036 1292 est?
1068 1238 1245 1303 Vade,
1278 1238 1467 1307 inquit,
1501 1246 1554 1292 et
1602 1247 1719 1308 tege
1764 1238 1924 1293 linteo

343 1331 605 1399 picturam
636 1330 802 1392 illam,
837 1330 887 1383 in
919 1344 1021 1398 qua
1068 1330 1354 1385 crucifixus
1403 1344 1658 1399 appareo,
1715 1343 1781 1384 ne
1829 1329 1920 1384 tibi

341 1421 500 1474 velox
553 1421 895 1488 superveniat
946 1419 1215 1473 interitus.
1249 1422 1318 1474 At
1366 1419 1455 1474 ille
1497 1426 1818 1484 commotus,
1871 1428 1924 1474 et

341 1512 496 1565 valde
526 1522 799 1578 metuens,
852 1512 1173 1566 uarravitea
1219 1512 1496 1580 episcopo,
1548 1510 1636 1579 qui
1681 1512 1922 1579 protinus

340 1606 497 1676 jussit
533 1605 762 1674 desuper
793 1604 968 1659 velum
1008 1604 1241 1673 expandi
1295 1613 1349 1659 et
1397 1604 1475 1657 sic
1517 1604 1727 1658 obtecta
1782 1619 1923 1659 nunc

341 1696 545 1766 pictura
577 1696 863 1763 suspicitur
895 1706 941 1750 ιι.
976 1696 1106 1750 Nam
1141 1706 1192 1751 et
1220 1697 1265 1751 si
1309 1711 1596 1766 parumper
1646 1697 1923 1767 delegatur

339 1788 404 1842 ad
433 1788 924 1857 contemplandum,
956 1804 1077 1844 mox
1106 1788 1339 1845 demisso
1362 1789 1483 1845 velo
1506 1790 1823 1861 contegitur,
1854 1804 1921 1845 ne

339 1878 551 1935 detecta
582 1887 853 1933 cernatur.

891 1988 1117 2079 CAPUT
1157 1988 1346 2044 XXIV.

520 2102 734 2177 Insigne
762 2105 1065 2158 miraculum
1097 2104 1159 2158 de
1196 2104 1431 2176 fantibus
1453 2103 1736 2170 Hispanus.

410 2216 504 2271 Est
530 2214 557 2255 δ
588 2224 643 2271 et
670 2215 796 2272 illud
834 2216 1042 2271 illustre
1067 2216 1387 2271 miraculum
1418 2216 1486 2273 de
1525 2216 1761 2271 fontibus
1804 2214 1923 2272 liis-

340 2311 511 2381 paniue
543 2350 557 2377 ,
608 2325 744 2377 quos
793 2309 1066 2365 Lusitania
1111 2310 1384 2380 provincia
1434 2310 1655 2380 profert.
1710 2310 1923 2365 Piscina

338 2418 566 2473 namque
592 2412 673 2457 est
700 2402 836 2471 apud
866 2404 1003 2457 Usen
1040 2413 1061 2441 ο
1100 2388 1348 2471 campum
1381 2404 1677 2473 antiquitus
1715 2404 1922 2473 sculpta

339 2505 393 2551 et
422 2512 486 2550 ex
512 2511 780 2551 marmore
811 2497 956 2550 Vario
978 2496 1032 2549 itt
1063 2496 1278 2551 modum
1310 2497 1508 2561 crucis,
1538 2498 1673 2551 miro
1703 2511 1922 2565 compo-

339 2589 436 2644 sita
469 2603 650 2658 opere.
686 2588 792 2643 Sed
824 2598 877 2642 ct
907 2588 1049 2642 aedes
1080 2602 1285 2656 magnae
1315 2588 1572 2642 claritatis
1601 2602 1663 2641 ac
1705 2588 1925 2644 celsitu-

339 2678 478 2734 dinis
509 2680 740 2748 desuper
762 2695 792 2733 a
821 2677 1135 2733 Christianis
1156 2688 1459 2733 constructa
1486 2687 1589 2732 est.
1621 2678 1781 2747 igitur
1802 2693 1921 2734 eum

339 2773 459 2827 dies
479 2787 630 2827 sacer
660 2782 779 2842 post
809 2771 1066 2825 circulum
1096 2772 1221 2825 anni
1272 2771 1577 2826 decedentis
1622 2772 1921 2841 advenerit,

340 2878 446 2933 quo
476 2863 730 2917 Dominus
774 2865 996 2917 confuso
1026 2864 1294 2931 proditore
1322 2864 1600 2934 mysticam
1652 2862 1924 2933 discipulis

341 2957 568 3027 praebuit
618 2970 850 3021 cuinam,
897 2956 1221 3033 conveniunt
1278 2956 1330 3009 in
1377 2956 1549 3010 locum
1598 2955 1746 3010 illum
1802 2970 1921 3008 cum

342 3049 590 3118 pontifice
622 3047 789 3113 cives,
816 3047 924 3116 jam
957 3046 1177 3101 odorem
1208 3048 1344 3101 sacri
1372 3047 1779 3115 prtcsentientes
1804 3062 1925 3100 aro-

342 3144 518 3199 matis.
562 3142 711 3197 Tunc
741 3142 861 3195 data
894 3142 1137 3195 oratione
1164 3156 1193 3195 a
1225 3142 1524 3201 sacerdote,
1559 3140 1690 3193 ostia
1743 3141 1924 3210 templi

342 3236 526 3307 iubent
557 3236 716 3290 simul
747 3235 942 3290 muniri
973 3234 1280 3303 signacuiis,
1314 3232 1471 3304 747
1500 3234 1785 3287 adventum
1817 3235 1923 3286 vir-
1949 3269 1997 3334 Ο

342 3330 469 3383 tutis
497 3329 781 3383 dominica:
814 3327 1203 3395 praestolantes.
1239 3326 1331 3380 Die
1359 3338 1534 3380 autem
1567 3328 1716 3379 tertia
1737 3366 1751 3391 ,
1781 3325 1921 3395 quod

343 3431 424 3478 est
453 3422 680 3487 sabbati,
717 3421 1163 3476 convenientibus
1192 3420 1257 3473 ad
1290 3419 1661 3489 baptizandum
1694 3419 1921 3487 populis,

343 3514 631 3568 adveniens
662 3513 946 3581 episcopus
993 3526 1113 3565 cum
1147 3510 1351 3565 civibus
1390 3511 1523 3578 suis,
1550 3510 1804 3578 inspectis
1847 3509 1923 3563 si-

342 3605 606 3675 gnaculis,
634 3604 767 3657 ostia
800 3613 1003 3657 reserat
1033 3603 1234 3657 clausa.
1265 3605 1339 3656 Ac
1365 3604 1556 3657 mirum
1579 3603 1744 3667 dictu,
1768 3604 1926 3670 pisci—

345 3712 466 3751 nam
500 3712 658 3765 quam
689 3696 1011 3765 reliquerant
1042 3710 1287 3762 vacuam,
1318 3697 1591 3763 reperiunt
1613 3695 1847 3764 plenam,
1871 3702 1925 3749 et

342 3790 417 3845 ita
446 3789 660 3844 cumulo
692 3787 881 3842 altiore
913 3788 1183 3851 refertam,
1217 3796 1274 3840 ut
1302 3788 1441 3842 solet
1484 3802 1647 3855 super
1677 3801 1770 3840 ora
1801 3800 1921 3840 mo-

342 3880 553 3936 diorum
586 3880 821 3933 triticum
873 3880 1144 3948 aggregari
1176 3897 1191 3933 :
1221 3879 1507 3947 Videasque
1551 3879 1653 3933 huc
1698 3878 1926 3947 illucque

342 3971 531 4029 latices
558 3973 812 4027 fluctuare
837 4013 850 4038 ,
884 3987 980 4025 nec
1014 3980 1217 4040 partem
1249 3971 1300 4024 in
1351 3970 1613 4025 diversam
1664 3969 1920 4024 defluere.

344 4065 495 4120 Tunc
525 4080 642 4120 cum
676 4067 983 4119 exorcismo
1015 4064 1423 4131 sanctificatum,
1453 4078 1797 4132 conspersum
1830 4064 1925 4117 de-

344 4173 505 4227 super
531 4158 786 4223 chrisma,
820 4159 994 4210 omnis
1025 4157 1247 4226 populus
1278 4173 1371 4225 pro
1408 4158 1691 4212 devotione
1729 4155 1923 4223 haurit,
1964 4172 1967 4173 ν

345 4259 399 4305 et
429 4263 522 4303 vas
569 4251 784 4319 plenum
818 4248 959 4302 domi
991 4264 1088 4318 pro
1138 4249 1432 4304 salvatione
1480 4256 1736 4318 reportat,
1772 4263 1928 4319 agros

345 4343 635 4411 vineasque
660 4340 967 4409 aspersione
992 4341 1337 4395 saluberrima
1360 4348 1623 4395 tutaturus
1645 4337 1693 4395 ἀ.
1720 4338 1781 4394 Et
1805 4356 1928 4396 cum

346 4433 542 4488 exinde
588 4433 871 4487 multitudo
902 4433 1280 4502 amphorarum
1310 4434 1423 4487 sine
1454 4433 1679 4487 collecto
1706 4447 1928 4488 numero

348 4527 641 4589 hauriatur,
677 4541 945 4595 nunquam
980 4536 1155 4580 tamen
1188 4526 1269 4581 vel
1297 4528 1564 4581 cumulum
1597 4525 1789 4580 minuit
1822 4544 1834 4579 :
1864 4526 1903 4581 li

348 4628 432 4673 eet
463 4618 549 4672 ubi
579 4619 754 4673 infans
787 4620 986 4687 primus
1016 4618 1270 4674 intinctus
1295 4619 1487 4689 fuerit,
1519 4636 1639 4674 mox
1675 4635 1810 4691 aqua
1841 4636 1928 4677 re-

348 4712 579 4779 ducitur,
605 4721 661 4767 et
681 4712 958 4782 baptizatis
979 4712 1246 4778 omnibus,
1271 4712 1498 4784 lymphis
1524 4714 1574 4769 in
1594 4728 1653 4769 se
1676 4716 1924 4785 reversis,

422 4904 446 4931 ἰ
477 4894 683 4949 Exinde
716 4895 937 4947 fortasse
959 4892 1288 4948 consuetudo
1313 4896 1570 4959 manavit,
1597 4903 1654 4948 ut
1680 4893 1926 4951 Christus

350 4965 607 5019 Dominus
657 4967 705 5017 in
758 4978 914 5015 cruce
963 4965 1198 5029 pendens
1246 4968 1469 5018 vestitus
1524 4966 1922 5034 depingeretur.

350 5039 508 5090 Certe
543 5051 625 5087 ine
655 5049 759 5086 non
790 5034 952 5086 semel
987 5034 1178 5086 vidisse
1213 5037 1426 5088 memini
1475 5036 1782 5089 crucifixum
1819 5037 1923 5087 Do-

353 5109 553 5159 minum
588 5116 735 5157 veste
760 5103 908 5157 talari
934 5101 1170 5154 indutum
1199 5105 1334 5171 apud
1360 5104 1591 5158 Rhemos
1626 5108 1674 5157 in
1699 5106 1922 5159 ecclesia

351 5176 630 5245 collegiata
662 5184 857 5227 sancta:
892 5173 1195 5245 Balsauiire,
1228 5189 1341 5237 seu,
1380 5184 1435 5226 ut
1465 5184 1678 5238 vocant,
1729 5184 1924 5229 sancta:

353 5243 601 5299 Nutricis.
635 5246 783 5314 (I'lmc
827 5247 966 5297 enim
1012 5243 1222 5314 bcatum
1266 5245 1564 5312 Remigium
1612 5246 1926 5300 enutrivissc

352 5316 590 5387 dicitur.)
626 5318 767 5369 Alias
797 5314 1054 5387 ejusmodi
1080 5313 1343 5387 imagines
1373 5328 1430 5367 se
1474 5314 1672 5368 vidisse
1704 5324 1924 5370 testatur

357 5384 691 5441 illabillonius
726 5389 774 5440 in
824 5384 1131 5454 praefatione
1168 5385 1231 5437 ad
1272 5388 1402 5437 Acta
1449 5395 1753 5440 sanctorum
1803 5388 1919 5441 ord.

356 5459 580 5517 Beneth
607 5473 727 5512 srec.
760 5472 831 5523 tv,
864 5466 998 5526 part.
1031 5470 1067 5522 ι,
1102 5470 1245 5510 ιιυιη.
1279 5456 1369 5523 47,
1401 5464 1454 5510 et
1494 5457 1544 5509 in
1571 5456 1687 5510 ltin.
1723 5458 1920 5525 italico,

370 5545 474 5583 tau.
518 5529 631 5582 l55.

426 5546 474 5583 ".
518 5546 531 5579 i
582 5546 631 5581 ἱ).

354 5546 455 5639 pag
485 5546 595 5653 licic
620 5608 779 5669 caput
801 5611 922 5652 cum
966 5597 1134 5652 tribus
1162 5595 1505 5669 sequentibus
1533 5597 1680 5653 deest
1711 5599 1763 5652 in
1806 5598 1927 5652 Cla-

355 5688 491 5728 TOHL
526 5686 574 5724 3.

430 5755 453 5782 α
488 5742 601 5796 Non
642 5741 776 5794 alius
814 5741 914 5794 iste
956 5740 1103 5793 locus
1142 5741 1356 5796 videtur
1382 5754 1501 5795 esse
1529 5740 1597 5793 ab
1630 5739 1802 5804 Osser,
1836 5755 1928 5795 seu

360 5814 511 5880 Oset,
545 5828 709 5880 prope
740 5811 994 5879 llispaiim
1016 5853 1028 5873 ,
1064 5811 1130 5865 de
1158 5826 1261 5878 quo
1292 5814 1403 5881 ipse
1433 5812 1722 5877 Gregorius
1751 5811 1842 5863 lib.
1880 5827 1929 5865 vt

358 5885 603 5941 Historia:
628 5898 745 5950 cap.
772 5881 861 5935 45.
893 5881 1119 5951 Hispalis
1150 5897 1274 5938 vero
1312 5898 1377 5939 ex
1419 5883 1613 5938 Baetica
1655 5883 1927 5949 provincia

1955 4650 2008 4711 D

2026 581 2234 654 ignaro.

2606 674 2832 734 CAPUT
2859 675 3024 734 XXV.

2172 785 2248 841 De
2276 787 2527 843 hwreticia
2552 790 2635 859 qui
2658 805 2762 844 non
2790 791 3131 867 adhibuerunt
3160 792 3266 847 illis
3289 793 3462 864 ﬁdem.

2096 898 2319 966 Quidam
2355 916 2483 957 vero
2534 919 2601 959 ex
2645 905 2915 963 haireticis
2965 909 3132 964 Deum
3183 924 3288 964 non
3341 919 3603 980 metuens,

2027 1004 2201 1060 neque
2220 994 2619 1051 venerationem
2644 1006 2906 1066 prmstans
2928 998 3182 1071 huicloco
3201 1006 3410 1066 sancto,
3435 1017 3609 1072 neque

2025 1084 2251 1138 credens
2276 1086 2440 1141 corde
2471 1086 2811 1155 miraculum,
2837 1091 2977 1160 quod
3024 1091 3077 1147 in
3125 1107 3194 1148 eo
3242 1092 3497 1148 Dominus
3539 1095 3606 1149 ad

2026 1178 2479 1233 corroborandatn
2509 1195 2729 1235 suorum
2762 1183 2921 1239 iidem
2950 1192 3207 1254 praestare
3232 1185 3475 1257 dignatus
3501 1196 3605 1253 est,

2025 1284 2132 1323 non
2159 1269 2351 1325 silebo.
2378 1270 2537 1325 Venit
2556 1288 2676 1327 cum
2698 1275 2848 1330 turba
2877 1290 3159 1346 equorum,
3181 1279 3370 1334 solutis
3397 1295 3608 1351 quoque

2026 1358 2421 1427 impedimentis
2446 1363 2604 1430 jussit
2635 1366 2687 1420 in
2732 1365 3005 1422 basilicam
3039 1371 3201 1440 poni,
3234 1373 3609 1444 equitibusque

2026 1449 2116 1523 [Id
2146 1462 2242 1520 est,
2293 1454 2464 1528 equis]
2514 1459 2567 1512 in
2598 1472 2661 1513 ea
2710 1462 2969 1529 praesepia
3019 1464 3329 1533 praeparari,
3379 1466 3607 1522 irridens

2024 1547 2193 1603 miser
2220 1564 2343 1618 qua:
2371 1550 2439 1606 de
2480 1551 2581 1608 hoc
2612 1554 2728 1609 loco
2771 1556 3126 1611 narrabantur
3156 1558 3222 1611 ab
3268 1558 3474 1615 incolis.
3510 1559 3608 1630 igi-

2028 1650 2115 1695 tur
2141 1642 2315 1696 tnedia
2348 1654 2504 1697 nocte
2544 1653 2930 1714 praetereunte,
2961 1662 2990 1701 a
3022 1648 3167 1703 febre
3196 1650 3516 1717 corripitur,
3548 1666 3609 1705 ac

2010 1748 2161 1802 pene
2189 1736 2481 1801 exanimis,
2514 1747 2567 1793 et
2597 1740 2800 1794 tardius
2827 1755 2983 1810 quam
3015 1742 3273 1797 debuerat
3318 1744 3605 1810 pmnitens,

2025 1828 2288 1882 exclamat
2316 1831 2525 1900 equites
2551 1833 2618 1886 ab
2658 1835 2771 1887 aede
2798 1834 3029 1903 expelli;
3061 1847 3177 1891 erat
3205 1839 3348 1892 enim
3378 1838 3426 1893 ei
3449 1882 3463 1907 ,
3509 1830 3609 1892 sub

2027 1933 2154 1990 rege
2180 1920 2326 1990 licet,
2354 1937 2543 1991 magna
2568 1932 2740 1979 tainen
2772 1927 2822 1979 in
2854 1926 2939 1980 illa
2971 1927 3189 1994 regione
3213 1936 3468 1997 potestas.
3499 1928 3604 1983 Ex-

2025 2012 2300 2084 pulsisque
2324 2030 2350 2068 a
2376 2015 2595 2072 basilica
2617 2027 2800 2072 sancta
2824 2020 3113 2088 equitibus,
3143 2021 3206 2075 ad
3231 2035 3291 2075 se
3315 2035 3609 2077 conversus

1994 2108 2188 2175 erepit
2216 2107 2464 2163 dentibus
2500 2112 2769 2178 proprium
2802 2110 3040 2168 lacerare
3067 2115 3442 2182 corpusculum
3463 2155 3478 2179 ,
3510 2127 3609 2168 nec

2027 2212 2249 2266 prorsus
2280 2200 2501 2253 retineri
2533 2214 2562 2253 a
2594 2201 2702 2255 suis
2729 2201 2798 2255 ob
2828 2202 3044 2256 nimiam
3077 2210 3284 2271 poterat
3311 2201 3609 2258 debaccha-

2026 2289 2249 2345 tionem.
2298 2289 2643 2360 Tandemque
2674 2290 2838 2363 748
2865 2306 3173 2362 oppressus,
3196 2294 3345 2348 inter
3394 2308 3608 2353 suorum

2026 2398 2217 2437 manus
2244 2381 2487 2450 spiritum
2514 2382 2801 2436 exhalavit.

2099 2472 2337 2541 Denique
2375 2472 2778 2541 'i‘lieodcgisilus
2814 2484 2835 2511 ο
2869 2473 3028 2545 hujus
3057 2490 3151 2529 rex
3200 2474 3454 2546 regionis,
3488 2491 3609 2532 cum

2026 2565 2246 2620 vidisset
2270 2566 2368 2618 hoc
2402 2564 2715 2619 miraculum
2740 2566 2879 2635 quod
2912 2567 2962 2621 in
2994 2567 3076 2621 his
3104 2569 3324 2622 sacratis
3360 2568 3471 2623 Deo
3492 2567 3610 2643 fon-

2026 2658 2168 2713 tibus
2194 2657 2507 2728 gerebatur,
2542 2658 2794 2725 cogitavit
2823 2659 2961 2714 intra
2993 2674 3050 2715 se
3076 2658 3285 2723 dicens,
3310 2661 3431 2730 quia
3460 2661 3611 2729 inge-

2029 2754 2174 2807 nium
2207 2764 2286 2807 cst
2328 2752 2691 2806 Romanorum
2727 2754 3029 2823 (Romanos
3068 2738 3209 2808 enim
3242 2755 3477 2808 vocitant
3513 2753 3611 2810 ho-

2027 2850 2200 2900 mines
2234 2846 2761 2914 nustrzereiigionis)
2796 2856 2851 2900 ut
2895 2848 2963 2900 ita
2996 2848 3220 2908 accidat,
3274 2855 3329 2900 et
3372 2862 3481 2901 non
3531 2856 3612 2904 est

2028 2937 2120 2992 Dei
2154 2938 2339 2991 virtus.
2388 2937 2617 2991 Veniens
2650 2953 2775 2992 vero
2806 2940 2868 2991 ad
2913 2954 3108 2993 annum
3148 2947 3458 3008 sequentem
3482 2981 3496 3005 ,
3525 2954 3614 2995 os-

2029 3030 2159 3084 tium
2192 3029 2382 3099 sigillis
2429 3031 2540 3083 suis
2591 3045 2709 3084 cum
2758 3032 2993 3099 episcopi
3036 3032 3210 3102 sigillo
3239 3034 3482 3100 munivit,
3518 3048 3613 3104 po-

2029 3122 2240 3188 siiitque
2272 3120 2522 3175 custodes
2551 3123 2599 3175 in
2632 3123 2854 3176 circuitu
2889 3124 3105 3192 templi,
3139 3126 3182 3179 si
3218 3126 3351 3180 forte
3377 3126 3609 3196 aliquem

2027 3214 2430 3282 deprehendere
2479 3225 2659 3284 posset
2688 3216 2887 3271 fraudis
2914 3218 3145 3286 alicujus
3175 3221 3469 3286 conscium,
3518 3236 3612 3290 per

2029 3307 2180 3376 cujus
2203 3309 2469 3375 ingenium
2496 3308 2545 3361 in
2578 3308 2809 3362 fontibus
2830 3324 2964 3378 aqua
2990 3311 3324 3365 succederet.
3357 3311 3613 3368 Similiter

2028 3401 2216 3455 etalio
2264 3402 2391 3455 fecit
2430 3416 2591 3455 anno.
2646 3402 2829 3456 Tertio
2874 3418 3003 3457 vero
3051 3414 3335 3459 convocata
3380 3410 3611 3461 virorum

2026 3490 2396 3557 multitudine,
2428 3492 2597 3546 fossas
2631 3493 2682 3546 in
2730 3493 2951 3547 circuitu
2998 3494 3234 3549 basilica:
3266 3497 3380 3550 fieri
3421 3497 3611 3566 jussit,

2026 3598 2093 3637 ne
2122 3582 2255 3638 forte
2304 3584 2437 3651 togis
2467 3583 2627 3656 [Ed.,
2661 3584 2813 3656 locis]
2846 3587 3067 3639 occultis
3110 3587 3341 3657 lymphae
3372 3587 3608 3643 deduce-

2026 3686 2214 3729 rentur
2244 3675 2296 3728 iu
2324 3674 2540 3728 fontem.
2578 3674 2919 3743 Fueruntque
2947 3675 3105 3729 fossa;
3150 3677 3201 3730 in
3233 3676 3494 3744 profundo
3526 3678 3607 3731 vi-

2026 3780 2216 3820 cenum
2262 3765 2477 3836 quinum
2511 3765 2727 3834 pedum,
2763 3766 2814 3819 in
2847 3766 3128 3820 latitudine
3158 3781 3286 3819 vero
3315 3766 3609 3836 quindece-

2028 3874 2177 3911 num.
2208 3857 2311 3911 Sed
2344 3856 2473 3910 nihil
2517 3857 2751 3910 abditum
2787 3858 2956 3925 potuit
2985 3857 3229 3925 reperiri.
3260 3856 3459 3910 Tamen
3491 3857 3613 3911 vitm

2030 3950 2186 4003 liuent
2220 3947 2443 4012 faciens,
2478 3956 2532 4003 et
2561 3949 2721 4003 credo
2747 3964 2845 4018 pro
2876 3948 3034 4017 hujus
3060 3948 3421 4017 inquisitionis
3448 3957 3613 4004 teme-

2027 4041 2206 4105 ritate,
2230 4041 2353 4093 anni
2386 4041 2657 4109 sequentis
2687 4040 2827 4096 diem
2859 4056 2965 4111 quo
2991 4040 3093 4095 hoc
3122 4042 3434 4112 mysterium
3467 4044 3613 4099 cele-

2030 4133 2287 4187 brabatur
2319 4132 2500 4186 videre
2532 4147 2635 4185 non
2670 4136 2883 4198 meruit,
2910 4151 2973 4187 eo
2998 4134 3137 4202 quod
3166 4149 3418 4190 arcanum
3446 4137 3613 4191 virtu-

2031 4228 2099 4281 tis
2126 4226 2319 4281 divinaz
2368 4227 2686 4295 investigare
2732 4229 3090 4297 praesumpsit.
3122 4227 3397 4286 Habentur
3434 4240 3612 4287 autem

2028 4319 2083 4375 in
2113 4334 2174 4375 ea
2207 4319 2443 4390 reliquiae
2471 4320 2637 4374 sancti
2668 4320 2922 4390 Stephani
2955 4322 3151 4377 levita}.

2575 4434 2815 4499 ,CAPUT
2855 4436 3046 4492 XXVI.

2034 4545 2112 4603 De
2134 4547 2227 4603 illo
2252 4547 2339 4619 qui
2368 4552 2571 4617 prapter
2598 4557 2939 4671 perp’ftratum
2967 4549 3160 4619 furtum
3186 4550 3403 4621 nequiuit
3431 4566 3616 4623 aquam

2743 4636 2935 4671 aui-ire.

2743 4636 2935 4675 attrtre.

2105 4718 2245 4790 Ergo
2283 4718 2404 4791 quia
2435 4721 2552 4775 fons
2579 4720 2669 4777 ille
2697 4720 2879 4778 divino
2906 4730 3057 4794 nutu,
3083 4731 3143 4779 ut
3168 4737 3328 4794 supra
3358 4723 3612 4791 diximus,

2031 4898 2367 4970 censebatur,
2382 4898 2542 4953 hodie
2566 4900 2866 4954 Andalusiae
2887 4901 3039 4970 regni
3061 4909 3239 4970 caput.
3261 4901 3474 4958 Similes
3495 4901 3613 4958 fon-

2032 4966 2402 5091 tesn-inugailiis
2448 4970 2797 5037 habebantur,
2833 4966 2994 5037 infra,
3022 4972 3113 5027 lib.
3130 4966 3212 5029 'de
3240 4972 3419 5029 Gloria
3444 4975 3603 5029 Conf.

2063 5056 2088 5090 3
2133 5076 2148 5090 ο
2253 5077 2264 5090 ι

2063 5056 2148 5090 an.
2178 5056 2264 5090 UU.

2030 5053 2088 5091 ca
2133 5076 2148 5090 .
2178 5053 2264 5091 ou.

2030 5176 2042 5180 _
2098 5053 2127 5143 Β
2164 5107 2314 5180 Viget
2359 5108 2663 5164 etiamnunc
2707 5124 2770 5163 ea
2815 5111 3171 5179 consuetudo,
3219 5128 3401 5180 quam,
3451 5123 3507 5168 ut
3550 5130 3616 5171 ex

2030 5176 2130 5251 hoc
2149 5178 2279 5251 loco
2309 5187 2483 5251 patet,
2516 5195 2542 5231 a
2574 5181 2811 5248 patribus
2841 5183 3037 5234 nostris
3067 5176 3397 5251 accepimus,
3418 5200 3613 5251 aquam

2031 5249 2083 5302 in
2112 5248 2289 5320 vigilia
2323 5248 2542 5303 Pascha:
2569 5252 2907 5305 sacerdotum
2941 5248 3210 5320 precibus’
3230 5248 3616 5313 sanctificatam

2032 5320 2081 5372 in
2112 5318 2297 5371 domos
2329 5321 2632 5387 reportandi
2659 5322 2722 5373 ad
2753 5318 2988 5376 tutamen
3018 5322 3276 5377 adversus
3315 5326 3615 5382 diabolicos

2031 5393 2295 5463 incursus,
2323 5400 2375 5463 et
2404 5390 2467 5443 ad
2498 5407 2773 5463 aerearujm
2806 5401 3119 5463 potestatum
3152 5394 3370 5450 insidias
3398 5398 3614 5463 ahigeu~

2029 5460 2144 5514 das.
2176 5459 2301 5512 Vide
2323 5460 2493 5514 Vitam
2512 5464 2677 5515 sancti
2700 5461 2913 5515 Cirsarii
2942 5462 3128 5530 episc.,
3159 5464 3251 5517 lib.
3279 5480 3335 5530 ιι,
3354 5459 3613 5523 minui?»

2110 5540 2132 5568 θ
2162 5530 2294 5587 Cod.
2351 5531 2480 5585 Bell.
2534 5532 2879 5599 Teodegisih's.
2908 5532 3262 5588 'I'eudiscuius
3310 5540 3377 5589 ah
3409 5539 3612 5595 Isidoro

2034 5601 2332 5669 appellatur
2361 5618 2464 5655 tera
2498 5601 2622 5656 586.
2654 5603 2757 5655 S~-d
2788 5603 2876 5657 ille
2908 5614 3029 5670 post
3067 5606 3221 5657 unius
3253 5607 3374 5659 anni
3421 5620 3473 5663 et
3518 5613 3615 5663 ali-

2033 5680 2161 5738 quot
2193 5675 2452 5726 mensium
2479 5689 2695 5741 regnum
2719 5676 2857 5741 apud
2889 5674 3141 5741 Hispalim
3167 5677 3480 5733 interfectus
3508 5689 3612 5736 est.

2034 5741 2130 5816 l_lic
2160 5742 2404 5816 fortasse
2432 5745 2738 5811 designatur
2768 5744 3029 5816 Theudix,
3078 5760 3171 5801 seu
3222 5746 3488 5816 Thetidis,
3523 5760 3615 5806 aut

2031 5812 2295 5937 ἱΙῚιρίξὶΙιὶδ,
2320 5814 2409 5883 qui
2432 5814 2950 5872 ante'Theudisclum
2978 5818 3134 5873 anuis
3160 5817 3273 5875 fere
3293 5817 3359 5872 47
3384 5812 3610 5891 regnum

2057 5899 2177 5937 enm
2210 5920 2224 5937 .
3460 5910 3463 5913 -

2057 5899 2224 5937 θηιιιι.
3460 5910 3463 5913 ·
