4132 6348
567 407 671 462 727

1594 406 1653 462 s.
1697 360 2028 462 onecomi
2069 398 2375 459 EPISCOPI
2417 397 2851 459 TURONENSIS

3747 399 3861 452 79.3

564 522 635 577 ad
661 522 893 577 ofﬁcium
924 520 1227 591 baptizandi
1254 521 1525 592 repletur;
1554 529 1606 576 et
1627 523 1750 592 quia
1774 535 1893 575 cum
1912 518 2147 587 comple—
2174 524 2224 581 Α
2253 519 2532 587 memoria,
2566 534 2723 589 quam
2756 518 2856 573 sibi
2908 519 3024 589 ipse
3062 520 3211 590 prius
3260 518 3641 585 fabricaverat,
3690 526 3744 571 et
3800 517 3852 570 in

564 624 651 669 tus
682 615 875 681 fuerit,
917 615 1068 670 avide
1105 630 1169 670 ex
1219 615 1319 670 hoc
1371 617 1595 685 populus
1644 616 1859 670 haurire
1910 616 2145 681 festinat,

562 705 778 773 quidam
807 715 1027 776 accepto
1056 706 1293 772 vasculo,
1326 709 1642 777 presbytero
1672 707 1760 775 qui
1794 709 1930 760 hanc
1954 722 2146 776 aquam
2174 712 2177 715 ’

559 799 903 853 ministrabat
950 800 1186 867 porrexit
1246 800 1311 854 ad
1367 800 1765 867 complendum.
1817 800 1967 866 Quod
2020 800 2145 855 dum

561 889 797 957 complet
825 889 1042 954 senior,
1071 888 1156 943 hic
1183 891 1323 944 inter
1350 894 1769 960 comprimentes
1796 892 1975 945 turbas
2030 906 2147 945 ma-

558 994 691 1033 num
721 980 939 1035 alterius
968 980 1206 1035 extendit
1234 980 1300 1035 ad
1332 980 1588 1048 balteum,
1619 981 1957 1049 cultruinque
2001 979 2139 1036 fura-

558 1078 647 1125 tus
675 1078 759 1124 est
801 1087 951 1141 :qun
984 1073 1168 1142 vagina
1216 1074 1513 1138 recondito,
1557 1087 1747 1127 manus
1793 1074 2031 1127 extendit
2079 1071 2146 1127 ad

560 1161 925 1231 accipiendam
958 1164 1224 1234 hydriam,
1252 1180 1409 1235 quam
1465 1165 1758 1219 tradiderat
1806 1166 2141 1237 presbytero.

559 1252 673 1317 Qua
703 1264 942 1324 accepta,
974 1268 1183 1310 amotus
1215 1258 1266 1310 in
1315 1266 1519 1325 partem
1551 1258 1732 1326 aliam,
1782 1275 1952 1327 neque
1983 1275 2144 1313 unam

559 1352 763 1412 guttam
795 1361 945 1415 aquae
990 1347 1042 1401 in
1074 1364 1135 1401 ea
1180 1350 1351 1417 putuit
1392 1351 1649 1418 reperire.
1698 1350 1847 1404 Tunc
1893 1351 2146 1408 confusus

560 1437 725 1509 749
754 1438 926 1503 valde,
954 1449 1008 1494 et
1037 1440 1137 1495 sibi
1168 1440 1237 1495 ob
1262 1441 1383 1495 furti
1410 1457 1627 1497 causam
1656 1443 1755 1496 hoc
1784 1444 2029 1498 evenisse
2057 1460 2149 1499 co-

558 1542 844 1597 gnoscens,
875 1530 1074 1584 homini
1102 1532 1355 1599 cultrum,
1389 1549 1545 1603 quem
1577 1533 1780 1589 furatus
1803 1533 1995 1602 fuerat,
2024 1538 2148 1592 red-

558 1619 727 1685 didit;
754 1629 807 1676 et
843 1623 922 1676 sic
952 1624 1141 1678 iterum
1174 1635 1420 1692 porrecta
1473 1628 1678 1695 lagena,
1731 1629 1941 1697 plenam
1993 1645 2145 1699 aquae

557 1715 786 1782 recepit.
822 1713 916 1768 Est
943 1715 1084 1769 enim
1116 1717 1341 1784 populus
1373 1717 1462 1771 ille
1493 1717 1796 1785 haereticus,
1828 1721 1917 1789 qui
1959 1722 2148 1776 videns

558 1802 677 1859 hac
706 1805 991 1873 magnalia,
1025 1822 1130 1860 non
1160 1808 1533 1875 compungitur
1562 1808 1629 1862 ad
1669 1810 2018 1877 credendum,
2050 1814 2143 1867 sed

557 1908 773 1964 semper
801 1897 993 1952 callide
1023 1898 1326 1953 divinarqu
1358 1901 1780 1969 prmceptionum
1811 1915 2146 1960 sacramenta
2179 1901 2226 1961 B

557 1988 901 2055 nequissimis
962 1988 1460 2056 interpretationum
1534 1994 1980 2061 garrulationibus
2038 2014 2144 2053 non

558 2078 758 2133 desinit
788 2080 1101 2152 impugnare
1130 2099 1143 2136 :
1176 2082 1271 2138 sed
1300 2084 1469 2141 virtus
1497 2085 1706 2142 Domini
1736 2086 2002 2146 diversam
2028 2106 2148 2161 par-

559 2180 671 2230 tem
700 2172 932 2231 destruit
957 2186 1014 2233 et
1042 2176 1341 2234 confundit.

1121 2294 1351 2352 CAPUT
1400 2296 1615 2353 XXVII.

704 2405 783 2461 De
820 2409 1067 2479 martyrio
1101 2406 1284 2465 Jacobi
1312 2412 1529 2482 apostoli
1560 2412 1737 2484 fratris
1776 2412 2005 2469 Domini.

630 2520 860 2576 Iacobus
880 2530 906 2559 α
934 2523 1206 2591 apostolus
1234 2524 1357 2593 (An.
1387 2525 1449 2579 61
1484 2526 1559 2579 vel
1587 2525 1678 2593 62,
1714 2527 1736 2580 l
1776 2526 1950 2596 Maii),
1980 2526 2069 2597 qui
2099 2534 2153 2584 et

559 2613 731 2669 frater
774 2614 982 2670 Domini
1011 2618 1275 2671 vocitatus
1319 2626 1431 2683 est,
1461 2620 1528 2673 ab
1561 2619 1676 2687 ipso
1704 2620 1930 2675 Domino
1970 2630 2153 2675 nostro

560 2705 690 2762 Jesu
718 2706 931 2763 Christo
957 2708 1238 2777 cpiscOpus
1261 2708 1457 2764 dicitur
1476 2711 1753 2766 ordinatus
1770 2710 1818 2766 δ.
1851 2710 1980 2767 Post
2002 2713 2153 2783 cujus

559 2798 849 2868 gloriosam
888 2801 1305 2869 Ascensionem,
1350 2802 1475 2857 dum
1513 2802 1653 2857 viam
1688 2800 1909 2871 justitia:
1956 2803 2154 2859 Judteis

561 2894 866 2947 errantibus
888 2894 1100 2962 aperire
1129 2903 1376 2958 conatur,
1410 2894 1476 2949 de
1501 2896 1662 2963 pinna
1695 2894 1875 2964 templi
1909 2896 2156 2965 praecipi-

563 2992 729 3047 tatus,
753 2985 1010 3053 alliditur,
1042 2986 1325 3058 effusoque
1353 2986 1569 3042 fullonis
1600 2988 1737 3042 Iuste
1767 2987 2016 3053 cerebro,
2041 2987 2154 3057 spi-

566 3078 730 3133 ritum
758 3078 990 3134 reddidit
1007 3089 1051 3149 ο,
1080 3080 1426 3151 sepultusque
1448 3080 1604 3136 estin
1628 3089 1808 3137 monte
1830 3078 2083 3149 Olivetid,
2101 3079 2155 3138 in

642 3250 667 3313 β
695 3241 863 3313 Ρερει
899 3242 999 3296 hoc
1028 3252 1189 3313 caput
1219 3244 1268 3297 in
1300 3253 1525 3312 utroque
1555 3244 1675 3299 cod.
1705 3244 1939 3299 Clarum.

2249 628 2350 682 qua
2378 612 2691 669 Zachariam
2714 629 2778 670 ac
2801 614 3109 671 Simeonem
3127 626 3149 653 ο
3178 614 3490 688 sepelierat.
3521 612 3645 670 Haec
3669 612 3738 669 de
3757 612 3857 671 Ja-

2247 706 2381 762 cobo
2411 708 2675 777 apostolo.

2797 800 3027 858 CAPUT
3067 800 3303 858 XXVIII.

2668 911 2748 968 De
2783 923 2961 969 sancto
2991 913 3149 969 Petro
3176 914 3431 984 apostolo.

2303 1023 2464 1093 750
2478 1022 2694 1079 Petrus‘
2708 1026 2980 1095 apostolus
2992 1026 3115 1097 (An.
3130 1026 3217 1094 (36,
3232 1026 3488 1098 291nm),
3501 1027 3570 1083 ob
3582 1027 3858 1085 humdita-

2249 1122 2356 1170 tem
2385 1115 2705 1183 docendam,
2730 1126 2891 1188 caput
2920 1118 3149 1188 desuper
3175 1120 3385 1175 tonderi
3431 1120 3659 1175 instituit
3679 1131 3730 1186 ε,
3754 1122 3856 1191 qui

2249 1208 2319 1263 ah
2369 1209 2626 1277 apostolis
2684 1210 2915 1266 caiteris’
2952 1211 3236 1281 episcopus
3300 1212 3618 1283 ordinatus,
3662 1214 3855 1270 Romae

2248 1301 2560 1358 cathedram
2604 1302 2818 1358 locavit.
2862 1303 3028 1374 Cujus
3059 1304 3303 1360 oratione
3331 1305 3426 1360 eth
3468 1306 3637 1372 Pauli,
3668 1305 3851 1361 Simo-

2253 1394 2340 1449 nis
2372 1395 2507 1464 Magi
2530 1395 2797 1449 calliditas
2827 1396 2910 1449 vel
2951 1395 3157 1451 detecta
3201 1404 3280 1450 est
3301 1436 3316 1461 ,
3342 1396 3426 1451 vel
3452 1396 3641 1451 obruta
3662 1396 3705 1450 ί.
3737 1396 3850 1452 Ex-

2252 1498 2397 1543 stant
2430 1488 2693 1557 hodieque
2722 1489 2861 1557 apud
2894 1489 3081 1544 urbem
3112 1489 3407 1544 Romanam
3435 1490 3557 1545 dua:
3584 1490 3638 1545 in
3669 1491 3852 1561 lapide

2249 1581 2488 1649 fossulte,
2520 1597 2681 1650 super
2724 1596 2881 1650 quem
2911 1582 3051 1637 beati
3090 1582 3336 1649 apostoli,
3370 1582 3579 1638 deﬂexo
3612 1585 3841 1653 poplite,

2251 1674 2547 1729 orationem
2570 1684 2758 1729 contra
2775 1673 2945 1742 ipsum
2963 1673 3235 1730 Simonem
3253 1674 3459 1745 Magum
3478 1676 3544 1730 ad
3562 1675 3847 1731 Dominum

2250 1768 2573 1823 efl'uderunt.
2604 1768 2660 1822 lu
2688 1768 2880 1835 quibus
2918 1782 3040 1823 cum
3079 1768 3145 1823 de
3178 1769 3368 1837 pluviis
3408 1770 3639 1840 lymphae
3681 1769 3851 1825 colle-

2252 1873 2351 1917 cta:
2397 1862 2610 1929 fuerint,
2645 1876 2673 1915 a
2703 1862 2961 1918 morbidis
2999 1870 3346 1931 expetuntur,
3379 1864 3688 1933 haustieque
3715 1880 3841 1918 mox

2254 1954 2538 2008 sanitatem
2573 1952 2834 2007 tribuunt.
2858 1952 3083 2008 Sanctus
3108 1966 3238 2009 vero
3263 1953 3450 2007 Petrus
3473 1955 3763 2021 apostolus,
3787 1962 3850 2010 ut

2256 2045 2459 2113 praifati
2506 2060 2723 2111 sumus,
2765 2060 2884 2101 cum
2938 2053 3058 2112 post
3106 2044 3406 2100 Neroniana
3450 2060 3513 2100 ac
3542 2045 3846 2101 Simouiaca

2254 2135 2392 2191 bella
2426 2137 2489 2190 ad
2517 2151 2732 2191 crucem
2766 2137 3023 2202 venisset,
3048 2136 3267 2204 impleto
3288 2136 3397 2205 jam
3445 2135 3619 2192 felicis
3659 2137 3843 2207 tropaei

2255 2230 2568 2295 certamine,
2602 2228 2867 2299 resupinis
2914 2229 2979 2284 ad
3006 2229 3202 2285 caelum
3241 2230 3485 2299 vestigiis
3525 2245 3584 2284 se
3624 2230 3847 2299 expetiit

2256 2322 2520 2391 crucifigi,
2552 2322 2827 2394 indignum
2868 2336 2926 2378 se
2951 2323 3253 2378 vociferans
3282 2331 3341 2378 ut
3376 2324 3659 2379 Dominum
3689 2325 3841 2381 exal-

2256 2417 2387 2471 tarit
2427 2434 2437 2468 :
2470 2416 2651 2486 sicque
2676 2416 2911 2487 dirigens
2941 2417 3187 2486 spiritum
3214 2418 3449 2471 vivacem
3477 2418 3530 2473 in
3561 2428 3727 2485 astra,
3752 2434 3841 2474 se-

2232 2509 2439 2578 ,pultus
2486 2518 2571 2565 est
2616 2509 2670 2563 in
2702 2509 2922 2578 templo,
2978 2509 3119 2579 quod
3166 2509 3502 2565 vocitabatur
3553 2513 3845 2582 antiquitus

2257 2602 2579 2659 Vaticanum
2616 2601 2667 2667 κ,
2716 2610 2946 2672 quatuor
2994 2603 3208 2658 ordines
3266 2604 3638 2659 columnarum
3693 2606 3846 2660 valde

2258 2696 2650 2751 admirabilium
2681 2710 2906 2751 numero
2934 2697 3221 2766 nonaginta
3270 2712 3363 2752 sex
3408 2697 3630 2753 habens.
3680 2698 3846 2753 Habet

2258 2788 2419 2842 etiam
2470 2797 2699 2857 quatuor
2748 2789 2800 2841 in
2850 2788 3025 2854 altari,
3074 2804 3194 2857 qum
3235 2800 3361 2843 sunt
3401 2789 3560 2843 simul
3599 2801 3844 2853 centum,

2260 2887 2456 2948 praeter
2476 2878 2595 2932 illas
2618 2894 2734 2947 qua:
2753 2879 3017 2934 ciborium
3043 2877 3313 2947 1sepulcri
3344 2889 3657 2933 sustentant.
3687 2882 3847 2952 751

2260 2970 2374 3025 lloc
2416 2968 2559 3025 enim
2591 2969 2896 3039 sepulcrum
2945 2970 3045 3024 sub
3088 2971 3243 3023 altari
3289 2970 3651 3025 collocatumIn
3681 2974 3848 3027 valde

2252 3076 2441 3120 rarum
2498 3060 2743 3117 habetur.
2793 3060 2901 3117 Sed
2944 3062 3034 3133 qui
3075 3076 3229 3117 orare
3269 3060 3558 3130 desiderat,
3589 3068 3851 3121 reseratis

2264 3249 2423 3309 atque
2446 3254 2508 3294 ea
2532 3236 2814 3309 occasione
2844 3234 3046 3309 profert
3074 3235 3345 3305 egregium
3377 3236 3631 3291 Amalarii
3675 3238 3848 3294 locum

636 3310 667 3351 ι’
693 3289 1780 3380 elisisti;in}?"iii,'cii£§to'siinﬁii§'i.Ti
1803 3289 2157 3385 adut-loriam”
2188 3289 2236 3354 (ἶ
2268 3289 2511 3385 testantis
2541 3308 2678 3385 hanc
2707 3289 3051 3372 sententiam,
3081 3289 3515 3385 qiimutonsiirani
3558 3310 3853 3367 clericalem

564 3382 925 3454 Hieronymus
958 3384 1011 3437 in
1054 3386 1219 3452 Epist.
1246 3387 1309 3437 ad
1340 3386 1534 3450 Galat.,
1570 3385 1788 3441 Proclus
1815 3386 1868 3440 in
1898 3397 2033 3444 orat.
2066 3382 2155 3454 22,

568 3461 625 3505 et
649 3453 735 3507 alii
768 3464 977 3507 veteres
1002 3455 1257 3509 Jacobum
1282 3455 1349 3508 ab
1380 3457 1493 3524 ipso
1520 3456 1773 3523 Christo;
1806 3458 1921 3524 alii,
1954 3469 2010 3512 ut
2029 3453 2156 3514 Cleé

563 3537 720 3594 mens
774 3524 1065 3588 Alexand.,
1100 3525 1208 3578 imo
1236 3534 1289 3579 et
1340 3527 1451 3591 ipse
1504 3528 1764 3585 Eusebius
1814 3543 1916 3581 non
1966 3531 2156 3594 semel,

562 3591 921 3669 Hieronymus
966 3595 1206 3669 degViris
1258 3595 1571 3669 illustribus,
1626 3607 1753 3660 etc.,
1804 3598 1871 3652 ab
1902 3591 2160 3669 apostolis

566 3665 813 3718 eumdem
846 3666 1309 3736 .lerosolymitana:
1349 3666 1603 3722 Ecclesia:
1647 3665 1949 3735 specialem
1976 3685 2157 3726 curam

565 3736 869 3803 suscepisse
900 3737 1132 3791 tradunt.
1163 3737 1314 3803 Quod
1363 3736 1586 3791 fortasse
1615 3753 1643 3791 a
1672 3737 1884 3792 Christo
1915 3739 2158 3807 designa-

562 3814 671 3875 tus,
721 3807 789 3858 ab
839 3808 1097 3875 aposmlis
1137 3823 1264 3861 vero
1310 3808 1613 3863 declaratus
1664 3817 1718 3861 et
1768 3809 2158 3866 inthronizatus

562 3874 745 3951 fuerit.
780 3874 913 3931 llinc
938 3879 1073 3951 forte
1104 3880 1353 3951 laminam
1383 3895 1619 3951 auream,
1645 3888 1701 3933 ut
1723 3881 1907 3933 scribit
1932 3882 2160 3951 Epipha-

563 3950 685 4001 nius
732 3948 922 4003 haares.
957 3950 1046 4012 ἓξ),
1080 3951 1130 4003 in
1161 3950 1334 4019 capite
1378 3950 1641 4018 gestabat,
1672 3959 1912 4004 veterum
1945 3948 2157 4020 pontifi-

559 4034 681 4073 cum
711 4035 881 4075 more.
914 4020 1008 4073 Hic
1037 4031 1212 4074 autem
1242 4021 1528 4089 Gregorius
1556 4021 1813 4075 Jacobum
1839 4022 2147 4090 episcopum

559 4090 629 4143 ab
654 4093 897 4159 ap0stolo
924 4107 1027 4145 non
1057 4091 1357 4159 distinguit,
1389 4107 1505 4160 qure
1527 4092 1734 4147 videtur
1760 4108 1879 4147 esse
1919 4110 2158 4149 commu-

563 4161 687 4215 nior
713 4164 853 4230 apud
884 4172 1093 4217 veteres
1120 4175 1171 4216 et
1202 4167 1530 4216 recentiores
1550 4162 1841 4227 sententia;
1867 4163 1953 4216 alii
1982 4176 2158 4219 tamen

560 4232 720 4286 aliter
768 4236 1024 4298 sentiunt,
1083 4248 1185 4299 qua
1237 4234 1305 4287 de
1362 4248 1419 4287 re
1467 4234 1677 4287 videndi
1729 4234 2059 4287 llollaudiani
2091 4238 2155 4290 ad

562 4302 706 4356 diem
739 4305 764 4357 1
798 4305 917 4358 lllaii
944 4345 960 4369 ,
1012 4304 1384 4359 Tillemontius
1414 4304 1468 4358 in
1509 4304 1649 4359 notis
1678 4304 1745 4359 ad
1773 4304 1913 4360 Hist.
1945 4304 2150 4363 Eccles.

559 4380 762 4426 tomum
791 4374 831 4438 l,
868 4386 970 4428 etc.

638 4453 660 4481 ο
705 4443 839 4510 Ejus
880 4445 1189 4513 raartyrium
1217 4445 1476 4500 describit
1509 4444 1839 4513 llegesippus
1882 4446 2020 4513 apud
2050 4448 2157 4502 Eu~

559 4512 793 4587 sebium,
824 4515 916 4587 lib.
946 4530 983 4568 ιι
1006 4512 1150 4570 'Hist.
1179 4517 1371 4571 eccles.
1405 4531 1521 4583 cap.
1554 4512 1643 4569 2.3.
1676 4517 1805 4569 \‘ide
1851 4512 2151 4587 et'Joseph.

560 4582 659 4638 lib.
684 4601 753 4639 xx
787 4586 1042 4655 Antiquit.
1067 4600 1184 4656 cap.
1216 4588 1267 4641 8.
1291 4588 1431 4657 Lege
1456 4582 1591 4641 Acta
1612 4587 1901 4657 Martyrum
1922 4582 2153 4659 sincera,

560 4670 683 4763 pag.
718 4659 737 4709 l
777 4666 829 4711 et
852 4672 1000 4724 seqq.

702 4726 1000 4763 l‘nmmnni.

702 4726 1048 4783 Coinmunior
1076 4740 1247 4785 tamen
1272 4739 1355 4784 est
1383 4730 1666 4795 sententia,
1693 4744 1813 4783 eum
1840 4729 1989 4797 juxta
2022 4741 2156 4786 tem-

562 4799 732 4866 plum,
762 4800 847 4853 uhi
874 4810 1093 4855 necatus
1124 4802 1316 4865 fuerat,
1347 4804 1613 4867 sepultum
1644 4802 1828 4864 fuisse,
1855 4801 2005 4870 cujus
2037 4819 2153 4855 mo-

560 4881 876 4924 numentum
900 4871 1074 4925 adhuc
1093 4886 1191 4925 suo
1215 4882 1454 4942 tempore
1476 4886 1847 4941 perseverasse
1863 4874 2157 4930 traditllie-

560 4954 820 5007 ronymus
848 4944 999 4996 testis
1025 4945 1285 4997 oculatus.

639 5021 661 5047 ο
692 5012 1016 5067 Zachariam
1049 5016 1215 5067 saueii
1244 5014 1464 5070 Joannis
1495 5015 1741 5083 Baptistae
1766 5027 1968 5084 patrem
2001 5017 2152 5071 multi

565 5082 944 5154 interemptum
975 5098 1094 5138 esse
1132 5086 1314 5141 volunt
1358 5086 1583 5141 Herodis
1620 5082 1776 5154 jussu
1801 5088 1937 5142 intra
1970 5089 2152 5154 templi

561 5152 731 5225 ipsius
752 5164 925 5221 Septa.
957 5156 1223 5211 Simeonis
1247 5173 1370 5212 vero
1393 5158 1559 5224 senis,
1587 5152 1671 5225 qui
1696 5157 1963 5214 Christum
1989 5162 2038 5212 in
2070 5152 2149 5212 ul-

561 5224 646 5277 nis
676 5238 1004 5293 susceperat,
1038 5228 1341 5295 sepulcrum
1370 5230 1418 5282 iu
1449 5244 1582 5297 rupe
1604 5224 1806 5283 montis
1832 5230 2025 5286 Oliveti
2055 5245 2150 5284 cx-

564 5298 763 5348 stitisse
788 5306 1013 5351 teStatur
1040 5298 1402 5352 Adamnanus.

641 5364 658 5402 ί
704 5366 817 5421 lloc
839 5377 1001 5439 caput
1030 5379 1081 5421 et
1105 5384 1332 5431 sequens
1359 5370 1550 5422 desunt
1579 5369 1628 5423 iu
1654 5370 1773 5424 cod.
1801 5371 1953 5425 Colb.
1978 5379 2075 5424 tut.

640 5447 663 5483 ις
705 5439 962 5492 'l‘onsurze
992 5440 1252 5493 clericalis
1284 5440 1541 5505 originem
1594 5443 1751 5510 vulgo
1799 5442 1864 5495 ad
1907 5452 2147 5494 SIIIICIUIII

564 5507 777 5578 Petrum
809 5511 1043 5563 referunt
1076 5510 1233 5563 medii
1260 5512 1356 5563 aevi
1384 5521 1651 5575 auctores,
1686 5507 1836 5578 Cujus
1870 5513 2151 5565 instituen-

562 5576 645 5629 da:
676 5580 805 5630 varii
839 5580 1012 5633 varias
1038 5594 1226 5634 cauSas
1257 5581 1509 5635 referunt.
1558 5582 1686 5635 Vide
1733 5576 1948 5646 Bedam,
1993 5583 2086 5635 lib.
2121 5599 2150 5634 v

564 5648 702 5721 llist.
726 5649 881 5717 Angl.
911 5666 1028 5717 cap.
1053 5651 1141 5703 2‘2.
1171 5653 1325 5715 Infra,
1356 5652 1509 5706 Vind.
1538 5668 1640 5707 non
1672 5655 1825 5707 habet
1857 5656 2148 5721 episcopus.

474 5728 475 5731 ‘
564 5746 637 5758 ——
666 5720 813 5771 llunc
846 5722 1017 5773 locum
1046 5722 1110 5774 de
1136 5724 1366 5776 clericali
1391 5738 1587 5783 corona
1616 5725 1831 5777 minime
1854 5720 1969 5777 esse
1994 5724 2150 5777 intel-

566 5789 1139 5864 Ιίιςικιιιιυιιινρᾲιιιιιυιιιιίι
1168 5794 1547 5864 Tlioiiiassinus
1583 5807 1730 5864 parte
1763 5814 1772 5847 l
1807 5796 2023 5860 Discip'.
2056 5810 2147 5847 ec-

565 5861 824 5926 clesiast.,
852 5861 939 5913 lib.
975 5878 1031 5925 ti,
1061 5878 1175 5931 cap.
1204 5863 1287 5923 .37,
1324 5865 1416 5917 sud
1446 5865 1511 5917 de
1538 5861 1783 5919 omnibus
1808 5866 2146 5932 Christianis,

567 5932 658 6001 qui
691 5948 800 6003 pra:
838 5932 1103 5991 medeatia
1136 5932 1355 6004 capillos
1395 5932 1586 5993 breves
1611 5936 1822 5997 deferre
1849 5937 2149 6007 deberent;

2266 3382 2333 3436 ad
2363 3390 2609 3436 sanctum
2648 3379 2858 3432 Petrum
2891 3388 3126 3441 revocat,
3157 3393 3259 3449 non
3289 3378 3423 3449 adeo
3460 3393 3580 3433 esse
3608 3393 3805 3435 certam
3831 3423 3851 3449 ,

2265 3463 2321 3505 ut
2368 3454 2463 3522 ipsi
2517 3450 3067 3522 adhaererehnecesse
3101 3449 3189 3522 sit,
3224 3448 3351 3501 Vide
3396 3459 3551 3503 notas
3580 3450 3631 3503 in
3682 3448 3855 3507 Vitam

2262 3518 2432 3577 sancti
2464 3521 2675 3583 Nicetii,
2703 3522 2755 3573 in
2788 3519 2881 3573 lib.
2912 3519 2978 3573 de
3014 3518 3141 3573 Vitis
3165 3520 3378 3572 Patrum
3409 3534 3528 3588 cap.
3558 3522 3642 3574 l7.

2335 3592 2363 3629 ιι
2405 3595 2557 3653 Mss"
2588 3592 2687 3658 vel,
2712 3590 2853 3660 quod
2885 3590 3102 3657 perinde
3126 3598 3225 3643 est.
3260 3589 3460 3645 Eodem
3486 3606 3667 3655 sensu.
3697 3592 3857 3661 infra,

2262 3666 2338 3719 vel
2370 3666 2564 3718 delecta
2603 3674 2672 3716 cst
2704 3661 2779 3715 vel
2820 3662 3017 3729 obruta,
3061 3662 3110 3715 id
3159 3672 3239 3716 est
3267 3672 3314 3713 et
3362 3662 3558 3715 detecta
3586 3674 3653 3732 et,
3697 3675 3752 3721 et
3780 3668 3858 3722 sic

2299 3751 2481 3789 assrm.

2263 3751 2661 3871 pagimlllctoria,
2688 3817 2844 3872 quam
2890 3803 2943 3856 in
2987 3801 3259 3857 Simonem
3310 3803 3515 3872 Magum
3563 3806 3859 3865 retulerunt

2261 3877 2506 3946 apostoli,
2540 3885 2619 3930 tot
2664 3885 2971 3947 sanctorum
3015 3874 3232 3947 Patrum
3288 3875 3604 3947 testimoniis
3652 3892 3851 3947 appro-

2260 3945 2383 4005 bata
2441 3958 2541 4015 est,
2596 3956 2653 3999 nt
2690 3945 2891 4013 absque
2943 3945 3243 4000 temeritate
3299 3946 3445 4011 rejici
3495 3962 3598 4000 non
3653 3945 3857 4014 possit,

2262 4034 2567 4090 quanquam
2601 4017 2838 4090 historiae
2866 4017 3144 4090 veritatem
3175 4017 3413 4090 nonnulli
3452 4024 3701 4073 auctores
3728 4035 3859 4090 apo-

2262 4086 2479 4161 cryphis
2505 4086 2897 4144 narrationibus
2920 4086 2974 4142 in
2996 4087 3201 4158 aliquot
3220 4088 3634 4144 circumstantiis
3659 4086 3857 4145 obscu-

2260 4163 2448 4217 rarint.

2336 4234 2349 4283 i
2400 4230 2653 4288 Eamdcm
2679 4230 2940 4286 rationem
2971 4228 3201 4285 alierum
3232 4231 3541 4287 Ambrosius
3571 4232 3623 4285 in
3657 4232 3852 4300 psalm.

2259 4320 2447 4371 cxvm,
2479 4303 2824 4374 Augustinus,
2856 4301 3235 4368 'l‘heodoritus,
3268 4313 3374 4357 etc.
3412 4302 3517 4358 Alii
3549 4303 3681 4358 alias
3717 4303 3859 4374 adji-

2260 4377 2429 4441 ciunt,
2456 4388 2587 4444 quas
2614 4371 2780 4427 fusius
2808 4374 3054 4442 prosequi
3086 4388 3189 4427 non
3215 4383 3385 4426 vacat.

2330 4444 2357 4483 κ
2399 4444 2774 4511 Apostolorum
2852 4453 3065 4511 tropwa,
3126 4452 3185 4497 ut
3238 4444 3473 4511 loquitur
3521 4445 3681 4498 Caius
3710 4445 3854 4511 apud

2262 4516 2568 4581 Eusebium,
2607 4514 2698 4567 lib.
2734 4531 2768 4567 ll
2796 4514 2930 4568 Hist.
2972 4530 3089 4580 cap.
3116 4514 3207 4579 ‘25,
3244 4514 3355 4582 jam
3390 4515 3566 4569 saeculi
3611 4531 3664 4568 Ill
3700 4516 3855 4570 initio

2259 4587 2488 4641 celebria
2512 4595 2661 4639 erant
2686 4585 2891 4649 Retine,
2915 4587 3053 4651 apud
3080 4584 3387 4639 Vaticanum
3408 4596 3461 4640 et
3486 4587 3568 4638 via
3591 4588 3853 4652 Ostiensi,

2180 4674 2235 4733 ι)
2260 4657 2311 4733 id
2340 4668 2421 4733 est
2448 4658 2497 4710 iu
2531 4658 2591 4733 iis
2622 4656 2749 4724 ipsis
2782 4656 2909 4733 locis
2929 4657 3017 4733 ubi
3052 4656 3313 4733 hodieque
3344 4670 3528 4733 (ιυιίιιιιι
3561 4671 3731 4733 sacra:
3756 4674 3846 4714 re-

2261 4729 2441 4797 liquim
2466 4728 2737 4780 coluntur.
2793 4726 2996 4780 Etenim
3030 4728 3301 4794 utriusque
3329 4728 3501 4781 media
3530 4743 3653 4795 pars
3680 4731 3731 4781 in
3765 4745 3857 4783 ec-

2260 4800 2423 4853 clesia
2454 4798 2736 4864 Vaticana,
2769 4799 2934 4850 altera
2964 4812 3092 4851 vero
3119 4798 3375 4851 medietas
3404 4797 3454 4850 in
3486 4798 3702 4852 basilica
3725 4813 3854 4853 san-

2260 4871 2331 4923 cri
2363 4869 2536 4934 Pauli,
2568 4884 2687 4937 quae
2718 4867 2927 4922 abbatia
2952 4880 3032 4921 est
3061 4868 3265 4921 ordinis
3293 4868 3645 4934 Benedictini,
3673 4884 3853 4925 asser-

2260 4950 2477 5008 vantur,
2510 4955 2660 4995 sacra
2696 4954 2820 4993 vero
2850 4952 3035 4994 eorum
3069 4941 3243 5008 capita
3273 4939 3329 4992 in
3374 4938 3595 4994 basilica
3635 4940 3855 4995 Latera-

2260 5026 2435 5067 DCIISI.

2338 5082 2351 5119 ³
2398 5082 2667 5136 Ciborium
2713 5090 2794 5134 est
2840 5080 3060 5134 ardioula
3104 5080 3326 5143 turrita,
3369 5080 3434 5134 ad
3478 5081 3692 5135 modum
3734 5099 3853 5136 urn-

2259 5154 2482 5220 brat-ub,
2514 5156 2713 5221 aliquot
2735 5151 2998 5205 columnis
3030 5152 3233 5216 iuniva,
3263 5152 3330 5204 atl
3361 5153 3646 5221 tegendum
3673 5154 3854 5208 altare

2257 5241 2349 5278 seu
2393 5224 2616 5292 alicujus
2643 5222 2812 5277 sancti
2863 5222 3187 5293 sepulcrum.
3222 5222 3351 5277 Vide
3397 5222 3601 5293 Liturg.
3648 5224 3847 5278 Gallic.

2257 5296 2524 5350 Mabillon.
2557 5296 2649 5350 lib.
2678 5309 2714 5361 i,
2743 5308 2861 5361 cap.
2895 5292 2950 5359 8,
2981 5309 3033 5345 ιι.
3064 5296 3115 5347 8.

2327 5376 2367 5403 υ
2412 5366 2589 5429 Vind.,
2619 5366 2762 5419 valde
2788 5374 2973 5417 ratum.
2995 5366 3257 5433 Antiquus
3286 5374 3367 5418 est
3389 5380 3505 5419 mos
3528 5365 3579 5417 in
3609 5363 3851 5421 Ecclesia

2256 5448 2502 5507 receptus
2533 5445 2835 5507 sanctorum
2864 5435 3116 5507 reliquias
3150 5438 3199 5488 in
3229 5436 3438 5505 cryptis,
3473 5436 3883 5491 subterraneis“

2257 5510 2442 5563 subtus
2480 5508 2649 5561 altare
2675 5506 2993 5569 collocmdi,
3029 5506 3117 5558 ubi
3148 5521 3450 5559 sanaturum
3484 5507 3848 5563 celebriorum

2254 5581 2497 5645 sepulcra
2536 5580 2585 5631 in
2618 5578 2853 5647 antiquis
2901 5577 3135 5630 basilicis
3173 5579 3330 5629 etiam
3390 5592 3529 5631 nunc
3580 5580 3847 5633 visuntur.

2256 5652 2389 5703 llu.c
2420 5650 2749 5702 consuetudo
2781 5649 3012 5701 manavit
3042 5648 3228 5699 altaria
3264 5649 3503 5717 erigendi
3546 5665 3707 5715 super
3753 5660 3844 5701 tu-

2256 5730 2427 5773 llllllUS
2456 5724 2691 5774 virorum
2726 5722 2952 5785 piorum,
2984 5732 3118 5785 quos
3144 5723 3372 5786 episcopi
3406 5734 3501 5782 pro
3528 5720 3730 5772 sanctis
3754 5720 3847 5773 ha-

2256 5792 2368 5845 beri
2406 5794 2670 5849 volebant.
2717 5789 2905 5858 hit-quc
2935 5800 3047 5841 erat
3078 5790 3203 5841 olim
3238 5808 3346 5841 sum
3372 5801 3451 5842 tos
3490 5792 3843 5845 canonizandi

2255 5866 2407 5917 ritus.
2440 5863 2707 5928 ltclispuas
2752 5870 3057 5916 sanctorum
3093 5860 3143 5913 lll
3175 5860 3483 5929 baptisteria
3513 5877 3540 5914 a
3588 5878 3645 5913 se
3676 5862 3841 5931 depo-

2253 5936 2384 5992 sitas
2414 5943 2671 5990 memorat
2695 5933 2809 6004 ipse
2857 5932 3144 6005 Gregorius
3172 5932 3263 5987 lib.
3294 5948 3328 5987 χ
3361 5932 3502 5991 llist.
3540 5948 3660 6006 cap.
3698 5934 3836 6001 utt.;
