4132 6348
406 362 512 419 729

1242 350 1744 412 MIRACUIDRUM
1782 348 1912 407 LIB.
1951 347 1994 405 I.
2034 349 2124 406 DE
2160 350 2418 410 GLORIA
2455 350 2865 410 MARTYRUM.

3571 357 3677 417 750

402 489 659 548 cancellis
689 488 879 558 quibus
904 487 1049 543 locus
1077 486 1167 543 ille
1192 485 1443 550 ambitur,
1476 482 1682 538 accedit
1714 493 1876 547 super
1894 491 1981 533 se—
2006 476 2062 537 Α
2082 477 2328 547 quendae,
2361 489 2588 546 pararet,
2619 494 2836 550 semper
2869 478 3047 536 aiebat
3080 496 3094 533 :
3128 478 3442 538 Beatissime
3484 481 3670 552 Paule,

403 582 679 652 pulcrum;
704 595 757 633 et
782 594 858 634 διε
886 578 1159 633 lenestella
1190 577 1403 647 parvula
1430 573 1712 645 patefacta,
1742 570 1983 625 immisso

403 672 692 728 introrsum
735 671 939 739 capite,
971 684 1089 738 qua:
1132 669 1421 723 necessitas
1468 665 1661 732 promit
1704 661 1977 730 efﬂagitat.

401 766 513 821 Nec
543 775 780 819 moratur
809 762 1049 830 ell’ectns,
1083 762 1129 815 si
1163 759 1433 831 petitionis
1465 767 1664 812 tantum
1692 754 1833 823 justa
1860 767 1982 822 pro-

398 858 605 914 feratur
632 856 823 911 oratio.
871 853 1021 922 Quod
1062 855 1107 908 si
1146 853 1301 908 beata
1347 849 1557 905 auferre
1595 847 1864 904 desiderat
1902 844 1982 913 pi-

396 970 590 1032 gnora,
624 952 895 1022 palliolum
926 959 951 988 ι
980 949 1190 1020 aliquod
1222 956 1559 1003 momentana
1610 944 1700 1017 [Id
1732 950 1826 1005 est,
1873 948 1983 994 sta-

396 1044 534 1117 tera]
568 1055 847 1115 pensatum
878 1043 1002 1097 ’acit
1048 1043 1396 1107 intrinsecus,
1426 1037 1619 1094 deinde
1655 1034 1876 1104 vigilans
1917 1046 1981 1087 ac

391 1139 663 1209 jejunans,
706 1137 1047 1191 devotissime
1080 1136 1428 1203 deprecatur,
1477 1139 1532 1186 ut
1560 1128 1829 1185 dev0tioni
1869 1140 1980 1180 sua:

392 1234 565 1287 virtus
606 1231 893 1301 apostolica
937 1227 1273 1297 sull‘ragetur.
1314 1225 1502 1279 Mirum
1549 1223 1727 1277 dictu!
1761 1222 1807 1274 si
1847 1218 1979 1273 ﬁdes

394 1321 628 1377 hominis
679 1318 1052 1388 prrevaluerit,
1087 1334 1115 1371 a
1167 1316 1367 1371 tumqu
1416 1315 1683 1383 palliolum
1715 1312 1977 1366 elevatum

390 1414 470 1470 ita
512 1412 767 1468 imbuitur
796 1412 971 1465 divina
1014 1411 1227 1473 virtute,
1264 1419 1322 1462 ut
1360 1410 1524 1461 multo
1568 1406 1796 1474 amplius
1819 1418 1978 1474 quam

390 1505 543 1576 prius
572 1514 888 1574 pensaverat
914 1511 1203 1571 panderet;
1236 1509 1289 1557 et
1312 1512 1437 1555 tunc
1463 1500 1564 1553 scit
1583 1499 1671 1566 qui
1697 1498 1973 1561 levavertt,

388 1613 510 1663 cum
544 1598 659 1667 ejus
687 1598 856 1666 gratia
891 1597 1185 1665 sumpsisse
1213 1594 1355 1664 quod
1380 1593 1546 1661 petiit.
1579 1591 1728 1647 Multi
1754 1590 1894 1644 enim
1925 1597 1977 1644 et

391 1688 571 1744 claves
600 1703 792 1743 aureas
819 1687 883 1741 ad
916 1686 1232 1741 reserandos
1271 1685 1535 1739 cancellos
1578 1683 1717 1737 beati
1747 1680 1977 1749 sepulcri

388 1781 622 1843 faciunt,
655 1781 746 1850 qui
798 1779 1031 1835 ferentes
1062 1793 1157 1847 pro
1189 1776 1557 1831 benedictione
1586 1775 1791 1844 priores
1832 1770 1974 1825 acci-

387 1874 559 1944 piunt,
596 1872 788 1942 quibus
844 1872 1139 1927 inﬁrmitati
1202 1870 1573 1925 tribulatorum
1634 1868 1967 1922 medeantur.
2002 1854 2051 1913 Β

386 1966 572 2021 Omnia
600 1968 740 2019 enim
765 1964 894 2019 ﬁdes
919 1966 1121 2031 integra
1150 1971 1390 2034 prtestat.
1422 1962 1561 2017 Sunt
1591 1960 1661 2015 ibi
1689 1969 1743 2014 et
1765 1960 1967 2013 colum-

386 2072 467 2113 nae
508 2059 655 2112 mira:
684 2056 958 2128 elegantiae
991 2056 1223 2112 candore
1261 2056 1436 2118 niveo,
1473 2062 1701 2124 quatuor
1724 2066 1971 2121 numero,

386 2164 503 2221 qua:
532 2149 791 2206 cibarium
819 2148 1053 2219 sepulcri
1081 2147 1350 2202 sustinere
1381 2148 1649 2203 dicuntur.

950 2262 1175 2318 CAPUT
1215 2261 1405 2317 XXIX.

890 2378 970 2433 De
998 2378 1167 2433 Paulo
1189 2379 1442 2449 apostolo.

456 2492 690 2549 Paulqu
718 2508 849 2548 vero
872 2492 1143 2560 apostolus
1167 2493 1294 2561 (An.
1321 2490 1411 2557 66,
1439 2489 1509 2544 29
1536 2490 1713 2561 Jun.),
1744 2499 1863 2559 post
1887 2506 1971 2546 re—

384 2587 623 2640 volutum
653 2585 776 2638 anni
802 2583 1082 2646 circulum,
1114 2582 1227 2650 ipsa
1269 2581 1355 2635 die
1403 2596 1505 2651 qua
1539 2580 1728 2635 Petrus
1756 2589 1971 2648 aposto-

383 2679 467 2735 lus
500 2692 688 2747 passus
716 2685 818 2741 est,
846 2675 985 2745 apud
1017 2675 1202 2729 urbem
1229 2673 1453 2727 Romam
1478 2672 1657 2742 gladio
1687 2688 1970 2741 percussus

383 2770 655 2825 occubuit.
677 2768 883 2837 Ecujus
910 2783 1064 2823 sacro
1089 2781 1315 2836 corpore
1344 2767 1425 2822 lac
1443 2777 1463 2805 ο
1485 2766 1709 2822 deﬂuxit
1731 2776 1787 2822 et
1808 2782 1966 2833 aqua.

381 2860 490 2916 Nec
523 2860 714 2914 mirum
740 2861 781 2913 si
808 2843 888 2913 lac
908 2860 1021 2928 ejus
1053 2864 1285 2912 manavit
1310 2874 1373 2913 ex
1399 2874 1644 2929 corpore,
1668 2860 1755 2927 qui
1783 2868 1968 2927 gentes

380 2952 682 3009 incredulas
705 2951 865 3023 752
892 2959 946 3004 et
972 2950 1251 3018 parturivit
1272 2960 1325 3004 et
1343 2952 1571 3017 peperit,
1621 2966 1683 3005 ac
1703 2952 1839 3004 lacte
1861 2951 1969 3019 spi-

381 3047 525 3105 ritali
574 3046 821 3107 nutritas,
858 3044 924 3097 ad
949 3042 1126 3098 cibum
1160 3041 1389 3097 solidum
1421 3045 1813 3114 Scripturarum
1846 3058 1969 3096 san-

381 3151 611 3205 ctarum,
644 3151 811 3207 opaca
835 3136 1144 3204 reserando,
1176 3135 1445 3205 perduxit.
1477 3135 1553 3189 De
1579 3135 1729 3205 cujus
1754 3136 1968 3190 virtuti-

2086 578 2203 625 esto
2226 571 2437 643 adjutor
2454 588 2624 628 meus.
2654 574 2891 643 Denique
2916 574 3167 643 expedito
3183 575 3293 645 jam
3310 575 3527 645 laqueo,
3551 594 3674 634 cutn

2086 660 2453 716 vehementius
2478 674 2758 733 urgeretur
2784 666 2851 720 ab
2876 666 3085 731 umbra,
3109 674 3166 719 ut
3194 667 3391 722 collum
3420 668 3675 727 immitte-

2084 759 2186 816 ret,
2210 752 2386 805 subito
2404 754 2685 809 adluitalia
2707 756 2892 810 umbra
2920 756 3046 811 huic
3061 757 3472 824 similis,dicens
3486 762 3534 817 ei
3551 778 3672 832 quae

2083 856 2205 896 cum
2226 842 2442 899 homine
2470 856 2579 899 erat
2611 862 2624 898 :
2648 846 2813 917 Fuge,
2841 850 3158 917 miserrime,
3192 866 3259 905 en
3290 851 3512 908 Paulum
3539 869 3673 923 apo-

2082 934 2277 989 stolum
2297 935 2399 990 huc
2419 937 2742 1005 venientem;
2768 940 3044 996 invocatus
3064 943 3203 997 enim
3226 943 3293 998 ab
3311 944 3411 1000 hoc
3431 945 3667 1017 homine,

2083 1040 2210 1082 ecce
2236 1027 2409 1083 adest.
2444 1027 2595 1084 Tunc
2624 1032 3066 1087 evanescentibus
3089 1036 3310 1099 umbris,
3342 1036 3431 1091 hic
3453 1037 3519 1091 ad
3549 1054 3673 1092 sen-

2081 1135 2199 1176 sum
2230 1137 2381 1177 suum
2411 1140 2680 1193 reversus,
2713 1135 2767 1181 et
2795 1142 3008 1182 crucem
3033 1130 3243 1184 virtutis
3266 1130 3544 1186 dominicae
3573 1147 3670 1202 pe-

2082 1214 2217 1267 ctori
2246 1215 2453 1269 nutanti
2482 1216 2799 1287 depingens,
2824 1219 3191 1285 pmnitentiam
3223 1222 3375 1289 genis
3402 1221 3671 1293 lacryma-

2080 1318 2197 1357 rum
2230 1304 2397 1360 imbre
2422 1304 2650 1374 perfusis
2680 1308 2909 1376 agebat°
2941 1324 3037 1364 cur
3066 1312 3167 1365 ista
3199 1321 3479 1367 tentasset.
3519 1314 3670 1371 Unde

2080 1396 2423 1451 manifestum
2448 1408 2530 1453 est
2552 1400 2691 1453 hunc
2718 1401 3078 1471 eamdemque
3098 1403 3362 1458 hominem
3389 1421 3483 1474 per
3503 1410 3669 1460 virtu-

2082 1497 2186 1543 tem
2236 1488 2374 1544 beati
2417 1491 2644 1560 aposwli
2681 1491 2748 1547 ab
2793 1492 2894 1547 hoc
2942 1507 3099 1549 sati/re
3139 1496 3322 1551 mortis
3372 1495 3668 1566 pramipitio

2080 1579 2247 1637 luisse
2276 1584 2559 1639 salvatum.

2641 1697 2869 1753 CAPUT
2909 1698 3078 1755 XXX.

2366 1804 2445 1859 De
2469 1804 2673 1862 Joanne
2697 1808 2929 1875 apostolo
2956 1821 3003 1864 et
3044 1812 3373 1883 evangelista.

2148 1937 2306 2008 753
2345 1937 2579 1994 Joannes
2612 1938 2631 1977 ί
2664 1956 2793 1997 vero
2822 1944 3095 2012 apostolus
3121 1955 3178 2001 et
3202 1946 3532 2017 evangelista
3564 1948 3661 2004 Dei

2077 2028 2201 2099 (An.
2234 2028 2335 2084 100
2365 2040 2456 2084 aut
2490 2032 2614 2097 104,
2644 2031 2712 2085 27
2746 2032 2923 2100 Dec.),
2955 2046 3074 2104 post
3097 2050 3371 2105 peractum
3400 2049 3508 2093 tam
3537 2055 3665 2109 ago-

2073 2120 2158 2175 nis
2181 2120 2401 2191 legitimi
2428 2138 2585 2191 quam
2612 2125 3009 2193 pra-dicationis
3034 2128 3401 2185 saluberrimae
3424 2146 3661 2199 cursum,

2075 2214 2226 2267 vivus
2258 2215 2591 2271 descendens
2624 2218 2677 2271 in
2714 2221 2918 2274 tumulo
2939 2262 2955 2287 ,
2985 2222 3181 2290 operiri
3223 2238 3281 2279 se
3312 2224 3476 2279 humo
3522 2240 3662 2295 prte-

2070 2306 2235 2375 cepit.
2290 2307 2452 2377 Cujus
2505 2324 2645 2364 nunc
2690 2310 2993 2379 sepulcrum
3044 2329 3239 2370 manna
3282 2325 3308 2363 8
3342 2317 3396 2371 in
3444 2318 3661 2374 modum

2070 2398 2255 2455 farina:
2284 2402 2547 2471 hodieque
2579 2412 2808 2469 eructat,
2842 2420 2907 2460 ex
2934 2420 3037 2476 qua
3068 2405 3240 2461 beata:
3273 2407 3537 2478 reliquiae,
3568 2424 3663 2479 per

2072 2492 2382 2548 universum
2414 2494 2608 2549 delatae
2640 2496 2893 2551 mundum
2917 2538 2932 2561 ,
2962 2496 3189 2551 salutem
3228 2498 3488 2553 morbidis
3520 2514 3663 2567 pra:-

2071 2593 2235 2639 stant.
2291 2585 2385 2639 llic
2432 2595 2514 2640 est
2559 2586 2794 2641 Joannes
2840 2603 2999 2657 quem
3044 2588 3300 2643 Dominus
3340 2589 3456 2658 plus
3500 2604 3661 2659 quam

2072 2690 2296 2735 caeteros
2325 2680 2514 2735 dilexit
2550 2681 2843 2750 apostolos,
2876 2681 2966 2751 qui
2990 2690 3152 2736 tanta:
3175 2682 3453 2738 charitatis
3474 2699 3661 2739 amore

2072 2771 2326 2841 praelatus
2369 2778 2478 2834 est,
2509 2781 2566 2825 ut
2595 2784 2755 2839 super
2799 2773 2969 2840 ipsum
3001 2772 3140 2826 sacri
3184 2772 3428 2840 corporis
3476 2782 3663 2842 pectus

2070 2862 2419 2931 accumbens,
2446 2863 2828 2933 mysteriorum
2854 2863 3150 2918 cwlestium
3174 2863 3414 2917 hauriret
3441 2879 3660 2918 arcana.

2072 2953 2176 3021 Ipsi
2216 2954 2376 3008 etiam
2427 2954 2687 3007 Dominus
2735 2964 2921 3009 noster
2968 2956 3258 3025 gloriosam
3310 2955 3658 3026 Genitricem,

2070 3045 2221 3113 quasi
2255 3044 2509 3112 peculiari
2536 3044 2768 3112 quodam
2804 3044 2963 3099 modo
2989 3046 3274 3115 discipulo,
3305 3046 3360 3100 in
3392 3049 3504 3116 ipsa
3536 3062 3659 3117 pas-

2072 3136 2238 3191 sionis
2268 3136 2418 3200 hora,
2451 3137 2501 3190 in
2532 3150 2692 3191 cruce
2726 3153 2820 3203 pro
2851 3136 3033 3190 mundi
3061 3138 3234 3191 salute
3257 3138 3479 3206 positus.
3506 3154 3657 3194 com-

382 3233 483 3289 bus
513 3231 677 3286 multa
708 3230 921 3300 quidem
954 3229 1253 3283 audivimus
1280 3246 1293 3283 :
1319 3229 1415 3283 sed
1442 3229 1510 3284 de
1531 3229 1771 3299 plurimis
1802 3245 1964 3285 unum
1995 3229 2041 3293 C
2072 3227 2363 3283 meudavit.
2398 3228 2473 3283 De
2504 3230 2606 3283 hoc
2632 3228 2775 3282 enim
2799 3237 2854 3283 et
2875 3237 2995 3298 post
3015 3230 3464 3284 resurrectionem
3487 3230 3656 3284 dixit:

381 3333 586 3379 tantum
621 3321 937 3376 miraculum
968 3319 1268 3375 studuimus
1305 3319 1598 3375 declarare.
1634 3320 1855 3375 Factum
1884 3332 1967 3377 est

382 3426 561 3471 autem
593 3416 645 3469 in
673 3413 903 3485 quodam
936 3413 1077 3479 loco,
1120 3422 1176 3465 ut
1205 3415 1367 3467 homo
1390 3412 1636 3482 laqueum
1665 3412 1766 3468 sibi
1794 3413 1859 3466 ad
1882 3428 1967 3468 ex-

384 3509 736 3579 torquendam
784 3508 970 3572 vitam,
1009 3505 1299 3574 instigante
1343 3504 1581 3572 diabolo,
1612 3514 1961 3575 praepararet.

379 3602 619 3671 Cumque
668 3608 933 3655 secretum
963 3595 1172 3651 cellula:
1202 3596 1254 3650 in
1299 3611 1403 3665 qua
1437 3597 1551 3651 haec
1602 3605 1787 3666 ageret
1815 3612 1965 3666 repe-

378 3693 557 3759 risset,
604 3693 782 3747 funem
808 3688 948 3744 trabi
974 3688 1367 3751 transmissum,
1414 3687 1659 3757 laqueum
1689 3687 1848 3757 cmpit
1880 3688 1961 3743 itt-

378 3796 615 3847 nectere,
652 3797 846 3839 nomen
875 3791 1049 3835 tamen
1078 3794 1293 3848 semper
1315 3779 1465 3834 Pauli
1497 3780 1721 3849 apostoli
1749 3782 1963 3834 invoca-

377 3880 490 3943 bat,
519 3874 957 3942 dicenszAdjuva
987 3887 1093 3939 me,
1118 3880 1301 3927 sancte
1329 3870 1511 3926 Paule.
1539 3872 1601 3925 Et
1620 3885 1745 3927 ecce
1772 3873 1960 3927 umbra

376 3968 618 4039 squalida
646 3979 806 4038 atque
829 3966 1058 4032 funesta,
1092 3980 1209 4033 quae
1234 3965 1364 4019 nihil
1386 3960 1601 4017 minusd
1634 3964 1776 4017 vultu
1799 3979 1959 4032 quam

375 4063 648 4119 diabolum
677 4060 969 4124 similabat,
1001 4059 1252 4128 apparuit
1290 4058 1362 4125 ei,
1392 4056 1612 4111 hortans
1637 4071 1700 4111 ac
1726 4057 1910 4111 dicens
1943 4075 1956 4111 :

377 4158 471 4214 Eia
493 4174 611 4229 age,
637 4172 705 4214 ne
730 4158 977 4224 moreris,
1006 4156 1161 4227 exple
1193 4154 1323 4227 [Al.,
1355 4154 1565 4225 expedi]
1598 4153 1825 4209 celerius
1839 4169 1958 4223 qua:

375 4251 604 4323 cmplsti.
654 4250 725 4306 At
763 4250 854 4306 ille
888 4264 1010 4305 cum
1047 4264 1181 4319 opus
1222 4249 1354 4316 hoc,
1387 4246 1439 4301 id
1480 4255 1561 4303 est
1598 4247 1721 4303 vita:
1777 4255 1959 4303 extor-

375 4443 427 4488 ct
454 4432 545 4487 lib.
570 4434 659 4498 vn,
679 4446 796 4501 cap.
822 4432 914 4493 '51,
944 4437 1121 4484 narrat
1141 4427 1392 4498 reliquias
1412 4428 1579 4501 sancti
1603 4429 1771 4499 Sergii
1792 4430 1845 4483 in
1869 4445 1956 4484 su-

376 4505 514 4558 blimi
542 4499 947 4573 parietisconlra
976 4501 1213 4554 altarium
1235 4516 1263 4553 a
1286 4499 1511 4573 quodam
1540 4500 1674 4573 Syrio
1704 4502 1953 4573 recondi-

376 4584 457 4629 tas
507 4571 685 4629 fuisse.
741 4573 1019 4640 Nunquam
1075 4582 1275 4635 autem,
1308 4572 1404 4624 nisi
1447 4571 1581 4625 forte
1635 4572 1953 4626 brevissimo

376 4655 637 4713 tempore,
685 4659 845 4713 super
875 4646 1043 4697 altare
1074 4642 1405 4704 locabantur,
1452 4650 1508 4695 ut
1544 4652 1690 4709 patet
1732 4657 1797 4697 ex
1840 4644 1955 4711 ipso

376 4716 651 4785 Gregorio,
679 4716 766 4769 lib.
793 4729 995 4782 tx,cap.
1018 4714 1071 4776 (ἰ,
1095 4714 1235 4781 quod
1253 4722 1427 4767 tamen
1452 4713 1539 4765 alii
1569 4714 1954 4780 improbarunt.

372 4786 507 4840 Vide
529 4786 791 4841 Mabillon.
819 4785 910 4839 lib.
937 4801 951 4838 ι
983 4785 1231 4853 Liturgiaa
1261 4785 1397 4837 Gali.
1421 4798 1534 4852 cap.
1561 4785 1613 4836 9.
1636 4785 1753 4849 Quo
1778 4796 1954 4840 autem

371 4871 486 4910 aevo
516 4868 817 4910 sanctorum
848 4870 1068 4922 corpora
1107 4855 1159 4908 in
1189 4855 1476 4909 Occidente
1506 4856 1666 4909 levari
1700 4856 1955 4909 transter-

369 4928 523 4995 rique
552 4936 828 4994 coeperunt
852 4926 1009 4979 docet
1032 4925 1300 4979 Mabillon.
1335 4926 1482 4993 praef.
1511 4927 1559 4977 in
1593 4926 1723 4979 Acta
1752 4935 1959 4981 sancto-

368 5013 488 5053 rum
515 4997 716 5049 ordinis
744 4995 1089 5055 Benetlictini.
1116 5010 1241 5049 saec.
1274 5011 1308 5049 ιι
1340 5010 1561 5048 munero
1582 4995 1669 5047 42.
1696 5058 1701 5061 γ

442 5076 469 5104 θ
511 5067 633 5120 Ilaec
661 5066 866 5131 palliola
896 5064 1201 5118 Ilormisdas
1229 5066 1281 5119 in
1312 5066 1533 5133 cpistola
1574 5065 1637 5117 ad
1669 5065 1955 5120 Justinian.

370 5138 497 5207 imp.
532 5138 761 5206 appellat
790 5136 1098 5207 sanctuaria
1127 5139 1386 5187 beatorum
1425 5135 1566 5187 Petri
1603 5146 1647 5187 et
1673 5134 1857 5207 Pauli.
1895 5136 1957 5190 Et

368 5205 611 5277 ejusdem
628 5206 891 5277 pontiﬁcis
914 5205 1068 5269 legati
1094 5209 1261 5272 ipsmn
1280 5207 1547 5271 deprecati
1570 5215 1711 5272 sunt,
1741 5216 1793 5260 ut
1814 5206 1957 5275 ejus-

368 5282 512 5334 modi
536 5278 836 5333 sanctuaria
862 5291 1020 5344 usque
1046 5278 1112 5328 ad
1130 5277 1400 5327 secundum
1420 5286 1725 5329 cataractam
1741 5286 1957 5346 propter

370 5352 705 5406 dewtionem
736 5348 1072 5416 imperatoris
1094 5389 1108 5409 ,
1150 5346 1233 5399 cui
1269 5346 1695 5406 destinabantur,
1724 5348 1957 5415 depone-

368 5432 469 5475 ret.
517 5422 753 5475 Brandea
791 5419 1017 5488 appellat
1062 5416 1352 5486 Gregorius
1400 5419 1638 5485 Magnus.
1676 5417 1847 5472 Unum
1889 5435 1956 5473 ex

368 5492 472 5557 his,
520 5493 657 5560 quod
685 5492 749 5544 ad
784 5489 1173 5553 Bruttichildem
1204 5489 1439 5556 reginam
1474 5490 1842 5560 transmissum
1874 5488 1956 5543 di-

369 5558 547 5629 citur,
575 5570 877 5615 asservatur
906 5563 955 5613 in
987 5562 1219 5615 sacrario
1255 5558 1559 5613 monasterii
1596 5562 1757 5612 nostri
1786 5561 1957 5614 sancti

368 5634 619 5687 Germani
642 5646 670 5685 a
695 5631 881 5699 Pratis,
904 5632 1039 5700 quod
1065 5634 1217 5702 vulgo
1235 5631 1500 5700 corporale
1516 5631 1679 5684 sancti
1701 5629 1840 5685 Petri
1859 5646 1958 5701 ap-

370 5706 616 5775 pellatur.

440 5774 465 5813 b
509 5776 667 5829 Deest
695 5774 793 5828 hoc
818 5782 975 5842 caput
1002 5773 1052 5827 in
1079 5773 1313 5829 Clarum.
1349 5775 1402 5829 b.
1443 5774 1498 5828 In
1530 5771 1673 5827 Clar.
1705 5788 1733 5827 a
1763 5771 1956 5829 desunt

369 5846 485 5907 hac
515 5846 697 5916 verba,
727 5854 837 5919 post
859 5844 1143 5902 revolutum
1181 5846 1301 5903 anni
1330 5846 1610 5915 circulum;
1636 5860 1756 5919 qua:
1798 5845 1956 5905 lectio

2072 3319 2163 3375 Sic
2192 3335 2305 3371 eum
2334 3316 2449 3371 uolo
2495 3334 2699 3373 manere
2751 3320 2911 3373 donec
2956 3320 3155 3373 veniam
3182 3317 3363 3391 (Joan.
3398 3336 3511 3385 ut,
3543 3320 3661 3392 22).

2070 3412 2126 3468 In
2160 3413 2375 3483 Epheso
2403 3422 2581 3468 autem
2623 3412 2850 3467 habetur
2882 3413 3029 3467 locus
3060 3413 3111 3467 in
3141 3428 3247 3482 quo
3277 3413 3364 3468 hic
3390 3416 3662 3484 apostolus

2069 3506 2419 3577 Evangelium
2452 3505 2593 3577 quod
2623 3522 2687 3562 ex
2719 3506 2835 3577 ejus
2865 3506 3081 3563 nomine
3119 3508 3171 3561 in
3202 3508 3442 3563 Ecclesia
3470 3508 3664 3578 legitur

2068 3600 2308 3668 scripsit.
2368 3598 2505 3655 Sunt
2561 3609 2741 3654 autem
2798 3599 2852 3653 in
2910 3600 3215 3655 summitate
3273 3601 3470 3656 montis
3523 3601 3663 3657 illius

2067 3692 2301 3762 proximi
2342 3700 2575 3762 quatuor
2621 3693 2736 3746 sine
2784 3699 2927 3747 tecto
2979 3694 3229 3762 parietes.
3278 3693 3335 3748 ln
3384 3694 3468 3749 his
3516 3695 3658 3750 enim

2066 3786 2297 3840 orationi
2329 3786 2604 3850 insistens,
2640 3784 2925 3839 Dominum
2957 3786 3171 3840 assidue
3202 3800 3297 3854 pro
3325 3785 3535 3841 delictis
3559 3804 3658 3856 po-

2065 3877 2172 3946 puli
2220 3877 2551 3946 deprecans,
2584 3876 2892 3931 morabatur
2918 3894 2933 3931 :
2962 3878 3302 3946 obtinuitque
3333 3895 3402 3933 ne
3444 3880 3495 3933 in
3539 3880 3661 3937 loco

2066 3972 2159 4025 illo
2188 3970 2358 4024 imber
2382 3970 2521 4024 ullus
2551 3970 2928 4035 descenderet,
2960 3971 3133 4027 donec
3159 3972 3254 4026 ille
3305 3972 3658 4043 Evangelium

2067 4062 2407 4130 adimpleret.
2447 4061 2553 4117 Sed
2584 4072 2639 4118 et
2668 4078 2840 4132 usque
2870 4062 3031 4118 hodie
3072 4065 3143 4119 ita
3176 4075 3462 4135 praestatur
3487 4084 3518 4122 a
3553 4070 3659 4125 Do-

2063 4157 2231 4219 mino,
2266 4164 2323 4210 ut
2368 4155 2512 4210 nulla
2562 4156 2634 4211 ibi
2686 4155 2977 4213 descendat
3026 4157 3227 4229 pluvia,
3260 4174 3433 4231 neque
3482 4162 3658 4221 imber

2062 4247 2331 4304 violentus
2361 4246 2631 4304 adveniat.

2059 4425 2265 4481 etiamsi
2297 4422 2504 4480 veritati
2561 4424 2887 4481 conformior
2936 4426 3199 4494 videatur,
3261 4427 3523 4485 incertum
3579 4438 3659 4487 ta-

2058 4511 2181 4552 men
2209 4506 2293 4550 est
2327 4511 2392 4549 an
2424 4496 2595 4562 reipsa
2632 4496 2701 4550 sit
2741 4498 3020 4552 sincerior.
3047 4500 3245 4554 Tamen
3264 4515 3330 4555 ex
3363 4499 3658 4561 Fortunato

2061 4580 2114 4623 et
2143 4584 2205 4622 ex
2236 4567 2469 4635 Liturgia
2500 4568 2773 4623 Gallicana
2804 4569 2941 4638 apud
2974 4569 3270 4635 Mabillon.,
3300 4571 3392 4626 lib.
3424 4590 3458 4626 ιι
3500 4590 3649 4629 num.

1982 4614 2034 4675 D
2061 4614 2330 4708 tisfpate't
2377 4614 2600 4692 tianc'in
2647 4640 2815 4693 Gallia
2840 4614 3656 4700 summittit};"5.1.3.?55

2062 4710 2248 4775 fuisse,
2282 4708 2428 4785 quod
2458 4710 2646 4785 Petrus
2675 4721 2729 4765 et
2760 4710 2956 4765 Paulus
2996 4712 3183 4768 eadem
3225 4713 3312 4767 die
3357 4715 3656 4785 eodemque

2061 4796 2204 4837 anno
2232 4782 2372 4849 passi
2405 4779 2625 4835 fuerint.

2138 4863 2160 4890 π
2203 4852 2315 4906 lloc
2342 4868 2407 4904 ex
2428 4854 2729 4921 apocrypha
2761 4852 2860 4907 sub
2881 4851 2999 4907 Lini
3024 4854 3257 4915 nomine,
3281 4853 3490 4908 autalia
3514 4854 3656 4923 ejus-

2062 4923 2207 4993 modi
2242 4923 2478 4993 historia,
2515 4923 2689 4976 hausit
2720 4923 3029 4993 Gregorius.
3064 4924 3205 4992 quod
3229 4923 3389 4979 silent
3420 4934 3653 4983 veteres.

2065 4992 2198 5046 Vide
2225 4992 2497 5045 Mabillon.
2532 4994 2636 5047 lter
2662 4992 2973 5061 Italic.’pag.
3006 4994 3129 5049 H2.

2132 5062 2156 5101 ἀ
2198 5063 2253 5134 l_u
2283 5061 2496 5134 Colb._a
2526 5064 2866 5117 emendatum
2899 5066 3026 5118 nihil
3048 5067 3225 5134 magis.

2136 5142 2159 5170 ο
2201 5131 2363 5210 Vindr
2387 5149 2400 5184 :
2434 5130 2795 5187 Paenitentiam
2815 5151 2969 5204 agens
2992 5130 3335 5207 lacrumarum
3359 5138 3517 5194 imbre
3534 5156 3653 5210 per-

2061 5203 2226 5273 fusus,
2258 5202 2445 5273 aiebat.

2139 5274 2155 5313 ῐ
2193 5276 2349 5327 Deest
2378 5272 2478 5327 hoc
2509 5282 2667 5341 caput
2699 5274 2753 5330 in
2778 5275 3009 5331 Claram.
3043 5292 3096 5331 a.

2136 5355 2160 5393 ε
2192 5344 2303 5399 Iloc
2330 5360 2520 5398 manna
2545 5346 2722 5401 adhuc
2751 5363 2815 5401 ex
2845 5349 3073 5416 apostoli
3108 5349 3360 5413 sepulcro
3388 5354 3652 5409 scaturie-

2064 5416 2155 5471 bat
2201 5418 2395 5493 sacculo
2441 5431 2551 5482 vttt,
2587 5432 2651 5471 ex
2679 5419 2931 5493 sedanda
2960 5420 3129 5493 sancti
3164 5419 3452 5493 )thlibaldi
3504 5425 3646 5493 Vita,

2064 5504 2210 5542 num.
2245 5486 2298 5550 5,
2331 5487 2383 5540 in
2414 5502 2451 5540 tt
2477 5498 2625 5563 parte
2655 5504 2779 5563 stac.
2814 5504 2879 5563 ut
2900 5490 3253 5545 Benedictini.
3305 5493 3379 5546 De
3407 5486 3647 5563 ejusdem

2064 5568 2243 5629 morte
2286 5575 2388 5612 non
2443 5560 2626 5627 pauci,
2654 5561 2813 5615 etiam
2866 5560 3006 5615 inter
3054 5571 3283 5629 veteres,
3314 5560 3647 5624 dubitarunt.

2062 5633 2175 5705 Qua
2219 5628 2286 5684 de
2334 5644 2391 5705 re
2448 5644 2541 5697 pro
2578 5644 2686 5705 suo_
2719 5647 2875 5705 more
2892 5630 3121 5705 icrmlite
3168 5628 3518 5705 disserentem
3560 5641 3647 5695 adi

2062 5701 2461 5778 Tilletnontium
2494 5709 2637 5778 torno
2718 5700 2851 5754 Ilist.
2880 5704 3116 5778 Eccles,
3151 5704 3229 5758 tit.
3261 5699 3644 5778 Sancti'Jnan"

2059 5784 2163 5826 art.
2194 5773 2246 5827 7.
2285 5770 2417 5847 Vide
2446 5772 2646 5847 sanctiJ
2668 5775 2948 5847 Attgusllni
2994 5785 3198 5847 tractat.
3238 5777 3360 5847 124,
3391 5778 3445 5839 itt
3475 5770 3643 5838 Joan;

2061 5858 2208 5911 nem,
2234 5854 2290 5901 et
2316 5842 2488 5901 Pbodi
2519 5840 2921 5917 Bibliothecam,
2948 5848 3067 5905 cod.
3092 5846 3217 5908 22.9.
