4132 6348
536 337 628 393 7M

1559 328 1617 386 S.
1659 326 1987 386 GREGORII
2026 323 2326 383 EPISCOPI
2364 326 2791 383 TURONENSIS

3700 320 3820 380 73?

606 452 661 508 In
689 467 750 508 ea
779 453 911 507 urbe
939 450 1099 507 Maria
1127 446 1435 519 Magdalene
1455 448 1682 518 quiescit
1711 458 1756 516 ι,
1792 447 1991 503 nullum
2022 461 2105 500 su.
2130 446 2178 505 Α
2211 443 2285 499 hil
2316 444 2383 498 ab
2415 446 2533 513 igne
2585 443 2823 510 nocitu‘s,
2858 441 3047 498 extulit
3091 439 3238 495 foras
3268 456 3281 494 :
3312 438 3405 495 sed
3434 440 3703 496 continuo
3737 440 3819 494 ita

533 563 631 620 per
660 564 719 604 se
747 559 992 616 tegumen
1022 544 1241 597 habens.
1276 543 1331 597 In
1360 557 1421 596 ea
1448 550 1503 597 et
1532 550 1737 611 septem
1770 540 2109 595 Dormientes

536 644 820 705 habentur,
845 641 911 693 de
938 637 1132 707 quibus
1163 635 1362 705 aliqua,
1398 634 1621 689 Domino
1643 634 1886 705 jubente,
1923 634 1972 686 in
2002 646 2111 701 po-

535 746 736 791 sterum
790 735 1055 789 narraturi
1101 749 1307 787 sumus.
1351 733 1408 786 In
1456 736 1553 787 hac
1600 741 1656 786 et
1699 731 1897 786 idolum
1930 729 2110 783 Dianae

536 831 661 894 fuit,
693 829 760 884 ab
804 828 1049 899 apostolo
1098 828 1263 884 Paulo
1312 828 1664 883 destructum.
1710 826 1814 883 Sed
1843 826 1908 881 ad
1936 835 2108 895 coepta

535 923 837 978 redeamus.

1097 992 1322 1051 CAPUT
1356 990 1545 1047 XXXI.

1036 1106 1113 1160 De
1136 1108 1338 1161 Andrea
1368 1106 1618 1175 apostolo.

612 1202 773 1276 754
807 1204 1046 1259 Andreas
1068 1202 1095 1242 δ
1117 1204 1387 1273 apostolus
1419 1204 1576 1274 (Anu.
1596 1201 1664 1255 66
1691 1210 1777 1253 aut
1808 1200 2000 1267 70,3eu
2021 1199 2107 1265 95,

545 1294 614 1350 50
638 1294 799 1361 Nov.)
836 1310 1082 1364 magnum
1109 1297 1419 1349 miraculum
1445 1295 1493 1347 in
1516 1294 1601 1346 die
1624 1293 1979 1345 solemnitatis
2002 1306 2113 1345 sure

538 1387 761 1457 profert,
792 1387 893 1442 hoc
917 1398 994 1443 est
1030 1404 1221 1442 manna
1255 1389 1304 1440 in
1338 1387 1550 1440 modum
1578 1388 1782 1446 farinae,
1813 1387 1894 1439 vel
1938 1386 2112 1439 oleum

540 1494 661 1535 cum
690 1481 855 1534 odore
885 1488 1132 1535 nectarco
1152 1521 1166 1545 ,
1199 1478 1339 1547 quod
1368 1478 1435 1532 de
1466 1478 1669 1531 tumulo
1697 1477 1813 1545 ejus
1858 1476 2112 1529 exundat.

540 1571 645 1626 Per
672 1571 723 1625 id
753 1571 893 1625 enim
922 1586 1039 1639 quae
1070 1570 1138 1623 sit
1164 1570 1407 1622 fertilitas
1428 1569 1552 1622 anni
1580 1568 1849 1637 sequentis
1877 1567 2116 1621 ostendi-

540 1671 645 1717 tur.
699 1661 754 1717 Si
783 1663 1029 1731 exiguum
1080 1662 1418 1731 profluxerit,
1452 1663 1696 1731 exiguum
1731 1671 1870 1714 terra
1917 1661 2118 1727 profert

540 1754 802 1820 fructum;
837 1754 877 1807 si
910 1770 1036 1809 vero
1068 1756 1535 1825 fueritc0piosum,
1564 1770 1812 1823 magnum
1836 1770 1959 1808 arva
1991 1770 2115 1824 pro-

2212 538 2531 593 constrictus
2557 546 2660 601 est,
2694 546 2749 589 ut
2778 550 3021 603 gressum
3055 533 3105 587 in
3140 543 3294 588 antea
3327 548 3481 603 agere
3511 548 3612 586 non
3653 530 3818 586 vale-

2210 640 2312 685 ret.
2344 618 2806 698 Tuncin’dignum
2832 625 3152 695 scjudicans
3182 626 3272 695 qui
3303 639 3395 678 eas
3425 624 3604 685 ferret,
3633 638 3818 677 unam

2212 724 2442 795 puellam
2470 722 2740 791 parvulam
2773 720 3210 788 impollutamque
3238 717 3397 787 elegit
3418 732 3446 770 a
3480 716 3689 787 praeda,
3721 714 3820 771 cui

2212 814 2482 882 capsulam
2536 813 2603 867 ad
2651 812 2845 868 collum
2875 812 3085 879 posuit,
3120 818 3173 865 et
3215 810 3295 863 sic
3325 811 3378 863 in
3413 809 3631 879 patriam
3669 824 3816 877 pro-

2212 919 2368 974 spere
2390 903 2634 957 accessit.
2656 901 2806 957 Tunc
2823 899 3099 955 collocatis
3126 899 3177 953 in
3204 898 3357 951 altari
3381 897 3765 952 Novivicensis
3790 906 3813 935 ε

2215 996 2477 1060 ecclesiae,
2527 995 2615 1050 ubi
2668 996 2809 1049 nulla
2840 994 3013 1047 adhuc
3042 1005 3350 1047 sanetorum
3383 993 3600 1061 pignora
3632 991 3821 1045 habe-

2214 1091 2439 1155 bantur,
2469 1090 2624 1143 annis
2672 1086 2892 1157 singulis
2923 1084 3266 1140 devotissime
3299 1098 3485 1138 eorum
3534 1083 3816 1138 solemnia

2215 1182 2537 1240 celebrabat.
2565 1179 2727 1250 Cujus
2770 1180 2925 1243 ﬁlius,
2960 1194 3077 1234 cum
3112 1178 3224 1230 lucc
3256 1187 3371 1243 post
3403 1177 3570 1246 patris
3594 1176 3814 1229 obitum

2217 1295 2320 1332 non
2350 1276 2614 1345 impleret,
2650 1289 2677 1326 a
2713 1273 2859 1327 febre
2888 1282 3149 1341 quartana
3176 1285 3270 1338 per
3300 1284 3495 1322 annum
3530 1268 3810 1336 integrum

2220 1370 2485 1431 laborans,
2518 1368 2660 1422 vovit
2695 1375 2751 1418 ut
2783 1380 2975 1418 novam
3016 1364 3290 1418 basilicam
3326 1362 3376 1415 in
3409 1376 3591 1414 eorum
3628 1360 3813 1414 horto-

2219 1478 2331 1516 rem
2360 1468 2729 1525 construeret;
2756 1474 2861 1527 quo
2888 1457 3044 1521 facto,
3070 1465 3243 1509 amota
3274 1453 3422 1509 febre
3450 1466 3671 1508 sanatus
3697 1464 3806 1508 est.

2218 1554 2322 1611 Sed
2355 1570 2450 1608 nec
2481 1552 2583 1606 hoc
2613 1552 2728 1606 sine
2755 1548 3052 1604 Divinitatis
3082 1548 3415 1618 providentia
3444 1557 3621 1601 actum
3655 1563 3806 1609 reor,

2220 1647 2362 1718 quod
2409 1647 2592 1701 eadem
2638 1645 2725 1699 die
2771 1659 2873 1714 qua
2920 1643 3091 1698 beatm
3122 1642 3357 1711 reliquiae
3392 1643 3442 1694 in
3475 1643 3632 1695 aliasn
3682 1652 3809 1695 sunt

2223 1738 2494 1793 translatae
2526 1736 2823 1802 basilicam,
2846 1744 3088 1789 errantes
3119 1732 3361 1787 homines
3384 1749 3411 1786 a
3438 1735 3513 1787 via
3548 1733 3641 1801 qui
3668 1733 3815 1787 beati

540 1860 756 1901 ventum
810 1846 1074 1901 fructuum
1120 1848 1317 1902 habere
1367 1848 1649 1913 significat.
1702 1847 1830 1901 Nam
1863 1847 2035 1901 ferunt
2066 1847 2117 1901 in

2229 1830 2484 1886 Vincentii
2516 1829 2769 1899 reliquias
2808 1828 3159 1893 deferebant,
3190 1827 3255 1880 ad
3301 1828 3473 1880 vicum
3509 1827 3684 1895 ipsum
3721 1827 3816 1881 de-

542 1938 809 2006 aliquibus
837 1938 1009 1999 annis,
1034 1939 1085 1991 in
1117 1946 1317 1991 tantum
1341 1954 1369 1992 e
1395 1940 1598 1993 tumulo
1622 1938 1794 1993 oleum
1826 1940 2117 2007 exundare,

542 2038 598 2082 ut
625 2044 796 2097 usque
816 2030 880 2083 ad
913 2029 1143 2083 medium
1174 2029 1405 2083 basilicae
1435 2032 1660 2099 profluat
1690 2032 1833 2085 rivus
1859 2032 1965 2086 ille.
1996 2031 2121 2087 ihcc

543 2128 721 2176 autem
754 2133 980 2193 aguntur
1008 2124 1143 2191 apud
1170 2125 1493 2192 provinciam
1526 2124 1800 2192 Achaiam,
1829 2125 1879 2178 in
1908 2126 2122 2181 civitate

544 2211 747 2279 Patras,
780 2216 834 2269 in
863 2231 961 2285 qua
996 2217 1182 2270 beatus
1209 2216 1481 2283 apostolus
1512 2216 1623 2271 sive
1651 2225 1870 2287 martyr,
1890 2232 1985 2286 pro
2014 2218 2119 2271 fle-

546 2303 839 2375 demptorls
872 2308 1089 2361 nomine
1121 2308 1437 2375 eruciﬁxus,
1474 2318 1785 2377 praesentem
1815 2310 1975 2362 vitam
2004 2309 2123 2378 glo-

543 2396 689 2452 riosa
719 2405 889 2453 morte
920 2398 1088 2452 ﬁnivit
1115 2409 1161 2453 ο.
1206 2398 1406 2453 Tamen
1439 2414 1558 2453 cum
1599 2399 1773 2452 oleum
1817 2399 2120 2465 defluxerit,

546 2498 748 2545 tantum
780 2491 997 2546 odorem
1031 2492 1245 2545 naribus
1280 2498 1493 2560 przestat
1518 2533 1532 2555 ,
1566 2500 1623 2544 ut
1655 2501 1805 2559 putes
1831 2492 1899 2545 ibi
1928 2492 2125 2545 multo-

546 2597 666 2635 rum
714 2591 1010 2635 aromatum
1061 2597 1296 2651 sparsam
1342 2598 1460 2636 esse
1492 2584 1819 2651 congeriem,
1846 2585 1983 2651 quod
2018 2599 2122 2637 non

549 2673 665 2726 sine
697 2672 952 2725 miraculo
996 2686 1057 2724 ac
1106 2672 1363 2726 beneficio
1397 2672 1621 2724 habetur
1651 2673 1700 2724 in
1734 2674 1958 2739 populis.
1992 2673 2122 2728 Nam

551 2781 618 2819 ex
665 2763 765 2818 hoc
789 2780 881 2819 seu
912 2766 1247 2819 inunctiones
1294 2765 1479 2827 factae,
1514 2765 1628 2819 sive
1678 2766 1917 2834 p0tiones
1963 2765 2123 2832 datm,

550 2856 861 2928 plerumque
911 2857 1282 2926 languentibus
1313 2856 1648 2909 commodum
1694 2863 1961 2924 praestant.
2002 2855 2127 2909 Post

549 2948 697 3018 cujus
728 2948 1012 3017 gloriosam
1044 2948 1461 3016 assumptionetn
1493 2947 1669 3001 multa:
1700 2946 1919 3001 virtutes
1944 2948 2027 3001 vel
2057 2948 2123 3001 ad

549 3040 651 3095 hoc
701 3039 1022 3110 sepulcrum,
1068 3041 1149 3094 vel
1183 3055 1277 3109 per
1305 3040 1417 3093 loca
1453 3039 1660 3093 diversa
1692 3039 1742 3093 in
1788 3040 1978 3109 quibus
2010 3039 2126 3109 ejus

549 3133 786 3203 reliquiae
818 3134 1090 3187 collocatre
1113 3141 1256 3201 sunt,
1290 3133 1532 3187 feruntur
1558 3141 1811 3186 ostensac.
1834 3130 1909 3187 De
1934 3131 2125 3201 quibus

2227 1922 2318 1978 lati
2372 1930 2515 1977 sunt.
2566 1923 2717 1976 Tunc
2762 1930 2982 1992 rogante
3033 1917 3375 1989 presbytero,
3408 1918 3716 1972 diviserunt
3766 1918 3813 1971 ei

2226 2017 2541 2089 particulam
2592 2016 2910 2087 pignorum,
2954 2030 3111 2085 quam
3160 2014 3212 2069 in
3254 2022 3437 2069 sancto
3465 2013 3624 2068 altari
3676 2012 3816 2068 unde

2226 2111 2355 2163 alias
2382 2109 2673 2165 abstulerat
2702 2108 3002 2163 collocavit.

2300 2203 2617 2257 Mummolus
2640 2212 2841 2269 autem,
2857 2218 2977 2256 cum
3002 2200 3360 2256 Tltcodeberti
3383 2202 3524 2272 regis
3541 2209 3813 2270 tempore,

2226 2299 2293 2353 ad
2325 2299 2679 2354 Iustinianum
2712 2299 3085 2365 imperatorem
3133 2312 3357 2366 pergens
3380 2339 3395 2362 ,
3429 2297 3815 2351 Constantino-

2228 2392 2446 2459 politani
2480 2390 2683 2444 itineris
2713 2390 2851 2444 viam
2897 2390 3066 2444 navali
3100 2399 3290 2445 evectu
3318 2390 3566 2453 sulcaret,
3602 2391 3672 2445 ad
3719 2406 3813 2445 ur-

2226 2483 2347 2537 hem
2398 2483 2605 2547 Patras,
2632 2484 2686 2537 in
2714 2498 2818 2552 qua
2849 2483 2987 2537 idem
3022 2482 3247 2538 habetur
3286 2484 3578 2551 apostolus,
3610 2492 3695 2538 est
3721 2498 3813 2551 ap-

2228 2574 2435 2643 pulsus.
2491 2576 2569 2628 Ac
2622 2573 2748 2627 dum
2809 2574 2880 2628 ibi
2938 2590 3058 2629 cum
3116 2574 3432 2630 satellitibus
3486 2587 3810 2642 moraretur,

2230 2668 2495 2721 infirmata
2520 2668 2699 2722 vesica
2731 2668 3032 2723 calculosos
3062 2668 3313 2722 efficitur.
3350 2668 3554 2724 Dehinc
3583 2669 3812 2725 diversis

2228 2760 2502 2814 doloribus
2539 2768 2771 2813 arctatus
2820 2760 2964 2816 febre
3007 2762 3339 2815 consumitur
3363 2776 3378 2814 :
3404 2760 3690 2831 ablataque
3720 2763 3812 2818 de-

2230 2851 2515 2907 lectatione
2542 2852 2857 2906 comedendi
2889 2862 3048 2923 atque
3078 2853 3316 2917 bibendi,
3348 2852 3630 2908 adventum
3664 2870 3813 2909 mor-

2231 2946 2298 2999 tis
2323 2944 2487 2999 solius
2517 2944 2942 3013 prrestolabatur.
2978 2945 3138 3012 Igitur
3180 2944 3305 2999 dum
3336 2958 3395 2999 se
3424 2946 3492 3000 ita
3520 2944 3720 2999 fessum
3753 2952 3807 2999 et

2230 3040 2345 3095 sine
2371 3054 2466 3109 spe
2492 3040 2616 3094 vita:
2644 3039 2901 3103 decernit,
2935 3039 3097 3111 756
3126 3046 3507 3093 testamentum
3533 3054 3684 3095 suum
3718 3053 3811 3109 pe—

2233 3135 2294 3188 tit
2334 3135 2517 3200 scribi,
2552 3133 2922 3203 munitumque
2970 3133 3452 3201 subscriptionibus
3497 3148 3559 3187 ac
3598 3133 3807 3203 sigillis,

551 3242 715 3294 pauca
746 3226 1029 3281 memorari
1064 3243 1165 3282 non
1193 3226 1371 3297 putavi
1404 3225 1714 3293 absurdum,
1740 3226 1864 3297 quia
1896 3225 2122 3281 :cdifica-
2151 3221 2198 3286 ὓ
2231 3227 2425 3295 inquiri
2478 3227 2733 3295 praecepit
2769 3226 2814 3279 si
2865 3224 3085 3279 forsitan
3152 3225 3347 3294 aliquis
3393 3226 3721 3293 reperiretur
3760 3226 3811 3281 in

552 3318 623 3373 tio
652 3326 735 3374 est
765 3319 1013 3374 Ecclesiae
1042 3319 1207 3388 gloria
1256 3326 1548 3389 martyrum
1588 3319 1863 3388 virtusque
1911 3326 2128 3376 sancto-

554 3426 695 3465 rum.
1154 3420 1163 3427 “

624 3501 889 3571 Tempore
918 3517 1043 3572 quo,
1072 3504 1353 3559 interfecto
1376 3502 1402 3541 ἀ
1426 3503 1781 3559 Chlodomere
1812 3518 1937 3575 rege
1962 3504 2131 3560 Fran-

554 3608 763 3658 corum,
794 3608 851 3647 se
893 3594 1161 3649 exercitus
1192 3610 1446 3663 reparans
1496 3596 1852 3664 Burgundiam
1886 3595 2132 3650 devasta-

557 3686 668 3751 bat,
703 3687 754 3740 in
785 3685 1011 3756 quadam
1059 3685 1274 3741 basilica
1314 3686 1551 3757 reliquiae
1577 3686 1687 3757 jam
1735 3686 1858 3741 dicti
1906 3687 2130 3755 apostoli

555 3793 673 3834 cum
712 3777 982 3834 Saturnini
1013 3780 1257 3850 martyris
1289 3778 1627 3833 tenebantur.
1662 3781 2005 3847 Accensaque
2034 3778 2131 3832 ba-

557 3872 723 3938 silica,
755 3889 875 3927 cum
906 3874 1015 3941 jam
1052 3874 1313 3941 tignorum
1364 3874 1531 3927 moles
1570 3872 1804 3927 dirueret
1827 3912 1840 3935 ,
1875 3886 2132 3940 pauperes

556 3980 615 4020 ac
640 3980 818 4030 senes,
846 3981 977 4033 quos
1002 3965 1273 4020 barbaries
1297 3966 1602 4035 reliquerat,
1630 3964 1849 4031 flebant,
1871 3964 2029 4035 755
2052 3964 2131 4017 di-

557 4067 734 4113 centes
772 4058 903 4111 :Va:
960 4057 1112 4111 nobis
1162 4058 1249 4127 qui
1309 4066 1574 4111 tantorum
1634 4058 1911 4126 pignorum
1974 4055 2131 4109 hodie

555 4164 797 4204 caremus
828 4150 1053 4214 auxilio;
1085 4165 1180 4204 nec
1209 4151 1359 4204 nobis
1390 4151 1525 4204 ultra
1552 4163 1672 4218 spes
1703 4150 1981 4218 prmsentis
2009 4149 2131 4203 vita:

560 4242 814 4305 manebit,
842 4242 883 4294 si
918 4240 1029 4295 hcce
1058 4240 1406 4310 depericrint.
1457 4241 1551 4295 His
1600 4241 1667 4294 ita
1701 4241 1969 4306 flentibus,
2001 4250 2130 4295 nutu

560 4335 650 4389 Dei
674 4335 962 4387 adveniens
985 4334 1282 4388 Turonicus
1310 4335 1492 4400 homo,
1516 4335 1807 4390 condolens
1832 4336 1911 4389 his
1933 4336 2131 4389 lamen-

560 4427 648 4495 tis,
677 4435 729 4480 et
760 4425 969 4479 discens
1012 4426 1260 4479 virtutem
1311 4436 1623 4496 martyrum.
1655 4444 1756 4480 non
1806 4427 1983 4482 minus
2029 4427 2131 4481 fide

559 4534 718 4587 quam
750 4532 929 4586 parma
962 4527 1248 4586 protectus,
1287 4534 1379 4586 per
1410 4519 1615 4574 medias
1661 4520 1955 4589 ingreditur
1985 4519 2132 4572 flam-

2232 3319 2445 3374 civitale
2474 3318 2560 3387 qui
2590 3318 2787 3386 peritus
2820 3318 2869 3371 in
2898 3324 3012 3371 arte
3043 3316 3320 3372 medicina:
3365 3326 3546 3385 posset
3576 3319 3814 3387 perituro

2231 3425 2563 3466 succurrere.
2594 3410 2697 3465 Sed
2724 3424 2844 3465 cum
2890 3408 2993 3463 hoc
3032 3409 3283 3479 episcopo
3316 3409 3403 3478 qui
3437 3419 3561 3464 tunc
3589 3418 3815 3479 praeerat

2232 3502 2566 3573 suggeritur,
2614 3501 3043 3571 ait:Quousque
3088 3515 3204 3567 vos,
3256 3501 3612 3567 dilectissimi,
3662 3516 3815 3557 casso

2233 3586 2462 3666 fatigatis
2494 3596 2695 3660 labore,
2728 3604 2783 3650 et
2812 3595 2953 3650 inter
2982 3596 3226 3650 homines
3273 3596 3545 3665 requiritis
3588 3596 3815 3652 medici-

2235 3704 2355 3741 nam
2378 3728 2391 3751 ,
2424 3703 2544 3741 eum
2580 3687 2841 3742 habeatur
2874 3686 2959 3741 hic
2987 3688 3225 3742 caelestis
3256 3688 3494 3742 medicus
3516 3728 3529 3752 ,
3556 3690 3641 3757 qui
3675 3702 3817 3758 szrpe

2234 3782 2563 3837 infirmorum
2595 3783 2925 3837 valetudines
2964 3783 3079 3837 sine
3126 3782 3409 3837 herbarum
3456 3784 3808 3851 adminiculo,

2233 3876 2443 3928 virtutis
2480 3876 2705 3945 propriae
2736 3876 2970 3945 depellat
2999 3876 3228 3932 effectu?
3277 3879 3341 3930 Et
3368 3877 3506 3945 quis,
3541 3878 3807 3945 inquiunt,

2234 3974 2317 4023 est
2347 3968 2470 4021 ille?
2512 3968 2777 4031 Andreas,
2807 3968 2901 4033 ait,
2930 3968 3203 4037 apostolus
3245 3968 3461 4023 Christi.
3517 3969 3639 4025 llaec
3667 3986 3809 4025 nun-

2235 4060 2428 4114 tiantes
2456 4059 2685 4125 infirmo,
2708 4066 2859 4127 rogat
2879 4073 2938 4114 se
2961 4060 3160 4129 portari
3181 4058 3248 4114 ad
3272 4060 3412 4115 beati
3434 4061 3744 4130 sepulcrum
3768 4062 3807 4116 ί.

2232 4152 2493 4223 Cumque,
2524 4154 2827 4220 pavimento
2876 4160 3199 4219 prostratus,
3229 4167 3348 4222 quae
3377 4156 3667 4208 necessitas
3699 4155 3815 4209 exi-

2235 4246 2391 4315 gebat
2438 4244 2667 4299 ﬁdeliter
2698 4251 3009 4312 precaretur
3035 4284 3049 4309 ,
3083 4246 3261 4299 medio
3293 4246 3400 4300 fere
3431 4246 3601 4301 noctis
3628 4260 3817 4301 omnes

2237 4336 2327 4403 qui
2348 4337 2565 4389 aderant
2592 4350 2751 4401 sopor
2764 4335 3017 4389 obtinuit.
3039 4336 3338 4406 Statimque
3356 4337 3567 4391 infirmo
3593 4348 3818 4393 conatus

2235 4426 2513 4495 ejiciendte
2539 4429 2705 4481 urinae
2738 4427 2999 4491 imminet,
3038 4437 3368 4499 tangensque
3416 4446 3579 4484 unum
3629 4446 3818 4499 puero-

2240 4535 2521 4585 rum,voce
2546 4521 2685 4573 tenui
2710 4521 2982 4574 vasculum
3004 4521 3235 4589 postulat
3256 4520 3519 4586 exhiberi,
3543 4522 3814 4593 illatoque,

562 4625 695 4676 mas,
730 4609 1196 4680 apprehensasque
1224 4610 1292 4664 ab
1322 4609 1473 4665 altari
1500 4619 1714 4665 sanctas
1743 4610 2013 4680 reliquias,
2049 4610 2130 4665 ni:
2163 4605 2213 4665 D
2240 4611 2362 4666 dum
2388 4612 2594 4666 urinam
2621 4611 2806 4667 nititur
2832 4612 3047 4680 ejicere,
3069 4612 3296 4683 lapidem
3325 4628 3573 4684 magnum
3603 4618 3813 4673 emisit:

632 4778 659 4806 ⁸
689 4767 829 4822 Idem
864 4767 1022 4822 habet
1052 4776 1233 4821 auctor
1261 4766 1394 4821 Vitae
1416 4765 1582 4821 sancti
1605 4766 1897 4831 Willilialdi
1924 4767 1974 4819 in
2000 4782 2134 4834 prse—

560 4839 769 4895 ccdenti
818 4848 945 4892 nota
990 4840 1267 4902 laudatus,
1296 4847 1351 4892 et
1394 4850 1611 4891 sanetus
1654 4838 1921 4890 Modestus
1964 4838 2130 4901 episc.

560 4911 1067 4980 Jerosolyniitanus.
1103 4910 1281 4963 saeculi
1332 4925 1398 4962 vn
1454 4909 1638 4980 initio,
1673 4908 1808 4980 apud
1860 4908 2130 4972 Photium,

566 4979 813 5035 llibliotli.
849 4981 967 5034 eod.
1001 4980 1125 5033 “275.
1179 4980 1303 5049 Ejus
1344 4979 1583 5047 reliquid:
1614 4979 1807 5031 smculo
1837 4995 1886 5032 iv
1919 4980 2133 5033 labente

548 5052 1073 5119 'tlodstantinopolim
1107 5053 1377 5104 translata:
1414 5051 1663 5103 dicuntur
1691 5050 1788 5103 sub
1820 5050 1999 5104 Leone
2033 5052 2135 5102 Sa-

564 5124 759 5187 piente.
798 5124 926 5175 Alia;
958 5132 1082 5175 sunt
1114 5121 1271 5175 hodie
1302 5124 1350 5174 in
1399 5122 1558 5174 variis
1600 5120 1783 5175 Callia:
1812 5120 1940 5175 locis
1974 5122 2135 5174 tradi-

563 5198 736 5246 tiones
775 5194 912 5245 circa
948 5194 1004 5245 li.
1033 5192 1353 5259 Magdalenae
1396 5194 1697 5261 sepulcrum
1752 5202 1803 5245 et
1852 5192 2128 5259 reliquias,

563 5278 691 5329 quas
739 5264 825 5316 hic
868 5263 1133 5317 discutere
1180 5279 1283 5316 non
1325 5274 1493 5317 vacat.
1551 5264 1623 5317 De
1670 5272 1872 5328 septem
1924 5278 2135 5329 quoque

566 5332 959 5387 Donnientibus
989 5334 1162 5403 agitur
1200 5335 1255 5388 in
1288 5333 1404 5387 Vita
1453 5334 1625 5387 sancti
1656 5332 1967 5387 Willibaldi.
2002 5332 2135 5388 Vide

565 5404 697 5457 infra
719 5420 848 5473 .cap.
877 5407 963 5458 $15.

634 5473 662 5512 δ
694 5474 853 5528 Deest
883 5474 983 5529 hoc
1009 5484 1165 5545 caput
1195 5475 1245 5529 in
1279 5474 1510 5529 Clarom.
1544 5475 1595 5528 b.

643 5554 663 5582 ε
697 5546 822 5598 Haec
851 5555 931 5599 est
963 5542 1197 5600 veterum
1226 5548 1436 5599 traditio
1457 5562 1483 5597 a
1508 5546 1704 5599 sanctis
1732 5544 1976 5609 Paulino,
2006 5542 2138 5597 Gau-

567 5614 769 5688 dentio,
799 5615 955 5688 Petro
1008 5619 1359 5688 Chrysologo,
1392 5617 1615 5684 aliisque
1647 5616 1992 5688 scriptoribus
2044 5629 2137 5681 ap-

569 5687 807 5753 probata.
856 5686 1271 5741 Celeliria'sunt
1313 5688 1549 5755 ejusdem
1601 5687 1824 5753 apostoli
1878 5687 2136 5754 passionis

568 5760 729 5821 Acta,
763 5772 879 5828 qua:
910 5760 1007 5811 Sub
1040 5759 1471 5828 presbyterorum
1503 5769 1555 5812 ct
1584 5758 1928 5810 iliaconorum
1962 5757 2133 5828 eccle-

567 5832 659 5882 siae
686 5827 899 5883 Achaia:
930 5832 1143 5884 nomine
1175 5827 1462 5897 habentur,
1489 5830 1555 5884 de
1575 5842 1804 5897 quorum
1831 5827 2135 5883 sinceritate

2239 4782 2345 4822 non
2372 4782 2472 4821 una
2502 4776 2581 4820 est
2609 4766 2844 4820 omnium
2878 4767 3163 4823 sententia.
3202 4768 3329 4823 Vide
3370 4769 3694 4824 Tillemontii
3725 4786 3815 4824 no-

2240 4849 2317 4893 tas
2348 4839 2415 4893 de
2442 4850 2628 4891 sancto
2657 4838 2888 4902 Andrea,
2923 4850 3067 4892 tomu
3096 4840 3115 4892 ι
3148 4840 3281 4895 llist.
3312 4840 3588 4895 eccles.—
3611 4840 3667 4897 In
3699 4844 3815 4896 Misr

2238 4911 2335 4963 sali
2359 4910 2588 4963 Gothico
2602 4908 2873 4962 Gallicana
2897 4911 3122 4976 quodex
3150 4911 3435 4964 Thomasio
3454 4912 3616 4965 edidit
3642 4925 3811 4966 nostct

2238 4980 2571 5033 lilabillonius
2606 4980 2696 5034 lib.
2731 4994 2787 5032 ιιι
2819 4979 3066 5048 Liturgim
3112 4981 3394 5035 Gallicana»
3428 4998 3572 5035 num.
3611 4984 3699 5047 i7,
3733 4986 3812 5035 ha-

2242 5052 2395 5105 betur
2418 5052 2574 5104 Missa
2598 5050 2663 5103 de
2690 5062 2873 5105 sancto
2900 5050 3137 5116 Audrea,
3168 5054 3317 5119 cujus
3339 5052 3676 5117 contestatio,
3703 5070 3813 5115 seu,

2244 5131 2301 5174 ut
2350 5122 2635 5187 loquimur,
2671 5122 2907 5187 przefatio
2953 5138 3018 5177 ex
3072 5125 3406 5192 vulgaturum
3452 5125 3605 5192 hujus
3654 5126 3815 5178 sancti

2242 5192 2467 5261 apostoli
2496 5192 2750 5246 Actorqu
2802 5194 2977 5247 verbis
3012 5202 3068 5247 ut
3101 5195 3382 5261 plurimum
3434 5205 3682 5250 contexta
3715 5205 3812 5251 est.

2314 5260 2339 5298 ά
2378 5262 2528 5326 Vide,
2561 5264 2961 5331 supra,llistor.
2994 5260 3199 5327 num,
3224 5280 3343 5332 cap.
3377 5267 3429 5320 6.

2315 5342 2338 5370 θ
2368 5333 2499 5386 Cod.
2534 5334 2673 5387 Clar.
2708 5351 2782 5399 a.,
2820 5335 3171 5389 Not-incensis.
3221 5335 3371 5389 Colli.
3409 5346 3530 5402 tut.,
3563 5336 3813 5391 Nat-ieeu-

2242 5406 2331 5458 εἰσ.
2368 5404 2536 5457 Locus
2564 5412 2647 5458 est
2674 5407 2810 5471 apud
2843 5407 3104 5464 'l‘urones.
3131 5409 3284 5474 vulgo
3318 5405 3480 5461 Neuvi
3510 5408 3704 5471 dictus,
3732 5408 3813 5462 ubi

2244 5474 2505 5546 hodieque
2532 5475 2716 5529 visitur
2743 5476 2965 5531 ecclesia
2987 5478 3202 5546 antiqua
3232 5478 3292 5531 Β.
3319 5479 3545 5532 Αιιιιιεω
3574 5494 3745 5534 sacra.

2321 5544 2337 5583 ί
2374 5547 2501 5612 Ejus
2548 5562 2758 5598 sacrum
2803 5563 2998 5614 corpus
3041 5544 3554 5617 Constantinopolim
3589 5550 3811 5604 transla-

2246 5626 2353 5670 tum
2404 5627 2484 5670 est
2514 5632 2601 5669 an.
2636 5616 2757 5681 557,
2792 5619 2890 5671 sub
2938 5619 3250 5673 Constantio
3305 5622 3453 5687 inip.,
3486 5630 3539 5674 ut
3579 5622 3811 5676 scribunt

2243 5698 2451 5760 veteres
2499 5698 2764 5760 auctores.
2811 5688 2945 5742 Vide
2975 5690 3419 5760 Philostorgium,
3454 5691 3550 5747 lib.
3582 5709 3637 5747 ιιι
3667 5708 3809 5748 nuta.

2241 5758 2275 5810 2
2325 5769 2378 5814 et
2410 5759 2675 5815 'l‘hcodor.
2708 5761 3007 5831 Lectorem,
3038 5761 3129 5818 lib.
3159 5777 3219 5818 ιι.
