4132 6348
375 307 479 364 m5

1226 292 1727 373 nitentum-nun
1769 293 1894 348 me.
1936 304 1980 360 I.
2022 304 2113 365 DE
2150 306 2407 366 GLORIA
2446 306 2856 368 nanvvnun.

3542 318 3647 374 754

375 426 463 496 qui
497 434 601 478 tam
633 422 837 477 validus
884 422 1000 487 fuit,
1035 429 1092 478 ut
1121 422 1321 478 cadens
1353 437 1543 479 sonum
1590 422 1645 493 in
1696 420 1811 495 ipsa
1841 436 1961 492 quae
1988 426 2040 486 Α
2068 432 2246 479 tenum
2274 425 2465 495 pedum
2486 426 2765 481 altitudine
2791 440 2921 496 aqua
2946 426 3220 482 hauriatur
3240 440 3267 480 a
3295 429 3491 497 puteis,
3520 437 3643 506 tunc

378 524 559 588 parata
606 516 777 571 fuerat
824 517 1026 569 concha
1076 517 1362 585 proferret.
1413 516 1564 571 Tunc
1592 510 1765 570 ablata
1817 513 1963 570 febre

378 626 496 669 cum
522 611 667 665 otnni
711 610 921 666 dolore.
952 609 1069 664 navi
1101 619 1430 666 restauratur
1460 608 1737 667 incolumis
1764 619 1810 664 ι.

930 727 1158 783 CAPUT
1197 727 1417 784 XXXII.

880 839 957 894 De
989 839 1185 896 Tltoma
1220 842 1471 911 apostolo.

446 957 680 1013 Thomas
700 956 729 995 ι’
753 958 1025 1025 apostolus
1056 957 1206 1027 (Post
1232 975 1321 1014 an.
1353 957 1444 1025 66,
1471 957 1534 1012 21
1569 956 1740 1027 Dea),
1769 969 1959 1011 secun-

376 1054 499 1106 dum
551 1053 816 1119 passionis
867 1052 982 1121 ejus
1030 1052 1328 1119 historiam,
1360 1053 1414 1107 in
1446 1052 1591 1107 India
1623 1066 1813 1121 passus
1844 1065 1961 1105 esse

374 1127 695 1205 tit-elaraiur.
750 1151 913 1221 Cujus
943 1153 1154 1207 beatum
1186 1168 1385 1222 corpus
1418 1162 1536 1219 post
1563 1153 1788 1207 multum
1822 1160 1958 1206 tem-

376 1258 473 1313 pus
499 1254 827 1313 assumptum
861 1244 913 1298 in
942 1244 1177 1309 civitate,
1205 1260 1361 1313 quam
1391 1244 1512 1314 Syri
1535 1255 1557 1282 ε
1591 1244 1828 1297 Edissam
1861 1257 1957 1297 vo—

375 1349 515 1401 cant,
551 1340 867 1392 translatum
918 1346 1020 1403 est,
1056 1339 1233 1408 ibique
1267 1340 1560 1408 sepultum.
1593 1338 1731 1407 Ergo
1758 1336 1812 1390 in
1845 1336 1961 1388 loco

375 1433 606 1499 regionis
637 1430 821 1496 Indiae,
850 1448 953 1500 quo
985 1432 1134 1499 prius
1183 1431 1426 1501 quievit,
1462 1431 1841 1486 monasterium
1876 1428 1963 1481 ha-

377 1525 549 1586 betur,
578 1536 631 1577 et
661 1524 916 1590 templum
950 1525 1099 1577 miras
1128 1522 1531 1593 magnitudinis,
1566 1522 1959 1591 diligenterque

376 1626 691 1672 exivrnatnm
740 1626 897 1683 atque
945 1619 1323 1684 compositum.
1386 1615 1440 1669 In
1498 1616 1598 1669 hac
1647 1615 1804 1683 igitur
1848 1613 1963 1669 aede

376 1723 624 1777 magnum
656 1709 968 1763 miraculum
1015 1708 1157 1761 Deus
1178 1708 1438 1784 ostendit.
1472 1707 1723 1777 Lychnus
1750 1706 1947 1761 etenim

2064 518 2335 586 paululum
2384 520 2428 573 si
2488 519 2685 585 fodias,
2743 517 2941 574 all‘atim
2989 520 3235 591 lymphas
3283 522 3640 593 exuberantes

2064 611 2323 679 invenies,
2358 614 2496 682 quod
2526 630 2630 669 non
2660 615 2942 685 ambigitur
2972 616 3085 669 haec
3124 617 3320 670 virtute
3349 616 3488 671 beati
3513 632 3647 688 apo-

2062 703 2181 757 stoli
2232 704 2512 773 impertiri.
2561 707 2807 762 Decursis
2865 706 3026 779 igitur
3080 707 3381 764 festivitatis
3431 709 3642 777 diebus,

2063 796 2331 851 teloneum
2386 798 2653 865 publicum
2690 808 2714 847 8
2747 799 3029 866 redditur,
3080 815 3264 856 musca
3313 817 3432 871 qua:
3481 802 3646 858 defuit

2016 885 2021 888 ’
2063 889 2245 956 adest,
2296 891 2660 961 propinquitas
2707 908 2859 963 aquae
2908 892 3157 948 dehiscit.
3206 892 3409 949 Dehinc
3449 894 3645 949 emissa

2064 981 2319 1037 divinitus
2357 983 2535 1052 pluvia
2566 987 2637 1040 ita
2680 1001 2840 1041 omne
2883 988 3077 1042 atrium
3126 986 3307 1058 templi
3338 1003 3367 1049 a
3398 989 3646 1044 sordibus

2064 1083 2118 1129 et
2156 1074 2381 1131 diversis
2423 1078 2759 1148 squaloribus
2789 1081 2875 1147 qui
2914 1096 3008 1149 per
3059 1082 3174 1151 ipsa
3214 1081 3475 1137 solemnia
3522 1084 3644 1138 facti

2064 1177 2187 1222 sunt
2214 1169 2454 1237 mundat,
2481 1181 2534 1226 ut
2560 1180 2714 1243 putes
2735 1171 2911 1227 locum
2936 1188 3036 1228 nec
3059 1174 3224 1231 fuisse
3251 1174 3533 1230 calcatum.

2603 1305 2829 1361 CAPUT
2869 1305 3109 1363 XXXIII.

2476 1414 2552 1469 De
2579 1414 2959 1471 Bartholomwo
2986 1418 3238 1485 apostolo.

2136 1528 2581 1583 Bartholomaeum
2618 1529 2914 1597 apostolum
2949 1532 3085 1601 apud
3116 1531 3315 1586 Indiam
3344 1530 3372 1569 ιι
3400 1547 3645 1603 passum,

2064 1623 2251 1692 agonis
2285 1622 2451 1691 ipsius
2483 1631 2665 1678 narrat
2692 1622 2911 1677 historia
2943 1624 3102 1696 (δατ.
3132 1622 3173 1691 “ι,
3205 1622 3275 1680 24
3306 1626 3488 1695 Aug.).
3524 1625 3650 1680 Post

2066 1714 2353 1768 multorum
2382 1728 2511 1769 vero
2536 1730 2798 1769 annorum
2826 1717 2996 1785 spatia
3018 1717 3084 1771 de
3107 1717 3352 1787 passione
3374 1719 3507 1787 ejus,
3528 1734 3647 1773 cum

374 1803 503 1857 inibi
553 1800 789 1870 positus,
821 1810 981 1869 atque
1026 1800 1374 1862 illuminatus,
1409 1809 1533 1852 ante
1564 1799 1737 1852 locum
1780 1798 1960 1867 sepul-
1989 1816 2037 1878 Β
2063 1807 2227 1878 758
2269 1807 2457 1862 iterum
2507 1808 2825 1864 Christianis
2874 1811 3173 1878 persecutio
3219 1811 3554 1878 advenisset,
3596 1822 3651 1868 οι

376 1904 509 1950 tum
540 1895 704 1963 ipsius
752 1893 1133 1963 perpetualiter
1180 1892 1269 1946 die
1316 1902 1579 1960 noctuque
1616 1891 1798 1945 divino
1830 1900 1959 1944 nutu

374 1986 700 2057 resplendet,
747 2001 774 2039 a
802 1986 960 2057 757
1003 1985 1149 2039 nullo
1180 1984 1480 2038 fomentum
1533 1984 1637 2039 olei
1692 1984 1963 2051 scirpique

375 2083 650 2152 accipiens
678 2094 885 2147 :neqne
916 2088 1080 2134 vento
1125 2078 1495 2146 exstinguitur,
1528 2092 1702 2145 neque
1730 2091 1855 2131 casu
1884 2076 1964 2130 tli-

375 2173 591 2239 lahitnr,
642 2186 813 2241 neque
852 2170 1088 2225 ardendo
1137 2171 1422 2236 minuitur;
1470 2170 1734 2240 habetque
1786 2172 1959 2223 incre-

376 2274 617 2320 mentum
673 2279 770 2332 per
826 2263 1050 2331 apostoli
1109 2262 1399 2329 virtutem,
1431 2261 1569 2325 quod
1621 2262 1855 2316 nescitur
1894 2261 1961 2315 ab

381 2358 617 2421 homine,
660 2355 929 2423 cognitum
958 2364 1134 2409 tamen
1160 2352 1184 2390 ά
1218 2354 1444 2408 habetur
1470 2354 1660 2407 divinat
1693 2354 1962 2424 potentiaz.

380 2451 492 2506 Hoc
535 2448 851 2504 Theodorus
892 2449 979 2517 qui
1013 2448 1076 2500 ad
1111 2448 1282 2515 ipsum
1319 2447 1492 2500 locum
1525 2448 1780 2512 accessit,
1815 2447 1966 2501 nobis

377 2540 641 2611 exposuit.
695 2540 750 2592 In
797 2534 1096 2607 supradicta
1148 2540 1305 2606 igitur
1356 2538 1523 2602 urbe,
1554 2538 1605 2592 itt
1637 2553 1738 2607 qua
1786 2541 1968 2593 beatos

381 2644 528 2689 artus
556 2632 786 2686 diximus
819 2631 1127 2693 tumulatos,
1157 2628 1474 2683 adveniente
1508 2627 1817 2693 festivitate,
1852 2644 1966 2683 ma-

378 2740 514 2796 gnus
559 2734 875 2794 aggregatur
927 2724 1242 2793 populorum
1293 2732 1484 2785 castus,
1518 2736 1578 2776 ac
1626 2723 1693 2777 de
1740 2722 1967 2777 diversis

379 2818 689 2887 regionibus
719 2833 837 2871 cum
862 2818 999 2869 votis
1026 2818 1360 2884 negotiisque
1389 2816 1726 2870 venientibus
1761 2825 1783 2854 ο
1803 2859 1815 2882 ,
1850 2832 1967 2871 ven-

379 2910 540 2966 dendi
571 2907 1022 2977 comparandique
1052 2921 1148 2975 per
1179 2908 1397 2974 triginta
1423 2907 1539 2961 dies
1567 2909 1683 2961 sine
1709 2908 1813 2961 ulla
1846 2908 1972 2963 telo—

383 3002 467 3057 nei
489 3001 769 3055 exactione
800 3000 1009 3052 licentia
1042 2998 1215 3051 datur.
1241 2997 1297 3051 In
1322 2997 1405 3051 his
1434 3014 1563 3053 vero
1591 2998 1779 3054 diebus
1807 3001 1894 3067 qui
1919 3001 1972 3054 in

382 3109 567 3151 mense
599 3093 859 3147 habentur
897 3092 1081 3161 quinto
1108 3089 1151 3156 τ,
1175 3106 1362 3161 magna
1388 3103 1444 3147 et
1469 3091 1715 3145 inusitata
1760 3093 1972 3161 populis

384 3187 690 3257 praebentur
721 3186 997 3240 beneficia.
1025 3184 1138 3238 Non
1171 3184 1481 3238 scandalum
1512 3185 1679 3253 surgit
1709 3185 1759 3239 in
1788 3186 1964 3255 plebe,
1996 3199 2044 3263 ρ

386 3296 492 3335 non
524 3292 705 3333 musca
735 3277 927 3332 insidet
955 3277 1293 3331 mortificata:
1317 3276 1483 3339 carni,
1510 3292 1616 3331 non
1647 3278 1785 3332 latex
1817 3278 1961 3332 deest

385 3371 607 3427 sitienti.
638 3370 768 3424 Nam
800 3384 920 3423 cum
951 3368 1023 3423 ibi
1063 3368 1287 3438 reliquis
1315 3367 1501 3423 diebus
1529 3369 1807 3439 plusquam
1838 3384 1958 3425 cen-

456 3530 564 3584 l‘In
605 3528 839 3583 Clarom.
868 3541 896 3580 a
945 3526 1066 3581 huic
1112 3525 1268 3595 capiti
1318 3524 1658 3594 subjungitur
1700 3536 1859 3596 caput
1901 3528 1968 3584 de

383 3600 656 3656 miraculis
698 3599 870 3653 sancti
918 3597 1146 3652 Andreae
1191 3596 1453 3668 apostolt,
1487 3600 1626 3666 quod
1677 3608 1777 3665 est,
1807 3598 1964 3666 infra,

384 3682 545 3727 canut
572 3672 659 3727 79.

454 3690 676 3796 Ευῦιίὲέι
720 3742 822 3796 hoc
860 3748 1019 3805 caput
1059 3739 1112 3793 in
1159 3739 1308 3793 Colb.
1347 3746 1444 3793 tut.
1489 3748 1541 3793 et
1586 3738 1742 3792 simul
1784 3754 1905 3794 cum
1932 3741 1966 3792 Ξ).

382 3831 536 3884 seqq.
560 3815 610 3868 in
638 3813 783 3868 Clar.
817 3828 868 3866 a.
900 3813 955 3865 Itt
987 3810 1106 3865 aliis
1134 3809 1261 3884 Mss.
1294 3819 1454 3884 caput
1486 3810 1584 3884 hoc
1612 3808 1801 3884 induo
1830 3812 1967 3865 divi-

385 3882 561 3947 ditur;
596 3883 815 3938 alterius
846 3884 1027 3937 titulus
1054 3890 1135 3936 est
1160 3898 1173 3935 :
1202 3882 1278 3934 De
1322 3882 1501 3933 virtute
1531 3882 1753 3935 basilicae
1784 3882 1833 3934 in
1864 3900 1966 3951 qua

386 3969 563 4024 postea
634 3954 910 4007 translatus
963 3961 1057 4006 est.
1102 3952 1407 4024 Historiam
1479 3952 1738 4024 passionis
1795 3954 1963 4006 sancti

382 4021 604 4085 iI‘ltomae
636 4026 996 4079 attthenticam
1025 4023 1219 4076 nullam
1250 4022 1515 4075 novimus.
1541 4021 1756 4075 Certum
1786 4029 1961 4077 tamen

384 4101 593 4155 videtur
617 4099 764 4152 illum
797 4096 933 4165 apud
958 4094 1116 4148 Indos
1140 4092 1335 4147 Christi
1370 4093 1527 4146 Iidem
1558 4092 1962 4165 disseminasse,

382 4170 434 4228 id
464 4161 844 4225 attestantibus
866 4166 1120 4237 Gregorio
1160 4165 1515 4237 Nazianzeno,
1548 4172 1685 4218 orat.
1844 4165 1951 4237 llie.

382 4256 608 4311 ronymo
638 4239 796 4307 epist.
834 4239 953 4311 IIS,
978 4233 1264 4311 ’Atnbrosio
1288 4238 1336 4287 in
1363 4233 1707 4311 p‘s:tlnt._x1.v,
1745 4234 1962 4311 Paulino

383 4304 607 4381 aliisque
639 4304 840 4365 sanctis
888 4308 1244 4381 I'atribus,ges
1293 4304 1863 4381 quihusUGaudcntius
1910 4318 1963 4360 ct

382 4384 493 4449 alii,
524 4376 663 4437 'etnn
716 4380 1098 4436 vetustioribus
1154 4376 1584 4446 Martyrologiis,
1623 4377 1789 4449 aiunt
1828 4391 1960 4449 eum

384 4447 580 4510 ibidem
614 4453 772 4508 vitam
818 4452 1039 4513 (iniisse,
1072 4459 1126 4503 et
1153 4449 1366 4517 quidem
1414 4447 1693 4516 martyrio,
1727 4464 1793 4502 ex
1820 4447 1957 4517 Nilo,

385 4526 616 4587 Asterio,
652 4524 839 4578 eodem
868 4519 1186 4585 Gaudentio,
1221 4532 1323 4573 etc.

2067 1902 2307 1955 viderent
2330 1902 2553 1971 gentiles
2581 1918 2793 1957 omnem
2822 1903 3072 1972 populum
3103 1903 3168 1958 ad
3199 1904 3316 1974 ejus
3346 1906 3646 1974 sepulcrum

2065 2006 2413 2061 concurrere,
2441 1992 2597 2063 eique
2628 1994 3032 2061 deprecationes
3079 1994 3292 2050 assidue
3332 2006 3386 2050 et
3434 1997 3652 2053 incensa

2065 2091 2305 2153 deferre,
2339 2088 2536 2141 invidia
2585 2086 2781 2153 illecti,
2815 2085 3152 2141 abstulerunt
3195 2102 3387 2158 corpus
3427 2088 3571 2158 ejus,
3601 2099 3655 2145 et

2068 2194 2325 2255 ponentes
2374 2183 2427 2237 in
2481 2180 2871 2251 sarcopltagum
2920 2181 3261 2250 plumbeum,
3317 2182 3655 2252 projecerunt

2069 2277 2197 2332 illud
2231 2277 2281 2329 in
2314 2289 2481 2340 mare,
2510 2274 2749 2329 dicentes
2779 2290 2793 2328 :
2837 2273 2969 2340 Quia
3015 2289 3120 2328 non
3158 2273 3385 2330 seduces
3427 2277 3654 2345 amplius

2071 2371 2321 2440 papulum
2368 2377 2632 2423 nostrum.
2668 2367 2770 2422 Sed
2820 2367 3151 2438 providentia
3199 2368 3288 2423 Dei
3333 2378 3655 2440 cooperante

2068 2478 2168 2533 per
2192 2472 2460 2517 secretum
2491 2462 2671 2532 operis
2701 2461 2838 2531 ejus,
2864 2462 3253 2532 sarcophagum
3287 2462 3595 2532 plumbeum
3626 2479 3654 2519 a

2071 2556 2189 2610 loco
2230 2556 2323 2609 illo
2372 2556 2526 2624 aquis
2573 2554 2992 2610 subvehentibus
3034 2555 3391 2621 sublevatum,
3424 2553 3655 2610 delatum

2071 2659 2151 2703 est
2182 2648 2244 2700 ad
2276 2647 2523 2714 insulam,
2547 2646 2810 2703 vocabulo
2838 2645 3046 2718 Liparis
3070 2645 3114 2701 ί.
3136 2647 3557 2719 Revelatumque
3577 2657 3657 2706 est

2072 2739 2408 2804 Christianis,
2435 2750 2490 2794 ut
2517 2756 2638 2795 eum
2670 2740 2986 2811 colligerent
3018 2760 3031 2797 :
3064 2741 3451 2811 collectumque
3479 2756 3541 2795 ac
3571 2755 3659 2796 se-

2074 2836 2300 2904 pultum,
2321 2833 2725 2888 mdil‘teaverunt
2754 2849 2914 2902 super
2943 2849 3066 2888 eum
3099 2834 3356 2901 templum
3386 2848 3657 2902 magnum.

2074 2922 2131 2978 In
2164 2939 2268 2993 quo
2303 2938 2443 2977 nunc
2471 2923 2780 2991 invocatus,
2812 2924 3072 2993 prodesse
3102 2925 3315 2995 populis
3345 2924 3528 2981 multis
3556 2926 3659 2981 vir-

2078 3016 2280 3072 tutibus
2306 3030 2368 3071 ac
2398 3016 2671 3071 beneficiis
2704 3016 3031 3071 manifestat.

2589 3126 2817 3184 CAPUT
2850 3129 3066 3195 XXXIV
3094 3130 3134 3188 ἱ.

2472 3241 2550 3298 De
2580 3242 2843 3313 Stephano
2882 3253 3271 3316 protomartyrc.

2142 3361 2447 3433 Stephanus
2492 3370 2669 3418 autem
2721 3363 2927 3433 primus
2974 3366 3059 3420 vel
3106 3364 3363 3423 diaconus
3408 3365 3661 3426 Ecclesia

2068 3526 2284 3597 gorius,
2316 3523 2420 3580 alia
2458 3538 2567 3578 non
2600 3523 2683 3597 sit~
2716 3523 2787 3597 ab
2826 3538 2890 3579 ea
2917 3538 3038 3597 quae
3080 3524 3180 3597 sub
3208 3524 3397 3581 Abdite
3443 3529 3661 3585 nomine

2068 3595 2410 3668 vttlgatagest,
2449 3604 2629 3668 nostra
2672 3595 2829 3651 lectio
2857 3596 2960 3668 erit
3004 3595 3356 3665 prmferenda.
3406 3600 3459 3655 Itt
3494 3599 3663 3657 Editis

2069 3666 2226 3735 caput
2276 3666 2344 3719 55
2398 3676 2483 3722 est
2516 3667 2583 3721 de
2622 3675 2808 3721 sancto
2864 3666 3177 3734 Stephano,
3233 3678 3286 3721 et
3333 3684 3569 3738 sequens
3600 3673 3662 3726 de

2069 3747 2255 3793 sancto
2319 3738 2729 3792 Bartholomteo.
2803 3738 3251 3792 Bartholomteum
3313 3742 3449 3807 apud
3508 3741 3663 3795 Indos

2070 3811 2227 3865 ﬁdem
2257 3810 2605 3863 annuntiasse
2633 3816 2884 3863 constare
2914 3809 3124 3862 videtur
3163 3825 3229 3863 ex
3266 3811 3530 3875 Eusebio,
3568 3812 3662 3866 lib.

2069 3896 2124 3947 ν,
2176 3896 2309 3951 cap.
2344 3881 2454 3951 IO,_
2496 3879 2724 3951 Rufino,
2783 3879 2873 3951 lib.
2907 3882 3246 3951 tn,‘cap.yi,
3294 3882 3661 3951 Hieronymo,

2068 3965 2164 4006 seu
2190 3948 2527 4016 sophronio,
2558 3948 2625 4003 de
2658 3950 2794 4003 Viris
2823 3948 3104 4013 illustrib.,
3137 3949 3383 4017 Socratej,
3419 3948 3521 4005 etc'.
3556 3953 3661 4008 Sed

2070 4036 2173 4076 non
2204 4021 2339 4074 adeo
2402 4031 2606 4073 certum
2655 4030 2736 4073 est
2765 4034 2921 4089 quam
2972 4023 3241 4087 regionem
3293 4022 3367 4075 illi
3417 4034 3662 4079 auctores

2069 4092 2235 4147 Indiae
2276 4091 2492 4145 nomine
2531 4089 2812 4160 designare
2856 4090 3141 4145 voluerint.
3180 4090 3309 4145 Vide
3355 4092 3663 4152 Tillemont.

2070 4172 2218 4218 torno
2250 4163 2268 4216 l
2296 4162 2433 4215 llist.
2463 4162 2659 4215 eccles.

2145 4232 2160 4269 ί
2206 4231 2396 4301 Lipara
2436 4233 2607 4285 insula
2654 4232 2917 4300 praecipua
2958 4239 3041 4285 est
3080 4231 3380 4289 Eoliarum
3427 4235 3479 4290 in
3526 4238 3663 4293 mari

2066 4304 2379 4375 Tyrrheno,
2445 4302 2586 4357 haud
2652 4304 2836 4375 procul
2887 4318 2916 4357 a
2965 4302 3172 4369 Sicilia;
3222 4307 3493 4374 proprium
3538 4308 3664 4364 olim

2068 4374 2251 4430 habuit
2289 4375 2625 4442 episcopum,
2659 4374 2751 4429 sed
2792 4376 2909 4442 ejus
2937 4375 3273 4445 episcopatus
3305 4386 3488 4445 postea
3534 4379 3664 4433 Pae-

2067 4450 2225 4511 tensi,
2250 4446 2388 4499 Pattt’
2408 4490 2421 4511 ,
2454 4445 2505 4498 itt
2545 4460 2637 4499 ora
2663 4445 2858 4501 Siciliae
2883 4442 3061 4503 un'itus
3083 4442 3165 4502 est
3187 4465 3211 4499 a
3235 4442 3509 4503 Bo'nil'acio
3530 4450 3665 4507 VIII.

2068 4518 2251 4572 Sancti
2300 4515 2677 4570 Bartholouttei
2710 4518 3018 4582 sepulcrum
3063 4534 3203 4573 anno
3247 4520 3351 4574 808
3400 4535 3430 4574 a
3476 4521 3665 4577 Sarra-

459 4605 482 4633 ο
515 4584 728 4665 Aliquot
758 4594 884 4647 Mss.
913 4604 966 4647 et
995 4593 1117 4654 Εὐ..
1150 4584 1333 4665 Syr-im
1350 4587 1617 4665 Edessam,
1649 4587 1738 4641 ubi
1761 4589 1959 4644 sarculo
1992 4584 2043 4645 D
2069 4591 2217 4645 cenis
2239 4588 2497 4665 _vit_tlatum
2536 4597 2619 4641 est
2640 4627 2653 4651 ,
2686 4589 2908 4665 ejusque
2939 4603 3105 4643 sacra:
3137 4590 3373 4665 reliquias
3403 4606 3544 4665 anno
3576 4610 3667 4648 se-

352 4683 435 4722 .tv
466 4661 634 4721 sancti
690 4667 909 4719 Thomas
957 4680 1152 4733 corpus
1197 4661 1468 4717 exstitisse
1494 4666 1719 4715 constat
1753 4676 1817 4716 ex
1850 4664 1960 4716 tiu.

383 4741 510 4792 lino.
537 4750 638 4791 etc.

451 4781 733 4877 ΓᾸὶἷάυυι
759 4806 937 4872 scripti
971 4812 1025 4860 et
1053 4805 1189 4860 Editi
1211 4844 1225 4869 ,
1259 4804 1516 4877 cognitum
1541 4811 1764 4877 tantum.

453 4890 476 4916 ο
534 4873 645 4933 Bal.
680 4921 694 4943 ,
774 4876 1266 4945 negotiatoribusque
1324 4873 1660 4927 uenientibus.
1741 4873 1960 4942 Aliquot

384 4952 585 5017 scripti,
614 4949 922 5016 negotiisque
942 4948 1213 5000 venientes.
1240 4945 1537 5014 Negotium,
1563 4960 1660 5017 pro
1690 4946 1958 5017 mercede,

381 5031 472 5072 aut
495 5014 559 5073 re
590 5014 799 5081 venali,
830 5014 1146 5085 quandoque
1172 5017 1371 5069 assumi
1402 5024 1554 5071 notat
1592 5014 1882 5083 Biguonius
1906 5016 1956 5067 in

386 5090 503 5143 Vet.
540 5087 775 5142 Formul.
808 5102 927 5151 cap.
956 5086 1043 5137 dii.

460 5160 476 5198 ί
521 5160 615 5214 llic
653 5158 851 5211 mensis
883 5156 1033 5225 juxta
1075 5156 1329 5226 Syrorum
1376 5164 1715 5221 computum,
1750 5152 1971 5226 quigan-

386 5250 511 5288 num
543 5250 572 5286 a
605 5224 891 5285 Novembri
921 5224 1239 5279 inchoabant
1260 5266 1274 5286 ,
1307 5235 1391 5279 est
1420 5226 1670 5287 Mat-tius,
1704 5240 1809 5291 quo
1838 5224 1958 5294 Syri

387 5306 575 5358 l'estum
593 5299 760 5356 sancti
790 5299 1009 5353 'I‘homze
1038 5296 1412 5359 celebrabant,
1448 5306 1502 5348 ut
1534 5303 1761 5363 patetcx
1781 5310 1967 5348 eorum

384 5373 703 5429 Kalentlario
732 5371 871 5442 quod
909 5367 1282 5442 Genebrardus
1311 5366 1476 5420 edidit
1520 5366 1779 5442 Lugduni
1800 5366 1965 5442 ιβιδ,

386 5447 541 5501 simul
569 5462 688 5500 cum
722 5435 817 5495 suo
858 5443 907 5495 in
943 5441 1182 5495 Psaltnos
1210 5437 1591 5509 commentario
1623 5455 1633 5487 :
1668 5435 1841 5505 Latini
1882 5447 1964 5509 ta-_

387 5533 505 5571 tuen
544 5518 628 5569 dic
669 5513 884 5578 SJulii,
933 5527 1025 5565 seu
1071 5507 1510 5578 tnensis’qninti.
1560 5511 1749 5562 lestum
1798 5507 1969 5563 sancti

383 5588 633 5651 'I‘itomze,
666 5585 912 5638 nimirum
946 5582 1363 5644 Translationis,
1392 5580 1686 5635 celebrant.

454 5668 480 5707 8
521 5660 655 5718 Alii,
688 5655 909 5722 publice,
943 5670 1034 5714 seu
1066 5652 1282 5723 publica.

455 5725 481 5767 ¹³
522 5730 607 5784 Sic
644 5719 799 5781 Mart.
841 5734 895 5778 et
939 5719 1092 5778 CIict.
1144 5724 1333 5779 Galeri
1372 5722 1469 5777 Ed.
1498 5730 1551 5777 et
1573 5719 1794 5791 scripti,
1828 5721 1969 5789 apud

383 5801 581 5860 Asiam.
614 5798 669 5856 Si
705 5794 965 5871 passionis
994 5794 1244 5865 historia,
1289 5810 1448 5865 quam
1493 5794 1579 5850 hic
1618 5791 1797 5848 laudat
1836 5792 1965 5849 Gre.

2066 4660 2659 4732 quentiABeneventum
2706 4660 2976 4732 translatae
3028 4670 3193 4726 sunt,
3222 4662 3385 4732 Aunde
3439 4662 3665 4719 Romam

2068 4730 2241 4786 allata:
2271 4730 2489 4785 fuerttnt
2516 4732 2583 4784 ab
2605 4734 2800 4785 Uttone
2832 4730 2890 4783 III
2910 4773 2924 4797 ,
2954 4740 3113 4801 atque
3134 4733 3185 4784 in
3218 4730 3389 4784 insula
3413 4732 3665 4790 Tiberina

2069 4804 2330 4872 depositae
2358 4844 2372 4866 ,
2426 4803 2512 4855 ubi
2567 4801 2874 4872 etiamnunc
2912 4812 3260 4856 asservantur
3286 4838 3305 4856 .
3352 4802 3666 4859 Theodorus

2066 4871 2264 4930 Laetor
2288 4873 2379 4928 lib.
2401 4888 2439 4926 tt
2460 4872 2641 4926 scribit
2664 4871 2833 4941 sancti
2854 4873 3227 4927 Bartholomri
3251 4872 3503 4941 reliquias
3525 4889 3665 4929 anno

2070 4945 2198 5014 circ.
2231 4942 2335 4996 508
2360 4945 2409 4996 in
2443 4944 2627 4997 urbem
2660 4940 3123 4998 Daras‘Anastasii
3155 4944 3284 5014 imp.
3299 4943 3453 5014 jussu
3486 4955 3663 5001 trans-

2073 5012 2207 5068 latas
2234 5014 2415 5066 fuisse.

2158 5087 2173 5133 t
2226 5083 2334 5136 lloc
2386 5082 2441 5135 in
2494 5083 2670 5151 capite
2716 5083 3038 5150 Gregorius:
3060 5093 3323 5140 memorat
3382 5086 3664 5143 ecclesiam

2072 5156 2241 5208 sancti
2266 5154 2554 5221 Stephani,
2586 5168 2742 5222 quam
2774 5155 2912 5220 apud
2940 5153 3255 5209 Turonicam
3278 5157 3453 5210 urbem
3496 5160 3664 5213 exsu-

2075 5225 2205 5297 tisse
2241 5225 2409 5297 dicit;
2438 5224 2586 5279 addit
2631 5234 2805 5278 tamen
2837 5226 2993 5294 paulo
3047 5237 3165 5295 post
3204 5243 3263 5282 se
3311 5236 3428 5297 post
3470 5232 3657 5284 multos

2075 5296 2183 5350 dies
2225 5297 2291 5349 ad
2332 5296 2505 5348 urbem
2545 5312 2855 5364 regressum.
2889 5304 3027 5362 etc.;
3060 5314 3178 5367 qua:
3213 5296 3405 5365 verba,
3452 5302 3552 5355 nisi
3595 5303 3663 5356 de

2074 5368 2179 5420 alio
2208 5368 2458 5435 quopiam
2490 5367 2678 5421 itinere
2717 5368 3063 5434 intelligenda
3088 5370 3195 5425 sint
3216 5414 3230 5438 ,
3259 5370 3497 5426 indicant
3540 5388 3662 5427 ora-

2078 5438 2273 5491 torium
2299 5438 2469 5507 ipsuut
2493 5446 2641 5492 extra
2668 5439 2853 5492 urbem
2880 5441 2931 5492 in
2957 5441 3073 5493 vico
3094 5441 3273 5509 aliquo
3294 5441 3452 5497 situm
3477 5444 3661 5499 fuisse.

2075 5509 2545 5583 Caeterumexsmt
2575 5510 2835 5577 hodieque
2863 5512 3001 5579 apud
3032 5512 3274 5566 Turonos
3301 5512 3441 5567 haud
3470 5517 3659 5583 procul

2074 5596 2105 5635 a
2148 5580 2399 5656 primario
2425 5580 2587 5656 urbis
2635 5583 2830 5646 templo
2869 5583 3094 5637 ecclesia
3141 5584 3310 5638 sancti
3360 5580 3661 5656 Stephani,

2078 5652 2367 5727 parocltiali
2402 5652 2553 5705 titulo
2576 5656 2815 5727 gaudens
2836 5692 2851 5720 ,
2882 5667 3000 5723 quae
3023 5656 3169 5711 urbis
3201 5664 3371 5727 porta:
3400 5652 3657 5715 et'vic‘tno

2077 5724 2335 5779 suburbio
2364 5738 2561 5779 nomen
2595 5721 2801 5779 tribuit.
