4132 6348
564 352 666 409 735

1616 348 1673 403 S.
1719 341 2047 401 GREGORII
2090 337 2389 397 EPISCOPI
2428 337 2856 400 TURONENSIS

3722 340 3849 398 7‘56

559 481 761 531 sanctze
790 471 871 527 vel
906 469 996 544 [Id
1023 477 1115 535 est,
1135 468 1209 542 et]
1238 474 1437 539 martyr
1464 463 1781 535 (An.33,20
1812 462 1985 532 Dcc.),
2004 459 2141 531 apud
2170 461 2218 519 A
2252 466 2427 514 autem
2461 459 2678 526 urbem,
2707 474 2841 514 anus
2869 458 3113 529 quaedam
3146 468 3360 530 gravata
3389 460 3577 529 senio,
3602 462 3695 518 sed
3731 464 3853 521 fide

558 568 952 637 Jerosolymam
974 605 989 631 ,
1017 567 1158 620 sicut
1184 579 1333 619 sacra
1363 562 1739 632 Apostolorum
1772 566 1949 613 narrat
1974 558 2141 611 histo—

558 664 637 719 ria
671 663 811 731 (Act.
844 676 925 726 vr,
962 660 1047 728 7),
1080 672 1175 725 pro
1206 657 1420 710 nomine
1450 664 1635 708 sancto
1664 649 1894 714 Christi,
1926 664 2083 719 quem
2111 663 2141 701 a

556 754 762 810 dextris
792 752 1003 806 virtutis
1030 748 1256 820 spiritali
1285 744 1739 813 contemplatione
1764 740 2039 805 cernebat,
2066 739 2140 792 la—

556 846 769 917 pidibus
800 854 884 900 est
914 844 1135 897 obrutus
1158 884 1172 908 ,
1207 856 1301 910 pro
1332 837 1763 909 persecutoribus
1808 836 1975 902 ipsam
2017 846 2143 901 sup-

554 939 759 1009 plicans
808 936 1162 1007 Majestatem.
1208 935 1445 1003 Denique
1495 940 1608 987 erat
1655 928 1952 985 oratorium
2000 926 2141 997 apud

554 1031 746 1086 Urbem
776 1028 1101 1085 Turonicam
1123 1068 1137 1093 ,
1172 1027 1240 1083 ab
1279 1026 1508 1096 antiquis
1539 1023 1654 1093 ejus
1685 1021 1888 1077 nomini
1928 1020 2143 1076 dedica-

558 1133 669 1179 tum
692 1164 706 1187 ,
731 1124 873 1194 quod
906 1139 1003 1178 nos
1034 1137 1323 1192 parumper
1348 1120 1602 1191 jussimus
1638 1116 1958 1188 prolongari.
1992 1113 2143 1183 Quod

554 1229 677 1270 cum
706 1214 900 1271 factum
934 1214 1154 1279 fuisset,
1188 1213 1359 1267 altare
1399 1221 1456 1266 ut
1484 1220 1600 1266 erat
1630 1210 1895 1277 integrum
1930 1208 1983 1261 in
2021 1215 2145 1261 ante

556 1309 945 1378 promovimus.
979 1308 1333 1377 Requirentes
1378 1320 1506 1360 vero
1554 1305 1607 1359 in
1658 1303 1860 1368 loculo,
1898 1302 2031 1356 nihil
2078 1301 2146 1356 de

554 1402 868 1472 pignoribus
928 1401 1134 1455 sanctis
1186 1400 1327 1469 quod
1382 1398 1520 1453 fama
1575 1396 1781 1453 ferebat
1824 1395 2143 1465 reperimus.

558 1494 710 1550 Tunc
738 1496 859 1549 misi
892 1511 1055 1549 unum
1085 1510 1151 1549 ex
1178 1493 1459 1549 abbatibus
1477 1532 1491 1558 ,
1519 1500 1575 1547 ut
1600 1491 1666 1547 ab
1692 1490 1929 1545 oratorio
1956 1492 2147 1544 domus

555 1588 940 1643 ecclesiastica:
983 1587 1140 1641 nobis
1168 1587 1285 1657 ejus
1315 1586 1569 1655 reliquias
1600 1584 1913 1651 exhiberet,
1943 1582 2147 1636 oblitus

554 1694 675 1736 sum
709 1689 884 1734 tamen
910 1680 1114 1735 clavem
1147 1694 1320 1749 capsa:
1352 1678 1776 1746 porrigere,qu:e
1807 1675 2023 1745 cingulo
2052 1676 2148 1728 de-

554 1772 841 1842 pendebat.
870 1773 1032 1844 759
1052 1773 1286 1828 Veniens
1308 1785 1437 1825 vero
1462 1769 1644 1833 abbas,
1666 1769 1843 1823 ablato
1870 1768 1938 1821 ab
1970 1780 2148 1820 arma-

2246 552 2437 605 mentis
2468 551 2691 619 integrae
2717 551 3016 611 sublevata.
3040 550 3125 605 cui
3151 566 3266 605 mos
3296 561 3411 605 erat
3442 552 3492 605 in
3524 564 3851 611 sanctorum

2245 643 2503 709 basilicis,
2525 644 2686 714 760
2716 644 2878 697 misso
2908 643 3028 697 oleo
3059 643 3280 714 lychnos
3311 644 3624 712 accendere,
3644 656 3699 701 ut
3732 648 3849 705 hoc

2246 735 2514 803 negotium
2539 744 2739 803 ageret,
2763 743 2918 789 nocte
2949 734 3245 803 Dominica,
3268 734 3408 790 beati
3437 735 3579 791 [ἐιιὶ
3604 740 3853 808 apostoli

2248 828 2520 883 basilicam
2554 829 2796 899 ingressa
2825 839 2926 884 est.
2961 828 3131 898 Hujus
3158 829 3300 883 enim
3331 830 3529 898 altare,
3565 834 3758 903 positis
3792 835 3849 891 in

2247 922 2413 977 altum
2443 922 2663 992 pulpitis
2691 932 2737 988 ο,
2771 922 3003 977 locatum
3044 922 3271 977 habetur
3298 939 3313 978 :
3343 925 3494 993 cujus
3535 940 3660 995 pars
3702 927 3853 985 infe-

2246 1014 2358 1069 rior
2382 1013 2435 1068 in
2467 1018 2681 1069 modum
2710 1024 2911 1086 crypta:
2940 1014 3079 1069 ostio
3104 1014 3391 1080 clauditur,
3415 1016 3615 1074 habens
3643 1021 3854 1075 nihilo-

2249 1106 2426 1162 minus
2474 1114 2529 1162 et
2582 1105 2696 1173 ipsa
2746 1121 2866 1160 cum
2917 1115 3225 1159 sanctorum
3275 1107 3851 1177 pignoribusdaltare

2248 1213 2422 1255 suum.
2467 1200 2521 1253 In
2550 1200 2685 1254 hanc
2715 1197 3034 1257 venerabilis
3072 1198 3265 1256 mulier
3303 1200 3369 1253 ad
3400 1202 3809 1257 accendendum
3831 1243 3848 1266 ,

2250 1299 2308 1344 ut
2337 1289 2574 1344 diximus
2593 1329 2609 1355 ,
2644 1290 2821 1347 lumen
2853 1292 3045 1347 devota
3071 1292 3385 1359 descendit,
3414 1308 3571 1346 unam
3602 1302 3849 1347 tantum.

2251 1382 2414 1437 modo
2445 1382 2648 1438 habens
2680 1385 2967 1453 puellulam
2994 1385 3049 1441 in
3074 1386 3334 1441 comitatu
3364 1399 3483 1440 suo.
3522 1387 3673 1452 Quod
3706 1401 3850 1456 opus

2251 1474 2376 1529 dum
2407 1483 2612 1544 ageret,
2640 1486 2698 1529 et
2720 1491 2824 1530 nox
2851 1476 3145 1533 adveniens
3173 1479 3426 1533 tnundum
3460 1480 3695 1535 tenebris
3715 1495 3851 1548 cpe-

2252 1567 2475 1629 ruisset,
2520 1567 2838 1624 accedentes
2880 1570 3096 1637 clerici,
3138 1570 3295 1625 dictis
3331 1572 3651 1641 psalmorum
3687 1573 3848 1642 capi-

2250 1660 2397 1725 tulis,
2426 1658 2675 1717 obserato
2696 1671 2898 1733 crypta:
2922 1664 3081 1728 ostio,
3114 1662 3501 1729 discesserunt,
3534 1666 3848 1734 ignorantes

2253 1751 2541 1806 introrsum
2571 1767 2689 1808 esse
2720 1753 3020 1808 mulierem.
3046 1755 3114 1809 At
3143 1754 3231 1809 illa
3257 1770 3483 1810 accenso
3513 1757 3749 1821 lumine,
3773 1757 3841 1810 ad

553 1863 638 1917 rio
667 1863 871 1931 sigillo,
908 1879 1124 1931 capsam
1158 1862 1359 1926 reperit
1388 1860 1711 1915 obseratam.
1743 1859 1881 1925 Quid
1912 1858 2139 1913 faceret?

2252 1844 2446 1898 ostium
2479 1854 2760 1914 pr0perat,
2786 1856 2843 1900 ut
2872 1847 3236 1917 egrederetur.
3266 1849 3417 1917 Quod
3448 1866 3569 1906 cum
3593 1851 3838 1905 clausum

554 1954 682 2022 quid
715 1956 933 2021 ageret?
963 1956 1014 2009 in
1044 1954 1294 2022 ambiguo
1328 1952 1681 2021 dependebat.
1712 1951 1767 2007 Si
1795 1951 1859 2004 ad
1894 1950 1979 2005 me
2010 1950 2149 2005 redi-

553 2054 669 2109 ret,
704 2044 915 2112 longum
948 2054 1063 2098 erat
1094 2044 1276 2097 venire
1306 2053 1360 2097 et
1390 2043 1615 2107 reverti;
1648 2043 1692 2097 si
1724 2042 1893 2111 ipsam
1935 2056 2149 2110 capsam

562 2134 869 2200 exhiberet,
901 2136 1183 2190 molestum
1215 2134 1345 2189 mihi
1374 2149 1496 2189 esse
1526 2141 1769 2200 noverat,
1800 2135 1923 2203 quia
1956 2134 2148 2188 multo-

556 2242 674 2281 rum
695 2227 765 2281 ibi
784 2238 1086 2282 sanctorum
1119 2228 1338 2297 pignora
1364 2227 1712 2289 tenebantur;
1735 2226 1778 2280 si
1801 2241 1904 2279 non
1929 2224 2147 2289 faceret,

552 2317 849 2389 jussionem
874 2336 1030 2392 quam
1053 2331 1332 2390 acceperat
1356 2336 1460 2375 non
1485 2319 1758 2389 implebat.
1781 2320 1915 2386 Quid
1944 2320 2148 2374 multa?

556 2410 684 2465 dum
707 2427 923 2481 capsam
954 2412 1004 2466 in
1034 2427 1193 2465 manu
1219 2412 1468 2466 dubitans
1492 2411 2148 2475 retineret,resilieutibus

552 2517 673 2558 cum
691 2505 867 2559 sonitu
895 2504 1181 2574 repagulis,
1205 2520 1420 2573 capsam
1444 2504 1633 2571 aSpicit
1657 2512 1970 2557 reseratam.
1996 2503 2147 2557 Tunc

561 2608 682 2647 eum
712 2595 1005 2662 gratiarum
1036 2595 1249 2648 actione
1277 2604 1579 2661 assumptas
1608 2593 1859 2661 reliquias
1890 2608 1994 2647 non
2028 2593 2145 2647 sine

552 2686 740 2754 grandi
774 2684 1133 2740 admiratione
1165 2685 1318 2739 nobis
1348 2684 1621 2751 exhibuit,
1652 2699 1786 2753 quas
1830 2698 1957 2749 nos,
1989 2684 2145 2740 dictis

557 2776 758 2843 missis,
786 2777 1014 2833 Domino
1038 2780 1283 2849 jubentc,
1315 2779 1690 2848 plantavimus.
1723 2778 2021 2849 Regressus
2047 2794 2145 2835 au-

555 2878 665 2924 tem
695 2880 815 2941 post
847 2872 1041 2925 multos
1074 2871 1189 2926 dies
1217 2872 1282 2926 ad
1316 2873 1533 2939 urbem,
1565 2887 1781 2942 capsam
1822 2874 2029 2941 reperi,
2060 2888 2147 2929 re-

554 2959 715 3016 ducto
764 2961 1008 3029 pessulo,
1034 2963 1171 3016 sicut
1215 2962 1539 3031 reliqueram
1559 3006 1572 3029 ,
1608 2962 1929 3019 obseratam.
1960 2962 2089 3017 Pars
2117 2972 2143 3001 ι

552 3052 697 3107 enim
725 3052 865 3107 beati
894 3055 1169 3122 sanguinis
1198 3056 1528 3110 sacrosancti
1562 3055 1738 3109 levita:
1770 3056 1927 3125 hujus
1946 3096 1963 3123 ,
1998 3056 2139 3111 sicut

550 3148 764 3203 celebre
793 3146 980 3214 fertur,
1005 3148 1056 3203 in
1087 3148 1237 3202 altari
1264 3148 1510 3218 Biturigae
1536 3148 1779 3204 ecclesia:
1810 3148 2135 3203 continetur.

2254 1949 2375 1991 esse
2407 1938 2696 2004 sensisset,
2726 1952 2884 1992 voces
2926 1940 3154 2005 emittit,
3184 1942 3275 2011 qui
3318 1942 3369 1995 ei
3396 1941 3611 2012 aperire
3649 1942 3848 1999 debeat

2252 2043 2314 2083 ex
2352 2030 2565 2085 nomine
2597 2039 2769 2086 vocat.
2814 2031 2922 2086 Sed
2953 2048 3073 2087 eum
3106 2048 3211 2087 non
3242 2044 3387 2089 esset
3415 2051 3521 2089 vox
3556 2051 3666 2105 prae
3696 2037 3847 2093 senio

2252 2121 2325 2177 ita
2358 2123 2561 2188 valida,
2594 2139 2714 2193 qua:
2762 2134 2947 2194 posset
2991 2139 3274 2196 penetrare
3322 2128 3438 2183 haec
3487 2130 3751 2186 claustra.
3782 2136 3849 2187 At

2250 2215 2342 2270 ubi
2370 2230 2430 2271 se
2475 2217 2645 2272 sensit
2676 2234 2706 2272 a
2736 2220 2886 2274 nullo
2915 2220 3122 2289 audiri,
3150 2231 3413 2292 prostrata
3452 2224 3504 2278 in
3541 2225 3848 2295 pavimento

2251 2310 2480 2379 quievit,
2532 2312 2717 2367 dicens
2752 2331 2764 2365 :
2815 2313 3083 2382 Deprecer
3127 2325 3152 2354 ο
3195 2332 3291 2386 pro
3333 2318 3567 2388 peccatis
3617 2319 3755 2376 meis
3798 2328 3849 2375 et

2252 2403 2431 2473 populi
2477 2404 2759 2460 Dominum
2812 2409 3054 2463 onmium
3102 2418 3443 2479 creatorem,
3496 2413 3847 2484 quoadusque

2252 2500 2434 2554 veniat
2462 2500 2552 2570 qui
2583 2516 2827 2557 reserare
2854 2503 3051 2558 debeat
3087 2504 3245 2574 bujus
3271 2506 3401 2560 aedis
3433 2508 3760 2574 ingressum.
3793 2510 3847 2565 In

2248 2605 2350 2660 qua
2373 2592 2619 2648 oratione
2643 2594 2933 2659 excubans,
2952 2595 3082 2650 vidit
3104 2597 3244 2651 circa
3267 2597 3498 2653 medium
3520 2599 3631 2655 fere
3652 2603 3845 2667 noctis,

2248 2686 2534 2757 patefactis
2562 2687 2713 2743 ostiis
2734 2729 2747 2751 ,
2783 2703 2995 2744 omnem
3027 2690 3305 2745 basilicam
3339 2692 3603 2748 immenso
3646 2693 3847 2749 lumine

2248 2778 2532 2851 effulgere.
2566 2780 2636 2834 Et
2664 2794 2789 2835 ecce
2815 2780 3015 2835 chorus
3051 2782 3395 2851 psallentium
3442 2785 3532 2853 qui
3573 2786 3846 2855 ingressus

2247 2869 2526 2926 basilicam
2567 2870 2612 2938 ί,
2656 2880 2975 2943 postquam,
3016 2873 3154 2928 dicta
3187 2874 3355 2943 gloria
3385 2876 3666 2942 Trinitati,
3700 2880 3847 2946 psal-

2249 2961 2401 3018 lentii
2456 2963 2753 3019 modulatio
2800 2966 3145 3033 conquievit,
3174 2967 3386 3021 audivit
3429 2968 3564 3021 viros
3601 2983 3844 3038 conque-

2246 3064 2425 3109 rentes
2458 3054 2595 3109 inter
2628 3068 2713 3120 se,
2747 3063 2904 3124 atque
2935 3057 3175 3112 dicentes
3211 3074 3225 3113 :
3256 3057 3459 3113 Moram
3490 3058 3643 3113 nobis
3679 3074 3839 3115 sanc-

2250 3156 2332 3203 tus
2364 3146 2489 3202 facit
2520 3147 2682 3203 levita
2715 3147 3040 3217 Stephanus.
3086 3148 3204 3204 Jam
3258 3151 3400 3205 enim
3441 3152 3573 3206 alias
3611 3153 3845 3208 debeba-

550 3241 778 3310 Quidam
829 3252 1006 3299 autem
1059 3254 1301 3314 tempore
1348 3246 1545 3300 Felicis
1594 3246 1829 3316 episcopi
1860 3245 1909 3313 ι),
1939 3247 2145 3302 vicinos
2174 3234 2220 3299 C
2251 3253 2370 3293 mus
2396 3239 2546 3294 adire
2572 3240 2850 3308 basilicas,
2885 3249 2941 3296 et
2970 3257 3076 3296 non
3103 3256 3412 3311 possumus,
3441 3244 3546 3298 nisi
3578 3244 3669 3299 ille
3700 3246 3843 3313 prius

548 3348 677 3390 suos
704 3336 933 3405 quodam
962 3351 1058 3405 pro
1086 3338 1312 3392 crimine
1341 3336 1630 3405 impetebat
1664 3355 1677 3394 :
1710 3354 1844 3409 quos
1872 3355 1991 3395 cum
2022 3342 2140 3412 ple-

549 3441 778 3497 rumque
807 3430 983 3483 verbis
1020 3430 1336 3499 procacibus
1363 3431 1683 3497 lacesseret,
1714 3447 1777 3487 ac
1802 3432 2005 3503 judicio
2035 3451 2145 3504 pu-

550 3520 693 3575 blico
724 3531 1069 3590 provocaret,
1100 3522 1377 3578 decretum
1409 3532 1492 3577 est
1521 3524 1788 3579 sententia
1837 3526 2137 3595 primorum

549 3612 722 3680 urbis,
742 3622 798 3668 ut
821 3630 881 3669 se
906 3614 973 3668 ab
998 3614 1095 3669 hac
1119 3629 1255 3669 noxa
1277 3618 1363 3685 qui
1389 3616 1780 3685 impetebantur
1804 3627 2142 3673 sacramento

551 3713 860 3774 purgarent.
878 3706 1215 3778 lngressique
1244 3709 1296 3763 in
1329 3707 1486 3776 hujus
1510 3717 1819 3763 memoratae
1847 3709 1978 3764 aedis
2010 3710 2141 3764 alta-

547 3810 631 3863 re,
651 3811 771 3851 cum
799 3798 1022 3854 elevatis
1044 3800 1289 3855 manibus
1310 3809 1645 3858 sacramenta
1669 3802 1990 3871 proferrent,
2016 3819 2139 3873 pro-

548 3898 767 3943 secutor
812 3905 990 3946 causa:
1041 3892 1345 3962 perjurasse
1392 3908 1485 3949 eos
1524 3894 1669 3949 clara
1714 3910 1846 3951 voce
1892 3905 2139 3952 testatur.

548 3980 849 4053 Statimque
880 3984 1103 4040 elevatis
1132 3985 1185 4039 in
1216 3986 1447 4041 sublime
1474 3985 1722 4057 pedibus,
1742 3986 1796 4041 in
1827 4002 1947 4042 aera
1980 4004 2143 4043 excu-

549 4074 704 4139 titur,
732 4091 793 4130 ac
820 4076 963 4132 illiso
992 4079 1168 4147 capite
1199 4078 1253 4133 in
1285 4079 1623 4148 pavimento,
1656 4094 1789 4149 pene
1819 4080 2082 4135 exanimis
2110 4096 2141 4135 a

546 4168 920 4225 circumstant!
976 4171 1128 4227 turba
1176 4174 1525 4243 conspicitur.
1579 4174 1705 4229 Post
1754 4174 1980 4230 duarum
2031 4176 2141 4230 fere

552 4257 807 4316 horarum
839 4265 1103 4333 spatium,
1137 4280 1255 4321 cum
1288 4267 1354 4322 ad
1385 4267 1641 4338 liquidum
1674 4277 1953 4337 putaretur
1981 4267 2142 4337 spiri-

551 4363 664 4409 tum
695 4357 975 4421 exhalare,
1007 4361 1205 4428 apertis
1232 4361 1401 4415 oculis
1422 4403 1437 4428 ,
1469 4362 1672 4418 crimen
1703 4359 1921 4428 fatetur,
1953 4376 2012 4415 se
2058 4362 2141 4416 in-

550 4447 691 4514 juste
724 4445 972 4516 fatigasse
1000 4450 1266 4516 homines,
1296 4451 1378 4505 vel
1413 4452 1775 4519 proclamasse
1804 4452 2015 4518 noxios,
2046 4453 2141 4508 de-

551 4534 813 4600 claravit;
845 4538 1030 4607 sicque
1068 4540 1259 4595 laxatis
1307 4542 1624 4612 insontibus,
1657 4543 1996 4598 manifestato
2044 4560 2142 4597 no-

2248 3331 2334 3399 qui
2363 3332 2698 3400 prsestolatur
2724 3332 2996 3388 adveniat.
3028 3333 3153 3389 Haec
3178 3334 3322 3391 enim
3359 3335 3551 3391 crebro
3576 3346 3841 3404 .repeten-

2249 3422 2420 3489 tibus,
2452 3424 2666 3480 advenit
2705 3424 2784 3479 vir
2812 3425 2989 3479 subito
3031 3426 3083 3480 in
3124 3435 3275 3481 veste
3323 3427 3475 3494 alba;
3521 3428 3675 3499 cujus
3723 3443 3843 3498 per-

2246 3528 2433 3570 sonam
2459 3516 2634 3570 omnis
2665 3516 2753 3571 illa
2782 3531 3044 3573 venerans
3069 3518 3355 3574 multitudo
3384 3520 3640 3575 salutavit
3670 3522 3844 3577 humi-

2246 3608 2389 3673 liter,
2420 3609 2602 3663 dlcens
2634 3627 2648 3664 :
2682 3609 2912 3666 Benedic
2942 3611 3117 3683 nobis,
3164 3626 3317 3667 sacer
3358 3626 3422 3667 ac
3464 3622 3649 3669 sancte
3681 3614 3843 3669 levita

2247 3701 2541 3771 Stephane.
2577 3705 2648 3757 At
2685 3703 2777 3758 ille
2822 3704 3013 3758 iterum
3062 3704 3299 3761 salutans
3324 3715 3371 3771 ε,
3404 3705 3525 3760 data
3566 3706 3841 3770 oratione,

2245 3794 2601 3865 interrogatus
2615 3795 2683 3850 ab
2702 3796 2781 3849 eis
2792 3809 2926 3850 cura
2941 3796 3243 3851 visitatione
3257 3797 3495 3852 locorum
3513 3798 3673 3869 761
3691 3813 3843 3854 sanc-

2246 3896 2417 3941 tormu
2454 3888 2723 3956 paululum
2754 3888 3116 3956 retardasset,
3148 3889 3426 3959 respondit
3456 3906 3470 3943 :
3500 3888 3659 3945 Navis
3690 3892 3838 3947 enim

2245 3980 2299 4035 in
2346 3983 2478 4035 mari
2530 3981 2825 4051 periculum
2877 3981 3234 4038 demersionis
3278 3984 3608 4051 incurrerat,
3663 3984 3844 4054 ibique

2246 4075 2521 4128 invocatus
2562 4074 2705 4129 astiti
2730 4114 2748 4139 ,
2776 4081 3035 4143 erutaque
3076 4089 3205 4130 ecce
3258 4076 3469 4131 adsum.
3522 4076 3589 4131 Et
3629 4085 3687 4131 ut
3730 4076 3835 4146 ipsi

2244 4166 2487 4237 probetis
2518 4181 2640 4221 esse
2670 4181 2798 4221 vera
2835 4181 2954 4237 quae
2997 4166 3225 4237 loquor,
3272 4172 3649 4226 veStimentum
3694 4171 3839 4241 quod

2244 4260 2461 4315 indutus
2492 4274 2609 4315 sum
2637 4300 2653 4325 ,
2686 4260 2859 4315 adhuc
2896 4260 3061 4329 guttis
3087 4262 3415 4317 stillantibus
3451 4264 3673 4318 marinis
3710 4265 3842 4320 ﬂuc—

2243 4355 2386 4411 tibus
2427 4356 2667 4410 cernitur
2717 4354 3101 4411 bumectatum.
3154 4357 3281 4413 Haec
3329 4359 3521 4413 mulier
3564 4374 3685 4413 cum
3736 4370 3842 4416 tre-

2243 4462 2395 4503 more
2436 4462 2629 4517 magno
2676 4449 2985 4518 opprimens
3023 4450 3383 4519 pavimentum
3423 4453 3628 4508 intente
3663 4454 3842 4523 suspi-

2243 4539 2441 4595 ciebat.
2473 4541 2674 4607 Quibus
2700 4540 3099 4598 discedentibus
3136 4559 3353 4598 rursum
3389 4547 3541 4601 ostiis
3586 4546 3839 4601 divinitus

549 4642 730 4699 cente,‘
776 4641 934 4689 nrtus
978 4634 1127 4690 Beati
1174 4636 1457 4705 perpatuit.
1488 4637 1642 4707 Apud
1686 4638 2139 4708 Burdegalensem
2170 4626 2222 4686 D
2246 4634 2542 4700 obseratis,
2578 4633 2693 4688 haec
2725 4633 2792 4689 ad
2822 4635 2995 4690 locum
3026 4635 3079 4689 in
3108 4649 3217 4705 quo
3251 4645 3469 4691 sanctus
3498 4647 3723 4693 steterat
3752 4653 3839 4692 ac-

619 4808 646 4837 ιι
677 4798 805 4865 Quae
830 4808 1126 4873 sequuntur
1147 4799 1227 4873 ad
1246 4798 1359 4854 haec
1383 4801 1567 4867 verba,
1600 4802 1754 4866 Apud
1778 4801 2129 4873 Burdegalen-

546 4888 649 4925 sem
671 4909 684 4931 ,
718 4879 820 4923 etc.
844 4910 857 4929 .
890 4871 1086 4925 desunt
1115 4871 1166 4925 in
1193 4871 1427 4926 Clarom.
1467 4874 1521 4928 b.
1554 4873 1827 4942 Hodieque
1862 4874 1913 4928 in
1944 4871 2129 4928 cathe-

546 4943 677 5015 drali
716 4942 1040 5015 Liliturigumg
1075 4944 1297 4998 ecclesia
1352 4943 1543 4999 visitur
1593 4946 1827 5013 ampulla
1872 4945 2129 5015 sanguine

548 5013 684 5068 bcati
709 5012 963 5081 Stephani
996 5013 1169 5085 plena,
1199 5030 1339 5084 qua},
1374 5024 1429 5068 ut
1451 5017 1662 5071 traditio
1690 5012 1769 5071 est
1789 5058 1802 5083 ,
1829 5032 1888 5070 ea
1914 5012 2023 5085 ipsa
2047 5025 2129 5069 est

546 5100 702 5153 quam
735 5085 820 5138 hic
850 5096 1031 5140 noster
1060 5084 1349 5152 Gregorius
1376 5100 1783 5142 commemorat.
1815 5084 1946 5140 Eam
1980 5088 2129 5140 aiunt

547 5170 575 5208 λ
600 5156 759 5228 beato
783 5156 974 5228 Ursino
1010 5157 1268 5225 Iliturigas
1297 5158 1509 5210 allatam
1536 5157 1715 5221 fuisse,
1749 5174 1868 5213 cum
1900 5160 2127 5228 primum

546 5226 612 5279 ad
654 5228 806 5281 fidem
836 5226 1030 5281 Christi
1076 5230 1418 5282 nuntiandam
1450 5230 1576 5282 illuc
1605 5232 1825 5297 appulit.
1858 5226 2125 5283 CErterum

550 5297 732 5353 fideles
757 5299 893 5353 beati
927 5301 1333 5367 protomartyris
1359 5302 1667 5368 sanguinem
1698 5301 1941 5354 Studiose
1967 5301 2129 5354 colle-

547 5370 689 5437 gisse
736 5379 877 5439 patet
916 5385 981 5423 ex
1033 5371 1123 5424 lib.
1178 5386 1193 5423 1
1241 5370 1308 5423 de
1355 5369 1618 5423 Miraculis
1657 5373 1825 5425 sancti
1868 5370 2126 5438 Stephani

546 5453 663 5507 cap.
706 5441 723 5492 l
753 5481 767 5503 ,
804 5440 941 5507 apud
976 5440 1363 5509 Augustinum,
1396 5440 1484 5493 ubi
1518 5442 1718 5495 mentio
1766 5443 1987 5497 habetur
2012 5457 2127 5495 am-

550 5511 707 5582 pulla:
738 5510 973 5580 ejusdem
1019 5513 1268 5582 martyris
1311 5513 1566 5577 sanguine
1597 5512 1764 5579 plenae
1784 5552 1798 5578 ,
1827 5529 1945 5581 qua:
1978 5513 2123 5567 Uzali

546 5580 600 5652 in
644 5582 813 5635 Africa
862 5580 1190 5636 servabatur.
1229 5582 1340 5637 Una
1368 5584 1629 5647 ejusmodi
1680 5580 1909 5652 ampulla
1958 5584 2125 5638 vitrea

547 5650 763 5720 Neapoli
806 5652 1065 5719 hodieque
1110 5654 1334 5715 visitur,
1383 5670 1538 5723 quam
1586 5650 1799 5709 sanctus
1827 5653 2127 5709 Gaudiosus

546 5737 611 5777 ex
638 5723 807 5777 Africa
838 5724 1089 5792 profugus
1115 5725 1162 5777 in
1194 5724 1401 5778 ltaliatn
1426 5735 1728 5793 aSportasse
1758 5726 1970 5781 dicitur.
1996 5725 2127 5782 Vide

546 5793 831 5928 llistogiam
851 5809 1054 5865 persec.
1079 5796 1377 5855 Vandalicas:
1400 5812 1425 5852 a
1454 5798 1607 5854 nobis
1635 5798 1853 5868 editam,
1876 5808 2023 5871 parte
2047 5814 2084 5854 tt
2112 5840 2125 5865 ,

546 5878 668 5928 an.
735 5907 751 5928 .

542 5878 668 5941 cap.
697 5878 751 5928 υ.

2306 4797 2335 4837 ι)
2379 4798 2581 4923 Ιῇἓοο
2607 4807 2791 4853 sancto
2820 4798 3057 4854 antistite
3079 4797 3201 4855 vide
3234 4799 3329 4855 lib.
3359 4800 3423 4854 de
3456 4800 3637 4855 Gloria
3678 4799 3834 4856 Conf.

2314 4886 2366 4923 n.
2512 4911 2526 4923 .

2244 4884 2366 4939 cap.
2404 4870 2526 4926 102.

2312 4952 2335 4982 ο
2379 4942 2504 4996 Mss.
2540 4940 2649 4997 fere
2678 4956 2863 4995 omnes
2884 4984 2896 5003 ,
2930 4944 3097 5013 posita
3130 4944 3182 4997 in
3210 4942 3376 4996 altum
3402 4942 3620 5013 pulpita.
3654 4942 3727 4997 Et
3758 4943 3833 4997 in-

2237 5012 2427 5076 ferius,
2464 5014 2653 5066 habens
2681 5012 2937 5080 puellam.
2960 5015 3157 5069 Altaria
3191 5015 3331 5069 edita
3388 5012 3549 5066 fuisse
3583 5014 3750 5080 olim,
3780 5024 3831 5068 et

2238 5094 2292 5138 ut
2324 5085 2610 5153 plurimum
2638 5086 2823 5137 subtus
2854 5099 2911 5137 se
2939 5094 3181 5154 cryptam
3219 5084 3504 5149 habuisse,
3530 5084 3621 5137 ubi
3646 5084 3828 5139 fideles

2238 5170 2395 5210 orare
2429 5164 2668 5224 possent,
2703 5155 2881 5207 multis
2913 5156 3173 5225 exemplis
3196 5157 3385 5225 probat
3416 5154 3749 5208 Mabillouins
3782 5157 3829 5209 in

2240 5226 2388 5294 praef.
2420 5227 2624 5282 smculi.
2661 5241 2713 5278 ιιι
2734 5267 2748 5288 ,
2783 5235 2929 5291 parte
2955 5241 2971 5279 ι
2993 5268 3009 5293 ,
3039 5242 3183 5281 num.
3216 5229 3315 5294 79,
3352 5226 3420 5280 ad
3453 5230 3585 5281 Acta
3612 5237 3826 5281 sancto—

2236 5313 2354 5351 rum
2392 5300 2510 5352 ord.
2542 5297 2901 5351 ltenedictini.

2308 5366 2334 5404 ἀ
2375 5369 2642 5439 Reliquias
2673 5379 2976 5422 sanctorum
3009 5368 3197 5424 subtus
3234 5368 3403 5422 altare
3431 5368 3557 5423 olim
3592 5376 3827 5422 servatas

2236 5437 2401 5494 fuisse
2428 5437 2537 5507 jam
2572 5441 2822 5493 diximus.
2864 5440 2989 5495 Vide
3019 5441 3188 5496 sancti
3216 5439 3422 5496 Paulini
3455 5440 3640 5496 Natale
3663 5455 3739 5506 rx,
3766 5438 3828 5493 de

2236 5522 2422 5565 sancto
2451 5512 2647 5565 Felice.

2307 5592 2330 5653 ς
2376 5583 2514 5635 Edili
2537 5598 2656 5636 cum
2680 5582 2883 5648 aliquot
2915 5583 3038 5637 Mss.
3060 5626 3074 5649 ,
3108 5584 3435 5653 deprecabor.

2309 5650 2327 5690 τ
2375 5654 2653 5731 Ejusmodi
2696 5654 2927 5731 visiones
2977 5650 3183 5731 passim
3231 5662 3523 5731 occurrunt
3574 5652 3625 5707 in
3679 5652 3821 5731 Actis

2233 5735 2543 5779 sanctorum
2585 5725 2743 5779 etiam
2789 5725 3202 5788 probatissimis.
3260 5726 3389 5780 Vide
3439 5726 3611 5779 Vitam
3654 5725 3821 5777 sant-ti

2232 5796 2483 5871 Germani
2517 5798 2873 5871 Autissiodor.
2901 5812 2929 5849 a
2960 5797 3275 5856 Constantio
3303 5791 3818 5871 scriptam,cap.l5.

2304 5878 2329 5918 ε
2371 5869 2499 5925 Cod.
2532 5867 3037 5945 Laudaresatutuns.
