4132 6348
333 336 448 396 737

1159 303 1693 402 .MIRACULORUM
1730 339 1861 398 LIB.
1902 337 1944 394 ι.
1983 337 2074 396 DE
2110 339 2368 400 GLORlA
2405 339 2826 404 MARTYRUM.‘

3511 348 3621 410 7'58

338 452 570 528 cedens,
609 462 827 519 sudario
855 467 1032 533 guttas
1058 477 1174 532 quae
1211 465 1264 520 in
1308 466 1669 533 pavimentum
1713 461 1934 530 dilapsze
1965 461 2012 522 A
2039 474 2160 515 cum
2189 475 2312 516 eum
2340 462 2578 518 dormire
2613 462 2986 534 cognovisset,
3017 463 3305 520 excitatum
3337 465 3618 535 velociter,

338 558 554 613 fuerant
595 557 878 628 diligenter
925 556 1170 628 collegit,
1213 567 1268 613 et
1309 559 1694 614 Bertchramno
1738 565 1798 625 α,
1841 555 1929 625 qui

343 659 472 704 tunc
522 649 774 720 temporis
819 649 871 704 in
919 651 1232 719 episcopatu
1269 651 1457 705 urbem
1501 650 1759 719 regebat,
1816 662 1932 700 ma-

339 741 634 797 nifestavit.
705 741 857 807 Quod
921 741 1012 796 ille
1058 740 1196 797 cum~
1235 742 1432 812 gaudio
1477 750 1532 795 et
1579 739 1933 795 admiratione

340 847 534 905 magna
581 833 912 902 suscipiens,
972 848 1153 889 secum
1213 833 1454 889 retinuit.
1514 833 1590 887 De
1639 832 1741 886 hoc
1788 832 1932 885 enim

340 926 560 982 sudario
586 926 737 981 multi
767 926 964 981 inﬁrmi
995 928 1276 983 sanitatem
1302 926 1514 997 experti
1541 931 1696 988 sunt,
1726 939 1792 978 ac
1821 923 1934 992 ple-

341 1031 572 1088 rumque
605 1027 657 1073 et
693 1018 809 1088 ipse
847 1018 1090 1087 pontifex
1125 1017 1194 1074 de
1230 1033 1298 1074 eo
1340 1019 1637 1087 decerpens
1679 1017 1931 1086 pignora,

342 1110 438 1165 ubi
465 1110 724 1166 ecclesias
753 1112 1140 1180 consecrabat,
1189 1111 1419 1168 ﬁdeliter
1454 1109 1757 1167 collocavit.
1807 1107 1934 1164 Haec

343 1211 524 1258 autem
554 1203 620 1259 ab
651 1202 818 1278 ipsius
847 1203 1085 1274 episcopi
1110 1203 1278 1258 relatu
1309 1205 1688 1276 cognovimus.

893 1318 1122 1376 CAPUT
1162 1319 1381 1376 XXXV.

631 1428 711 1485 De
748 1428 1008 1486 Clemente
1043 1420 1281 1503 episcopo
1319 1441 1370 1488 et
1405 1441 1648 1504 martyre.

419 1539 666 1597 Clemens
691 1540 719 1580 δ
748 1550 972 1616 martyr,
1000 1553 1060 1599 ut
1085 1545 1139 1600 in
1165 1546 1414 1616 passione
1444 1547 1560 1617 ejus
1591 1545 1807 1617 legitur,
1837 1561 1936 1602 an-

359 1637 523 1690 chora
564 1635 702 1691 collo
741 1636 860 1707 ejus
898 1653 1156 1708 suspensa
1189 1640 1242 1694 in
1276 1655 1425 1695 mare
1464 1641 1824 1710 prmcipitatus
1854 1648 1938 1696 est

353 1727 481 1799 (An.
512 1728 635 1796 100,
668 1727 739 1785 25
772 1728 970 1802 Nam).
1003 1730 1152 1787 Nunc
1182 1742 1360 1788 autem
1388 1733 1439 1786 in
1469 1732 1558 1787 die
1581 1731 1936 1786 solemuitatis

349 1818 491 1889 ejus,
523 1820 728 1874 recedit
760 1837 908 1877 mare
937 1837 1033 1892 per
1063 1823 1160 1878 tria
1193 1824 1392 1892 millia,
1418 1823 1726 1894 siccumque
1755 1825 1935 1896 ingre-

349 1911 624 1967 dientibus
673 1913 774 1968 iter
821 1915 1093 1984 prmbeus,
1147 1931 1318 1985 usque
1365 1917 1490 1971 dum
1532 1917 1598 1972 ad
1629 1917 1935 1986 sepulcrum

354 2008 613 2078 martyris
636 2008 962 2076 pervenitur,
989 2009 1168 2080 ibique
1191 2019 1314 2065 vota
1337 2011 1622 2066 reddentes
1646 2020 1698 2067 et
1721 2019 1939 2068 orantes

352 2100 537 2170 populi
565 2144 582 2171 ,
611 2101 988 2172 regrediuntur
1017 2103 1084 2158 ad
1114 2104 1264 2159 littus
1297 2114 1346 2159 ο.
1383 2153 1396 2166 ,

891 2198 1118 2256 CAPUT
1155 2199 1402 2256 XXXVI.

354 2285 434 2340 De
481 2303 640 2358 puero
689 2287 759 2342 ad
805 2289 1080 2345 Clementis
1130 2291 1424 2359 sepulcrum
1474 2308 1564 2361 per
1604 2292 1728 2346 anni
1774 2291 1940 2347 curri-

425 2361 898 2434 culum,_perinde
946 2372 1098 2432 atque
1151 2363 1304 2416 unius
1356 2373 1554 2419 tantum
1609 2364 1773 2417 noctis
1820 2380 1940 2434 spa-

428 2431 554 2484 tium
580 2471 595 2496 ,
637 2432 938 2487 dormiente.

428 2522 652 2580 Factum
683 2535 769 2581 est
793 2536 976 2584 autem
1006 2534 1066 2582 ut
1093 2528 1148 2582 in
1176 2543 1281 2585 una
1315 2529 1715 2585 solemnitatum
1746 2529 1941 2587 mulier

353 2631 477 2673 cum
506 2617 617 2672 ﬁlio
647 2619 871 2686 parvulo
898 2621 951 2674 in
983 2620 1159 2675 locum
1187 2621 1492 2678 accederet.
1537 2621 1804 2692 Epulante
1844 2640 1942 2680 au-

359 2717 466 2764 tem
496 2723 560 2765 ea
591 2719 713 2780 post
746 2719 868 2766 acta
895 2711 1187 2778 solemnia,
1222 2712 1547 2770 obdormivit
1577 2716 1774 2771 infans.
1809 2717 1942 2771 Dum

357 2807 538 2855 autem
570 2802 685 2854 haec
708 2811 994 2872 agerentur
1019 2805 1176 2877 762
1194 2847 1209 2872 ,
1237 2820 1362 2861 ecce
1388 2821 1549 2862 sonus
1575 2809 1753 2864 subito
1778 2809 1946 2866 factus

358 2902 443 2949 est
471 2894 776 2950 accedentis
817 2897 1011 2968 pelagi.
1058 2898 1263 2955 Dehinc
1302 2900 1466 2956 oblita
1509 2902 1702 2957 mulier
1740 2903 1946 2959 sobolis

360 3004 503 3055 suae,
534 2991 698 3058 coepit
726 2991 988 3048 velociter
1016 3008 1135 3047 cum
1173 2994 1379 3063 reliquo
1421 2995 1616 3064 p0pulo
1659 3003 1841 3064 petere
1876 2997 1947 3050 ri-

363 3096 505 3151 pam.
545 3079 711 3152 Igitur
750 3082 1050 3152 insequenti
1093 3086 1257 3139 maris
1293 3100 1518 3141 accessu
1560 3096 1841 3156 postquam
1881 3088 1948 3143 ad

363 3174 516 3230 littus
558 3185 812 3244 venerat,
857 3178 1104 3232 meminit
1140 3191 1200 3234 se
1242 3179 1407 3233 ﬁlium
1453 3179 1753 3249 reliquisse.
1797 3163 1947 3237 Tunc

362 3283 484 3325 cum
519 3269 645 3325 ﬁetu
676 3285 870 3340 magno
901 3271 1110 3342 deiecta
1142 3275 1334 3340 terris,
1366 3274 1618 3329 miseram
1661 3290 1720 3329 se
1765 3275 1948 3330 clami-

364 3369 520 3429 tans,
546 3363 724 3418 littora
755 3365 974 3419 vocibus
1005 3364 1272 3434 replebat,
1301 3375 1463 3436 atque
1492 3368 1826 3423 discurrebat
1857 3383 1976 3431 per-

363 3453 655 3509 circuitum
696 3455 966 3525 riparum,
1000 3456 1046 3511 si
1074 3457 1209 3512 forte
1239 3468 1514 3513 enecatam
1556 3460 1764 3528 prolem
1805 3460 1948 3530 ejec-

364 3554 581 3616 tamque
628 3547 792 3602 littori
833 3548 1030 3619 aliquis
1068 3550 1460 3620 conspicasset.
1504 3551 1611 3608 Sed
1652 3569 1773 3608 cum
1817 3555 1948 3610 nihil

366 3637 631 3693 inveniret
670 3639 888 3705 iudicii,
939 3639 1153 3695 tandem
1193 3641 1473 3696 consolata
1519 3659 1548 3698 a
1593 3644 1906 3714 prepinquis
1932 3690 1946 3714 ,

364 3729 432 3785 ad
472 3733 685 3800 propria
730 3731 1026 3800 reducitur,
1073 3742 1244 3796 totum
1285 3751 1486 3790 annum
1519 3736 1569 3790 in
1601 3737 1740 3792 luctu
1770 3753 1832 3792 ac
1868 3740 1950 3794 la-

366 3824 694 3879 mentatione
741 3823 1036 3880 deducens.
1085 3825 1418 3882 Recurrente
1460 3837 1636 3884 autem
1677 3831 1803 3885 anni
1841 3833 1948 3886 cir-

366 3916 525 3982 culo,
569 3916 717 3970 venit
749 3916 951 3972 iterum
997 3917 1062 3971 ad
1103 3919 1448 3987 spectandam
1490 3919 1516 3956 ἀ
1560 3922 1811 3994 martyris
1856 3937 1950 3977 so-

365 4010 731 4076 lemnitatem,
765 4009 1010 4065 fortassis
1039 4011 1105 4066 de
1135 4011 1398 4067 inlantulo
1428 4014 1470 4068 si
1502 4014 1678 4084 aliqua
1709 4015 1950 4071 invenire

366 4112 537 4177 possit
565 4105 783 4162 indicia.
814 4104 952 4174 Quid
985 4106 1176 4174 plura?
1206 4107 1510 4163 Reeedente
1550 4109 1717 4174 mari,
1760 4110 1954 4165 antici-

367 4212 459 4272 pat
485 4217 674 4258 omnes
715 4203 781 4258 ad
813 4201 1260 4273 ingrediendum,
1294 4212 1347 4258 et
1387 4205 1501 4274 ipsa
1542 4205 1711 4274 prima
1751 4219 1953 4274 praece-

365 4297 442 4354 dit
479 4298 544 4354 ad
573 4298 858 4353 tumulum.
903 4297 1143 4366 Cumque
1177 4307 1438 4367 prostrata
1483 4299 1602 4353 solo
1653 4301 1949 4356 orationem

368 4393 679 4461 explesset,
729 4400 907 4448 erecta
952 4406 1204 4461 sursum,
1257 4391 1407 4462 genis
1454 4393 1681 4447 ubertim
1731 4393 1948 4449 ﬁetuum

367 4483 626 4539 imbribus
672 4483 1018 4548 madefactis,
1068 4484 1195 4538 dum
1236 4483 1454 4539 divertit
1499 4485 1551 4540 in
1595 4495 1745 4556 parte
1783 4486 1950 4542 altera

366 4576 615 4642 vultum,
667 4576 860 4647 aspicit
915 4575 1078 4631 ﬁliutn
1121 4575 1174 4632 in
1225 4575 1413 4631 eodem
1473 4576 1626 4644 loco,
1679 4578 1768 4632 ubi
1818 4593 1940 4634 eum

367 4671 724 4725 dormientem
766 4669 1053 4738 reliquerat
1080 4713 1094 4738 ,
1141 4669 1192 4724 in
1227 4668 1342 4739 ipso
1372 4669 1547 4726 adhuc
1575 4685 1770 4740 sopore
1799 4681 1947 4727 tene-

366 4763 430 4818 ri.
473 4763 768 4819 }Estimans
806 4773 984 4818 autem
1029 4779 1150 4819 eum
1196 4777 1316 4818 esse
1356 4762 1699 4831 defunctum,
1743 4763 1950 4820 accedit

370 4857 612 4912 cominus
636 4899 651 4924 ,
691 4856 842 4927 quasi
881 4857 1173 4912 collectura
1228 4856 1458 4912 cadaver
1511 4857 1759 4913 exanime
1792 4876 1804 4911 :
1851 4857 1945 4914 sed

441 5021 467 5048 ει
510 5011 584 5064 De
614 5009 715 5064 hoc
750 5010 897 5076 plura
929 5011 981 5063 in
1015 5009 1262 5064 Historiae
1291 5008 1441 5065 libris
1470 5012 1691 5078 passim.

436 5078 464 5118 δ
505 5080 618 5133 Hoc
664 5088 824 5147 caput
869 5089 923 5133 et
959 5080 1065 5133 duo
1109 5095 1260 5149 seqq.
1305 5082 1500 5136 desunt
1539 5083 1588 5134 in
1637 5079 1787 5136 Coll).
1837 5087 1939 5136 tttt.

369 5153 528 5206 lteest
574 5165 703 5206 vero
746 5165 865 5204 cum
907 5151 1142 5219 quinque
1179 5165 1330 5219 seqq.
1385 5152 1435 5204 in
1475 5151 1618 5205 Clar.
1667 5151 1721 5204 b.
1773 5153 1942 5206 Porro

366 5223 614 5292 martyris
645 5221 855 5276 titulum
881 5220 1102 5274 Ruﬁnus
1131 5233 1316 5275 sancto
1341 5222 1604 5276 Clementi
1635 5224 1848 5287 tribuit,
1877 5237 1940 5280 ac

367 5291 621 5362 deinceps
669 5309 858 5347 omnes
905 5291 1065 5354 vulgo
1107 5302 1372 5345 auctores.
1429 5291 1555 5362 Ejus
1598 5307 1731 5347 vero
1772 5294 1937 5361 Acta,

367 5381 485 5428 quae
532 5367 617 5419 hic
665 5364 954 5434 Gregorius
1002 5363 1211 5428 laudat,
1259 5373 1381 5415 aute
1423 5364 1676 5416 steculum
1720 5379 1768 5417 Vl
1813 5374 1937 5418 nota

368 5435 534 5491 fuisse
574 5439 720 5491 nullo
757 5435 1087 5504 antiquitatis
1126 5444 1470 5487 monumento
1510 5435 1682 5488 evinci
1740 5445 1934 5503 potest.

367 5507 611 5561 Celebria
641 5517 816 5561 tamen
848 5503 1182 5575 postmodum
1238 5503 1288 5557 in
1323 5504 1506 5559 Galliis
1537 5506 1702 5559 fuisse
1732 5523 1839 5561 non
1871 5522 1936 5561 ex

366 5577 629 5648 Gregorio
657 5580 826 5633 solum
846 5621 860 5646 ,
887 5577 981 5634 sed
1007 5579 1166 5631 etiam
1191 5591 1258 5630 ex
1281 5575 1734 5648 MissaliCothico
1764 5587 1942 5644 patet,

370 5651 456 5702 ubi
505 5665 690 5702 eorum
738 5647 970 5714 epitorne
1016 5648 1263 5708 refertur.
1305 5648 1437 5702 \lide
1476 5647 1805 5705 Tillcutontii
1849 5666 1947 5702 no-

368 5730 472 5773 tam
516 5719 583 5774 12
622 5721 675 5775 in
716 5719 890 5773 Vitam
929 5721 1098 5773 sancti
1138 5718 1461 5786 Clementis,
1516 5729 1660 5774 tonio
1713 5721 1754 5775 ll
1804 5721 1941 5776 Hist.

364 5791 558 5850 Ecclus.

433 5872 464 5906 τ
506 5862 620 5922 l-loc
654 5861 968 5923 miraculum
1006 5860 1326 5936 saeculo‘tx,
1364 5861 1507 5938 apud
1541 5860 1939 5930 Chersonesum

2038 556 2473 622 exspectantibus
2504 557 2710 627 populis
2732 599 2746 623 ,
2777 557 3099 612 incolumem
3135 559 3326 612 levarit
3358 559 3408 613 iu
3441 561 3576 614 u'nis
3603 577 3618 628 ;

2040 646 2482 719 inter-rogansque
2521 651 2660 706 inter
2708 651 2925 717 oscula,
2979 652 3065 706 ubi
3125 667 3218 721 per
3265 653 3388 708 anni
3432 653 3620 709 fuisset

2041 738 2295 807 spatium.
2337 739 2559 795 Nescire
2598 757 2658 796 se
2683 743 2790 808 ait,
2825 743 2870 797 si
2901 757 3073 797 annus
3103 744 3305 814 integer
3337 745 3622 814 praeteriis-

2037 838 2159 895 set,
2213 838 2421 886 tantum
2473 831 2760 888 dormiisse
2812 848 2873 891 se
2923 835 3074 891 suavi
3121 851 3320 906 sopore
3364 836 3420 892 in
3464 838 3620 893 unius

2039 924 2210 980 noctis
2246 927 2416 996 spatio
2455 926 2772 983 azstimabat.

2564 1032 2793 1122 CAPUT
2833 1065 3098 1124 xxxvu.

2289 1177 2366 1233 De
2403 1194 2538 1250 aqua
2574 1179 2728 1250 fontis
2765 1185 2876 1250 eius
2915 1184 3098 1239 uirtute
3133 1185 3364 1240 reducta.

2042 1328 2047 1332 ‘
2112 1311 2254 1368 Fons
2295 1321 2320 1351 ο
2360 1322 2477 1368 erat
2514 1313 2741 1384 irriguos
2780 1314 2890 1370 ruri
2927 1315 3172 1383 cuidam,
3224 1317 3359 1371 infra
3410 1317 3623 1371 territo-

2039 1405 2178 1461 rium
2208 1406 2360 1462 urbis
2390 1406 2782 1474 Lemovicinaa,
2815 1408 2968 1477 cujus
2997 1409 3136 1463 unda
3186 1418 3291 1464 tam
3341 1410 3614 1464 hortorum

2042 1509 2160 1556 sala
2187 1516 2343 1570 quam
2377 1515 2627 1568 agrorum
2670 1502 2811 1558 culta
2851 1503 2936 1558 vel
2978 1501 3191 1558 fovebat
3231 1515 3485 1566 accessu,
3534 1503 3616 1556 vel

2040 1594 2242 1662 impetu
2293 1593 2629 1650 fecundabat.
2687 1594 3062 1651 Deducebatur
3123 1594 3282 1650 etiam
3328 1596 3481 1650 factis
3519 1595 3616 1650 dc-

2041 1685 2290 1742 cursibus
2337 1702 2434 1755 per
2483 1689 2598 1744 loca
2640 1690 2978 1756 necessaria,
3031 1699 3089 1743 ut
3137 1689 3225 1744 ubi
3269 1703 3390 1745 eum
3433 1698 3617 1743 natura

2043 1787 2147 1830 non
2187 1777 2348 1848 763
2390 1778 2578 1844 dabat,
2621 1779 2856 1834 studium
2899 1787 3234 1848 provocaret.
3277 1780 3343 1834 Et
3369 1787 3486 1835 erat
3516 1789 3622 1832 tam

2043 1867 2290 1922 dulcibus
2317 1884 2449 1922 vena
2480 1870 2810 1925 exuberante
2840 1871 3086 1938 fluentis,
3137 1880 3195 1927 ut
3232 1872 3468 1942 gaudere
3510 1887 3626 1926 cer-

2045 1973 2206 2015 neres
2237 1960 2358 2015 olus
2387 1961 2504 2017 sive
2530 1964 2855 2032 virgultum,
2885 1965 2930 2020 si
2963 1965 3152 2020 fuisset
3190 1965 3258 2019 ab
3285 1966 3473 2020 eodem
3508 1966 3628 2018 irri-

2041 2062 2242 2123 gatum.
2265 2054 2638 2123 Opitulabatur
2666 2059 2826 2111 etiam
2853 2059 2906 2111 in
2937 2073 3002 2112 eo
3028 2057 3197 2128 gratia
3226 2057 3518 2126 Majestatis
3547 2059 3628 2112 di-

2043 2149 2214 2214 vinre,
2244 2158 2300 2205 ut
2329 2149 2382 2204 in
2415 2166 2522 2220 quo
2549 2150 2736 2206 fuisset
2766 2151 3023 2206 ﬁuentum
3052 2151 3304 2206 emissum
3325 2192 3341 2217 ,
3373 2151 3629 2206 velociter

2042 2243 2282 2313 germina
2310 2245 2618 2312 acciperent
2647 2243 3062 2299 incrementum.
3107 2242 3350 2311 Cumque
3393 2258 3515 2297 eum
3548 2244 3629 2296 in-

2041 2337 2178 2392 cola:
2217 2335 2350 2404 loci,
2395 2338 2543 2406 quasi
2586 2336 2769 2391 ludum
2811 2345 3064 2405 agentes,
3105 2351 3200 2406 per
3238 2337 3443 2405 singula
3486 2351 3630 2404 quae-

2044 2442 2148 2499 que
2177 2428 2289 2482 loca
2321 2428 2677 2494 deducerent,
2709 2428 3064 2496 insidiatoris,
3094 2439 3151 2483 ut
3182 2428 3361 2494 credo,
3389 2429 3586 2482 invidia
3612 2473 3628 2498 ,
3659 2447 3670 2458 κ

2043 2521 2146 2578 sub
2175 2530 2315 2576 terra
2348 2521 2665 2589 dehiscens,
2697 2537 2760 2577 ae
2793 2522 2938 2577 velut
2969 2523 3021 2576 in
3050 2521 3237 2577 stadiis
3264 2521 3542 2577 duodecim
3577 2522 3630 2576 in

2047 2614 2284 2669 medium
2319 2615 2525 2680 paludis
2549 2657 2562 2680 ,
2595 2613 2687 2670 ubi
2714 2615 2915 2669 nullum
2941 2628 3159 2683 prorsus
3185 2624 3367 2684 posset
3393 2628 3526 2683 opus
3553 2613 3632 2667 ef-

2051 2708 2248 2773 ﬁcere,
2282 2708 2533 2763 fluctibus
2560 2708 2765 2776 sparsis
2795 2707 3052 2762 exoritur.
3085 2706 3364 2775 Extemplo
3395 2705 3631 2760 omnium

2053 2810 2264 2856 mentes
2291 2801 2454 2855 timor
2484 2799 2725 2864 obsedit,
2760 2808 2814 2854 et
2843 2815 3036 2854 novum
3068 2799 3350 2868 quemdam
3380 2797 3632 2852 advenire

2051 2891 2258 2961 regioni
2287 2892 2386 2946 loci
2420 2893 2612 2944 incolre
2635 2891 3013 2960 praestolamur
3038 2890 3344 2953 interitum,
3370 2889 3634 2957 simulque

2051 2993 2106 3040 et
2136 2983 2456 3038 beneﬁcium
2489 2982 2632 3050 quod
2669 2983 2868 3037 habere
2899 2989 3334 3045 consueverant,
3365 2980 3474 3049 jugi
3508 2979 3634 3035 ﬁetu

2052 3075 2359 3144 deplorant.
2407 3071 2744 3127 Curriculum
2800 3074 2962 3142 igitur
3010 3071 3167 3126 unius
3217 3080 3374 3142 atque
3417 3070 3636 3126 alterius

2055 3167 2177 3233 anni
2215 3167 2265 3220 in
2300 3167 2395 3220 hac
2425 3166 2674 3220 ariditate
2718 3165 3050 3234 pertransiit.
3098 3166 3364 3221 Arescunt
3404 3165 3490 3219 siti
3537 3165 3636 3220 loci

2054 3261 2196 3315 illius
2226 3261 2404 3316 omnia
2428 3306 2442 3328 ,
2473 3276 2590 3330 qum
2622 3261 2848 3330 irrigare
2877 3269 3254 3316 consueverat.
3287 3258 3470 3314 Tertio
3500 3275 3633 3329 quo-

2053 3369 2158 3423 que
2200 3368 2340 3406 anno
2384 3353 2578 3407 accidit
2619 3363 2676 3407 ut
2716 3353 2930 3424 quidam
2975 3353 3077 3409 iter
3117 3369 3282 3424 agens
3329 3354 3468 3408 beati
3516 3354 3636 3409 Cle-

2051 3451 2246 3505 mentis
2275 3449 2557 3519 martyris,
2591 3449 2745 3518 cujus
2772 3450 2880 3518 jam
2910 3465 3069 3518 supra
3101 3449 3477 3513 meminimus,
3512 3449 3638 3504 reli-

2051 3544 2204 3613 quias
2251 3543 2563 3609 exhiberet,
2611 3558 2744 3611 quas
2797 3541 2984 3596 Aridio
3022 3541 3040 3579 τ
3072 3543 3238 3612 ipsius
3288 3541 3438 3596 urbis
3487 3556 3637 3611 prcs-

2053 3637 2277 3708 bytero,
2326 3636 2442 3689 viro
2487 3636 2538 3708 in
2580 3634 2722 3689 omni
2769 3635 3054 3689 sanctitate
3095 3635 3383 3704 religioso,
3426 3633 3637 3688 detulit.

2053 3707 2134 3786 Aid
2189 3747 2348 3800 quem
2400 3707 2542 3783 (andt
2573 3731 2658 3784 die
2699 3739 2965 3798 noctuque
3010 3728 3171 3782 vicini
3222 3728 3399 3782 moesti
3445 3727 3637 3780 tende-

2053 3833 2176 3881 rent
2207 3834 2254 3890 α,
2286 3823 2471 3879 conﬁsi
2503 3822 2570 3876 de
2601 3823 2719 3890 ejus
2747 3822 3023 3885 oratione,
3056 3820 3197 3889 quod
3226 3821 3268 3874 si
3301 3827 3507 3888 peteret
3536 3820 3640 3874 lto-

2053 3917 2289 3980 minum,
2340 3913 2544 3968 fontem
2593 3922 2775 3983 posset
2822 3929 2920 3967 suo
2967 3913 3253 3967 restituere
3301 3913 3457 3976 loco,
3509 3912 3630 3967 ait:

2057 4009 2288 4075 Eamus,
2345 4007 2552 4076 inquit,
2601 4005 2962 4070 dilectissimi,
3016 4015 3068 4059 et
3111 4005 3155 4060 si
3194 4019 3320 4059 vera
3361 4012 3486 4059 sunt
3522 4018 3639 4075 qua:

2053 4101 2286 4172 portitor
2316 4108 2500 4154 noster
2528 4098 2757 4153 asseruit
2786 4098 2901 4152 haec
2931 4111 3051 4151 esse
3070 4095 3360 4152 Clementis
3393 4097 3640 4168 martyris

2054 4194 2317 4265 pignora,
2369 4207 2511 4246 nunc
2557 4191 2878 4260 apparebit,
2929 4205 3048 4245 cum
3099 4190 3214 4260 ejus
3261 4188 3427 4246 fuerit
3470 4192 3639 4246 virtus

2053 4283 2416 4342 manifestata.
2462 4282 2614 4337 Tune
2654 4298 2774 4338 cum
2819 4282 3102 4352 psallenlio
3141 4282 3208 4337 ad
3251 4283 3424 4338 locum
3477 4282 3639 4338 fontis

2053 4376 2282 4432 accedit.
2321 4377 2388 4431 Et
2417 4376 2576 4432 dictis
2609 4374 2828 4443 psalmis
2847 4416 2862 4439 ,
2895 4374 2947 4428 in
2977 4374 3219 4428 oratione
3245 4374 3604 4444 prosternitur
3625 4391 3638 4405 ·

2054 4471 2350 4541 positisque
2379 4469 2583 4526 sanctis
2615 4469 2860 4538 reliquiis
2886 4467 2938 4522 iu
2967 4467 3085 4537 ipso
3113 4466 3275 4520 fontis
3317 4468 3466 4522 aditu
3489 4512 3502 4536 ,
3541 4483 3636 4537 pe-

2057 4564 2138 4619 tiit
2169 4573 2225 4619 ut.
2257 4564 2346 4632 qui
2376 4562 2644 4633 quondam
2665 4560 2730 4614 'iu
2774 4559 2992 4615 deserto
3017 4559 3283 4614 damnatis
3311 4559 3375 4613 ad
3404 4560 3634 4614 secanda

2057 4673 2328 4714 marmora
2360 4659 2556 4714 ﬁumen
2590 4656 2844 4726 irriguum
2881 4653 3123 4724 patefecit
3150 4699 3165 4722 ,
3200 4653 3253 4708 in
3286 4654 3426 4707 hunc
3457 4654 3630 4707 lorum

2055 4769 2256 4822 aquas,
2302 4767 2435 4824 quas
2481 4753 2630 4822 prius
2673 4752 2758 4820 pia
2805 4749 3103 4804 indulserat
3141 4747 3458 4812 clementia,
3508 4745 3630 4799 Cle-

2054 4846 2252 4900 mentis
2283 4843 2475 4898 iterum
2507 4841 2822 4897 intercessio
2853 4847 3148 4894 revocaret.
3179 4836 3323 4892 lllico
3363 4851 3495 4890 vena
3543 4852 3629 4890 re-

2016 5024 2023 5033 ι
2052 5000 2289 5069 ignotum
2318 4998 2480 5054 fuisse
2507 5008 2686 5053 narrat
2716 5006 2904 5052 auctor
2928 4996 3065 5053 Vita:
3097 4995 3266 5069 sancti
3296 4995 3630 5069 Constantini

2053 5064 2146 5124 seu
2183 5068 2411 5138 Cyrilli,
2453 5069 2541 5122 die
2574 5086 2630 5122 ιχ
2674 5069 2845 5122 Martii
2892 5064 3420 5138 Bollandiauianns
3454 5077 3626 5119 tamen

2049 5137 2239 5194 sancti
2275 5138 2547 5193 Pontiﬁcis
2585 5155 2796 5193 sacrum
2839 5154 3034 5208 corpus
3076 5149 3198 5191 tunc
3240 5137 3311 5190 ibi
3356 5149 3624 5206 repertum

2047 5219 2167 5273 est.
2219 5219 2379 5277 atque
2437 5211 2658 5263 Romam
2708 5209 2968 5276 allatum,
3013 5220 3068 5262 ut
3108 5208 3225 5262 fuse
3266 5207 3406 5262 idem
3448 5218 3633 5262 auctor

2047 5280 2336 5344 describit,
2366 5296 2524 5347 quem
2565 5281 2810 5335 consule.

2118 5350 2144 5389 ά
2186 5351 2316 5405 Mss.
2353 5353 2591 5419 plerique
2612 5391 2628 5415 ,
2660 5353 2726 5404 ad
2757 5351 3188 5421 exspectandam,
3218 5364 3284 5404 ex
3317 5349 3477 5404 modo
3507 5365 3634 5420 pro.

2046 5423 2428 5484 nuntiationis,
2460 5434 2514 5476 ut
2547 5423 2766 5477 inferius
2806 5424 3022 5489 legitur,
3058 5422 3494 5490 exspectantibus,
3539 5437 3636 5491 pro

2051 5494 2422 5566 spectantibus,
2456 5504 2509 5549 et
2536 5496 2613 5566 sic
2647 5494 2863 5560 passim.

2129 5575 2151 5604 ο
2192 5565 2314 5619 Mss.
2349 5568 2495 5620 tltto:
2543 5564 2694 5618 Mons
2725 5574 2849 5617 erat.

2130 5635 2149 5674 ί
2196 5638 2241 5690 Is
2270 5645 2353 5692 est
2402 5646 2617 5690 sanctus
2662 5634 2988 5707 Ανι-ἱιιίιιελάθ
3038 5649 3142 5704 quo
3190 5634 3298 5706 agit
3343 5635 3634 5707 Gregorius

2053 5709 2287 5779 passim,
2321 5710 2472 5776 cujus
2504 5708 2672 5779 Vitam
2704 5704 3131 5779 intrardabitnus.

2126 5789 2152 5828 ε
2190 5779 2341 5848 Mss.,
2372 5790 2427 5835 ut
2456 5778 2774 5851 plurimum,
2806 5778 2971 5834 vicina
3003 5788 3180 5836 maesta
3207 5781 3506 5854 penderent.
