  <div class='ocr_page' id='page_1' title='image "/cluster/home/n/w/nwhite01/storage/ocr_20150623/71/hvd.32044020096954/375.png"; bbox 0 0 4132 6348; ppageno 0'>
   <div class='ocr_carea' id='block_1_1' title="bbox 520 455 621 514">
    <p class='ocr_par' dir='ltr' id='par_1_1' title="bbox 520 455 621 514">
     <span class='ocr_line' id='line_1_1' title="bbox 520 455 621 514; baseline 0.04 -4"><span class='ocrx_word' id='word_1_1' title='bbox 520 455 621 514; x_wconf 70' lang='lat'><strong>739</strong></span> 
     </span>
    </p>
   </div>
   <div class='ocr_carea' id='block_1_2' title="bbox 1548 453 2796 514">
    <p class='ocr_par' dir='ltr' id='par_1_2' title="bbox 1548 453 2796 514">
     <span class='ocr_line' id='line_1_2' title="bbox 1548 453 2796 514; baseline -0.002 0"><span class='ocrx_word' id='word_1_2' title='bbox 1548 457 1607 514; x_wconf 91' lang='lat' dir='ltr'><strong>S.</strong></span> <span class='ocrx_word' id='word_1_3' title='bbox 1651 453 1976 514; x_wconf 77' lang='lat' dir='ltr'><strong>GREGORII</strong></span> <span class='ocrx_word' id='word_1_4' title='bbox 2014 453 2321 513; x_wconf 83' lang='lat' dir='ltr'><strong>EPISCOPI</strong></span> <span class='ocrx_word' id='word_1_5' title='bbox 2361 453 2796 512; x_wconf 81' lang='lat' dir='ltr'><strong>TURONENSIS</strong></span> 
     </span>
    </p>
   </div>
   <div class='ocr_carea' id='block_1_3' title="bbox 3685 452 3816 508">
    <p class='ocr_par' dir='ltr' id='par_1_3' title="bbox 3685 452 3816 508">
     <span class='ocr_line' id='line_1_3' title="bbox 3685 452 3816 508; baseline 0.008 -1"><span class='ocrx_word' id='word_1_6' title='bbox 3685 452 3816 508; x_wconf 71' lang='grc' dir='ltr'><strong>πω</strong></span> 
     </span>
    </p>
   </div>
   <div class='ocr_carea' id='block_1_4' title="bbox 521 566 3816 642">
    <p class='ocr_par' dir='ltr' id='par_1_4' title="bbox 521 566 3816 642">
     <span class='ocr_line' id='line_1_4' title="bbox 521 566 3816 642; baseline -0.001 -16"><span class='ocrx_word' id='word_1_7' title='bbox 521 574 688 626; x_wconf 90' lang='lat' dir='ltr'><strong>currit</strong></span> <span class='ocrx_word' id='word_1_8' title='bbox 713 571 778 626; x_wconf 89' lang='lat' dir='ltr'><strong>ad</strong></span> <span class='ocrx_word' id='word_1_9' title='bbox 811 571 1008 627; x_wconf 98' lang='lat' dir='ltr'><strong>aditum</strong></span> <span class='ocrx_word' id='word_1_10' title='bbox 1042 583 1258 639; x_wconf 87' lang='lat' dir='ltr'><strong>magnas</strong></span> <span class='ocrx_word' id='word_1_11' title='bbox 1286 583 1541 624; x_wconf 83' lang='lat' dir='ltr'><strong>evomens</strong></span> <span class='ocrx_word' id='word_1_12' title='bbox 1570 584 1766 640; x_wconf 77' lang='lat' dir='ltr'><strong>aquas,</strong></span> <span class='ocrx_word' id='word_1_13' title='bbox 1797 571 2054 637; x_wconf 85' lang='lat' dir='ltr'><strong>illumque</strong></span> <span class='ocrx_word' id='word_1_14' title='bbox 2075 611 2088 634; x_wconf 91' lang='lat'><strong>,</strong></span> <span class='ocrx_word' id='word_1_15' title='bbox 2121 571 2170 630; x_wconf 77' lang='grc' dir='ltr'>Α</span> <span class='ocrx_word' id='word_1_16' title='bbox 2199 571 2430 642; x_wconf 78' lang='lat' dir='ltr'><strong>pellente</strong></span> <span class='ocrx_word' id='word_1_17' title='bbox 2460 570 2771 637; x_wconf 75' lang='lat' dir='ltr'><strong>complevit.</strong></span> <span class='ocrx_word' id='word_1_18' title='bbox 2805 566 2974 624; x_wconf 85' lang='lat' dir='ltr'><strong>Nocte</strong></span> <span class='ocrx_word' id='word_1_19' title='bbox 3004 569 3146 624; x_wconf 91' lang='lat' dir='ltr'><strong>enim</strong></span> <span class='ocrx_word' id='word_1_20' title='bbox 3178 581 3541 636; x_wconf 74' lang='lat' dir='ltr'><strong>consurgens,</strong></span> <span class='ocrx_word' id='word_1_21' title='bbox 3573 569 3816 632; x_wconf 72' lang='lat' dir='ltr'><strong>ingres-</strong></span> 
     </span>
    </p>
   </div>
   <div class='ocr_carea' id='block_1_5' title="bbox 520 661 2089 734">
    <p class='ocr_par' dir='ltr' id='par_1_5' title="bbox 520 661 2089 734">
     <span class='ocr_line' id='line_1_5' title="bbox 520 661 2089 734; baseline -0.003 -16"><span class='ocrx_word' id='word_1_22' title='bbox 520 681 678 730; x_wconf 87' lang='lat' dir='ltr'><strong>quem</strong></span> <span class='ocrx_word' id='word_1_23' title='bbox 711 665 858 734; x_wconf 93' lang='lat' dir='ltr'><strong>prius</strong></span> <span class='ocrx_word' id='word_1_24' title='bbox 889 671 1160 730; x_wconf 78' lang='lat' dir='ltr'><strong>tenuerat,</strong></span> <span class='ocrx_word' id='word_1_25' title='bbox 1193 663 1402 718; x_wconf 80' lang='lat' dir='ltr'><strong>alveum</strong></span> <span class='ocrx_word' id='word_1_26' title='bbox 1450 662 1789 717; x_wconf 89' lang='lat' dir='ltr'><strong>decurrendo</strong></span> <span class='ocrx_word' id='word_1_27' title='bbox 1829 661 2089 729; x_wconf 79' lang='lat' dir='ltr'><strong>replevit,</strong></span> 
     </span>
    </p>
   </div>
   <div class='ocr_carea' id='block_1_6' title="bbox 521 754 2092 828">
    <p class='ocr_par' dir='ltr' id='par_1_6' title="bbox 521 754 2092 828">
     <span class='ocr_line' id='line_1_6' title="bbox 521 754 2092 828; baseline -0.003 -19"><span class='ocrx_word' id='word_1_28' title='bbox 521 757 907 812; x_wconf 82' lang='lat' dir='ltr'><strong>admirantibus</strong></span> <span class='ocrx_word' id='word_1_29' title='bbox 934 757 1176 828; x_wconf 85' lang='lat' dir='ltr'><strong>populis,</strong></span> <span class='ocrx_word' id='word_1_30' title='bbox 1210 755 1486 810; x_wconf 67' lang='lat' dir='ltr'><strong>immensm</strong></span> <span class='ocrx_word' id='word_1_31' title='bbox 1516 755 1702 825; x_wconf 77' lang='lat' dir='ltr'><strong>gratia:</strong></span> <span class='ocrx_word' id='word_1_32' title='bbox 1745 754 1967 807; x_wconf 89' lang='lat' dir='ltr'><strong>Domino</strong></span> <span class='ocrx_word' id='word_1_33' title='bbox 2007 767 2092 806; x_wconf 85' lang='lat' dir='ltr'><strong>re-</strong></span> 
     </span>
    </p>
   </div>
   <div class='ocr_carea' id='block_1_7' title="bbox 519 843 2094 920">
    <p class='ocr_par' dir='ltr' id='par_1_7' title="bbox 519 843 2094 920">
     <span class='ocr_line' id='line_1_7' title="bbox 519 843 2094 920; baseline -0.003 -18"><span class='ocrx_word' id='word_1_34' title='bbox 519 850 782 914; x_wconf 88' lang='lat' dir='ltr'><strong>feruntur,</strong></span> <span class='ocrx_word' id='word_1_35' title='bbox 823 849 912 917; x_wconf 86' lang='lat' dir='ltr'><strong>qui</strong></span> <span class='ocrx_word' id='word_1_36' title='bbox 952 859 1006 903; x_wconf 89' lang='lat' dir='ltr'><strong>et</strong></span> <span class='ocrx_word' id='word_1_37' title='bbox 1042 847 1205 920; x_wconf 64' lang='lat'><strong>764</strong></span> <span class='ocrx_word' id='word_1_38' title='bbox 1245 847 1493 918; x_wconf 82' lang='lat' dir='ltr'><strong>martyris</strong></span> <span class='ocrx_word' id='word_1_39' title='bbox 1530 847 1782 900; x_wconf 79' lang='lat' dir='ltr'><strong>virtutem</strong></span> <span class='ocrx_word' id='word_1_40' title='bbox 1823 843 2094 915; x_wconf 88' lang='lat' dir='ltr'><strong>prodidit,</strong></span> 
     </span>
    </p>
   </div>
   <div class='ocr_carea' id='block_1_8' title="bbox 519 939 1877 1010">
    <p class='ocr_par' dir='ltr' id='par_1_8' title="bbox 519 939 1877 1010">
     <span class='ocr_line' id='line_1_8' title="bbox 519 939 1877 1010; baseline -0.002 -14"><span class='ocrx_word' id='word_1_41' title='bbox 519 950 573 996; x_wconf 89' lang='lat' dir='ltr'><strong>et</strong></span> <span class='ocrx_word' id='word_1_42' title='bbox 601 939 776 996; x_wconf 87' lang='lat' dir='ltr'><strong>fidelis</strong></span> <span class='ocrx_word' id='word_1_43' title='bbox 803 940 887 996; x_wconf 91' lang='lat' dir='ltr'><strong>sui</strong></span> <span class='ocrx_word' id='word_1_44' title='bbox 915 942 1210 997; x_wconf 89' lang='lat' dir='ltr'><strong>orationem</strong></span> <span class='ocrx_word' id='word_1_45' title='bbox 1244 940 1469 1009; x_wconf 88' lang='lat' dir='ltr'><strong>implere</strong></span> <span class='ocrx_word' id='word_1_46' title='bbox 1497 939 1748 1010; x_wconf 88' lang='lat' dir='ltr'><strong>dignatus</strong></span> <span class='ocrx_word' id='word_1_47' title='bbox 1774 947 1877 994; x_wconf 91' lang='lat' dir='ltr'><strong>est.</strong></span> 
     </span>
    </p>
   </div>
   <div class='ocr_carea' id='block_1_9' title="bbox 1031 1051 1587 1110">
    <p class='ocr_par' dir='ltr' id='par_1_9' title="bbox 1031 1051 1587 1110">
     <span class='ocr_line' id='line_1_9' title="bbox 1031 1051 1587 1110; baseline -0.004 0"><span class='ocrx_word' id='word_1_48' title='bbox 1031 1053 1258 1110; x_wconf 80' lang='lat' dir='ltr'><strong>CAPUT</strong></span> <span class='ocrx_word' id='word_1_49' title='bbox 1299 1051 1587 1108; x_wconf 78' lang='lat' dir='ltr'><strong>XXXVIII.</strong></span> 
     </span>
    </p>
   </div>
   <div class='ocr_carea' id='block_1_10' title="bbox 956 1167 1672 1238">
    <p class='ocr_par' dir='ltr' id='par_1_10' title="bbox 956 1167 1672 1238">
     <span class='ocr_line' id='line_1_10' title="bbox 956 1167 1672 1238; baseline -0.007 -15"><span class='ocrx_word' id='word_1_50' title='bbox 956 1168 1033 1224; x_wconf 81' lang='lat' dir='ltr'><strong>De</strong></span> <span class='ocrx_word' id='word_1_51' title='bbox 1063 1168 1134 1226; x_wconf 84' lang='lat' dir='ltr'><strong>Ch</strong></span> <span class='ocrx_word' id='word_1_52' title='bbox 1144 1167 1386 1238; x_wconf 79' lang='lat' dir='ltr'><strong>rysantho</strong></span> <span class='ocrx_word' id='word_1_53' title='bbox 1432 1177 1672 1236; x_wconf 78' lang='lat' dir='ltr'><strong>martyre.</strong></span> 
     </span>
    </p>
   </div>
   <div class='ocr_carea' id='block_1_11' title="bbox 596 1276 2099 1358">
    <p class='ocr_par' dir='ltr' id='par_1_11' title="bbox 596 1276 2099 1358">
     <span class='ocr_line' id='line_1_11' title="bbox 596 1276 2099 1358; baseline -0.008 -16"><span class='ocrx_word' id='word_1_54' title='bbox 596 1286 963 1358; x_wconf 85' lang='lat' dir='ltr'><strong>Chrysanthus</strong></span> <span class='ocrx_word' id='word_1_55' title='bbox 990 1295 1014 1321; x_wconf 75' lang='grc' dir='ltr'><strong>ιι</strong></span> <span class='ocrx_word' id='word_1_56' title='bbox 1045 1294 1268 1354; x_wconf 82' lang='lat' dir='ltr'><strong>martyr,</strong></span> <span class='ocrx_word' id='word_1_57' title='bbox 1301 1292 1359 1336; x_wconf 92' lang='lat' dir='ltr'><strong>ut</strong></span> <span class='ocrx_word' id='word_1_58' title='bbox 1387 1281 1611 1336; x_wconf 84' lang='lat' dir='ltr'><strong>historia</strong></span> <span class='ocrx_word' id='word_1_59' title='bbox 1640 1276 1899 1349; x_wconf 80' lang='lat' dir='ltr'><strong>passionis</strong></span> <span class='ocrx_word' id='word_1_60' title='bbox 1923 1277 2099 1332; x_wconf 85' lang='lat' dir='ltr'><strong>deela-</strong></span> 
     </span>
    </p>
   </div>
   <div class='ocr_carea' id='block_1_12' title="bbox 512 1371 2097 1450">
    <p class='ocr_par' dir='ltr' id='par_1_12' title="bbox 512 1371 2097 1450">
     <span class='ocr_line' id='line_1_12' title="bbox 512 1371 2097 1450; baseline -0.005 -18"><span class='ocrx_word' id='word_1_61' title='bbox 512 1390 603 1436; x_wconf 89' lang='lat' dir='ltr'><strong>rat</strong></span> <span class='ocrx_word' id='word_1_62' title='bbox 631 1380 694 1447; x_wconf 70' lang='grc' dir='ltr'><strong>δ,</strong></span> <span class='ocrx_word' id='word_1_63' title='bbox 740 1390 861 1450; x_wconf 89' lang='lat' dir='ltr'><strong>post</strong></span> <span class='ocrx_word' id='word_1_64' title='bbox 902 1388 1176 1448; x_wconf 82' lang='lat' dir='ltr'><strong>acceptam</strong></span> <span class='ocrx_word' id='word_1_65' title='bbox 1219 1378 1463 1448; x_wconf 83' lang='lat' dir='ltr'><strong>martyrii</strong></span> <span class='ocrx_word' id='word_1_66' title='bbox 1505 1389 1752 1430; x_wconf 84' lang='lat' dir='ltr'><strong>coronam</strong></span> <span class='ocrx_word' id='word_1_67' title='bbox 1781 1389 1902 1428; x_wconf 88' lang='lat' dir='ltr'><strong>cum</strong></span> <span class='ocrx_word' id='word_1_68' title='bbox 1944 1371 2097 1426; x_wconf 88' lang='lat' dir='ltr'><strong>Daria</strong></span> 
     </span>
    </p>
   </div>
   <div class='ocr_carea' id='block_1_13' title="bbox 508 1463 2100 1540">
    <p class='ocr_par' dir='ltr' id='par_1_13' title="bbox 508 1463 2100 1540">
     <span class='ocr_line' id='line_1_13' title="bbox 508 1463 2100 1540; baseline -0.002 -21"><span class='ocrx_word' id='word_1_69' title='bbox 508 1468 754 1540; x_wconf 79' lang='lat' dir='ltr'><strong>virgine,</strong></span> <span class='ocrx_word' id='word_1_70' title='bbox 787 1470 955 1524; x_wconf 85' lang='lat' dir='ltr'><strong>multa</strong></span> <span class='ocrx_word' id='word_1_71' title='bbox 988 1469 1194 1538; x_wconf 80' lang='lat' dir='ltr'><strong>populis</strong></span> <span class='ocrx_word' id='word_1_72' title='bbox 1225 1468 1511 1521; x_wconf 89' lang='lat' dir='ltr'><strong>sanitatum</strong></span> <span class='ocrx_word' id='word_1_73' title='bbox 1544 1465 1799 1522; x_wconf 88' lang='lat' dir='ltr'><strong>beueticia</strong></span> <span class='ocrx_word' id='word_1_74' title='bbox 1835 1463 2100 1518; x_wconf 82' lang='lat' dir='ltr'><strong>tribuebat</strong></span> 
     </span>
    </p>
   </div>
   <div class='ocr_carea' id='block_1_14' title="bbox 516 1555 2097 1628">
    <p class='ocr_par' dir='ltr' id='par_1_14' title="bbox 516 1555 2097 1628">
     <span class='ocr_line' id='line_1_14' title="bbox 516 1555 2097 1628; baseline -0.004 -15"><span class='ocrx_word' id='word_1_75' title='bbox 516 1557 642 1623; x_wconf 80' lang='lat' dir='ltr'><strong>(An.</strong></span> <span class='ocrx_word' id='word_1_76' title='bbox 670 1561 796 1624; x_wconf 70' lang='lat'><strong>2.37,</strong></span> <span class='ocrx_word' id='word_1_77' title='bbox 825 1560 900 1613; x_wconf 81' lang='lat' dir='ltr'><strong>uel</strong></span> <span class='ocrx_word' id='word_1_78' title='bbox 919 1557 1049 1623; x_wconf 70' lang='lat'><strong>283,</strong></span> <span class='ocrx_word' id='word_1_79' title='bbox 1072 1559 1142 1611; x_wconf 67' lang='lat'><strong>25</strong></span> <span class='ocrx_word' id='word_1_80' title='bbox 1171 1557 1398 1628; x_wconf 89' lang='lat' dir='ltr'><strong>0ctob.).</strong></span> <span class='ocrx_word' id='word_1_81' title='bbox 1429 1557 1494 1612; x_wconf 78' lang='lat' dir='ltr'><strong>Et</strong></span> <span class='ocrx_word' id='word_1_82' title='bbox 1514 1558 1584 1611; x_wconf 92' lang='lat' dir='ltr'><strong>ob</strong></span> <span class='ocrx_word' id='word_1_83' title='bbox 1606 1558 1706 1610; x_wconf 85' lang='lat' dir='ltr'><strong>hoc</strong></span> <span class='ocrx_word' id='word_1_84' title='bbox 1728 1555 1886 1610; x_wconf 89' lang='lat' dir='ltr'><strong>etiam</strong></span> <span class='ocrx_word' id='word_1_85' title='bbox 1914 1562 2097 1624; x_wconf 83' lang='lat' dir='ltr'><strong>crypta</strong></span> 
     </span>
    </p>
   </div>
   <div class='ocr_carea' id='block_1_15' title="bbox 513 1647 2097 1722">
    <p class='ocr_par' dir='ltr' id='par_1_15' title="bbox 513 1647 2097 1722">
     <span class='ocr_line' id='line_1_15' title="bbox 513 1647 2097 1722; baseline -0.006 -14"><span class='ocrx_word' id='word_1_86' title='bbox 513 1666 680 1722; x_wconf 85' lang='lat' dir='ltr'><strong>super</strong></span> <span class='ocrx_word' id='word_1_87' title='bbox 706 1667 799 1707; x_wconf 90' lang='lat' dir='ltr'><strong>eos</strong></span> <span class='ocrx_word' id='word_1_88' title='bbox 831 1651 968 1705; x_wconf 85' lang='lat' dir='ltr'><strong>miro</strong></span> <span class='ocrx_word' id='word_1_89' title='bbox 993 1666 1155 1718; x_wconf 87' lang='lat' dir='ltr'><strong>upere</strong></span> <span class='ocrx_word' id='word_1_90' title='bbox 1186 1649 1443 1705; x_wconf 88' lang='lat' dir='ltr'><strong>fabricata</strong></span> <span class='ocrx_word' id='word_1_91' title='bbox 1473 1659 1588 1712; x_wconf 89' lang='lat' dir='ltr'><strong>est,</strong></span> <span class='ocrx_word' id='word_1_92' title='bbox 1613 1663 1767 1717; x_wconf 66' lang='lat' dir='ltr'><strong>quae,</strong></span> <span class='ocrx_word' id='word_1_93' title='bbox 1798 1647 1849 1700; x_wconf 92' lang='lat' dir='ltr'><strong>in</strong></span> <span class='ocrx_word' id='word_1_94' title='bbox 1879 1661 2097 1700; x_wconf 78' lang='lat' dir='ltr'><strong>arcuum</strong></span> 
     </span>
    </p>
   </div>
   <div class='ocr_carea' id='block_1_16' title="bbox 515 1738 2095 1805">
    <p class='ocr_par' dir='ltr' id='par_1_16' title="bbox 515 1738 2095 1805">
     <span class='ocr_line' id='line_1_16' title="bbox 515 1738 2095 1805; baseline -0.003 -9"><span class='ocrx_word' id='word_1_95' title='bbox 515 1743 682 1798; x_wconf 85' lang='lat' dir='ltr'><strong>modo</strong></span> <span class='ocrx_word' id='word_1_96' title='bbox 730 1744 1098 1805; x_wconf 87' lang='lat' dir='ltr'><strong>transvoluta,</strong></span> <span class='ocrx_word' id='word_1_97' title='bbox 1150 1743 1457 1797; x_wconf 86' lang='lat' dir='ltr'><strong>firmissima</strong></span> <span class='ocrx_word' id='word_1_98' title='bbox 1506 1741 1795 1795; x_wconf 90' lang='lat' dir='ltr'><strong>stabilitate</strong></span> <span class='ocrx_word' id='word_1_99' title='bbox 1837 1738 2095 1793; x_wconf 81' lang='lat' dir='ltr'><strong>subsistit.</strong></span> 
     </span>
    </p>
   </div>
   <div class='ocr_carea' id='block_1_17' title="bbox 522 1831 2100 1906">
    <p class='ocr_par' dir='ltr' id='par_1_17' title="bbox 522 1831 2100 1906">
     <span class='ocr_line' id='line_1_17' title="bbox 522 1831 2100 1906; baseline -0.006 -13"><span class='ocrx_word' id='word_1_100' title='bbox 522 1838 765 1906; x_wconf 87' lang='lat' dir='ltr'><strong>Denique</strong></span> <span class='ocrx_word' id='word_1_101' title='bbox 792 1851 914 1891; x_wconf 89' lang='lat' dir='ltr'><strong>cum</strong></span> <span class='ocrx_word' id='word_1_102' title='bbox 943 1837 1008 1889; x_wconf 91' lang='lat' dir='ltr'><strong>ad</strong></span> <span class='ocrx_word' id='word_1_103' title='bbox 1039 1836 1157 1902; x_wconf 74' lang='lat' dir='ltr'><strong>ejus</strong></span> <span class='ocrx_word' id='word_1_104' title='bbox 1200 1837 1334 1889; x_wconf 87' lang='lat' dir='ltr'><strong>festa</strong></span> <span class='ocrx_word' id='word_1_105' title='bbox 1383 1834 1702 1903; x_wconf 91' lang='lat' dir='ltr'><strong>populorum</strong></span> <span class='ocrx_word' id='word_1_106' title='bbox 1746 1831 2100 1901; x_wconf 80' lang='lat' dir='ltr'><strong>frequentatio</strong></span> 
     </span>
    </p>
   </div>
   <div class='ocr_carea' id='block_1_18' title="bbox 2200 659 3811 730">
    <p class='ocr_par' dir='ltr' id='par_1_18' title="bbox 2200 659 3811 730">
     <span class='ocr_line' id='line_1_18' title="bbox 2200 659 3811 730; baseline -0.005 -9"><span class='ocrx_word' id='word_1_107' title='bbox 2200 679 2291 721; x_wconf 84' lang='lat' dir='ltr'><strong>sus</strong></span> <span class='ocrx_word' id='word_1_108' title='bbox 2321 674 2402 718; x_wconf 91' lang='lat' dir='ltr'><strong>est</strong></span> <span class='ocrx_word' id='word_1_109' title='bbox 2432 663 2709 718; x_wconf 71' lang='lat' dir='ltr'><strong>basilicam</strong></span> <span class='ocrx_word' id='word_1_110' title='bbox 2750 663 3069 717; x_wconf 88' lang='lat' dir='ltr'><strong>Sanctorum</strong></span> <span class='ocrx_word' id='word_1_111' title='bbox 3094 701 3110 727; x_wconf 88' lang='lat'><strong>,</strong></span> <span class='ocrx_word' id='word_1_112' title='bbox 3135 660 3332 715; x_wconf 91' lang='lat' dir='ltr'><strong>deinde</strong></span> <span class='ocrx_word' id='word_1_113' title='bbox 3365 676 3456 730; x_wconf 90' lang='lat' dir='ltr'><strong>per</strong></span> <span class='ocrx_word' id='word_1_114' title='bbox 3487 659 3811 713; x_wconf 84' lang='lat' dir='ltr'><strong>fenestram</strong></span> 
     </span>
    </p>
   </div>
   <div class='ocr_carea' id='block_1_19' title="bbox 2200 750 3812 825">
    <p class='ocr_par' dir='ltr' id='par_1_19' title="bbox 2200 750 3812 825">
     <span class='ocr_line' id='line_1_19' title="bbox 2200 750 3812 825; baseline -0.004 -14"><span class='ocrx_word' id='word_1_115' title='bbox 2200 757 2506 825; x_wconf 76' lang='lat' dir='ltr'><strong>ingrediens</strong></span> <span class='ocrx_word' id='word_1_116' title='bbox 2528 755 2776 810; x_wconf 86' lang='lat' dir='ltr'><strong>cellulam</strong></span> <span class='ocrx_word' id='word_1_117' title='bbox 2799 797 2812 820; x_wconf 94' lang='lat'><strong>,</strong></span> <span class='ocrx_word' id='word_1_118' title='bbox 2843 769 2905 808; x_wconf 92' lang='lat' dir='ltr'><strong>ac</strong></span> <span class='ocrx_word' id='word_1_119' title='bbox 2935 769 3030 822; x_wconf 88' lang='lat' dir='ltr'><strong>per</strong></span> <span class='ocrx_word' id='word_1_120' title='bbox 3058 753 3437 808; x_wconf 86' lang='lat' dir='ltr'><strong>obscuritatem</strong></span> <span class='ocrx_word' id='word_1_121' title='bbox 3473 753 3647 806; x_wconf 72' lang='lat' dir='ltr'><strong>noctis</strong></span> <span class='ocrx_word' id='word_1_122' title='bbox 3683 750 3812 820; x_wconf 75' lang='lat' dir='ltr'><strong>pal-</strong></span> 
     </span>
    </p>
   </div>
   <div class='ocr_carea' id='block_1_20' title="bbox 2198 842 3813 918">
    <p class='ocr_par' dir='ltr' id='par_1_20' title="bbox 2198 842 3813 918">
     <span class='ocr_line' id='line_1_20' title="bbox 2198 842 3813 918; baseline -0.003 -16"><span class='ocrx_word' id='word_1_123' title='bbox 2198 863 2331 918; x_wconf 88' lang='lat' dir='ltr'><strong>pans</strong></span> <span class='ocrx_word' id='word_1_124' title='bbox 2355 848 2624 913; x_wconf 89' lang='lat' dir='ltr'><strong>manibus,</strong></span> <span class='ocrx_word' id='word_1_125' title='bbox 2654 848 2862 916; x_wconf 89' lang='lat' dir='ltr'><strong>aliquos</strong></span> <span class='ocrx_word' id='word_1_126' title='bbox 2887 845 2956 901; x_wconf 89' lang='lat' dir='ltr'><strong>de</strong></span> <span class='ocrx_word' id='word_1_127' title='bbox 2984 845 3163 902; x_wconf 87' lang='lat' dir='ltr'><strong>urceis</strong></span> <span class='ocrx_word' id='word_1_128' title='bbox 3190 845 3359 914; x_wconf 88' lang='lat' dir='ltr'><strong>capit:</strong></span> <span class='ocrx_word' id='word_1_129' title='bbox 3387 844 3579 898; x_wconf 89' lang='lat' dir='ltr'><strong>deinde</strong></span> <span class='ocrx_word' id='word_1_130' title='bbox 3598 842 3813 913; x_wconf 79' lang='lat' dir='ltr'><strong>egredi</strong></span> 
     </span>
    </p>
   </div>
   <div class='ocr_carea' id='block_1_21' title="bbox 2197 938 3808 1009">
    <p class='ocr_par' dir='ltr' id='par_1_21' title="bbox 2197 938 3808 1009">
     <span class='ocr_line' id='line_1_21' title="bbox 2197 938 3808 1009; baseline -0.004 -13"><span class='ocrx_word' id='word_1_131' title='bbox 2197 955 2318 996; x_wconf 91' lang='lat' dir='ltr'><strong>cum</strong></span> <span class='ocrx_word' id='word_1_132' title='bbox 2349 940 2525 1009; x_wconf 84' lang='lat' dir='ltr'><strong>praeda</strong></span> <span class='ocrx_word' id='word_1_133' title='bbox 2554 941 2778 1009; x_wconf 88' lang='lat' dir='ltr'><strong>cupiens</strong></span> <span class='ocrx_word' id='word_1_134' title='bbox 2799 980 2813 1005; x_wconf 95' lang='lat'><strong>,</strong></span> <span class='ocrx_word' id='word_1_135' title='bbox 2846 953 2944 1008; x_wconf 89' lang='lat' dir='ltr'><strong>per</strong></span> <span class='ocrx_word' id='word_1_136' title='bbox 2975 945 3140 992; x_wconf 89' lang='lat' dir='ltr'><strong>totam</strong></span> <span class='ocrx_word' id='word_1_137' title='bbox 3180 947 3391 991; x_wconf 90' lang='lat' dir='ltr'><strong>noctem</strong></span> <span class='ocrx_word' id='word_1_138' title='bbox 3421 938 3766 991; x_wconf 81' lang='lat' dir='ltr'><strong>circumiens</strong></span> <span class='ocrx_word' id='word_1_139' title='bbox 3790 979 3808 1002; x_wconf 90' lang='lat'><strong>,</strong></span> 
     </span>
    </p>
   </div>
   <div class='ocr_carea' id='block_1_22' title="bbox 2199 1029 3811 1102">
    <p class='ocr_par' dir='ltr' id='par_1_22' title="bbox 2199 1029 3811 1102">
     <span class='ocr_line' id='line_1_22' title="bbox 2199 1029 3811 1102; baseline -0.003 -15"><span class='ocrx_word' id='word_1_140' title='bbox 2199 1047 2468 1102; x_wconf 87' lang='lat' dir='ltr'><strong>nunquam</strong></span> <span class='ocrx_word' id='word_1_141' title='bbox 2501 1031 2673 1099; x_wconf 88' lang='lat' dir='ltr'><strong>potuit</strong></span> <span class='ocrx_word' id='word_1_142' title='bbox 2713 1031 2917 1085; x_wconf 86' lang='lat' dir='ltr'><strong>aditum</strong></span> <span class='ocrx_word' id='word_1_143' title='bbox 2961 1029 3102 1084; x_wconf 91' lang='lat' dir='ltr'><strong>unde</strong></span> <span class='ocrx_word' id='word_1_144' title='bbox 3131 1029 3404 1098; x_wconf 70' lang='lat' dir='ltr'><strong>ingressus</strong></span> <span class='ocrx_word' id='word_1_145' title='bbox 3434 1030 3605 1083; x_wconf 82' lang='lat' dir='ltr'><strong>fuerat</strong></span> <span class='ocrx_word' id='word_1_146' title='bbox 3641 1045 3811 1097; x_wconf 86' lang='lat' dir='ltr'><strong>repe-</strong></span> 
     </span>
    </p>
   </div>
   <div class='ocr_carea' id='block_1_23' title="bbox 2200 1123 3809 1194">
    <p class='ocr_par' dir='ltr' id='par_1_23' title="bbox 2200 1123 3809 1194">
     <span class='ocr_line' id='line_1_23' title="bbox 2200 1123 3809 1194; baseline -0.001 -15"><span class='ocrx_word' id='word_1_147' title='bbox 2200 1127 2332 1180; x_wconf 91' lang='lat' dir='ltr'><strong>rire.</strong></span> <span class='ocrx_word' id='word_1_148' title='bbox 2379 1126 2513 1179; x_wconf 86' lang='lat' dir='ltr'><strong>Dato</strong></span> <span class='ocrx_word' id='word_1_149' title='bbox 2543 1140 2674 1179; x_wconf 90' lang='lat' dir='ltr'><strong>vero</strong></span> <span class='ocrx_word' id='word_1_150' title='bbox 2700 1125 2786 1180; x_wconf 91' lang='lat' dir='ltr'><strong>die</strong></span> <span class='ocrx_word' id='word_1_151' title='bbox 2807 1165 2822 1190; x_wconf 94' lang='lat'><strong>,</strong></span> <span class='ocrx_word' id='word_1_152' title='bbox 2855 1123 2981 1179; x_wconf 91' lang='lat' dir='ltr'><strong>dum</strong></span> <span class='ocrx_word' id='word_1_153' title='bbox 3010 1139 3173 1194; x_wconf 87' lang='lat' dir='ltr'><strong>opera</strong></span> <span class='ocrx_word' id='word_1_154' title='bbox 3205 1138 3299 1178; x_wconf 88' lang='lat' dir='ltr'><strong>sua</strong></span> <span class='ocrx_word' id='word_1_155' title='bbox 3331 1125 3507 1194; x_wconf 82' lang='lat' dir='ltr'><strong>obtegi</strong></span> <span class='ocrx_word' id='word_1_156' title='bbox 3533 1125 3809 1179; x_wconf 78' lang='lat' dir='ltr'><strong>conscius</strong></span> 
     </span>
    </p>
   </div>
   <div class='ocr_carea' id='block_1_24' title="bbox 2198 1215 3801 1286">
    <p class='ocr_par' dir='ltr' id='par_1_24' title="bbox 2198 1215 3801 1286">
     <span class='ocr_line' id='line_1_24' title="bbox 2198 1215 3801 1286; baseline -0.002 -14"><span class='ocrx_word' id='word_1_157' title='bbox 2198 1217 2421 1272; x_wconf 81' lang='lat' dir='ltr'><strong>sceleris</strong></span> <span class='ocrx_word' id='word_1_158' title='bbox 2450 1217 2650 1282; x_wconf 87' lang='lat' dir='ltr'><strong>voluit,</strong></span> <span class='ocrx_word' id='word_1_159' title='bbox 2675 1216 2829 1286; x_wconf 82' lang='lat' dir='ltr'><strong>juxta</strong></span> <span class='ocrx_word' id='word_1_160' title='bbox 2863 1215 2994 1270; x_wconf 91' lang='lat' dir='ltr'><strong>illud</strong></span> <span class='ocrx_word' id='word_1_161' title='bbox 3026 1215 3280 1270; x_wconf 82' lang='lat' dir='ltr'><strong>dominici</strong></span> <span class='ocrx_word' id='word_1_162' title='bbox 3305 1217 3507 1269; x_wconf 89' lang='lat' dir='ltr'><strong>oraculi</strong></span> <span class='ocrx_word' id='word_1_163' title='bbox 3538 1216 3760 1270; x_wconf 84' lang='lat' dir='ltr'><strong>dictum</strong></span> <span class='ocrx_word' id='word_1_164' title='bbox 3784 1257 3801 1282; x_wconf 92' lang='lat'><strong>,</strong></span> 
     </span>
    </p>
   </div>
   <div class='ocr_carea' id='block_1_25' title="bbox 2200 1307 3807 1379">
    <p class='ocr_par' dir='ltr' id='par_1_25' title="bbox 2200 1307 3807 1379">
     <span class='ocr_line' id='line_1_25' title="bbox 2200 1307 3807 1379; baseline 0 -19"><span class='ocrx_word' id='word_1_165' title='bbox 2200 1311 2339 1378; x_wconf 92' lang='lat' dir='ltr'><strong>quod</strong></span> <span class='ocrx_word' id='word_1_166' title='bbox 2373 1309 2552 1362; x_wconf 83' lang='lat' dir='ltr'><strong>Omnis</strong></span> <span class='ocrx_word' id='word_1_167' title='bbox 2580 1310 2665 1378; x_wconf 85' lang='lat' dir='ltr'><strong>qui</strong></span> <span class='ocrx_word' id='word_1_168' title='bbox 2693 1307 2828 1362; x_wconf 81' lang='lat' dir='ltr'><strong>male</strong></span> <span class='ocrx_word' id='word_1_169' title='bbox 2853 1309 2962 1379; x_wconf 84' lang='lat' dir='ltr'><strong>agit</strong></span> <span class='ocrx_word' id='word_1_170' title='bbox 3003 1308 3109 1360; x_wconf 83' lang='lat' dir='ltr'><strong>odit</strong></span> <span class='ocrx_word' id='word_1_171' title='bbox 3151 1308 3346 1372; x_wconf 73' lang='lat' dir='ltr'><strong>lucent,</strong></span> <span class='ocrx_word' id='word_1_172' title='bbox 3388 1319 3440 1361; x_wconf 86' lang='lat' dir='ltr'><strong>ut</strong></span> <span class='ocrx_word' id='word_1_173' title='bbox 3481 1324 3581 1360; x_wconf 78' lang='lat' dir='ltr'><strong>non</strong></span> <span class='ocrx_word' id='word_1_174' title='bbox 3623 1309 3807 1360; x_wconf 70' lang='grc' dir='ltr'><strong>ηηιηίο</strong></span> 
     </span>
    </p>
   </div>
   <div class='ocr_carea' id='block_1_26' title="bbox 2200 1396 3806 1472">
    <p class='ocr_par' dir='ltr' id='par_1_26' title="bbox 2200 1396 3806 1472">
     <span class='ocr_line' id='line_1_26' title="bbox 2200 1396 3806 1472; baseline -0.001 -18"><span class='ocrx_word' id='word_1_175' title='bbox 2200 1401 2444 1472; x_wconf 61' lang='lat' dir='ltr'><strong>[citentur</strong></span> <span class='ocrx_word' id='word_1_176' title='bbox 2474 1415 2633 1468; x_wconf 76' lang='lat' dir='ltr'><strong>Opera</strong></span> <span class='ocrx_word' id='word_1_177' title='bbox 2659 1401 2771 1470; x_wconf 80' lang='lat' dir='ltr'><strong>ejus</strong></span> <span class='ocrx_word' id='word_1_178' title='bbox 2803 1397 2992 1469; x_wconf 89' lang='lat' dir='ltr'><strong>(Joan.</strong></span> <span class='ocrx_word' id='word_1_179' title='bbox 3024 1413 3084 1452; x_wconf 86' lang='grc' dir='ltr'><strong>ιιι</strong></span> <span class='ocrx_word' id='word_1_180' title='bbox 3104 1441 3119 1465; x_wconf 84' lang='grc'><em>,</em></span> <span class='ocrx_word' id='word_1_181' title='bbox 3151 1397 3221 1451; x_wconf 74' lang='lat'><strong>20</strong></span> <span class='ocrx_word' id='word_1_182' title='bbox 3243 1396 3261 1468; x_wconf 96' lang='lat'>)</span> <span class='ocrx_word' id='word_1_183' title='bbox 3282 1437 3300 1464; x_wconf 89' lang='lat'><strong>,</strong></span> <span class='ocrx_word' id='word_1_184' title='bbox 3329 1398 3614 1453; x_wconf 83' lang='lat' dir='ltr'><strong>occultavit</strong></span> <span class='ocrx_word' id='word_1_185' title='bbox 3647 1414 3714 1453; x_wconf 88' lang='lat' dir='ltr'><strong>se</strong></span> <span class='ocrx_word' id='word_1_186' title='bbox 3751 1400 3806 1452; x_wconf 89' lang='lat' dir='ltr'><strong>in</strong></span> 
     </span>
    </p>
   </div>
   <div class='ocr_carea' id='block_1_27' title="bbox 2199 1489 3804 1564">
    <p class='ocr_par' dir='ltr' id='par_1_27' title="bbox 2199 1489 3804 1564">
     <span class='ocr_line' id='line_1_27' title="bbox 2199 1489 3804 1564; baseline -0.002 -16"><span class='ocrx_word' id='word_1_187' title='bbox 2199 1495 2393 1564; x_wconf 80' lang='lat' dir='ltr'><strong>angulo</strong></span> <span class='ocrx_word' id='word_1_188' title='bbox 2433 1493 2644 1548; x_wconf 64' lang='lat' dir='ltr'><strong>cellulae</strong></span> <span class='ocrx_word' id='word_1_189' title='bbox 2677 1500 2784 1545; x_wconf 90' lang='lat' dir='ltr'><strong>tota</strong></span> <span class='ocrx_word' id='word_1_190' title='bbox 2813 1491 2899 1546; x_wconf 93' lang='lat' dir='ltr'><strong>die</strong></span> <span class='ocrx_word' id='word_1_191' title='bbox 2930 1507 2996 1545; x_wconf 91' lang='lat' dir='ltr'><strong>ne</strong></span> <span class='ocrx_word' id='word_1_192' title='bbox 3024 1489 3312 1546; x_wconf 88' lang='lat' dir='ltr'><strong>videretur.</strong></span> <span class='ocrx_word' id='word_1_193' title='bbox 3355 1490 3613 1559; x_wconf 89' lang='lat' dir='ltr'><strong>Sequenti</strong></span> <span class='ocrx_word' id='word_1_194' title='bbox 3662 1507 3804 1544; x_wconf 73' lang='lat' dir='ltr'><strong>Vero</strong></span> 
     </span>
    </p>
   </div>
   <div class='ocr_carea' id='block_1_28' title="bbox 2201 1584 3803 1656">
    <p class='ocr_par' dir='ltr' id='par_1_28' title="bbox 2201 1584 3803 1656">
     <span class='ocr_line' id='line_1_28' title="bbox 2201 1584 3803 1656; baseline -0.004 -15"><span class='ocrx_word' id='word_1_195' title='bbox 2201 1598 2359 1641; x_wconf 87' lang='lat' dir='ltr'><strong>nocte</strong></span> <span class='ocrx_word' id='word_1_196' title='bbox 2388 1587 2630 1656; x_wconf 70' lang='lat' dir='ltr'><strong>qumsivit</strong></span> <span class='ocrx_word' id='word_1_197' title='bbox 2662 1586 2858 1640; x_wconf 86' lang='lat' dir='ltr'><strong>iterum</strong></span> <span class='ocrx_word' id='word_1_198' title='bbox 2891 1584 3125 1651; x_wconf 89' lang='lat' dir='ltr'><strong>aditum,</strong></span> <span class='ocrx_word' id='word_1_199' title='bbox 3156 1584 3251 1638; x_wconf 89' lang='lat' dir='ltr'><strong>sed</strong></span> <span class='ocrx_word' id='word_1_200' title='bbox 3281 1585 3518 1652; x_wconf 88' lang='lat' dir='ltr'><strong>reperire</strong></span> <span class='ocrx_word' id='word_1_201' title='bbox 3552 1600 3662 1636; x_wconf 90' lang='lat' dir='ltr'><strong>non</strong></span> <span class='ocrx_word' id='word_1_202' title='bbox 3704 1599 3803 1651; x_wconf 82' lang='lat' dir='ltr'><strong>po-</strong></span> 
     </span>
    </p>
   </div>
   <div class='ocr_carea' id='block_1_29' title="bbox 2202 1674 3801 1746">
    <p class='ocr_par' dir='ltr' id='par_1_29' title="bbox 2202 1674 3801 1746">
     <span class='ocr_line' id='line_1_29' title="bbox 2202 1674 3801 1746; baseline -0.001 -16"><span class='ocrx_word' id='word_1_203' title='bbox 2202 1681 2322 1731; x_wconf 90' lang='lat' dir='ltr'><strong>tuit.</strong></span> <span class='ocrx_word' id='word_1_204' title='bbox 2355 1677 2444 1732; x_wconf 90' lang='lat' dir='ltr'><strong>Sic</strong></span> <span class='ocrx_word' id='word_1_205' title='bbox 2475 1693 2569 1746; x_wconf 91' lang='lat' dir='ltr'><strong>per</strong></span> <span class='ocrx_word' id='word_1_206' title='bbox 2615 1679 2772 1731; x_wconf 89' lang='lat' dir='ltr'><strong>trium</strong></span> <span class='ocrx_word' id='word_1_207' title='bbox 2813 1676 3049 1730; x_wconf 90' lang='lat' dir='ltr'><strong>noctium</strong></span> <span class='ocrx_word' id='word_1_208' title='bbox 3094 1675 3358 1730; x_wconf 89' lang='lat' dir='ltr'><strong>curricula</strong></span> <span class='ocrx_word' id='word_1_209' title='bbox 3402 1675 3547 1729; x_wconf 89' lang='lat' dir='ltr'><strong>fecit.</strong></span> <span class='ocrx_word' id='word_1_210' title='bbox 3604 1674 3801 1729; x_wconf 75' lang='lat' dir='ltr'><strong>Tertia</strong></span> 
     </span>
    </p>
   </div>
   <div class='ocr_carea' id='block_1_30' title="bbox 2201 1767 3800 1840">
    <p class='ocr_par' dir='ltr' id='par_1_30' title="bbox 2201 1767 3800 1840">
     <span class='ocr_line' id='line_1_30' title="bbox 2201 1767 3800 1840; baseline -0.001 -19"><span class='ocrx_word' id='word_1_211' title='bbox 2201 1785 2331 1825; x_wconf 77' lang='lat' dir='ltr'><strong>vero</strong></span> <span class='ocrx_word' id='word_1_212' title='bbox 2362 1769 2445 1822; x_wconf 85' lang='lat' dir='ltr'><strong>die</strong></span> <span class='ocrx_word' id='word_1_213' title='bbox 2472 1783 2593 1822; x_wconf 91' lang='lat' dir='ltr'><strong>cum</strong></span> <span class='ocrx_word' id='word_1_214' title='bbox 2621 1767 2731 1840; x_wconf 86' lang='lat' dir='ltr'><strong>jam</strong></span> <span class='ocrx_word' id='word_1_215' title='bbox 2763 1768 2903 1822; x_wconf 90' lang='lat' dir='ltr'><strong>fame</strong></span> <span class='ocrx_word' id='word_1_216' title='bbox 2931 1767 3285 1833; x_wconf 87' lang='lat' dir='ltr'><strong>cruciaretur,</strong></span> <span class='ocrx_word' id='word_1_217' title='bbox 3332 1769 3558 1822; x_wconf 87' lang='lat' dir='ltr'><strong>accessit</strong></span> <span class='ocrx_word' id='word_1_218' title='bbox 3601 1783 3800 1820; x_wconf 88' lang='lat' dir='ltr'><strong>coram</strong></span> 
     </span>
    </p>
   </div>
   <div class='ocr_carea' id='block_1_31' title="bbox 2199 1858 3802 1932">
    <p class='ocr_par' dir='ltr' id='par_1_31' title="bbox 2199 1858 3802 1932">
     <span class='ocr_line' id='line_1_31' title="bbox 2199 1858 3802 1932; baseline -0.002 -17"><span class='ocrx_word' id='word_1_219' title='bbox 2199 1861 2396 1932; x_wconf 61' lang='lat' dir='ltr'><strong>poivulo</strong></span> <span class='ocrx_word' id='word_1_220' title='bbox 2421 1861 2485 1914; x_wconf 88' lang='lat' dir='ltr'><strong>ad</strong></span> <span class='ocrx_word' id='word_1_221' title='bbox 2512 1860 2838 1926; x_wconf 88' lang='lat' dir='ltr'><strong>fenestram,</strong></span> <span class='ocrx_word' id='word_1_222' title='bbox 2863 1868 2916 1914; x_wconf 93' lang='lat' dir='ltr'><strong>ct</strong></span> <span class='ocrx_word' id='word_1_223' title='bbox 2939 1859 3127 1914; x_wconf 89' lang='lat' dir='ltr'><strong>relicto</strong></span> <span class='ocrx_word' id='word_1_224' title='bbox 3150 1867 3369 1931; x_wconf 77' lang='lat' dir='ltr'><strong>argento</strong></span> <span class='ocrx_word' id='word_1_225' title='bbox 3396 1858 3686 1913; x_wconf 85' lang='lat' dir='ltr'><strong>confessus</strong></span> <span class='ocrx_word' id='word_1_226' title='bbox 3716 1867 3802 1912; x_wconf 83' lang='lat' dir='ltr'><strong>est</strong></span> 
     </span>
    </p>
   </div>
   <div class='ocr_carea' id='block_1_32' title="bbox 515 1925 3800 2024">
    <p class='ocr_par' dir='ltr' id='par_1_32' title="bbox 515 1925 3800 2024">
     <span class='ocr_line' id='line_1_32' title="bbox 515 1925 3800 2024; baseline -0 -44"><span class='ocrx_word' id='word_1_227' title='bbox 515 1929 896 1994; x_wconf 78' lang='lat' dir='ltr'><strong>tottfluxisset,</strong></span> <span class='ocrx_word' id='word_1_228' title='bbox 926 1929 1294 1998; x_wconf 86' lang='lat' dir='ltr'><strong>iniquissimus</strong></span> <span class='ocrx_word' id='word_1_229' title='bbox 1324 1927 1618 2024; x_wconf 72' lang='lat' dir='ltr'><strong>imperator</strong></span> <span class='ocrx_word' id='word_1_230' title='bbox 1648 1935 1887 2024; x_wconf 73' lang='lat' dir='ltr'><strong>erectum</strong></span> <span class='ocrx_word' id='word_1_231' title='bbox 1934 1927 1996 2024; x_wconf 39' lang='lat' dir='ltr'><strong>in.</strong></span> <span class='ocrx_word' id='word_1_232' title='bbox 2025 1925 2092 1980; x_wconf 87' lang='lat' dir='ltr'><strong>il-</strong></span> <span class='ocrx_word' id='word_1_233' title='bbox 2125 1961 2170 2020; x_wconf 73' lang='grc' dir='ltr'><strong>Β</strong></span> <span class='ocrx_word' id='word_1_234' title='bbox 2201 1925 2335 2024; x_wconf 32' lang='lat' dir='ltr'><strong>spius</strong></span> <span class='ocrx_word' id='word_1_235' title='bbox 2361 1968 2514 2007; x_wconf 68' lang='lat' dir='ltr'><strong>suum</strong></span> <span class='ocrx_word' id='word_1_236' title='bbox 2536 1992 2550 2017; x_wconf 42' lang='grc' dir='ltr'><strong>ν</strong></span> <span class='ocrx_word' id='word_1_237' title='bbox 2583 1967 2940 2022; x_wconf 59' lang='lat' dir='ltr'><strong>egressusque</strong></span> <span class='ocrx_word' id='word_1_238' title='bbox 2975 1960 3056 2005; x_wconf 57' lang='lat' dir='ltr'><strong>es,</strong></span> <span class='ocrx_word' id='word_1_239' title='bbox 3083 1925 3374 2004; x_wconf 56' lang='grc' dir='ltr'><strong>[οηέρηω</strong></span> <span class='ocrx_word' id='word_1_240' title='bbox 3405 1965 3598 2019; x_wconf 66' lang='lat' dir='ltr'><strong>magna</strong></span> <span class='ocrx_word' id='word_1_241' title='bbox 3635 1964 3800 2003; x_wconf 60' lang='lat' dir='ltr'><strong>vere,</strong></span> 
     </span>
    </p>
   </div>
   <div class='ocr_carea' id='block_1_33' title="bbox 515 2008 2093 2089">
    <p class='ocr_par' dir='ltr' id='par_1_33' title="bbox 515 2008 2093 2089">
     <span class='ocr_line' id='line_1_33' title="bbox 515 2008 2093 2089; baseline -0.001 -17"><span class='ocrx_word' id='word_1_242' title='bbox 515 2017 619 2073; x_wconf 89' lang='lat' dir='ltr'><strong>lius</strong></span> <span class='ocrx_word' id='word_1_243' title='bbox 645 2027 847 2089; x_wconf 81' lang='lat' dir='ltr'><strong>cryptae</strong></span> <span class='ocrx_word' id='word_1_244' title='bbox 877 2020 1098 2075; x_wconf 89' lang='lat' dir='ltr'><strong>introitu</strong></span> <span class='ocrx_word' id='word_1_245' title='bbox 1132 2019 1388 2088; x_wconf 83' lang='lat' dir='ltr'><strong>parietem</strong></span> <span class='ocrx_word' id='word_1_246' title='bbox 1414 2059 1428 2083; x_wconf 92' lang='lat'><strong>,</strong></span> <span class='ocrx_word' id='word_1_247' title='bbox 1458 2008 1708 2071; x_wconf 84' lang='lat' dir='ltr'><strong>conclusa</strong></span> <span class='ocrx_word' id='word_1_248' title='bbox 1736 2015 2093 2084; x_wconf 83' lang='lat' dir='ltr'><strong>multitudine,</strong></span> 
     </span>
    </p>
   </div>
   <div class='ocr_carea' id='block_1_34' title="bbox 511 2107 2096 2178">
    <p class='ocr_par' dir='ltr' id='par_1_34' title="bbox 511 2107 2096 2178">
     <span class='ocr_line' id='line_1_34' title="bbox 511 2107 2096 2178; baseline 0.001 -16"><span class='ocrx_word' id='word_1_249' title='bbox 511 2109 673 2178; x_wconf 88' lang='lat' dir='ltr'><strong>jttssit</strong></span> <span class='ocrx_word' id='word_1_250' title='bbox 714 2110 882 2165; x_wconf 79' lang='lat' dir='ltr'><strong>adem</strong></span> <span class='ocrx_word' id='word_1_251' title='bbox 930 2126 1091 2166; x_wconf 86' lang='lat' dir='ltr'><strong>arena</strong></span> <span class='ocrx_word' id='word_1_252' title='bbox 1136 2125 1200 2165; x_wconf 90' lang='lat' dir='ltr'><strong>ac</strong></span> <span class='ocrx_word' id='word_1_253' title='bbox 1244 2109 1507 2178; x_wconf 79' lang='lat' dir='ltr'><strong>lapidibus</strong></span> <span class='ocrx_word' id='word_1_254' title='bbox 1544 2109 1739 2178; x_wconf 88' lang='lat' dir='ltr'><strong>operiri</strong></span> <span class='ocrx_word' id='word_1_255' title='bbox 1762 2107 2096 2178; x_wconf 61' lang='lat' dir='ltr'><strong>,gfactusque</strong></span> 
     </span>
    </p>
   </div>
   <div class='ocr_carea' id='block_1_35' title="bbox 513 2199 2094 2272">
    <p class='ocr_par' dir='ltr' id='par_1_35' title="bbox 513 2199 2094 2272">
     <span class='ocr_line' id='line_1_35' title="bbox 513 2199 2094 2272; baseline 0.001 -18"><span class='ocrx_word' id='word_1_256' title='bbox 513 2209 598 2254; x_wconf 89' lang='lat' dir='ltr'><strong>est</strong></span> <span class='ocrx_word' id='word_1_257' title='bbox 623 2200 852 2271; x_wconf 89' lang='lat' dir='ltr'><strong>desuper</strong></span> <span class='ocrx_word' id='word_1_258' title='bbox 884 2216 1040 2256; x_wconf 88' lang='lat' dir='ltr'><strong>mons</strong></span> <span class='ocrx_word' id='word_1_259' title='bbox 1070 2217 1324 2272; x_wconf 89' lang='lat' dir='ltr'><strong>magnus,</strong></span> <span class='ocrx_word' id='word_1_260' title='bbox 1358 2200 1519 2270; x_wconf 87' lang='lat' dir='ltr'><strong>idque</strong></span> <span class='ocrx_word' id='word_1_261' title='bbox 1546 2210 1752 2269; x_wconf 88' lang='lat' dir='ltr'><strong>gestum</strong></span> <span class='ocrx_word' id='word_1_262' title='bbox 1796 2199 2094 2256; x_wconf 86' lang='lat' dir='ltr'><strong>certissime</strong></span> 
     </span>
    </p>
   </div>
   <div class='ocr_carea' id='block_1_36' title="bbox 522 2293 2095 2366">
    <p class='ocr_par' dir='ltr' id='par_1_36' title="bbox 522 2293 2095 2366">
     <span class='ocr_line' id='line_1_36' title="bbox 522 2293 2095 2366; baseline 0 -17"><span class='ocrx_word' id='word_1_263' title='bbox 522 2295 690 2364; x_wconf 89' lang='lat' dir='ltr'><strong>ipsius</strong></span> <span class='ocrx_word' id='word_1_264' title='bbox 739 2295 1081 2352; x_wconf 90' lang='lat' dir='ltr'><strong>manifestant</strong></span> <span class='ocrx_word' id='word_1_265' title='bbox 1125 2295 1320 2364; x_wconf 90' lang='lat' dir='ltr'><strong>scripta</strong></span> <span class='ocrx_word' id='word_1_266' title='bbox 1362 2295 1690 2350; x_wconf 89' lang='lat' dir='ltr'><strong>certaminis.</strong></span> <span class='ocrx_word' id='word_1_267' title='bbox 1739 2293 1869 2360; x_wconf 63' lang='lat' dir='ltr'><strong>Quae</strong></span> <span class='ocrx_word' id='word_1_268' title='bbox 1909 2302 2095 2366; x_wconf 83' lang='lat' dir='ltr'><strong>crypta</strong></span> 
     </span>
    </p>
   </div>
   <div class='ocr_carea' id='block_1_37' title="bbox 511 2384 2089 2457">
    <p class='ocr_par' dir='ltr' id='par_1_37' title="bbox 511 2384 2089 2457">
     <span class='ocr_line' id='line_1_37' title="bbox 511 2384 2089 2457; baseline -0.001 -17"><span class='ocrx_word' id='word_1_269' title='bbox 511 2384 600 2440; x_wconf 91' lang='lat' dir='ltr'><strong>diu</strong></span> <span class='ocrx_word' id='word_1_270' title='bbox 649 2388 748 2442; x_wconf 80' lang='lat' dir='ltr'><strong>sub</strong></span> <span class='ocrx_word' id='word_1_271' title='bbox 799 2389 900 2442; x_wconf 92' lang='lat' dir='ltr'><strong>hoc</strong></span> <span class='ocrx_word' id='word_1_272' title='bbox 949 2387 1251 2446; x_wconf 73' lang='lat' dir='ltr'><strong>velamento</strong></span> <span class='ocrx_word' id='word_1_273' title='bbox 1299 2388 1597 2457; x_wconf 90' lang='lat' dir='ltr'><strong>permansit</strong></span> <span class='ocrx_word' id='word_1_274' title='bbox 1637 2395 1860 2456; x_wconf 89' lang='lat' dir='ltr'><strong>operta,</strong></span> <span class='ocrx_word' id='word_1_275' title='bbox 1914 2385 2089 2440; x_wconf 88' lang='lat' dir='ltr'><strong>donec</strong></span> 
     </span>
    </p>
   </div>
   <div class='ocr_carea' id='block_1_38' title="bbox 513 2476 2093 2546">
    <p class='ocr_par' dir='ltr' id='par_1_38' title="bbox 513 2476 2093 2546">
     <span class='ocr_line' id='line_1_38' title="bbox 513 2476 2093 2546; baseline 0.001 -14"><span class='ocrx_word' id='word_1_276' title='bbox 513 2479 638 2533; x_wconf 87' lang='lat' dir='ltr'><strong>urbs</strong></span> <span class='ocrx_word' id='word_1_277' title='bbox 672 2479 941 2546; x_wconf 82' lang='lat' dir='ltr'><strong>Romana,</strong></span> <span class='ocrx_word' id='word_1_278' title='bbox 974 2479 1175 2533; x_wconf 87' lang='lat' dir='ltr'><strong>relictis</strong></span> <span class='ocrx_word' id='word_1_279' title='bbox 1205 2479 1392 2545; x_wconf 88' lang='lat' dir='ltr'><strong>idolis,</strong></span> <span class='ocrx_word' id='word_1_280' title='bbox 1439 2477 1654 2534; x_wconf 87' lang='lat' dir='ltr'><strong>Christo</strong></span> <span class='ocrx_word' id='word_1_281' title='bbox 1698 2476 1928 2532; x_wconf 92' lang='lat' dir='ltr'><strong>Domino</strong></span> <span class='ocrx_word' id='word_1_282' title='bbox 1967 2479 2093 2533; x_wconf 89' lang='lat' dir='ltr'><strong>sub-</strong></span> 
     </span>
    </p>
   </div>
   <div class='ocr_carea' id='block_1_39' title="bbox 513 2571 2092 2642">
    <p class='ocr_par' dir='ltr' id='par_1_39' title="bbox 513 2571 2092 2642">
     <span class='ocr_line' id='line_1_39' title="bbox 513 2571 2092 2642; baseline 0.003 -17"><span class='ocrx_word' id='word_1_283' title='bbox 513 2571 753 2626; x_wconf 88' lang='lat' dir='ltr'><strong>deretur.</strong></span> <span class='ocrx_word' id='word_1_284' title='bbox 777 2572 893 2627; x_wconf 85' lang='lat' dir='ltr'><strong>Jam</strong></span> <span class='ocrx_word' id='word_1_285' title='bbox 923 2572 1250 2641; x_wconf 88' lang='lat' dir='ltr'><strong>procedente</strong></span> <span class='ocrx_word' id='word_1_286' title='bbox 1277 2581 1517 2640; x_wconf 88' lang='lat' dir='ltr'><strong>tempore</strong></span> <span class='ocrx_word' id='word_1_287' title='bbox 1547 2572 1679 2626; x_wconf 90' lang='lat' dir='ltr'><strong>nulli</strong></span> <span class='ocrx_word' id='word_1_288' title='bbox 1709 2583 1822 2627; x_wconf 89' lang='lat' dir='ltr'><strong>erat</strong></span> <span class='ocrx_word' id='word_1_289' title='bbox 1849 2573 2092 2642; x_wconf 85' lang='lat' dir='ltr'><strong>cognitus</strong></span> 
     </span>
    </p>
   </div>
   <div class='ocr_carea' id='block_1_40' title="bbox 511 2663 2092 2734">
    <p class='ocr_par' dir='ltr' id='par_1_40' title="bbox 511 2663 2092 2734">
     <span class='ocr_line' id='line_1_40' title="bbox 511 2663 2092 2734; baseline 0.001 -16"><span class='ocrx_word' id='word_1_290' title='bbox 511 2663 659 2719; x_wconf 92' lang='lat' dir='ltr'><strong>locus</strong></span> <span class='ocrx_word' id='word_1_291' title='bbox 689 2666 857 2734; x_wconf 88' lang='lat' dir='ltr'><strong>ipsius</strong></span> <span class='ocrx_word' id='word_1_292' title='bbox 885 2665 1210 2734; x_wconf 62' lang='lat' dir='ltr'><strong>sepulturae,</strong></span> <span class='ocrx_word' id='word_1_293' title='bbox 1243 2664 1410 2718; x_wconf 90' lang='lat' dir='ltr'><strong>donec</strong></span> <span class='ocrx_word' id='word_1_294' title='bbox 1433 2705 1449 2730; x_wconf 94' lang='lat'><strong>,</strong></span> <span class='ocrx_word' id='word_1_295' title='bbox 1499 2664 1726 2718; x_wconf 90' lang='lat' dir='ltr'><strong>Domino</strong></span> <span class='ocrx_word' id='word_1_296' title='bbox 1763 2663 1889 2719; x_wconf 83' lang='lat' dir='ltr'><strong>Jcsu</strong></span> <span class='ocrx_word' id='word_1_297' title='bbox 1933 2679 2092 2720; x_wconf 87' lang='lat' dir='ltr'><strong>reve-</strong></span> 
     </span>
    </p>
   </div>
   <div class='ocr_carea' id='block_1_41' title="bbox 511 2755 2090 2824">
    <p class='ocr_par' dir='ltr' id='par_1_41' title="bbox 511 2755 2090 2824">
     <span class='ocr_line' id='line_1_41' title="bbox 511 2755 2090 2824; baseline 0.001 -14"><span class='ocrx_word' id='word_1_298' title='bbox 511 2755 689 2822; x_wconf 91' lang='lat' dir='ltr'><strong>lante,</strong></span> <span class='ocrx_word' id='word_1_299' title='bbox 737 2757 1030 2824; x_wconf 87' lang='lat' dir='ltr'><strong>patefactus</strong></span> <span class='ocrx_word' id='word_1_300' title='bbox 1069 2765 1189 2811; x_wconf 91' lang='lat' dir='ltr'><strong>est:</strong></span> <span class='ocrx_word' id='word_1_301' title='bbox 1237 2755 1388 2824; x_wconf 82' lang='lat' dir='ltr'><strong>cujus</strong></span> <span class='ocrx_word' id='word_1_302' title='bbox 1431 2764 1580 2824; x_wconf 88' lang='lat' dir='ltr'><strong>parte</strong></span> <span class='ocrx_word' id='word_1_303' title='bbox 1621 2756 1674 2808; x_wconf 92' lang='lat' dir='ltr'><strong>in</strong></span> <span class='ocrx_word' id='word_1_304' title='bbox 1706 2770 1808 2809; x_wconf 90' lang='lat' dir='ltr'><strong>una</strong></span> <span class='ocrx_word' id='word_1_305' title='bbox 1841 2755 1978 2821; x_wconf 89' lang='lat' dir='ltr'><strong>loci,</strong></span> <span class='ocrx_word' id='word_1_306' title='bbox 2006 2755 2090 2811; x_wconf 84' lang='lat' dir='ltr'><strong>iu-</strong></span> 
     </span>
    </p>
   </div>
   <div class='ocr_carea' id='block_1_42' title="bbox 512 2847 2094 2921">
    <p class='ocr_par' dir='ltr' id='par_1_42' title="bbox 512 2847 2094 2921">
     <span class='ocr_line' id='line_1_42' title="bbox 512 2847 2094 2921; baseline 0.003 -19"><span class='ocrx_word' id='word_1_307' title='bbox 512 2847 769 2917; x_wconf 87' lang='lat' dir='ltr'><strong>terposito</strong></span> <span class='ocrx_word' id='word_1_308' title='bbox 817 2849 1055 2918; x_wconf 86' lang='lat' dir='ltr'><strong>pariete,</strong></span> <span class='ocrx_word' id='word_1_309' title='bbox 1099 2847 1343 2918; x_wconf 88' lang='lat' dir='ltr'><strong>sepulcra</strong></span> <span class='ocrx_word' id='word_1_310' title='bbox 1391 2855 1684 2917; x_wconf 85' lang='lat' dir='ltr'><strong>martyrum</strong></span> <span class='ocrx_word' id='word_1_311' title='bbox 1725 2849 2011 2921; x_wconf 79' lang='lat' dir='ltr'><strong>Gbrysanti</strong></span> <span class='ocrx_word' id='word_1_312' title='bbox 2040 2860 2094 2906; x_wconf 91' lang='lat' dir='ltr'><strong>et</strong></span> 
     </span>
    </p>
   </div>
   <div class='ocr_carea' id='block_1_43' title="bbox 511 2938 2094 3013">
    <p class='ocr_par' dir='ltr' id='par_1_43' title="bbox 511 2938 2094 3013">
     <span class='ocr_line' id='line_1_43' title="bbox 511 2938 2094 3013; baseline 0.003 -22"><span class='ocrx_word' id='word_1_313' title='bbox 511 2938 685 2992; x_wconf 71' lang='lat' dir='ltr'><strong>Dariae</strong></span> <span class='ocrx_word' id='word_1_314' title='bbox 710 2949 988 3010; x_wconf 75' lang='lat' dir='ltr'><strong>segregata</strong></span> <span class='ocrx_word' id='word_1_315' title='bbox 1015 2957 1028 3003; x_wconf 88' lang='lat'><strong>;</strong></span> <span class='ocrx_word' id='word_1_316' title='bbox 1061 2948 1210 3009; x_wconf 91' lang='lat' dir='ltr'><strong>parte</strong></span> <span class='ocrx_word' id='word_1_317' title='bbox 1244 2939 1294 2993; x_wconf 91' lang='lat' dir='ltr'><strong>in</strong></span> <span class='ocrx_word' id='word_1_318' title='bbox 1324 2939 1426 2994; x_wconf 88' lang='lat' dir='ltr'><strong>alia</strong></span> <span class='ocrx_word' id='word_1_319' title='bbox 1462 2949 1482 2977; x_wconf 74' lang='grc' dir='ltr'><em>ε</em></span> <span class='ocrx_word' id='word_1_320' title='bbox 1524 2949 1832 2996; x_wconf 87' lang='lat' dir='ltr'><strong>sanctorum</strong></span> <span class='ocrx_word' id='word_1_321' title='bbox 1862 2942 2094 3013; x_wconf 86' lang='lat' dir='ltr'><strong>reliquo-</strong></span> 
     </span>
    </p>
   </div>
   <div class='ocr_carea' id='block_1_44' title="bbox 510 3032 2094 3103">
    <p class='ocr_par' dir='ltr' id='par_1_44' title="bbox 510 3032 2094 3103">
     <span class='ocr_line' id='line_1_44' title="bbox 510 3032 2094 3103; baseline 0.003 -18"><span class='ocrx_word' id='word_1_322' title='bbox 510 3045 628 3085; x_wconf 91' lang='lat' dir='ltr'><strong>rum</strong></span> <span class='ocrx_word' id='word_1_323' title='bbox 668 3032 930 3086; x_wconf 84' lang='lat' dir='ltr'><strong>cadavera</strong></span> <span class='ocrx_word' id='word_1_324' title='bbox 972 3032 1023 3085; x_wconf 92' lang='lat' dir='ltr'><strong>iu</strong></span> <span class='ocrx_word' id='word_1_325' title='bbox 1065 3048 1227 3087; x_wconf 89' lang='lat' dir='ltr'><strong>unum</strong></span> <span class='ocrx_word' id='word_1_326' title='bbox 1265 3041 1410 3086; x_wconf 86' lang='lat' dir='ltr'><strong>sunt‘</strong></span> <span class='ocrx_word' id='word_1_327' title='bbox 1428 3042 1770 3103; x_wconf 73' lang='lat' dir='ltr'><strong>congregata.</strong></span> <span class='ocrx_word' id='word_1_328' title='bbox 1811 3032 2094 3090; x_wconf 86' lang='lat' dir='ltr'><strong>Verumta-</strong></span> 
     </span>
    </p>
   </div>
   <div class='ocr_carea' id='block_1_45' title="bbox 511 3123 2089 3195">
    <p class='ocr_par' dir='ltr' id='par_1_45' title="bbox 511 3123 2089 3195">
     <span class='ocr_line' id='line_1_45' title="bbox 511 3123 2089 3195; baseline 0.002 -14"><span class='ocrx_word' id='word_1_329' title='bbox 511 3141 632 3181; x_wconf 90' lang='lat' dir='ltr'><strong>men</strong></span> <span class='ocrx_word' id='word_1_330' title='bbox 670 3127 871 3194; x_wconf 89' lang='lat' dir='ltr'><strong>pariete</strong></span> <span class='ocrx_word' id='word_1_331' title='bbox 905 3125 998 3180; x_wconf 92' lang='lat' dir='ltr'><strong>illo</strong></span> <span class='ocrx_word' id='word_1_332' title='bbox 1028 3123 1116 3195; x_wconf 91' lang='lat' dir='ltr'><strong>qui</strong></span> <span class='ocrx_word' id='word_1_333' title='bbox 1145 3135 1227 3181; x_wconf 89' lang='lat' dir='ltr'><strong>est</strong></span> <span class='ocrx_word' id='word_1_334' title='bbox 1257 3125 1307 3180; x_wconf 93' lang='lat' dir='ltr'><strong>iu</strong></span> <span class='ocrx_word' id='word_1_335' title='bbox 1337 3125 1514 3180; x_wconf 89' lang='lat' dir='ltr'><strong>medio</strong></span> <span class='ocrx_word' id='word_1_336' title='bbox 1543 3126 1765 3195; x_wconf 89' lang='lat' dir='ltr'><strong>positus,</strong></span> <span class='ocrx_word' id='word_1_337' title='bbox 1801 3124 2089 3184; x_wconf 83' lang='lat' dir='ltr'><strong>fenestram</strong></span> 
     </span>
    </p>
   </div>
   <div class='ocr_carea' id='block_1_46' title="bbox 509 3216 2091 3289">
    <p class='ocr_par' dir='ltr' id='par_1_46' title="bbox 509 3216 2091 3289">
     <span class='ocr_line' id='line_1_46' title="bbox 509 3216 2091 3289; baseline 0.004 -20"><span class='ocrx_word' id='word_1_338' title='bbox 509 3224 742 3271; x_wconf 82' lang='lat' dir='ltr'><strong>structor</strong></span> <span class='ocrx_word' id='word_1_339' title='bbox 789 3216 1108 3287; x_wconf 87' lang='lat' dir='ltr'><strong>patefactam</strong></span> <span class='ocrx_word' id='word_1_340' title='bbox 1153 3217 1403 3286; x_wconf 89' lang='lat' dir='ltr'><strong>reliquit,</strong></span> <span class='ocrx_word' id='word_1_341' title='bbox 1459 3228 1514 3271; x_wconf 90' lang='lat' dir='ltr'><strong>ut</strong></span> <span class='ocrx_word' id='word_1_342' title='bbox 1565 3219 1631 3272; x_wconf 91' lang='lat' dir='ltr'><strong>ad</strong></span> <span class='ocrx_word' id='word_1_343' title='bbox 1676 3221 2091 3289; x_wconf 88' lang='lat' dir='ltr'><strong>contemplanda</strong></span> 
     </span>
    </p>
   </div>
   <div class='ocr_carea' id='block_1_47' title="bbox 2198 2039 3800 2112">
    <p class='ocr_par' dir='ltr' id='par_1_47' title="bbox 2198 2039 3800 2112">
     <span class='ocr_line' id='line_1_47' title="bbox 2198 2039 3800 2112; baseline -0.002 -14"><span class='ocrx_word' id='word_1_344' title='bbox 2198 2043 2395 2098; x_wconf 88' lang='lat' dir='ltr'><strong>cundia</strong></span> <span class='ocrx_word' id='word_1_345' title='bbox 2417 2085 2430 2108; x_wconf 92' lang='lat'><strong>,</strong></span> <span class='ocrx_word' id='word_1_346' title='bbox 2467 2059 2563 2097; x_wconf 87' lang='lat' dir='ltr'><strong>nec</strong></span> <span class='ocrx_word' id='word_1_347' title='bbox 2595 2043 2745 2096; x_wconf 86' lang='lat' dir='ltr'><strong>latuit</strong></span> <span class='ocrx_word' id='word_1_348' title='bbox 2773 2042 2950 2096; x_wconf 88' lang='lat' dir='ltr'><strong>scelus</strong></span> <span class='ocrx_word' id='word_1_349' title='bbox 2996 2041 3134 2110; x_wconf 86' lang='lat' dir='ltr'><strong>quod</strong></span> <span class='ocrx_word' id='word_1_350' title='bbox 3177 2054 3413 2112; x_wconf 82' lang='lat' dir='ltr'><strong>gesserat</strong></span> <span class='ocrx_word' id='word_1_351' title='bbox 3457 2042 3674 2110; x_wconf 91' lang='lat' dir='ltr'><strong>populis</strong></span> <span class='ocrx_word' id='word_1_352' title='bbox 3707 2039 3800 2110; x_wconf 88' lang='lat' dir='ltr'><strong>qui</strong></span> 
     </span>
    </p>
   </div>
   <div class='ocr_carea' id='block_1_48' title="bbox 2198 2134 3800 2206">
    <p class='ocr_par' dir='ltr' id='par_1_48' title="bbox 2198 2134 3800 2206">
     <span class='ocr_line' id='line_1_48' title="bbox 2198 2134 3800 2206; baseline 0 -16"><span class='ocrx_word' id='word_1_353' title='bbox 2198 2136 2444 2192; x_wconf 82' lang='lat' dir='ltr'><strong>aderant.</strong></span> <span class='ocrx_word' id='word_1_354' title='bbox 2493 2135 2620 2189; x_wconf 89' lang='lat' dir='ltr'><strong>Post</strong></span> <span class='ocrx_word' id='word_1_355' title='bbox 2663 2134 2889 2189; x_wconf 89' lang='lat' dir='ltr'><strong>tnultutn</strong></span> <span class='ocrx_word' id='word_1_356' title='bbox 2942 2149 3071 2189; x_wconf 82' lang='lat' dir='ltr'><strong>vero</strong></span> <span class='ocrx_word' id='word_1_357' title='bbox 3121 2136 3409 2203; x_wconf 85' lang='lat' dir='ltr'><strong>temporis,</strong></span> <span class='ocrx_word' id='word_1_358' title='bbox 3451 2149 3800 2206; x_wconf 78' lang='lat' dir='ltr'><strong>cognoscens</strong></span> 
     </span>
    </p>
   </div>
   <div class='ocr_carea' id='block_1_49' title="bbox 2201 2227 3794 2300">
    <p class='ocr_par' dir='ltr' id='par_1_49' title="bbox 2201 2227 3794 2300">
     <span class='ocr_line' id='line_1_49' title="bbox 2201 2227 3794 2300; baseline 0.001 -16"><span class='ocrx_word' id='word_1_359' title='bbox 2201 2229 2304 2284; x_wconf 91' lang='lat' dir='ltr'><strong>hoc</strong></span> <span class='ocrx_word' id='word_1_360' title='bbox 2332 2228 2530 2283; x_wconf 88' lang='lat' dir='ltr'><strong>factum</strong></span> <span class='ocrx_word' id='word_1_361' title='bbox 2573 2227 2834 2282; x_wconf 87' lang='lat' dir='ltr'><strong>Damasus</strong></span> <span class='ocrx_word' id='word_1_362' title='bbox 2881 2227 3106 2282; x_wconf 90' lang='lat' dir='ltr'><strong>antistes</strong></span> <span class='ocrx_word' id='word_1_363' title='bbox 3146 2238 3358 2288; x_wconf 58' lang='lat' dir='ltr'><strong>sanctas,</strong></span> <span class='ocrx_word' id='word_1_364' title='bbox 3381 2229 3524 2284; x_wconf 89' lang='lat' dir='ltr'><strong>sedis</strong></span> <span class='ocrx_word' id='word_1_365' title='bbox 3557 2241 3794 2300; x_wconf 86' lang='lat' dir='ltr'><strong>aposto-</strong></span> 
     </span>
    </p>
   </div>
   <div class='ocr_carea' id='block_1_50' title="bbox 2198 2319 3788 2390">
    <p class='ocr_par' dir='ltr' id='par_1_50' title="bbox 2198 2319 3788 2390">
     <span class='ocr_line' id='line_1_50' title="bbox 2198 2319 3788 2390; baseline 0.001 -15"><span class='ocrx_word' id='word_1_366' title='bbox 2198 2320 2349 2387; x_wconf 82' lang='lat' dir='ltr'><strong>licae,</strong></span> <span class='ocrx_word' id='word_1_367' title='bbox 2394 2319 2558 2390; x_wconf 87' lang='lat' dir='ltr'><strong>jussit</strong></span> <span class='ocrx_word' id='word_1_368' title='bbox 2600 2319 2910 2388; x_wconf 89' lang='lat' dir='ltr'><strong>diligentius</strong></span> <span class='ocrx_word' id='word_1_369' title='bbox 2957 2320 3157 2389; x_wconf 80' lang='lat' dir='ltr'><strong>operiri</strong></span> <span class='ocrx_word' id='word_1_370' title='bbox 3208 2320 3536 2386; x_wconf 86' lang='lat' dir='ltr'><strong>fenestram,</strong></span> <span class='ocrx_word' id='word_1_371' title='bbox 3586 2323 3684 2378; x_wconf 90' lang='lat' dir='ltr'><strong>ubi</strong></span> <span class='ocrx_word' id='word_1_372' title='bbox 3731 2331 3788 2378; x_wconf 87' lang='lat' dir='ltr'><strong>et</strong></span> 
     </span>
    </p>
   </div>
   <div class='ocr_carea' id='block_1_51' title="bbox 2196 2410 3788 2469">
    <p class='ocr_par' dir='ltr' id='par_1_51' title="bbox 2196 2410 3788 2469">
     <span class='ocr_line' id='line_1_51' title="bbox 2196 2410 3788 2469; baseline 0.003 -4"><span class='ocrx_word' id='word_1_373' title='bbox 2196 2410 2439 2466; x_wconf 79' lang='lat' dir='ltr'><strong>versibus</strong></span> <span class='ocrx_word' id='word_1_374' title='bbox 2479 2411 2762 2465; x_wconf 89' lang='lat' dir='ltr'><strong>decoravit</strong></span> <span class='ocrx_word' id='word_1_375' title='bbox 2803 2410 2976 2464; x_wconf 90' lang='lat' dir='ltr'><strong>locum</strong></span> <span class='ocrx_word' id='word_1_376' title='bbox 3013 2419 3058 2462; x_wconf 73' lang='grc' dir='ltr'><strong>ι’.</strong></span> <span class='ocrx_word' id='word_1_377' title='bbox 3095 2411 3161 2463; x_wconf 82' lang='lat' dir='ltr'><strong>Et</strong></span> <span class='ocrx_word' id='word_1_378' title='bbox 3191 2411 3262 2465; x_wconf 92' lang='lat' dir='ltr'><strong>ibi</strong></span> <span class='ocrx_word' id='word_1_379' title='bbox 3307 2410 3643 2468; x_wconf 84' lang='lat' dir='ltr'><strong>benedicitur</strong></span> <span class='ocrx_word' id='word_1_380' title='bbox 3674 2414 3788 2469; x_wconf 84' lang='lat' dir='ltr'><strong>Do-</strong></span> 
     </span>
    </p>
   </div>
   <div class='ocr_carea' id='block_1_52' title="bbox 2196 2499 3790 2567">
    <p class='ocr_par' dir='ltr' id='par_1_52' title="bbox 2196 2499 3790 2567">
     <span class='ocr_line' id='line_1_52' title="bbox 2196 2499 3790 2567; baseline 0.001 -10"><span class='ocrx_word' id='word_1_381' title='bbox 2196 2503 2375 2558; x_wconf 79' lang='lat' dir='ltr'><strong>minus</strong></span> <span class='ocrx_word' id='word_1_382' title='bbox 2404 2511 2590 2557; x_wconf 88' lang='lat' dir='ltr'><strong>noster</strong></span> <span class='ocrx_word' id='word_1_383' title='bbox 2612 2499 2771 2558; x_wconf 84' lang='lat' dir='ltr'><strong>Jesus</strong></span> <span class='ocrx_word' id='word_1_384' title='bbox 2793 2499 3074 2567; x_wconf 82' lang='lat' dir='ltr'><strong>Christus,</strong></span> <span class='ocrx_word' id='word_1_385' title='bbox 3102 2501 3170 2556; x_wconf 89' lang='lat' dir='ltr'><strong>ad</strong></span> <span class='ocrx_word' id='word_1_386' title='bbox 3198 2501 3407 2558; x_wconf 87' lang='lat' dir='ltr'><strong>laudem</strong></span> <span class='ocrx_word' id='word_1_387' title='bbox 3432 2503 3675 2560; x_wconf 88' lang='lat' dir='ltr'><strong>nominis</strong></span> <span class='ocrx_word' id='word_1_388' title='bbox 3705 2505 3790 2562; x_wconf 83' lang='lat' dir='ltr'><strong>sui</strong></span> 
     </span>
    </p>
   </div>
   <div class='ocr_carea' id='block_1_53' title="bbox 2196 2590 2998 2665">
    <p class='ocr_par' dir='ltr' id='par_1_53' title="bbox 2196 2590 2998 2665">
     <span class='ocr_line' id='line_1_53' title="bbox 2196 2590 2998 2665; baseline -0.005 -15"><span class='ocrx_word' id='word_1_389' title='bbox 2196 2608 2366 2665; x_wconf 84' lang='lat' dir='ltr'><strong>usque</strong></span> <span class='ocrx_word' id='word_1_390' title='bbox 2396 2595 2453 2649; x_wconf 86' lang='lat' dir='ltr'><strong>in</strong></span> <span class='ocrx_word' id='word_1_391' title='bbox 2482 2590 2800 2652; x_wconf 85' lang='lat' dir='ltr'><strong>hodiernum</strong></span> <span class='ocrx_word' id='word_1_392' title='bbox 2833 2591 2998 2648; x_wconf 88' lang='lat' dir='ltr'><strong>diem.</strong></span> 
     </span>
    </p>
   </div>
   <div class='ocr_carea' id='block_1_54' title="bbox 2728 2705 3242 2763">
    <p class='ocr_par' dir='ltr' id='par_1_54' title="bbox 2728 2705 3242 2763">
     <span class='ocr_line' id='line_1_54' title="bbox 2728 2705 3242 2763; baseline -0.004 0"><span class='ocrx_word' id='word_1_393' title='bbox 2728 2705 2956 2763; x_wconf 80' lang='lat' dir='ltr'><strong>CAPUT</strong></span> <span class='ocrx_word' id='word_1_394' title='bbox 2998 2705 3242 2762; x_wconf 77' lang='lat' dir='ltr'><strong>XXXIX.</strong></span> 
     </span>
    </p>
   </div>
   <div class='ocr_carea' id='block_1_55' title="bbox 2656 2818 3322 2894">
    <p class='ocr_par' dir='ltr' id='par_1_55' title="bbox 2656 2818 3322 2894">
     <span class='ocr_line' id='line_1_55' title="bbox 2656 2818 3322 2894; baseline 0.008 -20"><span class='ocrx_word' id='word_1_395' title='bbox 2656 2818 2736 2875; x_wconf 87' lang='lat' dir='ltr'><strong>De</strong></span> <span class='ocrx_word' id='word_1_396' title='bbox 2763 2819 3044 2876; x_wconf 76' lang='lat' dir='ltr'><strong>Pancratio</strong></span> <span class='ocrx_word' id='word_1_397' title='bbox 3076 2834 3322 2894; x_wconf 79' lang='lat' dir='ltr'><strong>martyre.</strong></span> 
     </span>
    </p>
   </div>
   <div class='ocr_carea' id='block_1_56' title="bbox 2267 2931 3778 3008">
    <p class='ocr_par' dir='ltr' id='par_1_56' title="bbox 2267 2931 3778 3008">
     <span class='ocr_line' id='line_1_56' title="bbox 2267 2931 3778 3008; baseline 0.001 -16"><span class='ocrx_word' id='word_1_398' title='bbox 2267 2937 2360 2992; x_wconf 85' lang='lat' dir='ltr'><strong>Est</strong></span> <span class='ocrx_word' id='word_1_399' title='bbox 2387 2931 2408 2975; x_wconf 69' lang='grc' dir='ltr'>ί</span> <span class='ocrx_word' id='word_1_400' title='bbox 2437 2935 2600 2991; x_wconf 90' lang='lat' dir='ltr'><strong>etiam</strong></span> <span class='ocrx_word' id='word_1_401' title='bbox 2641 2935 2784 2990; x_wconf 88' lang='lat' dir='ltr'><strong>haud</strong></span> <span class='ocrx_word' id='word_1_402' title='bbox 2828 2937 3012 3006; x_wconf 90' lang='lat' dir='ltr'><strong>procul</strong></span> <span class='ocrx_word' id='word_1_403' title='bbox 3059 2937 3126 2991; x_wconf 90' lang='lat' dir='ltr'><strong>ab</strong></span> <span class='ocrx_word' id='word_1_404' title='bbox 3171 2936 3330 3008; x_wconf 89' lang='lat' dir='ltr'><strong>hujus</strong></span> <span class='ocrx_word' id='word_1_405' title='bbox 3373 2940 3515 2994; x_wconf 90' lang='lat' dir='ltr'><strong>urbis</strong></span> <span class='ocrx_word' id='word_1_406' title='bbox 3545 2955 3693 2994; x_wconf 89' lang='lat' dir='ltr'><strong>muro</strong></span> <span class='ocrx_word' id='word_1_407' title='bbox 3723 2949 3778 2994; x_wconf 89' lang='lat' dir='ltr'><strong>et</strong></span> 
     </span>
    </p>
   </div>
   <div class='ocr_carea' id='block_1_57' title="bbox 2196 3028 3774 3100">
    <p class='ocr_par' dir='ltr' id='par_1_57' title="bbox 2196 3028 3774 3100">
     <span class='ocr_line' id='line_1_57' title="bbox 2196 3028 3774 3100; baseline 0.001 -16"><span class='ocrx_word' id='word_1_408' title='bbox 2196 3028 2506 3084; x_wconf 83' lang='lat' dir='ltr'><strong>Pancratius</strong></span> <span class='ocrx_word' id='word_1_409' title='bbox 2546 3037 2572 3076; x_wconf 70' lang='grc' dir='ltr'>ι</span> <span class='ocrx_word' id='word_1_410' title='bbox 2603 3035 2830 3098; x_wconf 89' lang='lat' dir='ltr'><strong>martyr,</strong></span> <span class='ocrx_word' id='word_1_411' title='bbox 2878 3028 3031 3083; x_wconf 86' lang='lat' dir='ltr'><strong>valde</strong></span> <span class='ocrx_word' id='word_1_412' title='bbox 3082 3030 3135 3084; x_wconf 91' lang='lat' dir='ltr'><strong>in</strong></span> <span class='ocrx_word' id='word_1_413' title='bbox 3186 3031 3414 3100; x_wconf 85' lang='lat' dir='ltr'><strong>perjuris</strong></span> <span class='ocrx_word' id='word_1_414' title='bbox 3472 3033 3603 3086; x_wconf 87' lang='lat' dir='ltr'><strong>ultor</strong></span> <span class='ocrx_word' id='word_1_415' title='bbox 3643 3033 3774 3100; x_wconf 82' lang='lat' dir='ltr'><strong>(Ait.</strong></span> 
     </span>
    </p>
   </div>
   <div class='ocr_carea' id='block_1_58' title="bbox 2194 3122 3781 3197">
    <p class='ocr_par' dir='ltr' id='par_1_58' title="bbox 2194 3122 3781 3197">
     <span class='ocr_line' id='line_1_58' title="bbox 2194 3122 3781 3197; baseline 0.001 -19"><span class='ocrx_word' id='word_1_416' title='bbox 2194 3124 2318 3192; x_wconf 65' lang='lat'><strong>504,</strong></span> <span class='ocrx_word' id='word_1_417' title='bbox 2357 3123 2422 3178; x_wconf 73' lang='grc'><strong>12</strong></span> <span class='ocrx_word' id='word_1_418' title='bbox 2448 3123 2622 3193; x_wconf 75' lang='lat' dir='ltr'><strong>Maii).</strong></span> <span class='ocrx_word' id='word_1_419' title='bbox 2681 3122 2760 3177; x_wconf 81' lang='lat' dir='ltr'><strong>Ad</strong></span> <span class='ocrx_word' id='word_1_420' title='bbox 2782 3124 2935 3192; x_wconf 91' lang='lat' dir='ltr'><strong>cujus</strong></span> <span class='ocrx_word' id='word_1_421' title='bbox 2967 3124 3273 3190; x_wconf 88' lang='lat' dir='ltr'><strong>sepulcrum</strong></span> <span class='ocrx_word' id='word_1_422' title='bbox 3308 3123 3356 3189; x_wconf 69' lang='grc' dir='ltr'>ιι,</span> <span class='ocrx_word' id='word_1_423' title='bbox 3395 3127 3438 3180; x_wconf 85' lang='lat' dir='ltr'><strong>si</strong></span> <span class='ocrx_word' id='word_1_424' title='bbox 3467 3127 3781 3197; x_wconf 89' lang='lat' dir='ltr'><strong>cujusquam</strong></span> 
     </span>
    </p>
   </div>
   <div class='ocr_carea' id='block_1_59' title="bbox 2193 3220 3778 3292">
    <p class='ocr_par' dir='ltr' id='par_1_59' title="bbox 2193 3220 3778 3292">
     <span class='ocr_line' id='line_1_59' title="bbox 2193 3220 3778 3292; baseline -0.003 -16"><span class='ocrx_word' id='word_1_425' title='bbox 2193 3237 2347 3278; x_wconf 87' lang='lat' dir='ltr'><strong>mens</strong></span> <span class='ocrx_word' id='word_1_426' title='bbox 2394 3222 2578 3277; x_wconf 87' lang='lat' dir='ltr'><strong>insana</strong></span> <span class='ocrx_word' id='word_1_427' title='bbox 2623 3220 2992 3292; x_wconf 90' lang='lat' dir='ltr'><strong>jttrameutum</strong></span> <span class='ocrx_word' id='word_1_428' title='bbox 3040 3223 3197 3278; x_wconf 90' lang='lat' dir='ltr'><strong>inane</strong></span> <span class='ocrx_word' id='word_1_429' title='bbox 3244 3222 3485 3292; x_wconf 87' lang='lat' dir='ltr'><strong>proferre</strong></span> <span class='ocrx_word' id='word_1_430' title='bbox 3528 3222 3778 3285; x_wconf 87' lang='lat' dir='ltr'><strong>voluerit,</strong></span> 
     </span>
    </p>
   </div>
   <div class='ocr_carea' id='block_1_60' title="bbox 515 3309 3782 3401">
    <p class='ocr_par' dir='ltr' id='par_1_60' title="bbox 515 3309 3782 3401">
     <span class='ocr_line' id='line_1_60' title="bbox 515 3309 3782 3401; baseline 0.001 -39"><span class='ocrx_word' id='word_1_431' title='bbox 515 3318 824 3363; x_wconf 83' lang='lat' dir='ltr'><strong>sanctorum</strong></span> <span class='ocrx_word' id='word_1_432' title='bbox 854 3325 1080 3378; x_wconf 89' lang='lat' dir='ltr'><strong>corpora</strong></span> <span class='ocrx_word' id='word_1_433' title='bbox 1109 3309 1286 3364; x_wconf 86' lang='lat' dir='ltr'><strong>aditus</strong></span> <span class='ocrx_word' id='word_1_434' title='bbox 1316 3309 1607 3378; x_wconf 89' lang='lat' dir='ltr'><strong>aspiciendi</strong></span> <span class='ocrx_word' id='word_1_435' title='bbox 1636 3321 1954 3380; x_wconf 85' lang='lat' dir='ltr'><strong>patesceret.</strong></span> <span class='ocrx_word' id='word_1_436' title='bbox 1984 3313 2090 3370; x_wconf 88' lang='lat' dir='ltr'><strong>Fe-</strong></span> <span class='ocrx_word' id='word_1_437' title='bbox 2114 3337 2165 3401; x_wconf 66' lang='grc' dir='ltr'><strong>ρ</strong></span> <span class='ocrx_word' id='word_1_438' title='bbox 2198 3315 2344 3384; x_wconf 90' lang='lat' dir='ltr'><strong>prius</strong></span> <span class='ocrx_word' id='word_1_439' title='bbox 2372 3331 2531 3385; x_wconf 90' lang='lat' dir='ltr'><strong>quam</strong></span> <span class='ocrx_word' id='word_1_440' title='bbox 2565 3316 2868 3384; x_wconf 81' lang='lat' dir='ltr'><strong>sepulcrum</strong></span> <span class='ocrx_word' id='word_1_441' title='bbox 2897 3314 3013 3386; x_wconf 87' lang='lat' dir='ltr'><strong>ejus</strong></span> <span class='ocrx_word' id='word_1_442' title='bbox 3044 3316 3228 3383; x_wconf 86' lang='lat' dir='ltr'><strong>adeat,</strong></span> <span class='ocrx_word' id='word_1_443' title='bbox 3261 3317 3422 3388; x_wconf 88' lang='lat'><strong>766</strong></span> <span class='ocrx_word' id='word_1_444' title='bbox 3455 3316 3553 3369; x_wconf 90' lang='lat' dir='ltr'><strong>hoc</strong></span> <span class='ocrx_word' id='word_1_445' title='bbox 3575 3323 3658 3370; x_wconf 92' lang='lat' dir='ltr'><strong>est</strong></span> <span class='ocrx_word' id='word_1_446' title='bbox 3689 3329 3782 3368; x_wconf 87' lang='lat' dir='ltr'><strong>au-</strong></span> 
     </span>
    </p>
   </div>
   <div class='ocr_carea' id='block_1_61' title="bbox 510 3400 2093 3468">
    <p class='ocr_par' dir='ltr' id='par_1_61' title="bbox 510 3400 2093 3468">
     <span class='ocr_line' id='line_1_61' title="bbox 510 3400 2093 3468; baseline 0.005 -15"><span class='ocrx_word' id='word_1_447' title='bbox 510 3407 637 3453; x_wconf 90' lang='lat' dir='ltr'><strong>runt</strong></span> <span class='ocrx_word' id='word_1_448' title='bbox 665 3401 824 3453; x_wconf 87' lang='lat' dir='ltr'><strong>etiam</strong></span> <span class='ocrx_word' id='word_1_449' title='bbox 855 3400 994 3468; x_wconf 86' lang='lat' dir='ltr'><strong>quod</strong></span> <span class='ocrx_word' id='word_1_450' title='bbox 1026 3413 1088 3455; x_wconf 92' lang='lat' dir='ltr'><strong>eo</strong></span> <span class='ocrx_word' id='word_1_451' title='bbox 1123 3408 1365 3468; x_wconf 90' lang='lat' dir='ltr'><strong>tempore</strong></span> <span class='ocrx_word' id='word_1_452' title='bbox 1391 3416 1498 3467; x_wconf 93' lang='lat' dir='ltr'><strong>quo</strong></span> <span class='ocrx_word' id='word_1_453' title='bbox 1527 3401 1591 3455; x_wconf 90' lang='lat' dir='ltr'><strong>ad</strong></span> <span class='ocrx_word' id='word_1_454' title='bbox 1617 3412 1802 3458; x_wconf 90' lang='lat' dir='ltr'><strong>sancta</strong></span> <span class='ocrx_word' id='word_1_455' title='bbox 1833 3405 2093 3461; x_wconf 86' lang='lat' dir='ltr'><strong>solemnia</strong></span> 
     </span>
    </p>
   </div>
   <div class='ocr_carea' id='block_1_62' title="bbox 509 3489 2092 3561">
    <p class='ocr_par' dir='ltr' id='par_1_62' title="bbox 509 3489 2092 3561">
     <span class='ocr_line' id='line_1_62' title="bbox 509 3489 2092 3561; baseline 0.008 -19"><span class='ocrx_word' id='word_1_456' title='bbox 509 3489 823 3545; x_wconf 90' lang='lat' dir='ltr'><strong>accedentes</strong></span> <span class='ocrx_word' id='word_1_457' title='bbox 846 3490 1036 3544; x_wconf 88' lang='lat' dir='ltr'><strong>inclusi</strong></span> <span class='ocrx_word' id='word_1_458' title='bbox 1061 3506 1182 3544; x_wconf 82' lang='lat' dir='ltr'><strong>sunt</strong></span> <span class='ocrx_word' id='word_1_459' title='bbox 1201 3533 1214 3556; x_wconf 91' lang='lat'><strong>,</strong></span> <span class='ocrx_word' id='word_1_460' title='bbox 1243 3505 1435 3545; x_wconf 88' lang='lat' dir='ltr'><strong>urceos</strong></span> <span class='ocrx_word' id='word_1_461' title='bbox 1459 3502 1745 3561; x_wconf 84' lang='lat' dir='ltr'><strong>argenteos</strong></span> <span class='ocrx_word' id='word_1_462' title='bbox 1776 3511 1843 3550; x_wconf 80' lang='lat' dir='ltr'><strong>ex</strong></span> <span class='ocrx_word' id='word_1_463' title='bbox 1873 3497 2092 3554; x_wconf 88' lang='lat' dir='ltr'><strong>metallo</strong></span> 
     </span>
    </p>
   </div>
   <div class='ocr_carea' id='block_1_63' title="bbox 509 3579 2090 3649">
    <p class='ocr_par' dir='ltr' id='par_1_63' title="bbox 509 3579 2090 3649">
     <span class='ocr_line' id='line_1_63' title="bbox 509 3579 2090 3649; baseline 0.007 -16"><span class='ocrx_word' id='word_1_464' title='bbox 509 3579 761 3634; x_wconf 85' lang='lat' dir='ltr'><strong>formatos</strong></span> <span class='ocrx_word' id='word_1_465' title='bbox 791 3596 910 3635; x_wconf 90' lang='lat' dir='ltr'><strong>cum</strong></span> <span class='ocrx_word' id='word_1_466' title='bbox 939 3580 1060 3634; x_wconf 90' lang='lat' dir='ltr'><strong>vino</strong></span> <span class='ocrx_word' id='word_1_467' title='bbox 1087 3580 1229 3649; x_wconf 89' lang='lat' dir='ltr'><strong>quod</strong></span> <span class='ocrx_word' id='word_1_468' title='bbox 1257 3580 1323 3636; x_wconf 88' lang='lat' dir='ltr'><strong>ad</strong></span> <span class='ocrx_word' id='word_1_469' title='bbox 1350 3583 1674 3639; x_wconf 85' lang='lat' dir='ltr'><strong>oblationem</strong></span> <span class='ocrx_word' id='word_1_470' title='bbox 1718 3587 1969 3643; x_wconf 86' lang='lat' dir='ltr'><strong>sacrificii</strong></span> <span class='ocrx_word' id='word_1_471' title='bbox 2002 3589 2090 3644; x_wconf 90' lang='lat' dir='ltr'><strong>di-</strong></span> 
     </span>
    </p>
   </div>
   <div class='ocr_carea' id='block_1_64' title="bbox 512 3674 2085 3748">
    <p class='ocr_par' dir='ltr' id='par_1_64' title="bbox 512 3674 2085 3748">
     <span class='ocr_line' id='line_1_64' title="bbox 512 3674 2085 3748; baseline 0.005 -20"><span class='ocrx_word' id='word_1_472' title='bbox 512 3674 621 3728; x_wconf 88' lang='lat' dir='ltr'><strong>vini</strong></span> <span class='ocrx_word' id='word_1_473' title='bbox 655 3674 876 3730; x_wconf 78' lang='lat' dir='ltr'><strong>olfertur</strong></span> <span class='ocrx_word' id='word_1_474' title='bbox 908 3689 1089 3729; x_wconf 90' lang='lat' dir='ltr'><strong>secum</strong></span> <span class='ocrx_word' id='word_1_475' title='bbox 1122 3675 1362 3731; x_wconf 84' lang='lat' dir='ltr'><strong>homines</strong></span> <span class='ocrx_word' id='word_1_476' title='bbox 1391 3675 1740 3746; x_wconf 83' lang='lat' dir='ltr'><strong>detulissent,</strong></span> <span class='ocrx_word' id='word_1_477' title='bbox 1776 3689 2085 3748; x_wconf 90' lang='lat' dir='ltr'><strong>argentum-</strong></span> 
     </span>
    </p>
   </div>
   <div class='ocr_carea' id='block_1_65' title="bbox 508 3767 2088 3840">
    <p class='ocr_par' dir='ltr' id='par_1_65' title="bbox 508 3767 2088 3840">
     <span class='ocr_line' id='line_1_65' title="bbox 508 3767 2088 3840; baseline 0.003 -18"><span class='ocrx_word' id='word_1_478' title='bbox 508 3782 618 3837; x_wconf 82' lang='lat' dir='ltr'><strong>que</strong></span> <span class='ocrx_word' id='word_1_479' title='bbox 647 3767 716 3822; x_wconf 88' lang='lat' dir='ltr'><strong>ibi</strong></span> <span class='ocrx_word' id='word_1_480' title='bbox 749 3769 1072 3823; x_wconf 88' lang='lat' dir='ltr'><strong>remansisse</strong></span> <span class='ocrx_word' id='word_1_481' title='bbox 1112 3767 1454 3823; x_wconf 88' lang='lat' dir='ltr'><strong>manifestum</strong></span> <span class='ocrx_word' id='word_1_482' title='bbox 1498 3778 1613 3837; x_wconf 90' lang='lat' dir='ltr'><strong>est,</strong></span> <span class='ocrx_word' id='word_1_483' title='bbox 1657 3770 1814 3840; x_wconf 89' lang='lat' dir='ltr'><strong>idque</strong></span> <span class='ocrx_word' id='word_1_484' title='bbox 1863 3771 2020 3829; x_wconf 86' lang='lat' dir='ltr'><strong>hodie</strong></span> <span class='ocrx_word' id='word_1_485' title='bbox 2059 3788 2088 3827; x_wconf 90' lang='lat' dir='ltr'><strong>a</strong></span> 
     </span>
    </p>
   </div>
   <div class='ocr_carea' id='block_1_66' title="bbox 509 3861 2091 3934">
    <p class='ocr_par' dir='ltr' id='par_1_66' title="bbox 509 3861 2091 3934">
     <span class='ocr_line' id='line_1_66' title="bbox 509 3861 2091 3934; baseline 0.003 -19"><span class='ocrx_word' id='word_1_486' title='bbox 509 3862 969 3932; x_wconf 83' lang='lat' dir='ltr'><strong>conspicientibus</strong></span> <span class='ocrx_word' id='word_1_487' title='bbox 991 3861 1158 3918; x_wconf 87' lang='lat' dir='ltr'><strong>cerni.</strong></span> <span class='ocrx_word' id='word_1_488' title='bbox 1184 3861 1288 3917; x_wconf 90' lang='lat' dir='ltr'><strong>Sed</strong></span> <span class='ocrx_word' id='word_1_489' title='bbox 1317 3863 1438 3932; x_wconf 88' lang='lat' dir='ltr'><strong>quia</strong></span> <span class='ocrx_word' id='word_1_490' title='bbox 1462 3861 1662 3934; x_wconf 85' lang='lat' dir='ltr'><strong>jugiter</strong></span> <span class='ocrx_word' id='word_1_491' title='bbox 1683 3879 1834 3919; x_wconf 87' lang='lat' dir='ltr'><strong>mens</strong></span> <span class='ocrx_word' id='word_1_492' title='bbox 1859 3865 2091 3920; x_wconf 85' lang='lat' dir='ltr'><strong>humana</strong></span> 
     </span>
    </p>
   </div>
   <div class='ocr_carea' id='block_1_67' title="bbox 513 3955 2088 4025">
    <p class='ocr_par' dir='ltr' id='par_1_67' title="bbox 513 3955 2088 4025">
     <span class='ocr_line' id='line_1_67' title="bbox 513 3955 2088 4025; baseline 0.002 -15"><span class='ocrx_word' id='word_1_493' title='bbox 513 3955 751 4025; x_wconf 82' lang='lat' dir='ltr'><strong>turpibus</strong></span> <span class='ocrx_word' id='word_1_494' title='bbox 781 3956 1268 4025; x_wconf 87' lang='lat' dir='ltr'><strong>erubescendisque</strong></span> <span class='ocrx_word' id='word_1_495' title='bbox 1298 3955 1672 4025; x_wconf 89' lang='lat' dir='ltr'><strong>cupiditatibus</strong></span> <span class='ocrx_word' id='word_1_496' title='bbox 1702 3956 1911 4024; x_wconf 87' lang='lat' dir='ltr'><strong>inhiat,</strong></span> <span class='ocrx_word' id='word_1_497' title='bbox 1957 3957 2088 4013; x_wconf 88' lang='lat' dir='ltr'><strong>sub-</strong></span> 
     </span>
    </p>
   </div>
   <div class='ocr_carea' id='block_1_68' title="bbox 507 4047 2090 4121">
    <p class='ocr_par' dir='ltr' id='par_1_68' title="bbox 507 4047 2090 4121">
     <span class='ocr_line' id='line_1_68' title="bbox 507 4047 2090 4121; baseline 0.002 -18"><span class='ocrx_word' id='word_1_498' title='bbox 507 4048 760 4104; x_wconf 87' lang='lat' dir='ltr'><strong>diaconus</strong></span> <span class='ocrx_word' id='word_1_499' title='bbox 786 4048 1037 4118; x_wconf 89' lang='lat' dir='ltr'><strong>quidam,</strong></span> <span class='ocrx_word' id='word_1_500' title='bbox 1083 4049 1197 4103; x_wconf 90' lang='lat' dir='ltr'><strong>viso</strong></span> <span class='ocrx_word' id='word_1_501' title='bbox 1238 4063 1332 4116; x_wconf 82' lang='lat' dir='ltr'><strong>per</strong></span> <span class='ocrx_word' id='word_1_502' title='bbox 1371 4047 1660 4104; x_wconf 86' lang='lat' dir='ltr'><strong>fenestram</strong></span> <span class='ocrx_word' id='word_1_503' title='bbox 1700 4059 1957 4121; x_wconf 83' lang='lat' dir='ltr'><strong>argento,</strong></span> <span class='ocrx_word' id='word_1_504' title='bbox 1999 4065 2090 4106; x_wconf 90' lang='lat' dir='ltr'><strong>co-</strong></span> 
     </span>
    </p>
   </div>
   <div class='ocr_carea' id='block_1_69' title="bbox 507 4139 2089 4213">
    <p class='ocr_par' dir='ltr' id='par_1_69' title="bbox 507 4139 2089 4213">
     <span class='ocr_line' id='line_1_69' title="bbox 507 4139 2089 4213; baseline 0.003 -19"><span class='ocrx_word' id='word_1_505' title='bbox 507 4140 640 4211; x_wconf 88' lang='lat' dir='ltr'><strong>gitat</strong></span> <span class='ocrx_word' id='word_1_506' title='bbox 679 4139 815 4196; x_wconf 87' lang='lat' dir='ltr'><strong>intra</strong></span> <span class='ocrx_word' id='word_1_507' title='bbox 862 4153 924 4195; x_wconf 89' lang='lat' dir='ltr'><strong>se</strong></span> <span class='ocrx_word' id='word_1_508' title='bbox 953 4139 1096 4211; x_wconf 89' lang='lat' dir='ltr'><strong>quod</strong></span> <span class='ocrx_word' id='word_1_509' title='bbox 1127 4148 1343 4211; x_wconf 91' lang='lat' dir='ltr'><strong>postero</strong></span> <span class='ocrx_word' id='word_1_510' title='bbox 1373 4141 1532 4213; x_wconf 83' lang='lat'><strong>765</strong></span> <span class='ocrx_word' id='word_1_511' title='bbox 1561 4141 1646 4196; x_wconf 91' lang='lat' dir='ltr'><strong>die</strong></span> <span class='ocrx_word' id='word_1_512' title='bbox 1674 4143 1896 4198; x_wconf 87' lang='lat' dir='ltr'><strong>avaritia</strong></span> <span class='ocrx_word' id='word_1_513' title='bbox 1928 4140 1955 4180; x_wconf 73' lang='grc' dir='ltr'><em>ά</em></span> <span class='ocrx_word' id='word_1_514' title='bbox 1989 4142 2089 4199; x_wconf 87' lang='lat' dir='ltr'><strong>im-</strong></span> 
     </span>
    </p>
   </div>
   <div class='ocr_carea' id='block_1_70' title="bbox 579 4299 2085 4372">
    <p class='ocr_par' dir='ltr' id='par_1_70' title="bbox 579 4299 2085 4372">
     <span class='ocr_line' id='line_1_70' title="bbox 579 4299 2085 4372; baseline -0.001 -15"><span class='ocrx_word' id='word_1_515' title='bbox 579 4311 606 4341; x_wconf 78' lang='grc' dir='ltr'><strong>ι</strong></span> <span class='ocrx_word' id='word_1_516' title='bbox 645 4302 703 4357; x_wconf 91' lang='lat' dir='ltr'><strong>In</strong></span> <span class='ocrx_word' id='word_1_517' title='bbox 729 4299 873 4356; x_wconf 86' lang='lat' dir='ltr'><strong>Clar.</strong></span> <span class='ocrx_word' id='word_1_518' title='bbox 901 4300 935 4356; x_wconf 91' lang='lat' dir='ltr'><strong>b</strong></span> <span class='ocrx_word' id='word_1_519' title='bbox 965 4300 1065 4354; x_wconf 91' lang='lat' dir='ltr'><strong>hoc</strong></span> <span class='ocrx_word' id='word_1_520' title='bbox 1117 4309 1274 4368; x_wconf 87' lang='lat' dir='ltr'><strong>caput</strong></span> <span class='ocrx_word' id='word_1_521' title='bbox 1302 4299 1449 4355; x_wconf 82' lang='lat' dir='ltr'><strong>deest</strong></span> <span class='ocrx_word' id='word_1_522' title='bbox 1477 4315 1596 4355; x_wconf 93' lang='lat' dir='ltr'><strong>cum</strong></span> <span class='ocrx_word' id='word_1_523' title='bbox 1626 4299 1830 4355; x_wconf 86' lang='lat' dir='ltr'><strong>duobus</strong></span> <span class='ocrx_word' id='word_1_524' title='bbox 1857 4313 2085 4372; x_wconf 82' lang='lat' dir='ltr'><strong>sequen-</strong></span> 
     </span>
    </p>
   </div>
   <div class='ocr_carea' id='block_1_71' title="bbox 507 4371 2083 4441">
    <p class='ocr_par' dir='ltr' id='par_1_71' title="bbox 507 4371 2083 4441">
     <span class='ocr_line' id='line_1_71' title="bbox 507 4371 2083 4441; baseline -0.001 -14"><span class='ocrx_word' id='word_1_525' title='bbox 507 4372 666 4428; x_wconf 89' lang='lat' dir='ltr'><strong>tibus.</strong></span> <span class='ocrx_word' id='word_1_526' title='bbox 710 4373 972 4440; x_wconf 86' lang='lat' dir='ltr'><strong>Deinceps</strong></span> <span class='ocrx_word' id='word_1_527' title='bbox 1010 4386 1138 4424; x_wconf 79' lang='lat' dir='ltr'><strong>vero</strong></span> <span class='ocrx_word' id='word_1_528' title='bbox 1179 4373 1229 4424; x_wconf 93' lang='lat' dir='ltr'><strong>in</strong></span> <span class='ocrx_word' id='word_1_529' title='bbox 1267 4371 1408 4424; x_wconf 74' lang='lat' dir='ltr'><strong>(llar.</strong></span> <span class='ocrx_word' id='word_1_530' title='bbox 1475 4386 1502 4424; x_wconf 92' lang='lat' dir='ltr'><strong>a</strong></span> <span class='ocrx_word' id='word_1_531' title='bbox 1547 4373 1800 4441; x_wconf 87' lang='lat' dir='ltr'><strong>pleraque</strong></span> <span class='ocrx_word' id='word_1_532' title='bbox 1858 4371 2083 4438; x_wconf 88' lang='lat' dir='ltr'><strong>desunt,</strong></span> 
     </span>
    </p>
   </div>
   <div class='ocr_carea' id='block_1_72' title="bbox 511 4442 2087 4511">
    <p class='ocr_par' dir='ltr' id='par_1_72' title="bbox 511 4442 2087 4511">
     <span class='ocr_line' id='line_1_72' title="bbox 511 4442 2087 4511; baseline 0.001 -14"><span class='ocrx_word' id='word_1_533' title='bbox 511 4444 753 4511; x_wconf 66' lang='lat' dir='ltr'><strong>quadam</strong></span> <span class='ocrx_word' id='word_1_534' title='bbox 805 4442 912 4494; x_wconf 90' lang='lat' dir='ltr'><strong>alio</strong></span> <span class='ocrx_word' id='word_1_535' title='bbox 962 4443 1154 4496; x_wconf 86' lang='lat' dir='ltr'><strong>ordine</strong></span> <span class='ocrx_word' id='word_1_536' title='bbox 1201 4457 1354 4504; x_wconf 84' lang='lat' dir='ltr'><strong>quam</strong></span> <span class='ocrx_word' id='word_1_537' title='bbox 1407 4442 1458 4495; x_wconf 93' lang='lat' dir='ltr'><strong>in</strong></span> <span class='ocrx_word' id='word_1_538' title='bbox 1509 4443 1714 4497; x_wconf 70' lang='lat' dir='ltr'><strong>caeteris</strong></span> <span class='ocrx_word' id='word_1_539' title='bbox 1767 4443 1978 4510; x_wconf 83' lang='lat' dir='ltr'><strong>scriptis</strong></span> <span class='ocrx_word' id='word_1_540' title='bbox 2031 4452 2087 4499; x_wconf 87' lang='lat' dir='ltr'><strong>et</strong></span> 
     </span>
    </p>
   </div>
   <div class='ocr_carea' id='block_1_73' title="bbox 511 4511 2086 4584">
    <p class='ocr_par' dir='ltr' id='par_1_73' title="bbox 511 4511 2086 4584">
     <span class='ocr_line' id='line_1_73' title="bbox 511 4511 2086 4584; baseline 0.001 -16"><span class='ocrx_word' id='word_1_541' title='bbox 511 4515 684 4568; x_wconf 82' lang='lat' dir='ltr'><strong>Editis</strong></span> <span class='ocrx_word' id='word_1_542' title='bbox 712 4513 925 4584; x_wconf 85' lang='lat' dir='ltr'><strong>posita,</strong></span> <span class='ocrx_word' id='word_1_543' title='bbox 964 4511 1284 4584; x_wconf 56' lang='lat' dir='ltr'><strong>intermixtis</strong></span> <span class='ocrx_word' id='word_1_544' title='bbox 1327 4513 1487 4584; x_wconf 82' lang='lat' dir='ltr'><strong>etiam</strong></span> <span class='ocrx_word' id='word_1_545' title='bbox 1526 4513 1843 4584; x_wconf 84' lang='lat' dir='ltr'><strong>quandoque</strong></span> <span class='ocrx_word' id='word_1_546' title='bbox 1884 4514 2086 4584; x_wconf 89' lang='lat' dir='ltr'><strong>aliquot</strong></span> 
     </span>
    </p>
   </div>
   <div class='ocr_carea' id='block_1_74' title="bbox 507 4581 1752 4695">
    <p class='ocr_par' dir='ltr' id='par_1_74' title="bbox 507 4581 1752 4695">
     <span class='ocr_line' id='line_1_74' title="bbox 507 4581 1752 4695; baseline -0.004 -55"><span class='ocrx_word' id='word_1_547' title='bbox 507 4583 752 4695; x_wconf 59' lang='lat' dir='ltr'><strong>capitulis</strong></span> <span class='ocrx_word' id='word_1_548' title='bbox 781 4598 845 4638; x_wconf 85' lang='lat' dir='ltr'><strong>ex</strong></span> <span class='ocrx_word' id='word_1_549' title='bbox 877 4583 1014 4637; x_wconf 90' lang='lat' dir='ltr'><strong>libro</strong></span> <span class='ocrx_word' id='word_1_550' title='bbox 1045 4582 1110 4635; x_wconf 89' lang='lat' dir='ltr'><strong>de</strong></span> <span class='ocrx_word' id='word_1_551' title='bbox 1141 4582 1320 4635; x_wconf 88' lang='lat' dir='ltr'><strong>Gloria</strong></span> <span class='ocrx_word' id='word_1_552' title='bbox 1351 4581 1752 4636; x_wconf 82' lang='lat' dir='ltr'><strong>Confessoruin.</strong></span> 
     </span>
     <span class='ocr_line' id='line_1_75' title="bbox 655 4653 1752 4695; baseline 0 0"><span class='ocrx_word' id='word_1_553' title='bbox 655 4659 778 4695; x_wconf 70' lang='lat' dir='ltr'><strong>Apta</strong></span> <span class='ocrx_word' id='word_1_554' title='bbox 810 4664 1113 4695; x_wconf 65' lang='lat' dir='ltr'><strong>canuntur-nm</strong></span> <span class='ocrx_word' id='word_1_555' title='bbox 1143 4653 1458 4695; x_wconf 63' lang='lat' dir='ltr'><strong>Chrvszmlhi</strong></span> <span class='ocrx_word' id='word_1_556' title='bbox 1491 4662 1538 4695; x_wconf 73' lang='lat' dir='ltr'><strong>pl</strong></span> <span class='ocrx_word' id='word_1_557' title='bbox 1585 4653 1752 4695; x_wconf 69' lang='lat' dir='ltr'><strong>nar-im</strong></span> 
     </span>
    </p>
   </div>
   <div class='ocr_carea' id='block_1_75' title="bbox 648 4653 2081 4723">
    <p class='ocr_par' dir='ltr' id='par_1_75' title="bbox 648 4653 2081 4723">
     <span class='ocr_line' id='line_1_76' title="bbox 648 4653 2081 4723; baseline 0 -13"><span class='ocrx_word' id='word_1_558' title='bbox 648 4659 780 4710; x_wconf 86' lang='lat' dir='ltr'><strong>Acta</strong></span> <span class='ocrx_word' id='word_1_559' title='bbox 810 4664 1113 4709; x_wconf 87' lang='lat' dir='ltr'><strong>sanctorum</strong></span> <span class='ocrx_word' id='word_1_560' title='bbox 1143 4653 1459 4723; x_wconf 82' lang='lat' dir='ltr'><strong>Clirysauthi</strong></span> <span class='ocrx_word' id='word_1_561' title='bbox 1491 4662 1542 4707; x_wconf 89' lang='lat' dir='ltr'><strong>et</strong></span> <span class='ocrx_word' id='word_1_562' title='bbox 1585 4653 1789 4719; x_wconf 59' lang='lat' dir='ltr'><strong>Darius,</strong></span> <span class='ocrx_word' id='word_1_563' title='bbox 1837 4668 1954 4723; x_wconf 66' lang='lat' dir='ltr'><strong>quae</strong></span> <span class='ocrx_word' id='word_1_564' title='bbox 1988 4655 2081 4710; x_wconf 87' lang='lat' dir='ltr'><strong>ho-</strong></span> 
     </span>
    </p>
   </div>
   <div class='ocr_carea' id='block_1_76' title="bbox 2196 3405 3782 3477">
    <p class='ocr_par' dir='ltr' id='par_1_76' title="bbox 2196 3405 3782 3477">
     <span class='ocr_line' id='line_1_77' title="bbox 2196 3405 3782 3477; baseline 0.001 -17"><span class='ocrx_word' id='word_1_565' title='bbox 2196 3414 2412 3476; x_wconf 86' lang='lat' dir='ltr'><strong>tequam</strong></span> <span class='ocrx_word' id='word_1_566' title='bbox 2463 3419 2630 3475; x_wconf 89' lang='lat' dir='ltr'><strong>usque</strong></span> <span class='ocrx_word' id='word_1_567' title='bbox 2657 3405 2722 3460; x_wconf 90' lang='lat' dir='ltr'><strong>ad</strong></span> <span class='ocrx_word' id='word_1_568' title='bbox 2771 3406 3040 3462; x_wconf 84' lang='lat' dir='ltr'><strong>cancellos</strong></span> <span class='ocrx_word' id='word_1_569' title='bbox 3090 3407 3177 3477; x_wconf 92' lang='lat' dir='ltr'><strong>qui</strong></span> <span class='ocrx_word' id='word_1_570' title='bbox 3209 3410 3307 3462; x_wconf 88' lang='lat' dir='ltr'><strong>sub</strong></span> <span class='ocrx_word' id='word_1_571' title='bbox 3337 3422 3461 3461; x_wconf 88' lang='lat' dir='ltr'><strong>arcu</strong></span> <span class='ocrx_word' id='word_1_572' title='bbox 3493 3407 3782 3473; x_wconf 82' lang='lat' dir='ltr'><strong>habentur,</strong></span> 
     </span>
    </p>
   </div>
   <div class='ocr_carea' id='block_1_77' title="bbox 2196 3495 3782 3565">
    <p class='ocr_par' dir='ltr' id='par_1_77' title="bbox 2196 3495 3782 3565">
     <span class='ocr_line' id='line_1_78' title="bbox 2196 3495 3782 3565; baseline -0.003 -13"><span class='ocrx_word' id='word_1_573' title='bbox 2196 3496 2282 3552; x_wconf 93' lang='lat' dir='ltr'><strong>ubi</strong></span> <span class='ocrx_word' id='word_1_574' title='bbox 2329 3495 2652 3550; x_wconf 91' lang='lat' dir='ltr'><strong>clericorum</strong></span> <span class='ocrx_word' id='word_1_575' title='bbox 2702 3498 3039 3563; x_wconf 78' lang='lat' dir='ltr'><strong>psallentium</strong></span> <span class='ocrx_word' id='word_1_576' title='bbox 3071 3507 3214 3552; x_wconf 70' lang='lat' dir='ltr'><strong>stare</strong></span> <span class='ocrx_word' id='word_1_577' title='bbox 3241 3513 3357 3551; x_wconf 91' lang='lat' dir='ltr'><strong>mos</strong></span> <span class='ocrx_word' id='word_1_578' title='bbox 3395 3507 3506 3565; x_wconf 86' lang='lat' dir='ltr'><strong>est,</strong></span> <span class='ocrx_word' id='word_1_579' title='bbox 3541 3498 3782 3562; x_wconf 88' lang='lat' dir='ltr'><strong>accedat,</strong></span> 
     </span>
    </p>
   </div>
   <div class='ocr_carea' id='block_1_78' title="bbox 2193 3587 3781 3658">
    <p class='ocr_par' dir='ltr' id='par_1_78' title="bbox 2193 3587 3781 3658">
     <span class='ocr_line' id='line_1_79' title="bbox 2193 3587 3781 3658; baseline 0 -17"><span class='ocrx_word' id='word_1_580' title='bbox 2193 3589 2375 3644; x_wconf 89' lang='lat' dir='ltr'><strong>statim</strong></span> <span class='ocrx_word' id='word_1_581' title='bbox 2409 3587 2778 3656; x_wconf 88' lang='lat' dir='ltr'><strong>antarripitur</strong></span> <span class='ocrx_word' id='word_1_582' title='bbox 2807 3604 2835 3642; x_wconf 91' lang='lat' dir='ltr'><strong>a</strong></span> <span class='ocrx_word' id='word_1_583' title='bbox 2867 3589 3142 3654; x_wconf 57' lang='lat' dir='ltr'><strong>daemone,</strong></span> <span class='ocrx_word' id='word_1_584' title='bbox 3187 3597 3278 3644; x_wconf 83' lang='lat' dir='ltr'><strong>aut</strong></span> <span class='ocrx_word' id='word_1_585' title='bbox 3313 3589 3510 3645; x_wconf 72' lang='lat' dir='ltr'><strong>ctidetis</strong></span> <span class='ocrx_word' id='word_1_586' title='bbox 3551 3593 3601 3642; x_wconf 90' lang='lat' dir='ltr'><strong>in</strong></span> <span class='ocrx_word' id='word_1_587' title='bbox 3635 3589 3781 3658; x_wconf 88' lang='lat' dir='ltr'><strong>pavi-</strong></span> 
     </span>
    </p>
   </div>
   <div class='ocr_carea' id='block_1_79' title="bbox 2193 3677 3779 3752">
    <p class='ocr_par' dir='ltr' id='par_1_79' title="bbox 2193 3677 3779 3752">
     <span class='ocr_line' id='line_1_80' title="bbox 2193 3677 3779 3752; baseline -0.001 -18"><span class='ocrx_word' id='word_1_588' title='bbox 2193 3691 2377 3736; x_wconf 89' lang='lat' dir='ltr'><strong>mento</strong></span> <span class='ocrx_word' id='word_1_589' title='bbox 2420 3679 2617 3734; x_wconf 89' lang='lat' dir='ltr'><strong>amittit</strong></span> <span class='ocrx_word' id='word_1_590' title='bbox 2657 3677 2796 3751; x_wconf 78' lang='grc' dir='ltr'><strong>[Βαι.</strong></span> <span class='ocrx_word' id='word_1_591' title='bbox 2830 3680 3047 3752; x_wconf 81' lang='lat' dir='ltr'><strong>emittit]</strong></span> <span class='ocrx_word' id='word_1_592' title='bbox 3087 3681 3351 3750; x_wconf 88' lang='lat' dir='ltr'><strong>spiritum.</strong></span> <span class='ocrx_word' id='word_1_593' title='bbox 3409 3681 3481 3735; x_wconf 76' lang='lat' dir='ltr'><strong>Ex</strong></span> <span class='ocrx_word' id='word_1_594' title='bbox 3518 3681 3615 3734; x_wconf 80' lang='lat' dir='ltr'><strong>hoc</strong></span> <span class='ocrx_word' id='word_1_595' title='bbox 3635 3681 3779 3735; x_wconf 91' lang='lat' dir='ltr'><strong>enim</strong></span> 
     </span>
    </p>
   </div>
   <div class='ocr_carea' id='block_1_80' title="bbox 2192 3772 3781 3844">
    <p class='ocr_par' dir='ltr' id='par_1_80' title="bbox 2192 3772 3781 3844">
     <span class='ocr_line' id='line_1_81' title="bbox 2192 3772 3781 3844; baseline -0.001 -18"><span class='ocrx_word' id='word_1_596' title='bbox 2192 3773 2421 3844; x_wconf 86' lang='lat' dir='ltr'><strong>quisque</strong></span> <span class='ocrx_word' id='word_1_597' title='bbox 2473 3774 2630 3828; x_wconf 87' lang='lat' dir='ltr'><strong>fidem</strong></span> <span class='ocrx_word' id='word_1_598' title='bbox 2683 3772 3050 3843; x_wconf 81' lang='lat' dir='ltr'><strong>cujuscunque</strong></span> <span class='ocrx_word' id='word_1_599' title='bbox 3085 3774 3162 3828; x_wconf 91' lang='lat' dir='ltr'><strong>rei</strong></span> <span class='ocrx_word' id='word_1_600' title='bbox 3191 3774 3258 3828; x_wconf 89' lang='lat' dir='ltr'><strong>ab</strong></span> <span class='ocrx_word' id='word_1_601' title='bbox 3293 3773 3397 3827; x_wconf 89' lang='lat' dir='ltr'><strong>alio</strong></span> <span class='ocrx_word' id='word_1_602' title='bbox 3423 3773 3652 3827; x_wconf 73' lang='lat' dir='ltr'><strong>voluerit</strong></span> <span class='ocrx_word' id='word_1_603' title='bbox 3686 3773 3781 3828; x_wconf 77' lang='lat' dir='ltr'><strong>eii-</strong></span> 
     </span>
    </p>
   </div>
   <div class='ocr_carea' id='block_1_81' title="bbox 2192 3865 3780 3935">
    <p class='ocr_par' dir='ltr' id='par_1_81' title="bbox 2192 3865 3780 3935">
     <span class='ocr_line' id='line_1_82' title="bbox 2192 3865 3780 3935; baseline -0.001 -15"><span class='ocrx_word' id='word_1_604' title='bbox 2192 3880 2316 3920; x_wconf 90' lang='lat' dir='ltr'><strong>cere</strong></span> <span class='ocrx_word' id='word_1_605' title='bbox 2339 3909 2352 3933; x_wconf 92' lang='lat'><strong>,</strong></span> <span class='ocrx_word' id='word_1_606' title='bbox 2385 3875 2442 3919; x_wconf 90' lang='lat' dir='ltr'><strong>ut</strong></span> <span class='ocrx_word' id='word_1_607' title='bbox 2488 3881 2669 3920; x_wconf 88' lang='lat' dir='ltr'><strong>verum</strong></span> <span class='ocrx_word' id='word_1_608' title='bbox 2698 3875 3028 3934; x_wconf 87' lang='lat' dir='ltr'><strong>cognoscat,</strong></span> <span class='ocrx_word' id='word_1_609' title='bbox 3075 3882 3180 3920; x_wconf 91' lang='lat' dir='ltr'><strong>non</strong></span> <span class='ocrx_word' id='word_1_610' title='bbox 3209 3865 3364 3920; x_wconf 84' lang='lat' dir='ltr'><strong>aliter</strong></span> <span class='ocrx_word' id='word_1_611' title='bbox 3394 3866 3496 3919; x_wconf 87' lang='lat' dir='ltr'><strong>nisi</strong></span> <span class='ocrx_word' id='word_1_612' title='bbox 3527 3867 3594 3920; x_wconf 92' lang='lat' dir='ltr'><strong>ad</strong></span> <span class='ocrx_word' id='word_1_613' title='bbox 3622 3865 3780 3935; x_wconf 87' lang='lat' dir='ltr'><strong>hujus</strong></span> 
     </span>
    </p>
   </div>
   <div class='ocr_carea' id='block_1_82' title="bbox 2191 3955 3776 4026">
    <p class='ocr_par' dir='ltr' id='par_1_82' title="bbox 2191 3955 3776 4026">
     <span class='ocr_line' id='line_1_83' title="bbox 2191 3955 3776 4026; baseline -0.002 -14"><span class='ocrx_word' id='word_1_614' title='bbox 2191 3957 2464 4012; x_wconf 87' lang='lat' dir='ltr'><strong>basilicam</strong></span> <span class='ocrx_word' id='word_1_615' title='bbox 2509 3957 2760 4011; x_wconf 88' lang='lat' dir='ltr'><strong>destinat.</strong></span> <span class='ocrx_word' id='word_1_616' title='bbox 2815 3955 2946 4010; x_wconf 89' lang='lat' dir='ltr'><strong>Nam</strong></span> <span class='ocrx_word' id='word_1_617' title='bbox 2979 3956 3160 4011; x_wconf 88' lang='lat' dir='ltr'><strong>ferunt</strong></span> <span class='ocrx_word' id='word_1_618' title='bbox 3191 3956 3476 4026; x_wconf 89' lang='lat' dir='ltr'><strong>plerosque</strong></span> <span class='ocrx_word' id='word_1_619' title='bbox 3500 3957 3648 4026; x_wconf 76' lang='lat' dir='ltr'><strong>juxta</strong></span> <span class='ocrx_word' id='word_1_620' title='bbox 3682 3957 3776 4012; x_wconf 85' lang='lat' dir='ltr'><strong>ba-</strong></span> 
     </span>
    </p>
   </div>
   <div class='ocr_carea' id='block_1_83' title="bbox 2191 4036 3777 4121">
    <p class='ocr_par' dir='ltr' id='par_1_83' title="bbox 2191 4036 3777 4121">
     <span class='ocr_line' id='line_1_84' title="bbox 2191 4036 3777 4121; baseline 0 -18"><span class='ocrx_word' id='word_1_621' title='bbox 2191 4049 2368 4104; x_wconf 91' lang='lat' dir='ltr'><strong>silicas</strong></span> <span class='ocrx_word' id='word_1_622' title='bbox 2392 4048 2762 4118; x_wconf 92' lang='lat' dir='ltr'><strong>apostolorum</strong></span> <span class='ocrx_word' id='word_1_623' title='bbox 2797 4049 2912 4103; x_wconf 87' lang='lat' dir='ltr'><strong>sive</strong></span> <span class='ocrx_word' id='word_1_624' title='bbox 2951 4049 3178 4104; x_wconf 80' lang='lat' dir='ltr'><strong>aliorum</strong></span> <span class='ocrx_word' id='word_1_625' title='bbox 3209 4036 3503 4121; x_wconf 83' lang='lat' dir='ltr'><strong>martyrum</strong></span> <span class='ocrx_word' id='word_1_626' title='bbox 3543 4065 3777 4104; x_wconf 84' lang='lat' dir='ltr'><strong>comma-</strong></span> 
     </span>
    </p>
   </div>
   <div class='ocr_carea' id='block_1_84' title="bbox 2189 4140 3776 4211">
    <p class='ocr_par' dir='ltr' id='par_1_84' title="bbox 2189 4140 3776 4211">
     <span class='ocr_line' id='line_1_85' title="bbox 2189 4140 3776 4211; baseline -0.001 -15"><span class='ocrx_word' id='word_1_627' title='bbox 2189 4149 2399 4208; x_wconf 90' lang='lat' dir='ltr'><strong>nentes,</strong></span> <span class='ocrx_word' id='word_1_628' title='bbox 2433 4155 2540 4195; x_wconf 92' lang='lat' dir='ltr'><strong>non</strong></span> <span class='ocrx_word' id='word_1_629' title='bbox 2569 4140 2696 4196; x_wconf 89' lang='lat' dir='ltr'><strong>alibi</strong></span> <span class='ocrx_word' id='word_1_630' title='bbox 2747 4155 2843 4210; x_wconf 90' lang='lat' dir='ltr'><strong>pro</strong></span> <span class='ocrx_word' id='word_1_631' title='bbox 2873 4140 2972 4194; x_wconf 87' lang='lat' dir='ltr'><strong>hac</strong></span> <span class='ocrx_word' id='word_1_632' title='bbox 3005 4142 3331 4197; x_wconf 85' lang='lat' dir='ltr'><strong>necessitate</strong></span> <span class='ocrx_word' id='word_1_633' title='bbox 3381 4141 3482 4196; x_wconf 92' lang='lat' dir='ltr'><strong>nisi</strong></span> <span class='ocrx_word' id='word_1_634' title='bbox 3517 4141 3776 4211; x_wconf 90' lang='lat' dir='ltr'><strong>templum</strong></span> 
     </span>
    </p>
   </div>
   <div class='ocr_carea' id='block_1_85' title="bbox 2190 4312 3775 4436">
    <p class='ocr_par' dir='ltr' id='par_1_85' title="bbox 2190 4312 3775 4436">
     <span class='ocr_line' id='line_1_86' title="bbox 2190 4312 3775 4436; baseline 0.008 -20"><span class='ocrx_word' id='word_1_635' title='bbox 2190 4312 2457 4424; x_wconf 54' lang='lat' dir='ltr'><strong>musmilss.</strong></span> <span class='ocrx_word' id='word_1_636' title='bbox 2486 4367 2542 4436; x_wconf 74' lang='lat'><strong>2,</strong></span> <span class='ocrx_word' id='word_1_637' title='bbox 2570 4365 2882 4436; x_wconf 65' lang='lat' dir='ltr'><strong>Pani-ratus.</strong></span> <span class='ocrx_word' id='word_1_638' title='bbox 2914 4366 3067 4422; x_wconf 89' lang='lat' dir='ltr'><strong>Colb.</strong></span> <span class='ocrx_word' id='word_1_639' title='bbox 3094 4383 3124 4422; x_wconf 89' lang='lat' dir='ltr'><strong>a</strong></span> <span class='ocrx_word' id='word_1_640' title='bbox 3145 4407 3161 4433; x_wconf 91' lang='lat'><strong>,</strong></span> <span class='ocrx_word' id='word_1_641' title='bbox 3190 4369 3356 4424; x_wconf 89' lang='lat' dir='ltr'><strong>semel</strong></span> <span class='ocrx_word' id='word_1_642' title='bbox 3385 4371 3490 4434; x_wconf 89' lang='lat' dir='ltr'><strong>hic,</strong></span> <span class='ocrx_word' id='word_1_643' title='bbox 3523 4379 3578 4427; x_wconf 94' lang='lat' dir='ltr'><strong>et</strong></span> <span class='ocrx_word' id='word_1_644' title='bbox 3604 4372 3659 4428; x_wconf 90' lang='lat' dir='ltr'><strong>in</strong></span> <span class='ocrx_word' id='word_1_645' title='bbox 3686 4388 3775 4428; x_wconf 85' lang='lat' dir='ltr'><strong>ca-</strong></span> 
     </span>
    </p>
   </div>
   <div class='ocr_carea' id='block_1_86' title="bbox 2189 4435 3772 4510">
    <p class='ocr_par' dir='ltr' id='par_1_86' title="bbox 2189 4435 3772 4510">
     <span class='ocr_line' id='line_1_87' title="bbox 2189 4435 3772 4510; baseline 0.003 -16"><span class='ocrx_word' id='word_1_646' title='bbox 2189 4441 2358 4510; x_wconf 89' lang='lat' dir='ltr'><strong>pitum</strong></span> <span class='ocrx_word' id='word_1_647' title='bbox 2389 4435 2624 4494; x_wconf 78' lang='lat' dir='ltr'><strong>indiCulo</strong></span> <span class='ocrx_word' id='word_1_648' title='bbox 2653 4435 2992 4510; x_wconf 66' lang='lat' dir='ltr'><strong>Prancntius,</strong></span> <span class='ocrx_word' id='word_1_649' title='bbox 3041 4453 3159 4503; x_wconf 77' lang='lat' dir='ltr'><strong>qua:</strong></span> <span class='ocrx_word' id='word_1_650' title='bbox 3187 4441 3456 4496; x_wconf 82' lang='lat' dir='ltr'><strong>scribendi</strong></span> <span class='ocrx_word' id='word_1_651' title='bbox 3489 4442 3647 4510; x_wconf 86' lang='lat' dir='ltr'><strong>hujus</strong></span> <span class='ocrx_word' id='word_1_652' title='bbox 3678 4460 3772 4499; x_wconf 77' lang='lat' dir='ltr'><strong>no~</strong></span> 
     </span>
    </p>
   </div>
   <div class='ocr_carea' id='block_1_87' title="bbox 2187 4507 3770 4592">
    <p class='ocr_par' dir='ltr' id='par_1_87' title="bbox 2187 4507 3770 4592">
     <span class='ocr_line' id='line_1_88' title="bbox 2187 4507 3770 4592; baseline 0.004 -27"><span class='ocrx_word' id='word_1_653' title='bbox 2187 4507 2346 4592; x_wconf 75' lang='lat' dir='ltr'><strong>ruinis</strong></span> <span class='ocrx_word' id='word_1_654' title='bbox 2393 4511 2626 4564; x_wconf 90' lang='lat' dir='ltr'><strong>varietas</strong></span> <span class='ocrx_word' id='word_1_655' title='bbox 2687 4508 2738 4562; x_wconf 92' lang='lat' dir='ltr'><strong>iu</strong></span> <span class='ocrx_word' id='word_1_656' title='bbox 2788 4507 2904 4562; x_wconf 90' lang='lat' dir='ltr'><strong>aliis</strong></span> <span class='ocrx_word' id='word_1_657' title='bbox 2947 4510 3215 4566; x_wconf 82' lang='lat' dir='ltr'><strong>veteribus</strong></span> <span class='ocrx_word' id='word_1_658' title='bbox 3266 4507 3645 4582; x_wconf 72' lang='lat' dir='ltr'><strong>monumentis</strong></span> <span class='ocrx_word' id='word_1_659' title='bbox 3678 4529 3770 4571; x_wconf 86' lang='lat' dir='ltr'><strong>oc-</strong></span> 
     </span>
    </p>
   </div>
   <div class='ocr_carea' id='block_1_88' title="bbox 2186 4590 3772 4712">
    <p class='ocr_par' dir='ltr' id='par_1_88' title="bbox 2186 4590 3772 4712">
     <span class='ocr_line' id='line_1_89' title="bbox 2186 4590 3772 4712; baseline 0.006 -8"><span class='ocrx_word' id='word_1_660' title='bbox 2186 4590 2438 4706; x_wconf 37' lang='lat' dir='ltr'><strong>culti“l‘loac</strong></span> <span class='ocrx_word' id='word_1_661' title='bbox 2463 4651 2518 4706; x_wconf 91' lang='lat' dir='ltr'><strong>in</strong></span> <span class='ocrx_word' id='word_1_662' title='bbox 2557 4650 2774 4706; x_wconf 86' lang='lat' dir='ltr'><strong>basilica</strong></span> <span class='ocrx_word' id='word_1_663' title='bbox 2821 4652 3090 4706; x_wconf 88' lang='lat' dir='ltr'><strong>homiliam</strong></span> <span class='ocrx_word' id='word_1_664' title='bbox 3121 4652 3190 4705; x_wconf 68' lang='lat'><strong>27</strong></span> <span class='ocrx_word' id='word_1_665' title='bbox 3218 4654 3270 4708; x_wconf 91' lang='lat' dir='ltr'><strong>iu</strong></span> <span class='ocrx_word' id='word_1_666' title='bbox 3299 4655 3560 4712; x_wconf 76' lang='lat' dir='ltr'><strong>Joannem</strong></span> <span class='ocrx_word' id='word_1_667' title='bbox 3587 4655 3772 4712; x_wconf 81' lang='lat' dir='ltr'><strong>habuit</strong></span> 
     </span>
    </p>
   </div>
   <div class='ocr_carea' id='block_1_89' title="bbox 507 4720 3770 4795">
    <p class='ocr_par' dir='ltr' id='par_1_89' title="bbox 507 4720 3770 4795">
     <span class='ocr_line' id='line_1_90' title="bbox 507 4720 3770 4795; baseline -0.001 -12"><span class='ocrx_word' id='word_1_668' title='bbox 507 4728 591 4784; x_wconf 90' lang='lat' dir='ltr'><strong>die</strong></span> <span class='ocrx_word' id='word_1_669' title='bbox 623 4727 909 4792; x_wconf 84' lang='lat' dir='ltr'><strong>habentur,</strong></span> <span class='ocrx_word' id='word_1_670' title='bbox 952 4734 1006 4778; x_wconf 91' lang='lat' dir='ltr'><strong>et</strong></span> <span class='ocrx_word' id='word_1_671' title='bbox 1044 4720 1291 4778; x_wconf 80' lang='lat' dir='ltr'><strong>videntur</strong></span> <span class='ocrx_word' id='word_1_672' title='bbox 1335 4725 1420 4778; x_wconf 90' lang='lat' dir='ltr'><strong>hic</strong></span> <span class='ocrx_word' id='word_1_673' title='bbox 1457 4741 1486 4778; x_wconf 91' lang='lat' dir='ltr'><strong>a</strong></span> <span class='ocrx_word' id='word_1_674' title='bbox 1533 4724 1789 4794; x_wconf 81' lang='lat' dir='ltr'><strong>Gregorio</strong></span> <span class='ocrx_word' id='word_1_675' title='bbox 1833 4720 2034 4780; x_wconf 78' lang='lat' dir='ltr'><strong>laudari</strong></span> <span class='ocrx_word' id='word_1_676' title='bbox 2062 4771 2077 4795; x_wconf 93' lang='lat'><strong>,</strong></span> <span class='ocrx_word' id='word_1_677' title='bbox 2107 4729 2158 4790; x_wconf 81' lang='grc' dir='ltr'><strong>Ι)</strong></span> <span class='ocrx_word' id='word_1_678' title='bbox 2185 4725 2474 4792; x_wconf 78' lang='lat' dir='ltr'><strong>Gregorius</strong></span> <span class='ocrx_word' id='word_1_679' title='bbox 2506 4720 2725 4795; x_wconf 75' lang='lat' dir='ltr'><strong>Magnus</strong></span> <span class='ocrx_word' id='word_1_680' title='bbox 2757 4724 2820 4776; x_wconf 88' lang='lat' dir='ltr'><strong>ad</strong></span> <span class='ocrx_word' id='word_1_681' title='bbox 2849 4725 3014 4790; x_wconf 90' lang='lat' dir='ltr'><strong>ipsius</strong></span> <span class='ocrx_word' id='word_1_682' title='bbox 3047 4726 3294 4794; x_wconf 86' lang='lat' dir='ltr'><strong>martyris</strong></span> <span class='ocrx_word' id='word_1_683' title='bbox 3325 4729 3566 4781; x_wconf 84' lang='lat' dir='ltr'><strong>tumbam.</strong></span> <span class='ocrx_word' id='word_1_684' title='bbox 3612 4729 3770 4782; x_wconf 81' lang='lat' dir='ltr'><strong>Eam-</strong></span> 
     </span>
    </p>
   </div>
   <div class='ocr_carea' id='block_1_90' title="bbox 510 4795 2078 4867">
    <p class='ocr_par' dir='ltr' id='par_1_90' title="bbox 510 4795 2078 4867">
     <span class='ocr_line' id='line_1_91' title="bbox 510 4795 2078 4867; baseline -0.002 -12"><span class='ocrx_word' id='word_1_685' title='bbox 510 4801 706 4855; x_wconf 89' lang='lat' dir='ltr'><strong>nullius</strong></span> <span class='ocrx_word' id='word_1_686' title='bbox 735 4807 857 4852; x_wconf 90' lang='lat' dir='ltr'><strong>sunt</strong></span> <span class='ocrx_word' id='word_1_687' title='bbox 880 4795 1150 4867; x_wconf 88' lang='lat' dir='ltr'><strong>ponderis.</strong></span> <span class='ocrx_word' id='word_1_688' title='bbox 1181 4795 1246 4850; x_wconf 85' lang='lat' dir='ltr'><strong>Et</strong></span> <span class='ocrx_word' id='word_1_689' title='bbox 1275 4797 1483 4867; x_wconf 83' lang='lat' dir='ltr'><strong>quidem</strong></span> <span class='ocrx_word' id='word_1_690' title='bbox 1515 4796 1615 4867; x_wconf 82' lang='lat' dir='ltr'><strong>sibi</strong></span> <span class='ocrx_word' id='word_1_691' title='bbox 1649 4798 1776 4864; x_wconf 89' lang='lat' dir='ltr'><strong>ipsis</strong></span> <span class='ocrx_word' id='word_1_692' title='bbox 1807 4797 2078 4852; x_wconf 88' lang='lat' dir='ltr'><strong>contradi-</strong></span> 
     </span>
    </p>
   </div>
   <div class='ocr_carea' id='block_1_91' title="bbox 509 4866 2080 4940">
    <p class='ocr_par' dir='ltr' id='par_1_91' title="bbox 509 4866 2080 4940">
     <span class='ocr_line' id='line_1_92' title="bbox 509 4866 2080 4940; baseline -0.001 -16"><span class='ocrx_word' id='word_1_693' title='bbox 509 4881 635 4926; x_wconf 88' lang='lat' dir='ltr'><strong>cunt</strong></span> <span class='ocrx_word' id='word_1_694' title='bbox 659 4869 803 4940; x_wconf 89' lang='lat' dir='ltr'><strong>qnod</strong></span> <span class='ocrx_word' id='word_1_695' title='bbox 836 4866 932 4921; x_wconf 81' lang='lat' dir='ltr'><strong>hos</strong></span> <span class='ocrx_word' id='word_1_696' title='bbox 959 4879 1220 4940; x_wconf 67' lang='lat' dir='ltr'><strong>martyres</strong></span> <span class='ocrx_word' id='word_1_697' title='bbox 1250 4866 1349 4920; x_wconf 88' lang='lat' dir='ltr'><strong>sub</strong></span> <span class='ocrx_word' id='word_1_698' title='bbox 1389 4866 1709 4921; x_wconf 82' lang='lat' dir='ltr'><strong>Numeriano</strong></span> <span class='ocrx_word' id='word_1_699' title='bbox 1753 4881 1942 4940; x_wconf 78' lang='lat' dir='ltr'><strong>passos</strong></span> <span class='ocrx_word' id='word_1_700' title='bbox 1985 4884 2080 4922; x_wconf 86' lang='lat' dir='ltr'><strong>vo-</strong></span> 
     </span>
    </p>
   </div>
   <div class='ocr_carea' id='block_1_92' title="bbox 509 4937 2082 5007">
    <p class='ocr_par' dir='ltr' id='par_1_92' title="bbox 509 4937 2082 5007">
     <span class='ocr_line' id='line_1_93' title="bbox 509 4937 2082 5007; baseline 0 -13"><span class='ocrx_word' id='word_1_701' title='bbox 509 4942 654 5005; x_wconf 84' lang='lat' dir='ltr'><strong>qut,</strong></span> <span class='ocrx_word' id='word_1_702' title='bbox 679 4937 756 4996; x_wconf 28' lang='lat' dir='ltr'><strong>vid</strong></span> <span class='ocrx_word' id='word_1_703' title='bbox 782 4949 863 4993; x_wconf 90' lang='lat' dir='ltr'><strong>est</strong></span> <span class='ocrx_word' id='word_1_704' title='bbox 893 4954 979 4992; x_wconf 80' lang='lat' dir='ltr'><strong>an.</strong></span> <span class='ocrx_word' id='word_1_705' title='bbox 1029 4937 1168 4999; x_wconf 70' lang='lat'><strong>‘285,</strong></span> <span class='ocrx_word' id='word_1_706' title='bbox 1210 4953 1432 5005; x_wconf 88' lang='lat' dir='ltr'><strong>quorum</strong></span> <span class='ocrx_word' id='word_1_707' title='bbox 1485 4951 1659 4992; x_wconf 88' lang='lat' dir='ltr'><strong>tamen</strong></span> <span class='ocrx_word' id='word_1_708' title='bbox 1702 4940 1834 4992; x_wconf 79' lang='lat' dir='ltr'><strong>Acta</strong></span> <span class='ocrx_word' id='word_1_709' title='bbox 1857 4937 2082 5007; x_wconf 88' lang='lat' dir='ltr'><strong>jubente</strong></span> 
     </span>
    </p>
   </div>
   <div class='ocr_carea' id='block_1_93' title="bbox 507 5007 2082 5080">
    <p class='ocr_par' dir='ltr' id='par_1_93' title="bbox 507 5007 2082 5080">
     <span class='ocr_line' id='line_1_94' title="bbox 507 5007 2082 5080; baseline 0 -14"><span class='ocrx_word' id='word_1_710' title='bbox 507 5013 778 5079; x_wconf 82' lang='lat' dir='ltr'><strong>Stephano</strong></span> <span class='ocrx_word' id='word_1_711' title='bbox 809 5025 970 5080; x_wconf 85' lang='lat' dir='ltr'><strong>papa,</strong></span> <span class='ocrx_word' id='word_1_712' title='bbox 1003 5010 1090 5078; x_wconf 90' lang='lat' dir='ltr'><strong>qtti</strong></span> <span class='ocrx_word' id='word_1_713' title='bbox 1122 5009 1254 5080; x_wconf 87' lang='lat' dir='ltr'><strong>obiit</strong></span> <span class='ocrx_word' id='word_1_714' title='bbox 1284 5025 1370 5062; x_wconf 84' lang='lat' dir='ltr'><strong>an.</strong></span> <span class='ocrx_word' id='word_1_715' title='bbox 1405 5009 1530 5080; x_wconf 67' lang='grc'><strong>257,</strong></span> <span class='ocrx_word' id='word_1_716' title='bbox 1577 5011 1889 5080; x_wconf 63' lang='lat' dir='ltr'><strong>conscripta</strong></span> <span class='ocrx_word' id='word_1_717' title='bbox 1917 5007 2082 5066; x_wconf 74' lang='lat' dir='ltr'><strong>fuisse</strong></span> 
     </span>
    </p>
   </div>
   <div class='ocr_carea' id='block_1_94' title="bbox 508 5077 2071 5144">
    <p class='ocr_par' dir='ltr' id='par_1_94' title="bbox 508 5077 2071 5144">
     <span class='ocr_line' id='line_1_95' title="bbox 508 5077 2071 5144; baseline -0.001 -8"><span class='ocrx_word' id='word_1_718' title='bbox 508 5077 761 5138; x_wconf 81' lang='lat' dir='ltr'><strong>referunt.</strong></span> <span class='ocrx_word' id='word_1_719' title='bbox 798 5077 993 5134; x_wconf 77' lang='lat' dir='ltr'><strong>Eoi-um</strong></span> <span class='ocrx_word' id='word_1_720' title='bbox 1026 5077 1281 5132; x_wconf 85' lang='lat' dir='ltr'><strong>memoria</strong></span> <span class='ocrx_word' id='word_1_721' title='bbox 1313 5079 1541 5133; x_wconf 86' lang='lat' dir='ltr'><strong>celebris</strong></span> <span class='ocrx_word' id='word_1_722' title='bbox 1571 5088 1654 5133; x_wconf 88' lang='lat' dir='ltr'><strong>est.</strong></span> <span class='ocrx_word' id='word_1_723' title='bbox 1681 5079 1819 5144; x_wconf 83' lang='lat' dir='ltr'><strong>apud</strong></span> <span class='ocrx_word' id='word_1_724' title='bbox 1851 5077 2071 5134; x_wconf 68' lang='lat' dir='ltr'><strong>Grmciis</strong></span> 
     </span>
    </p>
   </div>
   <div class='ocr_carea' id='block_1_95' title="bbox 508 5149 2076 5218">
    <p class='ocr_par' dir='ltr' id='par_1_95' title="bbox 508 5149 2076 5218">
     <span class='ocr_line' id='line_1_96' title="bbox 508 5149 2076 5218; baseline -0.002 -12"><span class='ocrx_word' id='word_1_725' title='bbox 508 5154 592 5208; x_wconf 89' lang='lat' dir='ltr'><strong>die</strong></span> <span class='ocrx_word' id='word_1_726' title='bbox 624 5152 688 5207; x_wconf 90' lang='grc'><strong>19</strong></span> <span class='ocrx_word' id='word_1_727' title='bbox 720 5152 922 5215; x_wconf 83' lang='lat' dir='ltr'><strong>Martii,</strong></span> <span class='ocrx_word' id='word_1_728' title='bbox 956 5161 1008 5205; x_wconf 90' lang='lat' dir='ltr'><strong>et</strong></span> <span class='ocrx_word' id='word_1_729' title='bbox 1039 5151 1176 5218; x_wconf 88' lang='lat' dir='ltr'><strong>apud</strong></span> <span class='ocrx_word' id='word_1_730' title='bbox 1219 5149 1434 5204; x_wconf 86' lang='lat' dir='ltr'><strong>Latinos</strong></span> <span class='ocrx_word' id='word_1_731' title='bbox 1473 5151 1634 5204; x_wconf 86' lang='lat' dir='ltr'><strong>variis</strong></span> <span class='ocrx_word' id='word_1_732' title='bbox 1677 5150 1887 5204; x_wconf 81' lang='lat' dir='ltr'><strong>diebus.</strong></span> <span class='ocrx_word' id='word_1_733' title='bbox 1937 5150 2076 5204; x_wconf 85' lang='lat' dir='ltr'><strong>Lau-</strong></span> 
     </span>
    </p>
   </div>
   <div class='ocr_carea' id='block_1_96' title="bbox 508 5220 2077 5279">
    <p class='ocr_par' dir='ltr' id='par_1_96' title="bbox 508 5220 2077 5279">
     <span class='ocr_line' id='line_1_97' title="bbox 508 5220 2077 5279; baseline -0.001 -3"><span class='ocrx_word' id='word_1_734' title='bbox 508 5225 700 5279; x_wconf 90' lang='lat' dir='ltr'><strong>dantur</strong></span> <span class='ocrx_word' id='word_1_735' title='bbox 727 5238 754 5274; x_wconf 91' lang='lat' dir='ltr'><strong>a</strong></span> <span class='ocrx_word' id='word_1_736' title='bbox 786 5233 970 5275; x_wconf 82' lang='lat' dir='ltr'><strong>sancto</strong></span> <span class='ocrx_word' id='word_1_737' title='bbox 1001 5221 1313 5274; x_wconf 81' lang='lat' dir='ltr'><strong>Adhelelmo</strong></span> <span class='ocrx_word' id='word_1_738' title='bbox 1346 5222 1397 5273; x_wconf 92' lang='lat' dir='ltr'><strong>in</strong></span> <span class='ocrx_word' id='word_1_739' title='bbox 1432 5220 1522 5276; x_wconf 88' lang='lat' dir='ltr'><strong>lib.</strong></span> <span class='ocrx_word' id='word_1_740' title='bbox 1556 5221 1623 5275; x_wconf 88' lang='lat' dir='ltr'><strong>de</strong></span> <span class='ocrx_word' id='word_1_741' title='bbox 1654 5221 1922 5274; x_wconf 86' lang='lat' dir='ltr'><strong>Laudibus</strong></span> <span class='ocrx_word' id='word_1_742' title='bbox 1958 5221 2077 5274; x_wconf 71' lang='lat' dir='ltr'><strong>Vir-</strong></span> 
     </span>
    </p>
   </div>
   <div class='ocr_carea' id='block_1_97' title="bbox 508 5291 2077 5361">
    <p class='ocr_par' dir='ltr' id='par_1_97' title="bbox 508 5291 2077 5361">
     <span class='ocr_line' id='line_1_98' title="bbox 508 5291 2077 5361; baseline 0 -14"><span class='ocrx_word' id='word_1_743' title='bbox 508 5297 682 5361; x_wconf 87' lang='lat' dir='ltr'><strong>ginit.,</strong></span> <span class='ocrx_word' id='word_1_744' title='bbox 713 5303 898 5348; x_wconf 85' lang='lat' dir='ltr'><strong>sam-to</strong></span> <span class='ocrx_word' id='word_1_745' title='bbox 924 5292 1176 5356; x_wconf 89' lang='lat' dir='ltr'><strong>Damaso,</strong></span> <span class='ocrx_word' id='word_1_746' title='bbox 1208 5292 1400 5345; x_wconf 56' lang='lat' dir='ltr'><strong>Illis-sali</strong></span> <span class='ocrx_word' id='word_1_747' title='bbox 1434 5293 1738 5352; x_wconf 82' lang='lat' dir='ltr'><strong>Gelasiano,</strong></span> <span class='ocrx_word' id='word_1_748' title='bbox 1765 5291 1944 5361; x_wconf 87' lang='lat' dir='ltr'><strong>Floro,</strong></span> <span class='ocrx_word' id='word_1_749' title='bbox 1970 5302 2077 5347; x_wconf 93' lang='lat' dir='ltr'><strong>etc.</strong></span> 
     </span>
    </p>
   </div>
   <div class='ocr_carea' id='block_1_98' title="bbox 512 5361 1942 5433">
    <p class='ocr_par' dir='ltr' id='par_1_98' title="bbox 512 5361 1942 5433">
     <span class='ocr_line' id='line_1_99' title="bbox 512 5361 1942 5433; baseline -0.003 -14"><span class='ocrx_word' id='word_1_750' title='bbox 512 5365 674 5433; x_wconf 79' lang='lat' dir='ltr'><strong>Vide,</strong></span> <span class='ocrx_word' id='word_1_751' title='bbox 707 5362 871 5430; x_wconf 80' lang='lat' dir='ltr'><strong>infla,</strong></span> <span class='ocrx_word' id='word_1_752' title='bbox 902 5378 1020 5431; x_wconf 89' lang='lat' dir='ltr'><strong>cap.</strong></span> <span class='ocrx_word' id='word_1_753' title='bbox 1057 5361 1144 5415; x_wconf 70' lang='lat'><strong>85.</strong></span> <span class='ocrx_word' id='word_1_754' title='bbox 1178 5363 1436 5416; x_wconf 87' lang='lat' dir='ltr'><strong>Coluntttr</strong></span> <span class='ocrx_word' id='word_1_755' title='bbox 1468 5363 1552 5416; x_wconf 89' lang='lat' dir='ltr'><strong>die</strong></span> <span class='ocrx_word' id='word_1_756' title='bbox 1579 5362 1647 5415; x_wconf 67' lang='lat'><strong>2:3</strong></span> <span class='ocrx_word' id='word_1_757' title='bbox 1676 5361 1942 5433; x_wconf 84' lang='lat' dir='ltr'><strong>Octobris.</strong></span> 
     </span>
    </p>
   </div>
   <div class='ocr_carea' id='block_1_99' title="bbox 581 5432 2081 5504">
    <p class='ocr_par' dir='ltr' id='par_1_99' title="bbox 581 5432 2081 5504">
     <span class='ocr_line' id='line_1_100' title="bbox 581 5432 2081 5504; baseline -0.003 -14"><span class='ocrx_word' id='word_1_758' title='bbox 581 5447 604 5475; x_wconf 77' lang='grc' dir='ltr'><strong>ο</strong></span> <span class='ocrx_word' id='word_1_759' title='bbox 649 5435 822 5500; x_wconf 87' lang='lat' dir='ltr'><strong>Editi,</strong></span> <span class='ocrx_word' id='word_1_760' title='bbox 869 5442 1130 5504; x_wconf 81' lang='lat' dir='ltr'><strong>segregata</strong></span> <span class='ocrx_word' id='word_1_761' title='bbox 1174 5443 1344 5501; x_wconf 83' lang='lat' dir='ltr'><strong>parte,</strong></span> <span class='ocrx_word' id='word_1_762' title='bbox 1389 5436 1441 5486; x_wconf 83' lang='lat' dir='ltr'><strong>in</strong></span> <span class='ocrx_word' id='word_1_763' title='bbox 1488 5435 1621 5501; x_wconf 83' lang='lat' dir='ltr'><strong>alia,</strong></span> <span class='ocrx_word' id='word_1_764' title='bbox 1661 5442 1802 5499; x_wconf 87' lang='lat' dir='ltr'><strong>etc.;</strong></span> <span class='ocrx_word' id='word_1_765' title='bbox 1854 5432 1952 5501; x_wconf 90' lang='lat' dir='ltr'><strong>aI.,</strong></span> <span class='ocrx_word' id='word_1_766' title='bbox 2001 5446 2081 5486; x_wconf 83' lang='lat' dir='ltr'><strong>se-</strong></span> 
     </span>
    </p>
   </div>
   <div class='ocr_carea' id='block_1_100' title="bbox 506 5516 2084 5704">
    <p class='ocr_par' dir='ltr' id='par_1_100' title="bbox 506 5516 2084 5704">
     <span class='ocr_line' id='line_1_101' title="bbox 506 5516 2084 5704; baseline -0.002 -74"><span class='ocrx_word' id='word_1_767' title='bbox 506 5516 770 5704; x_wconf 53' lang='lat' dir='ltr'><strong>nglg‘gIess.</strong></span> <span class='ocrx_word' id='word_1_768' title='bbox 801 5576 912 5632; x_wconf 87' lang='lat' dir='ltr'><strong>fere</strong></span> <span class='ocrx_word' id='word_1_769' title='bbox 938 5591 1121 5631; x_wconf 90' lang='lat' dir='ltr'><strong>omnes</strong></span> <span class='ocrx_word' id='word_1_770' title='bbox 1140 5614 1159 5644; x_wconf 91' lang='lat'><strong>,</strong></span> <span class='ocrx_word' id='word_1_771' title='bbox 1202 5576 1338 5646; x_wconf 81' lang='lat' dir='ltr'><strong>quod</strong></span> <span class='ocrx_word' id='word_1_772' title='bbox 1359 5583 1534 5646; x_wconf 84' lang='lat' dir='ltr'><strong>postea</strong></span> <span class='ocrx_word' id='word_1_773' title='bbox 1568 5576 1790 5628; x_wconf 82' lang='lat' dir='ltr'><strong>avaritia</strong></span> <span class='ocrx_word' id='word_1_774' title='bbox 1816 5614 1828 5628; x_wconf 96' lang='lat'><strong>.</strong></span> <span class='ocrx_word' id='word_1_775' title='bbox 1855 5612 1871 5629; x_wconf 96' lang='lat'><strong>.</strong></span> <span class='ocrx_word' id='word_1_776' title='bbox 1899 5611 1913 5627; x_wconf 97' lang='lat'><strong>.</strong></span> <span class='ocrx_word' id='word_1_777' title='bbox 1940 5614 1952 5628; x_wconf 91' lang='lat'><strong>.</strong></span> <span class='ocrx_word' id='word_1_778' title='bbox 1988 5575 2084 5627; x_wconf 82' lang='lat' dir='ltr'><strong>im-</strong></span> 
     </span>
     <span class='ocr_line' id='line_1_102' title="bbox 506 5650 675 5704; baseline -0.012 0"><span class='ocrx_word' id='word_1_779' title='bbox 506 5667 539 5704; x_wconf 82' lang='grc' dir='ltr'><em>υ</em></span> <span class='ocrx_word' id='word_1_780' title='bbox 562 5650 675 5702; x_wconf 78' lang='lat' dir='ltr'><strong>erit.</strong></span> 
     </span>
    </p>
   </div>
   <div class='ocr_carea' id='block_1_101' title="bbox 562 5657 675 5702">
    <p class='ocr_par' dir='ltr' id='par_1_101' title="bbox 562 5657 675 5702">
     <span class='ocr_line' id='line_1_103' title="bbox 562 5657 675 5702; baseline 0 0"><span class='ocrx_word' id='word_1_781' title='bbox 562 5657 675 5702; x_wconf 79' lang='lat' dir='ltr'><strong>erit.</strong></span> 
     </span>
    </p>
   </div>
   <div class='ocr_carea' id='block_1_102' title="bbox 505 5667 2082 5787">
    <p class='ocr_par' dir='ltr' id='par_1_102' title="bbox 505 5667 2082 5787">
     <span class='ocr_line' id='line_1_104' title="bbox 562 5667 675 5702; baseline 0 0"><span class='ocrx_word' id='word_1_782' title='bbox 562 5667 675 5702; x_wconf 78' lang='grc' dir='ltr'>ειίι.</span> 
     </span>
     <span class='ocr_line' id='line_1_105' title="bbox 505 5667 2082 5787; baseline -0.001 -14"><span class='ocrx_word' id='word_1_783' title='bbox 505 5667 601 5757; x_wconf 46' lang='lat' dir='ltr'><strong>p10</strong></span> <span class='ocrx_word' id='word_1_784' title='bbox 643 5720 750 5773; x_wconf 85' lang='lat' dir='ltr'><strong>Hos</strong></span> <span class='ocrx_word' id='word_1_785' title='bbox 775 5732 966 5772; x_wconf 89' lang='lat' dir='ltr'><strong>versus</strong></span> <span class='ocrx_word' id='word_1_786' title='bbox 990 5758 1004 5783; x_wconf 96' lang='lat'><strong>,</strong></span> <span class='ocrx_word' id='word_1_787' title='bbox 1055 5718 1192 5787; x_wconf 76' lang='lat' dir='ltr'><strong>quod</strong></span> <span class='ocrx_word' id='word_1_788' title='bbox 1225 5718 1370 5786; x_wconf 85' lang='lat' dir='ltr'><strong>ipsos</strong></span> <span class='ocrx_word' id='word_1_789' title='bbox 1403 5716 1662 5772; x_wconf 84' lang='lat' dir='ltr'><strong>Barouius</strong></span> <span class='ocrx_word' id='word_1_790' title='bbox 1691 5717 1742 5771; x_wconf 93' lang='lat' dir='ltr'><strong>in</strong></span> <span class='ocrx_word' id='word_1_791' title='bbox 1787 5715 2082 5787; x_wconf 79' lang='lat' dir='ltr'><strong>Annalibus</strong></span> 
     </span>
    </p>
   </div>
   <div class='ocr_carea' id='block_1_103' title="bbox 503 5785 2080 5853">
    <p class='ocr_par' dir='ltr' id='par_1_103' title="bbox 503 5785 2080 5853">
     <span class='ocr_line' id='line_1_106' title="bbox 503 5785 2080 5853; baseline -0.002 -9"><span class='ocrx_word' id='word_1_792' title='bbox 503 5807 608 5846; x_wconf 91' lang='lat' dir='ltr'><strong>non</strong></span> <span class='ocrx_word' id='word_1_793' title='bbox 632 5791 901 5853; x_wconf 86' lang='lat' dir='ltr'><strong>retulerit,</strong></span> <span class='ocrx_word' id='word_1_794' title='bbox 950 5805 1013 5842; x_wconf 80' lang='lat' dir='ltr'><strong>ex</strong></span> <span class='ocrx_word' id='word_1_795' title='bbox 1063 5785 1332 5842; x_wconf 26' lang='lat' dir='ltr'><strong>Saraza’nii</strong></span> <span class='ocrx_word' id='word_1_796' title='bbox 1390 5789 1626 5842; x_wconf 77' lang='lat' dir='ltr'><strong>ltomana</strong></span> <span class='ocrx_word' id='word_1_797' title='bbox 1657 5787 1893 5843; x_wconf 87' lang='lat' dir='ltr'><strong>editione</strong></span> <span class='ocrx_word' id='word_1_798' title='bbox 1926 5785 2080 5841; x_wconf 84' lang='lat' dir='ltr'><strong>dabi-</strong></span> 
     </span>
    </p>
   </div>
   <div class='ocr_carea' id='block_1_104' title="bbox 503 5859 1590 5930">
    <p class='ocr_par' dir='ltr' id='par_1_104' title="bbox 503 5859 1590 5930">
     <span class='ocr_line' id='line_1_107' title="bbox 503 5859 1590 5930; baseline 0 -14"><span class='ocrx_word' id='word_1_799' title='bbox 503 5877 620 5918; x_wconf 91' lang='lat' dir='ltr'><strong>tuus</strong></span> <span class='ocrx_word' id='word_1_800' title='bbox 647 5862 701 5916; x_wconf 87' lang='lat' dir='ltr'><strong>in</strong></span> <span class='ocrx_word' id='word_1_801' title='bbox 730 5861 1022 5930; x_wconf 88' lang='lat' dir='ltr'><strong>appendicc</strong></span> <span class='ocrx_word' id='word_1_802' title='bbox 1052 5859 1210 5928; x_wconf 88' lang='lat' dir='ltr'><strong>hujus</strong></span> <span class='ocrx_word' id='word_1_803' title='bbox 1240 5861 1550 5930; x_wconf 87' lang='lat' dir='ltr'><strong>voluminis.</strong></span> <span class='ocrx_word' id='word_1_804' title='bbox 1583 5875 1590 5882; x_wconf 83' lang='lat'><strong><em>&#39;</em></strong></span> 
     </span>
    </p>
   </div>
   <div class='ocr_carea' id='block_1_105' title="bbox 574 5928 2072 6002">
    <p class='ocr_par' dir='ltr' id='par_1_105' title="bbox 574 5928 2072 6002">
     <span class='ocr_line' id='line_1_108' title="bbox 574 5928 2072 6002; baseline -0.002 -13"><span class='ocrx_word' id='word_1_805' title='bbox 574 5931 594 5973; x_wconf 74' lang='grc' dir='ltr'>ί</span> <span class='ocrx_word' id='word_1_806' title='bbox 640 5928 810 5996; x_wconf 53' lang='lat' dir='ltr'><strong>Deerit</strong></span> <span class='ocrx_word' id='word_1_807' title='bbox 840 5933 944 5991; x_wconf 86' lang='lat' dir='ltr'><strong>hoc</strong></span> <span class='ocrx_word' id='word_1_808' title='bbox 968 5940 1130 5999; x_wconf 85' lang='lat' dir='ltr'><strong>caput</strong></span> <span class='ocrx_word' id='word_1_809' title='bbox 1157 5929 1402 5988; x_wconf 70' lang='lat' dir='ltr'><strong>in‘CoIb.</strong></span> <span class='ocrx_word' id='word_1_810' title='bbox 1438 5939 1532 5988; x_wconf 89' lang='lat' dir='ltr'><strong>tut.</strong></span> <span class='ocrx_word' id='word_1_811' title='bbox 1571 5935 1711 5990; x_wconf 76' lang='lat' dir='ltr'><strong>Clar.</strong></span> <span class='ocrx_word' id='word_1_812' title='bbox 1745 5948 1796 6000; x_wconf 87' lang='lat' dir='ltr'><strong>a,</strong></span> <span class='ocrx_word' id='word_1_813' title='bbox 1828 5928 1888 5984; x_wconf 83' lang='lat' dir='ltr'><strong>ab</strong></span> <span class='ocrx_word' id='word_1_814' title='bbox 1915 5930 2072 6002; x_wconf 76' lang='lat' dir='ltr'><strong>hujus</strong></span> 
     </span>
    </p>
   </div>
   <div class='ocr_carea' id='block_1_106' title="bbox 2183 4793 3767 4863">
    <p class='ocr_par' dir='ltr' id='par_1_106' title="bbox 2183 4793 3767 4863">
     <span class='ocr_line' id='line_1_109' title="bbox 2183 4793 3767 4863; baseline 0.001 -13"><span class='ocrx_word' id='word_1_815' title='bbox 2183 4795 2305 4850; x_wconf 89' lang='lat' dir='ltr'><strong>dem</strong></span> <span class='ocrx_word' id='word_1_816' title='bbox 2338 4811 2366 4848; x_wconf 88' lang='lat' dir='ltr'><strong>a</strong></span> <span class='ocrx_word' id='word_1_817' title='bbox 2398 4793 2728 4863; x_wconf 86' lang='lat' dir='ltr'><strong>presbyteris</strong></span> <span class='ocrx_word' id='word_1_818' title='bbox 2756 4796 3050 4862; x_wconf 83' lang='lat' dir='ltr'><strong>neglectam</strong></span> <span class='ocrx_word' id='word_1_819' title='bbox 3100 4793 3377 4850; x_wconf 83' lang='lat' dir='ltr'><strong>monachis</strong></span> <span class='ocrx_word' id='word_1_820' title='bbox 3419 4798 3632 4852; x_wconf 86' lang='lat' dir='ltr'><strong>attribui</strong></span> <span class='ocrx_word' id='word_1_821' title='bbox 3677 4814 3767 4853; x_wconf 87' lang='lat' dir='ltr'><strong>vo-</strong></span> 
     </span>
    </p>
   </div>
   <div class='ocr_carea' id='block_1_107' title="bbox 2183 4863 3782 4934">
    <p class='ocr_par' dir='ltr' id='par_1_107' title="bbox 2183 4863 3782 4934">
     <span class='ocr_line' id='line_1_110' title="bbox 2183 4863 3782 4934; baseline 0.001 -13"><span class='ocrx_word' id='word_1_822' title='bbox 2183 4867 2283 4922; x_wconf 90' lang='lat' dir='ltr'><strong>luit</strong></span> <span class='ocrx_word' id='word_1_823' title='bbox 2310 4865 2448 4920; x_wconf 89' lang='lat' dir='ltr'><strong>idem</strong></span> <span class='ocrx_word' id='word_1_824' title='bbox 2477 4872 2692 4917; x_wconf 88' lang='lat' dir='ltr'><strong>sanctus</strong></span> <span class='ocrx_word' id='word_1_825' title='bbox 2734 4864 2967 4932; x_wconf 73' lang='lat' dir='ltr'><strong>pontifex</strong></span> <span class='ocrx_word' id='word_1_826' title='bbox 3003 4865 3095 4918; x_wconf 91' lang='lat' dir='ltr'><strong>lib.</strong></span> <span class='ocrx_word' id='word_1_827' title='bbox 3137 4881 3191 4919; x_wconf 89' lang='lat' dir='ltr'><strong>Ill</strong></span> <span class='ocrx_word' id='word_1_828' title='bbox 3219 4866 3376 4934; x_wconf 82' lang='lat' dir='ltr'><strong>epist.</strong></span> <span class='ocrx_word' id='word_1_829' title='bbox 3415 4868 3497 4932; x_wconf 90' lang='lat' dir='ltr'><strong>l8,</strong></span> <span class='ocrx_word' id='word_1_830' title='bbox 3526 4871 3592 4920; x_wconf 82' lang='lat' dir='ltr'><strong>ad</strong></span> <span class='ocrx_word' id='word_1_831' title='bbox 3627 4863 3782 4923; x_wconf 52' lang='lat' dir='ltr'><strong>Man?</strong></span> 
     </span>
    </p>
   </div>
   <div class='ocr_carea' id='block_1_108' title="bbox 2181 4935 3764 5003">
    <p class='ocr_par' dir='ltr' id='par_1_108' title="bbox 2181 4935 3764 5003">
     <span class='ocr_line' id='line_1_111' title="bbox 2181 4935 3764 5003; baseline 0.002 -11"><span class='ocrx_word' id='word_1_832' title='bbox 2181 4954 2301 4992; x_wconf 82' lang='lat' dir='ltr'><strong>rum</strong></span> <span class='ocrx_word' id='word_1_833' title='bbox 2335 4937 2602 4997; x_wconf 87' lang='lat' dir='ltr'><strong>abbatem,</strong></span> <span class='ocrx_word' id='word_1_834' title='bbox 2636 4935 2722 5003; x_wconf 90' lang='lat' dir='ltr'><strong>qui</strong></span> <span class='ocrx_word' id='word_1_835' title='bbox 2755 4947 2806 4989; x_wconf 92' lang='lat' dir='ltr'><strong>et</strong></span> <span class='ocrx_word' id='word_1_836' title='bbox 2837 4937 2902 4989; x_wconf 89' lang='lat' dir='ltr'><strong>de</strong></span> <span class='ocrx_word' id='word_1_837' title='bbox 2939 4937 3129 4989; x_wconf 89' lang='lat' dir='ltr'><strong>eodem</strong></span> <span class='ocrx_word' id='word_1_838' title='bbox 3170 4947 3356 4991; x_wconf 87' lang='lat' dir='ltr'><strong>saneto</strong></span> <span class='ocrx_word' id='word_1_839' title='bbox 3376 4939 3537 4992; x_wconf 87' lang='lat' dir='ltr'><strong>variis</strong></span> <span class='ocrx_word' id='word_1_840' title='bbox 3566 4939 3618 4993; x_wconf 90' lang='lat' dir='ltr'><strong>in</strong></span> <span class='ocrx_word' id='word_1_841' title='bbox 3649 4940 3764 4995; x_wconf 87' lang='lat' dir='ltr'><strong>aliis</strong></span> 
     </span>
    </p>
   </div>
   <div class='ocr_carea' id='block_1_109' title="bbox 2183 5005 3763 5077">
    <p class='ocr_par' dir='ltr' id='par_1_109' title="bbox 2183 5005 3763 5077">
     <span class='ocr_line' id='line_1_112' title="bbox 2183 5005 3763 5077; baseline -0.001 -14"><span class='ocrx_word' id='word_1_842' title='bbox 2183 5009 2317 5064; x_wconf 90' lang='lat' dir='ltr'><strong>locis</strong></span> <span class='ocrx_word' id='word_1_843' title='bbox 2354 5009 2482 5077; x_wconf 82' lang='lat' dir='ltr'><strong>egit.</strong></span> <span class='ocrx_word' id='word_1_844' title='bbox 2539 5006 2686 5059; x_wconf 81' lang='lat' dir='ltr'><strong>Hanc</strong></span> <span class='ocrx_word' id='word_1_845' title='bbox 2733 5005 2903 5076; x_wconf 90' lang='lat' dir='ltr'><strong>ipsam</strong></span> <span class='ocrx_word' id='word_1_846' title='bbox 2949 5022 3076 5060; x_wconf 85' lang='lat' dir='ltr'><strong>vero</strong></span> <span class='ocrx_word' id='word_1_847' title='bbox 3119 5007 3392 5061; x_wconf 61' lang='lat' dir='ltr'><strong>basilicam</strong></span> <span class='ocrx_word' id='word_1_848' title='bbox 3431 5009 3498 5062; x_wconf 88' lang='lat' dir='ltr'><strong>ab</strong></span> <span class='ocrx_word' id='word_1_849' title='bbox 3530 5008 3763 5065; x_wconf 78' lang='lat' dir='ltr'><strong>Honorio</strong></span> 
     </span>
    </p>
   </div>
   <div class='ocr_carea' id='block_1_110' title="bbox 2181 5077 3757 5150">
    <p class='ocr_par' dir='ltr' id='par_1_110' title="bbox 2181 5077 3757 5150">
     <span class='ocr_line' id='line_1_113' title="bbox 2181 5077 3757 5150; baseline 0.002 -17"><span class='ocrx_word' id='word_1_850' title='bbox 2181 5095 2318 5150; x_wconf 87' lang='lat' dir='ltr'><strong>papa</strong></span> <span class='ocrx_word' id='word_1_851' title='bbox 2366 5086 2717 5150; x_wconf 80' lang='lat' dir='ltr'><strong>restauratum</strong></span> <span class='ocrx_word' id='word_1_852' title='bbox 2765 5079 2930 5132; x_wconf 83' lang='lat' dir='ltr'><strong>fuisse</strong></span> <span class='ocrx_word' id='word_1_853' title='bbox 2979 5077 3230 5132; x_wconf 87' lang='lat' dir='ltr'><strong>observat</strong></span> <span class='ocrx_word' id='word_1_854' title='bbox 3279 5081 3615 5141; x_wconf 84' lang='lat' dir='ltr'><strong>Anastasius,</strong></span> <span class='ocrx_word' id='word_1_855' title='bbox 3668 5079 3757 5136; x_wconf 79' lang='lat' dir='ltr'><strong>sed</strong></span> 
     </span>
    </p>
   </div>
   <div class='ocr_carea' id='block_1_111' title="bbox 2184 5148 3762 5219">
    <p class='ocr_par' dir='ltr' id='par_1_111' title="bbox 2184 5148 3762 5219">
     <span class='ocr_line' id='line_1_114' title="bbox 2184 5148 3762 5219; baseline 0 -15"><span class='ocrx_word' id='word_1_856' title='bbox 2184 5148 2586 5219; x_wconf 85' lang='lat' dir='ltr'><strong>inscriptionem</strong></span> <span class='ocrx_word' id='word_1_857' title='bbox 2620 5148 2717 5201; x_wconf 89' lang='lat' dir='ltr'><strong>hac</strong></span> <span class='ocrx_word' id='word_1_858' title='bbox 2764 5152 3046 5203; x_wconf 84' lang='lat' dir='ltr'><strong>occasione</strong></span> <span class='ocrx_word' id='word_1_859' title='bbox 3078 5152 3302 5216; x_wconf 49' lang='lat' dir='ltr'><strong>positam</strong></span> <span class='ocrx_word' id='word_1_860' title='bbox 3341 5167 3404 5204; x_wconf 81' lang='lat' dir='ltr'><strong>ex</strong></span> <span class='ocrx_word' id='word_1_861' title='bbox 3449 5159 3634 5206; x_wconf 88' lang='lat' dir='ltr'><strong>nostro</strong></span> <span class='ocrx_word' id='word_1_862' title='bbox 3658 5151 3762 5205; x_wconf 72' lang='lat' dir='ltr'><strong>bia-</strong></span> 
     </span>
    </p>
   </div>
   <div class='ocr_carea' id='block_1_112' title="bbox 2186 5219 3762 5289">
    <p class='ocr_par' dir='ltr' id='par_1_112' title="bbox 2186 5219 3762 5289">
     <span class='ocr_line' id='line_1_115' title="bbox 2186 5219 3762 5289; baseline 0.001 -15"><span class='ocrx_word' id='word_1_863' title='bbox 2186 5222 2377 5274; x_wconf 89' lang='lat' dir='ltr'><strong>hillon.</strong></span> <span class='ocrx_word' id='word_1_864' title='bbox 2411 5220 2742 5288; x_wconf 82' lang='lat' dir='ltr'><strong>proferemus</strong></span> <span class='ocrx_word' id='word_1_865' title='bbox 2787 5219 2853 5271; x_wconf 88' lang='lat' dir='ltr'><strong>ad</strong></span> <span class='ocrx_word' id='word_1_866' title='bbox 2907 5220 3107 5274; x_wconf 88' lang='lat' dir='ltr'><strong>calcem</strong></span> <span class='ocrx_word' id='word_1_867' title='bbox 3159 5221 3314 5289; x_wconf 86' lang='lat' dir='ltr'><strong>hujus</strong></span> <span class='ocrx_word' id='word_1_868' title='bbox 3343 5222 3648 5276; x_wconf 79' lang='lat' dir='ltr'><strong>voluminis.</strong></span> <span class='ocrx_word' id='word_1_869' title='bbox 3691 5220 3762 5275; x_wconf 89' lang='lat' dir='ltr'><strong>De</strong></span> 
     </span>
    </p>
   </div>
   <div class='ocr_carea' id='block_1_113' title="bbox 2187 5289 3756 5360">
    <p class='ocr_par' dir='ltr' id='par_1_113' title="bbox 2187 5289 3756 5360">
     <span class='ocr_line' id='line_1_116' title="bbox 2187 5289 3756 5360; baseline 0.001 -16"><span class='ocrx_word' id='word_1_870' title='bbox 2187 5291 2426 5360; x_wconf 80' lang='lat' dir='ltr'><strong>ejusdem</strong></span> <span class='ocrx_word' id='word_1_871' title='bbox 2453 5289 2622 5342; x_wconf 80' lang='lat' dir='ltr'><strong>sancti</strong></span> <span class='ocrx_word' id='word_1_872' title='bbox 2652 5290 2889 5359; x_wconf 90' lang='lat' dir='ltr'><strong>reliquiis</strong></span> <span class='ocrx_word' id='word_1_873' title='bbox 2923 5291 3077 5354; x_wconf 85' lang='lat' dir='ltr'><strong>infra,</strong></span> <span class='ocrx_word' id='word_1_874' title='bbox 3107 5307 3221 5360; x_wconf 88' lang='lat' dir='ltr'><strong>cap.</strong></span> <span class='ocrx_word' id='word_1_875' title='bbox 3255 5290 3343 5356; x_wconf 80' lang='lat'><strong>85,</strong></span> <span class='ocrx_word' id='word_1_876' title='bbox 3377 5293 3756 5348; x_wconf 73' lang='lat' dir='ltr'><strong>monasterium</strong></span> 
     </span>
    </p>
   </div>
   <div class='ocr_carea' id='block_1_114' title="bbox 2191 5360 3756 5428">
    <p class='ocr_par' dir='ltr' id='par_1_114' title="bbox 2191 5360 3756 5428">
     <span class='ocr_line' id='line_1_117' title="bbox 2191 5360 3756 5428; baseline -0.001 -10"><span class='ocrx_word' id='word_1_877' title='bbox 2191 5362 2627 5418; x_wconf 86' lang='lat' dir='ltr'><strong>Solemniacense</strong></span> <span class='ocrx_word' id='word_1_878' title='bbox 2650 5400 2664 5423; x_wconf 95' lang='lat'><strong>,</strong></span> <span class='ocrx_word' id='word_1_879' title='bbox 2700 5363 2838 5428; x_wconf 87' lang='lat' dir='ltr'><strong>apud</strong></span> <span class='ocrx_word' id='word_1_880' title='bbox 2880 5360 3189 5416; x_wconf 80' lang='lat' dir='ltr'><strong>Lemovices</strong></span> <span class='ocrx_word' id='word_1_881' title='bbox 3238 5363 3289 5416; x_wconf 93' lang='lat' dir='ltr'><strong>iu</strong></span> <span class='ocrx_word' id='word_1_882' title='bbox 3331 5363 3590 5418; x_wconf 68' lang='lat' dir='ltr'><strong>honorem</strong></span> <span class='ocrx_word' id='word_1_883' title='bbox 3621 5364 3756 5420; x_wconf 79' lang='lat' dir='ltr'><strong>beati</strong></span> 
     </span>
    </p>
   </div>
   <div class='ocr_carea' id='block_1_115' title="bbox 2191 5431 3759 5489">
    <p class='ocr_par' dir='ltr' id='par_1_115' title="bbox 2191 5431 3759 5489">
     <span class='ocr_line' id='line_1_118' title="bbox 2191 5431 3759 5489; baseline 0.001 -2"><span class='ocrx_word' id='word_1_884' title='bbox 2191 5433 2454 5488; x_wconf 84' lang='lat' dir='ltr'><strong>Pancratii</strong></span> <span class='ocrx_word' id='word_1_885' title='bbox 2501 5440 2555 5485; x_wconf 89' lang='lat' dir='ltr'><strong>et</strong></span> <span class='ocrx_word' id='word_1_886' title='bbox 2599 5431 2824 5485; x_wconf 85' lang='lat' dir='ltr'><strong>aliorum</strong></span> <span class='ocrx_word' id='word_1_887' title='bbox 2865 5439 3169 5486; x_wconf 88' lang='lat' dir='ltr'><strong>sanctorum</strong></span> <span class='ocrx_word' id='word_1_888' title='bbox 3207 5445 3570 5489; x_wconf 89' lang='lat' dir='ltr'><strong>constructum</strong></span> <span class='ocrx_word' id='word_1_889' title='bbox 3601 5436 3759 5489; x_wconf 78' lang='lat' dir='ltr'><strong>fuisse</strong></span> 
     </span>
    </p>
   </div>
   <div class='ocr_carea' id='block_1_116' title="bbox 2189 5502 3755 5574">
    <p class='ocr_par' dir='ltr' id='par_1_116' title="bbox 2189 5502 3755 5574">
     <span class='ocr_line' id='line_1_119' title="bbox 2189 5502 3755 5574; baseline 0 -15"><span class='ocrx_word' id='word_1_890' title='bbox 2189 5505 2348 5558; x_wconf 91' lang='lat' dir='ltr'><strong>docet</strong></span> <span class='ocrx_word' id='word_1_891' title='bbox 2374 5518 2472 5556; x_wconf 89' lang='lat' dir='ltr'><strong>nos</strong></span> <span class='ocrx_word' id='word_1_892' title='bbox 2496 5502 2658 5568; x_wconf 88' lang='lat' dir='ltr'><strong>ipsius</strong></span> <span class='ocrx_word' id='word_1_893' title='bbox 2682 5503 2851 5556; x_wconf 89' lang='lat' dir='ltr'><strong>sancti</strong></span> <span class='ocrx_word' id='word_1_894' title='bbox 2888 5503 3044 5574; x_wconf 79' lang='lat' dir='ltr'><strong>Eligii</strong></span> <span class='ocrx_word' id='word_1_895' title='bbox 3097 5504 3290 5557; x_wconf 80' lang='lat' dir='ltr'><strong>Charta</strong></span> <span class='ocrx_word' id='word_1_896' title='bbox 3311 5544 3328 5572; x_wconf 87' lang='lat'><strong>,</strong></span> <span class='ocrx_word' id='word_1_897' title='bbox 3377 5521 3500 5574; x_wconf 69' lang='lat' dir='ltr'><strong>qua:</strong></span> <span class='ocrx_word' id='word_1_898' title='bbox 3531 5507 3755 5562; x_wconf 90' lang='lat' dir='ltr'><strong>habetur</strong></span> 
     </span>
    </p>
   </div>
   <div class='ocr_carea' id='block_1_117' title="bbox 2188 5573 3758 5642">
    <p class='ocr_par' dir='ltr' id='par_1_117' title="bbox 2188 5573 3758 5642">
     <span class='ocr_line' id='line_1_120' title="bbox 2188 5573 3758 5642; baseline -0.001 -11"><span class='ocrx_word' id='word_1_899' title='bbox 2188 5575 2255 5630; x_wconf 89' lang='lat' dir='ltr'><strong>ad</strong></span> <span class='ocrx_word' id='word_1_900' title='bbox 2281 5575 2482 5629; x_wconf 89' lang='lat' dir='ltr'><strong>calcem</strong></span> <span class='ocrx_word' id='word_1_901' title='bbox 2511 5573 2629 5627; x_wconf 83' lang='lat' dir='ltr'><strong>Act.</strong></span> <span class='ocrx_word' id='word_1_902' title='bbox 2668 5573 2993 5628; x_wconf 79' lang='lat' dir='ltr'><strong>sanctorum</strong></span> <span class='ocrx_word' id='word_1_903' title='bbox 3025 5576 3142 5628; x_wconf 87' lang='lat' dir='ltr'><strong>ord.</strong></span> <span class='ocrx_word' id='word_1_904' title='bbox 3175 5573 3533 5642; x_wconf 24' lang='lat' dir='ltr'><strong>Benedtc’tini,</strong></span> <span class='ocrx_word' id='word_1_905' title='bbox 3567 5577 3758 5633; x_wconf 67' lang='lat' dir='ltr'><strong>srculo</strong></span> 
     </span>
    </p>
   </div>
   <div class='ocr_carea' id='block_1_118' title="bbox 2190 5643 3756 5715">
    <p class='ocr_par' dir='ltr' id='par_1_118' title="bbox 2190 5643 3756 5715">
     <span class='ocr_line' id='line_1_121' title="bbox 2190 5643 3756 5715; baseline 0.001 -15"><span class='ocrx_word' id='word_1_906' title='bbox 2190 5661 2247 5712; x_wconf 88' lang='lat' dir='ltr'><strong>tt,</strong></span> <span class='ocrx_word' id='word_1_907' title='bbox 2283 5660 2402 5715; x_wconf 87' lang='lat' dir='ltr'><strong>pag.</strong></span> <span class='ocrx_word' id='word_1_908' title='bbox 2439 5643 2598 5698; x_wconf 75' lang='lat' dir='ltr'><strong>IO‘JI.</strong></span> <span class='ocrx_word' id='word_1_909' title='bbox 2641 5645 2878 5698; x_wconf 86' lang='lat' dir='ltr'><strong>Alterius</strong></span> <span class='ocrx_word' id='word_1_910' title='bbox 2921 5643 3163 5700; x_wconf 68' lang='lat' dir='ltr'><strong>ecclesia:</strong></span> <span class='ocrx_word' id='word_1_911' title='bbox 3192 5647 3362 5700; x_wconf 91' lang='lat' dir='ltr'><strong>eidem</strong></span> <span class='ocrx_word' id='word_1_912' title='bbox 3392 5645 3446 5702; x_wconf 80' lang='lat' dir='ltr'><strong>et</strong></span> <span class='ocrx_word' id='word_1_913' title='bbox 3473 5649 3590 5702; x_wconf 83' lang='lat' dir='ltr'><strong>aliis</strong></span> <span class='ocrx_word' id='word_1_914' title='bbox 3619 5663 3756 5702; x_wconf 88' lang='lat' dir='ltr'><strong>mar-</strong></span> 
     </span>
    </p>
   </div>
   <div class='ocr_carea' id='block_1_119' title="bbox 2189 5715 3755 5788">
    <p class='ocr_par' dir='ltr' id='par_1_119' title="bbox 2189 5715 3755 5788">
     <span class='ocr_line' id='line_1_122' title="bbox 2189 5715 3755 5788; baseline 0 -18"><span class='ocrx_word' id='word_1_915' title='bbox 2189 5720 2396 5788; x_wconf 86' lang='lat' dir='ltr'><strong>tyribus</strong></span> <span class='ocrx_word' id='word_1_916' title='bbox 2428 5715 2634 5788; x_wconf 70' lang='lat' dir='ltr'><strong>dicata:</strong></span> <span class='ocrx_word' id='word_1_917' title='bbox 2685 5716 2824 5788; x_wconf 80' lang='lat' dir='ltr'><strong>apud</strong></span> <span class='ocrx_word' id='word_1_918' title='bbox 2851 5715 3140 5788; x_wconf 25' lang='lat' dir='ltr'><strong>ASantonas</strong></span> <span class='ocrx_word' id='word_1_919' title='bbox 3183 5718 3427 5772; x_wconf 89' lang='lat' dir='ltr'><strong>meminit</strong></span> <span class='ocrx_word' id='word_1_920' title='bbox 3476 5718 3755 5788; x_wconf 83' lang='lat' dir='ltr'><strong>Gregorius</strong></span> 
     </span>
    </p>
   </div>
   <div class='ocr_carea' id='block_1_120' title="bbox 2185 5784 3753 5860">
    <p class='ocr_par' dir='ltr' id='par_1_120' title="bbox 2185 5784 3753 5860">
     <span class='ocr_line' id='line_1_123' title="bbox 2185 5784 3753 5860; baseline 0.001 -18"><span class='ocrx_word' id='word_1_921' title='bbox 2185 5784 2405 5860; x_wconf 74' lang='lat' dir='ltr'><strong>Magnus</strong></span> <span class='ocrx_word' id='word_1_922' title='bbox 2427 5785 2520 5840; x_wconf 92' lang='lat' dir='ltr'><strong>lib.</strong></span> <span class='ocrx_word' id='word_1_923' title='bbox 2555 5801 2584 5839; x_wconf 92' lang='lat' dir='ltr'><strong>v</strong></span> <span class='ocrx_word' id='word_1_924' title='bbox 2615 5784 2782 5860; x_wconf 54' lang='lat' dir='ltr'><strong>epist.</strong></span> <span class='ocrx_word' id='word_1_925' title='bbox 2803 5786 3031 5860; x_wconf 60' lang='lat' dir='ltr'><strong>.fj_O._Scd</strong></span> <span class='ocrx_word' id='word_1_926' title='bbox 3061 5789 3213 5860; x_wconf 89' lang='lat' dir='ltr'><strong>plura</strong></span> <span class='ocrx_word' id='word_1_927' title='bbox 3243 5789 3310 5846; x_wconf 88' lang='lat' dir='ltr'><strong>de</strong></span> <span class='ocrx_word' id='word_1_928' title='bbox 3338 5789 3420 5846; x_wconf 89' lang='lat' dir='ltr'><strong>bis</strong></span> <span class='ocrx_word' id='word_1_929' title='bbox 3457 5784 3753 5860; x_wconf 60' lang='lat' dir='ltr'><strong>vide&#39;apud</strong></span> 
     </span>
    </p>
   </div>
   <div class='ocr_carea' id='block_1_121' title="bbox 2180 5855 2944 5925">
    <p class='ocr_par' dir='ltr' id='par_1_121' title="bbox 2180 5855 2944 5925">
     <span class='ocr_line' id='line_1_124' title="bbox 2180 5855 2944 5925; baseline -0.003 -9"><span class='ocrx_word' id='word_1_930' title='bbox 2180 5855 2576 5925; x_wconf 82' lang='lat' dir='ltr'><strong>Bollandianos,</strong></span> <span class='ocrx_word' id='word_1_931' title='bbox 2608 5856 2698 5912; x_wconf 84' lang='lat' dir='ltr'><strong>die</strong></span> <span class='ocrx_word' id='word_1_932' title='bbox 2723 5855 2791 5912; x_wconf 67' lang='grc'><strong>12</strong></span> <span class='ocrx_word' id='word_1_933' title='bbox 2804 5857 2944 5914; x_wconf 77' lang='lat' dir='ltr'><strong>Maii.</strong></span> 
     </span>
    </p>
   </div>
  </div>
