4132 6348
329 351 422 411 741

1141 357 1646 420 MIRACULORUM
1682 357 1810 416 LIB.
1856 359 1898 416 Ι.
1939 350 2029 418 DE
2067 363 2319 422 GLORIA
2361 367 2766 428 \IAR'HRUM.

3491 383 3599 445 742

315 481 577 538 expetere
617 469 759 526 beati
782 470 1048 528 Pancratii
1069 515 1084 540 ,
1125 483 1184 529 ut
1205 478 1320 546 ejus
1345 478 1646 536 severitatis
1674 493 1902 536 censura
1931 483 1986 543 Α
2007 471 2256 534 οθέοοιθε
2287 479 2695 540 simutacrorum
2748 495 3044 545 tuactantes
3073 492 3255 552 turbas
3297 503 3584 575 pecudum,

316 563 533 631 publice
559 563 934 634 discernente,
987 575 1081 622 aut
1129 571 1413 626 veritatem
1462 574 1742 628 audientes
1787 587 1904 628 ere-

315 653 469 722 dant,
502 666 594 710 aut
634 672 731 728 pro
773 657 985 714 fallacia
1027 660 1294 729 judicium
1334 665 1589 735 martyris
1622 665 1766 721 beati
1807 661 1927 721 ex?

313 748 616 816 pariantur.

924 843 1154 904 CAPUT
1192 847 1303 904 XL.

657 957 737 1014 De
761 956 966 1015 Joanne
987 963 1224 1034 episcopo
1254 974 1302 1017 et
1322 970 1566 1035 martyre.

386 1066 539 1124 Multi
576 1072 788 1141 quidem
817 1085 941 1130 sunt
975 1086 1240 1150 martyres
1266 1081 1406 1150 apud
1441 1082 1625 1136 urbem
1655 1077 1900 1149 Romam,

305 1177 543 1228 quorum
575 1161 814 1220 historiae
855 1169 1164 1235 passionum
1199 1169 1350 1224 nobis
1391 1169 1610 1242 integrae
1640 1188 1744 1226 non
1778 1180 1904 1226 sunt

304 1251 526 1306 delatae.
559 1253 636 1309 De
663 1254 870 1313 Joanne
921 1269 1096 1314 tamen
1139 1245 1394 1332 episeopo
1420 1301 1434 1324 ,
1465 1247 1734 1332 quoniam
1763 1278 1902 1332 agon

303 1342 426 1408 ejus
459 1343 524 1398 ad
557 1361 654 1402 nos
688 1363 855 1417 usque
885 1366 991 1405 non
1019 1354 1243 1407 accessit
1272 1355 1504 1424 scriptus
1539 1365 1587 1422 δ,
1621 1373 1738 1426 qua:
1771 1373 1801 1411 a
1841 1358 1902 1412 li-

303 1435 522 1500 delibus
555 1442 817 1510 comperi,
852 1451 1030 1498 tacere
1059 1446 1298 1516 nequivi.
1329 1445 1425 1500 llic
1448 1455 1570 1502 cum
1601 1449 1665 1502 ad
1693 1450 1902 1518 episco-

307 1537 494 1596 patum
527 1531 759 1587 venisset
784 1574 799 1600 ,
827 1547 1038 1590 summo
1064 1537 1240 1591 studio
1272 1537 1554 1593 hzercticos
1583 1553 1898 1606 exsecraris,

307 1621 572 1678 ecclesias
620 1639 805 1679 eorum
863 1614 928 1682 in-
966 1628 1260 1685 catholicas
1312 1631 1576 1687 dedicavit
1607 1635 1731 1705 (An.
1763 1634 1896 1704 5226,

300 1710 372 1764 27
405 1713 580 1783 Maii).
634 1717 786 1783 Quod
810 1733 932 1774 cum
981 1721 1350 1780 Theodericus
1392 1740 1482 1780 rex
1524 1729 1896 1796 comperisset,

303 1803 491 1862 lurore
521 1823 813 1866 succensus
833 1851 850 1879 ,
885 1815 1009 1884 quia
1054 1826 1198 1871 esset
1227 1829 1389 1874 secta:
1418 1819 1632 1875 Ariame
1659 1822 1894 1891 deditus,

297 1893 462 1964 jussit
507 1899 835 1969 gladiatores
883 1920 978 1975 per
1009 1907 1213 1963 Italiam
1244 1910 1436 1982 dirigi,
1467 1914 1556 1982 qui
1585 1916 1890 1974 universum

297 1999 562 2059 quotquot
592 1993 886 2056 invenisset
915 1997 1239 2057 catholicum
1272 2004 1528 2073 populum
1554 2005 1888 2076 jugularent.

306 2079 434 2136 “ac
457 2084 679 2141 audiens
712 2086 900 2145 beatus
929 2090 1195 2165 Joannes,
1227 2097 1293 2150 ad
1334 2112 1512 2167 regem
1555 2114 1622 2154 ne
1652 2099 1768 2156 inec
1797 2104 1889 2158 [ie-

299 2181 426 2226 rent
454 2174 836 2244 deprecaturus
866 2187 1112 2239 accessit.
1158 2188 1202 2241 A
1231 2202 1336 2256 quo
1365 2203 1487 2258 cum
1517 2189 1642 2245 dolo
1671 2207 1891 2264 suscep-

298 2273 386 2320 tus
415 2267 663 2339 alligavit
691 2289 812 2328 eum
838 2316 853 2342 ,
888 2284 941 2330 et
987 2279 1162 2346 posuit
1209 2283 1262 2336 in
1311 2297 1580 2338 carcerem
1607 2325 1622 2350 ,
1663 2286 1884 2343 dicens:

298 2356 413 2427 Ege
443 2367 496 2416 te
525 2362 716 2419 faciam
741 2408 756 2434 ,
807 2383 876 2424 ne
906 2370 1106 2427 audeas
1136 2383 1325 2429 contra
1368 2377 1528 2448 767
1555 2387 1755 2434 sectam
1788 2395 1887 2435 no-

293 2459 465 2506 stram
499 2457 730 2526 amplius
767 2464 1074 2520 mussitare.
1131 2465 1344 2522 Positus
1375 2483 1502 2523 vero
1544 2481 1760 2527 sanctus
1794 2473 1888 2528 Dei

293 2539 350 2595 in
379 2557 595 2602 carcere
623 2592 639 2619 ,
695 2554 857 2608 tantis
905 2556 1118 2612 attritus
1147 2566 1227 2613 est
1259 2559 1470 2629 injuriis
1490 2603 1504 2628 ,
1537 2571 1593 2616 ut
1624 2581 1729 2617 tton
1765 2576 1887 2634 post

294 2635 523 2692 multum
555 2648 768 2710 tempus
794 2645 1040 2714 spiritum
1071 2648 1382 2717 exhalaret;
1413 2653 1654 2725 obiitqne
1683 2656 1736 2710 in
1768 2674 1888 2714 car-

291 2741 420 2784 cere
462 2746 582 2787 cum
632 2736 802 2806 gloria
849 2739 989 2809 apud
1041 2742 1227 2798 urbem
1273 2745 1606 2804 Ravennam.
1664 2751 1884 2811 Domini

286 2835 469 2880 autetn
516 2833 882 2889 misericordia
928 2839 1108 2893 statim
1175 2841 1435 2897 ultionem
1490 2862 1653 2916 super
1699 2865 1881 2920 regem

288 2918 594 2990 improbum
629 2914 918 2998 irrogavit;
961 2947 1082 2988 nam
1114 2935 1294 2991 subito
1341 2953 1371 2994 a
1417 2937 1528 2994 Deo
1573 2957 1880 3013 percussus,

290 3009 460 3082 plagis
492 3015 698 3085 magnis
726 3020 1031 3103 exinanitus
1061 3024 1264 3082 interiit
1298 3027 1323 3064 ι)
1343 3069 1359 3093 ,
1391 3034 1728 3100 suscepitque
1759 3049 1882 3103 pro-

286 3103 430 3160 tinus
459 3117 782 3178 perpetuum
811 3099 1073 3182 gehennae
1104 3117 1430 3175 ﬂammantis
1457 3122 1792 3180 incendium.

880 3231 1110 3288 CAPUT
1151 3233 1289 3291 XLI.

533 3341 611 3398 De
640 3345 824 3402 virtute
851 3347 975 3418 ﬁdei
998 3359 1044 3404 et
1077 3352 1298 3408 nominis
1326 3349 1626 3408 Christiani.

366 3451 555 3523 Magna
589 3467 612 3494 ε
645 3466 728 3512 est
754 3459 896 3513 enim
943 3461 1175 3534 dignitas
1219 3469 1452 3524 nominis
1481 3469 1790 3537 Christiani,
1824 3469 1869 3525 si

279 3544 372 3600 illa
402 3563 518 3616 quae
546 3550 817 3607 confiteris
850 3553 984 3620 title,
1027 3572 1192 3627 opere
1235 3565 1597 3632 prosequaris.
1631 3563 1762 3618 Nam
1796 3563 1870 3618 si-

280 3650 363 3694 cut
393 3642 468 3696 ait
520 3646 830 3713 apostolus:
864 3647 1024 3705 Fides
1066 3654 1176 3708 sine
1207 3656 1443 3726 operibus
1483 3665 1685 3712 mortua
1713 3672 1786 3714 est
1818 3660 1872 3714 in

278 3731 542 3803 rentetipsa
598 3735 745 3806 (Jac.
795 3753 855 3807 tt,
903 3742 989 3808 l7,
1040 3743 1136 3810 20,
1183 3746 1299 3817 26).
1363 3749 1507 3804 Sicut
1561 3751 1702 3805 enim
1733 3750 1870 3806 ﬁlios

277 3825 548 3882 Abraham
579 3844 685 3886 non
716 3833 949 3889 carnalis
978 3838 1260 3907 nativitas,
1301 3841 1395 3896 sed
1427 3842 1561 3898 fides
1597 3843 1753 3911 facit;
1796 3848 1869 3899 ita

278 3925 330 3970 et
357 3917 691 3977 Christianos
717 3939 904 3993 veros,
935 3940 1042 3982 non
1072 3929 1248 3984 solum
1289 3934 1523 3988 nominis
1554 3936 1744 4003 gratia,
1771 3936 1869 3990 sed

277 4023 437 4077 opera
471 4022 748 4081 praestant.
801 4015 906 4071 Per
948 4019 1052 4074 hoc
1079 4021 1224 4075 enim
1268 4037 1465 4079 nomen
1493 4025 1870 4080 illuminantur

277 4105 512 4159 tenebras
542 4147 554 4171 ,
608 4117 891 4178 serpentes
943 4109 1188 4180 fugiunt,
1238 4115 1378 4169 idola
1429 4127 1867 4187 prosternuntur,

277 4205 452 4252 cessat
496 4199 696 4256 ariolus
723 4241 740 4269 ,
777 4201 1001 4258 tabescit
1028 4205 1312 4276 sortilegos
1334 4246 1352 4273 ,
1399 4208 1634 4266 cultores
1661 4211 1867 4267 daemo-

281 4302 405 4342 num
437 4291 828 4360 propelluntur,
879 4296 1016 4349 sicut
1058 4297 1384 4353 Prudentius
1422 4308 1608 4355 noster
1640 4303 1692 4355 in
1727 4302 1865 4359 libro

277 4392 456 4438 contra
486 4384 701 4442 Judzeos
731 4386 758 4423 (ί
791 4389 1071 4445 meminit:
1104 4391 1244 4461 quod
1280 4393 1575 4461 procedens
1619 4395 1860 4466 impera-

279 4483 362 4531 tor
393 4476 798 4549 (Diocletianus)
828 4481 893 4536 ad
943 4483 1365 4541 immolationem
1396 4485 1612 4543 fetidam
1658 4490 1860 4547 dieme—

279 4569 486 4625 nierum
515 4613 530 4639 ,
560 4573 796 4630 adoratis
839 4575 941 4632 diis
969 4618 986 4646 ,
1032 4587 1194 4650 atque
1221 4595 1403 4636 coram
1437 4582 1630 4652 sigillis
1656 4584 1731 4656 [id
1763 4596 1860 4654 est,

281 4662 452 4737 idolis]
477 4677 793 4738 prostratus,
825 4673 1173 4743 exspectabat
1201 4673 1276 4750 [id
1301 4682 1408 4745 est,
1442 4676 1740 4751 speetabat]
1771 4694 1858 4735 sa—
1887 4664 1938 4725 Ῑ)

341 4831 367 4862 ιι
404 4824 558 4903 Plura
588 4827 656 4903 de
685 4839 870 4903 saneto
899 4829 1105 4888 Joanne
1130 4833 1327 4890 habent
1354 4836 1554 4903 vulgati
1583 4846 1852 4897 auctores.

277 4897 496 4976 (faueris
520 4899 991 4976 prtelerendusest
1013 4920 1312 4976 anonymus
1341 4897 1571 4976 scriptor
1606 4909 1854 4964 Historiae

272 4968 592 5046 lin-saree-a
637 4969 956 5046 Constantii
986 4968 1175 5027 Chlori
1222 4968 1517 5045 principatu
1565 4995 1730 5046 usque
1773 4981 1852 5034 ad

273 5036 590 5109 'ltzeodorici
635 5038 806 5105 Magni
850 5044 988 5109 regis
1035 5036 1295 5109 mortem,
1326 5036 1500 5101 editus
1533 5049 1600 5102 ab
1625 5036 1852 5104 lienrico

279 5107 480 5161 \':t'esie
511 5118 625 5172 post
655 5107 932 5162 Ammiani'
954 5115 1242 5168 Marcellini
1277 5107 1457 5171 libros.
1513 5120 1585 5172 Es
1616 5119 1712 5173 hoc
1756 5136 1849 5172 au-

273 5193 413 5231 ctore
454 5191 593 5257 patet
630 5179 888 5257 Joannem
941 5193 1058 5257 p_e_st
1103 5184 1298 5257 Justini
1344 5192 1469 5257 imp.
1514 5188 1746 5243 edictum
1779 5190 1846 5246 de

276 5253 527 5315 pellendis
557 5251 853 5315 haereticis,
898 5267 926 5306 a
956 5253 1290 5310 Theoderico
1325 5251 1633 5313 Ravennam
1666 5275 1850 5316 accer-

275 5337 294 5374 δ
321 5328 424 5374 tum
454 5363 467 5383 ,
505 5323 731 5395 indeque
761 5323 1277 5395 Constantinopolim
1319 5332 1694 5384 transmissum
1723 5333 1850 5387 luis-

273 5406 355 5468 se,
382 5403 436 5468 ut
460 5395 838 5462 imperatorem
865 5397 930 5450 ab
963 5397 1306 5466 exsequendo
1337 5399 1514 5454 εὼοιο
1545 5411 1844 5468 averteret;

275 5463 356 5515 sed
389 5463 707 5541 imperatore
741 5471 791 5519 in
825 5484 923 5523 suo
955 5463 1226 5538 pronosito
1270 5482 1647 5541 perseverante
1668 5515 1683 5540 ,
1718 5463 1847 5541 pen;

275 5536 458 5614 tilicem
509 5536 1100 5614 ex_itinere__reversutn
1135 5541 1184 5595 in
1217 5536 1487 5597 carcerem
1520 5536 1847 5614 regis’j'ussn

274 5603 542 5660 detrusum
575 5609 760 5672 fuisse,
797 5609 975 5676 ibique
1001 5614 1255 5668 mrumnis
1283 5603 1848 5670 conlectumvani'mam

270 5678 452 5748 egisse.
496 5679 624 5732 Vide
657 5679 1056 5748 Bullandianosf,
1082 5683 1146 5737 ad
1175 5686 1314 5739 diem
1349 5685 1417 5738 27
1439 5687 1590 5743 Maii.

337 5747 539 5826 etaim
567 5752 708 5803 iluxn
748 5753 971 5821 ventris,
999 5771 1154 5820 quem
1179 5757 1355 5811 triduo
1387 5760 1621 5826 pertulit,
1649 5758 1849 5815 obiisse

270 5819 420 5898 tradit
455 5837 753 5900 anonymus
801 5819 965 5900 supra
1013 5819 1274 5882 laudatus.
1345 5819 1569 5895 Quidam
1608 5819 1843 5885 'erctnita

271 5889 450 5949 insulae
494 5889 817 5962 Liparitana:
841 5889 1090 5954 'testatus
1135 5907 1220 5955 est
1258 5889 1506 5961 eumdem
1536 5905 1591 5960 in
1620 5901 1847 5961 Vulcani

2010 585 2232 635 quarum
2285 573 2432 630 frons
2473 580 2709 634 revincta
2760 581 2910 637 lauro
2956 587 3232 658 securibus
3261 573 3585 652 caedebatur.

2011 659 2254 732 Cumque
2282 680 2445 721 senex
2483 672 2718 725 cruentis
2749 675 2993 731 manibus
3027 677 3354 736 internarum
3388 694 3588 743 tracta-

2008 761 2092 806 ret
2118 753 2388 810 viscerum
2435 768 2614 826 partes
2637 801 2650 827 ,
2693 761 2952 832 jecinoris
2983 777 3006 804 ο
3035 767 3196 824 libras
3221 815 3234 840 ,
3266 784 3425 844 atque
3450 777 3591 835 inter

2009 847 2306 914 praecordia
2329 859 2384 904 et
2407 861 2530 905 exta
2561 856 2870 912 animalium
2899 860 3222 933 investigare
3247 868 3446 938 aliquid
3472 879 3588 929 ten-

2009 946 2146 991 taret
2192 939 2471 1008 divinum,
2520 945 2728 1002 turbata
2758 952 2935 1006 omnia
2976 956 3187 1024 cernit,
3234 975 3333 1016 nec
3370 978 3435 1019 ea
3467 981 3588 1036 quas

2008 1030 2259 1097 cupiebat
2285 1033 2428 1088 scire
2464 1044 2672 1102 poterat
2703 1050 2882 1098 certus
2911 1059 3222 1116 agnoscere.
3258 1030 3591 1115 Exclamavit

2008 1123 2274 1190 turbatus,
2303 1133 2356 1180 et
2383 1125 2496 1181 ait:
2533 1127 2682 1186 lien!
2732 1132 2864 1189 heu!
2917 1141 3098 1196 nescio
3122 1141 3248 1213 quid
3279 1145 3368 1201 hic
3393 1148 3586 1219 agitur,

2005 1215 2147 1280 quod
2199 1215 2302 1272 diis
2351 1223 2549 1276 nostris
2594 1229 2923 1284 contrarium
2973 1248 3091 1289 esse
3140 1246 3373 1306 putatur.
3420 1241 3589 1300 Video

2007 1309 2150 1363 enim
2181 1311 2312 1366 deos
2343 1325 2558 1372 nostros
2585 1334 2611 1370 a
2642 1320 2800 1390 longe
2829 1323 3127 1396 discedere,
3160 1347 3258 1387 nec
3289 1335 3354 1390 de
3384 1352 3587 1408 pracpa-

2003 1400 2132 1456 ratis
2153 1403 2429 1460 sacriﬁciis
2459 1409 2636 1479 aliqua
2671 1413 2970 1480 praelibare.
3018 1419 3107 1473 Est
3137 1420 3242 1488 hic,
3277 1400 3442 1481 utres
3472 1400 3586 1496 ipsa
3625 1439 3638 1457 ‘

2003 1493 2160 1550 docet
2184 1536 2200 1563 ,
2255 1498 2319 1552 de
2350 1499 2543 1557 olliciis
2598 1507 2972 1578 quorumpiam
3014 1512 3234 1569 deorum
3261 1559 3274 1582 ,
3313 1518 3401 1588 qui
3434 1522 3590 1578 nobis

2002 1586 2278 1643 adversari
2323 1605 2447 1647 sunt
2497 1597 2662 1651 soliti.
2717 1600 2879 1672 768
2928 1603 2996 1658 Et
3023 1606 3247 1674 mirum,
3282 1586 3418 1665 siiad
3448 1613 3598 1670 hanc

2001 1677 2178 1748 fugam
2229 1699 2333 1738 non
2379 1686 2542 1758 aliqui
2592 1689 2660 1745 tle
2692 1693 2989 1751 cultoribus
3027 1698 3113 1754 De.
3152 1700 3388 1771 Christi,
3423 1722 3582 1776 quem

2000 1773 2314 1830 cruciﬁxum
2343 1790 2624 1850 asserunt,
2653 1785 2784 1840 deos
2815 1799 3029 1846 nostros
3061 1793 3356 1864 impellant.
3385 1773 3584 1856 Thuri-

1924 1889 1970 1950 Β
1999 1863 2124 1919 bula
2156 1867 2526 1939 thymiamatis
2558 1875 2944 1946 refrigescunt,
2975 1900 3082 1938 arae
3116 1863 3339 1956 tepescit
3367 1890 3502 1960 ignis
3534 1891 3582 1961 ί,

1995 1967 2049 2012 et
2095 1958 2266 2028 ipsum
2311 1976 2523 2032 quoque
2571 1969 2766 2022 t'crrum
2799 1970 3052 2039 injectum
3084 1977 3315 2033 victimis
3342 1958 3579 2037 hebetari

1993 2052 2340 2120 conspicitur.
2395 2055 2626 2126 liequire
2677 2076 2860 2127 nunc,
2912 2066 3272 2124 sacratissime
3321 2073 3579 2141 Auguste,

1991 2144 2112 2212 quis
2137 2155 2310 2213 astet,
2337 2150 2423 2215 qui
2448 2150 2662 2205 ablutus
2731 2153 2972 2210 balsamo
2999 2168 3210 2228 unctus,
3246 2172 3297 2216 et
3325 2165 3580 2224 abscedat

1993 2236 2237 2304 protinus
2263 2279 2276 2302 ,
2333 2249 2389 2294 ut
2436 2243 2693 2298 accedant
2722 2245 2796 2300 dii
2827 2264 2959 2318 quos
2995 2249 3326 2310 invocamus.
3369 2257 3432 2312 Et
3464 2259 3578 2316 bare

1990 2327 2214 2396 dicens,
2246 2346 2309 2386 ac
2337 2333 2383 2386 si
2416 2333 2591 2403 ipsum
2636 2348 2884 2396 cerneret
2913 2343 2978 2396 de
3012 2345 3090 2400 his
3129 2347 3402 2404 Christum
3437 2353 3579 2407 ulto-

1992 2436 2129 2492 rem,
2165 2424 2451 2492 procidens
2484 2431 2548 2482 ad
2584 2437 2778 2487 terram
2809 2436 3102 2504 exanimis,
3136 2441 3340 2497 oilensa
3371 2446 3577 2514 procla-

1991 2523 2101 2567 mat
2131 2517 2368 2572 numina.
2412 2520 2560 2576 'l‘unc
2587 2532 2641 2577 et
2675 2523 2792 2593 ipse
2833 2528 3144 2598 imperator,
3181 2533 3426 2604 deposito
3456 2539 3572 2593 dia-

1992 2605 2227 2675 dcmate,
2267 2611 2378 2666 ait:
2427 2614 2556 2682 Quis
2605 2625 2689 2672 est
2739 2620 2825 2673 hic
2866 2623 3174 2680 numinibus
3217 2631 3418 2685 nostris
3449 2646 3576 2687 con-

1989 2699 2214 2769 trarius,
2249 2717 2311 2758 ac
2333 2706 2606 2778 religionis
2637 2709 2958 2767 ChriSIianaz
2986 2718 3190 2785 socius,
3223 2723 3310 2790 qui
3340 2722 3570 2781 frontem

1986 2791 2297 2851 chrismatis
2343 2799 2694 2869 inscriptione
2746 2805 3007 2879 signatam
3062 2807 3232 2876 i'crat,
3265 2813 3574 2886 lignumque

1986 2885 2160 2939 crucis
2209 2889 2433 2944 adoret?
2479 2906 2546 2946 ne
2597 2904 2836 2949 moretur
2880 2898 3116 2954 edicere.
3162 2901 3311 2958 Tunc
3338 2921 3474 2961 unus
3501 2909 3571 2964 de

1983 2977 2264 3047 armigeris
2304 2984 2528 3052 Augusti
2579 2985 2628 3038 in
2663 2987 2840 3042 medio
2877 2991 3106 3058 positus,
3159 2995 3381 3064 projecit
3419 3014 3570 3056 arma

1983 3068 2100 3122 solo
2123 3110 2138 3134 ,
2185 3079 2240 3124 et
2285 3073 2358 3124 ait
2392 3091 2403 3124 :
2439 3075 2548 3143 Ego
2579 3090 2719 3143 sum,
2743 3079 2896 3146 cujus
2929 3081 3069 3137 Deus
3108 3085 3354 3142 Christus
3382 3099 3483 3160 est,
3516 3101 3572 3148 et

1898 3180 1900 3182 τ
1983 3163 2071 3229 qui
2097 3164 2211 3231 ejus
2235 3164 2503 3235 baptismo
2532 3170 2763 3236 ablutus,
2798 3181 2851 3226 et
2878 3189 3037 3230 cruce
3070 3179 3380 3250 redemptus
3407 3200 3564 3252 sum;

1907 3280 1950 3342 Ο
1983 3254 2070 3324 qui
2096 3269 2310 3326 semper
2343 3259 2458 3329 ejus
2491 3278 2683 3317 nomen
2714 3264 3028 3324 invocabant
3049 3311 3063 3337 ,
3099 3271 3224 3328 dum
3254 3277 3566 3335 sacerdotes

1982 3351 2143 3402 vestri
2169 3351 2429 3408 daemonis
2454 3355 2568 3411 haec
2598 3375 2716 3425 qua:
2739 3370 2864 3415 sunt
2893 3366 3133 3433 apposita
3164 3383 3566 3431 cousecrareut.

1975 3439 2105 3510 Ejus
2135 3458 2328 3500 nomen
2362 3446 2567 3517 fugiunt
2623 3453 2694 3505 dii
2724 3455 2888 3508 vestri
2916 3498 2930 3523 ,
2984 3473 3084 3513 nec
3115 3474 3339 3529 possunt
3361 3467 3414 3520 in
3447 3468 3566 3525 loco

1975 3534 2067 3589 illo
2097 3549 2243 3593 stare
2266 3579 2280 3605 ,
2329 3540 2416 3594 ubi
2461 3549 2626 3597 tanta:
2665 3546 2962 3614 majestatis
2995 3568 3188 3609 nomen
3219 3554 3375 3612 fuerit
3409 3559 3562 3618 invo—

1974 3637 2174 3683 catum.
2211 3631 2333 3686 Htec
2362 3634 2574 3690 dicente
2606 3652 2806 3708 puero,
2843 3642 3243 3714 obstupefactus
3274 3652 3564 3721 imperator

1973 3730 2027 3776 et
2076 3727 2343 3791 tremens,
2394 3727 2613 3797 reliquit
2657 3732 2914 3801 templum
2945 3735 3332 3796 daemoniorum
3365 3753 3412 3810 ε,
3445 3755 3564 3800 tan-

1974 3822 2168 3884 tusque
2199 3833 2390 3874 omnes
2419 3831 2660 3878 astantes
2688 3823 2782 3879 Dei
2816 3827 2974 3881 timor
3002 3832 3267 3900 accendit,
3303 3844 3358 3888 ut
3378 3837 3560 3893 nullus
3593 3855 3598 3858 '

1971 3905 2265 3976 Augustum
2309 3911 2376 3966 ad
2409 3915 2664 3981 palatium
2695 3927 3031 3987 sequeretur,
3070 3923 3166 3977 sed
3195 3927 3408 3993 cuncti,
3436 3943 3558 3984 cre-

1972 4000 2073 4054 ctis
2099 4001 2163 4054 ad
2189 4002 2384 4059 ccelum
2419 4006 2609 4074 palmis
2650 4019 2705 4062 et
2734 4009 2936 4076 oculis,
2972 4011 3252 4070 Dominum
3281 4015 3554 4075 Christum

1970 4107 2079 4146 uno
2109 4109 2202 4149 ore
2237 4111 2452 4166 unoque
2490 4113 2758 4155 consensu
2788 4101 3076 4158 laudabant
3105 4146 3122 4173 ,
3167 4115 3328 4178 atque
3369 4121 3422 4165 ut
3453 4112 3561 4168 eis-

1968 4187 2092 4243 dem
2148 4189 2364 4259 adjutor
2418 4193 2702 4262 existeret,
2758 4211 2891 4251 voce
2937 4197 3163 4268 supplici
3208 4201 3549 4263 invocabant.

1967 4281 2098 4348 Quze
2128 4279 2157 4320 ιι
2183 4285 2372 4341 relatio
2395 4326 2412 4353 ,
2445 4302 2512 4342 ne
2565 4290 2650 4342 cui
2699 4288 2940 4347 fortassis
2983 4293 3225 4350 videatur
3260 4295 3556 4369 incredula,

1968 4390 2166 4446 paucos
2196 4391 2262 4432 ex
2293 4376 2374 4431 his
2405 4377 2686 4449 subjiciam
2719 4395 2906 4437 versus
2938 4400 2950 4436 :

2057 4492 2366 4561 Ijrincipihus
2386 4503 2546 4561 tamen
2569 4511 2596 4545 e
2619 4497 2806 4561 cunctis
2837 4510 2932 4561 non
2957 4497 3115 4550 defuit
3138 4515 3283 4561 unus,

2060 4555 2397 4633 Quempuero
2415 4555 2437 4598 ί
2466 4559 2879 4633 ιηθηιιιείκᾱιιοᾳοι·
2898 4560 3191 4613 fortissimus
3213 4555 3374 4633 armis,

2060 4619 2285 4690 Conditor
2310 4626 2357 4669 et
2385 4620 2550 4690 legum
2574 4623 2949 4690 celeberrimus,
2984 4639 3069 4690 ore
3093 4639 3338 4690 manuque

2058 4673 2314 4732 consultor
2336 4673 2523 4748 patrias,
2551 4685 2640 4734 sed
2664 4697 2762 4734 non
2779 4673 3025 4736 consultor
3049 4673 3285 4739 habenam

1963 4829 2124 4883 ollam
2155 4843 2184 4882 a
2215 4828 2425 4904 Joanne
2471 4844 2625 4904 papa
2651 4839 2705 4884 et
2753 4830 3101 4904 Symmacho
3125 4832 3380 4902 patricio,
3414 4851 3550 4904 quos

1962 4901 2231 4980 occiderat
2259 4939 2272 4962 ,
2305 4899 2467 4980 fuisse
2515 4899 2808 4980 projectum
2836 4942 2849 4967 ,
2883 4907 3020 4972 apud
3051 4899 3380 4972 Gregorium
3405 4899 3450 4960 Μ
3474 4925 3548 4980 ιε-

1962 4970 2202 5040 numlih.
2233 4985 2299 5040 tv
2324 4971 2526 5040 Dialog.
2559 4987 2677 5037 cap.
2704 4972 2790 5025 50.

2037 5049 2059 5076 ο
2103 5039 2263 5092 Deest
2292 5039 2392 5093 hoc
2419 5039 2658 5118 caputnin
2680 5041 2829 5118 Clar.
2856 5060 2906 5096 a.
2939 5044 2994 5118 In
3025 5044 3143 5100 aliis
3165 5046 3378 5118 scriptis
3409 5047 3548 5104 hunc

1963 5109 2121 5162 habet
2169 5110 2377 5162 titulum
2405 5128 2417 5162 :
2464 5113 2540 5165 De
2569 5111 2859 5167 Christiano
2895 5116 2981 5184 qui
3027 5133 3198 5169 coram
3225 5109 3426 5188 pagano
3457 5122 3549 5175 int

1956 5182 2182 5232 tnolante
2209 5181 2365 5233 stetit.

2025 5249 2051 5288 ἀ
2097 5251 2302 5330 Dicitur
2331 5251 2488 5320 vulgo
2516 5252 2867 5330 Apotheosis,
2898 5271 3094 5330 exque
3116 5271 3300 5312 versus
3329 5273 3542 5330 sequcn.

1953 5331 2034 5378 tes
2051 5322 2304 5398 descripti
2339 5331 2466 5398 sunt
2491 5323 2651 5398 τιμε)
2673 5325 2739 5380 ad
2772 5325 2896 5394 502,
2931 5322 3134 5398 aliquot
3162 5331 3395 5385 omissis.

2036 5404 2057 5432 ε
2099 5393 2232 5473 Cod.
2263 5394 2434 5448 Laud.
2463 5436 2476 5462 ,
2523 5393 2807 5453 Lacinoris.
2837 5393 2991 5456 COlb.
3023 5393 3083 5469 a,
3113 5406 3359 5456 viscerum
3384 5402 3543 5473 ﬁbras

1950 5476 2100 5536 atque
2121 5466 2252 5519 inter
2278 5477 2418 5521 exta.

2031 5536 2051 5576 ί
2092 5536 2227 5592 Cod.
2265 5538 2458 5605 Laud.,
2489 5556 2582 5593 ara
2605 5539 2836 5596 tabescit.

2027 5618 2053 5678 li
2095 5609 2250 5663 Colh.
2280 5625 2332 5673 a,
2363 5613 2610 5678 templum
2638 5613 2911 5667 idolorum.

2026 5677 2053 5756 1}
2093 5681 2221 5756 Qttte
2273 5677 2571 5756 sequuntur
2610 5685 2679 5737 ad
2710 5685 2871 5740 tinem
2913 5686 3105 5756 capitis
3143 5687 3461 5744 omittuntur
3487 5688 3540 5748 in

1951 5753 2076 5809 cod.
2109 5752 2252 5806 Clar.
2286 5751 2336 5804 b.

2031 5825 2049 5862 ι
2096 5824 2149 5878 In
2177 5822 2332 5905 Colb.
2449 5841 2610 5905 supra
2653 5844 2808 5896 puero
2847 5829 3060 5885 additur
3112 5848 3212 5898 me,
3238 5833 3536 5905 etquidem

1956 5907 2283 5965 pmdemius
2314 5895 2478 5956 habet
2510 5895 2528 5955 ἐ
2555 5897 2643 5957 Me
2662 5917 2828 5969 puero
2882 5914 2936 5958 ut
2961 5904 3185 5959 memini.
