4132 6348
549 352 656 411 743

647 459 954 522 “relligionis,
975 468 1138 509 amans
1161 463 1239 507 ter
1260 458 1455 507 centum
1479 454 1628 504 millia
1651 455 1814 506 divum

699 527 806 596 69
833 534 1100 596 Augustum
1113 534 1393 596 _caput_an_te
1419 527 1572 596 pedes
1592 527 2068 596 curva_re_lilinerize,

671 588 832 644 iic'ti'lis
850 588 1082 641 etsoleas
1105 588 1308 638 Iunonis
1330 588 1565 642 lambere,
1600 588 1775 648 plantis
1801 589 1828 616 ⁸

645 656 875 708 Herculis
897 654 1107 714 advolvi,
1127 665 1288 713 genua
1306 652 1532 714 incerare
1557 648 1585 688 δ
1608 652 1795 699 Dianae.

648 719 797 768 Forte
817 715 962 764 litans
981 709 1200 764 Achaten
1225 716 1246 743 ο
1273 713 1490 775 placabat
1509 715 1747 772 sanguine
1774 709 1946 775 multo,

647 779 858 829 Vittatus
875 779 939 826 de
964 789 1098 825 more
1123 774 1298 833 senex,
1321 775 1642 836 manibusque
1668 774 1888 822 cruentis

645 840 911 892 Tractabat
935 839 1150 900 trepidas
1173 836 1305 900 letali
1337 836 1518 897 frigore
1541 838 1701 900 libras,

648 896 1030 962 Postremosqne
1046 900 1190 948 animi
1217 899 1381 962 pulsus
1403 896 1454 946 in
1477 898 1624 962 corde
1646 896 1856 962 tepenti,

649 964 862 1015 Callidus
886 959 1150 1022 interpres,
1177 959 1391 1009 numeris
1415 967 1466 1008 et
1488 960 1582 1007 line
1605 959 1826 1017 notabat;

647 1026 766 1076 Cum
791 1025 951 1073 subito
969 1017 1210 1072 exclamat
1227 1022 1384 1070 media
1403 1022 1528 1069 inter
1547 1033 1681 1068 sacra
1704 1017 1933 1066 sacerdos

650 1087 898 1137 Pallidus:
921 1085 990 1134 En
1013 1083 1129 1146 quid
1151 1083 1283 1146 ago?
1316 1084 1485 1146 inajus,
1507 1095 1598 1131 rex
1623 1082 1827 1146 optime,
1847 1079 2000 1141 majus

648 1149 844 1198 Numen
869 1143 1386 1198 nescio—quodnostris
1403 1145 1668 1192 intervenit
1690 1143 1786 1190 aris
1812 1155 1824 1189 :

645 1212 843 1260 Accius
867 1207 892 1246 ὰ
914 1207 1056 1256 video
1076 1204 1226 1267 longe
1249 1205 1530 1266 dispergier
1552 1204 1767 1267 umbras.

649 1272 829 1322 Nescio
844 1271 954 1332 quis
968 1275 1106 1319 certe
1129 1265 1376 1332 subrepSit
1396 1265 1781 1332 Christicolarum

642 1324 986 1396 chjuve'num
1021 1343 1033 1378 :
1075 1341 1234 1392 genus
1270 1324 1362 1378 hoc
1397 1328 1644 1378 hominum
1691 1326 1858 1376 tremit
1895 1324 2141 1449 11111⁵33ηὲ1

1849 1424 1868 1440 ι
1944 1399 1953 1440 I
1963 1399 2111 1437 omne

644 1456 876 1507 Pulvinar
892 1454 1056 1504 divum
1081 1469 1090 1500 :
1117 1452 1243 1502 lotus
1265 1451 1430 1514 procul
1457 1452 1584 1500 absit
1605 1455 1658 1499 et
1680 1456 1874 1511 unctus,

648 1518 856 1567 Pulchra
879 1515 1155 1564 reformatis
1179 1517 1354 1576 redeat
1377 1515 1668 1576 Proserpina
1691 1515 1860 1560 sacris.

649 1579 808 1636 Dixit,
834 1587 884 1627 et
907 1578 1170 1638 exsanguis
1192 1575 1467 1635 collabitur,
1492 1573 1588 1624 ac'i
1601 1573 1715 1638 elut_
1724 1576 1882 1638 ipsum

646 1634 888 1692 Cerneret
907 1634 1110 1689 exserfo
1129 1641 1432 1687 minitantem
1455 1634 1656 1686 fulmine
1684 1634 1941 1686 Christum.

648 1703 761 1765 Ipse
783 1715 978 1764 quoque
1010 1701 1266 1765 exanimis,
1302 1701 1773 1765 positodiademate,
1798 1697 2029 1765 princeps

647 1758 826 1826 Fallet,
857 1758 912 1813 et
933 1769 1150 1813 astantes
1174 1758 1501 1822 circumspicit
1521 1766 1565 1819 υ,
1585 1758 1994 1826 ecquisalnrnuus

653 1818 930 1878 Chrismatis
952 1818 1423 1886 inscriptosignaret
1446 1818 1670 1882 tempora
1687 1823 1833 1886 signo
1859 1818 1903 1882 ί,

651 1890 743 1948 Qui
768 1887 1091 1936 Zoroastraeos
1104 1881 1358 1934 turbasset
1381 1884 1539 1948 fronte
1555 1881 1814 1930 Susurros?

650 1945 880 2008 Armiger
907 1961 936 1997 e
957 1960 1114 1996 cuneo
1135 1958 1395 2008 puerorum
1420 1946 1808 1993 ﬂavicomantum
1833 1945 1882 2005 ε,

650 2007 892 2072 Purpnrci
917 2017 1080 2057 custos
1105 2009 1275 2072 lateris
1295 2007 1617 2072 deprenditur
1639 2018 1779 2072 unus,

649 2067 940 2130 Nec'negat,
971 2076 1024 2118 et
1045 2071 1241 2130 gemino
1265 2067 1511 2130 gemmata
1534 2067 1726 2117 hastilia
1753 2067 1884 2117 ferro

651 2129 874 2195 Projicit,
894 2129 949 2180 ac
971 2129 1164 2195 signum
1188 2129 1364 2195 Christi
1387 2142 1444 2178 se
1466 2129 1598 2195 ferre
1617 2130 1814 2195 fatetur.

649 2191 880 2246 Prosiluit
906 2194 1119 2255 pavidus,
1139 2191 1331 2255 dejecto
1352 2193 1593 2252 antistite,
1619 2193 1866 2255 princeps,

654 2253 979 2308 Marmoreum
998 2253 1208 2314 fugiens,
1233 2253 1365 2304 nullo
1385 2253 1665 2312 comitante,
1693 2253 1958 2312 sacellum;

659 2319 788 2370 Dum
809 2316 990 2378 [Prud.
1026 2318 1128 2380 ed.,
1149 2317 1294 2379 Tum]
1311 2317 1616 2379 {tremefacta
1642 2317 1832 2380 cohors,
1869 2315 2149 2380 dominique

1711 2379 1900 2438 [oblita,
1920 2378 2120 2442 supinas

657 2443 819 2515 770
854 2449 1008 2512 Erigit
1030 2449 1088 2500 ad
1109 2449 1283 2500 crclum
1307 2448 1479 2509 facies,
1505 2456 1652 2512 atque
1678 2450 1871 2500 invocat
1891 2449 2073 2498 Iesum.

639 2541 748 2597 Hos
793 2551 996 2596 tantum
1040 2539 1335 2595 versiculos
1375 2540 1444 2594 ad
1473 2541 1589 2594 haec
1618 2554 1740 2608 qurc
1777 2538 1992 2593 narravi
2019 2552 2150 2593 con-

561 2633 820 2689 ﬁrmanda
850 2629 910 2699 δ,
967 2632 1164 2686 inserui
1196 2632 1444 2702 lectioni,
1475 2633 1762 2686 ostendens
1803 2630 1928 2701 quid
1954 2645 2150 2686 nomen

565 2727 952 2793 Christianum,
1002 2725 1126 2796 quid
1181 2727 1358 2780 crucis
1408 2726 1665 2780 vexillum
1720 2724 1887 2795 prosit
1937 2725 2022 2780 his
2057 2723 2150 2794 qui

565 2819 671 2876 ﬁde
711 2819 1026 2884 credentes,
1080 2831 1240 2888 opere
1286 2817 1568 2888 perﬁciunt
1607 2830 1727 2888 qua:
1771 2815 2148 2883 crediderunt,

563 2911 704 2969 sicut
732 2910 979 2982 superius
999 2909 1197 2965 dictum
1229 2919 1332 2964 est.

1151 3025 1380 3083 CAPUT
1404 3024 1566 3081 XLII.

981 3119 1060 3177 De
1091 3120 1276 3190 templo
1304 3119 1434 3174 beati
1464 3116 1757 3174 Laurentii.

1576 343 1635 403 S.
1674 339 2006 402 GREGORII
2043 333 2354 398 EPISCOPI
2390 334 2827 397 TURONENSIS

2065 445 2074 456 ’
2159 455 2210 513 Λ
2238 459 2288 505 et
2318 451 2556 521 reliquiis
2585 459 2640 507 et
2669 463 2884 505 nomine
2913 454 3316 512 consecratum,
3359 444 3502 517 quod
3543 457 3646 514 per
3667 445 3830 498 iucu-

3711 328 3829 384 744

2240 543 2377 598 riam
2408 542 2682 613 longinqui
2727 541 2982 610 temporis
3020 541 3176 596 valde
3231 540 3499 595 detectum
3543 547 3662 593 erat
3697 540 3826 608 (An.

2235 633 2362 702 558,
2396 636 2460 690 10
2486 635 2668 707 Aug.).
2697 634 2850 702 Quod
2881 648 3004 689 cum
3043 647 3306 689 renovare
3338 632 3440 686 loci
3470 632 3661 686 incola:
3707 629 3829 684 vel-

2237 726 2372 795 lent,
2401 727 2564 781 silvas
2585 727 2804 793 adeunt,
2847 725 3014 780 incisa
3048 725 3382 794 levigataque
3411 723 3554 792 ligna
3575 762 3590 786 ,
3643 721 3830 776 trabes

2240 815 2500 886 efﬁciunt,
2549 816 2932 885 impositasque
2954 815 3205 884 plaustris
3244 815 3312 870 ad
3344 815 3520 870 locum
3547 813 3828 868 exhibent.

2239 907 2442 974 Quibus
2467 923 2560 977 per
2585 908 2806 964 humum
2833 908 2898 962 ad
2919 906 3234 963 ordiendum
3264 909 3529 974 extensis,
3564 921 3668 962 una
3700 907 3832 961 bre-

2239 1001 2357 1054 vior
2381 1009 2466 1055 est
2492 1013 2699 1070 reperta
2747 1017 2758 1052 :
2807 1001 3094 1068 statimque
3121 1000 3417 1056 sacerdotis
3463 1002 3702 1056 animum
3729 1000 3830 1069 qui

2240 1090 2306 1145 ad
2338 1093 2452 1146 haec
2496 1092 2778 1147 insistebat
2824 1092 2980 1147 dolor
3020 1093 3288 1146 maximus
3342 1094 3550 1162 attigit,
3597 1099 3652 1148 et
3693 1092 3832 1148 ﬂens

2241 1183 2418 1249 valde,
2441 1184 2566 1252 quid
2598 1194 2794 1252 ageret,
2838 1198 2942 1253 quo
2971 1199 3029 1238 se
3060 1192 3314 1248 verteret,
3347 1183 3647 1252 ignorabat.
3678 1183 3834 1238 Tunc

2250 1274 2466 1329 intuens
2492 1276 2736 1329 roborem
2783 1275 3123 1340 breviorem,
3167 1274 3242 1328 ait
3287 1290 3302 1330 :
3346 1275 3390 1328 Ο
3419 1273 3671 1328 Laurenti
3697 1273 3830 1328 hea-

2244 1368 2472 1434 tissime,
2503 1367 2777 1436 appositus
2803 1368 2910 1436 igni
2934 1367 3166 1436 gloriﬁca
3196 1376 3271 1434 te,
3312 1381 3528 1435 semper
3567 1381 3833 1436 pauperes

2246 1460 2430 1515 fovens
2452 1473 2516 1514 ac
2546 1460 2788 1514 reficiens
2819 1476 2833 1513 :
2885 1461 3058 1529 cogita
3090 1469 3457 1529 paupertatem
3483 1476 3679 1524 meam,
3706 1461 3833 1530 quia

2247 1565 2353 1604 non
2383 1561 2465 1605 est
2509 1551 2784 1619 cxiguitati
2830 1561 3028 1604 nostrae
3056 1550 3283 1606 facultas
3304 1596 3319 1620 ,
3351 1551 3583 1620 qualiter
3612 1551 3699 1606 hic
3729 1553 3832 1606 alia

2247 1642 2584 1698 exhibentur.
2625 1641 2790 1707 Illico,
2818 1643 3023 1698 cunctis
3055 1643 3316 1710 attonitis,
3369 1645 3516 1698 trabs
3564 1642 3731 1698 crevit
3779 1643 3831 1696 in

2249 1741 2398 1788 tanto
2428 1733 2604 1803 spatio
2629 1732 2996 1802 longitudinis,
3046 1743 3103 1786 ut
3159 1745 3382 1788 necesse
3426 1742 3571 1787 esset
3627 1740 3833 1800 partem

2178 1830 2227 1890 Β
2255 1838 2502 1893 magnam
2526 1823 2707 1878 incidi.
2743 1824 2818 1877 De
2859 1838 2981 1894 qua,
3025 1823 3282 1878 industria
3314 1823 3485 1894 plebis
3511 1864 3528 1891 ,
3576 1823 3833 1879 beneﬁcia

2255 1913 2479 1984 perdere
2500 1913 2650 1970 nefas
2674 1923 2888 1984 putans,
2945 1915 3173 1971 credens
3220 1931 3338 1972 eam
3384 1931 3545 1971 manu
3589 1917 3835 1987 Martyris

2251 2016 2444 2062 tactam
2467 2021 2529 2060 ac
2555 2006 2943 2077 prolongatam,
2978 2017 3182 2077 partem
3223 2023 3341 2077 qua:
3367 2007 3704 2077 superfuerat
3728 2008 3836 2062 fru-

2251 2100 2430 2156 statim
2463 2099 2779 2169 decerpens,
2810 2101 3049 2156 diversas
3078 2100 3424 2156 inﬁrmitates
3451 2116 3594 2169 saepe
3617 2101 3836 2155 submo—
3893 2102 3900 2108 ”

2251 2192 2346 2246 vit.
2375 2192 2530 2259 Quod
2560 2190 2892 2248 Fortunatus
2935 2192 3217 2263 presbyter
3250 2191 3335 2249 his
3367 2193 3607 2250 versibus
3650 2205 3836 2263 prose-

2251 2295 2406 2339 ClIIlIS
2436 2293 2518 2339 est
2542 2301 2557 2338 :

2343 2372 2578 2424 Laurenti
2599 2375 2778 2424 merito
2797 2375 3000 2437 ﬂammis
3021 2374 3249 2426 vitalibus
3270 2381 3396 2437 uste,

2421 2438 2578 2507 771
2606 2439 2708 2495 Qui
2725 2438 2950 2486 fervente
2972 2436 3066 2486 ﬁde
3094 2441 3244 2488 victor
3268 2441 3328 2488 ab
3351 2441 3469 2501 igne
3486 2439 3639 2500 redis,
3723 2463 3734 2470 .

2344 2506 2584 2572 Dtnn'tibi
2610 2507 2789 2568 templa
2815 2515 2992 2572 novant
3017 2509 3227 2558 breviori
3253 2511 3443 2572 robore
3458 2508 3647 2572 plebes,

2406 2568 2778 2630 Creveruntque
2803 2570 2987 2628 trabes,
3017 2573 3174 2620 crevit
3199 2577 3250 2620 et
3269 2571 3391 2618 alma
3417 2568 3555 2620 ﬁdes.

2346 2631 2524 2691 Stipite
2549 2638 2796 2680 contracto
2823 2637 2905 2680 tua
2928 2644 2982 2679 se
3006 2633 3236 2682 mercede
3267 2632 3496 2690 tetendit,

2408 2698 2646 2752 Quantum
2673 2705 2817 2754 parva
2845 2706 2994 2752 prius,
3018 2702 3188 2752 postea
3211 2707 3333 2743 caesa
3357 2693 3476 2753 fuit;

2347 2753 2583 2806 Crescere
2607 2755 2714 2815 plus
2738 2756 2917 2804 meruit
2938 2755 3122 2803 succisa
3146 2757 3402 2805 securibus
3419 2757 3561 2806 arbor

2411 2816 2472 2865 lit
2495 2816 2663 2865 didicit
2683 2819 2813 2879 sicca
2831 2815 3021 2879 longior
3046 2829 3158 2865 esse
3175 2830 3328 2879 coma,

2348 2877 2491 2928 Unde
2516 2879 2669 2927 recisa
2694 2878 2802 2926 fuit.
2829 2877 3030 2940 Populis
3046 2879 3141 2928 fert
3159 2880 3272 2927 inde
3293 2877 3530 2940 salutem;

2409 2940 2463 2989 Si
2484 2943 2619 2990 venit
2637 2940 2926 3002 intrepidus,
2952 2939 3129 2989 lumina
3151 2953 3310 2990 caecus
3333 2942 3495 2991 habet.

2325 3043 2489 3100 Multo
2519 3046 2698 3115 plures
2724 3044 2917 3100 exinde
2938 3044 3156 3112 scripsit
3175 3044 3469 3100 versiculos
3500 3045 3544 3111 l,
3572 3059 3704 3115 quos
3733 3062 3836 3118 ego

2253 3139 2595 3210 praetermisi,
2626 3138 2722 3192 hos
2746 3147 2947 3192 tantum
2978 3152 3074 3208 pro
3103 3137 3414 3194 testimonio
3441 3139 3550 3194 veri
3576 3137 3682 3208 [AL
3707 3139 3833 3212 viri]

634 3212 680 3273 Τ
681 3213 916 3288 emplum
953 3211 966 3251 ί
1000 3221 1119 3269 "at
1163 3211 1216 3267 ίῐι
1237 3210 1467 3282 θυοάοω
1494 3210 1614 3265 loco
1643 3207 1784 3266 beati
1831 3207 2106 3267 Laurentii
2128 3248 2149 3280 ι
2178 3223 2225 3287 C
2255 3207 2516 3290 scribens.
2549 3233 2683 3290 Acta
2705 3241 2828 3288 sunt
2850 3207 3026 3287 autem
3056 3230 3173 3286 haec
3199 3230 3337 3301 apud
3373 3230 3594 3287 Brionas
3614 3231 3643 3269 κ
3675 3207 3836 3288 Italici

639 3377 668 3406 ἰ
707 3369 863 3424 Colb.
893 3384 944 3433 a,
978 3368 1204 3437 plantas.
1240 3367 1370 3434 Qua:
1399 3374 1697 3440 sequuntur
1724 3365 1789 3421 ad
1824 3367 1982 3424 ﬁnem
2010 3371 2155 3440 capi-

569 3440 640 3496 tis
668 3456 773 3494 nan
799 3441 1061 3493 habentur
1088 3441 1140 3493 in
1169 3439 1292 3492 cod.
1340 3437 1573 3510 Bellov.ﬁ;
1602 3453 1702 3510 vox
1743 3448 1919 3494 tamen
1963 3437 2156 3510 plantis

569 3512 800 3565 refertur
821 3513 886 3564 ad
910 3525 1122 3563 versum
1149 3520 1485 3577 sequentem.
1527 3509 1699 3563 Soleae
1721 3521 1846 3563 sunt
1884 3513 2155 3567 sandalio-

574 3596 694 3635 rum
722 3595 912 3650 genus,
952 3581 1018 3634 de
1044 3579 1236 3648 quibus
1269 3579 1322 3634 in
1353 3579 1500 3633 Actis
1529 3589 1833 3634 sanctorum
1873 3581 2156 3638 Fructuosi

570 3661 626 3707 et
651 3651 898 3715 aliorum,
922 3653 1048 3706 etin
1082 3650 1200 3704 Vita
1227 3651 1397 3705 sancti
1431 3650 1690 3718 Fulgentii
1724 3665 1869 3704 num.
1902 3653 1992 3708 18.

643 3720 671 3760 δ
706 3723 836 3786 Alii,
866 3723 1153 3776 incurvare.
1189 3722 1378 3776 Nostra
1408 3722 1570 3776 lectio
1598 3721 1788 3776 melior
1815 3733 1916 3786 est,
1959 3731 2018 3777 ut
2044 3738 2160 3778 mo-

571 3803 664 3850 net
696 3794 970 3848 lleinsius.
1017 3793 1214 3850 Eadem
1247 3807 1380 3847 voce
1409 3794 1575 3847 utitur
1623 3792 1945 3848 Prudentius
1968 3794 2022 3848 in
2053 3794 2161 3848 Ha-

572 3865 940 3990 :inartigeniis;
979 3874 1033 3919 et
1070 3863 1314 3920 Juvenal.
1354 3863 1547 3934 Satyra
1590 3864 1679 3931 10,
1728 3880 1896 3934 genua
1931 3866 2158 3921 incerare

610 3952 800 3990 eorum.

610 3952 800 3991 eorum.

646 4018 668 4045 ε
705 4007 847 4077 Lege
877 4005 1128 4062 Hecaten.
1166 4007 1290 4062 Haec
1317 4016 1400 4061 est
1425 4007 1610 4071 Diana,
1636 4020 1753 4074 quae
1782 4004 1835 4058 in
1864 4007 2017 4061 cretis
2049 4005 2158 4061 Lu-

573 4094 660 4142 na,
691 4077 746 4131 in
778 4079 1003 4136 infernis
1029 4079 1349 4146 Proserpina
1379 4077 1678 4133 dicebatur.
1706 4078 1940 4132 l-lecaten
1962 4077 2159 4132 dictam

575 4159 784 4219 putant,
837 4149 979 4216 quod
1037 4147 1892 4219 centumgvictimis'placaretnr,
1943 4149 2024 4202 cui
2082 4148 2161 4202 rei

587 4218 828 4274 alludere
849 4221 1059 4274 videtur
1074 4219 1414 4273 Prudentius.
1443 4219 1580 4273 Infra
1595 4218 1789 4274 dicitur
1812 4219 2156 4287 Persephone.

647 4287 675 4327 ά
717 4292 937 4359 Aliquot
984 4291 1081 4343 Ed.
1128 4290 1402 4344 Prudentii
1434 4332 1448 4356 ,
1506 4291 1703 4343 Ascitas
1751 4289 1916 4343 video.
1973 4290 2160 4345 Melior

579 4361 764 4424 lectio,
799 4370 855 4413 ut
884 4371 1068 4414 monet
1099 4360 1372 4426 Heinsius,
1399 4370 1544 4416 esset
1570 4362 1776 4425 eccitaa,
1819 4375 1914 4428 pro
1944 4361 2158 4431 excitae,

576 4447 695 4499 quae
729 4445 828 4484 vox
857 4432 994 4498 apud
1026 4440 1236 4486 vctcrcs
1267 4433 1499 4486 maxime
1523 4441 1638 4485 erat
1661 4431 1713 4484 in
1731 4448 1825 4484 Ustl
1849 4432 1913 4484 ad
1943 4447 2026 4484 res
2051 4448 2164 4486 ma-

577 4503 722 4572 gicas
749 4502 1144 4569 exprimendus.
1177 4504 1450 4558 Ammian.
1485 4503 1746 4568 Marcell.,
1781 4503 1996 4572 infernis
2045 4519 2159 4556 nta-

578 4573 726 4626 nibus
753 4574 950 4636 excitis,
975 4583 1082 4628 etc.

653 4653 678 4715 εἶ
713 4644 980 4708 Heinsius,
1006 4647 1193 4698 circum
1219 4645 1447 4715 inspicit.

580 4786 616 4841 Γ
655 4711 675 4751 ί
713 4715 843 4771 Mss.
873 4715 928 4783 ὅ,
953 4730 1072 4771 cum
1089 4711 2160 4786 Prudentiolleinsii,habent,signarit...

599 4802 740 4841 iuno.

599 4802 740 4841 tuna.

654 4804 740 4841 no.

618 4804 677 4904 με
711 4857 844 4912 ilinc
869 4858 1118 4914 Heinsius
1143 4858 1305 4913 infert
1333 4859 1475 4914 hanc
1494 4858 1816 4927 armigerum
1839 4873 1869 4913 e
1888 4858 2165 4927 praetoria-

581 4929 666 4984 nis
697 4927 952 4985 militibus
980 4931 1284 4994 Germanis,
1342 4942 1434 4984 aut
1475 4931 1598 4984 aliis
1638 4932 2166 4998 Septentrionalilnts

582 5002 792 5070 populis
819 5001 1004 5066 fuisse,
1029 5001 1167 5070 quod
1197 5001 1274 5056 illi
1304 5001 1544 5056 solerent
1575 5000 1773 5056 habere
1799 5001 1963 5056 ﬂavos
1996 5001 2167 5070 capil-

582 5071 686 5142 los,
717 5083 773 5142 ct
797 5073 1012 5142 quidem
1038 5072 1352 5142 promissos.

660 5139 686 5178 δ
739 5139 940 5215 Eadem
975 5139 1140 5198 ferme
1187 5153 1304 5213 qua:
1337 5145 1422 5199 hic
1458 5141 1748 5215 Gregorius
1780 5159 1845 5198 ex
1879 5141 2168 5197 Prudentia

582 5222 786 5277 narrat,
845 5213 1009 5268 habet
1053 5215 1360 5270 Lactantius
1413 5217 1509 5271 lib.
1544 5213 1594 5271 tv
1644 5215 2070 5279 Iustitutionum,
2115 5220 2170 5267 et

583 5286 639 5338 in
682 5299 846 5339 aureo
873 5285 1052 5340 libello
1079 5285 1148 5341 de
1175 5288 1428 5342 Mortibus
1457 5289 1885 5349 Persecutorum,
1926 5300 2047 5352 cap.
2079 5284 2166 5345 10,

583 5355 672 5410 ubi
701 5356 822 5428 haec
856 5357 1187 5411 Diocletiano
1212 5359 1338 5428 imp.
1369 5358 1662 5428 contigisse
1680 5356 1886 5411 scribit.
1911 5358 2040 5421 Qum
2065 5358 2172 5421 pri-

587 5442 672 5480 ma
695 5427 788 5480 fuit
814 5429 1300 5497 perscquendorum
1326 5427 1749 5483 Christianorum
1782 5428 2170 5497 occasio,cum

587 5509 746 5551 antea
771 5496 1134 5554 Diocletianus
1164 5504 1366 5567 optimo
1395 5515 1609 5569 semper
1647 5502 1826 5552 animo
1855 5496 2167 5569 ergaChri-

585 5571 793 5622 stiauos
831 5569 1037 5632 fuisset,
1090 5579 1148 5624 ut
1199 5572 1366 5628 fusius
1421 5567 1604 5624 narrat
1649 5570 1909 5624 Eusebius
1960 5567 2052 5620 lib.
2080 5582 2170 5621 v—m

591 5640 726 5692 llist.
760 5640 958 5697 eccles.
993 5640 1048 5693 In
1081 5640 1349 5694 Chronico
1383 5653 1558 5695 autem
1592 5641 2016 5709 persecutionem
2045 5654 2174 5692 con-

590 5722 672 5764 tra
703 5711 901 5764 milites
933 5713 985 5764 in
1009 5711 1228 5764 Oriente
1255 5728 1282 5762 a
1312 5710 1533 5765 Veturio
1579 5711 1881 5766 inchoatam
1903 5724 2044 5764 anno
2066 5710 2173 5768 502

594 5782 972 5856 consignabf
990 5783 1183 5856 lfanlus
1202 5782 1395 5856 Baudri
1414 5784 1780 5849 Calvinianns,
1798 5788 1876 5840 vir
1905 5787 2168 5856 eruditus,

587 5855 678 5924 Qui
715 5853 975 5929 Lactantii
1005 5851 1240 5916 libellum
1258 5853 1325 5912 de
1343 5855 1600 5922 Mortibus
1621 5869 1877 5932 persrtyur
1907 5879 2017 5918 llifl‘.
2051 5851 2170 5919 cuni

2189 4614 2244 4677 D

2257 3367 2528 3425 variorum
2558 3369 2699 3424 notis
2728 3367 2914 3431 edidit,
2941 3367 3158 3433 suisque
3197 3367 3667 3421 observationibus
3699 3366 3839 3422 -illu-

2259 3443 2469 3506 stravit,
2497 3441 2779 3494 occasione
2797 3440 3010 3507 juvenis
3036 3438 3324 3492 Christiani
3346 3439 3435 3507 qui
3474 3441 3628 3505 signo
3663 3442 3838 3494 crucis
3890 3450 3892 3452 '

2259 3512 2402 3566 edito
2424 3511 2684 3566 sacriﬁcia
2714 3506 2936 3564 dearum
2973 3507 3333 3578 perturbavit,
3374 3506 3583 3578 fatetur
3607 3524 3838 3563 consuc-

2260 3581 2403 3636 visse
2425 3583 2761 3638 Christianos
2783 3581 2890 3649 jatn
2920 3597 2948 3634 a
2974 3577 3157 3651 primis
3180 3577 3669 3651 Ecclesiatsmcnlis
3687 3578 3840 3632 Chri-

2261 3657 2328 3706 sti
2361 3653 2638 3723 signaculo
2659 3648 3044 3723 sesc'munire,
3079 3649 3404 3723 rprofer‘tque
3433 3648 3747 3723 Tertulliani
3779 3666 3838 3703 ea

2266 3724 2332 3778 de
2365 3720 2433 3778 re'
2453 3724 2708 3791 insignem
2737 3723 2908 3777 locum
2941 3739 3005 3775 ex
3037 3722 3128 3776 lib.
3169 3721 3239 3774 de
3263 3720 3472 3774 Corona
3497 3720 3685 3775 militis
3715 3734 3836 3790 cap.

2263 3794 2319 3856 5,
2341 3794 2428 3848 ubi
2458 3796 2675 3861 legitur:
2703 3793 2782 3846 Ad
2798 3808 2995 3846 onmem
3017 3808 3337 3862 progressum
3361 3801 3511 3859 atque
3530 3803 3838 3861 promotum,

2265 3869 2331 3917 ad
2363 3882 2560 3918 omnem
2585 3863 2782 3917 aditum
2812 3872 2858 3916 et
2888 3863 3184 3924 exitum,ad
3209 3863 3438 3915 vestitum
3463 3872 3509 3914 et
3532 3862 3836 3926 calceatum,

2262 3937 2330 3988 ad
2360 3940 2584 3999 lavacra,
2613 3938 2680 3988 ad
2711 3950 2932 3999 mensas,
2966 3933 3033 3986 ad
3059 3933 3271 3992 lumina.
3310 3934 3379 3984 ad
3413 3932 3597 3985 cubilia
3621 3973 3636 3994 ,
3672 3933 3745 3984 ad
3767 3950 3841 3985 ae-

2264 4008 2413 4070 dilia,
2439 4022 2738 4076 quacunque
2762 4021 2855 4058 nos
2889 4006 3200 4076 conversatio
3225 4013 3441 4076 exercet,
3477 4007 3709 4076 [mutent
3729 4019 3845 4056 cre-

2265 4079 2336 4130 cis
2367 4071 2634 4148 signaculo
2654 4071 2889 4140 terimus,
2914 4075 3211 4148 etc.__Paulo
3236 4071 3456 4148 inferius
3478 4073 3844 4148 laudatTlieo-

2264 4141 2433 4201 doriti
2477 4148 2612 4202 llist.
2673 4149 2844 4201 locum
2899 4162 2963 4200 ex
2999 4146 3089 4199 lib.
3123 4159 3176 4197 Ill
3227 4141 3344 4212 eap.
3378 4141 3433 4206 3,
3479 4145 3568 4197 tibi
3597 4143 3841 4199 Julianus

2267 4221 2524 4288 Apostata
2547 4221 2818 4288 dmrnones
2841 4216 3016 4270 crucis
3048 4217 3201 4288 signo
3225 4214 3437 4284 fugasse
3459 4215 3671 4278 dicitur,
3711 4217 3843 4288 alias

2268 4286 2373 4358 que
2422 4287 2684 4358 ejusmodi
2715 4289 2958 4355 exempla
2989 4286 3129 4354 apud
3184 4295 3392 4358 veteres
3423 4287 3616 4358 passim
3659 4287 3843 4340 haberi

2267 4356 2462 4414 innuit.
2489 4360 2594 4414 Sed
2624 4375 2745 4414 cum
2777 4358 2969 4412 exinde
3012 4357 3409 4411 Catholicorum
3452 4356 3766 4425 religionem
3796 4360 3844 4410 in

2267 4431 2543 4484 servandis
2602 4433 2864 4498 primaeva:
2917 4429 3170 4482 Ecclesia:
3222 4427 3455 4480 moribus
3502 4427 3719 4481 laudare
3753 4430 3842 4481 dc-

2269 4503 2497 4567 buisset,
2533 4517 2642 4555 rem
2671 4501 2777 4555 alio
2809 4502 2989 4563 vertit,
3019 4499 3399 4566 contenditque
3437 4508 3639 4550 sectam
3671 4514 3842 4561 suam,

2269 4588 2388 4643 quae
2419 4575 2562 4627 hunc
2585 4587 2788 4643 rnorem
2816 4569 3031 4640 abjecit,
3054 4571 3338 4643 improbari
3365 4582 3671 4643 nonpossc,
3703 4570 3843 4638 quod

2270 4639 2372 4699 iste
2399 4641 2644 4713 signandi
2672 4658 2795 4696 sese
2833 4639 2968 4713 ritus
3001 4655 3262 4707 nusquam
3294 4641 3345 4692 in
3377 4639 3670 4713 Scripturis
3697 4653 3844 4713 corn-

2271 4710 2478 4783 pareat.
2513 4715 2673 4778 Quasi
2699 4727 2824 4767 vero
2855 4710 3012 4766 liceat
3037 4713 3478 4783 improbarequge
3501 4712 3565 4783 ab
3587 4712 3845 4783 apostolis

2269 4781 2362 4839 aut
2397 4801 2581 4838 corum
2609 4783 2884 4854 discipulis
2913 4793 3129 4852 accepta
3157 4781 3384 4852 posteris
3427 4781 3668 4834 Ecclesia
3697 4796 3843 4835 com-

2270 4857 2564 4910 mandavit.

2348 4925 2364 4963 ί
2405 4929 2563 4982 Deest
2595 4925 2694 4981 hoc
2737 4932 2896 4995 caput
2927 4924 2977 4979 in
3008 4923 3164 4978 Colb.
3199 4931 3296 4976 tut.
3337 4921 3393 4976 In
3437 4918 3584 4995 Clar.
3633 4920 3670 4975 b
3721 4935 3846 4976 vero

2272 4998 2607 5054 desideratur
2635 4993 2932 5050 siniulcutn
2964 5004 3188 5064 quatuor
3209 4993 3572 5063 sequentibus.

2350 5072 2364 5120 1
2408 5070 2504 5124 Est
2531 5083 2748 5123 carmen
2791 5066 2854 5120 14
2883 5065 3000 5121 libri
3027 5081 3078 5119 1x
3105 5107 3119 5132 ,
3161 5068 3298 5135 quod
3333 5064 3516 5135 viginti
3550 5063 3684 5119 duos
3703 5076 3846 5117 com-

2275 5140 2523 5211 plcetitur
2555 5155 2760 5211 versus.

2349 5211 2376 5248 ¹ί
2406 5211 2681 5280 Hegionem
2712 5209 2957 5280 Brionum
2984 5207 3161 5280 iniqua
3191 5205 3405 5280 sanguis
3437 5207 3848 5280 pluitimemorat

2278 5278 2654 5338 Paulus-Diae.
2684 5281 2774 5334 lib.
2806 5296 2856 5332 iv
2887 5279 3020 5332 Hist.
3044 5278 3280 5347 Langob.
3313 5293 3430 5347 cap.
3465 5278 3514 5332 -i.
3569 5279 3645 5332 De
3664 5281 3846 5331 eadem

2281 5355 2370 5408 lib.
2405 5369 2438 5406 ιι
2468 5368 2586 5421 cap.
2615 5351 2701 5416 15,
2728 5352 2866 5421 sicut
2887 5361 2942 5403 et
2963 5349 3284 5404 Fortunatus
3316 5348 3369 5401 in
3402 5349 3626 5416 epistola
3659 5349 3723 5421 ad
3756 5362 3848 5399 no.

2277 5433 2445 5478 stram
2469 5419 2804 5494 Gregorium.
2832 5419 3052 5494 Breonea
3077 5424 3126 5474 in
3152 5421 3406 5494 comitatu
3431 5420 3693 5494 'l‘irolcnsi
3722 5433 3848 5494 non-

2278 5498 2408 5549 nulli
2441 5488 2636 5558 locan't,
2666 5495 2731 5547 de
2755 5493 2948 5559 quibus
2969 5503 3154 5545 auctor
3174 5490 3303 5544 Vita:
3327 5491 3496 5544 sancti
3523 5488 3844 5545 Corbiniani.

2278 5565 2427 5620 Brios
2481 5581 2640 5636 prope
2701 5563 2960 5618 Vercellas
3010 5565 3170 5636 habet
3214 5563 3468 5636 Orientis,
3530 5561 3840 5636 ubi,-u_t‘a_it,

2276 5628 2500 5693 Carolus
2522 5628 2716 5691 Calvus
2741 5636 2868 5702 imp.
2903 5634 3119 5688 interiit.
3173 5635 3240 5686 At
3270 5633 3493 5686 Carolus
3539 5631 3674 5700 apud
3699 5628 3847 5682 Brios

2279 5709 2492 5778 quidem
2538 5711 2770 5781 animam
2830 5707 2974 5781 egit,
3030 5704 3121 5781 sed
3169 5703 3313 5781 jam”
3351 5703 3536 5781 Alpes“
3573 5704 3847 5771 ipsumque

2279 5774 2516 5835 montem
2549 5777 2836 5848 Ciuisinm,
2871 5774 3064 5838 Vliunta
3095 5778 3144 5834 in
3177 5774 3378 5834 Gallias
3427 5774 3669 5841 rediens,
3695 5786 3847 5844 δυρρ-

2233 5915 2236 5918 ,
2279 5860 2508 5912 raverat.
2577 5901 2592 5911 .
