4132 6348
334 325 441 382 ’Μῦ

1143 331 1646 388 ιιιιιεερυιιυιιωι
1690 333 1815 386 LIB.
1860 333 1900 387 I.
1946 332 2033 385 DE
2071 331 2322 386 GLURIA
2363 330 2765 386 MARIYEUM.

329 448 585 496 castrum.
619 439 748 496 Nam
767 441 876 496 vidi
903 455 1003 512 ego
1031 439 1326 509 hominem,
1359 445 1467 513 qui,
1513 443 1747 512 graviter
1775 442 1907 496 den.
1933 446 1988 506 Α
2014 442 2154 510 quod
2179 442 2401 496 ferebat.
2431 442 2578 496 Tunc
2609 451 2901 510 prostratus
2930 456 3112 498 coram
3150 442 3408 512 sepulcris
3445 441 3581 498 Bea—

334 532 463 584 tium
485 532 671 586 dolore
705 533 974 601 laborans,
1005 544 1222 604 accepta
1251 535 1319 590 de
1350 536 1451 589 hoc
1494 536 1638 605 ligno
1675 551 1704 587 a
1727 549 1904 589 sacer-

335 622 459 676 dote
489 624 766 692 particula,
796 627 972 679 statim
1007 635 1063 680 ut
1083 627 1296 682 dentem
1327 628 1522 697 attigit,
1552 629 1738 683 dolore
1781 645 1905 698 pro-

337 711 480 765 tinus
500 714 691 768 caruit.
712 713 816 769 Sed
843 731 940 770 nec
970 717 1096 771 illud
1124 717 1386 772 silendum
1411 718 1612 787 putavi,
1640 720 1778 788 quod
1817 735 1904 773 re-

335 802 514 872 "quia:
543 805 658 874 ejus
683 807 750 860 ab
773 808 1017 862 incendio
1045 808 1349 864 hostilitatis
1374 818 1595 877 ereptae,
1620 824 1650 862 a
1679 810 1904 878 quodam

339 892 558 948 homine
582 895 635 949 in
659 896 1056 953 Lemovicinum
1084 899 1278 954 delata}
1300 910 1441 955 sunt.
1458 901 1558 967 Qui
1579 901 1906 970 conisa-pius

334 984 710 1041 admoneretur
739 1003 831 1055 per
853 990 1046 1056 visum,
1079 1000 1134 1043 ut
1154 992 1368 1046 easdem
1398 991 1594 1046 Aredio
1619 990 1794 1044 abbati
1816 991 1902 1045 de-

335 1078 519 1145 ferret,
550 1095 649 1135 nec
669 1080 964 1150 iussionem
988 1082 1234 1151 impleret
1256 1125 1269 1146 ,
1315 1083 1430 1153 ipse
1451 1098 1570 1138 cum
1599 1081 1824 1151 conjuge
1854 1090 1909 1137 et

333 1171 478 1225 omni
509 1171 706 1227 familia
735 1184 994 1243 aegrotare
1022 1176 1206 1244 cmpit.
1235 1175 1385 1230 Tunc
1414 1176 1730 1232 necessitate
1760 1189 1908 1229 coin-

337 1261 543 1330 pulsus,
567 1270 624 1316 ot
643 1276 735 1317 eas
764 1263 880 1320 viro
905 1275 1094 1320 sancto
1115 1266 1322 1332 detulit,
1347 1281 1472 1322 mox
1513 1266 1725 1322 sanitati
1752 1265 1909 1322 resti-

335 1362 482 1410 tutus
499 1354 780 1411 abscessit.

901 1446 1127 1505 CAPUT
1157 1448 1340 1504 XLIII.

810 1559 888 1617 De
917 1561 1162 1618 Cassiano
1187 1555 1438 1635 martyre.

406 1673 691 1733 Cassianus
713 1685 740 1714 α
772 1685 976 1748 martyr
998 1679 1162 1734 Italia:
1185 1722 1199 1746 ,
1258 1695 1544 1750 puerorum
1601 1682 1910 1750 magnificus

333 1767 543 1836 doctor,
576 1770 894 1828 adveniente
927 1773 1300 1841 persecutione
1325 1814 1340 1838 ,
1385 1774 1487 1844 ipsi
1520 1774 1705 1843 puerili
1734 1789 1796 1830 ac
1835 1785 1910 1829 te-

335 1875 470 1916 nero
512 1865 656 1933 gregi
692 1864 1312 1935 persecutorumjudicio
1340 1867 1564 1920 traditur
1592 1865 1713 1937 (An.
1845 1866 1911 1920 13

335 1950 514 2021 Aug.).
546 1953 618 2006 At
650 1953 721 2013 illi
768 1954 1005 2023 magistri
1035 1955 1346 2026 sanguinem
1394 1956 1662 2020 sitientes,
1703 1967 1911 2012 ceratas

335 2042 388 2099 in
415 2040 444 2080 lt
496 2047 655 2112 caput
700 2043 912 2100 illidunt
948 2045 1172 2102 tabellas
1199 2089 1212 2111 ,
1252 2058 1500 2104 secantes
1542 2048 1912 2104 latitudinibus

341 2133 627 2205 atylorum,
659 2137 976 2207 punctisque
992 2138 1208 2193 minutis
1237 2141 1727 2196 transverberautes
1753 2143 1912 2214 772

336 2226 575 2281 membra
603 2230 864 2299 magistri,
883 2228 1098 2299 dignum
1128 2230 1237 2286 Deo
1265 2240 1557 2303 martyrem
1583 2234 1909 2289 effecerunt:

337 2317 390 2372 in
417 2317 566 2386 cujus
593 2317 795 2374 honore
818 2318 1084 2390 hodieque
1131 2329 1317 2377 tantus
1356 2323 1516 2378 timor
1545 2324 1772 2380 habetur
1791 2365 1808 2392 ,
1858 2335 1916 2382 ut

337 2406 516 2462 nullus
541 2408 750 2477 penitus
775 2409 844 2465 de
872 2409 990 2479 ejus
1021 2411 1183 2466 rebus
1209 2413 1413 2482 aliquid
1453 2414 1524 2468 sit
1563 2428 1726 2469 ausus
1748 2416 1914 2471 attin-

336 2513 481 2567 gere.
534 2500 684 2566 Quod
731 2501 777 2556 si
825 2502 1031 2568 fecerit,
1083 2513 1176 2558 aut
1212 2505 1469 2575 arripitur
1507 2507 1792 2572 daemonio.
1822 2519 1917 2566 aut

337 2599 510 2645 morte
537 2593 815 2660 repentina
854 2596 1208 2666 consumitur,
1241 2611 1348 2654 non
1372 2608 1550 2658 tamen
1578 2599 1825 2657 immunis
1846 2604 1916 2659 ab

337 2679 540 2738 ultione
568 2683 794 2740 recedit.

901 2777 1128 2835 CAPUT
1163 2779 1340 2836 XLIV.

637 2884 714 2941 De
739 2887 978 2956 Agricola
1008 2899 1054 2944 et
1088 2889 1249 2948 νειαιε
1278 2894 1605 2964 martyribus.

408 2997 652 3071 Agricola
682 3011 704 3039 ε
737 3012 790 3056 et
811 3003 1000 3059 Vitalis
1025 3005 1164 3074 apud
1198 3005 1489 3064 Bononiam
1535 3004 1698 3066 Italiae
1730 3011 1914 3069 urbem

339 3096 437 3159 pro
467 3088 664 3144 Christi
706 3091 921 3147 nomine
949 3093 1190 3150 crucifixi
1218 3104 1344 3150 sunt
1390 3097 1515 3167 (An.
1546 3099 1671 3155 circ.
1712 3101 1850 3169 303,
1882 3103 1915 3156 4

2013 542 2210 595 torum,
2239 547 2358 586 cum
2383 531 2632 602 Iacrymis
2657 534 2976 602 deprecatur
3024 547 3076 585 ut
3107 535 3364 602 perditum
3396 552 3584 591 eorum

2011 623 2206 678 virtute
2231 623 2510 690 reciperet,
2556 639 2624 676 ne
2655 625 2768 692 ipse
2794 623 3094 692 conjuxque
3118 642 3180 678 ac
3201 624 3351 680 liberi
3377 667 3390 688 ,
3425 627 3492 679 oh
3528 627 3582 680 id

2008 712 2300 781 captivitati
2341 711 2734 780 subigerentur.
2797 712 3055 781 Egressus
3107 723 3284 767 autem
3339 712 3469 768 foris
3527 717 3580 768 in

2009 806 2199 859 atrium
2226 845 2242 871 ,
2301 803 2473 857 virum
2504 805 2591 872 qui
2621 805 2760 858 hanc
2791 804 3070 872 pecuniam
3115 803 3168 857 in
3201 805 3283 858 via
3309 803 3579 874 jacentem

2009 906 2278 964 repererat
2307 907 2493 950 nactus
2512 906 2593 950 erit
2623 912 2638 950 :
2692 906 3062 967 scrutatus-que
3086 896 3366 966 diligenter
3419 898 3576 968 773

2007 986 2148 1040 illius
2172 987 2318 1044 hora:
2348 996 2590 1056 tempore
2617 987 2702 1041 hic
2744 988 3014 1041 sacculum
3055 988 3322 1043 invenisse
3360 1005 3417 1044 se
3445 990 3584 1043 dixit

2009 1094 2116 1146 quo
2143 1077 2244 1134 iste
2284 1087 2576 1149 martyrum
2624 1079 2875 1133 auxilium
2904 1078 3178 1150 flagitavit.
3213 1080 3409 1134 llormu
3458 1081 3582 1134 reli-

2008 1169 2160 1239 quias
2187 1171 2470 1227 Namacius
2506 1169 2567 1238 ά,
2617 1174 2979 1227 Arvernorum
3029 1174 3342 1244 episcopus,
3388 1175 3580 1231 devote

2008 1266 2247 1334 expetiit,
2297 1275 2356 1320 ut
2399 1265 2604 1321 scilicet
2633 1281 2725 1320 eas
2760 1266 2812 1319 in
2854 1266 3078 1321 ecclesia
3127 1283 3282 1336 quam
3315 1268 3428 1336 ipse
3455 1285 3581 1323 con-

2007 1367 2276 1414 struxerat
2301 1359 2592 1414 collocaret
2623 1374 2638 1414 :
2681 1357 2980 1427 direxitque
3011 1374 3172 1412 unum
3209 1359 3332 1412 illuc
3363 1360 3583 1430 presby-

2011 1458 2204 1515 terum,
2228 1449 2339 1518 qui,
2367 1450 2552 1504 abiens
2574 1463 2694 1503 cum
2736 1449 2828 1504 Dei
2848 1453 3039 1518 gratia,
3086 1463 3204 1517 qua:
3234 1449 3450 1517 patierat
3492 1450 3584 1503 dc-

2012 1541 2152 1596 tulit.
2187 1541 2586 1610 llegressusque
2612 1555 2732 1596 cum
2757 1541 2938 1605 sociis,
2971 1541 3024 1595 in
3052 1541 3238 1610 quinto
3259 1540 3326 1594 ab
3341 1543 3578 1595 Arverna

2007 1632 2142 1687 urbe
2171 1632 2418 1688 milliario
2441 1643 2794 1700 revertentes,
2832 1641 3087 1689 metatum
3117 1636 3404 1705 accipiunt,
3438 1646 3490 1690 et
3517 1638 3583 1690 ad

2009 1723 2320 1792 episcopum
2347 1725 2542 1780 missos
2567 1726 2821 1797 dirigunt,
2867 1736 2923 1781 ut
2952 1728 3030 1781 eis
3059 1729 3185 1795 quid
3214 1738 3372 1797 agant
3401 1729 3584 1798 jnbe.it

1945 1824 1991 1884 Β
2015 1811 2286 1866 ordinare.
2316 1811 2470 1867 Mane
2499 1822 2676 1868 autem
2708 1813 2870 1879 facto,
2913 1817 3164 1871 sacerdos
3193 1817 3478 1874 admonitis
3507 1821 3584 1873 (εἱ-

2015 1904 2186 1969 vibus,
2209 1918 2329 1958 cum
2351 1905 2596 1960 crucibus
2625 1913 2678 1961 et
2699 1907 2867 1962 cereis
2885 1908 2949 1961 ad
2973 1924 3251 1964 occursum
3280 1921 3584 1967 sanctarum

2013 1993 2353 2061 reliquiarum
2381 1994 2757 2051 devotissimus
2796 2010 3067 2067 pr0perat.
3109 2001 3348 2070 Cumque
3378 2001 3427 2059 ei
3467 2018 3586 2072 pre-

2014 2085 2197 2152 sbyter
2228 2083 2444 2141 offerret
2466 2096 2522 2140 ut
2550 2086 2733 2141 beatas
2771 2089 3023 2158 reliquias
3050 2092 3338 2162 aspiceret,
3369 2092 3415 2146 si
3431 2093 3584 2162 jube-

2014 2181 2115 2227 ret.
2151 2175 2215 2229 Et
2244 2175 2362 2229 ille:
2390 2176 2539 2243 Mihi,
2564 2177 2751 2247 inquit,
2771 2182 2938 2250 magis
2958 2190 3040 2237 est
3055 2183 3168 2237 bare
3187 2185 3407 2239 credere
3428 2200 3585 2255 quam

2015 2264 2229 2329 videre;
2260 2267 2336 2322 sic
2361 2267 2502 2322 enim
2530 2268 2583 2323 in
2625 2267 2914 2338 Scripturis
2941 2272 3165 2342 legimus
3187 2274 3416 2343 sanctis,
3464 2280 3584 2345 quia

2013 2357 2128 2428 ipse
2158 2357 2414 2416 Dominus
2437 2361 2622 2417 beatos
2665 2362 2784 2417 illos
2819 2363 3022 2432 judicat
3044 2407 3059 2432 ,
3103 2366 3192 2435 qui
3230 2366 3281 2420 in
3311 2381 3432 2422 eum
3461 2383 3585 2424 cum

2016 2469 2122 2510 non
2142 2456 2372 2511 viderint
2399 2456 2746 2512 credidissent
2778 2456 2957 2529 (Joan.
2989 2475 3079 2526 xx,
3107 2459 3222 2530 ‘29).
3269 2459 3381 2515 Ilac
3408 2461 3585 2532 itaque

2015 2547 2316 2604 sacerdotis
2346 2548 2450 2605 ﬁde
2481 2549 2736 2619 pollente,
2762 2549 3017 2606 Dominus
3054 2561 3267 2607 sanctos
3310 2566 3436 2607 suos
3475 2554 3587 2622 glo-

2017 2638 2192 2694 rificat
2213 2639 2264 2694 in
2295 2641 2509 2696 virtute.
2537 2638 2668 2694 Nam
2697 2640 3031 2696 venientibus
3052 2641 3179 2708 illis,
3202 2643 3376 2697 subito
3405 2655 3589 2699 conte-

2016 2727 2298 2783 nebratum
2328 2739 2411 2785 est
2438 2727 2633 2784 cmlum
2661 2746 2675 2785 :
2701 2738 2756 2786 et
2783 2746 2909 2786 ecce
2931 2730 3100 2787 imber
3125 2731 3406 2788 umbrosus
3431 2743 3586 2802 atque

2019 2820 2324 2876 teterrimos
2351 2830 2513 2889 super
2532 2835 2626 2876 eos
2651 2818 2924 2876 descendit
2955 2837 2971 2876 :
3018 2829 3072 2876 et
3113 2829 3257 2876 tanta
3288 2823 3461 2892 pluvia
3490 2826 3587 2880 ibi-

2015 2908 2138 2966 dem
2162 2918 2245 2966 est
2272 2907 2484 2974 diffusa,
2507 2920 2566 2965 ut
2593 2910 2810 2966 flumina
2836 2926 2930 2981 per
2957 2911 3067 2965 vias
3096 2911 3212 2967 illas
3238 2927 3453 2970 currere
3470 2930 3586 2970 cer-

2017 3010 2291 3056 uerentur.
2321 2995 2694 3054 Verumtamen
2720 2997 2860 3054 circa
2882 3008 3061 3055 sancta
3079 3001 3294 3072 pignora
3311 3017 3403 3072 per
3426 3019 3584 3058 unum

2018 3093 2172 3148 valde
2196 3093 2440 3162 jugerom
2471 3107 2642 3163 neque
2667 3107 2767 3147 una
2794 3101 2939 3163 gutta
2962 3094 3074 3148 visa
3109 3102 3191 3148 est
3219 3094 3495 3150 cecidisse.
3524 3096 3586 3154 Et

340 3192 425 3237 aut
453 3183 522 3239 29
555 3182 718 3257 Nov.)
755 3203 768 3238 :
809 3200 1036 3256 quorum
1063 3187 1310 3258 sepulcra
1334 3229 1350 3252 ,
1388 3201 1448 3245 ut
1469 3205 1565 3261 per
1598 3194 1912 3251 relationem

2020 3183 2340 3239 abeuntibus
2363 3184 2379 3238 i
2403 3184 2488 3248 lis,
2513 3183 2690 3254 pluvia
2723 3198 2815 3239 eos
2844 3199 2871 3238 a
2905 3183 3060 3255 longe
3085 3225 3101 3250 ,
3147 3188 3297 3253 quasi
3342 3187 3614 3256 praebens

340 3271 575 3332 ﬁdelium
599 3279 966 3348 cognovimus,
1016 3279 1139 3350 quia
1181 3279 1416 3337 nondum
1459 3283 1526 3338 ad
1567 3299 1663 3339 nos
1692 3285 1911 3341 historia

340 3367 604 3436 passionis
631 3369 868 3436 advenit,
892 3384 1054 3440 super
1084 3379 1281 3426 terram
1321 3382 1444 3427 sunt
1477 3373 1754 3429 Collocata.
1783 3377 1912 3442 Quae

343 3465 465 3512 etim
496 3474 524 3512 a
553 3460 759 3526 multis,
800 3470 855 3514 ut
881 3460 958 3526 fit,
999 3458 1080 3517 vel
1113 3472 1458 3533 tangerentur
1489 3481 1677 3532 manu,
1708 3469 1789 3523 vel
1816 3478 1911 3527 ore

340 3551 730 3616 oscularentur,
758 3552 1059 3607 admonitus
1104 3565 1186 3608 est
1233 3555 1460 3611 aedituus
1503 3558 1683 3627 templi
1729 3567 1788 3614 ut
1816 3561 1911 3615 itii-

341 3643 522 3699 mundi
551 3644 618 3699 ab
641 3643 723 3698 his
751 3653 1087 3700 arcerentur.
1120 3646 1344 3714 Quidam
1370 3648 1542 3704 audax
1583 3662 1743 3720 atque
1783 3653 1912 3708 faci-

344 3742 568 3788 tmrnSus
597 3735 924 3802 opertorium
954 3737 1112 3790 unius
1129 3738 1316 3791 tumuli
1337 3741 1584 3810 removit,
1617 3752 1675 3796 ut
1711 3743 1915 3800 scilicet

341 3824 538 3894 aliquid
568 3824 636 3881 de
660 3828 828 3881 sacris
847 3827 1080 3884 auferret
1104 3829 1371 3884 cineribus
1394 3849 1406 3884 :
1429 3833 1701 3903 missoque
1719 3835 1918 3893 intror-

342 3925 457 3966 sum
479 3913 669 3982 capite,
699 3927 989 3984 oppressus
1015 3915 1084 3970 ab
1105 3931 1168 3970 eo
1191 3957 1207 3981 ,
1256 3917 1344 3971 vix
1373 3919 1440 3972 ab
1470 3919 1592 3974 aliis
1635 3922 1907 3993 liberatus,

342 4009 595 4063 confusus
624 4007 886 4064 abscessit
915 4026 931 4064 :
963 4025 1061 4064 nec
1089 4011 1329 4079 accipere
1353 4014 1546 4067 meruit
1570 4016 1712 4084 quod
1747 4025 1916 4074 teme-

342 4100 485 4154 rario
529 4114 662 4154 ausu
711 4104 1081 4170 prmsumpsit;
1123 4102 1219 4155 sed
1269 4117 1391 4157 cum
1435 4104 1623 4174 majori
1664 4106 1918 4180 deinceps

343 4195 638 4249 reverentia
672 4205 978 4250 sanctorum
1018 4196 1184 4252 adivit
1219 4199 1483 4265 sepulcra.
1529 4202 1680 4256 Alius
1708 4219 1917 4274 quoque

342 4286 536 4341 tributa
560 4285 768 4355 publica
792 4285 1063 4354 deferens,
1091 4292 1360 4345 sacculum
1390 4297 1630 4361 pecuniae
1657 4297 1780 4350 dum
1815 4298 1918 4354 iter

343 4387 547 4447 ageret,
573 4379 903 4449 negligenter
927 4381 1126 4435 amisit.
1156 4384 1603 4454 ApprOpinquans
1634 4397 1811 4443 autem
1840 4391 1918 4444 ci-

2018 3275 2356 3345 obsoqoium,
2385 3274 2729 3345 sequebatur,
2777 3274 3026 3345 populum
3071 3277 3272 3346 fovens,
3298 3288 3590 3347 gestatores

2014 3377 2190 3424 autem
2210 3369 2488 3439 pignorum
2511 3383 2617 3422 non
2639 3369 2932 3438 attingens.
2957 3369 3082 3424 Ilrec
3112 3370 3301 3425 videns
3331 3373 3588 3442 pontifex,

2015 3463 2374 3531 magnificavit
2397 3462 2715 3527 Dominum,
2772 3462 2885 3531 qui,
2935 3462 3058 3518 ﬁdei
3107 3477 3216 3518 sua:
3262 3465 3340 3519 sie
3385 3465 3587 3529 favens,

2018 3557 2143 3611 talia
2189 3555 2256 3610 ad
2299 3555 2620 3610 Sanctorum
2672 3553 2897 3623 gloriam
2950 3555 3165 3622 operari
3216 3554 3462 3624 dignatus
3485 3565 3589 3611 est.

2017 3647 2365 3716 Congregatis
2406 3660 2531 3720 vero
2570 3644 2776 3700 civibus
2815 3659 2933 3698 eum
2965 3659 3155 3713 magno
3189 3646 3381 3713 gaudio
3429 3657 3588 3715 atque

2017 3736 2316 3801 devotione,
2367 3748 2604 3792 sanctam
2640 3735 2922 3792 ecclesiam
2953 3734 3035 3789 his
3063 3736 3374 3790 illustratam
3406 3737 3589 3807 pigno-

2020 3827 2168 3884 ribus
2194 3827 2480 3882 dedicavit.

2597 3956 2821 4012 CAPUT
2862 3956 2994 4010 XLV

2412 4079 2491 4132 De
2520 4087 2700 4132 sancto
2739 4075 2935 4129 Victore
2966 4085 3202 4144 martyre.

2090 4206 2253 4277 77h.
2278 4203 2640 4272 Magnificatur
2658 4201 2818 4256 etiam
2840 4199 2977 4267 apud
3005 4198 3474 4253 Mediolanensium
3505 4215 3590 4255 ora

2019 4297 2140 4353 bern
2174 4297 2357 4351 Victor
2390 4305 2413 4333 ο
2449 4293 2680 4364 inclytus
2725 4300 2945 4360 martyr,
2974 4290 3113 4358 quod
3161 4289 3354 4360 sacpius
3386 4291 3593 4345 vinctos

2022 4389 2090 4442 ab
2111 4387 2394 4457 ergastulis
2418 4375 2697 4447 dissolvat,
2722 4383 3065 4451 captivosque
3095 4380 3289 4435 liberos
3312 4380 3457 4436 abire
3483 4399 3592 4451 per.

345 4470 512 4537 vitali,
566 4473 902 4542 recognoscit
928 4488 988 4530 se
1035 4474 1283 4532 amisisse
1327 4480 1596 4533 sacculum
1647 4481 1913 4550 publicum
2018 4481 2197 4536 mittat
2241 4480 2367 4551 (Au.
2409 4476 2536 4543 5J3,
2574 4475 2606 4528 8
2651 4474 2829 4544 Maii).
2876 4472 3040 4544 Igitur
3081 4472 3308 4544 quodam
3357 4483 3595 4544 tempore

418 4661 443 4689 α
476 4649 603 4719 Ejus
651 4651 960 4774 martyrium
1014 4654 1270 4710 describit
1318 4655 1634 4715 Prudentius
1680 4660 1734 4716 in
1779 4662 1913 4719 libro

418 4725 458 4774 oi
487 4719 762 4774 στεφάνων.
809 4738 986 4774 tvmno
1007 4725 1059 4774 9.
1087 4725 1280 4774 Passus
1303 4739 1386 4774 est.
1415 4732 1592 4774 Inmlm
1645 4749 1763 4774 num
1788 4738 1913 4774 nrlic

341 4725 458 4800 Περὶ
487 4719 762 4800 ceterivva
791 4719 986 4800 hymno
1007 4725 1059 4780 9.
1086 4725 1280 4800 Bassus
1303 4739 1386 4782 est
1415 4732 1612 4795 lmolaa,
1645 4749 1763 4800 qum
1788 4738 1914 4789 urbs

342 4789 470 4867 alias
496 4789 942 4867 Fornin_(_Ioritetii
968 4808 1071 4867 seu
1092 4796 1242 4850 Silia:
1260 4801 1574 4867 appellatur,
1603 4789 1916 4858 inllloman-

343 4862 501 4942 diola,
535 4863 634 4914 sub
663 4861 866 4916 ditione
898 4866 1162 4942 pontificis
1182 4877 1241 4942 et_
1266 4861 1575 4942 Ravennate
1608 4877 1911 4942 metropoli.

343 4930 476 4999 Eius
498 4945 706 5010 sacrum
735 4934 1006 5010 corpusin
1054 4939 1277 4990 ecclesia
1304 4941 1598 4994 cathedrali
1620 4983 1633 5005 ,
1680 4930 1800 5010 quae
1845 4945 1913 4997 ab

343 5016 408 5054 eo
432 4999 604 5078 sancti
628 5000 866 5078 Cas-iani
892 5001 1103 5078 dicitur,
1132 5020 1437 5078 asservatnr
1467 5011 1568 5064 sub
1605 4999 1805 5078 majore
1839 5016 1913 5063 al-

344 5069 468 5123 tari.
502 5068 669 5136 lpsius
698 5071 889 5122 festum
921 5072 1094 5148 agitur
1112 5075 1201 5148 die
1235 5076 1300 5130 I5
1325 5081 1566 5148 Augusti,
1617 5068 1709 5134 sed
1741 5082 1913 5135 incer-

343 5149 684 5219 tumeSI'quo
707 5155 867 5201 anno,
910 5141 1143 5219 v_e_l_sub
1189 5159 1292 5219 qua
1325 5141 1693 5214 persecutioiie
1726 5167 1913 5219 passus

341 5207 530 5285 fuerit.
559 5207 688 5285 Ejus
738 5210 976 5285 martyrii
1015 5207 1250 5285 ltistoriie
1287 5207 1658 5285 compendium
1698 5207 1914 5276 exhibet

345 5279 485 5334 Beda
518 5280 570 5333 in
601 5279 977 5348 MartyrolOgio
1005 5282 1232 5336 sincero.

413 5348 441 5387 δ
482 5349 538 5404 In
567 5351 720 5405 Co.b.
745 5365 773 5403 a
817 5359 871 5406 el
899 5351 1042 5406 Clar.
1067 5368 1097 5406 a
1127 5353 1278 5408 deest
1305 5356 1374 5408 in.
1411 5355 1540 5409 Nam
1567 5356 1671 5423 hic,
1697 5360 1834 5413 sicut
1863 5372 1916 5414 et

339 5420 478 5474 alias
517 5437 677 5488 saepe,
709 5431 926 5489 quartus
955 5437 1110 5476 casus
1132 5439 1227 5490 pro
1253 5437 1406 5480 sexto
1435 5420 1737 5483 adhibetur.
1768 5430 1917 5486 Unde

342 5491 496 5546 Colb.
533 5502 631 5544 tul.
667 5492 843 5555 habet,
875 5493 1056 5546 ceratis
1082 5505 1232 5560 caput
1261 5497 1484 5549 inlidunt
1515 5497 1734 5552 tabellis.

418 5571 440 5598 ο
479 5561 624 5632 Istud
654 5569 812 5629 caput
856 5572 909 5614 et
940 5562 1046 5616 duo
1098 5568 1371 5632 sequentia
1418 5569 1610 5620 desunt
1662 5570 1712 5621 in
1756 5569 1910 5624 Colh.

343 5631 1006 5704 tut._IIor_um_martyrum
1048 5631 1348 5704 passionem
1382 5638 1671 5704 descripsit
1697 5652 1914 5693 sanctus

342 5699 657 5754 Ambrosius
687 5699 834 5753 initio
861 5699 1000 5753 ilibri
1032 5702 1106 5777 de
1144 5705 1529 5762 Exhottitiune
1568 5699 1913 5777 virginitatis,

341 5785 571 5841 quorum
603 5785 752 5824 saera
781 5785 1000 5827 corpora
1029 5774 1126 5824 sub
1147 5777 1301 5829 altari
1335 5774 1683 5845 deposuerat,
1711 5789 1766 5832 ut
1797 5774 1915 5833 nar-

655 5864 923 5932 l’nnoL.
961 5869 1054 5928 LX
1079 5859 1184 5928 3x.-

1943 4576 1996 4636 D

2016 4668 2098 4716 rat
2123 4658 2378 4714 Paulinus
2406 4656 2461 4710 in
2484 4651 2824 4724 ipsiusVita.
2871 4650 3100 4724 Eosdem
3130 4649 3348 4724 laudant
3375 4658 3594 4724 sanctus

2016 4731 2271 4786 Paulinus
2330 4720 2575 4795 poemate
2611 4723 2680 4776 24
2705 4763 2719 4787 ,
2761 4730 2816 4776 et
2852 4721 2979 4795 alii.
3031 4721 3252 4795 .Iovinus
3309 4720 3592 4786 pra-fectus

2016 4803 2217 4855 militias
2240 4802 2293 4854 in
2316 4788 2520 4862 Galliis,
2549 4804 2660 4849 tum
2682 4792 2888 4854 consul,
2913 4788 3049 4844 liaud
3074 4792 3238 4843 multo
3258 4798 3376 4862 post
3406 4804 3592 4843 eorum

2018 4871 2330 4938 martyrium
2385 4860 2567 4938 Remis
2625 4863 2919 4938 basilicam
2955 4863 3227 4938 insignem
3266 4860 3366 4912 sub
3425 4861 3594 4938 sancti

2017 4930 2276 5009 Agricola:
2316 4937 2529 5009 nomine
2556 4931 2871 5009 construxit,
2908 4930 3100 5009 in__qua
3123 4940 3183 5009 _et
3215 4931 3328 4996 ipse
3354 4931 3595 4997 sepultus

2017 5000 2118 5062 θεῖ.
2147 5009 2417 5074 Hodieque
2448 5005 2689 5058 SUbSIslII.
2731 5014 2918 5074 sancto
2964 5000 3174 5053 Nicasio
3195 5014 3383 5074 sacra_,
3404 5015 3591 5074 __qoat_n

2017 5079 2253 5132 incolunt
2298 5070 2541 5129 monachi
2578 5071 2907 5126 Benedictini
2943 5085 2973 5122 e
3018 5084 3171 5137 cong.
3200 5070 3368 5122 sancti
3401 5070 3589 5123 Mauri.

2090 5146 2118 5184 ἀ
2161 5149 2234 5201 De
2265 5155 2446 5198 sancto
2491 5142 2740 5196 Namacio
2777 5149 2832 5193 et
2877 5140 3100 5194 ecclesia
3147 5142 3307 5190 abeo
3336 5141 3593 5194 aedificata

2023 5218 2310 5285 Gregorius
2344 5215 2433 5270 lib.
2467 5229 2506 5267 ιι
2547 5215 2697 5285 ΙΙὶεδι.Δ
2725 5226 2843 5278 cap.
2878 5210 2965 5285 I6,
2995 5209 3134 5277 quod
3167 5209 3304 5261 vide.
3352 5211 3475 5285 Nate
3506 5227 3594 5285 ee-

2022 5280 2210 5350 clesia,
2238 5285 2560 5339 catbedralis
2587 5282 2826 5345 scilicet,
2861 5281 3035 5351 primo
3074 5287 3376 5351 sanctorum
3410 5280 3596 5334 Vitalis

2024 5369 2077 5412 et
2104 5347 2362 5428 Agricolae
2384 5355 2526 5428 dicta
2551 5365 2653 5417 ρει,
2683 5362 2793 5428 tum
2823 5347 2988 5404 sancti
3019 5347 3290 5428 Laurentii
3308 5389 3322 5412 ,
3354 5365 3416 5403 ac
3443 5351 3596 5428 deni-

2022 5443 2125 5495 que
2149 5418 2352 5482 sancta:
2402 5425 2579 5479 Mariae
2601 5464 2615 5488 ,
2654 5422 2794 5495 quod
2827 5435 3019 5474 nomen
3043 5418 3334 5495 hodieque
3378 5425 3593 5495 retinet.

2028 5489 2159 5552 Vide
2182 5497 2473 5558 Cointinm,
2498 5495 2562 5547 ad
2584 5489 2822 5555 angam,
2853 5505 3000 5543 num.
3031 5489 3083 5540 ὦ.
3113 5491 3204 5540 last
3230 5497 3402 5542 tamen
3428 5494 3596 5545 altera

2025 5568 2149 5622 item
2191 5566 2329 5633 apud
2359 5567 2807 5633 Clarummontein
2842 5561 3311 5633 sanctiJLaurcntii
3341 5562 3594 5633 ecclesia.

2025 5639 2124 5693 Adi
2149 5630 2429 5698 Savarnn.,
2451 5636 2502 5689 in
2528 5635 2621 5687 lib.
2644 5633 2709 5686 de
2736 5630 2986 5682 Ecelesiis
3007 5631 3240 5683 Clarum.
3258 5645 3375 5697 cap.
3407 5633 3426 5683 1
3460 5645 3510 5684 et
3539 5630 3596 5686 5.

2099 5719 2123 5745 ο
2167 5709 2312 5760 Ilunc
2343 5716 2629 5772 martyrem
2662 5703 2842 5754 laudat
2871 5701 3182 5772 Ambrosius
3218 5701 3356 5752 inter
3395 5704 3572 5770 specia

2029 5779 2102 5834 les
2137 5777 2411 5831 Mediolani
2455 5771 2741 5843 patronos,
2784 5772 2916 5825 libro
2948 5787 3016 5825 vn
3049 5773 3099 5825 in
3141 5771 3360 5823 Lucam.
3412 5773 3581 5826 [\arta

3109 5871 3184 5928 2's

3112 5914 3146 5930 ι-

3481 331 3582 384 740
3669 347 3684 354 ’
