4132 6348
601 357 694 414 147

1561 366 1619 422 S.
1661 363 1993 421 GRECORII
2038 360 2339 417 EI‘iSlIOI‘I
2380 360 2814 417 TURONENSIS

3754 370 3895 427 ’ῖιὸ

590 475 921 548 Apollinaris
947 489 1066 531 cum
1090 473 1325 531 Victorio
1354 473 1489 531 duce
1520 485 1545 513 ι
1570 476 1777 531 Italiam
1812 476 1983 546 petiit,
2011 489 2170 545 quem
2203 482 2244 535 Α
2280 472 2551 527 Laurentii
2585 475 2780 541 levitm,
2811 474 2965 545 cujus
2990 488 3150 545 supra
3176 476 3543 549 meminimus,
3567 481 3744 554 ibique
3767 486 3894 541 ad-

597 573 749 626 aiuut
784 569 924 640 apud
963 569 1148 624 urbem
1172 569 1404 623 Romam
1442 569 1782 625 interfectum
1811 568 1860 635 δ,
1893 569 2170 637 Apollina-

592 677 708 719 rem
732 662 922 718 incola:
947 660 1046 715 loci
1071 659 1231 730 quasi
1245 660 1514 729 captivum
1544 661 1862 726 retinebant,
1889 661 2127 716 dicentes
2154 679 2165 713 :

587 756 705 811 Non
737 752 945 808 videbis
988 752 1215 822 patriam
1267 759 1410 805 tuam
1436 792 1451 817 ,
1499 751 1593 806 sed
1639 751 1825 823 dignas
1852 760 1908 806 ut
1955 752 2171 806 satelles

588 857 927 916 tuuspoenas
958 844 1230 899 exsolves.
1261 843 1385 898 llrec
1424 851 1602 899 autem
1634 842 1973 911 comminati,
2006 844 2172 899 misc-

588 947 861 993 runteum
910 937 961 991 in
1009 935 1257 991 exsilium
1301 933 1441 1004 apud
1480 935 1663 989 urbem
1692 933 2163 989 Mediolanenscm.

586 1034 809 1088 Factum
846 1040 941 1086 est
986 1036 1162 1085 autem
1206 1036 1262 1083 ut
1307 1027 1628 1083 adveniente
1657 1028 1948 1084 festivitate
1990 1029 2166 1084 sancti

584 1126 844 1191 Victoris,
874 1123 1317 1179 convenientibus
1342 1122 1574 1191 populis,
1607 1136 1656 1178 et
1685 1123 1769 1178 liic
1792 1123 1982 1193 vigiliis
2012 1125 2169 1178 inter-

564 1217 881 1286 >essct,rsub
914 1215 1078 1270 libera
1111 1216 1253 1270 enim
1281 1215 1523 1269 custodia
1556 1215 1830 1271 absolutus
1862 1217 2168 1271 attendeba-

584 1319 692 1375 tur,
724 1316 1126 1380 prostratusque
1168 1320 1348 1361 coram
1401 1321 1556 1361 sacro
1591 1308 1837 1377 sepulcro
1872 1310 2039 1363 sancti
2070 1307 2161 1362 γε-

578 1402 770 1470 ctoris,
798 1415 918 1457 cum
950 1414 1183 1469 semper,
1212 1409 1322 1453 tum
1358 1400 1655 1469 impensius
1682 1415 1839 1456 orare
1868 1402 2032 1470 caapit
2058 1446 2071 1471 ,
2106 1412 2164 1455 ut

582 1509 707 1550 eum
755 1493 923 1547 virtus
952 1490 1200 1561 Martyris
1240 1490 1309 1545 ab
1341 1490 1441 1545 lioc
1468 1490 1660 1547 exsilio
1708 1491 1975 1547 liberaret.
2008 1494 2162 1547 Circa

566 1586 814 1641 medium
840 1599 969 1638 vero
996 1581 1187 1653 noctis,
1213 1597 1458 1652 egressus
1489 1582 1560 1637 ab
1588 1582 1724 1649 aede,
1751 1584 1951 1638 audivit
1998 1599 2160 1638 unum

580 1679 648 1733 de
669 1678 852 1748 egenis
873 1677 1178 1745 loquentem
1206 1675 1271 1729 ad
1296 1674 1479 1740 alium,
1505 1683 1663 1744 atque
1688 1675 1955 1731 dicentem
1984 1693 1996 1729 :
2021 1675 2160 1741 Quid

576 1780 754 1843 guttas,
787 1786 820 1827 ο
848 1784 1172 1839 compauper
1224 1784 1345 1839 qua:
1372 1770 1542 1822 virtus
1571 1768 1641 1822 sit
1674 1768 1829 1837 liuju;
1866 1769 2162 1841 Martyris?

2276 567 2499 622 mirabili
2532 569 2924 638 pulchritudine
2946 572 3083 626 calix
3113 575 3454 644 crystallinas
3484 586 3509 616 ο
3536 579 3885 639 habebatur.

2283 661 2417 712 Acta
2459 674 2586 715 vero
2624 661 2851 730 quadam
2889 665 3263 732 solemnitate,
3290 666 3417 722 dum
3452 684 3549 738 per
3575 672 3884 731 diaconum

2286 750 2350 804 ad
2383 760 2625 805 sanctum
2650 752 2818 808 altare
2834 752 3138 820 offerretur,
3156 756 3369 826 elapsus
3392 775 3552 815 manu
3587 764 3638 817 in
3666 775 3887 821 tirram

2283 842 2407 906 ruit,
2440 853 2492 896 et
2522 844 2575 896 in
2609 844 2769 898 frusta
2806 846 3163 900 comminatus
3192 857 3294 901 est.
3328 853 3393 903 At
3422 851 3681 908 diaconus
3712 858 3881 925 palli-

2272 932 2371 987 dus
2397 945 2450 989 et
2480 936 2763 1004 exsanguis
2786 978 2800 1000 ,
2830 938 3057 992 collecta
3095 938 3382 1009 diligenter
3426 944 3728 1016 liagtnenta
3767 966 3883 1003 va-

2280 1029 2414 1083 sculi
2465 1043 2631 1097 super
2677 1030 2844 1085 altare
2882 1035 3098 1100 posuit,
3148 1049 3253 1089 non
3293 1035 3499 1093 dillisus
3536 1041 3678 1109 quod
3732 1056 3879 1097 eum

2279 1120 2445 1189 possit
2476 1122 2645 1175 virtus
2679 1121 2921 1190 Martyris
2952 1124 3209 1179 soli-lare.
3242 1127 3481 1199 Denique
3523 1132 3577 1186 in
3615 1133 3823 1203 vigiliis
3855 1176 3874 1197 ,

2274 1212 2541 1283 lacrymis,
2572 1221 2733 1282 atque
2771 1215 3015 1269 oratione
3044 1216 3270 1272 deducta
3318 1231 3473 1275 nocte
3496 1262 3511 1287 ,
3539 1226 3875 1294 requisitum

2272 1304 2491 1359 Calicem
2534 1307 2731 1374 reperit
2771 1321 2934 1374 super
2978 1309 3149 1363 altare
3178 1311 3486 1367 solidatam.
3530 1314 3655 1382 Qua:
3689 1319 3875 1376 \irtns

2268 1410 2390 1451 eum
2424 1400 2633 1468 populis
2662 1401 2901 1453 nuntiata
2935 1400 3138 1465 fuisset,
3175 1412 3315 1458 tanta
3336 1408 3543 1463 animos
3570 1409 3605 1464 d
3628 1413 3875 1470 ‘Vollutte

2267 1488 2568 1553 succendit,
2602 1496 2656 1541 ut
2688 1502 2715 1541 a
2750 1491 3033 1544 sacerdote
3064 1501 3305 1561 peterent
3335 1510 3467 1549 nova
3511 1499 3562 1552 in
3596 1500 3871 1558 honorem

2265 1576 2381 1646 ejus
2430 1578 2536 1633 Dei
2583 1580 2842 1634 solemnia
2906 1582 3383 1658 ce'ebrari.g'l'unc
3432 1591 3665 1657 pontifex
3715 1592 3870 1661 loci,

2266 1685 2528 1739 suspenso
2557 1686 2720 1741 super
2743 1672 2914 1726 altare
2940 1674 3107 1729 calice
3132 1714 3145 1738 ,
3181 1691 3247 1733 cx
3287 1686 3412 1733 tunc
3461 1694 3625 1751 agens
3646 1725 3662 1750 ,
3695 1694 3749 1739 et
3807 1686 3868 1740 iu

2266 1771 2539 1831 posterum
2573 1778 2668 1833 per
2692 1763 2936 1834 singulos
2966 1780 3137 1821 annos
3165 1766 3509 1828 devotissime
3540 1773 3677 1829 festa
3708 1776 3868 1832 insti-

578 1862 778 1918 Verum
805 1860 945 1926 dico,
979 1875 1081 1914 nec
1128 1858 1305 1923 l‘a’llor,
1351 1859 1472 1928 quia
1508 1860 1557 1912 in
1600 1858 1700 1913 liac
1733 1868 1891 1914 nocte
1922 1860 2159 1929 quisquis
2191 1859 2239 1921 B
2269 1855 2366 1910 tuit
2392 1856 2676 1913 celebrari.

576 1953 823 2023 captivus
872 1951 1093 2005 domino
1121 1965 1217 2020 per
1258 1950 1438 2019 fugam
1476 1949 1757 2015 dilabitur,
1789 1951 2063 2006 absolutus
2108 1952 2161 2008 ir:

577 2046 805 2115 patriam
854 2044 1090 2111 accedit,
1138 2059 1237 2099 nec
1266 2058 1486 2113 prorsus
1524 2045 1665 2099 ultra
1707 2046 1991 2113 reperitur.
2037 2045 2160 2102 llaec

574 2134 901 2207 Apollinaris
934 2135 1117 2202 verba,
1152 2135 1301 2205 quasi
1342 2136 1637 2207 auspicium
1669 2153 1731 2193 ev
1764 2139 1852 2194 Dei
1886 2153 2013 2194 nutu
2042 2139 2161 2195 inis-

570 2245 690 2287 sum
738 2230 1028 2301 accipiens,
1060 2230 1251 2285 iterum
1294 2237 1456 2299 atque
1505 2230 1700 2285 iterum
1749 2236 2062 2302 provolutus
2090 2237 2157 2292 ad

569 2325 834 2383 tumulum
886 2323 1134 2396 Martyris
1158 2364 1175 2392 ,
1204 2330 1323 2378 orat
1368 2331 1422 2378 ut
1446 2364 1461 2392 ,
1508 2324 1709 2380 virtute
1740 2325 1859 2396 ejus
1899 2330 2113 2399 adjutus
2138 2374 2153 2400 ,

569 2421 775 2490 absque
803 2418 1187 2489 impedimento
1220 2418 1389 2487 possit
1435 2417 1749 2474 abscedere.
1800 2420 2031 2492 Moxque
2063 2438 2158 2478 v0-

557 2520 693 2567 rcato
722 2523 890 2580 puero
915 2551 929 2576 ,
981 2523 1178 2579 equum
1225 2508 1392 2563 sterni
1440 2512 1692 2579 praecepit
1734 2512 1957 2569 dicens:
1987 2514 2155 2573 llodie

570 2603 882 2659 absolvendi
913 2616 1098 2657 sumus
1126 2616 1154 2655 a
1180 2601 1395 2656 vinculo
1423 2601 1527 2657 isto
1555 2605 1835 2659 custodias.
1870 2606 1934 2661 Et
1964 2622 2153 2664 ascen-

561 2695 763 2751 dentes
793 2694 864 2749 ita
905 2693 1136 2763 Alpiunt'
1157 2692 1284 2764 juga
1315 2694 1689 2764 congcriorum
1715 2706 1736 2735 ο
1768 2697 1977 2767 oppleta
2010 2700 2149 2754 mul-

568 2772 797 2845 titudine
851 2788 1323 2859 pertransierunt,
1392 2797 1551 2859 atque
1616 2790 1915 2846 Arvernum
1961 2794 2149 2862 perlati

564 2880 731 2954 775
785 2888 934 2949 sunt,
980 2878 1179 2934 virtute
1210 2877 1349 2934 beati
1379 2879 1625 2951 Martyris
1672 2892 1968 2950 praeeunte,
2018 2890 2078 2937 ut
2116 2900 2146 2940 a

564 2973 711 3029 nullo
740 2973 1197 3041 interrogarentur
1252 2984 1358 3038 quo
1388 2970 1687 3038 tenderent,
1720 2972 1802 3028 vel
1835 2975 1973 3029 unde
2002 2975 2149 3030 veni-

557 3073 685 3121 rent
710 3081 722 3116 :
750 3063 1197 3132 manifestumque
1227 3068 1313 3117 est
1339 3076 1432 3116 eos
1464 3063 1713 3131 praesidio
1735 3064 1874 3119 beati
1902 3063 2147 3137 Martyris

558 3158 633 3215 ab
658 3158 757 3213 bac
783 3171 1020 3213 :erumna
1051 3155 1215 3211 fuisse
1243 3154 1494 3209 salvatos.

1138 3269 1367 3326 CAPUT
1406 3267 1588 3323 XLVI.

876 3367 955 3422 De
991 3366 1151 3420 calice
1174 3363 1477 3435 crystallina
1512 3370 1796 3419 restaura.‘o

633 3458 898 3516 Estenim
940 3454 968 3494 ά
998 3455 1139 3525 apud
1184 3453 1427 3511 eamdem
1476 3454 1663 3510 urbem
1712 3456 1931 3513 basilica
1972 3460 2142 3516 sancti

561 3591 852 3654 Ennodius.
881 3588 1182 3661 Ticinensis
1226 3587 1425 3642 saeculo
1452 3603 1505 3661 vi
1534 3589 1817 3658 episcopus
1838 3630 1853 3655 ,
1881 3593 2041 3661 epist.
2071 3594 2141 3649 24

558 3666 657 3721 lib.
688 3678 810 3730 vui,
838 3677 897 3719 se
944 3663 1123 3730 ipsum
1153 3660 1206 3715 in
1240 3659 1497 3714 extremis
1524 3671 1772 3729 agentem
1803 3659 1927 3716 oleo
1953 3666 2012 3718 tl.
2050 3666 2141 3719 Vi-

559 3734 731 3792 ctoris
774 3729 1407 3805 pertinetumsanitatem
1452 3729 1709 3805 miraculo
1757 3746 2141 3805 recuperasse,

557 3807 706 3878 quod
732 3801 786 3860 in
813 3804 1179 3878 Eucliaristico
1202 3801 1423 3878 repetit.
1455 3801 1584 3869 Ejus
1608 3804 1847 3873 martyrii
1884 3805 2017 3878 Acta
2048 3801 2144 3860 Ita;

558 3872 776 3941 lientur.
826 3876 923 3931 sed
957 3888 1076 3944 qua:
1126 3874 1267 3944 nulla
1319 3872 1518 3938 pollent
1548 3872 1908 3944 auctoritate.
1942 3876 2143 3933 Medio-

555 3946 660 4003 lani
690 3950 743 4003 in
775 3943 999 4004 ecclesia
1044 3947 1205 3998 sancti
1249 3943 1495 4014 Victoris,
1522 3943 1601 3997 Ad
1626 3958 1809 4014 corpus
1840 3946 1980 4001 dicta
2005 3989 2023 4013 ,
2056 3964 2142 4004 re.

553 4019 823 4089 quiesc’t,
876 4017 927 4070 in
976 4030 1077 4086 qua
1130 4013 1488 4089 Benedictinis
1545 4013 2138 4089 monacliis0livetaui

555 4086 828 4144 substituti
856 4096 982 4141 sunt
1008 4102 1097 4140 an.
1134 4086 1291 4141 l507.
1338 4087 1495 4139 Anno
1520 4094 1696 4139 autem
1728 4086 1865 4139 l576
1894 4090 2137 4155 ejusdem

554 4162 727 4214 sancti
756 4172 948 4227 corpus
977 4172 1008 4211 e
1053 4159 1218 4210 veteri
1255 4156 1307 4209 in
1338 4171 1529 4210 novam
1561 4157 1839 4210 ecclesiam
1870 4161 2140 4215 transtulit

553 4239 773 4285 sanctus
800 4229 1025 4284 Carolus
1051 4227 1402 4281 Borromxcus.
1427 4227 1541 4293 Qua
1572 4227 1638 4281 de
1670 4242 1729 4281 re
1754 4228 1953 4284 videsis
1985 4230 2139 4285 l’uri-

554 4302 760 4423 (ciiiilius?s
873 4297 1235 4381 .Mnnitmentis
1262 4298 1665 4365 Ambrosiauis,
1694 4307 1750 4353 et
1777 4298 2017 4355 Bolland.
2070 4303 2137 4357 ad

614 4386 696 4423 eiu
787 4408 801 4423 .
839 4385 931 4423 au.
1584 4392 1600 4405 -

614 4386 696 4424 CIII
727 4385 760 4422 δ
787 4385 931 4423 mall.
1584 4392 1600 4405 ο

632 4450 658 4476 η
698 4439 1020 4509 Apollinaris
1047 4440 1215 4493 sancti
1248 4439 1573 4504 Apollinaris
1609 4436 1812 4492 Sidonii
1846 4440 1985 4495 illius
2016 4442 2134 4509 luit,

555 4508 627 4583 de
652 4508 1072 4583 quuﬁregorius
1101 4510 1191 4563 lib.
1224 4525 1270 4583 tt
1296 4510 1429 4563 ιιιει.
1457 4524 1575 4577 cap.
1596 4509 1694 4583 #337,
1724 4519 1783 4583 et
1808 4512 1901 4583 lib.
1929 4528 1986 4567 tu
2012 4508 2135 4583 cap.

552 4580 608 4637 2.
647 4582 720 4635 De
753 4580 987 4633 Victmio
1012 4589 1188 4633 autem
1223 4580 1312 4635 lib.
1344 4594 1403 4639 tt,
1434 4595 1552 4647 cap.
1579 4580 1649 4633 20
1674 4592 1728 4633 et
1758 4580 1846 4633 21.

627 4650 652 4690 ι’
680 4651 818 4705 Edtti
847 4659 899 4705 ct
922 4650 1123 4721 aliquot
1148 4650 1363 4716 scripti,
1393 4658 1592 4722 qtto,gttl
1613 4651 1825 4722 aiunt...
1852 4652 2133 4722 interfecto.

628 4733 651 4762 ε
691 4724 781 4778 Sic
838 4723 979 4775 Clar.
1014 4738 1083 4796 Aa.
1133 4726 1203 4775 At
1251 4723 1492 4796 Mart._c_t
1523 4721 1717 4786 Laud.,
1760 4724 1929 4796 juga,
1977 4721 2138 4796 neque

549 4796 770 4848 aliorum
820 4793 1345 4865 congeriorunt,fetc.
1375 4791 1529 4845 (Iulli.
1563 4807 1609 4865 _a
1666 4802 1717 4843 ct
1769 4794 1923 4858 Mum,
1977 4791 2137 4865 neque

550 4867 732 4919 aliam.
768 4861 948 4927 Rom.)
981 4879 1142 4930 neme
1169 4863 1330 4916 alium
1373 4861 1738 4937 conger-ipsum.
1768 4865 1954 4937 rClicn,
1985 4861 2138 4937 atque

550 4938 713 5007 aliam
748 4937 1040 5003 rouyerium
1070 4945 1289 4987 montem
1317 4936 1542 5005 oppleta.
1572 4933 1726 5001 BntI.,
1748 4936 1879 5005 jugo
1906 4933 2134 5007 oppleta.

622 5006 650 5044 ά
692 5007 804 5062 lloc
838 5015 998 5075 caput
1040 5014 1096 5060 et
1120 5014 1348 5077 quatuor
1372 5020 1522 5074 seqq.
1552 5008 1745 5077 desunt
1784 5007 1836 5059 in
1890 5005 2037 5062 Clar.
2073 5027 2133 5077 a;

550 5092 708 5146 supra
738 5088 915 5131 autem
940 5116 956 5143 ,
987 5093 1106 5143 cap.
1138 5076 1207 5128 Η
1231 5114 1249 5142 ,
1279 5085 1458 5130 actum
1489 5086 1569 5146 est
1614 5075 1682 5129 de
1712 5078 1930 5132 basilica
1960 5075 2133 5137 sancti

554 5144 857 5213 Laurentii,
904 5148 996 5202 sed
1038 5148 1175 5215 apud
1222 5147 1463 5199 Briouas.
1507 5144 1659 5199 Unde
1699 5149 1926 5215 conjicio
1969 5154 2132 5206 verba

549 5220 699 5289 Cujus
724 5235 901 5287 supra,
930 5228 1063 5284 etc.,
1104 5217 1400 5273 revocanda
1432 5229 1551 5270 esse
1579 5216 1645 5268 ad
1683 5218 1853 5284 ipsum
1884 5232 2131 5275 sanciunt

551 5292 915 5343 Laurentium.

628 5368 652 5395 ε
691 5359 922 5414 Sanctus
952 5360 1309 5427 Hieronymus
1353 5359 1403 5412 in
1432 5358 1590 5424 epist.
1621 5358 1685 5411 ad
1718 5356 1991 5413 Rusticum
2022 5360 2134 5416 latt-

550 5428 687 5483 daus
716 5441 958 5483 sanctum
1013 5429 1362 5495 Exsuperium
1391 5468 1405 5492 ,
1439 5432 1525 5497 qui
1576 5428 1750 5481 omnia
1805 5433 2131 5498 pauperibus

549 5508 894 5568 erogaverat.
926 5500 999 5554 ait
1023 5516 1037 5553 :
1058 5499 1223 5553 Wiltil
1250 5500 1339 5553 illo
1368 5502 1558 5561 ditius,
1589 5500 1677 5565 qui
1703 5515 1891 5567 corpus
1920 5502 2127 5558 Domini

545 5573 774 5641 canistro
800 5571 1038 5637 viminea,
1066 5571 1363 5641 sanguinem
1391 5580 1559 5639 portat
1587 5570 1653 5641 in,
1672 5571 1816 5621 vitro.

625 5642 639 5710 ξ
687 5640 777 5693 Sic
804 5642 964 5695 etiam
998 5641 1179 5710 incipit
1205 5643 1256 5694 in
1288 5641 1592 5705 Colb..tut.,
1627 5640 1745 5693 licet
1795 5642 2009 5697 omissis
2038 5658 2125 5698 ca-

545 5708 746 5835 nitins
780 5711 967 5775 tribus,
1001 5713 1051 5765 in
1069 5708 1143 5772 eo
1163 5711 1302 5781 quod
1332 5712 1398 5764 ibi
1436 5711 1684 5776 prtccedit
1717 5727 1820 5763 non
1846 5722 2031 5780 agatur
2054 5716 2123 5770 de

603 5780 872 5835 ediolano.
910 5780 985 5834 Ita
1030 5782 1190 5835 etiam
1221 5782 1361 5833 Clar.
1397 5781 1459 5835 b.
1495 5782 1545 5833 iu
1590 5796 1694 5835 auo
1725 5791 1898 5834 tamen
1932 5784 2122 5835 alienis

603 5780 872 5835 ediolano.
910 5780 985 5834 Ita
1030 5780 1193 5837 etiam
1221 5782 1361 5833 Clar.
1397 5781 1459 5844 b,
1495 5782 1545 5833 iu
1590 5796 1694 5849 quo
1725 5791 1898 5834 tamen
1932 5784 2122 5850 aliquis

543 5852 811 5908 teceutior
843 5852 1030 5908 detrita
1063 5852 1223 5921 priori
1274 5852 1500 5906 lectione
1532 5862 1786 5920 reposuzt,
1826 5849 1887 5903 In
1922 5849 2117 5908 Medic»

2165 4618 2222 4685 D

2818 1967 3044 2027 CAPUT
3085 1971 3294 2029 XLVII.

2325 2065 2402 2122 De
2427 2069 2619 2123 sanctis
2648 2067 2892 2125 Geroasio
2920 2082 2969 2126 et
2997 2071 3257 2143 Protasio,
3288 2075 3519 2133 Nazario
3548 2089 3595 2134 et
3623 2080 3791 2137 Celso.

2337 2161 2393 2215 ln
2435 2162 2533 2217 hac
2571 2162 2714 2218 enim
2753 2162 2771 2201 ί
2809 2164 2941 2220 urbe
2970 2166 3244 2222 beatorum
3286 2181 3578 2241 martyrum
3610 2175 3859 2233 Cervasii

2264 2249 2597 2323 Protasiique
2646 2254 2881 2309 victricia
2927 2258 3092 2329 776
3115 2273 3340 2328 corpora
3390 2264 3855 2331 retinenturlAn.

2259 2345 2382 2398 circ.
2416 2344 2484 2401 66
2509 2386 2524 2411 ,
2555 2347 2621 2401 l9
2662 2345 2847 2418 dum),
2879 2364 3000 2419 qua:
3044 2350 3134 2405 diu
3158 2391 3174 2417 ,
3219 2354 3355 2409 sicut
3404 2355 3519 2425 ipsa
3567 2362 3857 2429 passionis

2261 2449 2446 2496 narrat
2472 2440 2693 2496 historia
2720 2451 2769 2509 Β,
2792 2444 2893 2499 sub
2914 2443 3055 2499 fossa
3083 2445 3368 2513 latuerunt,
3398 2464 3519 2520 qua:
3540 2453 3698 2509 beato
3721 2460 3854 2511 Ani-

2259 2532 2446 2588 brosio
2475 2534 2712 2589 revelata
2742 2534 2864 2605 (An.
2894 2534 3026 2607 586)
3044 2573 3060 2602 ,
3092 2545 3254 2606 atque
3282 2539 3349 2594 ab
3374 2542 3566 2598 eodem
3597 2557 3802 2614 reperta
3823 2589 3841 2613 ,

2260 2622 2314 2678 in
2367 2624 2644 2681 basilicam
2692 2641 2853 2696 quam
2905 2628 3019 2696 ipse
3069 2628 3287 2698 protorio
3332 2632 3621 2689 sedilicavit
3663 2639 3847 2692 studio

2254 2718 2488 2773 ostensis
2506 2720 2775 2775 miraculis
2798 2732 2922 2776 sunt
2941 2724 3170 2793 sepulta.
3200 2725 3271 2778 De
3298 2741 3524 2795 quorum
3551 2731 3785 2800 reliquiis
3808 2731 3842 2771 δ

2256 2810 2380 2876 quia
2409 2810 2640 2866 maxime
2671 2810 2935 2869 Turonica
2983 2813 3109 2869 urbs
3147 2816 3388 2872 seniores
3417 2820 3673 2877 ecclesias
3702 2838 3837 2880 con-

2220 2904 2225 2913 '
2255 2902 2385 2957 tinet
2415 2902 2737 2969 illustratas,
2768 2906 2866 2962 sed
2904 2915 2959 2962 et
2995 2922 3089 2976 per
3119 2915 3285 2963 totum
3338 2909 3625 2967 Gallorum
3660 2918 3841 2971 ambi-

2252 3001 2396 3061 tum,
2447 2994 2559 3051 Deo
2603 2997 2854 3067 propitio,
2885 2998 3122 3054 dilatata:
3170 3010 3318 3055 sunt.
3371 3001 3559 3058 Sermo
3599 3007 3836 3074 quadam

2251 3085 2366 3138 vice
2396 3083 2463 3139 de
2494 3084 2574 3138 liis
2604 3088 2920 3155 quibusdam
2964 3089 3231 3160 religiosis
3257 3100 3339 3145 est
3368 3090 3595 3159 habitus,
3624 3095 3706 3151 vel
3728 3112 3840 3166 qua

2250 3177 2317 3231 de
2344 3190 2505 3233 causa
2554 3180 2841 3234 antedictm
2889 3180 3127 3250 reliquia‘:
3173 3188 3280 3235 tam
3311 3184 3586 3239 condense
3632 3185 3835 3242 fuerint

2164 3242 2221 3307 (ἶ
2253 3285 2348 3340 per
2377 3270 2494 3325 loca
2524 3270 2731 3339 singula
2758 3242 3077 3325 distributa}.
3109 3272 3176 3326 Et
3213 3288 3331 3342 qua:
3361 3289 3531 3344 super
3561 3276 3673 3343 liis,
3703 3293 3838 3348 quo-

2252 3363 2373 3417 dam
2406 3361 2694 3430 referente,
2723 3362 2930 3426 audivi,
2964 3361 3254 3417 absurdum
3298 3378 3403 3418 non
3456 3369 3635 3434 putavi
3684 3370 3833 3424 ἱιιδε-

2246 3468 2370 3510 rere
2398 3454 2610 3510 lectioni
2632 3496 2647 3521 ,
2678 3454 2799 3526 quia
2847 3470 2953 3510 non
2986 3456 3330 3511 continentur
3370 3456 3426 3513 in
3459 3457 3681 3515 historia
3714 3477 3836 3532 pas-

2248 3590 2467 3646 laneusi.
2499 3589 2634 3644 Editi
2652 3630 2668 3654 ,
2706 3588 2772 3643 hi
2800 3588 2897 3642 hac
2926 3589 3099 3643 etiam.

2322 3672 2347 3708 κ
2385 3661 2675 3717 Historiam
2710 3660 2975 3730 passionis
3002 3669 3309 3716 sanctorum
3337 3661 3579 3717 Gervasii
3619 3673 3671 3719 et
3700 3665 3835 3720 Pro-

2250 3733 2370 3788 tasii
2418 3733 2620 3786 nullam
2667 3732 2913 3785 novimus
2954 3743 3149 3800 praeter
3188 3734 3465 3800 epistolam
3512 3733 3615 3789 sub
3660 3739 3834 3793 sancti

2247 3804 2515 3858 Ambrosii
2544 3803 2756 3857 nomine
2786 3803 2849 3856 ad
2880 3800 3039 3856 Italiae
3065 3803 3368 3871 cpiscOpos,
3402 3805 3697 3859 Ambrosius
3726 3824 3833 3860 ser-

2244 3889 2332 3927 vus
2358 3886 2631 3935 servorum,
2664 3882 2793 3936 etc.,
2825 3872 2918 3928 sed
2945 3887 3064 3941 qua
3101 3875 3437 3941 supposititia
3464 3884 3569 3940 est,
3601 3875 3833 3946 ideoque

2243 3960 2275 4001 a
2308 3946 2524 4009 nostris,
2551 3957 2672 3999 cum
2714 3952 2904 4005 antea,
2939 3958 3164 3997 numero
3201 3946 3271 3998 53
3295 3983 3311 4009 ,
3344 3958 3738 4011 recenseretur,
3773 3954 3829 4002 iu

2245 4016 2597 4085 appendicem
2629 4014 2844 4080 rcjecta.
2879 4014 3076 4069 Eorum
3111 4029 3239 4068 vero
3264 4014 3583 4070 inventionis
3607 4033 3637 4070 a
3662 4032 3722 4072 sc
3752 4019 3831 4072 la-

2245 4100 2369 4153 etae,
2399 4096 2453 4139 et
2484 4085 2843 4139 translationis
2878 4086 3151 4139 liismriam
3187 4088 3412 4151 ipsemet
3454 4096 3671 4140 sanctus
3700 4093 3830 4142 Atu-

2244 4157 2456 4211 br0sius
2504 4158 2740 4211 narravit
2774 4158 2930 4225 rpist.
2962 4153 3031 4207 54
3070 4156 3134 4207 ad
3183 4155 3542 4210 Mareellinam
3581 4172 3826 4213 sororem

2243 4242 2567 4297 suam,,qu:e
2590 4228 2642 4280 in
2676 4242 2811 4281 nova
2855 4227 3092 4281 editione
3114 4236 3198 4280 est
3226 4227 3313 4280 22.
3354 4229 3573 4282 \idendi
3615 4245 3832 4297 quiique

2245 4313 2306 4351 ea
2335 4303 2402 4353 de
2432 4314 2488 4351 re
2520 4298 2773 4352 Paulinus
2805 4301 2853 4350 in
2900 4298 3018 4352 Vita
3064 4299 3232 4351 sancti
3274 4298 3580 4361 Ambrosii,
3609 4310 3829 4354 sanctus

2243 4370 2591 4437 Augustinus,
2629 4370 2718 4422 tib.
2750 4384 2857 4422 xxii
2895 4369 2960 4421 de
2991 4368 3214 4423 Civitate
3247 4367 3334 4422 Dei
3364 4383 3480 4435 cup.
3505 4369 3599 4436 9.8,
3630 4382 3683 4423 et
3731 4371 3823 4424 lib.

2243 4456 2294 4493 ιχ
2324 4439 2567 4493 Conless.
2600 4455 2717 4508 cap.
2752 4440 2803 4491 7.
2850 4438 2925 4493 De
2970 4439 3279 4493 eorumdem
3312 4440 3549 4508 reliquiis
3582 4456 3675 4508 per
3706 4445 3824 4494 uni-

2241 4526 2453 4565 versum
2504 4507 2675 4564 fertile
2725 4510 2911 4564 orbem
2975 4511 3341 4574 transmissis,
3384 4507 3439 4564 et
3485 4510 3552 4563 de
3586 4507 3823 4565 diversis

2247 4582 2515 4635 IIIIraCHIIS
2564 4596 2681 4650 qua)
2729 4596 2822 4649 per
2867 4595 2958 4634 eas
3004 4583 3276 4648 contigere
3310 4623 3322 4641 ,
3368 4591 3563 4647 DI‘LI'ICI'
3605 4583 3819 4635 eosdem

2245 4663 2491 4706 auctores
2523 4694 2537 4717 ,
2581 4654 2845 4720 scripsere
2900 4663 3113 4704 SaltClus
3168 4651 3417 4704 Paulinus
3459 4651 3606 4705 Nola:
3654 4657 3818 4719 episc.

2245 4723 2407 4790 epist.
2445 4722 2527 4785 l2,
2561 4733 2775 4775 sanctus
2804 4722 3154 4785 Gaudentius,
3187 4730 3241 4775 et
3279 4722 3389 4774 alii.
3426 4720 3572 4775 Passi
3596 4726 3824 4776 credun-

2246 4801 2331 4846 tur
2358 4792 2457 4845 sub
2498 4792 2723 4846 Neronis
2761 4794 3159 4857 perser'utione;
3187 4800 3238 4844 at
3286 4792 3483 4845 detecti
3530 4804 3654 4845 sunt
3684 4810 3823 4847 anno

2244 4864 2371 4925 586,
2419 4879 2542 4917 cum
2593 4864 2877 4917 Mcdiolmi
2926 4864 3154 4917 ferveret
3200 4862 3426 4916 .Illsllllll:
3469 4863 3722 4933 Augusta:
3769 4874 3821 4919 et

2243 4935 2564 4990 Arianorum
2619 4936 2874 4988 adversus
2904 4944 3143 4987 sanctum
3179 4933 3519 4987 Ambrosium
3574 4948 3821 5001 [ersecu—

2244 5010 2335 5069 tio,
2371 5007 2457 5058 die
2490 5005 2552 5057 Π
2582 5003 2724 5058 Junii
2758 5022 2769 5056 :
2798 5006 2883 5057 die
2914 5020 3038 5058 vero
3074 5003 3136 5055 Ill
3162 5008 3261 5056 sub
3302 5005 3504 5072 majore
3530 5006 3684 5057 altari
3730 5005 3819 5059 bu.

2241 5079 2408 5131 SIIIC‘J.‘
2440 5075 2808 5132 Ambrosiam:
2838 5076 3062 5140 depositi
3096 5074 3324 5127 luerunt.

2313 5144 2340 5183 ιι
2372 5146 2594 5200 Videtur
2620 5147 2704 5199 IlIC
2736 5147 2881 5199 locus
2915 5145 3251 5198 librariorum
3301 5160 3485 5198 errore
3510 5154 3814 5213 corruptus,

2237 5233 2394 5286 quem
2425 5227 2598 5270 tamen
2626 5231 2727 5284 ope
2754 5215 2879 5269 Mss.
2909 5230 3099 5268 sanare
3125 5231 3228 5286 non
3258 5215 3425 5269 licuit.
3456 5216 3694 5269 Indicare
3720 5218 3817 5269 for-

2237 5298 2374 5341 sntan
2408 5290 2507 5339 \UII
2540 5288 2859 5356 principales
2883 5285 3214 5341 Turonensis
3245 5286 3388 5337 urbis
3412 5286 3669 5356 ecclesias
3698 5300 3818 5339 rall-

2236 5370 2442 5413 Ctorutn
2476 5355 2716 5411 Gervasii
2746 5367 2800 5410 et
2831 5356 3057 5411 Protasii
3085 5356 3324 5421 reliquiis
3373 5355 3537 5409 tuisse
3582 5356 3612 5407 il
3640 5367 3816 5408 nstru-

2239 5439 2339 5493 tas,
2371 5443 2476 5498 quo
2510 5429 2724 5482 nomine
2771 5425 3284 5498 deslgltat'clgtltlbﬂ
3318 5430 3501 5493 procul
3531 5433 3813 5498 cci-testam

2237 5496 2601 5553 catliedralem
2633 5509 2686 5553 et
2732 5510 2902 5552 sancti
2953 5496 3164 5551 Martini
3211 5498 3505 5550 basilicam.
3556 5496 3684 5551 Ν.ιιη
3729 5498 3812 5551 τίς

2235 5585 2454 5638 usquam
2482 5571 2720 5623 invenies
2751 5569 2961 5621 senioris
2996 5568 3221 5621 ecclesiis
3253 5582 3466 5621 nomine
3506 5572 3639 5621 alias
3666 5585 3695 5619 ει
3727 5584 3816 5621 ia-

2234 5637 2559 5693 tlicdralibus
2607 5642 2744 5709 apud
2778 5638 3105 5709 Gregorium
3137 5638 3362 5693 dooatas
3412 5637 3597 5692 fzisse.
3618 5707 3629 5709 _
3653 5639 3817 5692 Paulo

2233 5712 2455 5765 inferius
2489 5711 2625 5765 Editi
2646 5707 2708 5764 ‘ct
2736 5707 2924 5765 unines
2950 5710 3059 5763 fere
3089 5708 3309 5775 Scripti,
3347 5719 3569 5775 excepto
3596 5707 3817 5762 Co'ber-

2233 5792 2341 5836 ιιιιυ
2371 5789 2493 5844 tut.,
2528 5782 2720 5835 habent
2747 5822 2762 5849 ,
2812 5781 3043 5851 rein/uite
3074 5790 3175 5834 tant
3215 5779 3537 5833 condensata
3573 5782 3765 5847 {uermt
3794 5819 3811 5845 ,

2230 5870 2318 5921 ρει·
2347 5854 2478 5917 lora,
2513 5863 2614 5907 CiC.
