4132 6348
379 398 477 455 Ηυ

1189 385 1685 447 MIRACULORUII
1736 381 1861 438 LIB.
1894 378 1938 429 1.
1984 374 2068 428 DIC
2110 374 2363 429 GLORIA
2406 370 2807 429 MARTYRUM.

3523 364 3627 420 750

377 517 558 573 sionis.
591 515 780 571 Aiebat
819 515 959 569 enim
990 510 1131 583 quod
1164 513 1377 580 quando
1409 508 1523 563 hinc
1559 505 1788 576 gloriosa
1818 517 1933 557 cor-
1965 494 1996 551 Α

2078 490 2254 544 ,ἰηωὶς
2284 488 2418 541 ordo
2461 486 2717 548 contulit,
2760 493 2821 538 ut
2860 481 3191 538 Brivatensis
3230 480 3347 551 pagi
3378 480 3539 534 situm
3571 480 3624 535 in

379 624 499 679 pora
533 608 783 663 translata
834 607 886 661 in
929 604 1210 660 ecclesiam
1257 602 1398 657 illam
1441 600 1684 664 fuerunt,
1724 597 1849 651 dum
1890 595 1943 649 itt

380 701 639 754 honorem
690 698 929 767 ipsorum
997 706 1287 765 martyrum
1344 693 1624 746 missarum
1692 686 1947 742 solemnia

379 790 798 853 celebrarentur,
831 788 1087 843 cecidisse
1133 802 1164 841 e
1202 799 1412 840 camera
1439 781 1529 855 [Id
1572 792 1676 845 est,
1725 775 1950 848 fornice]

380 880 609 936 tabulam
641 894 825 945 unam,
858 894 976 949 qua:
1006 878 1139 933 illisa
1168 877 1432 946 capitibus
1461 877 1749 944 Martyrum
1780 873 1951 928 rivum

381 971 653 1041 sanguinis
682 970 946 1024 elicuerit.
998 968 1071 1024 De
1116 985 1222 1039 quo
1272 969 1465 1023 infecta
1498 965 1801 1021 linteamina
1828 1007 1844 1030 ,
1872 964 1957 1020 vel

382 1060 612 1129 pallulze,
646 1060 759 1115 sive
790 1060 904 1115 vela
946 1059 1335 1123 ecclesiastica,
1376 1058 1567 1112 beatus
1605 1070 1765 1110 cruor
1794 1053 1959 1109 colle-

384 1162 502 1206 ctus
530 1159 649 1206 est:
674 1151 759 1220 qui
808 1166 975 1222 usque
1018 1151 1153 1207 adeo
1180 1150 1501 1205 conﬂuxisse
1538 1146 1730 1215 fertur,
1760 1144 1963 1215 quoad-

386 1258 553 1313 usque
583 1242 912 1309 linteamina,
947 1244 1034 1314 qui
1066 1245 1422 1313 susciperent,
1459 1251 1584 1297 sunt
1612 1253 1846 1310 reperta.
1880 1241 1958 1295 Ex

388 1337 490 1391 hoc
532 1336 673 1391 enim
716 1351 899 1391 eorum
942 1336 1178 1404 reliquiae
1220 1335 1417 1389 affatim
1454 1334 1691 1388 collecta:
1724 1349 1817 1403 per
1845 1334 1964 1387 uni-

388 1440 600 1483 Versam
634 1430 833 1484 Italiam
865 1431 944 1484 vel
973 1430 1170 1486 Gallias
1193 1440 1318 1485 sunt
1346 1430 1558 1486 delatm.
1591 1432 1664 1484 Ex
1696 1431 1886 1498 quibus
1913 1438 1966 1485 et

390 1533 607 1578 sanctus
637 1522 889 1577 Martinus
932 1525 1099 1578 multa
1131 1524 1407 1594 suscepit,
1439 1524 1577 1579 sicut
1608 1523 1812 1578 Paulini
1842 1523 1962 1578 bea-

392 1614 582 1670 tissimi
614 1624 795 1670 narrat
821 1615 1045 1685 epistola
1073 1625 1121 1670 α.

464 1705 542 1761 De
566 1702 595 1745 ι)
629 1707 796 1760 sancti
824 1722 950 1761 vero
977 1706 1183 1762 Nazarii
1232 1722 1294 1763 ac
1331 1705 1473 1763 Celsi
1520 1707 1670 1777 pueri
1702 1706 1924 1762 artubus
1950 1747 1965 1773 ,

395 1811 529 1865 quos
559 1798 697 1866 apud
748 1798 1181 1854 Ebredunensem
1231 1799 1524 1856 Galliarum
1555 1801 1740 1856 urbem
1782 1814 1968 1869 passos

396 1887 553 1953 lectio
576 1890 886 1945 certaminis
918 1892 1281 1962 narrat(An...
1308 1891 1373 1945 l9.
1400 1891 1576 1969 lum),
1610 1893 1720 1961 ipsa
1747 1906 1969 1959 corpora

395 1991 449 2036 et
480 1982 551 2035 ita
581 1982 743 2049 clam,
778 1992 995 2052 propter
1017 1998 1340 2053 paganorum
1374 1982 1779 2048 insecutiouem,
1811 1984 1969 2054 777

395 2072 603 2139 sepulta
631 2082 784 2133 sunt.
820 2080 877 2126 ut
910 2074 961 2127 ltt
1008 2083 1246 2142 tempora
1286 2083 1531 2128 secutura
1574 2074 1830 2129 oblivioni
1878 2074 1973 2129 da-

397 2170 605 2216 rentur.
648 2161 868 2218 Referre
903 2172 1016 2217 erat
1057 2163 1247 2218 solitus
1275 2164 1354 2217 vir
1384 2163 1492 2230 ille,
1534 2163 1624 2233 qui
1675 2164 1742 2219 de
1783 2178 1975 2233 supra-

398 2253 555 2307 dictis
584 2254 782 2309 sanctis
831 2270 949 2324 quae
979 2255 1182 2324 praefati
1214 2255 1407 2310 fuimus
1454 2257 1761 2323 enarravit,
1793 2266 1971 2311 natam

401 2344 420 2397 f
428 2343 569 2399 uisse
596 2358 757 2415 super
785 2346 896 2400 haec
925 2346 1163 2416 sepulcra
1192 2348 1365 2415 pirum
1400 2347 1675 2415 arborem,
1705 2360 1757 2403 et
1786 2346 1977 2404 fecisse

400 2436 681 2504 quemdam
712 2454 995 2507 pauperem
1030 2438 1298 2494 hortulum
1341 2441 1392 2494 in
1425 2438 1525 2495 hoc
1555 2440 1695 2507 loco,
1722 2441 1811 2511 qui
1844 2439 1979 2498 hanc

403 2528 650 2581 arborem
680 2530 1051 2584 concludebat.
1092 2529 1289 2584 Verum
1334 2545 1453 2584 cum
1484 2546 1638 2599 poma
1677 2532 1826 2599 juxta
1864 2546 1979 2586 mo-

407 2632 521 2673 rem
560 2627 795 2687 tempore
835 2619 1017 2675 debito
1044 2620 1227 2689 ferret,
1269 2624 1571 2692 quicunque
1600 2622 1790 2677 exinde
1831 2624 1981 2677 infir-

403 2722 545 2774 mus,
576 2707 809 2777 qualibet
833 2709 1150 2777 argritudine
1176 2712 1440 2776 detentus,
1470 2726 1685 2781 pomum
1711 2712 1981 2768 mordicus

406 2798 785 2868 decerpsisset,
812 2816 960 2868 mox,
993 2802 1161 2857 ablata
1193 2802 1518 2869 infirmitate,
1549 2804 1979 2874 convalescebat;

404 2890 547 2945 unde
597 2905 842 2959 magnum
890 2903 1148 2962 qumstum
1194 2910 1393 2965 pauper
1439 2896 1527 2951 ille
1583 2896 1829 2952 habebat.
1878 2898 2007 2955 Sed°

413 2997 537 3037 cum
566 2997 627 3038 se
654 2984 956 3041 revelantes
994 2985 1267 3057 Martyres,
1302 2987 1545 3042 arborem
1590 2988 1752 3044 incidi
1787 2988 1983 3058 jussis-

408 3082 551 3138 sent,
584 3090 784 3144 pauper
812 3077 901 3132 ille
932 3078 983 3131 iu
1016 3079 1221 3146 magnis
1252 3078 1463 3134 fletibus
1493 3095 1872 3150 prorumpens,
1906 3084 1985 3137 in-

410 3166 516 3221 cidi
543 3167 788 3223 arborem
822 3183 927 3223 non
952 3168 1182 3225 sinebat.
1213 3170 1329 3237 Quo
1359 3179 1585 3235 remoto,
1609 3173 1811 3227 succisa
1845 3173 1981 3242 piro,

413 3258 633 3313 basilica
663 3260 803 3315 miro
832 3276 997 3331 opere
1026 3260 1283 3314 ardilicata
1314 3270 1427 3328 est,
1455 3261 1505 3315 in
1538 3262 1687 3333 cujus
1717 3264 1875 3318 etiam
1907 3265 1985 3320 al-

415 3350 518 3405 tari
559 3351 698 3405 beati
746 3351 963 3407 chesii
1011 3353 1336 3407 Arelatensis
1386 3356 1632 3425 martyris
1666 3354 1760 3424 (V.
1805 3358 1981 3429 infra,

416 3456 531 3511 mp.
563 3441 653 3512 68)
689 3443 930 3514 reliquia:
974 3456 1318 3499 venerantur.
1360 3445 1633 3516 Tantaque
1673 3464 1873 3518 pauper
1899 3450 1986 3505 ille

417 3533 523 3587 fide
570 3535 825 3602 prmlatus
849 3544 969 3599 est,
1003 3544 1061 3589 ut
1107 3537 1460 3591 sacerdotium
1509 3538 1561 3592 in
1607 3538 1706 3594 hac
1752 3538 1985 3596 Ecclesia

416 3624 668 3694 deinceps
701 3638 1112 3695 promereretur.

957 3736 1183 3792 CAPUT
1225 3739 1453 3795 XLVIII.

904 3850 983 3904 De
1009 3864 1182 3906 saneto
1204 3854 1487 3907 Saturnino

487 3962 806 4018 Saturninus
835 3974 857 4002 ε
891 3978 1017 4017 vero
1046 3976 1267 4034 martyr,
1304 3972 1361 4017 ut
1389 3966 1578 4032 fertur,
1614 3967 1681 4021 ab
1718 3969 1989 4037 apostolo-

419 4071 535 4108 rum
567 4051 592 4090 ἀ
621 4054 896 4123 discipulis
928 4055 1223 4118 ordinatus,
1256 4055 1307 4108 in
1338 4056 1525 4111 urbem
1554 4057 1882 4112 Tolosatium
1911 4072 1993 4115 est

417 4146 653 4200 directus
684 4144 833 4215 (Patr
862 4163 951 4199 an.
982 4145 1119 4211 9.50,
1142 4144 1211 4198 29
1237 4144 1422 4212 Nam).
1446 4147 1546 4213 Qui
1577 4149 1805 4217 impulsu
1835 4164 1990 4218 paga-

421 4253 637 4303 norum,
672 4240 822 4293 bovis
852 4240 1047 4307 petulci
1077 4239 1333 4309 religatus
1359 4241 1592 4308 \‘(Baligils
1614 4257 1759 4325 “per
1798 4245 1992 4312 gradus

418 4330 663 4398 Capitolii
690 4332 1066 4399 praecipitatus,
1093 4342 1409 4399 praesentem
1440 4331 1609 4385 finivit
1638 4334 1820 4398 vitam,
1844 4337 1992 4403 capi—

419 4424 488 4475 tis
518 4438 773 4493 compage
813 4425 1076 4493 dispersa.
1100 4425 1261 4491 Cujus
1292 4426 1528 4494 reliquim
1558 4442 1678 4481 cum
1718 4444 1746 4481 a
1777 4430 1993 4497 quibus-

419 4511 541 4566 dam
587 4513 853 4584 religiosis
883 4516 937 4568 in
965 4516 1237 4586 regionem
1278 4516 1505 4571 alteram
1548 4518 1988 4593 transferrentur,

492 4702 520 4762 ει
559 4692 634 4749 De
656 4692 754 4747 hac
773 4692 995 4761 epistola
1022 4692 1142 4747 vide
1173 4692 1307 4747 llist.
1340 4692 1433 4746 lib.
1462 4709 1495 4746 ι
1521 4708 1640 4762 cap.
1670 4694 1761 4761 5|,
1794 4712 1848 4751 n.
1878 4698 1933 4752 5.

489 4761 521 4800 δ
541 4764 670 4829 Qum
698 4777 990 4830 sequuntur
1011 4764 1110 4817 sub
1138 4764 1240 4817 alio
1267 4765 1456 4832 capitis
1483 4761 1633 4819 titulo
1663 4766 1711 4820 in
1745 4783 1876 4821 mss.
1902 4771 1989 4823 ha-

421 4833 636 4896 bentur,
664 4834 884 4887 ornuino
908 4850 1033 4888 vero
1058 4835 1251 4887 desunt
1277 4836 1328 4888 itt
1361 4836 1503 4888 Clar.
1537 4836 1589 4889 b.
1634 4835 1909 4893 Nazirium
1936 4851 1992 4894 et

419 4903 653 4976 Celsum,
687 4907 772 4976 qui
798 4903 894 4976 hic
921 4920 949 4956 a
996 4905 1251 4972 Gregorio
1280 4906 1417 4972 apud
1455 4905 1797 4960 Ebrodunum
1847 4912 1989 4976 passi

418 4974 689 5042 dicuntur.
724 4974 808 5025 alii
852 4989 957 5025 non
983 4988 1102 5025 esse
1132 4976 1397 5042 plerisque
1440 4975 1684 5029 videntur
1714 4978 1780 5029 ah
1813 4974 1875 5031 iis
1901 4981 1989 5042 qui

421 5041 703 5095 Mediolani
730 5042 1039 5107 martyrium
1072 5041 1471 5097 consummasse
1498 5046 1745 5098 dicuntur
1765 5048 1864 5099 sub
1895 5047 1993 5100 Ne-

421 5123 576 5164 rone.
607 5109 712 5162 Eos
743 5117 921 5162 tamen
950 5112 1064 5161 Anio
1088 5112 1282 5179 aliique
1322 5115 1562 5168 diversos
1590 5129 1711 5169 esse
1734 5118 1991 5169 sentiunt.

421 5179 663 5235 Celebris
690 5180 925 5247 priorum
970 5180 1067 5232 fuit
1096 5182 1291 5235 smculo
1314 5198 1345 5234 ν
1374 5184 1629 5236 memoria
1656 5224 1670 5245 ,
1704 5186 1773 5238 ob
1812 5200 1992 5241 sacras

422 5265 609 5305 eorum
638 5248 887 5318 reliquias
911 5263 941 5303 a
987 5260 1171 5303 sancto
1199 5252 1483 5305 Ambrosio
1509 5268 1597 5304 au.
1628 5255 1731 5307 395
1773 5266 1863 5308 aut
1908 5271 1994 5310 se-

423 5321 605 5385 quenti
650 5320 912 5385 inventas,
959 5328 1015 5373 ut
1040 5319 1227 5374 scribit
1269 5322 1521 5374 Paulinus
1561 5324 1611 5374 in
1658 5322 1823 5390 ipsius
1851 5325 1990 5379 Vita.

425 5390 638 5458 Aliquid
670 5406 797 5445 vero
827 5391 894 5445 de
933 5390 1092 5445 rebus
1132 5404 1319 5446 eorum
1364 5392 1529 5460 gestis
1557 5404 1776 5447 narrant
1820 5396 1998 5449 Euno-

423 5459 546 5513 dius
570 5460 738 5529 episc.
764 5461 1066 5517 Ticinensis
1108 5463 1306 5516 swculo
1335 5459 1386 5514 vi
1415 5471 1469 5514 ct
1515 5467 1766 5529 antiquus
1809 5479 1998 5520 auctor

423 5530 524 5583 sub
555 5531 772 5584 nomine
815 5532 983 5586 sancti
1026 5531 1295 5586 Ambrosii
1324 5533 1480 5600 vulgo
1517 5532 1713 5585 editus.
1763 5535 1816 5587 In
1850 5538 1997 5590 Actis

423 5613 610 5678 eorum
634 5600 859 5668 vulgatis
881 5602 1136 5678 Nazariﬂus
1164 5604 1443 5678 Ebrodnui
1461 5604 1844 5678 Cbristifidem
1872 5622 2000 5672 pra:-

424 5668 633 5740 dieassc
664 5682 1009 5725 memoratur.
1054 5672 1315 5726 Cmtcrutu
1346 5675 1554 5740 utrique
1583 5713 1597 5734 ,
1642 5676 1753 5728 sive
1796 5668 1997 5729 diversi

425 5738 553 5803 sint,
585 5742 696 5794 sive
728 5740 911 5803 iidem,
943 5742 1032 5793 die
1064 5742 1130 5795 12
1171 5744 1312 5797 Junii
1340 5738 1479 5810 apud
1523 5743 1764 5797 Adonem
1801 5762 2002 5799 mento-

428 5817 631 5874 rantur;
655 5825 761 5880 quo
782 5812 868 5865 die
893 5812 1321 5882 Martyrologium
1351 5815 1644 5868 liotttanuttt
1673 5814 1831 5870 alium
1876 5818 1999 5871 item

2048 580 2289 635 Arverno
2319 577 2585 633 territorio
2612 575 2899 630 terminum
2939 568 3293 642 praeterirent.
3329 570 3457 627 Sole
3494 584 3633 642 quot-

2049 684 2153 740 que
2177 678 2393 733 ruente,
2424 668 2489 722 ad
2521 666 2807 734 h05pitium
2851 664 3123 733 cujusdam
3174 661 3419 731 pauperis
3448 661 3627 715 diver-

2052 770 2211 827 tunt,
2266 759 2558 814 mansionis
2609 757 2923 827 postulando
2970 755 3362 809 necessitatem.
3414 751 3633 820 Recrpti

2054 866 2266 923 quoque
2294 852 2361 906 ab
2392 850 2606 904 homine
2632 890 2646 915 ,
2676 849 2801 919 quid
2833 848 3121 903 exhibeant
3166 854 3409 900 narrant.
3447 846 3518 899 At
3546 845 3637 898 ille

2058 943 2400 1000 humanitatis
2428 942 2616 997 intuitu
2638 984 2651 1007 ,
2680 950 2733 996 et
2762 941 2852 995 Dei
2897 940 3085 994 timore
3125 938 3481 992 commonitus
3502 976 3519 1002 ,
3546 950 3639 992 ca-

2059 1048 2209 1105 psam
2229 1047 2350 1089 cum
2373 1030 2609 1102 reliquiis
2632 1031 2684 1085 in
2700 1029 2886 1086 cellam
2907 1028 3174 1098 penariam
3200 1026 3367 1099 ponit,
3386 1039 3449 1082 ac
3474 1039 3638 1094 super

2061 1142 2349 1193 annonam,
2378 1140 2496 1195 qua:
2525 1125 2717 1180 eratin
2741 1138 2866 1180 vase
2886 1123 3118 1189 condita,
3144 1123 3302 1177 locat.
3326 1120 3480 1176 Mane
3501 1134 3640 1190 quo-

2064 1234 2170 1289 que
2197 1219 2353 1287 dato,
2377 1217 2512 1284 viri,
2541 1217 2777 1287 acceptis
2807 1216 3119 1286 pignoribus
3138 1257 3153 1282 ,
3181 1215 3383 1285 gratias
3425 1223 3644 1284 agentes
3686 1260 3691 1265 .

2068 1311 2293 1376 homini,
2315 1312 2423 1366 iter
2442 1310 2607 1383 778
2633 1309 3071 1381 quodcmperant
3099 1308 3361 1362 abierunt.
3387 1305 3643 1377 Sequenti

2068 1420 2195 1461 vero
2226 1413 2381 1461 nocte
2408 1405 2724 1459 admonetur
2747 1402 2828 1458 vir
2854 1403 2964 1471 ille,
2994 1416 3086 1472 per
3109 1401 3280 1456 visum
3305 1400 3517 1455 dicente
3540 1399 3644 1453 sibi

2069 1495 2296 1565 quodam
2325 1510 2491 1552 sene:
2522 1494 2602 1550 Ne
2630 1508 2846 1549 maneas
2877 1494 2929 1548 in
2974 1492 3076 1548 hoc
3103 1492 3251 1555 loco;
3286 1490 3647 1545 sanctificatus

2072 1594 2154 1642 est
2183 1587 2327 1642 enim
2371 1600 2402 1639 a
2432 1584 2743 1655 pignoribus
2772 1584 3024 1654 martyris
3052 1582 3346 1640 Saturnini.
3389 1579 3485 1636 Ille
3518 1595 3648 1651 quoc

2072 1694 2177 1749 quc
2224 1678 2613 1749 parvipendens
2647 1678 2906 1732 visionem
2927 1717 2942 1743 ,
2971 1674 3103 1730 nihil
3134 1675 3200 1730 de
3243 1673 3356 1739 his,
3400 1680 3461 1728 ut
3491 1673 3649 1727 habet

2074 1770 2378 1834 rusticitas,
2421 1783 2541 1839 quae
2576 1769 2879 1823 admonitus
2934 1768 3103 1822 fuerat
3155 1765 3491 1821 retractavit.
3543 1763 3651 1819 Nec

2009 1865 2050 1924 Β
2078 1876 2225 1916 mora
2251 1901 2265 1927 ,
2310 1860 2467 1915 irruit
2496 1860 2547 1915 in
2582 1859 2793 1914 tmdium
2819 1900 2834 1925 ,
2866 1874 2927 1914 ac
2958 1858 3195 1928 parvitas
3228 1854 3495 1912 facultatis
3536 1855 3652 1926 ejus

2072 1956 2233 2023 erepit
2267 1952 2521 2022 paulatim
2565 1950 2770 2015 minui,
2802 1964 2936 2005 uxor
2964 1964 3093 2005 vero
3132 1949 3275 2003 illius
3304 1947 3371 2002 ab
3399 1947 3507 2002 alio
3535 1947 3653 2001 lan-

2073 2060 2239 2117 guore
2284 2045 2579 2100 tabescere.
2612 2037 2749 2111 Quid
2792 2043 2981 2112 plura?
3009 2041 3143 2096 infra
3170 2056 3334 2095 unum
3365 2054 3565 2094 annum
3597 2038 3650 2093 in

2077 2144 2275 2192 tantam
2306 2136 2555 2192 redactus
2575 2143 2657 2190 est
2684 2134 3025 2205 exiguitatem
3048 2174 3063 2199 ,
3089 2141 3146 2187 ut
3176 2131 3306 2187 nihil
3346 2131 3396 2186 ei
3427 2132 3568 2186 unde
3588 2130 3658 2186 ali

2075 2242 2167 2285 aut
2213 2230 2578 2301 tegiaposset,
2623 2230 2761 2284 sicut
2807 2227 3034 2282 humana
3064 2226 3306 2297 deposcit
3332 2226 3659 2291 necessitas,

2076 2331 2400 2381 remaneret.
2432 2322 2673 2378 Tandem
2704 2336 2999 2377 conversus
3021 2322 3086 2375 ad
3109 2335 3187 2387 se,
3212 2319 3346 2375 dixit
3372 2320 3437 2374 ad
3466 2318 3660 2390 conju-

2076 2428 2196 2485 gcm
2222 2432 2235 2467 :
2271 2413 2493 2469 Peccavi
2524 2427 2703 2468 coram
2733 2412 2841 2467 Deo
2866 2420 2921 2467 et
2948 2410 3146 2467 sanctis
3171 2409 3310 2481 ejus,
3337 2410 3427 2479 qui
3456 2409 3524 2464 ab
3556 2409 3658 2465 hoc

2078 2505 2389 2576 bospitiolo,
2413 2506 2551 2561 sicut
2572 2519 2692 2559 sum
2721 2503 3049 2571 admonitus,
3078 2517 3183 2557 non
3205 2501 3425 2557 recessi.
3458 2501 3525 2556 Et
3548 2501 3660 2556 scio

2079 2599 2223 2668 quod
2252 2598 2323 2654 ob
2352 2597 2453 2653 hoc
2489 2596 2640 2653 nobis
2683 2595 2820 2650 mala
2863 2609 2982 2665 qun
3027 2593 3261 2663 patimur
3290 2602 3662 2648 accesserunt.

2080 2691 2233 2746 tiunc
2258 2699 2435 2746 autem
2464 2702 2749 2760 pareamus
2771 2684 2963 2741 visioni
3004 2700 3162 2754 quam
3199 2683 3431 2739 vidimus
3453 2727 3467 2750 ,
3496 2692 3548 2737 ct
3578 2699 3661 2738 re—

2083 2798 2392 2841 moveamus
2417 2782 2517 2837 hoc
2548 2778 2891 2849 hospitiolum
2918 2793 2948 2831 a
2979 2777 3098 2832 loco
3127 2777 3248 2841 isto,
3274 2784 3331 2830 ut
3358 2774 3659 2829 salvemur.

2080 2878 2230 2933 Tunc
2259 2886 2436 2932 amoto
2466 2874 2692 2943 tagurio,
2727 2870 3021 2926 oratorium
3051 2884 3116 2924 ex
3149 2867 3341 2938 ligneis
3371 2866 3659 2921 formatum

2084 2970 2279 3026 tabulis
2309 2968 2619 3030 collocavit;
2672 2964 2723 3018 in
2768 2978 2875 3032 quo
2925 2961 3162 3032 quotidie
3205 2960 3502 3015 orationem
3542 2957 3664 3015 fun-

2084 3061 2249 3126 dens,
2282 3073 2437 3129 opem
2481 3056 2620 3113 beati
2662 3052 2910 3126 Martyris
2955 3050 3525 3123 flagitabat."l‘andem
3547 3065 3664 3105 ces-

2086 3150 2332 3207 santibus
2364 3147 2556 3219 plagis,
2582 3146 2784 3216 aptauti
2816 3158 3004 3199 manus
3035 3141 3101 3200 ad
3129 3157 3346 3213 operam
3376 3149 3521 3197 tanta
3545 3141 3660 3197 fru-

2088 3254 2265 3298 ctuum
2283 3238 2659 3310 consequentia
2683 3237 2799 3303 fuit,
2821 3246 2877 3291 ut
2900 3236 2950 3291 in
2974 3235 3183 3291 modico
3209 3235 3464 3304 temporis
3486 3237 3662 3304 spatio

2086 3334 2313 3403 amplius
2367 3346 2526 3403 quam
2583 3329 2931 3395 perdiderat,
2992 3338 3287 3398 repararet.
3344 3326 3469 3381 Ilmc
3528 3326 3664 3381 infra

2088 3434 2329 3481 nostrum
2378 3422 2699 3478 territorium
2730 3433 2875 3492 gesta
2913 3430 3056 3477 sunt.
3090 3419 3195 3475 Sed
3228 3435 3327 3474 nee
3358 3419 3459 3475 hoc
3492 3420 3663 3474 silebo

2087 3517 2153 3572 ad
2178 3513 2630 3585 comprimendam
2660 3513 2922 3568 malorum
2950 3510 3253 3578 superbiam
3282 3552 3295 3574 ,
3324 3509 3466 3580 quod
3515 3510 3667 3565 Plato

2088 3609 2325 3679 quidam,
2371 3605 2668 3662 Cblotltarii
2718 3605 2858 3675 regis
2891 3614 3161 3673 tempore,
3203 3605 3269 3657 ad
3316 3603 3662 3658 Pauliacense

2089 3700 2471 3759 monasterium
2495 3698 2776 3767 accedens,
2804 3701 2856 3752 in
2878 3698 3029 3765 cujus
3051 3697 3286 3751 oratorio
3310 3695 3466 3765 hujus
3492 3700 3662 3750 sancti

2090 3795 2327 3863 reliquim
2357 3795 2726 3855 continentur;
2758 3796 2809 3843 et
2836 3804 2932 3859 pro
2964 3803 3028 3843 eo
3055 3786 3197 3854 quod
3228 3800 3417 3839 munus
3445 3786 3661 3855 aliquod

2091 3886 2159 3940 ab
2188 3885 2379 3939 abbate
2421 3899 2529 3937 non
2570 3881 2899 3950 accepisset,
2932 3879 3140 3933 dixisse
3187 3877 3353 3931 fertur
3381 3892 3397 3931 :
3430 3876 3541 3946 Ego
3586 3877 3665 3931 fa-

2092 3977 2226 4031 ciam
2256 3974 2322 4029 de
2353 3974 2451 4027 hac
2478 3971 2703 4027 ecclesia
2725 3970 2942 4023 domum
2975 3968 3137 4038 regis,
3173 3968 3225 4021 in
3251 3967 3405 4035 cujus
3434 3981 3540 4021 uno
3563 3981 3663 4020 ano

2091 4065 2216 4134 gulo
2243 4064 2452 4132 equites
2481 4062 2587 4133 [ΑΙ.
2629 4060 2751 4129 equi
2790 4056 2925 4129 ejus]
2958 4058 3186 4111 alantur.
3234 4057 3299 4110 Et
3338 4073 3457 4110 cum
3491 4056 3671 4111 furore

2093 4155 2289 4210 discedi
2314 4170 2407 4218 ns,
2436 4154 2559 4208 dum
2589 4151 2654 4205 ad
2687 4151 2980 4220 principem
3024 4149 3173 4204 abire
3203 4148 3476 4217 disponit,
3517 4163 3669 4204 com-

2096 4251 2391 4319 prehensus
2424 4260 2450 4298 a
2498 4244 2678 4304 febre,
2720 4242 2808 4296 die
2847 4241 3015 4300 tertia
3062 4240 3307 4309 spiritum
3350 4240 3666 4295 exhalavit:

2030 4402 2031 4405 η
2094 4335 2529 4401 descendensque
2566 4330 2821 4385 velociter
2862 4327 2936 4383 ad
2977 4328 3242 4382 infernum
3265 4371 3278 4393 ,
3313 4327 3532 4381 domum
3564 4327 3660 4382 Dei

2095 4426 2309 4494 reliquit
2352 4424 2417 4478 ad
2447 4422 2643 4478 cultum
2671 4418 2785 4489 ejus
2831 4417 2984 4487 cujus
3036 4417 3186 4488 prius
3236 4417 3409 4473 fuerat
3454 4420 3673 4475 nomine

2095 4530 2349 4576 00115001⁸8
2360 4523 2428 4568 ta.

2021 4706 2070 4766 ι)
2096 4698 2376 4753 Nazarinm
2420 4700 2846 4757 commemorat,
2878 4691 3329 4747 Mediolanensem
3377 4704 3504 4746 vero
3546 4703 3667 4745 cum

2093 4772 2250 4827 Celso
2284 4769 2348 4821 l2
2372 4766 2520 4822 Julii.

2170 4851 2192 4878 ε
2226 4842 2381 4894 Deest
2426 4839 2525 4891 hoc
2562 4845 2721 4905 caput
2763 4834 2815 4888 in
2857 4831 3011 4888 Colb.
3044 4840 3168 4899 tut.,
3202 4832 3256 4886 in
3295 4829 3437 4885 Clar.
3476 4830 3511 4885 b
3541 4844 3669 4885 vero

2096 4926 2216 4965 cum
2242 4909 2451 4962 duobus
2481 4921 2636 4974 seqq.
2850 4973 2855 4974 γ
3093 4972 3101 4974 Α
3281 4956 3296 4961 -

2169 4976 2196 5015 ά
2228 4980 2283 5031 Si
2314 4994 2379 5031 eo
2409 4968 2623 5029 nomine
2652 4973 2928 5041 apostolos
2949 4972 3337 5040 vereintelligit
3359 4968 3670 5037 Gregorius,

2101 5049 2346 5101 dissentit
2375 5061 2405 5099 a
2434 5060 2492 5097 se
2534 5045 2653 5110 ipso
2682 5048 2734 5095 in
2764 5043 2854 5096 lib.
2882 5058 2897 5093 ι
2928 5042 3066 5095 llist.
3114 5056 3234 5109 cap.
3280 5041 3349 5093 50
3369 5081 3384 5105 ,
3437 5041 3527 5093 ubi
3554 5080 3569 5104 ,
3604 5054 3677 5093 ex

2102 5118 2383 5184 ipsiusmet
2411 5114 2682 5184 Saturnini
2715 5113 2884 5178 Actis,
2906 5111 3025 5184 ejus
3054 5111 3305 5165 Tolosani
3336 5110 3677 5184 episcopatus

2097 5178 2305 5243 initium
2342 5184 2490 5237 Decio
2515 5193 2561 5236 et
2588 5181 2752 5236 Grato
2781 5178 3012 5242 δοκι,Ίά
3056 5191 3139 5236 est
3167 5195 3309 5235 anno
3337 5178 3443 5235 250
3461 5222 3474 5244 ,
3499 5180 3677 5235 cousi-

2096 5265 2244 5327 guat.
2270 5256 2399 5327 Erat
2423 5254 2561 5307 forte
2586 5254 2693 5327 iam
2724 5260 2873 5327 tunc,
2917 5260 2976 5305 ut
3015 5251 3184 5327 hodie
3221 5259 3505 5327 superest,
3533 5252 3674 5327 vulgi

2100 5321 2316 5383 traditio
2345 5333 2589 5379 sanctunt
2613 5323 2960 5377 Saturninum
2990 5322 3057 5375 ab
3086 5322 3216 5391 ipsis
3243 5322 3500 5391 apostolis
3530 5321 3678 5375 ordi-

2101 5408 2284 5452 natum
2317 5396 2479 5449 fuisse
2501 5394 2834 5462 episcopum,
2864 5402 2918 5448 et
2942 5392 2993 5446 in
3020 5392 3220 5446 Gallias
3249 5395 3494 5462 missum,
3518 5408 3676 5461 quam

2105 5471 2189 5523 hic
2220 5475 2433 5521 secutus
2463 5461 2851 5532 esth‘cgoritts
2876 5480 2889 5526 ;
2915 5477 3212 5531 quanquam
3245 5462 3360 5532 ejus
3382 5461 3535 5529 Acta,
3558 5477 3678 5531 qua:

2105 5542 2313 5592 sincera
2343 5552 2465 5590 esse
2491 5536 2883 5596 existimamus,
2918 5533 3057 5586 aliud
3086 5533 3336 5588 habeant.
3369 5532 3500 5586 Vide
3540 5537 3672 5587 Acta

2108 5609 2260 5662 Mart.
2292 5609 2501 5662 sincera
2526 5647 2540 5669 ,
2577 5620 2693 5674 pag.
2730 5604 2831 5658 109
2855 5648 2870 5668 ,
2903 5606 2992 5659 ubi
3034 5604 3183 5669 plura
3230 5604 3297 5657 de
3347 5603 3449 5657 hoc
3494 5615 3681 5657 sancto

2109 5678 2347 5735 antistite
2396 5678 2813 5730 observavimus.
2854 5676 2980 5741 Ejus
3005 5675 3315 5744 martyrium
3360 5674 3680 5743 Apollinaris

2110 5749 2383 5803 Sidonius.
2412 5747 2565 5799 lih.tx
2592 5747 2745 5813 epist.
2776 5745 2861 5809 16,
2886 5758 2935 5799 et
2968 5746 3309 5811 Fortunatus,
3336 5746 3423 5799 lib.
3454 5762 3487 5798 tt
3510 5761 3677 5799 catut.

2114 5820 2165 5884 ὃ,
2197 5820 2429 5871 cc'elnai
2446 5828 2559 5870 unt.
