4072 6346
512 341 609 398 ’.51
1386 368 1389 373 »
1479 326 1535 383 S.
1577 318 1904 382 GRECORJI
1948 317 2102 374 EPlSA

2206 314 2246 371 ‘l
2278 308 2709 371 TUIlONENSlS

2122 444 2173 501 Α

1082 460 1305 520 CAPUT
1347 457 1535 517 XLIX.

644 608 824 663 Passio
846 612 892 659 et
923 602 1127 655 nomina
1150 599 1494 670 quadraginta
1520 602 1631 650 orto
1656 602 1959 663 martyrum.

577 743 744 816 779
771 738 1132 806 Quadraginta
1165 748 1293 788 vero
1321 742 1442 787 octo
1472 739 1764 799 martyrum
1790 735 1814 761 ι
1850 722 2088 787 nomina,

511 814 609 904 qui
627 833 765 903 apud
789 830 1106 899 Lugdunum
1133 825 1273 894 passi
1301 824 1547 878 dicuntur
1577 823 1699 889 (An.
1730 814 2090 881 l77,‘2Jun.),

516 929 628 981 haec
657 931 782 978 sunt
808 940 821 975 :
858 921 1094 982 Vectius,
1132 918 1399 986 Epagatns
1420 958 1434 980 ,
1469 912 1780 971 Zacharias,
1808 904 2090 966 Macarius,

510 1015 833 1079 Alcibiades,
867 1012 1083 1074 Silvius,
1116 1010 1344 1072 Primus,
1378 1005 1563 1073 lllpius
1588 1003 1693 1072 [ΑΙ.
1730 995 1962 1067 Alpius],
1998 996 2089 1049 \‘i-

510 1108 663 1173 talis,
685 1104 1049 1166 Comminius,
1096 1100 1358 1159 Oetnber,
1400 1094 1761 1157 Philominus,
1788 1089 2047 1144 Geminus
2075 1128 2089 1152 ,

510 1200 643 1255 Jdlia
662 1237 679 1264 ,
710 1197 930 1261 Albina,
958 1194 1121 1250 Grata
1144 1233 1157 1255 ,
1182 1187 1399 1245 Emilia
1420 1228 1434 1252 ,
1474 1182 1855 1239 POstltutniana
1882 1221 1894 1243 ,
1936 1180 2093 1232 Putn-

511 1291 627 1357 |eia
652 1330 667 1354 ,
694 1288 949 1348 Bodone,
976 1282 1140 1337 Biblis
1164 1323 1178 1346 ,
1210 1280 1407 1347 Quar‘a
1426 1322 1439 1347 ,
1474 1276 1730 1337 Materna,
1774 1270 2054 1340 Eipenipsa
2074 1308 2091 1333 ,

511 1383 738 1439 Stamas.
773 1379 833 1433 Ili
881 1386 1057 1431 autem
1112 1373 1294 1439 bestiis
1345 1369 1524 1423 traditi
1571 1374 1732 1429 sunt,
1775 1364 2006 1418 Sanctus
2038 1369 2093 1414 et

510 1472 776 1535 Maturus,
826 1466 1151 1531 Alexander,
1202 1462 1490 1525 Ponticus,
1535 1458 1814 1512 Blaudina.
1859 1454 1922 1508 lli
1968 1461 2095 1508 sunt

511 1565 595 1637 qui
626 1566 678 1619 in
706 1576 924 1619 carcere
956 1560 1200 1628 spiritum
1236 1553 1593 1610 redd.dcrunt
1619 1569 1632 1603 :
1665 1549 1920 1604 Aruseius
1941 1587 1957 1614 ,
1989 1546 2093 1599 Fo-

511 1660 682 1722 tinns,
723 1652 1033 1713 Cornelius,
1083 1648 1354 1710 Zotimus,
1379 1645 1531 1699 Titus
1555 1684 1570 1707 ,
1602 1642 1848 1704 Zoticus,
1881 1637 2091 1703 Julius,

512 1748 730 1806 Aimilia
756 1745 784 1784 δ
803 1786 818 1810 ,
848 1742 1091 1798 Gatunite
1112 1786 1125 1809 ,
1180 1740 1431 1808 Pompeia
1453 1777 1469 1802 ,
1514 1734 1742 1789 Alumna
1760 1774 1773 1799 ,
1826 1728 2052 1785 Mamilia
2076 1769 2092 1794 ,

511 1844 683 1908 Justa,
713 1839 954 1905 Triﬁme,
986 1836 1237 1903 Antonia,
1271 1842 1326 1889 et
1354 1836 1541 1887 beatus
1571 1830 1798 1885 Folinus
1827 1838 1849 1866 ο
1880 1827 2091 1891 episco-
2128 1825 2170 1883 B

512 1950 634 2003 pus.
662 1933 898 2000 Quorum
929 1937 1114 1984 sancta
1144 1940 1370 1991 corpora
1392 1923 1556 1992 judex
1586 1920 1799 1990 iniquus
1824 1917 1928 1988 igni
1956 1914 2091 1970 tradi

514 2025 799 2094 praecepit,
830 2020 1175 2088 exustisque,
1209 2017 1261 2071 in
1290 2013 1609 2069 Rhodanum
1641 2012 1890 2083 pulveres
1930 2008 2093 2077 jussit

514 2114 709 2185 spargi.
737 2112 842 2170 Sed
868 2120 1143 2181 postquam
1172 2105 1287 2160 lucc
1314 2114 1461 2175 gesta
1483 2112 1627 2167 sunt,
1653 2116 1774 2156 cunt
1797 2098 2091 2155 Chrisdaui

515 2220 800 2261 maerorem
850 2201 1139 2259 maximum
1194 2197 1492 2259 baberent,
1548 2194 1701 2264 quasi
1756 2192 2096 2260 depcrissent

517 2301 686 2354 beam
716 2293 953 2365 reliquie
978 2335 992 2358 ,
1022 2298 1177 2347 nocte
1208 2296 1568 2359 apparuerunt
1595 2285 1722 2339 viris
1752 2282 1998 2337 lidclibus
2038 2280 2093 2335 in

516 2406 581 2447 eo
612 2389 761 2455 loco,
792 2401 898 2457 quo
930 2383 1033 2452 igni
1074 2380 1252 2437 traditi
1285 2391 1439 2443 sunt,
1474 2385 1679 2431 stantes
1714 2372 1905 2442 integri
1938 2385 2001 2425 ac
2032 2370 2097 2425 il-

517 2479 650 2535 laesi.
701 2477 767 2531 Et
805 2468 1051 2530 conversi
1103 2471 1167 2524 ad
1218 2469 1361 2523 viros
1399 2467 1649 2521 dixerunt
1679 2464 1803 2519 eis:
1840 2462 2096 2531 Reliquiae

517 2582 713 2627 ucstra:
742 2568 810 2623 ab
840 2568 941 2621 hoc
976 2563 1292 2634 colligantur
1328 2561 1479 2623 loco,
1507 2557 1627 2627 quia
1659 2556 1839 2611 nullus
1880 2554 2036 2623 periit
2066 2565 2097 2606 a

518 2663 690 2721 nobis.
711 2663 787 2717 Ex
810 2661 909 2716 hoc
927 2659 1072 2714 enim
1096 2654 1333 2712 translati
1363 2667 1551 2709 smnus
1571 2651 1637 2707 ad
1657 2649 1915 2722 requiem,
1936 2662 2098 2719 quam

518 2756 674 2811 nobis
699 2751 942 2824 promisit
983 2764 1079 2804 rex
1109 2749 1367 2804 castorum
1391 2744 1656 2811 Christus,
1690 2756 1787 2812 pro
1813 2744 1965 2811 cujus
1996 2754 2092 2795 no-

518 2848 660 2904 mine
686 2845 830 2917 passi
855 2857 1058 2898 sumus.
1095 2840 1220 2896 llaec
1245 2841 1611 2895 renuntiantes
1638 2835 1736 2891 viri
1768 2834 1843 2889 illi
1879 2831 2099 2902 reliquis

517 2934 854 3000 tLhristianis,
882 2934 1083 3004 gratias
1108 2939 1333 2999 egerunt
1365 2929 1474 2983 Deo
1499 2969 1513 2992 ,
1558 2936 1612 2982 et
1650 2925 1934 2982 confortati
1972 2933 2099 2979 sunt

519 3032 571 3083 in
606 3027 729 3092 fide,
756 3026 1175 3095 colligentesqne
1195 3021 1356 3091 780
1380 3032 1562 3073 sacros
1589 3018 1798 3075 cineres
1818 3057 1834 3083 ,
1864 3015 2099 3070 aedifica-

522 3129 717 3175 verunt
744 3116 1016 3173 basilicam
1042 3114 1189 3168 mira:
1220 3111 1599 3181 magnitudinis
1628 3110 1680 3163 in
1710 3124 1896 3165 eorum
1922 3109 2096 3162 hono—

3694 302 3819 363 752

2823 421 3049 479 CAPUT
3077 421 3137 478 1..

2412 515 2488 570 De
2508 523 2682 571 sancto
2708 513 2917 582 Fotino,
2952 516 3283 585 Lugduncnn
3310 531 3567 586 episcOpa.

2275 610 2437 679 igitur
2471 619 2497 646 (⁷
2524 610 2780 680 martyrio
2818 619 3221 664 consmumatus
3252 610 3519 680 gloriosus
3564 610 3814 666 Fotinus

2193 702 2511 771 epist-Opus,
2545 701 2635 769 qui
2676 699 3016 771 Lugdunensi
3069 700 3279 768 prrcfuit
3325 701 3443 755 urbi
3492 704 3808 766 sacerdos,

2196 808 2290 862 per
2317 792 2629 848 certaminis
2670 791 2868 847 nobilis
2916 792 3166 847 meritum
3219 793 3463 848 invectus
3509 803 3595 848 est
3651 795 3812 849 curio

2195 886 2317 953 (An.
2356 883 2479 949 177,
2508 886 2543 936 2
2572 883 2748 952 Jun.).
2780 884 2877 939 Cui
2900 894 2953 939 et
2985 885 3176 940 merito
3206 894 3261 941 et
3287 886 3574 940 sanctitate
3596 887 3809 941 condi-

2194 991 2329 1041 gnus
2353 975 2587 1029 lrenarus
2619 974 2636 1011 τ
2674 973 2935 1029 ειιοςρδείι
2958 977 3264 1045 episeopus,
3283 991 3378 1044 per
3402 976 3732 1046 martyrium
3754 986 3810 1029 ct

2194 1068 2306 1136 ipse
2331 1068 2509 1122 finitus
2539 1070 2663 1139 (An.
2690 1067 2818 1133 203,
2838 1067 2907 1121 9.8
2935 1064 3113 1138 Jun).
3137 1068 3231 1122 llic
3259 1069 3309 1123 in
3332 1078 3520 1139 crypta
3550 1070 3805 1123 basilirm

2196 1158 2333 1213 beati
2358 1160 2575 1214 Joannis
2592 1160 2689 1214 sub
2704 1161 2854 1213 altari
2875 1170 2958 1214 est
2980 1158 3242 1228 sepultus.
3264 1158 3328 1212 Et
3360 1159 3426 1213 ab
3444 1175 3549 1213 uno
3566 1159 3804 1229 quidem

2194 1249 2364 1303 latere
2384 1250 2803 1319 Epipodius(An.
2833 1249 2952 1316 1'78,
2976 1247 3045 1302 29.
3068 1244 3425 1319 et24.4pril.),
3449 1249 3514 1301 ab
3535 1248 3647 1302 alio
3668 1262 3805 1302 vero

2199 1339 2550 1394 Alexander!
2573 1350 2776 1408 martyr
2814 1349 2897 1395 est
2932 1341 3247 1394 tumulatus.
3299 1340 3375 1394 De
3413 1356 3643 1410 quorum
3681 1354 3803 1393 mo-

2196 1433 2464 1486 numentis
2491 1432 2533 1487 si
2574 1432 2745 1502 pulvis
2772 1447 2891 1486 cum
2918 1432 3020 1487 fide
3042 1431 3345 1502 colligitur,
3370 1433 3646 1500 extemplo
3682 1446 3801 1485 tne-

2193 1522 2351 1576 detur
2372 1522 2613 1576 infirutis.
2644 1522 2827 1591 Magna
2849 1522 2989 1577 enim
3009 1522 3222 1576 claritas
3252 1523 3306 1576 in
3333 1528 3515 1595 crypta
3547 1520 3637 1575 illa
3662 1533 3800 1575 con-

2195 1614 2415 1678 tinetur,
2447 1628 2586 1683 qum,
2620 1620 2676 1665 ut
2702 1611 2887 1673 credo,
2923 1614 3170 1667 meritum
3200 1612 3491 1683 Martyrum
3521 1614 3728 1683 signat.

2810 1722 3036 1780 CAPUT
3074 1723 3162 1780 Ll.

2546 1812 2621 1869 De
2650 1813 2907 1886 Benigno,
2938 1826 3163 1887 martyre
3190 1818 3435 1888 glorioso.

2268 1908 2535 1977 Benignus
2564 1907 2587 1945 δ
2622 1918 2800 1963 autem
2852 1908 3108 1965 domin'ei
3150 1910 3383 1965 nominis
3427 1910 3608 1975 teatis,
3641 1907 3790 1980 apud

2196 2002 2520 2057 Divionense
2544 2012 2777 2058 castrum
2822 2003 3077 2073 martyrio
3114 2011 3517 2058 consummatus
3540 2012 3625 2057 est
3654 2005 3785 2072 (An.

2196 2094 2319 2162 178,
2352 2097 2375 2151 1
2410 2094 2593 2166 Natu).
2622 2096 2688 2149 Et
2714 2095 2833 2164 quia
2857 2092 2911 2150 in
2936 2110 3128 2166 magno
3145 2095 3475 2167 sarcophago
3498 2106 3619 2166 post
3641 2112 3789 2149 utar-

2196 2188 2391 2257 tyrium
2421 2187 2670 2243 conditus
2701 2184 2814 2253 fuit,
2850 2190 3107 2257 putabant
3132 2189 3301 2244 nostri
3326 2189 3583 2258 temporis
3606 2189 3789 2243 homi-

2196 2293 2312 2343 nes,
2328 2286 2382 2333 et
2398 2277 2697 2348 praesertim
2719 2278 2903 2333 beatus
2920 2279 3081 2350 781
3099 2274 3389 2349 Gregorius
3417 2280 3711 2350 episcopus
3739 2277 3784 2345 ‘,

2197 2369 2268 2423 ibi
2290 2368 2520 2438 aliquem
2544 2370 2777 2439 positum
2798 2368 2959 2425 fuisse
2985 2369 3263 2441 gentilem.
3281 2368 3414 2424 Nam
3447 2370 3633 2425 rustici
3657 2380 3784 2425 vota

2197 2460 2328 2516 inibi
2369 2460 2764 2527 dissolvebant,
2789 2468 2845 2516 et
2875 2476 2994 2531 quae
3022 2462 3275 2531 petebant
3304 2461 3563 2517 velociter
3608 2462 3781 2531 impeo

2200 2552 2431 2607 trahant.
2462 2550 2543 2606 Ad
2574 2552 2675 2607 hoc
2703 2565 2830 2622 ergo
2860 2552 3002 2607 Beati
3035 2552 3343 2622 sepulcrum
3370 2552 3618 2622 quidam,
3650 2553 3780 2607 dum

2197 2643 2392 2699 exinde
2421 2643 2583 2697 multa
2616 2643 2874 2699 beneﬁcia
2912 2645 3248 2714 perciperet,
3294 2658 3513 2699 cereum
3552 2642 3776 2709 detulit;

2199 2751 2304 2806 quo
2333 2750 2580 2806 accenso,
2612 2736 2832 2791 domum
2866 2736 3045 2792 rediit.
3070 2736 3329 2791 Puerulus
3350 2737 3492 2792 enim
3525 2736 3781 2807 parvulus

2200 2830 2317 2909 haec
2342 2830 2655 2892 observans,
2694 2829 2785 2884 illo
2808 2829 3058 2896 abeante,
3092 2830 3373 2885 descendit
3401 2831 3466 2885 ad
3497 2832 3778 2897 tumulum,

2202 2931 2260 2977 ut
2285 2922 2559 2977 ardentem
2578 2936 2791 2977 cereum
2807 2923 3171 2992 exstingueret
3195 2931 3250 2976 et
3277 2924 3524 2978 auferret.
3544 2924 3657 2990 Quo
3684 2925 3777 2979 de-

2202 3013 2512 3081 scendente,
2526 3028 2656 3069 ecce
2668 3028 2890 3084 serpens
2906 3016 3056 3068 mira:
3081 3014 3456 3084 magnitudinis
3466 3014 3530 3068 de
3540 3014 3639 3068 alia
3654 3028 3778 3084 par-

2206 3113 2258 3159 te
2280 3105 2496 3160 vcniens
2514 3145 2528 3169 ,
2553 3118 2770 3160 cereum
2794 3104 3181 3173 circumcingit.
3220 3105 3361 3160 Puer
3384 3114 3559 3159 autem
3590 3105 3781 3159 timens

518 3224 655 3267 rem.
687 3208 754 3264 Et
783 3206 1110 3277 sepelierunt
1137 3203 1293 3260 beata
1327 3202 1545 3272 pignora
1568 3200 1670 3256 sub
1691 3208 1879 3255 sancto
1904 3199 2094 3267 altari,
2127 3203 2174 3267 ο
2205 3212 2416 3251 sursum
2444 3197 2638 3261 rediit,
2670 3206 2723 3252 et
2753 3196 2835 3251 bis
2864 3205 2955 3252 aut
2996 3196 3152 3251 tertio
3178 3210 3392 3252 cereum
3429 3196 3638 3251 auferre
3668 3205 3783 3255 ten-

519 3303 607 3358 ubi
636 3316 695 3357 se
723 3312 937 3367 semper
966 3296 1250 3352 virtutibus
1280 3292 1575 3348 manifestis
1619 3307 1737 3347 cum
1790 3292 1900 3348 Deo
1949 3292 2102 3347 babi-

520 3404 634 3449 tare
664 3391 1104 3448 declaraveram.
1150 3388 1322 3443 Locus
1366 3397 1545 3441 autem
1588 3387 1678 3441 ille
1724 3388 1775 3441 in
1816 3401 1924 3456 quo
1959 3386 2101 3456 passi

522 3494 670 3553 sunt,
703 3486 973 3539 Athanaco
996 3479 1023 3518 ά
1056 3464 1297 3545 vocatur,
1330 3479 1557 3549 ideoque
1578 3488 1632 3535 ct
1658 3480 1757 3551 ipsi
1782 3488 2045 3551 martyres
2069 3494 2100 3537 a

524 3578 842 3651 quibusdam
873 3585 1130 3636 vocantur
1160 3573 1562 3630 Athanaccnses

603 3836 630 3866 ι
661 3825 727 3883 Ili
751 3833 920 3882 sancti
946 3836 1095 3881 tuere
1138 3830 1439 3893 martyrum
1476 3818 1870 3893 hallicanorum
1910 3818 2101 3893 primi-

526 3898 614 3953 tiae
637 3940 654 3963 ,
678 3896 725 3954 si
754 3913 875 3953 vera
903 3898 976 3952 sit
1011 3893 1224 3951 Eusebii
1250 3935 1264 3956 ,
1283 3891 1516 3961 Sulpicii
1548 3891 1729 3947 Severi
1774 3900 1829 3946 et
1874 3891 2100 3946 aliorum

524 3980 767 4024 veterum
790 3966 1053 4023 sententia
1074 4007 1090 4031 ,
1115 3967 1202 4035 qui
1227 3964 1510 4035 occasione
1550 3964 1770 4035 istorum
1810 3970 2101 4035 martyrum

526 4038 956 4111 Lugdunensium
984 4032 1359 4111 asserttnt‘sub
1383 4034 1569 4111 Marco
1593 4033 1811 4111 Aurelio
1839 4032 1969 4111 imp.
1996 4035 2107 4101 pri-

526 4102 667 4164 tnuin
718 4111 828 4163 visa
871 4123 995 4162 esse
1034 4109 1086 4161 in
1129 4106 1314 4161 Galliis
1353 4104 1626 4175 martyria.
1664 4102 1884 4173 Egregia
1918 4118 2098 4157 eorum

526 4181 816 4236 certamina
847 4179 1109 4246 descripta
1139 4187 1263 4228 sunt
1294 4177 1343 4244 (a
1375 4173 1561 4227 saneto
1587 4173 1807 4237 Irenaeo,
1834 4182 1888 4246 ut
1918 4182 2104 4241 putant

526 4251 627 4306 viri
652 4248 870 4316 eruditi)
890 4251 943 4303 in
961 4244 1185 4316 cpistola
1214 4246 1430 4298 nomine
1449 4245 1799 4316 ecclesiarum
1832 4244 2102 4297 Viennen-

528 4322 605 4375 sis
634 4331 688 4377 et
716 4314 1102 4389 Lugdunensis,
1132 4316 1327 4383 seripta
1376 4316 1441 4369 ad
1488 4314 1723 4389 Phryges
1750 4324 1812 4389 et
1838 4316 2101 4389 Asianos,

531 4397 687 4457 quam
733 4384 887 4443 nubis
933 4389 1051 4457 fere
1095 4388 1349 4457 integram
1396 4389 1627 4439 servavit
1660 4384 1918 4457 Eusebius
1949 4384 2039 4457 lib.
2072 4401 2103 4438 v

531 4454 1008 4526 l'list.eccles.cap.
1035 4456 1086 4511 1.
1115 4456 1308 4510 Eorum
1340 4457 1555 4510 nomina
1578 4470 1696 4526 cum
1715 4454 1945 4526 antiquis
1969 4455 2105 4526 Mar-

530 4532 808 4601 tyrnlogiis
828 4524 1160 4601 contulimus
1179 4528 1231 4601 in
1255 4528 1401 4601 Actis
1425 4525 1846 4601 hlart._sincer_is,
1878 4538 1997 4601 pag.
2013 4524 2097 4578 47.

605 4601 629 4639 δ
660 4593 812 4656 (36.1).
858 4609 982 4667 tut.,
1016 4597 1283 4652 /Emilius.
1316 4595 1510 4653 Cteieri
1546 4595 1697 4660 Μέθη
1738 4593 1999 4662 ίΕηιειὶα,
2050 4605 2106 4649 ιιι

532 4688 714 4729 811111⁸3.

602 4688 788 4804 lcmiihi,
817 4738 1087 4807 Photinus,
1115 4736 1307 4793 melius
1327 4751 1390 4790 ex
1422 4732 1612 4791 Graeco
1640 4734 1962 4807 scriberetur
2002 4733 2108 4807 Ρο-

533 4813 727 4867 thinus.
765 4813 929 4869 Porro
958 4805 1148 4865 horum
1177 4811 1247 4863 48
1276 4817 1571 4877 martyrum
1600 4805 1815 4860 nomina
1844 4805 2107 4874 pollicitus

533 4895 614 4938 est
637 4884 947 4953 Gregorius,
971 4892 1025 4938 et
1049 4879 1258 4953 nonnisi
1385 4876 1620 4953 exhibet.
1645 4878 1854 4953 ()rnittit
1881 4877 2108 4953 Attalum

534 4954 587 5007 in
615 4947 841 5024 epistula
878 4947 1249 5024 Lugdunensis
1299 4948 1551 5024 Ecclesiae
1588 4947 2107 5024 cel_eberritnnm.._ln

535 5016 1071 5093 vct.'Martyruio'giis
1097 5019 1362 5093 habentur
1391 5017 1617 5093 licqata,
1644 5016 1948 5093 Apelleum:
1968 5057 1984 5083 ,
2008 5018 2112 5093 Gef

536 5095 789 5149 minianus
809 5087 833 5161 ,⁷
851 5087 1127 5157 Julianus,
1151 5089 1408 5154 Ausonia,
1435 5087 1656 5143 Damna.
1684 5090 1767 5141 'Ex
1801 5088 1913 5142 Vita
1943 5091 2111 5161 sancti

536 5164 791 5221 Bernardi
812 5160 985 5233 episc.
1024 5161 1359 5233 Viennensis,
1390 5172 1539 5233 parte
1566 5176 1623 5233 tt,
1654 5173 1778 5212 saec.
1809 5175 1859 5233 tv
1891 5160 2116 5233 Benedi-

538 5234 691 5300 ctini,
726 5228 1019 5297 Severinus,
1040 5231 1355 5301 Exsuperius
1385 5240 1430 5284 et
1460 5228 1779 5283 Felicianus.
1806 5228 1955 5284 PaSsi
1988 5240 2114 5284 sunt

540 5306 704 5361 variis
730 5305 915 5361 diebus
936 5306 1034 5358 sub
1064 5302 1134 5358 ll.
1170 5301 1407 5357 Aurelio.

615 5374 642 5413 δ
667 5376 819 5432 Colb.
853 5391 904 5441 a,
938 5375 1216 5439 Athenaeo,
1242 5383 1296 5429 et
1318 5370 1455 5426 infra
1474 5371 1863 5434 Athenaccnses,
1895 5385 2012 5439 qua:
2043 5370 2117 5425 le-

539 5450 649 5506 ctio
680 5448 908 5501 nominis
936 5446 1273 5516 etymologia:
1303 5443 1472 5516 magis
1498 5455 1730 5516 congrua
1766 5443 2006 5516 videtur;
2040 5443 2117 5495 sic

538 5519 685 5576 enim
736 5516 910 5570 dictus
957 5512 1039 5570 est
1070 5512 1229 5569 'locus
1274 5515 1360 5568 ille
1385 5515 1453 5567 a’b
1479 5512 1727 5573 Athenis,
1757 5513 1897 5579 quod
1927 5512 1997 5564 ibi
2026 5526 2118 5564 ara

544 5596 690 5645 esset
727 5586 955 5641 celebris
980 5586 1119 5653 apud
1150 5595 1390 5645 veteres,
1422 5584 1491 5636 ob
1523 5583 1819 5636 certamina
1858 5579 2118 5653 facundia:

550 5659 753 5714 ercae
774 5666 827 5709 et
855 5651 1052 5709 Latina:
1082 5672 1108 5706 a
1138 5655 1268 5708 Caio
1290 5653 1529 5720 Caligula
1554 5654 1818 5706 instituta.
1845 5651 2120 5705 Celebrior

548 5726 887 5799 postmodum
917 5729 1010 5779 fuit
1038 5725 1107 5779 ob
1134 5732 1345 5788 Sanctus
1378 5735 1658 5799 martyres,
1684 5723 1872 5799 ibique
1904 5722 2116 5799 b.asil:ca

550 5794 746 5854 nubilis
767 5800 992 5855 excitata
1035 5807 1115 5851 est
1144 5809 1263 5849 cum
1311 5795 1635 5849 monasterio
1683 5794 1873 5862 insigni
1915 5796 2118 5850 ordinis

2208 3298 2349 3356 tans,
2368 3290 2663 3345 obsistente
2690 3304 2861 3359 angue
2892 3304 2995 3343 non
3022 3289 3211 3359 potuit.
3231 3289 3380 3344 Talia
3403 3299 3457 3346 et
3483 3289 3567 3345 bis
3589 3290 3783 3344 similia

2205 3379 2363 3435 beato
2402 3380 2638 3449 pontifici
2688 3382 2961 3446 nuntiata,
2990 3381 3138 3435 nullo
3185 3381 3344 3435 modo
3372 3382 3655 3446 credebat,
3692 3380 3783 3437 sed

2206 3471 2373 3542 magis
2401 3487 2467 3527 ne
2500 3472 2696 3527 ibidem
2729 3471 3019 3528 adorarent
3055 3470 3265 3526 fortiter
3295 3473 3615 3528 testabatur.
3646 3472 3784 3527 Tan-

2205 3561 2325 3616 dem
2358 3561 2645 3631 aliquando
2673 3561 2766 3617 Dei
2798 3562 2997 3632 Martyr
3026 3562 3183 3617 beato
3210 3576 3269 3616 se
3298 3560 3605 3617 confessori
3636 3578 3785 3618 revc~

2208 3652 2302 3721 lat,
2336 3663 2390 3709 et
2416 3652 2543 3708 dicit
2576 3653 2781 3723 :Quid,
2811 3653 3011 3724 inquit,
3041 3653 3190 3725 agis?
3217 3668 3323 3709 non
3351 3653 3527 3709 solum
3555 3654 3697 3726 quod
3729 3664 3782 3710 tu

2209 3828 2557 3952 Benedictinli,
2574 3828 2720 3900 quod
2743 3826 2942 3885 nostris
2960 3826 3147 3885 diebus
3166 3830 3235 3885 ad
3259 3829 3549 3886 canonicos
3576 3830 3773 3886 uacula

2209 3914 2295 3952 res
2321 3910 2505 3952 transit
2538 3939 2553 3952 .

2207 3914 2295 3955 I’CS
2321 3910 2553 3954 transttt.

2280 3981 2304 4009 ο
2335 3970 2532 4024 Confer
2562 3972 2661 4024 hoc
2686 3977 2846 4038 caput
2872 3984 2992 4024 cum
3022 3967 3089 4021 27
3121 3968 3239 4025 libri
3264 3986 3277 4024 ι
3304 3969 3444 4025 Hist.

2284 4041 2302 4079 ι
2338 4041 2551 4110 Aliquot
2582 4042 2735 4104 Mss.,
2761 4039 3043 4111 Hereneus.
3072 4040 3199 4108 Ejus
3228 4042 3355 4095 Acta
3379 4041 3487 4111 jam
3518 4042 3715 4097 saeculo
3736 4058 3783 4098 vt

2207 4112 2505 4179 perierant;
2541 4124 2731 4181 passus
2770 4124 2891 4165 esse
2930 4109 3138 4181 videtur
3176 4112 3320 4165 circa
3360 4109 3449 4165 an.
3491 4112 3619 4167 203.
3652 4114 3786 4168 Vide

2210 4178 2340 4253 Acta
2370 4183 2523 4235 Mart.
2542 4178 2780 4249 'sinccra,
2807 4196 2925 4251 pag.
2953 4178 3039 4253 59.
3068 4181 3140 4234 De
3162 4191 3345 4251 crypta
3376 4183 3550 4253 inqua
3570 4196 3787 4238 sanctus

2210 4251 2589 4337 lft‘iltmllsnfllifin
2621 4253 2742 4337 aliis
2765 4250 3361 4337 .tttar‘t‘yr'i‘b‘usnscpultus
3381 4250 3787 4337 est,_videii_ietn

2208 4324 2243 4376 6
2270 4323 2412 4378 Junii
2448 4321 2777 4376 Bollandiani
2807 4321 2858 4374 in
2881 4320 3133 4375 Chifiletii
3162 4321 3610 4377 “lustrationibus
3631 4324 3787 4377 Clau-

2208 4394 2403 4457 dianis,
2435 4408 2554 4462 cap.
2584 4395 2638 4457 4,
2675 4407 2792 4461 pag.
2818 4391 2922 4446 676
2942 4402 2995 4445 et
3022 4406 3173 4460 seqq.
3200 4393 3496 4447 Calvmiani
3528 4393 3786 4458 hmretici,

2207 4479 2342 4530 quos
2371 4464 2526 4532 vulgo
2558 4463 2896 4532 llugnenotos
2948 4462 3246 4529 appellant,
3298 4477 3385 4515 an.
3431 4462 3603 4529 1562,
3632 4476 3789 4530 capto

2212 4534 2487 4602 Lugduno,
2519 4537 2685 4587 sancti
2721 4532 2903 4587 lrenaei
2933 4533 3235 4599 sepulcrum
3264 4533 3624 4596 violaverunt,
3647 4535 3789 4601 ejus-

2211 4621 2313 4672 que
2339 4619 2548 4658 sacrum
2574 4618 2768 4671 corpus
2789 4604 3179 4671 dissipaverunt
3203 4620 3216 4661 :
3242 4604 3435 4671 capitis
3457 4603 3697 4658 cranium
3722 4620 3789 4658 ex

2208 4689 2394 4728 eorum
2419 4672 2659 4729 manibus
2682 4688 2808 4728 casu
2831 4682 3074 4741 ereptum
3102 4671 3259 4729 hodie
3282 4673 3520 4743 Lugduni
3541 4674 3790 4745 religiose

2211 4754 2537 4798 ἃδε-επινιξιαν.

2287 4824 2310 4859 π
2347 4814 2545 4868 llnrum
2576 4815 2878 4882 passionem
2903 4816 3148 4871 dedimus
3170 4816 3308 4869 inter
3331 4816 3462 4869 Acta
3498 4822 3633 4868 mart
3676 4829 3789 4869 rum

2287 4899 2447 4940 ICt‘l‘ﬂ.
2478 4899 2597 4940 nae.
2629 4883 2719 4939 (il.
2756 4887 2884 4940 Vide
2915 4888 3003 4940 lib.
3037 4888 3104 4940 de
3129 4885 3212 4940 Gl.
3238 4884 3415 4940 Conf..
3444 4901 3565 4940 ean.
3599 4830 3688 4940 δῖ.

2212 4884 2447 4953 εὶιιοιτει,
2478 4899 2597 4953 pag.
2629 4883 2719 4939 (il.
2756 4887 2884 4941 Vide
2915 4888 3003 4941 lib.
3037 4888 3104 4943 de
3129 4885 3212 4940 Gl.
3238 4884 3415 4950 Conf.,
3444 4901 3565 4953 cap.
3599 4883 3688 4940 δι.

2285 4952 2314 4992 λι
2344 4955 2454 5009 lloc
2476 4952 2801 5022 capntdeest
2832 4959 2881 5009 in
2904 4960 3054 5012 Lolb.
3092 4967 3227 5022 tut.,
3262 4952 3588 5011 laudatur’in
3618 4957 3789 5009 Chro.

2219 5026 2339 5080 nico
2370 5028 2538 5080 sancti
2565 5027 2804 5092 Bertigui.
2829 5028 3029 5081 Omnes
3062 5028 3172 5083 fere
3202 5029 3329 5083 Mss.
3365 5026 3606 5090 habent,
3640 5024 3785 5077 Beat}

2218 5114 2348 5165 gnua
2378 5106 2547 5149 autem
2575 5112 2636 5148 ac
2656 5096 2896 5151 dowim’ci
2914 5137 2928 5157 .
2959 5107 3064 5153 etc.
3112 5096 3277 5164 liujus
3319 5098 3489 5149 sancti
3540 5096 3791 5165 martyris

2218 5171 2348 5221 Acta
2379 5175 2703 5234 supersunt,
2737 5167 2830 5221 sed
2861 5184 2977 5236 qua:
3019 5184 3122 5222 non
3164 5177 3347 5221 carent
3379 5168 3567 5221 natvis.
3601 5167 3672 5219 De
3696 5181 3788 5227 eo,

2220 5238 2490 5306 ipsiusque
2522 5237 2850 5303 inventione,
2880 5238 3092 5292 basilica
3136 5237 3347 5304 insigni,
3374 5251 3437 5306 ac
3468 5245 3792 5290 monasterio

2225 5305 2905 5379 Diviancnsiil'usccagitur
2959 5309 3009 5360 iu
3062 5305 3791 5379 Citrouian-jusde‘mloci,

2221 5388 2364 5431 torno
2405 5379 2422 5430 1
2469 5376 2740 5445 Spicilegii
2770 5375 3066 5432 vAcheriani
3118 5378 3282 5431 edito.
3329 5376 3459 5430 Eum
3491 5377 3591 5430 sub
3623 5375 3793 5429 Marco

2223 5448 2440 5501 Aurelio
2465 5462 2675 5514 passum
2720 5449 2881 5501 fuisse
2910 5464 3191 5502 censemus
3216 5486 3230 5506 ,
3260 5448 3400 5516 quod
3443 5448 3606 5500 sancti
3640 5446 3791 5514 Poly-

2221 5518 2367 5584 carpi
2398 5517 2687 5584 discipulus
2725 5520 2934 5572 dicatur
2979 5522 3028 5571 in
3059 5518 3451 5584 antiquioribus
3484 5530 3815 5571 munumcnw

2225 5589 2308 5641 iis.
2342 5586 2471 5641 Vide
2498 5593 2625 5640 Acta
2658 5589 2809 5640 Mart.
2842 5589 3077 5648 sincera,
3113 5604 3229 5656 pag.
3265 5587 3333 5638 68
3357 5600 3405 5638 et
3429 5586 3518 5640 G9.
3572 5598 3579 5605 ‘

2301 5656 2313 5692 ί
2352 5657 2397 5709 is
2416 5666 2503 5729 est
2532 5657 2817 5729 Gregorius
2840 5659 3003 5729 episc.
3038 5659 3407 5727 Lingunensis,
3440 5658 3593 5729 cujus
3626 5656 3791 5712 Vitam

2222 5727 2384 5783 habes
2413 5728 2544 5785 intra
2570 5728 2706 5783 inter
2739 5728 2880 5783 Vitas
2917 5728 3164 5795 i‘at'tutn,
3197 5743 3314 5797 cap.
3346 5731 3395 5781 7.
