4072 6346
558 332 663 393 7.35

1511 341 1568 396 S.
1608 339 1933 397 GREGORII
1975 338 2283 396 EPISCOPI
2323 338 2755 397 TURONENSIS

3711 344 3825 398 756

559 448 838 505 virtutibus
882 463 1047 518 pauca
1092 450 1157 503 ad
1196 463 1295 506 nos
1337 450 1591 506 mittenda
1640 452 1912 507 memorias
1954 452 2125 508 moni-
2156 459 2199 514 Α
2233 453 2361 505 turis
2400 453 2511 506 suis
2539 454 2604 507 ad
2637 453 2793 522 hujus
2824 454 3004 521 templi
3037 463 3175 510 tecta
3222 456 3579 527 recuperanda
3628 466 3818 512 trans-

560 548 737 595 menta
782 549 1061 595 venerunt.
1092 540 1222 607 Quae
1265 542 1557 610 quamlibet
1602 557 1764 611 parva
1808 554 2127 599 censeantur

563 630 617 684 in
646 630 822 691 dictis.
851 631 916 685 ad
943 646 1061 685 eum
1096 644 1267 687 tamen
1290 632 1566 688 referenda
1592 643 1715 688 sunt
1737 635 1824 703 qui
1858 633 1971 689 haec
1998 650 2126 702 ope-

560 730 711 774 ratur
737 722 787 775 in
817 722 1057 792 singulis.
1088 723 1257 778 Causa
1304 726 1544 793 quaedam
1586 726 1898 791 eaStiterat,
1940 737 1996 781 ut
2027 728 2125 783 Fe-

558 812 786 875 damius,
820 808 1064 868 Eunomii
1089 815 1354 883 quondam
1384 817 1606 870 Arverni
1634 817 1929 887 presbyteri
1962 818 2121 885 filius,

556 903 977 959 Cavillonensem
1025 906 1208 961 urbem
1254 908 1423 961 adiret
1472 907 1607 977 (An.
1646 906 1780 973 I79,
1825 906 1859 959 4
1902 907 2120 977 εφη),

558 994 807 1062 idemque
853 996 990 1061 apud
1046 997 1317 1051 basilicam
1373 999 1538 1052 sancti
1596 998 1843 1068 martyris
1895 1000 2123 1054 Marcelli

558 1087 870 1155 hOSpitalem
901 1088 1160 1155 habebat,
1191 1090 1258 1144 ab
1285 1090 1475 1144 abbate
1515 1090 1617 1144 loci
1660 1092 1831 1145 victus
1860 1090 2123 1160 stipendia

553 1179 804 1244 capiens;
834 1177 946 1246 ipse
969 1178 1110 1231 enim
1134 1194 1252 1248 qua:
1280 1180 1467 1248 loquor
1488 1184 1755 1248 exposuit.
1807 1182 1946 1235 Inter
1966 1181 2121 1247 duos,

552 1265 747 1337 inquit,
778 1267 923 1322 viros
950 1277 1067 1322 orta
1104 1268 1206 1322 fuit
1233 1270 1455 1325 intentio
1484 1262 1614 1341 [Al.,
1642 1269 1935 1340 contentio]
1963 1288 1974 1323 :
2010 1271 2120 1324 his-

551 1374 656 1428 que
685 1360 1030 1430 litigantibus,
1061 1362 1112 1414 in
1140 1361 1241 1416 hoc
1272 1363 1333 1416 lis
1361 1364 1471 1433 ipsa
1498 1363 1691 1427 subiit,
1718 1373 1776 1417 ut
1801 1378 1917 1417 eam
1948 1376 2124 1418 sacra-

553 1462 736 1508 mento
763 1453 1096 1509 dirimerent.
1128 1455 1458 1525 lngressique
1489 1455 1757 1509 basilicam
1788 1455 1957 1510 Sancti
1990 1456 2123 1509 Mar-

551 1543 706 1611 tyris,
730 1544 949 1600 elevatis
995 1544 1156 1599 homo
1183 1545 1425 1601 manibus
1463 1546 1527 1600 ad
1561 1546 1933 1616 perjttrandum
1954 1588 1968 1612 ,
2001 1564 2120 1601 cum

551 1648 746 1691 nomen
776 1634 951 1691 Sancti
981 1636 1238 1692 voluisset
1275 1653 1368 1692 ore
1413 1638 1591 1706 patulo
1638 1639 1933 1706 nominare,
1969 1640 2123 1693 hzesit

551 1735 653 1779 vox
696 1727 749 1779 in
781 1726 1038 1793 faucibus,
1067 1742 1165 1783 nec
1190 1729 1365 1799 lingua
1398 1739 1602 1798 poterat
1646 1730 1713 1784 ad
1757 1729 1989 1785 officium
2038 1746 2124 1785 re-

551 1812 715 1869 ﬂecti.
742 1813 845 1870 Sed
878 1831 943 1871 ne
985 1817 1084 1871 hoc
1109 1819 1320 1887 quidem
1361 1835 1545 1887 parum
1588 1820 1856 1875 videretur
1881 1822 1945 1875 ad
1979 1821 2117 1876 beati
2155 1821 2197 1880 Β

550 1904 763 1960 athletae
793 1906 1045 1976 gloriam,
1090 1909 1201 1976 ipse
1248 1922 1367 1963 cum
1415 1908 1640 1965 elevatis
1685 1911 1927 1964 manibus
1970 1912 2121 1981 quasi

549 2012 735 2053 :cneus
764 2006 901 2051 totus
944 2000 1167 2069 irriguit.
1210 1998 1358 2054 Tunc
1396 2003 1565 2055 oratio
1606 1998 1743 2056 facta
1775 2015 1872 2071 pro
1910 2016 1997 2067 eo,
2030 2003 2125 2055 ah-

549 2089 682 2143 solvi
706 2089 905 2149 diaboli
932 2102 1049 2145 arte
1071 2092 1304 2145 vinctum
1331 2092 1561 2148 obtinuit
1586 2112 1599 2146 :
1629 2096 1743 2162 ipse
1765 2109 1975 2165 quoque
2002 2103 2125 2163 post

547 2178 938 2239 absolutionem
961 2195 1211 2237 sermone
1239 2183 1453 2252 proprio
1475 2199 1609 2253 opus
1637 2200 1789 2241 suum
1820 2186 2120 2253 confessus,

548 2281 666 2338 qua:
693 2268 1018 2340 negligenter
1039 2282 1219 2341 egerat
1242 2275 1566 2329 emendavit.

1143 2388 1369 2444 CAPUT
1410 2390 1541 2444 LIV.

1039 2500 1116 2556 De
1140 2514 1313 2555 sancto
1348 2502 1640 2557 Valeriano.

621 2615 746 2685 (An.
780 2618 903 2681 179,
938 2620 1004 2673 l5
1048 2618 1221 2690 Sept.)
1264 2618 1399 2674 lluic
1446 2621 1663 2690 martyri
1709 2620 2032 2693 adiungitur,
2070 2633 2124 2679 et

549 2709 804 2774 sanguine
830 2718 881 2763 et
908 2723 1078 2780 agone
1108 2711 1455 2779 prepinquus,
1504 2711 1691 2767 beatus
1739 2712 1936 2768 athleta
1966 2714 2123 2769 Vale.-

549 2796 735 2850 rianus
758 2807 805 2862 ι,
836 2799 926 2869 qui
966 2799 1104 2870 apud
1134 2812 1361 2855 caStrurn
1394 2802 1788 2867 Trinorciense,
1831 2803 2123 2873 quadrage-

549 2886 687 2942 simo
708 2904 734 2942 a
758 2888 1113 2946 Caviilonensi
1136 2891 1266 2947 urbe
1288 2891 1551 2957 milliaria,
1574 2902 1944 2947 consummato
1959 2894 2120 2963 785

548 2979 844 3035 certamine
875 2982 1163 3037 tumulatus
1191 2990 1291 3037 est.
1330 2983 1491 3053 Igitur
1520 2983 1727 3051 Gallus,
1776 2985 1930 3054 hujus
1976 2986 2124 3040 urbis

551 3086 752 3140 comes,
786 3074 992 3130 cmliaci
1018 3074 1043 3113 δ
1075 3075 1245 3130 morbi
1288 3076 1473 3131 dolore
1520 3084 1785 3146 gravatus,
1826 3074 1917 3145 qui
1959 3084 2121 3130 totam

2232 541 2429 596 mittas.
2465 543 2579 597 Erit
2620 546 2761 597 enim
2796 544 2886 598 tibi
2915 545 3252 614 praesidium,
3294 547 3340 601 si
3376 563 3437 602 ea
3477 547 3669 604 devote
3711 550 3825 603 im-

2231 634 2463 703 pleveris
2489 649 2607 703 qua:
2640 636 2923 701 promittis.
2953 639 3020 690 At
3050 636 3137 691 ille
3167 638 3423 693 attentius
3450 654 3633 702 orans,
3667 642 3825 696 vovit

2226 739 2345 792 quas
2402 723 2680 793 presbyter
2732 724 3018 789 indicavit;
3067 727 3354 797 statimque
3402 743 3566 783 sanus
3612 729 3815 793 factus,

2231 816 2433 869 trabem
2458 816 2602 869 nullo
2629 825 3000 872 commonente
3048 816 3114 870 ad
3151 816 3422 872 basilicam
3456 818 3636 873 Sancti
3662 818 3817 874 exhi-

2230 905 2342 960 beri
2397 908 2669 977 prarcepit.
2722 908 2861 963 Ecce
2907 908 3033 977 quid
3089 918 3307 978 prtestat
3351 910 3605 964 Dominus
3650 911 3816 966 Jesus

2225 998 2469 1054 Christus
2501 1002 2553 1053 in
2601 999 2759 1054 terris
2801 1000 3124 1072 martyribus
3165 1002 3384 1067 sanctis,
3422 1018 3554 1072 quos
3598 1004 3812 1073 glorifi-

2225 1099 2371 1143 ratos
2419 1091 2605 1145 ascivit
2653 1090 2707 1145 in
2759 1092 3071 1146 cmlestibus
3119 1093 3313 1163 regnis.
3362 1092 3469 1147 Nec
3514 1094 3810 1163 immerito,

2224 1180 2347 1249 quia
2377 1194 2585 1237 sacrum
2615 1197 2807 1238 nomen
2837 1182 2954 1252 ejus
2992 1183 3151 1239 corde
3193 1184 3497 1248 credentes,
3537 1186 3589 1238 in
3629 1186 3813 1255 operi-

2232 1268 2331 1323 bus
2382 1269 2717 1339 invocantes,
2766 1274 2818 1327 in
2870 1272 3253 1328 tentationibus
3300 1275 3648 1338 confitentes,
3702 1290 3811 1329 non

2228 1358 2387 1412 modo
2426 1368 2483 1414 ut
2511 1362 2695 1417 fideles
2722 1365 2859 1418 servi
2892 1364 3169 1419 Dominum
3215 1374 3337 1420 sunt
3378 1367 3579 1432 secuti,
3619 1378 3809 1420 verum

2225 1450 2388 1505 etiam
2434 1460 2488 1506 et
2532 1453 2671 1508 alios
2713 1466 2771 1510 ut
2814 1465 3166 1525 sequerentur
3207 1458 3321 1514 suis
3366 1456 3626 1528 exemplis
3668 1456 3809 1512 inci-

2229 1551 2495 1598 ιθνθτυηῑ.

2827 1658 3049 1714 CAPUT
3088 1660 3198 1715 LV.

2466 1765 2539 1820 De
2564 1764 2831 1821 Timotheo
2854 1776 2904 1822 et
2928 1769 3216 1836 Apollinari
3248 1772 3569 1843 martyribus.

2299 1880 2610 1937 Timotheus
2653 1892 2709 1939 et
2738 1884 3060 1952 Apollinaris
3087 1883 3113 1921 ά
3151 1885 3292 1953 apud
3340 1885 3682 1943 Remensium
3715 1901 3805 1944 urt-

2226 1973 2370 2042 bem,
2415 1984 2782 2031 consummato
2826 1977 2990 2047 786
3034 1978 3308 2047 martyrio,
3354 1978 3589 2033 cmleSIia
3640 1993 3805 2048 regna

2226 2075 2536 2122 meruerunt
2577 2067 2747 2138 (Au...
2791 2068 2862 2122 23
2900 2068 3061 2139 Aug.)
3088 2084 3101 2120 :
3130 2082 3359 2137 quorum
3397 2070 3653 2140 reliquias
3677 2072 3800 2139 qui.

2224 2155 2369 2221 dam,
2425 2156 2685 2213 aediﬁcata
2736 2156 2791 2214 in
2837 2171 3022 2213 eorum
3065 2158 3269 2215 honore
3295 2158 3532 2217 basilica.
3576 2158 3805 2216 (levatus

2225 2247 2463 2312 expetiit.
2505 2246 2754 2302 Pontifex
2800 2263 2932 2304 vero
2960 2248 3050 2319 qui
3077 2248 3282 2317 aderat,
3312 2263 3435 2305 cum
3476 2248 3679 2305 honore
3704 2266 3801 2321 per

2227 2338 2593 2411 presbyterum
2621 2339 2819 2410 dirigit.
2854 2338 3094 2411 Cumque
3122 2342 3226 2397 iter
3244 2351 3447 2412 ageret,
3482 2343 3674 2398 mulier
3693 2345 3795 2398 im-

2226 2439 2475 2498 portuna,
2505 2440 2559 2485 et
2586 2430 2748 2485 credo
2793 2431 2847 2486 in
2868 2432 3006 2503 ligna
3053 2432 3262 2499 merito,
3293 2434 3346 2488 in
3392 2435 3473 2489 via
3526 2437 3791 2503 procedit,

2226 2517 2553 2590 salutatoque
2580 2521 2914 2591 presbytero,
2959 2522 3297 2578 deosculatur
3326 2524 3546 2580 linteum
3575 2541 3683 2595 quo
3705 2540 3793 2581 sa-

2226 2621 2332 2662 cra:
2378 2609 2687 2679 tegebantur
2733 2610 2948 2677 favillae,
2996 2627 3189 2683 rogans
3229 2614 3330 2670 sibi
3376 2615 3444 2672 de
3487 2614 3551 2670 iis
3600 2617 3791 2687 siquid

2227 2697 2537 2753 condonari.
2571 2699 2721 2755 Tunc
2752 2703 3030 2772 presbyter
3054 2703 3146 2758 diu
3174 2705 3445 2773 dubitans,
3485 2714 3541 2762 et
3565 2707 3795 2764 tribuere

2226 2787 2502 2854 differens,
2532 2790 2700 2844 victus
2729 2792 2940 2848 tandem
2973 2792 3041 2849 ab
3069 2792 3409 2864 improbitate
3448 2796 3587 2866 ejus,
3611 2799 3792 2856 divisit

2228 2879 2333 2952 [ΑΙ.
2365 2880 2585 2953 dimisit]
2607 2883 2656 2937 ei
2687 2884 3017 2952 particulam.
3047 2887 3461 2957 Ascendensque
3482 2889 3792 2960 senipedem

2228 2970 2306 3042 [id
2336 2980 2427 3036 est,
2463 2971 2701 3044 equum],
2736 2974 2835 3029 iter
2858 2975 3110 3043 experfire
3130 2976 3292 3045 carpit
3321 2977 3605 3047 iniunctum
3631 2997 3648 3031 :
3688 2980 3789 3035 sed

2229 3064 2529 3133 percutiens
2562 3076 2784 3135 utraque
2821 3068 2939 3137 equi
2975 3068 3174 3133 latera,
3212 3084 3541 3139 nequaquam
3586 3079 3793 3139 poterat

550 3165 725 3220 alvum
759 3181 864 3221 non
906 3168 1067 3223 modo
1099 3176 1322 3235 tortura,
1372 3183 1555 3223 verum
1598 3168 1756 3223 etiam
1802 3177 2010 3222 tumore
2052 3168 2120 3222 ita

2229 3153 2562 3223 promoveri;
2598 3154 2710 3224 ipse
2740 3171 2865 3210 vero
2892 3156 2962 3209 ita
2987 3165 3234 3227 gravatus
3262 3168 3395 3223 erat,
3444 3168 3501 3213 ut
3530 3159 3616 3214 vix
3638 3169 3796 3228 caput

547 3258 908 3325 conflaverat,
962 3270 1018 3314 ut
1072 3260 1394 3331 hydropicus
1440 3269 1736 3329 putaretur,
1770 3259 1898 3315 nihil
1939 3260 2120 3328 edere,

2230 3244 2428 3299 valeret
2453 3247 2679 3315 erigere.
2710 3247 3013 3317 lntelligens
3057 3258 3231 3304 autem
3271 3250 3557 3323 Martyrum
3594 3266 3653 3307 se
3688 3254 3792 3307 vir-

550 3346 791 3413 mmlme
838 3357 992 3415 potus
1030 3364 1220 3417 capere
1270 3357 1483 3417 posset,
1524 3349 1788 3416 nebmque
1825 3348 1974 3417 in“,
2022 3348 2123 3404 hoc
2206 3344 2365 3389 aute'
2393 3339 2581 3400 teneri,
2614 3338 2921 3405 pmnitentia
2973 3350 3147 3394 motus
3192 3340 3391 3397 utiliter
3430 3344 3632 3412 recepit
3656 3341 3790 3412 quod

470 3488 483 3493 -
548 3438 851 3507 contagium
881 3452 933 3493 ut
964 3437 1152 3494 inediae
1177 3440 1365 3495 morbo
1385 3440 1634 3497 deiiceret
1653 3486 1670 3510 ,
1694 3442 1783 3511 qui
1813 3456 1976 3511 prope
2004 3456 2125 3496 exa-

555 3526 740 3589 nimis,
762 3542 883 3580 cum
914 3544 972 3583 se
998 3538 1239 3585 cerneret
1265 3530 1636 3598 desperatum.
1670 3541 1819 3601 rogat
1845 3546 1904 3587 se
1932 3533 2124 3599 depor-

554 3616 655 3671 tari
698 3616 763 3671 ad
794 3617 933 3672 beati
968 3620 1207 3687 Martyris
1252 3622 1533 3675 tumulum.
1565 3622 1664 3677 Ubi
1705 3638 1823 3677 cum
1857 3623 2124 3691 proiectus

548 3706 767 3774 fuisset,
802 3711 1028 3764 accessit
1050 3712 1115 3764 ad
1150 3727 1271 3767 cum
1301 3713 1613 3775 Epirechius
1644 3724 1667 3752 ε
1702 3715 1997 3784 presbyter,
2030 3716 2121 3784 qui

551 3808 676 3853 tunc
706 3800 873 3868 ipsam
900 3814 1006 3872 rege
1027 3804 1116 3857 bat
1142 3804 1422 3859 ecclesiam
1439 3844 1455 3865 ,
1484 3804 1563 3859 vir
1590 3805 1869 3872 virtutum,
1894 3819 1947 3859 et
1973 3820 2121 3873 pura

548 3888 742 3943 mentis
774 3889 955 3959 homo,
1003 3894 1144 3947 sicut
1186 3892 1286 3961 ipsi
1324 3894 1496 3949 oculis
1542 3896 1739 3951 nostris
1770 3895 2117 3963 inspeximus,

544 3974 783 4035 dixituue
824 3978 872 4034 ei
910 3998 924 4032 :
957 3979 1014 4036 Si
1056 3981 1135 4036 vis
1180 3996 1342 4037 sanus
1391 3982 1536 4046 fieri.
1575 3984 1785 4039 conlide
1823 3984 1874 4039 in
1923 3986 2121 4041 virtute

544 4067 794 4141 Martyris
819 4071 1034 4142 gloriosr
1052 4115 1066 4130 .
1099 4082 1154 4129 et
1177 4089 1311 4132 vove
1338 4086 1395 4131 ut
1421 4091 1578 4131 unam
1606 4075 1811 4133 trabem
1841 4090 1962 4132 cum
1988 4077 2120 4147 liga-

604 4237 995 4310 ﬂ_\'alcsianus,
1027 4248 1081 4293 nt
1108 4239 1381 4310 ejnsArta
1425 4239 1633 4310 vulgata
1682 4238 1911 4303 habent,
1947 4239 2110 4293 simili

534 4308 689 4378 modo
727 4323 790 4361 ac
817 4310 1113 4378 rlllarcellus
1152 4326 1181 4364 e
1227 4308 1567 4375 Lugriunensi
1615 4324 1831 4364 carcere
1875 4310 2110 4378 elapsus,

534 4373 845 4449 Trenorchii
891 4394 917 4429 τι
951 4380 1133 4449 Prisco
1164 4373 1390 4441 pra-side
1422 4389 1618 4449 tentus.
1664 4390 1783 4447 post
1814 4373 2114 4449 varia'supL

534 4446 688 4514 plicia
720 4450 890 4512 e'pite
921 4448 1107 4514 plexos
1132 4463 1234 4502 est.
1276 4445 1528 4504 Ecclesia:
1567 4449 1632 4503 ad
1660 4445 1779 4518 ejus
1807 4445 2111 4515 sepulcrum

532 4523 853 4607 constructa:
878 4518 1126 4607 Indidinnn
1169 4531 1256 4607 est
1282 4521 1595 4607 perc-clebre'
1616 4521 1996 4607 monasterium
2026 4537 2113 4575 or-
2139 4546 2190 4607 υ

533 4585 673 4640 tlinis
718 4587 1077 4652 Benedicrini,
1118 4590 1256 4657 quod
1291 4590 1501 4644 tandem
1533 4590 1597 4641 ad
1640 4592 1923 4644 saeculares
1951 4604 2113 4644 cano-

532 4656 683 4711 nicos
728 4659 957 4711 transiit.
986 4656 1235 4713 Castrum
1281 4673 1409 4712 vero
1437 4659 1854 4725 Trenorchium,
1888 4674 1982 4713 seu
2030 4662 2115 4714 Ti-

532 4728 792 4794 nnrtium,
823 4739 911 4782 aut
942 4729 1282 4792 Tonantium,
1316 4732 1471 4799 vulgo
1500 4729 1774 4793 Tourttuz,
1803 4731 2011 4783 nonnisi
2042 4730 2115 4787 20

532 4799 748 4853 circiter
775 4800 1113 4861 milliaribus.
1144 4800 1195 4855 id
1227 4812 1308 4855 est
1341 4801 1505 4856 leucis
1528 4814 1618 4854 sex
1642 4843 1656 4863 ,
1688 4802 1755 4853 ab
1779 4800 1911 4855 urbe
1940 4800 2113 4858 Cabil-

531 4869 656 4938 lono
680 4867 925 4923 dissitnnt
949 4881 1051 4924 est.
1086 4872 1159 4926 De
1185 4889 1289 4938 quo
1312 4872 1430 4925 vide
1465 4870 1657 4925 Valesii
1688 4872 1948 4925 notitiam.

604 4937 810 5011 EColb.
857 4955 909 5005 a,
953 4942 1147 4995 crciari.
1192 4937 1351 5011 llel|.,
1398 4944 1471 4997 al.
1521 4957 1701 5009 manu,
1732 4942 1919 5009 ciliaci,
1953 4942 2004 4997 id
2036 4952 2119 4998 est

529 5008 703 5065 colici.

601 5091 628 5153 Ἳ
653 5081 802 5153 ροη).
828 5088 956 5153 tttt.,
1010 5082 1285 5153 Epiricins.

600 5150 628 5188 ά
652 5151 776 5208 Mss.
806 5152 931 5226 tluo,
955 5150 1302 5221 Apollonart's.
1333 5154 1529 5211 [lorum
1563 5165 1857 5226 martyrum
1882 5155 2009 5209 Acta
2043 5154 2110 5209 il-

529 5222 613 5296 los
652 5237 771 5277 cum
820 5224 1003 5296 Mauro
1039 5227 1361 5295 presbytero
1407 5228 1629 5296 aliisque
1662 5222 1872 5292 multis,
1904 5226 2112 5281 Nerone

528 5294 842 5361 imperante,
874 5295 975 5348 sub
1005 5294 1293 5368 Lampadio
1327 5294 1556 5365 praeside
1572 5313 1756 5368 passos
1783 5299 1942 5351 fuisse
1962 5312 2111 5368 com-

530 5375 831 5419 memorant
857 5383 870 5417 :
916 5382 1036 5436 qua:
1065 5367 1331 5421 sententia
1363 5382 1466 5420 non
1512 5367 1683 5436 placet
1712 5368 1775 5421 iis
1803 5369 1889 5436 qui
1932 5367 2107 5419 nullos

530 5382 831 5419 memorant
857 5383 870 5417 :
916 5382 933 5415 t
955 5382 1036 5419 ua:
1065 5382 1331 5421 sentetttta
1363 5382 1466 5420 non
1512 5382 1683 5436 ptacet
1712 5383 1775 5421 Its
1803 5382 1889 5436 qut
1932 5382 2107 5419 annos

529 5443 793 5504 martyres
824 5436 875 5488 in
910 5382 1093 5490 dalliis
1126 5449 1250 5491 ante
1296 5436 1366 5491 Μ.
1405 5439 1609 5492 Aurelii
1642 5449 1876 5505 tempora
1910 5437 2108 5490 admit-

528 5512 649 5555 tunt
687 5504 940 5559 Videntur
975 5519 1150 5562 tamen
1169 5506 1467 5561 Maxitniani
1496 5504 2109 5575 tentporib’uspntiquto-

532 5588 648 5636 res;
681 5590 937 5642 nusquam
969 5580 1108 5631 enim
1141 5579 1243 5631 sub
1276 5580 1447 5630 lillflio
1482 5579 1619 5631 Varo
1650 5579 1889 5644 prmside
1934 5577 2105 5645 paSsi,

533 5654 589 5694 ut
618 5648 794 5697 caeteri
831 5647 1053 5714 Belgica:
1091 5649 1279 5701 Gallia:
1312 5648 1533 5701 istorum
1568 5658 1864 5714 temporum
1911 5655 2111 5715 marty-

532 5726 641 5773 res,
674 5715 941 5784 dicnntnr.
973 5717 1046 5770 De
1075 5720 1155 5770 his
1189 5719 1392 5770 Marlot.
1425 5719 1515 5771 lib.
1546 5734 1559 5769 t
1586 5717 1806 5784 Mctmp.
1833 5718 2111 5771 lictnensis

530 5796 649 5851 Cap.
677 5783 766 5836 2|.
804 5784 1139 5841 Proderit-dus
1173 5790 1302 5842 Acta
1355 5788 1465 5843 l'crc
1498 5790 1698 5855 integra
1734 5783 1984 5856 exhibet,
2016 5789 2107 5843 scd

2227 3425 2549 3497 negligentia
2582 3428 2945 3485 intercedente
2977 3430 3152 3500 largiri
3182 3432 3560 3501 praesumpsit:
3589 3436 3791 3489 restitu-

2228 3524 2383 3587 tuque
2416 3517 2468 3572 in
2498 3534 2657 3588 capsa
2686 3521 2827 3590 quod
2854 3521 3166 3589 abstulerat,
3193 3522 3341 3580 abire
3375 3525 3662 3593 permissus
3686 3536 3785 3581 at.

2810 3651 3035 3707 CAPUT
3072 3652 3202 3707 LVI.

2716 3763 2792 3816 De
2830 3774 2998 3818 sancto
3028 3762 3297 3835 Eutropio.

2293 3875 2574 3944 Eutropius
2606 3884 2630 3912 ο
2679 3890 2888 3947 quoque
2933 3888 3136 3950 martyr
3183 3878 3487 3936 Santonica;
3532 3883 3710 3947 urbis,
3752 3899 3787 3939 a

2220 3969 2377 4025 beato
2423 3969 2692 4024 Clemente
2737 3970 2990 4039 episcOpo
3029 3971 3197 4029 fertur
3224 3972 3465 4028 directus
3492 3974 3544 4029 in
3592 3975 3784 4032 Gallias

2221 4064 2381 4135 (δατ.
2413 4079 2450 4119 ll
2478 4073 2564 4118 aut
2592 4079 2670 4133 tu,
2699 4064 2767 4120 50
2793 4064 3008 4137 April.),
3055 4065 3124 4121 ab
3153 4066 3341 4122 eodem
3376 4068 3537 4123 etiam
3577 4071 3783 4140 pmttilio

2214 4233 2475 4303 passionis
2502 4241 2708 4304 tempus
2736 4249 2839 4287 non
2881 4233 3159 4303 exprimit';
3188 4234 3525 4290 Timotheum
3556 4246 3691 4292 'vero
3727 4253 3790 4296 cx

2214 4306 2432 4378 Qriente
2481 4304 2676 4378 Remos
2724 4305 3006 4378 advenisse
3052 4305 3256 4378 scribit,
3304 4314 3463 4371 atque
3494 4307 3596 4362 hoc
3636 4320 3789 4378 caput

2214 4375 2454 4445 Gregorii
2501 4375 2696 4429 laudat.
2746 4376 3029 4439 Eusebius,
3058 4377 3135 4427 vir
3154 4378 3466 4442 spectabilis.
3512 4375 3714 4431 eorum
3736 4378 3786 4432 in

2216 4446 2473 4500 honorem
2494 4445 2766 4500 basilicam
2783 4447 3082 4499 construxit
3103 4447 3153 4499 in
3171 4462 3292 4515 qua,
3308 4456 3444 4502 teste
3461 4445 3789 4512 Frodoardo,

2217 4528 2437 4571 sanctus
2462 4516 2733 4585 Remigius
2756 4516 2971 4585 sepeliri
3000 4518 3243 4584 petierat.
3267 4518 3455 4572 Exstat
3478 4519 3639 4573 etiam
3658 4535 3791 4573 nunc

2216 4588 2597 4660 canonicorum
2627 4586 2853 4660 collegio
2881 4597 2935 4640 et
2993 4587 3287 4660 parochiali
3339 4588 3491 4642 titulo
3537 4589 3785 4660 insignis,

2216 4657 2311 4712 sed
2342 4656 2591 4719 nobilior,
2622 4657 2762 4726 quod
2792 4657 2842 4729 in
2874 4671 2937 4709 ea
2967 4658 3321 4729 complurium
3354 4656 3790 4729 martyrutn'reti-

2217 4728 2356 4797 quire
2386 4738 2751 4781 asserventur.
2794 4728 2943 4782 Haud
2988 4728 3174 4793 procul
3210 4730 3284 4782 ab
3315 4729 3407 4782 illa
3446 4728 3637 4783 visitur
3662 4730 3791 4784 anti-

2218 4813 2381 4865 quum
2407 4799 2775 4852 cmtneterium
2818 4798 2955 4867 quod
2982 4797 3274 4867 Martyrum
3302 4799 3459 4868 vulgo
3478 4800 3784 4868 appellatur,

2220 4869 2273 4922 in
2302 4884 2409 4937 quo
2450 4876 2505 4924 et
2535 4868 2586 4921 in
2620 4869 2809 4923 vicinis
2855 4869 3003 4929 locis,
3037 4877 3180 4922 terra
3210 4869 3426 4928 eil‘ossa.
3459 4870 3788 4925 inveniuntur

2215 4953 2466 5008 corpora,
2494 4937 2660 4993 clavis
2703 4939 2913 5009 magnis
2943 4939 2993 4992 itt
3022 4939 3201 5006 capite
3229 4950 3283 4993 et
3328 4939 3382 5009 in
3413 4938 3644 4995 brachiis
3670 4956 3789 4996 con-

2224 5012 2349 5073 fixa,
2380 5024 2500 5078 quae
2529 5008 2820 5077 martyrum
2850 5024 2968 5064 esse
2998 5018 3268 5078 putantur.
3296 5008 3453 5064 Nullo
3494 5020 3668 5067 tamen
3698 5027 3789 5080 pu-

2220 5080 2361 5135 blico
2388 5082 2531 5135 cultu
2556 5080 2845 5145 donantur,
2876 5081 3015 5148 quod
3046 5091 3099 5133 et
3128 5080 3287 5134 trullis
3315 5080 3585 5137 miraculis
3612 5095 3781 5136 corus-

2218 5162 2361 5232 cent,
2385 5167 2484 5206 nec
2507 5152 2635 5218 sint,
2671 5160 2726 5206 ut
2752 5151 2983 5221 loquitur
3002 5150 3244 5220 Optatus,
3266 5150 3334 5205 ab
3359 5150 3598 5207 Ecclesia
3626 5152 3789 5207 vindi-

2218 5232 2340 5276 catt.

2291 5303 2314 5329 ο
2340 5291 2530 5362 Laud,
2563 5292 2697 5348 Bell.
2729 5301 2784 5348 et
2828 5292 2982 5347 Colb.
3038 5306 3090 5356 a,
3124 5290 3392 5361 Eutropia,
3433 5299 3489 5348 et
3530 5292 3585 5347 in
3612 5292 3791 5362 capitis

2218 5362 2393 5428 titulo,
2416 5361 2494 5416 De
2523 5363 2745 5432 Eutrope
2787 5374 3028 5432 martyre.
3064 5364 3128 5418 Et
3158 5364 3244 5419 hic
3283 5363 3575 5434 Gregorius
3600 5377 3790 5434 marty-

2217 5448 2330 5487 rem
2361 5434 2594 5486 admittit
2625 5443 2744 5487 ante
2773 5435 2938 5494 Marci,
2965 5442 3206 5503 tempora
3236 5448 3299 5487 ex
3324 5433 3530 5503 vulgari
3560 5435 3692 5489 tradi
3719 5433 3789 5489 io-

2217 5520 2305 5558 ne.
2336 5505 2513 5558 Sancti
2543 5503 2781 5572 Eutropii
2813 5505 3041 5559 ecclesia
3068 5502 3206 5573 apud
3234 5502 3501 5559 Santonas
3539 5514 3789 5560 vetusmte

2219 5576 2473 5627 lati-cens
2504 5592 2532 5627 a
2563 5575 2785 5629 Leontio
2811 5576 3063 5644 episcopo
3102 5584 3398 5633 restaurata
3425 5586 3529 5640 est,
3573 5587 3629 5629 ut
3652 5578 3786 5629 canit

2218 5644 2538 5697 Fortunatus
2570 5645 2661 5697 lib.
2688 5662 2703 5696 ι
2734 5661 2902 5697 carm.
2928 5644 2982 5698 5.
3035 5645 3080 5697 Is
3108 5655 3192 5698 est
3242 5645 3497 5700 Lemnius
3541 5647 3629 5714 qui
3656 5648 3786 5700 circa

2217 5717 2401 5769 tittcrtli
2448 5731 2496 5767 Vl
2531 5716 2761 5768 tnctliunt
2796 5715 3185 5784 Burdigalensis
3214 5724 3331 5770 crat
3357 5715 3657 5783 episcopus.
3682 5717 3787 5769 l'al-

2220 5785 2391 5840 ludius
2422 5786 2609 5841 eodem
2653 5787 2850 5839 sarculo
2877 5786 3088 5842 labente
3132 5786 3372 5856 ejusdem
3403 5788 3573 5841 sancti
3603 5803 3783 5857 corpus
