4072 6346
417 322 510 383 ⁷5⁷
578 278 581 281 .

1229 328 1727 386 MIRACULORUM
1773 328 1898 382 L18.
1942 327 1981 380 l.
2027 327 2113 380 Dii
2145 327 2401 382 GLORIA
2428 328 2848 385 MAIiTYRUM.

3550 333 3667 393 758

411 444 543 503 catis
587 444 791 500 ordinis
837 444 1006 514 gratia
1050 455 1393 501 consecratus
1437 457 1521 503 est
1562 456 1610 512 ι,
1665 446 1989 513 impletoque
2013 453 2061 505 Α
2093 458 2268 512 posset
2316 457 2589 512 excutere,
2640 448 2845 502 cretein
2884 447 3126 516 lampade
3168 463 3378 516 cereus,
3422 457 3509 521 qui
3546 451 3658 522 jam

411 536 573 607 hu'jus
601 537 763 592 oflicii
786 538 995 601 ordine,
1028 546 1243 607 peracta
1271 539 1560 593 incredulis
1588 539 1984 608 prmdicationc,

410 630 808 700 insurgentibus
836 630 1071 699 paganis,
1122 645 1254 700 quos
1294 640 1482 686 auctor
1510 632 1723 686 invldize
1765 631 1985 686 credere

409 737 518 779 non
562 721 825 790 permisit,
857 722 1001 776 illiso
1022 723 1197 791 capite
1240 721 1410 777 victor
1432 721 1700 777 occubuit.
1728 722 1831 777 Sed
1863 722 1983 790 quia

407 828 474 869 eo
504 822 742 881 tempore
769 812 1003 869 instante
1033 815 1425 881 persecutione,
1473 830 1647 884 neque
1676 816 1836 882 digno
1868 816 1987 869 loco

404 904 667 971 sepultus,
703 916 875 971 neque
898 917 928 955 a
965 902 1278 958 Christianis
1300 903 1486 957 debito
1529 907 1731 960 honore
1760 919 1986 959 venera-

409 1004 498 1049 tus
543 1002 652 1060 cst,
683 992 836 1048 valde
875 995 1055 1049 datum
1099 1006 1183 1049 est
1225 994 1481 1049 oblivioni
1526 1011 1648 1050 eum
1694 1006 1982 1066 martyrem

406 1087 541 1150 fore,
574 1086 725 1156 quod
742 1087 844 1143 hoc
862 1087 1049 1142 ordine
1077 1087 1305 1145 traditur
1331 1090 1490 1159 787
1522 1089 1835 1144 revelatum.
1860 1087 1985 1142 Post

404 1178 569 1234 multa
598 1194 860 1234 annorum
890 1181 1061 1249 spatia
1090 1180 1143 1234 in
1170 1182 1287 1250 ejus
1324 1182 1527 1237 honore
1553 1182 1772 1237 basilica
1811 1183 1978 1239 aedili-

402 1279 519 1323 cata
550 1278 649 1336 est,
680 1271 996 1341 expletoque
1038 1287 1200 1341 opere
1232 1273 1497 1328 Palladius
1542 1272 1592 1338 δ,
1621 1275 1713 1344 qui
1744 1285 1869 1330 tunc
1896 1290 1980 1329 sa-

400 1361 690 1439 cerdotalis
711 1363 916 1418 ordinis
944 1365 1250 1421 cathedram
1281 1368 1521 1435 regebat,
1552 1370 1860 1423 convocatis
1886 1368 1982 1421 ali-

401 1452 633 1519 batibus,
681 1468 865 1509 sacros
896 1456 1105 1511 cineres
1134 1457 1185 1510 in
1243 1457 1417 1512 locum
1453 1474 1611 1528 quem
1643 1475 1977 1529 praeparave-

400 1554 503 1609 ται,
538 1544 811 1600 transferri
834 1545 1055 1601 studuit.
1092 1548 1240 1615 Quod
1268 1565 1387 1602 cum
1416 1547 1613 1604 factunt
1648 1550 1852 1615 fuisset,
1874 1554 1981 1606 duo

398 1648 464 1685 ex
489 1632 765 1688 abbatibus
796 1645 1033 1689 reserato
1059 1637 1335 1705 opertorio
1362 1649 1606 1692 sanctum
1630 1654 1826 1709 corpus
1846 1642 1979 1708 aspi-

398 1725 572 1790 ciunt,
614 1729 1148 1799 contemplanturque
1193 1730 1496 1785 cicatricem
1528 1733 1738 1798 capitis,
1783 1749 1883 1802 qua
1922 1734 1973 1787 in

399 1828 551 1885 parte
597 1818 831 1873 defixum
878 1818 1051 1875 fuerat
1080 1823 1283 1875 securis
1312 1837 1557 1877 acumen.
1589 1823 1693 1877 Sed
1732 1840 1800 1879 ne
1840 1841 1971 1894 pr.e-
2003 1811 2051 1870 Β

397 1922 523 1962 sens
554 1909 689 1963 visio
715 1911 997 1966 duceretur
1022 1911 1074 1965 in
1107 1912 1335 1980 irritum,
1355 1912 1513 1968 etiam
1543 1915 1833 1982 spiritualis
1862 1918 1974 1973 tunc

396 2002 639 2058 doctrina
665 2005 1015 2070 commonuit,
1049 2005 1386 2061 scilicelcum
1401 2015 1969 2075 scqttenttnoctcstra-

396 2094 598 2149 vissent
629 2095 937 2149 sacerdotes
985 2095 1222 2149 membra
1260 2097 1447 2165 quieti,
1479 2097 1725 2166 apparuit
1769 2112 1864 2165 per
1893 2099 1973 2153 vi-

396 2197 513 2237 sum
540 2184 622 2237 his
639 2184 868 2249 duobus,
888 2184 1101 2238 dicens:
1127 2184 1440 2239 Cicatricem
1454 2200 1609 2253 quam
1628 2185 1973 2255 contemplati

310 2296 313 2297 '
396 2275 525 2330 eatis
555 2275 606 2329 in
636 2276 831 2345 capite,
862 2284 1051 2331 settote
1096 2292 1180 2331 me
1228 2291 1322 2345 per
1348 2292 1464 2331 eam
1497 2279 1811 2348 martyrium
1840 2291 1970 2332 con-

396 2379 732 2422 summasse:
768 2376 819 2420 et
848 2382 916 2421 ex
968 2366 1070 2420 hoc
1112 2367 1251 2435 quod
1304 2382 1503 2436 martyr
1553 2379 1697 2423 esset
1746 2370 1974 2425 innotuit

395 2457 636 2527 pupulis,
666 2456 790 2527 quia
821 2472 927 2512 non
962 2458 1148 2513 aderat
1179 2457 1396 2512 historia
1428 2468 1451 2498 ο
1484 2459 1770 2529 passionis.

970 2568 1194 2626 CAPUT
1236 2568 1388 2624 LVII.

884 2682 958 2737 De
978 2693 1152 2737 sancto
1177 2661 1490 2736 Amar'ana’o.

472 2794 805 2851 Amarandus
828 2793 855 2832 ἀ
901 2803 1076 2850 autem
1105 2805 1307 2866 martyr
1333 2796 1470 2863 apud
1512 2795 1852 2864 Albigenscm
1882 2815 1971 2853 ur-

395 2887 537 2952 bcm,
571 2894 758 2941 exacto
804 2887 987 2955 agonis
1019 2886 1191 2940 fidelis
1237 2901 1423 2949 cursu,
1461 2888 1699 2955 sepultus
1745 2890 1875 2943 vivit
1918 2890 1969 2943 in

394 2979 557 3048 gloria
590 2979 710 3050 (Au.
736 2979 867 3047 250,
891 2980 920 3030 7
952 2978 1341 3048 Nat'.).Cujus,
1373 2990 1427 3033 ttt
1452 2981 1672 3034 historia
1705 2984 1969 3051 passimiis

394 3070 644 3136 declarat,
672 3070 971 3139 sepulcrum
1005 3070 1091 3123 diu
1124 3072 1373 3139 vepribus
1402 3072 1749 3141 sentibusque
1790 3071 1926 3145 [Ειι.
1952 3115 1967 3138 .

2086 534 2245 589 beato
2291 536 2535 603 sepulcro
2565 537 2762 591 affixus
2789 548 2924 605 erat,
2978 540 3339 608 illuminatur;
3372 544 3558 615 sicque
3585 545 3695 601 fae-

2084 636 2228 681 ctum
2255 636 2336 682 est
2363 637 2422 681 ut
2445 643 2561 695 qua:
2592 630 2837 686 humanm
2861 646 2965 686 non
2992 633 3333 702 expieverant
3358 635 3701 704 industriae.

2087 726 2464 790 peragerentur
2491 721 2653 776 divini
2677 725 2912 777 numinis
2936 724 3233 793 majestate.
3263 726 3522 783 Cessante
3560 727 3673 783 hu-.

2087 825 2246 865 mano
2265 811 2442 866 studio
2457 813 2690 867 ('(BlL‘Slia
2714 815 2889 869 officia
2916 815 3305 883 ministrentur,
3330 817 3665 890 luminisqtte

2086 907 2207 959 novi
2240 906 2439 974 fulgore
2468 920 2655 960 cereus
2683 908 3005 964 clarificatur
3028 924 3305 965 accensus.
3354 910 3513 978 Quod.
3538 926 3663 967 cunt
3693 946 3702 963 .

2086 998 2299 1066 populis
2340 997 2736 1051 manifestatum
2769 999 2976 1069 fuisset,
3012 1001 3396 1056 incrementum
3429 1000 3531 1057 loci
3576 1002 3670 1057 u|-.

2084 1088 2251 1142 terius
2279 1088 2344 1142 ad
2374 1089 2772 1152 accendendum
2819 1090 2997 1143 lumen
3028 1090 3205 1146 nullus
3234 1093 3493 1149 exhibere
3523 1108 3689 1162 praem

2082 1181 2328 1248 sumpsit.
2368 1180 2651 1249 Postquam
2697 1195 2827 1237 vero
2854 1182 3002 1235 locus
3030 1181 3118 1236 ille
3149 1182 3428 1237 inhabitari
3474 1184 3542 1238 ab
3570 1185 3675 1239 hos

2084 1273 2314 1327 minibus
2345 1274 2560 1329 assidue
2590 1276 2773 1343 erepit,
2822 1284 2982 1346 atque
3026 1276 3096 1331 ibi
3145 1276 3357 1334 domus.
3384 1278 3437 1332 in
3469 1279 3689 1349 quibus»-

2085 1363 2221 1431 ignis
2248 1366 2627 1421 accenderetur
2652 1366 2929 1433 adessent,
2971 1367 3070 1423 hoc
3100 1370 3413 1424 miraculum
3443 1386 3548 1426 non
3575 1384 3665 1425 est

2083 1458 2215 1510 ultra
2254 1459 2550 1527 praestitum
2594 1459 2757 1530 plebi,
2790 1474 2913 1516 cum
2960 1459 3079 1514 aliis
3107 1461 3382 1518 miraculis
3404 1461 3657 1535 frequen-

2080 1549 2186 1605 tius
2226 1550 2539 1608 illustrctur.

2647 1667 2874 1724 CAPUT
2910 1669 3089 1726 LVIII.

2595 1758 2671 1817 De
2696 1774 2867 1818 sancto
2894 1764 3141 1837 Eugenio.

2151 1869 2280 1924 lluic
2309 1880 2330 1907 ι’
2362 1882 2561 1941 cryptae
2590 1872 2831 1941 sociatur
2856 1885 2909 1929 et
2936 1876 3023 1930 ille
3050 1876 3459 1934 Honoriiiciarxc
3484 1875 3509 1917 ί
3536 1894 3652 1949 per-

2075 1961 2363 2018 Secutionis
2387 1980 2511 2017 mar,
2524 1980 2588 2034 yr
2610 1966 2894 2035 Eugenius,
2915 1969 3262 2025 sacerdotalis
3282 1969 3460 2028 infula:
3481 1974 3656 2027 maxi-

2076 2071 2217 2108 mnin
2248 2056 2433 2120 decus,
2466 2072 2623 2127 quem
2655 2060 2707 2113 in
2736 2059 2834 2113 hac
2864 2060 2993 2114 urbe
3019 2060 3294 2117 detrusum
3322 2063 3545 2131 exsilio,
3568 2066 3671 2120 vel

2074 2145 2238 2212 ipsius
2281 2150 2361 2203 vel
2410 2151 2674 2205 sociorum
2726 2150 2842 2222 ejus
2887 2152 3063 2221 passio
3110 2163 3293 2212 narrat
3333 2156 3460 2229 (An.
3509 2158 3614 2215 505
3640 2201 3689 2224 ,,

2076 2239 2143 2290 15
2170 2236 2326 2308 Jul.).
2365 2239 2458 2295 llic
2484 2255 2603 2294 cuin
2648 2244 2853 2312 magnis
2884 2243 2937 2298 iu
2959 2246 3159 2301 smculo
3199 2248 3424 2316 polleret
3447 2247 3657 2303 virtuti-

2076 2327 2195 2393 bus,
2241 2340 2287 2384 et
2316 2328 2425 2399 jim
2456 2331 2623 2385 victor
2651 2331 2716 2387 de
2749 2334 3025 2389 tormentis
3071 2338 3469 2407 martyrialibus
3512 2338 3662 2392 casia

2075 2421 2261 2487 liisset,
2313 2432 2523 2491 tempus
2566 2427 2857 2482 vocationis
2887 2443 3017 2493 sum,
3061 2444 3166 2497 quo
3194 2432 3542 2488 arcersiretur
3585 2436 3685 2489 ad»

2074 2514 2317 2579 gloriam,
2347 2515 2573 2569 Domino
2602 2518 2894 2588 revelante,
2931 2522 3198 2589 cognovit,
3229 2521 3355 2576 illud
3388 2524 3654 2594 pracipue

2072 2606 2215 2672 quod
2248 2607 2453 2675 populis
2483 2608 2844 2678 occulebatur,
2891 2611 3232 2667 manifestum
3283 2627 3550 2681 noscens,
3589 2630 3686 2671 so‘

2074 2699 2294 2768 martyri
2323 2698 2625 2755 Amarando
2653 2703 2856 2757 socium
2881 2717 3002 2759 esse
3031 2700 3287 2768 futurum,
3325 2705 3391 2761 ad
3419 2706 3536 2776 ejus
3560 2720 3653 2763 se-

2074 2791 2315 2860 pulcrum
2366 2792 2647 2860 dirigitur,
2691 2803 3091 2864 prostratusque
3140 2795 3296 2858 solo,
3351 2796 3679 2855 diutissimo-

2072 2885 2367 2937 orationem
2415 2885 2547 2937 fudit
2589 2885 2654 2938 ad
2686 2885 2962 2939 Dominum
3008 2904 3021 2938 :
3054 2886 3247 2941 dehinc
3271 2889 3525 2956 expansis
3554 2904 3650 2956 per

2076 2974 2431 3040 pavimentum
2470 2974 2734 3039 brachiis,
2764 2976 3005 3042 spiritum
3051 2977 3189 3031 coelo
3217 2976 3435 3042 direxit,
3480 2979 3572 3049 qui
3612 2993 3649 3033 δ

2073 3062 2390 3117 Christianis
2420 3065 2583 3135 789
2606 3066 2880 3130 collectus,
2911 3066 2962 3120 iu
2991 3066 3101 3135 ipsa
3129 3082 3232 3137 qua
3256 3066 3488 3123 diximus
3525 3084 3648 3141 cry-
3724 3088 3729 3091 ·

393 3161 739 3231 sepibusque]
768 3170 1067 3215 contectum
1101 3160 1281 3225 latuit,
1318 3160 1436 3224 sed,
1467 3161 1691 3215 Domino
1715 3162 1960 3229 jnheutc,
1994 3181 2038 3242 ρ
2074 3166 2158 3223 pta
2189 3156 2472 3224 sepultum
2517 3159 2796 3213 mandatus
2837 3166 2936 3215 est.
2984 3160 3063 3214 Ad
3112 3159 3262 3228 cujus
3307 3159 3644 3217 festivitatezn

392 3252 711 3307 Christianis
740 3253 947 3322 p0pulis
989 3254 1276 3307 revelatum
1322 3261 1423 3317 est,
1453 3263 1505 3306 ct
1535 3262 1719 3323 crypta
1762 3254 1813 3306 in
1857 3269 1958 3323 qua

393 3345 698 3415 quiescebat
725 3345 982 3414 patefacta
1006 3344 1354 3408 resplcnduit.
1383 3344 1486 3399 Sed
1523 3360 1643 3399 cum
1675 3344 1963 3402 hostilitate

391 3433 694 3503 impellente
720 3436 865 3489 locus
894 3435 985 3489 ille
1014 3436 1082 3489 ab
1114 3435 1501 3489 habitatoribus
1533 3434 1719 3491 fuisset
1739 3453 1963 3493 evacua-

391 3535 498 3595 tus,
528 3542 557 3581 a
602 3527 885 3596 longinqui
928 3526 1198 3582 venientes
1246 3527 1454 3593 incolze,
1492 3528 1748 3582 honorem
1799 3528 1959 3585 beato

392 3618 611 3690 Ilartyri
639 3619 788 3687 quasi
814 3620 1020 3673 custodi
1050 3618 1261 3687 proprio
1291 3617 1600 3674 nitebantur
1629 3619 1960 3686 impendere.

394 3708 555 3779 Igitur
581 3725 700 3764 cum
729 3724 914 3764 cereos
946 3709 1251 3779 frequenter
1279 3708 1490 3764 devotio
1531 3708 1839 3764 Christiana
1870 3709 1961 3766 de-

392 3800 577 3866 ferret,
620 3798 847 3868 quadam
888 3799 973 3853 dic
1001 3799 1240 3867 contigit,
1274 3808 1332 3853 ut
1360 3798 1571 3867 quidam
1614 3814 1721 3867 pra:
1760 3800 1964 3869 longin—

392 3890 592 3958 quitate
628 3890 832 3944 itineris
874 3890 1257 3943 incrementum
1302 3889 1459 3958 ignis,
1500 3903 1608 3957 quo
1637 3873 1960 3945 accendere-

392 3988 478 4033 tur
506 3980 672 4049 788
697 3993 914 4043 cereus,
944 3995 1046 4033 non
1079 3979 1376 4034 exhiberet.
1418 3978 1811 4048 Arreptumque
1855 3982 1966 4035 sili-

389 4086 506 4124 cem
530 4070 673 4126 ferro
692 4070 937 4125 verberat
961 4070 1109 4139 quasi
1144 4071 1317 4137 ignem
1339 4069 1612 4123 eliciturus
1635 4085 1649 4122 :
1677 4070 1818 4139 quod
1839 4071 1962 4125 dum

389 4170 590 4232 ageret,
616 4171 670 4217 ct
693 4161 896 4217 crebris
920 4160 1109 4216 ictibus
1133 4158 1362 4229 lapidem
1392 4158 1668 4229 quatiens,
1698 4158 1825 4212 nihil
1858 4159 1962 4215 foci

390 4318 683 4382 transtulit,
716 4317 891 4386 ihiqne
921 4315 1275 4384 perseveravit
1318 4314 1369 4368 in
1401 4314 1626 4386 ecclesia
1659 4314 1741 4367 sui
1791 4315 1964 4370 nomi-

390 4391 474 4442 nis
501 4404 622 4442 cum
667 4385 919 4456 adjuncto
956 4387 1279 4440 monasterio
1325 4385 1527 4438 ordinis
1574 4385 1960 4449 Cluniacensis.

390 4474 558 4528 usque
580 4458 647 4512 ad
676 4459 927 4513 sarculum
958 4457 1200 4524 proxime
1227 4457 1487 4528 elapsum,
1517 4470 1622 4523 quo
1652 4471 1679 4507 a
1726 4456 1961 4528 Calvini-

2069 3262 2191 3301 cum
2222 3258 2459 3317 tempore
2491 3248 2718 3316 quodam
2761 3249 3026 3305 innumeri
3067 3251 3244 3320 populi
3274 3252 3644 3317 convenirent,

2067 3335 2276 3406 negotia
2306 3337 2471 3392 multa
2504 3338 2556 3391 in
2582 3339 2722 3392 atrio
2767 3341 3120 3406 protulerunt.
3160 3340 3344 3397 Puella
3382 3356 3514 3397 vero
3538 3356 3643 3398 una

2066 3442 2133 3483 ex
2188 3428 2570 3484 habitatoribus
2616 3430 2715 3485 loci
2759 3430 3042 3485 stationem
3074 3431 3205 3499 adit,
3255 3433 3404 3501 quasi
3446 3434 3659 3503 aliquid.

2067 3531 2395 3587 cocmptura,
2444 3523 2783 3599 speciemque
2811 3523 2912 3578 sibi
2940 3532 3119 3594 aptam
3162 3525 3448 3595 aspiciens,
3480 3542 3511 3581 a
3553 3543 3662 3583 net

2064 3628 2097 3681 ε
2120 3613 2326 3668 »ιίτιιοτθ
2352 3616 2605 3682 suscepit.
2642 3613 2708 3669 Et
2749 3614 2926 3669 statim
2970 3616 3114 3670 dicto
3143 3616 3305 3671 citius
3344 3626 3661 3685 porrectam.

2064 3703 2217 3757 alteii
2265 3715 2422 3772 negat
2474 3719 2534 3758 se
2575 3706 2867 3773 accepisse.
2918 3705 3223 3775 Negotiator
3269 3720 3396 3763 vero
3440 3708 3657 3762 intente

2065 3795 2280 3849 aiebat:
2314 3796 2422 3851 Mea
2446 3812 2563 3851 eam
2592 3797 2683 3851 tibi
2716 3814 2874 3851 manu
2915 3798 3135 3867 pretuli,
3159 3809 3322 3868 tuque
3348 3798 3667 3853 rimandam.

2068 3887 2295 3941 sollcitc
2323 3888 2624 3955 suscepisti.
2656 3888 2855 3957 illaque
2884 3899 3130 3959 negante,
3163 3888 3237 3941 ait
3289 3890 3597 3959 negogiatur
3628 3906 3657 3943 :7

2067 3976 2124 4032 Si
2160 3977 2248 4029 tibi
2282 3985 2420 4029 tanta
2452 3984 2534 4031 est
2563 3977 2871 4042 pertinacia,
2917 3978 3493 4043 avaritiastimulantc,
3545 3994 3646 4033 nc-

2067 4068 2247 4137 gandi,
2275 4068 2475 4135 iudicet
2502 4067 2631 4123 illud
2657 4068 2842 4122 beatus
2882 4078 3084 4139 martyr
3114 4069 3399 4139 Eugenius.
3433 4068 3513 4124 Ad
3553 4083 3649 4138 cn;

2064 4157 2152 4226 jus
2207 4158 2543 4226 sepulcrum.
2593 4157 2640 4211 si
2690 4172 2811 4212 cum
2868 4158 3189 4213 sacramenti
3240 4159 3689 4229 interpositione~

2067 4334 2095 4372 a
2127 4318 2394 4372 [.tidnvico
2421 4318 2486 4371 de
2533 4316 2779 4371 Ambesta
2832 4318 3147 4373 translatum
3195 4329 3296 4373 est.
3336 4319 3410 4374 De
3439 4318 3645 4375 Viancii

2065 4390 2288 4444 ecclesia
2318 4396 2373 4441 et
2402 4388 2721 4442 monasterio
2751 4389 2871 4443 vide
2912 4390 3049 4443 llist.
3102 4403 3308 4456 persec.
3345 4389 3653 4445 Vandalicas

2065 4476 2094 4512 a
2127 4460 2276 4513 nobis
2303 4459 2521 4521 editam,
2549 4474 2667 4527 cap.
2697 4459 2749 4525 8,
2776 4475 2921 4513 num.
2942 4458 3197 4514 8.Saucti
3222 4460 3507 4514 Amarandi
3528 4475 3650 4529 pas-

391 4525 489 4616 stis
519 4536 916 4616 concrematum
943 4536 1051 4609 est.
1078 4528 1207 4616 Acta
1230 4526 1344 4616 ejus
1375 4525 1796 4616 ΙιςιιιεξιιιιξικηςζοιιΔ
1816 4527 1964 4616 laliit-
1996 4556 2042 4616 θ
2068 4532 2234 4584 sionis
2281 4529 2575 4591 historiam.
2619 4525 3102 4616 quam.(_}_regorius
3124 4530 3325 4596 laudat,
3368 4541 3459 4585 aut
3489 4525 3647 4585 aliam

388 4599 522 4662 losa,
566 4615 688 4669 qua:
738 4598 858 4654 ideo
901 4598 1081 4653 omisit
1127 4597 1494 4652 lienscbenius
1538 4597 1606 4651 ad
1654 4595 1722 4651 50
1766 4597 1967 4667 Aprilis

388 4669 742 4726 Bollandiani.

459 4748 488 4776 ⁸
518 4740 649 4794 Cod.
681 4738 872 4801 l.aud.,
905 4740 1125 4807 gratiam
1145 4746 1441 4792 consecutus
1466 4745 1557 4791 est.

459 4808 487 4847 ι)
510 4810 749 4867 Celebris
790 4822 873 4864 est
900 4811 953 4862 in
984 4808 1225 4878 Gregorii
1278 4810 1414 4862 llist.
1453 4808 1545 4861 lib.
1586 4822 1662 4861 vn
1694 4816 1749 4861 et
1776 4824 1864 4861 vttt
1896 4808 1965 4864 ob

388 4880 692 4935 ordinatum
724 4880 791 4935 ab
818 4894 885 4933 eo
914 4879 1254 4933 Faustianum
1301 4880 1606 4944 episcopum
1660 4881 1962 4945 Aduensem

388 4950 441 5003 in
490 4948 1001 5017 Novempnpulania.
1051 4948 1295 5003 Interfuit
1340 4949 1567 5002 concilio
1615 4946 1783 5000 Paris.
1834 4963 1885 5001 tv
1910 4956 1966 5002 et

388 5020 597 5072 blatise.
627 5033 685 5071 ll.
714 5019 942 5071 Litteras
965 5017 1118 5072 simul
1142 5028 1195 5072 et
1222 5032 1404 5073 sacras
1432 5017 1683 5086 reliquias
1702 5031 1732 5070 a
1762 5017 1963 5087 Grego-

388 5089 471 5144 rio
491 5087 678 5155 Magno
704 5087 928 5151 accepit.
952 5154 958 5155 7
1656 5154 1661 5155 ί
1702 5116 1708 5121 -

462 5168 486 5197 ε
518 5154 705 5213 Exstat
732 5157 888 5210 hodie
914 5154 1029 5220 ejus
1071 5156 1334 5221 passionis
1363 5156 1604 5217 historia,
1652 5154 1758 5208 imo
1788 5156 1965 5223 potius

390 5229 685 5285 fabularum
711 5225 1122 5287 consarcinatio,
1173 5234 1231 5278 ut
1279 5226 1531 5286 diximus,
1565 5225 1706 5278 nulla
1740 5226 1843 5280 fide
1881 5230 1965 5281 ili-

386 5314 511 5370 gna.
542 5300 648 5355 Sed
675 5316 781 5355 non
810 5294 1140 5370 spernendus
1165 5296 1411 5370 cst_li_b_cr
1430 5295 1497 5370 de
1528 5294 1645 5363 ejus
1665 5295 1961 5370 _.\Ii_raculis,

387 5364 586 5425 saeculo
613 5386 688 5426 ιιι
736 5369 986 5438 scriptus,
1033 5381 1191 5436 quem
1236 5365 1565 5420 Bollanliani
1612 5364 1679 5419 ad
1722 5366 1864 5421 diem
1894 5369 1964 5423 50

386 5442 582 5508 Aprilis
604 5441 906 5497 ediderunt.

456 5508 485 5548 ⁴
512 5510 867 5575 Amarandus,
897 5524 990 5564 seu
1022 5506 1404 5572 Amaranthus,
1458 5505 1601 5562 Decii
1631 5508 1963 5574 temporibus

385 5582 696 5653 martyrium
729 5594 1133 5653 consummasse
1161 5580 1374 5653 dicitur.
1409 5578 1677 5653 Sepultus
1697 5578 1793 5653 fuit
1822 5580 1959 5653 apud

386 5649 660 5705 Viaucium
709 5651 903 5719 vicum,
954 5650 1093 5703 haud
1143 5650 1325 5719 procul
1372 5650 1440 5702 ah
1473 5652 1604 5703 urbe
1653 5649 1954 5719 Albigeusi,

386 5721 561 5791 ibique
610 5733 803 5791 corpus
833 5718 950 5787 ejus
997 5716 1205 5791 sacrum
1255 5720 1514 5791 remansit
1558 5719 1621 5773 ad
1656 5716 1952 5791 ξιιμ,ίῆοῇ

384 5788 489 5849 auo
515 5792 565 5846 in
595 5789 875 5849 ecclesiam
904 5798 1101 5844 sancta:
1142 5789 1369 5846 Caeciliie
1402 5790 1548 5847 urbis
1589 5788 1952 5846 cathedralcut

2070 4615 2444 4671 quamcunque
2466 4614 2721 4671 nusquam
2752 4601 3007 4657 vidimus.

2149 4680 2173 4708 ⁸
2198 4670 2284 4726 Sic
2307 4680 2360 4725 et
2389 4670 2509 4725 cod.
2539 4670 2682 4724 Clar.
2716 4671 2767 4734 b,
2792 4671 3035 4739 quamvis
3059 4671 3127 4724 ibi
3156 4680 3315 4733 caput
3336 4670 3662 4738 prtecedens

2069 4741 2325 4819 desit._ln
2371 4741 2608 4819 margine
2635 4741 2893 4819 additum,
2927 4742 3067 4819 apud
3108 4742 3427 4819 Albigensem
3449 4739 3657 4797 urbem.
3754 4816 3757 4819 Δ

2070 4812 2197 4866 Mss.
2232 4809 2521 4879 Eugenium
2555 4812 2605 4864 in
2636 4811 2825 4876 capitis
2854 4811 3007 4864 titulo
3041 4822 3317 4879 martyrem
3339 4809 3543 4863 dicunt.

2147 4880 2165 4919 τ
2196 4882 2498 4949 Legendum
2551 4880 2931 4934 llunericiame.
2968 4880 3063 4934 llic
3105 4895 3295 4948 nempe
3343 4879 3653 4934 celebratus

2067 4962 2284 5005 sanctus
2313 4952 2579 5019 Eugenius
2618 4951 3053 5019 Carthagineusis
3089 4953 3334 5013 antistes,
3364 4951 3453 5014 qui
3503 4958 3648 5003 tem-

2068 5035 2198 5087 pore
2228 5017 2476 5074 llunerici
2511 5017 2866 5073 Vanilaloruin
2896 5022 2947 5074 in
2980 5017 3156 5073 Africa
3189 5021 3326 5088 regis
3360 5020 3519 5073 fidem
3557 5033 3648 5073 ca-

2069 5090 2319 5143 tholicam
2348 5091 2530 5153 verbo,
2560 5090 2774 5153 scriptis
2819 5097 2875 5142 et
2906 5091 3192 5154 miraculis,
3222 5090 3433 5156 egregie
3458 5088 3648 5143 adver-

2068 5174 2158 5215 Stts
2209 5159 2429 5214 Arianos
2457 5158 2712 5213 defendit.
2746 5159 2850 5215 Sed
2902 5159 3135 5221 tandem,
3189 5158 3410 5228 jubente
3453 5158 3657 5213 Trasa-

2069 5230 2288 5293 mundo,
2319 5230 2371 5284 in
2421 5228 2620 5285 Gallias
2661 5237 2956 5299 reicgatus,
2989 5227 3506 5299 Albigm’defunctus
3536 5236 3643 5291 est,

2066 5314 2130 5354 ac
2156 5299 2398 5367 sepultus
2429 5312 2591 5370 pr0pe
2617 5298 2868 5370 sanetum
2904 5298 3287 5370 Amarandum,
3320 5307 3495 5370 atque
3519 5313 3649 5354 cum

2067 5385 2152 5434 eo,
2183 5381 2237 5423 ut
2264 5375 2326 5423 ad
2351 5368 2469 5438 cap.
2501 5372 2730 5438 praeced.
2764 5369 3020 5432 diximus,
3061 5369 3111 5421 in
3139 5368 3420 5423 ecclesiam
3452 5370 3643 5423 cathet-

2073 5442 2279 5494 ilralcm
2306 5441 2720 5495 translatus.est.
2752 5440 2955 5511 Colitur
2982 5439 3185 5511 Alibigqa
3208 5439 3295 5511 die
3320 5440 3353 5493 ϐ
3382 5439 3561 5511 Sept.,
3582 5439 3640 5495 in

2070 5511 2457 5582 Martyrologiis
2481 5513 2707 5579 vulgatis
2754 5512 2836 5582 l3_
2851 5508 3167 5582 .Inliianus'
3188 5510 3470 5582 epistolam
3502 5508 3639 5564 Gre-

2068 5580 2551 5664 goriusnintegr-ant
2601 5581 2794 5663 retulit.
2825 5580 2957 5635 Hist.
2991 5580 3084 5636 lib.
3126 5596 3162 5635 tt
3194 5595 3315 5664 cap:
3346 5581 3400 5635 5.
3452 5581 3652 5664 penem

2069 5654 2218 5721 plora
2250 5651 2430 5706 Victor
2460 5650 2689 5717 Vitensis
2711 5650 3014 5721 episcOpus,
3043 5666 3199 5718 quem
3228 5649 3374 5717 vide,
3416 5660 3470 5705 et
3500 5649 3647 5709 llist.

2063 5720 2269 5794 pcrsec.
2307 5721 2609 5778 Vandalicto
2637 5762 2651 5788 ,
2680 5720 2837 5792 quam
2860 5720 2910 5778 ei
2936 5720 3338 5793 subjunxiutus,
3363 5734 3485 5792 cap.
3513 5720 3569 5774 tt.
