4072 6346
576 305 679 359 759

1575 318 1630 373 S.
1677 317 2005 372 CRECOI‘uI
2050 315 2350 373 EPISCON
2391 319 2822 378 TURONENSIS

3729 332 3844 385 Ἱσῖο

571 421 814 476 edixeris
837 431 888 480 te
928 440 1031 479 non
1057 428 1348 496 accepisse,
1381 429 1561 484 damni
1607 432 1736 486 mihi
1769 433 1897 486 nihil
1942 435 2153 488 aestimo
2184 438 2228 493 A
2263 442 2426 500 trum,
2462 437 2604 503 quod
2638 437 2688 491 in
2722 438 2897 506 pilulis
2927 439 3108 494 nescio
3137 441 3331 511 quibus
3370 458 3688 500 conversum
3721 446 3846 500 fue-

568 511 710 579 quod
733 514 903 568 amisi.
940 517 1006 569 At
1034 517 1118 570 illa
1153 519 1382 582 pollicita
1411 534 1470 574 se
1503 534 1659 588 posse
1691 536 1756 574 ex
1786 523 1886 576 hoc
1918 525 2039 576 exui
2063 538 2149 576 sa-

571 615 864 674 cramento,
889 609 1036 662 vadit
1058 611 1207 663 ocius
1228 611 1292 664 ad
1320 614 1654 680 sepulcrum;
1681 614 2012 682 elevatisque
2038 629 2151 668 ma-

543 740 545 742 .
572 699 730 753 nibus
754 709 809 753 nt
825 700 1048 769 juraret,
1071 705 1339 773 extemplo
1357 707 1610 760 membris
1632 706 2144 777 dissolutisirriguit,

574 790 874 859 plantasque
902 791 1017 860 ejus
1047 793 1221 848 aflixa:
1251 784 1374 848 sunt
1405 797 1704 862 pavimento
1730 813 1743 859 ;
1774 811 1874 850 vox
1920 798 2070 852 haesit
2095 798 2148 851 in

569 889 800 947 gutture,
831 891 1032 937 tantum
1080 899 1140 938 os
1173 887 1405 953 patulum
1437 901 1466 940 a
1495 902 1741 942 sermone
1787 889 1984 942 nudum
2031 890 2146 942 hia-

569 972 680 1026 bat.
711 971 860 1038 Quod
893 976 1190 1042 negotiator
1238 991 1358 1031 cum
1391 978 1596 1046 reliquo
1645 981 1840 1047 popqu
1877 995 2102 1036 cernens
2125 1021 2140 1046 ,

568 1062 643 1117 alt
675 1079 688 1116 :
721 1063 895 1119 Prosit
927 1067 1044 1132 tibi,
1078 1067 1266 1137 inquit,
1293 1070 1470 1138 virgo,
1504 1069 1617 1124 lucc
1646 1071 1854 1139 species
1885 1087 2041 1141 quam
2068 1081 2149 1126 tu-

568 1155 674 1210 listi
707 1158 854 1223 mihi,
883 1159 1232 1214 suflicitultii
1259 1161 1379 1215 data
1435 1177 1530 1231 per
1561 1162 1864 1233 Martyrem.
1917 1165 1980 1218 Et
2033 1164 2146 1218 hate

567 1245 773 1312 dicens,
818 1263 846 1302 a
897 1249 1013 1305 loco
1057 1253 1316 1307 discessit.
1361 1253 1454 1308 Illa
1495 1270 1621 1310 vero
1669 1256 1719 1309 in
1750 1257 1849 1310 hoc
1879 1264 2148 1312 tormento

566 1337 861 1395 diutissime
901 1340 1112 1396 detenta
1133 1383 1147 1408 ,
1180 1343 1392 1399 tandem
1422 1345 1650 1414 Martyre
1673 1345 1896 1414 jubente
1949 1349 2144 1413 locuta,

565 1426 740 1495 palam
770 1430 1011 1485 confessa
1040 1442 1121 1487 est
1167 1433 1306 1502 quod
1351 1434 1485 1489 clam
1521 1435 1685 1490 latere
1719 1437 1977 1493 voluerat.
2009 1439 2144 1506 Quid

564 1519 707 1588 agis,
735 1536 767 1576 ο
799 1521 978 1577 infelix
1007 1525 1264 1579 avaritia?
1291 1526 1416 1594 quid
1449 1529 1694 1596 petendis
1723 1529 1880 1584 rebus
1903 1531 2090 1585 alienis
2119 1541 2144 1569 ⁸

563 1611 865 1667 succumbis
896 1628 1048 1668 mens
1095 1614 1353 1680 feminea,
1385 1633 1490 1672 non
1525 1620 1735 1673 virilis?
1779 1621 1844 1676 Ut
1889 1622 2014 1690 quid
2058 1623 2146 1678 lir-

565 1713 706 1754 mam
756 1701 971 1757 loricam
1028 1707 1221 1768 mentis
1264 1708 1470 1763 modica
1502 1710 1906 1765 transverberas
1950 1715 2140 1782 sagitta

561 1790 906 1860 cupiditatis?
933 1793 1066 1861 Quid
1093 1811 1407 1870 congregas,
1436 1815 1469 1853 o
1500 1800 1683 1867 homo,
1715 1807 1829 1855 auri
1856 1802 2146 1874 rubiginosi
2180 1803 2226 1862 B

562 1881 783 1947 talenta,
816 1897 934 1937 cum
984 1885 1049 1948 iis
1075 1901 1291 1944 arsurus
1336 1890 1387 1941 in
1418 1890 1698 1958 gehenna?
1725 1891 1861 1956 Quid
1894 1892 1984 1948 tibi
2027 1909 2144 1960 pro-

561 1981 686 2025 sunt
709 1975 939 2043 peritura
971 1975 1140 2041 lucra,
1187 1994 1306 2047 qua:
1336 1991 1550 2035 (eterna!
1578 1981 1703 2035 vita:
1743 1983 1950 2050 pariunt
1983 1983 2144 2038 detri-

561 2066 782 2119 menta?
808 2066 958 2136 juxta
989 2069 1114 2124 illud
1143 2070 1349 2126 Domini
1381 2073 1596 2128 verbum
1624 2093 1638 2130 :
1668 2075 1807 2140 Quid
1837 2079 2043 2145 prodest
2065 2078 2145 2136 Ιιο-

560 2155 686 2208 πιθηί
709 2157 754 2210 si
776 2165 934 2212 totum
969 2162 1212 2214 mundum
1246 2162 1486 2229 lucretur,
1526 2166 1709 2220 animae
1732 2176 1899 2220 autem
1921 2184 2026 2228 sua:
2055 2172 2142 2222 de-

559 2246 849 2302 trimentum
879 2251 1142 2318 patiatur?
1167 2252 1288 2315 Aut,
1313 2271 1462 2320 quam
1496 2257 1639 2310 dabit
1682 2257 1831 2314 homo
1860 2270 2140 2321 commuta—

557 2336 743 2391 tionem
769 2355 864 2408 pro
892 2341 1065 2397 anima
1085 2359 1180 2398 sua
1202 2343 1418 2412 (Matth.
1450 2361 1563 2414 xvr,
1585 2348 1716 2418 ‘26)?

1153 2453 1382 2510 CAPUT
1422 2456 1558 2520 LIX.

969 2561 1046 2622 De
1066 2565 1255 2619 ultione
1274 2568 1542 2637 cujusdam
1565 2570 1716 2637 furis.

627 2671 791 2744 790
813 2671 1052 2732 Ecclesia
1081 2673 1109 2714 δ
1134 2685 1218 2732 est
1237 2678 1337 2733 vici
1357 2678 1730 2750 jlcidiorensis,
1761 2683 1862 2741 sub
1910 2690 2138 2746 termino

560 2761 845 2825 Turonicaa
871 2765 1038 2832 urbis,
1065 2782 1183 2837 qua!
1213 2768 1526 2841 plerumque
1541 2775 1706 2830 sacris
1727 2777 1996 2834 miraculis
2024 2779 2142 2836 illu-

555 2844 786 2924 stratur,
806 2855 1067 2914 fenestras
1087 2874 1149 2914 ex
1166 2876 1316 2916 more
1337 2862 1559 2934 habens,
1573 2881 1691 2936 quae
1713 2869 1848 2924 vitro
1873 2870 2029 2942 lignis
2058 2876 2138 2930 in-

554 2947 712 3002 cluso
742 2948 1083 3019 clauduntur,
1107 2966 1213 3021 quo
1243 2956 1552 3022 prrclarius
1571 2959 1672 3014 aedi
1695 2971 1922 3017 sacratis
1957 2965 2135 3021 lumen

457 3063 466 3072 -
553 3035 698 3106 quod
734 3038 964 3094 mundus
994 3044 1254 3098 meruerit
1287 3045 1722 3104 subministrant.
1755 3051 1924 3118 Quam
1958 3055 2135 3110 eccle-

551 3129 686 3184 siam
723 3127 812 3188 fur.
841 3142 1134 3190 nocturnus
1177 3136 1622 3210 importunusque
1663 3145 1996 3214 aggreditur,
2045 3149 2130 3202 in-
2163 3156 2207 3218 ρ

549 3234 876 3293 gressusque
927 3234 1105 3293 nocte,
1157 3241 1278 3282 cum
1331 3231 1507 3285 omnia
1554 3245 1803 3290 cerneret
1845 3238 2127 3294 custodum

552 3325 682 3367 cura
709 3314 870 3382 tueri,
903 3324 958 3371 et
980 3317 1110 3372 nihil
1144 3318 1210 3374 de
1241 3323 1409 3376 sacris
1439 3324 1750 3381 ministeriis
1786 3329 1926 3396 quod
1955 3330 2131 3386 aufer-

553 3409 636 3457 ret
657 3402 980 3472 adverteret,
1005 3408 1080 3461 ait
1109 3409 1246 3463 intra
1271 3424 1331 3465 se
1357 3428 1371 3466 :
1401 3413 1458 3468 Si
1489 3414 1649 3480 aliud,
1670 3419 1860 3488 inquit,
1890 3421 2131 3479 invenire

507 3559 510 3564 .
553 3506 666 3546 non
692 3507 931 3563 possum,
961 3496 1042 3551 vel
1074 3497 1170 3552 has
1200 3500 1345 3567 ipsas
1374 3517 1506 3570 quas
1541 3519 1705 3561 cerno
1755 3508 1949 3565 vitreas
1984 3514 2133 3570 aule-

549 3595 694 3649 ram,
727 3582 952 3653 fusoque
983 3588 1205 3643 metallo
1245 3590 1448 3662 aliquid
1485 3596 1600 3650 auri
1632 3600 1942 3668 conquiram
1975 3603 2126 3659 mihi.

553 3673 764 3731 Ablatis
791 3676 951 3746 igitur
978 3678 1356 3752 dissipatisque
1397 3686 1606 3754 vitreis,
1639 3691 1910 3746 metallum
1948 3694 2130 3750 abstu-

557 3763 645 3830 lit,
676 3774 730 3821 et
757 3766 812 3822 in
838 3781 1028 3838 pagum
1058 3771 1276 3844 Biturigi
1303 3777 1556 3833 territorii
1581 3781 1828 3836 contulit.
1877 3781 2129 3842 Missum-

551 3870 657 3924 que
684 3857 880 3913 vitrum
905 3860 956 3915 in
985 3859 1205 3920 fornace
1245 3880 1339 3934 per
1367 3867 1600 3924 triduum
1631 3870 1958 3943 decoquens,
2008 3877 2129 3933 nul-

552 3947 662 4002 Ium
687 3950 882 4008 exinde
907 3967 1040 4024 opus
1064 3956 1235 4025 potuit
1258 3959 1514 4028 expedire
1543 3980 1556 4017 :
1587 3963 1864 4035 victusque
1878 3969 2125 4038 crimine,

551 4041 792 4100 divinum
821 4059 983 4116 super
1011 4062 1073 4104 se
1089 4048 1351 4118 judicium
1378 4051 1610 4122 intuens,
1644 4071 1978 4129 nequaquam
2005 4076 2125 4117 mo-

550 4139 638 4189 tus
681 4136 933 4204 perdurat
960 4138 1014 4193 in
1057 4141 1230 4196 malis.
1260 4142 1508 4201 Ablatum
1549 4156 1726 4203 autem
1763 4164 1794 4204 a
1821 4152 2019 4209 cacabo
2048 4155 2127 4209 vi-

624 4300 652 4330 ιι
683 4291 810 4348 Mss.
839 4299 1089 4360 quatuor,
1122 4296 1458 4360 petendarum
1509 4315 1678 4353 rerum
1728 4302 2032 4360 alienarum.
2067 4305 2124 4360 In

550 4359 704 4436 Colb.
732 4377 761 4414 a
804 4359 1169 4436 emendatum,
1188 4371 1496 4436 appetentius
1514 4382 1823 4436 rerum,etc.
1849 4374 1970 4429 Ilaec
1997 4359 2124 4432 vero

549 4431 616 4484 ad
644 4432 799 4484 linem
833 4447 950 4498 cap.
977 4433 1164 4488 desunt
1186 4433 1236 4493 in
1265 4431 1408 4492 Clar.
1444 4439 1496 4494 b.

622 4500 650 4539 δ
692 4501 802 4583 ΙΙρε
816 4510 989 4583 caput
1015 4501 1164 4583 deest
1190 4505 1241 4583 in
1269 4506 1411 4583 Clar.
1440 4524 1493 4583 a_.
1511 4519 1572 4583 et
1591 4510 1750 4583 simul
1773 4525 1892 4566 cum
1927 4527 2038 4583 seq.
2065 4516 2115 4569 in

548 4569 691 4652 Clar.
727 4572 778 4652 b:
811 4571 972 4652 Colb.
986 4573 1430 4652 §.__Icioder_cfnsis.
1461 4578 1537 4635 De
1561 4581 1660 4635 hoc
1689 4582 1808 4636 loco
1836 4569 2040 4652 egimus
2061 4585 2115 4642 in

548 4641 692 4696 notis
712 4642 777 4696 ad
797 4657 915 4710 cap.
951 4643 1017 4699 I2
1046 4645 1217 4699 lib..vr
1248 4646 1380 4702 IIist.

623 4722 646 4748 θ
684 4712 773 4768 Sic
801 4714 945 4767 Clar.
972 4729 1000 4766 a
1023 4732 1037 4776 ;
1061 4715 1242 4776 caeteri
1274 4718 1398 4770 Mss.
1426 4726 1481 4772 et
1507 4716 1649 4775 Editi
1681 4729 1811 4782 vet..
1856 4722 2112 4781 Donatus.

546 4779 754 4855 ﬂorum
778 4793 1067 4853 martyrum
1096 4785 1360 4855 passionis
1386 4789 1660 4843 historiam
1685 4779 1928 4847 dedimus
1975 4779 2117 4851 inter

545 4852 1021 4924 Actailartyrum,
1056 4852 1174 4924 pag.
1220 4857 1345 4919 £95,
1388 4868 1441 4912 et
1491 4857 1856 4916 Ilenschenius
1902 4864 1991 4919 die
2049 4868 2116 4920 ΞΑ

539 4921 661 5006 ἔξειξί
692 4921 1271 5006 ᾑρηυειῃίιςὶἰθηίίεότυω
1300 4928 1613 4998 martyrium
1632 4932 1698 4986 ad
1727 4947 1922 4988 annum
1947 4951 2115 5006 usque

541 4991 646 5046 505
674 4993 851 5046 differt
882 4993 1158 5048 Baronius.

613 5060 643 5100 ά
669 5063 826 5136 ΒΘΗ..
853 5062 1177 5136 Similianus,
1212 5066 1370 5131 vulgo
1399 5069 1532 5123 saint
1562 5070 1797 5136 Sambin,
1835 5076 2022 5130 tertius
2056 5079 2107 5133 in

541 5131 809 5214 Catalogis
840 5134 1066 5214 vulgatis
1107 5137 1274 5203 episc.
1306 5138 1740 5214 Namnetensium
1773 5131 2104 5214 recensemr,

538 5203 634 5278 sed
667 5205 795 5278 nihil
823 5203 1030 5278 decjus
1055 5215 1211 5260 tenue
1233 5219 1563 5278 compertum
1589 5212 1864 5269 habemus.

614 5273 634 5295 ‘
667 5274 814 5329 IIanc
858 5275 1188 5332 obsidionem
1218 5278 1284 5331 ad
1314 5273 1551 5334 eitrema
1579 5282 1873 5340 Chlodovei
1921 5286 1937 5339 Ι
1970 5295 2103 5341 tem-

540 5355 691 5417 pora,
725 5345 777 5397 id
795 5356 878 5399 est
915 5359 1004 5400 an.
1052 5347 1154 5401 510
1183 5357 1273 5403 aut
1299 5363 1436 5417 seq.,
1473 5364 1687 5406 revocat
1711 5355 1968 5416 Cointius,
2001 5360 2100 5412 sub

535 5413 689 5477 cujus
722 5429 896 5470 tamen
927 5427 1187 5480 potestate
1215 5435 1356 5472 anno
1380 5413 1480 5475 ΒΗ
1515 5423 1757 5476 exstabat
1786 5427 1909 5478 urbs
1939 5413 2101 5480 Nam-

534 5485 858 5538 netensium.
907 5484 1038 5540 Nam
1087 5488 1414 5554 Epiphanius
1441 5489 1812 5548 Namnetensis
1858 5511 1922 5549 eo
1961 5513 2103 5553 anno

531 5554 760 5628 concilio
789 5554 1196 5628 Aurelianensit
1226 5559 1561 5628 subscripsit.

547 5673 551 5677 .
611 5621 629 5659 ί
667 5623 1026 5700 Iltechasilica
1051 5628 1312 5700 hodieque
1339 5621 1595 5689 substitit.
1622 5633 1912 5700 parochiali
1941 5636 2100 5693 titulo

531 5703 739 5772 prnata,
769 5695 905 5772 sicut
933 5704 988 5752 et
1017 5695 1240 5772 basilica
1258 5699 1426 5755 sancti
1470 5695 1756 5772 Similiani,
1787 5704 1938 5772 cujus
1963 5706 2092 5764 titu-

533 5762 658 5828 lut'is
690 5766 992 5822 nominatur
1032 5769 1098 5822 ab
1146 5784 1251 5823 uno
1278 5785 1306 5824 c
1333 5771 1601 5827 canonicis
1640 5762 1878 5829 ecclesia:
1907 5762 2090 5839 cathe-

2254 534 2354 591 rat,
2408 527 2816 583 advenientibus
2873 531 3293 602 negotiatoribus
3346 537 3715 602 venumdedit,
3783 549 3846 593 ut

2251 616 2457 670 scilicet
2484 629 2699 686 accepta
2733 621 2983 686 pecunia,
3037 601 3206 678 novus
3255 623 3427 691 Giezi,
3461 626 3658 695 Iepram
3705 643 3842 696 per-

2252 718 2463 776 petuam
2502 721 2858 779 compararet.
2913 713 3043 767 Nam
3093 716 3410 773 adveniente
3441 718 3528 773 die
3556 730 3673 789 post
3703 722 3840 774 anni

2253 798 2598 864 curriculum,
2636 801 2778 868 quod
2815 800 2946 872 [Al.,
2970 805 3098 875 quo]
3129 806 3229 861 hoc
3267 807 3461 863 furtum
3486 809 3710 877 fecerat,
3747 826 3845 866 ca-

2253 896 2346 956 put
2377 887 2496 957 ejus
2545 893 2738 944 tumori
2784 893 3144 950 datur:oculi
3196 913 3408 966 quoque
3451 901 3730 970 inﬂantur,
3779 915 3840 956 ut

2251 977 2366 1031 erui
2397 993 2424 1030 a
2447 981 2562 1033 suis
2587 979 2717 1034 locis
2759 991 3119 1039 autumentur.
3151 986 3277 1040 Haec
3306 997 3484 1044 autem
3515 991 3564 1045 ei
3601 990 3840 1060 singulis

2250 1070 2404 1124 annis
2433 1072 2689 1125 eveniunt
2714 1072 2766 1126 in
2795 1076 2883 1128 die
2914 1075 2999 1129 illa
3029 1092 3132 1143 qua
3163 1077 3360 1133 furtum
3391 1081 3628 1136 admisit.
3661 1082 3836 1137 Plan-

2250 1160 2430 1228 gitque
2459 1161 2623 1216 miser
2648 1164 2867 1230 vitrum,
2891 1165 3030 1234 quod
3059 1181 3126 1220 ex
3156 1168 3347 1226 itinere
3367 1185 3474 1241 quo
3501 1171 3637 1241 [Αιη
3662 1173 3838 1244 quod]

2252 1252 2544 1308 transmisit
2569 1269 2674 1307 non
2703 1256 2872 1324 potuit
2895 1269 3167 1313 revocare.

2849 1371 3076 1432 CAPUT
3121 1374 3231 1439 XL,

2249 1475 2326 1531 De
2374 1478 2658 1548 Rogatiano
2706 1491 2754 1536 et
2803 1483 3088 1622 Donatilano
3135 1489 3461 1562 martyribus,
3489 1501 3541 1547 et
3585 1490 3832 1554 Similino

2880 1571 2972 1609 con
3001 1573 3191 1612 estora.

2880 1571 3191 1612 ιοιιιεεεογε.

2318 1655 2473 1724 Apud
2509 1659 2695 1713 urbem
2723 1676 2852 1715 vero
2882 1663 3244 1721 Namneticam
3287 1666 3391 1720 duo
3415 1677 3540 1722 sunt
3562 1682 3830 1746 martyres

2251 1760 2349 1814 pro
2379 1747 2574 1802 Christi
2604 1753 2819 1806 nomine
2841 1753 3063 1822 jugulati
3093 1755 3216 1822 (An.
3240 1757 3366 1822 290,
3399 1757 3466 1810 2i
3500 1758 3676 1828 Maii).
3699 1761 3827 1833 Quo

2254 1854 2369 1892 rum
2403 1854 2539 1895 unus
2563 1840 2910 1911 Rogatianus,
2947 1845 3081 1901 alter
3116 1847 3439 1904 Douatlanus
3465 1860 3486 1888 ε
3517 1861 3600 1905 est
3626 1853 3826 1912 vocita-
3854 1851 3858 1858 ’

2251 1936 2354 1982 tus.
2391 1929 2625 1986 Ilahetur
2671 1932 2740 1987 ibi
2778 1937 2938 1990 etiam
2967 1947 3020 1990 et
3047 1937 3326 1996 Similinus
3351 1937 3376 1976 ά
3413 1943 3570 2012 79ι
3600 1958 3826 2013 magnus

2249 2019 2528 2076 confessor
2561 2022 2680 2092 (An.
2714 2023 2839 2091 5l0,
2871 2027 2934 2081 I6
2957 2027 3136 2100 lum).
3170 2030 3332 2100 Igitur
3357 2047 3476 2087 cum
3500 2049 3661 2104 supra
3685 2036 3825 2093 dicta

2245 2109 2432 2165 civitas
2464 2121 2704 2181 tempore
2742 2115 3066 2176 Chlodoveci
3097 2121 3236 2190 regis
3265 2122 3540 2179 barbarica
3590 2127 3823 2182 vallaree

2245 2208 2330 2253 tur
2351 2203 2627 2260 obsidione
2661 2216 2683 2243 θ
2709 2208 2834 2275 (Au.
2864 2209 2986 2264 circ.
3035 2211 3186 2281 510),
3211 2213 3390 2290 etjam
3419 2217 3692 2285 sexaginta
3711 2219 3824 2273 dies

2247 2291 2298 2347 in
2329 2293 2427 2349 hac
2457 2311 2692 2351 mrumna
2726 2299 3024 2365 auxissent,
3045 2304 3216 2358 media
3251 2305 3360 2360 fere
3388 2315 3542 2361 nocte
3571 2323 3821 2384 apparue-

2243 2393 2369 2437 runt
2394 2386 2599 2455 pOpulis
2626 2387 2724 2442 viri
2757 2404 2876 2444 cum
2907 2391 3044 2447 albis
3078 2394 3335 2461 vestibus,
3371 2397 3705 2455 radiantibus
3735 2415 3820 2461 ce-

2242 2473 2370 2540 reis,
2389 2488 2417 2526 a
2441 2474 2657 2530 basilica
2690 2474 2708 2515 ι
2744 2478 3021 2536 beatorum
3046 2482 3330 2554 Martyrum
3361 2488 3541 2558 egredi
3566 2505 3580 2542 :
3609 2502 3662 2544 et
3692 2506 3818 2546 ecce

2241 2566 2380 2621 alius
2409 2567 2603 2622 chorus
2631 2569 2753 2627 huic
2793 2573 2985 2629 similis
3037 2577 3104 2630 de
3148 2577 3364 2632 basilica
3398 2581 3690 2649 procedere
3719 2598 3817 2636 an-

2242 2659 2422 2715 tistitis
2450 2661 2704 2717 Similini.
2736 2663 2974 2736 Cumque
3000 2668 3392 2740 conjungentes
3420 2687 3499 2733 se,
3525 2673 3644 2726 data
3675 2675 3813 2729 salu-

2243 2751 2465 2816 tatione,
2488 2753 2721 2808 orationi
2751 2756 3135 2822 incubuissent,
3167 2775 3507 2819 recesserunt
3535 2767 3814 2835 unusquis-

2240 2854 2345 2910 que
2375 2840 2441 2894 ad
2475 2840 2650 2896 locum
2701 2844 2840 2909 unde
2884 2861 3198 2920 progressus
3223 2851 3413 2918 fuerat,
3461 2869 3524 2910 ac
3569 2857 3810 2925 protinus

2238 2933 2412 2994 omnis
2441 2933 2704 3005 phalanga
2734 2935 2944 2993 hostilis
2987 2941 3250 2998 immenso
3295 2960 3486 3014 pavore
3527 2950 3808 3012 exterrita,

2240 3019 2312 3074 ita
2345 3021 2519 3084 subito
2545 3024 2742 3092 impetu
2770 3040 2799 3086 a
2832 3027 2948 3085 loco
2995 3031 3264 3098 discessit,
3295 3043 3355 3087 ut
3385 3035 3516 3090 facta
3549 3038 3666 3093 luce
3688 3039 3808 3094 nul-

2242 3110 2325 3168 lus
2356 3127 2422 3168 ex
2458 3113 2538 3166 his
2565 3116 2787 3180 reperiri
2813 3127 3015 3186 posset.
3047 3122 3306 3191 Apparuit
3336 3135 3459 3181 ante
3486 3127 3626 3181 dicta
3643 3129 3808 3184 virtus

2235 3200 2468 3256 Chilloni
2513 3202 2673 3276 [σιω.
2706 3223 2759 3274 α,
2787 3207 3039 3282 Chillino]
3086 3212 3320 3279 cuidam,
3375 3217 3468 3285 qui
3519 3226 3642 3273 tunc
3689 3219 3806 3275 huic

2237 3293 2497 3350 exercitui
2541 3307 2786 3366 praeerat.
2815 3301 2915 3368 Qui
2940 3303 3166 3358 necdum
3198 3315 3315 3361 erat
3341 3322 3410 3362 ex
3441 3323 3575 3379 aqua
3606 3321 3657 3365 et
3690 3311 3802 3380 Spi-

2237 3385 2338 3440 ritu
2370 3397 2555 3443 sancto
2583 3400 2820 3457 renatus,
2855 3395 2942 3463 qui
2983 3396 3163 3451 statim
3224 3410 3578 3469 compunctus
3624 3406 3804 3467 corde,

2233 3490 2525 3532 conversus
2551 3478 2616 3533 ad
2638 3479 2940 3553 Dominum,
2970 3483 3156 3543 iterata
3182 3488 3457 3548 nativitate
3477 3495 3803 3562 progenitu-.

2233 3566 2502 3629 Christum
2543 3585 2665 3628 esse
2695 3571 2891 3633 Filium
2934 3574 3030 3630 Dei
3074 3578 3178 3634 vivi
3222 3577 3366 3636 clara
3410 3595 3544 3638 voce
3589 3592 3804 3640 testatus

2232 3667 2337 3726 est.

2819 3756 3043 3816 CAPUT
3083 3757 3219 3816 LXI.

2633 3865 2716 3920 De
2741 3869 2971 3938 reliquiis
2993 3869 3126 3924 beati
3151 3870 3384 3925 Nazarii.

2300 3975 2356 4030 In
2390 3977 2660 4034 territorio
2688 3994 2900 4050 quoque
2938 3983 3084 4040 urbis
3125 3985 3450 4042 Namnetica:
3488 3998 3541 4054 ε,
3587 3989 3639 4043 in
3679 3991 3801 4044 vico

2228 4067 2458 4136 quodam
2487 4082 2646 4138 supra
2677 4072 2885 4126 alveum
2911 4073 3134 4143 Ligeris,
3162 4076 3300 4131 beati
3333 4077 3535 4133 Nazarii
3565 4081 3801 4149 reliquiae

2228 4160 2571 4216 continentur
2599 4161 2769 4221 (An...
2801 4165 2867 4220 η
2904 4164 3085 4235 Jun.).
3105 4165 3268 4238 Igitur
3295 4172 3526 4240 quodam
3557 4180 3800 4242 tempore

2226 4314 2412 4380 dralis,
2439 4315 2560 4371 ideo
2584 4316 2752 4370 sancti
2786 4316 3043 4373 Similiani
3068 4321 3228 4375 dicto.
3253 4321 3468 4377 Diversa
3488 4333 3570 4378 est
3599 4325 3665 4380 ab
3689 4328 3796 4380 illis

2224 4385 2435 4466 abbatis
2466 4394 2770 4466 sanctorum
2813 4389 3088 4456 Rogatiani
3138 4402 3192 4466 et
3245 4392 3522 4466 Donaliani
3574 4395 3626 4448 in
3661 4412 3796 4466 pago

2225 4455 2593 4539 Namnetensi,
2633 4455 3106 4539 qumhmetuoratur
3137 4463 3186 4514 in
3215 4462 3405 4539 charta
3426 4467 3627 4539 pdonis
3655 4455 3796 4539 iugis

2144 4535 2198 4598 ι)
2222 4540 2288 4580 an
2313 4529 2436 4598 893.
2465 4526 2560 4582 lib.
2586 4541 2637 4598 χι
2666 4528 2732 4580 de
2759 4527 2836 4582 Re
2860 4529 3134 4597 diplomat.
3167 4547 3311 4586 num.
3349 4534 3466 4588 εει.

2292 4604 2319 4642 8
2345 4597 2562 4672 Aliquot
2584 4595 2732 4672 Mss”
2757 4595 3082 4672 etiamClar.
3113 4604 3162 4665 h,
3198 4603 3248 4654 in
3275 4620 3380 4670 quo
3405 4615 3564 4669 caput
3586 4622 3792 4672 prame-

2220 4665 2353 4740 dens
2373 4667 2534 4740 deest
2558 4666 2673 4740 :_In
2702 4669 2957 4720 territorio
2994 4687 3193 4739 quoque
3243 4665 3405 4740 ipsius
3434 4665 3598 4738 urbis,
3622 4678 3692 4730 in.
3737 4679 3794 4732 Et

2222 4735 2309 4790 hic
2336 4736 2556 4810 ultimus
2581 4738 2631 4810 in
2664 4740 2920 4810 margine,
2945 4735 3084 4810 apud
3107 4735 3290 4794 urbem
3315 4735 3676 4798 Nannettcam.
3705 4748 3792 4807 L0-

2220 4819 2316 4879 cus
2370 4806 2473 4879 ille
2516 4806 2650 4879 infra
2706 4806 2994 4879 Natum-tas
3039 4810 3304 4879 hodieque
3351 4830 3543 4868 nomen
3600 4818 3791 4869 retiiet

2220 4873 2400 4948 Sancti
2432 4875 2658 4942 Nazarii,
2715 4878 2799 4931 ubi
2854 4890 3050 4944 prauer
3107 4873 3464 4948 parochialom
3513 4887 3788 4939 ecclesiam

2221 4946 2506 5021 p-rioratns‘
2532 4956 2711 5021 exstat
2762 4952 3084 5021 monasterio
3110 4946 3285 5021 sancti
3320 4955 3497 5008 Albini
3549 4957 3789 5021 Andega-

2217 5018 2397 5088 vensis
2427 5015 2834 5088 sulijectus,jcui
2869 5028 3110 5085 tempore
3148 5020 3412 5088 Gregorii,
3461 5027 3532 5078 uti
3577 5042 3638 5078 ex
3692 5015 3788 5079 huc

2217 5085 2336 5138 loco
2391 5087 2642 5153 conjicio,
2699 5086 2864 5140 abbas
2913 5101 3137 5153 prteerat
3193 5085 3429 5147 virorum
3484 5099 3784 5150 conventui.

2211 5157 2343 5228 Quis
2369 5171 2505 5228 vero
2528 5157 2615 5209 ille
2646 5157 2714 5228 sit
2763 5158 3035 5228 Nazarius,
3082 5160 3320 5216 divinare
3353 5179 3458 5217 non
3489 5164 3633 5228 licet,
3668 5182 3782 5217 cum

2211 5226 2401 5302 eodem
2458 5226 2544 5302 die
2579 5228 2643 5281 12
2673 5226 2811 5302 Junii
2843 5227 3046 5282 Nazarii
3105 5243 3214 5285 tres
3267 5235 3533 5297 colantur,
3587 5226 3783 5302 primus

2210 5294 2493 5350 Mediolani
2539 5311 2658 5350 cum
2690 5297 2845 5351 Celso
2877 5313 3038 5364 puero
3068 5314 3097 5353 a
3128 5311 3313 5353 sancto
3344 5294 3626 5359 Ambrosio
3675 5307 3781 5358 ﬂe-

2209 5365 2406 5419 diolani
2441 5367 2851 5442 inventus,_item
2874 5371 2980 5442 duo
3007 5380 3268 5442 martyres
3291 5372 3396 5426 illis
3423 5375 3778 5442 cognomines,

2209 5436 2252 5487 si
2278 5504 2288 5508 Α
2311 5446 2486 5491 tamen
2529 5437 2722 5490 diversi
2770 5436 3236 5508 sunt,Ebroduni;
3270 5451 3325 5494 et
3355 5436 3544 5497 tertius
3579 5446 3772 5508 limum,

2206 5504 2359 5573 ciijus
2388 5520 2578 5582 corpus
2600 5507 3330 5582 annojtisChrodegandus,
3365 5511 3640 5567 Mettensis
3669 5504 3775 5582 cpi;

2202 5589 2442 5654 scopus,_
2469 5577 2716 5654 Iiomain
2743 5579 2965 5654 Gallias
2994 5583 3186 5654 attulit,
3246 5597 3366 5654 qua:
3418 5588 3632 5637 occasio
3676 5577 3775 5654 fuit

2201 5646 2492 5726 condendae
2521 5648 2768 5726 celebris-
2791 5649 3019 5706 abitalia:
3046 5646 3521 5710 Lauresliameuss
3550 5655 3601 5710 in
3639 5646 3770 5726 ducs.

2199 5718 2302 5770 cesi
2331 5715 2790 5773 Wormatiaccnsi.
