4072 6346
361 331 461 388 761

1160 319 1662 380 διιιιλῦυωῆωι
1704 319 1830 376 LIB.
1872 317 1914 375 1.
1958 316 2047 373 DE
2087 316 2342 377 GLOR-IA
2377 316 2769 377 MARTYRUSI

3506 315 3615 373 762

348 454 507 498 nomo
542 438 766 496 devotus
797 431 1033 493 balteum
1055 451 1121 493 ex
1152 451 1283 493 auro
1315 437 1602 506 purissimo
1626 450 1748 493 cum
1771 432 1917 489 omni
1948 429 2001 490 Α
2027 432 2288 489 medietas
2340 431 2535 489 validis
2582 430 2860 490 doloribus
2900 429 3258 503 quatiebatur,
3285 438 3613 511 erat‘atitem

345 543 601 600 apparatu
633 530 1030 586 studiosissime
1076 528 1416 595 fabricatum,
1445 542 1608 598 super
1635 527 1804 581 altare
1832 525 1927 580 ba-

341 627 511 679 silicm
538 624 680 677 illius
710 623 882 691 posuit
903 632 950 687 ³,
971 602 1138 676 bruus
1161 632 1220 677 ut
1249 622 1302 676 in
1334 622 1512 676 causis
1537 620 1651 675 suis
1682 617 1929 690 Martyris

341 719 512 770 \irttts
546 716 859 784 dignaretur
878 713 1088 768 adesse.
1128 712 1246 780 Quo
1277 712 1587 778 recedente,
1617 711 1785 765 Britto
1813 709 1932 779 qui-

340 810 463 862 d‘aui
489 824 553 861 ex
585 805 907 860 satellitibus
939 802 1189 858 Warocbi
1235 803 1608 858 Britannorum
1638 800 1851 856 comitis
1876 797 1926 865 δ,

340 913 397 957 ct
427 901 629 970 primus
669 913 789 951 curn
829 913 894 950 eo
936 895 1128 960 adfuit,
1159 895 1446 965 ablatoque
1474 894 1738 949 violenter
1766 906 1931 962 appa-

342 1006 462 1051 ratu
491 992 675 1058 baltei,
700 991 871 1061 ipsum
891 1004 1101 1059 quoque
1119 989 1351 1044 balteum
1381 986 1595 1057 repetiit
1622 987 1750 1054 (An.
1775 984 1927 1052 590).

346 1088 633 1151 Renitciite
662 1084 975 1153 presbytero
1007 1096 1070 1135 ac
1112 1080 1328 1136 dicente
1357 1097 1371 1132 :
1406 1078 1501 1133 Dei
1544 1091 1631 1132 res
1661 1076 1743 1131 ba:
1778 1083 1924 1140 sunt,

341 1181 506 1257 792
532 1186 586 1234 et
614 1175 680 1229 ad
712 1172 1030 1229 reficiendos
1061 1185 1325 1242 pauperes
1352 1177 1539 1226 sancto
1566 1167 1783 1239 ilartyri
1804 1174 1932 1221 sunt

342 1274 576 1336 collata,
626 1284 693 1325 ne
738 1268 933 1322 famem
984 1265 1270 1335 pessimam
1320 1265 1611 1334 patiantur,
1659 1260 1750 1332 qui
1806 1259 1931 1315 huic

343 1362 550 1433 templo
582 1358 724 1419 ﬁdeli
754 1356 1041 1412 devotione
1087 1355 1400 1411 deserviunt
1433 1371 1449 1410 :
1483 1353 1623 1409 unde
1662 1361 1718 1406 tu
1753 1350 1931 1417 potius

344 1457 448 1515 liuc
476 1458 652 1529 aliqua
682 1458 903 1522 inferre,
932 1470 1037 1511 non
1069 1459 1284 1510 auterre
1314 1454 1571 1508 debebas.
1604 1449 1719 1505 Non
1750 1447 1928 1504 molli-

343 1548 420 1602 vit
447 1547 675 1607 hominis
698 1549 843 1609 avari
874 1548 1113 1602 animum
1161 1545 1372 1600 abbatis
1421 1541 1565 1599 illius
1592 1540 1925 1612 pricdicatio;

342 1642 436 1699 sed
489 1642 667 1705 potius
714 1655 1026 1705 succensus,
1079 1638 1271 1694 minari
1307 1638 1357 1694 ei
1402 1637 1583 1707 coepit,
1614 1651 1678 1691 ac
1708 1635 1926 1691 dicere:

343 1731 452 1793 Nisn
477 1738 594 1789 sine
623 1748 773 1788 mora
806 1732 1071 1790 reluderis
1112 1732 1369 1798 balteum,
1396 1746 1555 1785 manu
1584 1745 1703 1785 mea
1738 1727 1926 1783 interi-

344 1790 528 1877 meris.
553 1820 705 1877 Tunc
734 1820 906 1877 victus
932 1821 1117 1886 abbas,
1158 1790 1395 1888 speciem
1425 1835 1590 1889 super
1630 1821 1799 1874 altare
1823 1833 1929 1887 quo
1960 1823 2008 1885 Β
2035 1790 2285 1889 mi?”

343 1922 526 1967 sancta
578 1921 826 1982 teguntur
876 1912 1096 1982 pignora
1125 1911 1435 1977 collocavit,
1462 1910 1688 1964 dicens:
1723 1908 1802 1963 En
1844 1908 1927 1979 ip-

343 2018 455 2058 sam
477 2020 635 2073 quam
665 2006 804 2076 petis
824 2004 1126 2069 reticulam;
1161 2003 1206 2060 si
1230 2011 1404 2059 metus
1424 2003 1492 2058 de
1505 1991 1703 2057 virtute
1724 2001 1930 2073 Marty-

342 2092 418 2149 fis
442 2095 621 2153 nullus
664 2103 769 2163 est,
819 2096 991 2151 aufer.
1042 2095 1157 2149 Erit
1205 2095 1371 2159 enim,
1403 2102 1462 2149 ut
1486 2093 1830 2159 confidimus,
1861 2092 1931 2148 de

342 2185 569 2254 vestigio
614 2184 805 2255 judex,
837 2188 880 2242 si
913 2202 976 2243 ea
1013 2185 1230 2242 auferre
1277 2185 1709 2257 praesumpseris.
1742 2188 1812 2242 At
1840 2186 1930 2242 ille

344 2278 474 2333 nihil
516 2290 784 2347 metuens,
807 2280 1065 2347 abstulit,
1094 2279 1290 2350 jubens
1316 2280 1417 2335 sibi
1444 2294 1639 2347 equum
1687 2289 1814 2335 ante
1842 2279 1930 2349 ip-

342 2388 456 2433 sam
489 2372 726 2428 basilicae
756 2373 1018 2442 porticum
1047 2375 1357 2444 praeparari.
1400 2371 1501 2427 Cui
1526 2374 1602 2426 ait
1635 2370 1926 2428 sacerdos:

342 2462 531 2516 Nui‘lus
574 2478 806 2533 unquam
852 2463 907 2519 in
941 2464 1044 2520 hoc
1073 2464 1192 2520 loco
1238 2479 1434 2533 equum
1469 2462 1806 2533 prmsumpsit
1842 2478 1932 2518 as.-

342 2552 593 2609 cendere.
638 2552 731 2618 Da,
754 2566 958 2622 quaeso,
988 2554 1213 2622 gloriam
1243 2552 1376 2620 Deo,
1409 2562 1463 2607 et
1492 2552 1699 2607 bonora
1735 2552 1933 2624 Marty—

345 2658 483 2707 reui,
512 2659 579 2699 ne
609 2644 734 2699 mali
765 2644 964 2714 aliquid
994 2645 1238 2716 patiaris.
1272 2646 1365 2700 ille
1387 2660 1514 2701 vero
1545 2647 1798 2701 mandata
1826 2662 1925 2703 ne-

346 2734 554 2804 gligens
596 2733 913 2800 sacerdotis,
946 2749 1171 2790 ascenso
1200 2735 1253 2790 in
1298 2735 1438 2790 atrio
1484 2743 1675 2791 sancto
1724 2738 1928 2807 equite,

347 2825 435 2879 ubi
466 2826 646 2896 egredi
673 2827 819 2883 venit
850 2837 897 2894 ε’,
922 2841 1178 2896 percusso
1196 2826 1265 2883 ad
1296 2835 1462 2897 porta:
1485 2827 1649 2882 limen
1680 2828 1928 2898 superius

344 2922 539 2990 capite,
566 2922 633 2976 ad
674 2922 891 2976 humum
934 2930 1069 2978 testa
1116 2923 1354 2993 disrupta
1403 2925 1627 2990 corruit,
1653 2925 1929 2981 manibus-

346 3026 451 3082 que
508 3028 725 3067 suorum
756 3012 1092 3081 deportatus,
1120 3024 1181 3068 ut
1201 3014 1467 3085 tugurium
1495 3016 1774 3085 cujusdam
1799 3032 1932 3084 pau-

344 3103 564 3177 perculi,
589 3104 727 3173 quoil
747 3113 865 3158 erat
887 3105 1219 3172 proximum,
1246 3116 1331 3177 est
1358 3106 1654 3175 ingressus,
1687 3108 1929 3175 protinus

2032 535 2158 581 tunc
2186 525 2443 595 temporis
2477 526 2531 580 in
2569 525 2694 581 villa
2721 526 2922 596 oppido
2961 526 3208 595 proxima
3248 541 3358 597 quo
3400 524 3614 594 dolore,

2030 630 2087 675 ut
2115 620 2371 685 diximus,
2400 620 2555 677 valde
2583 628 2914 687 attenuatus,
2946 619 3095 675 misit
3131 619 3414 675 diaconem
3453 632 3613 675 suum

2032 710 2098 765 ad
2145 710 2465 767 Sanctorum
2513 711 2808 767 basilicam.
2842 710 2910 766 Et
2936 709 3061 780 quia
3104 710 3160 765 in
3206 709 3375 780 ipsius
3430 709 3614 781 templi

2012 802 2206 866 medio
2235 813 2424 872 puteus
2450 817 2574 859 esse
2601 803 2819 869 dicitur,
2868 802 2922 858 in
2962 817 3073 873 quo
3101 801 3285 859 Sancti
3318 809 3440 880 post
3464 816 3613 858 mar-

2031 896 2227 967 tyrium
2274 897 2474 965 pariter
2501 904 2627 951 sunt
2653 895 2912 966 coniecti,
2950 896 3238 953 collectum
3265 892 3464 951 exinde
3490 893 3613 961 pul-

2014 1004 2211 1045 verem
2242 989 2432 1044 detulit
2460 989 2750 1044 sacerdoti.
2780 988 2975 1044 Verum
3002 988 3094 1044 ubi
3122 986 3321 1045 exinde
3348 995 3505 1059 caput
3528 993 3615 1044 at-

2032 1087 2171 1159 tigit,
2200 1084 2472 1156 extemplo
2498 1083 2653 1141 dolor
2685 1083 2865 1138 omnis
2892 1094 3175 1153 exemptus
3202 1090 3309 1140 est.
3334 1120 3339 1123 λ

2600 1193 2829 1252 CAPUT
2867 1192 3052 1251 LXIII.

2547 1308 2625 1364 De
2658 1317 2839 1364 sancto
2865 1304 3108 1365 Malloso.

2100 1426 2186 1484 Ab
2231 1425 2336 1482 boc
2377 1424 2539 1481 etiam
2585 1422 2867 1480 sacerdote
2912 1420 3084 1479 sancti
3120 1418 3374 1493 martyris
3409 1418 3617 1479 Maliaci

2030 1532 2227 1587 corpus
2265 1527 2537 1587 repertum
2578 1523 2663 1571 est
2691 1517 2795 1570 hoc
2829 1511 2990 1571 modo
3034 1514 3159 1586 (An.
3188 1512 3321 1582 286,
3348 1512 3416 1569 i0
3451 1513 3617 1586 0a.).

2029 1609 2163 1664 Cum
2206 1610 2344 1663 fama
2387 1609 2551 1664 ferret
2593 1608 2736 1663 bunc
2776 1606 2917 1677 apud
2949 1606 3278 1662 Bertunense
3304 1602 3325 1644 ί
3365 1604 3619 1674 oppidum

2032 1702 2346 1774 martyrium
2390 1714 2818 1766 consummasse,
2850 1698 3114 1756 occultum
3152 1705 3273 1754 erat
3308 1695 3620 1753 hominibus

2331 1791 2385 1845 in
2427 1791 2546 1846 loco
2574 1791 2872 1860 quiesceret
2902 1798 3057 1845 :erat
3104 1799 3283 1844 tamen
3325 1788 3621 1845 oratorium

2034 1882 2183 1949 inibi,
2221 1881 2273 1937 in
2312 1896 2421 1952 quo
2462 1896 2657 1937 nomen
2700 1880 2818 1950 ejus
2852 1880 3220 1937 invocabatur.
3271 1876 3621 1949 Supradictus

2032 1989 2162 2030 vero
2195 1972 2435 2045 pontifex
2478 1972 2532 2027 in
2567 1974 2826 2027 honorem
2864 1972 2983 2040 ejus
3009 1969 3282 2027 basilicam
3316 1968 3623 2034 aediﬁcavit,

2032 2075 2092 2122 ut
2119 2065 2327 2121 scilicet
2354 2079 2479 2120 cum
2505 2062 2711 2134 aliquid
2744 2062 3092 2119 revelationis
3115 2062 3183 2117 de
3207 2060 3441 2131 Martyre
3479 2059 3622 2116 acci-

2032 2166 2211 2227 peret,
2240 2156 2293 2213 in
2322 2170 2389 2212 ea
2419 2156 2603 2211 beatos
2632 2164 2800 2221 artus,
2844 2154 3073 2208 Domino
3111 2160 3407 2215 annuente,
3447 2158 3622 2205 trans-

2031 2247 2219 2306 ferret.
2246 2248 2492 2319 Deuique
2533 2248 2587 2302 in
2628 2248 2799 2303 latere
2830 2246 3087 2311 basilicze,
3116 2243 3169 2299 id
3194 2251 3299 2310 est,
3343 2232 3623 2311 inparieta

2031 2339 2124 2413 qui
2167 2353 2199 2393 a
2229 2347 2377 2410 parte
2415 2344 2535 2393 erat
2567 2335 2811 2402 oratorii,
2845 2336 2898 2390 in
2927 2334 3113 2389 absida
3158 2334 3374 2403 collegit
3403 2341 3455 2398 ι,
3486 2345 3623 2401 pra:-

2032 2433 2236 2489 stolans
2252 2428 2465 2485 Domini
2490 2426 2911 2483 misericordiam
2928 2425 3053 2496 quid
3070 2424 3284 2494 juberet
3303 2422 3371 2478 de
3392 2422 3622 2491 Martyre

2032 2523 2283 2582 revelari.
2334 2523 2464 2578 Post
2500 2521 2617 2576 haec
2656 2520 2913 2578 diaconus
2949 2515 3164 2584 quidam
3194 2513 3492 2579 Mettensis,
3528 2527 3623 2583 per

2032 2618 2206 2676 visum
2254 2618 2468 2683 ductus,
2519 2614 2609 2670 ubi
2657 2613 2858 2684 Martyr
2902 2611 3206 2681 quiesceret
3251 2618 3337 2664 est
3378 2607 3624 2665 edoctus.

2033 2713 2163 2770 Post
2191 2725 2419 2781 paucum
2455 2718 2634 2764 autem
2668 2716 2911 2776 tempus,
2942 2704 3165 2760 veniens
3194 2702 3260 2757 ad
3287 2702 3622 2772 episcopum,

2031 2816 2089 2865 et
2116 2804 2269 2878 quasi
2307 2813 2455 2860 certa
2497 2802 2679 2874 signa,
2721 2815 2841 2871 quae
2872 2814 2968 2868 per
2997 2799 3169 2852 visum
3215 2796 3439 2861 viderat,
3487 2795 3624 2851 rele-

2031 2916 2185 2970 gens,
2235 2914 2357 2955 cum
2408 2896 2557 2967 prius
2605 2894 2802 2950 ibidem
2854 2907 2961 2947 non
2993 2891 3200 2956 fuisset,
3232 2891 3308 2944 ait
3340 2890 3623 2958 episcOpo:

2032 2990 2130 3045 llic
2150 2989 2346 3054 elfode,
2369 2976 2422 3043 ct
2452 2986 2694 3041 invenies
2718 2999 2914 3051 corpus
2934 2983 3137 3051 Sancti,
3163 2981 3214 3036 id
3240 2991 3343 3048 est,
3372 2983 3422 3037 in
3447 2981 3621 3037 medio

2031 3079 2253 3137 absidae.
2294 3075 2462 3149 794
2494 3075 2564 3130 At
2594 3074 2682 3130 ille
2703 3117 2718 3143 ,
2749 3087 2872 3128 cum
2900 3072 3122 3129 fodisset
3149 3075 3302 3141 quasi
3333 3072 3387 3127 in
3416 3082 3623 3141 septem

344 3164 589 3263 spiritum
608 3164 914 3251 .exhalavit.
947 3197 1099 3263 Quod
1135 3164 1444 3252 Warochtr;
1463 3164 1711 3263 audieris,
1741 3207 1799 3255 et
1843 3215 1929 3254 res
1958 3196 2005 3261 C
2035 3171 2223 3263 Pedes}
2252 3167 2432 3263 ams“
2467 3182 2627 3263 "3"
2662 3166 2779 3235 eius
2807 3164 2942 3263 Mf".
2983 3164 3540 3263 imWFMihaanaﬁs’
3569 3172 3623 3220 ⁸⁸

344 3303 478 3364 quas
510 3288 595 3343 bic
623 3288 842 3343 abstulit
870 3288 1127 3354 restituit,
1164 3298 1219 3345 et
1266 3287 1335 3346 de
1378 3302 1477 3346 suo
1506 3288 1726 3361 proprio
1764 3292 1929 3350 multa

346 3379 571 3442 contulit
596 3395 792 3451 pavore
817 3381 1159 3443 perterritus.

923 3492 1151 3552 CAPUT
1191 3494 1351 3553 LXII.

607 3604 680 3659 De
708 3608 1080 3676 quinquaginta
1110 3610 1418 3679 martyribus
1441 3608 1693 3666 Thebais.

422 3718 514 3773 Est
532 3714 559 3755 ει
584 3718 722 3787 apud
747 3718 1193 3788 Agrippinensem
1226 3720 1413 3776 urbem
1441 3723 1661 3779 basilica
1683 3764 1699 3789 ,
1730 3724 1781 3780 iu
1827 3739 1931 3794 qua

351 3810 1002 3880 dicunturquinquaginta
1032 3813 1134 3866 viri
1159 3828 1223 3868 ex
1255 3813 1343 3869 illa
1377 3815 1584 3883 legione
1611 3831 1765 3871 sacra
1791 3817 1933 3873 Theo

351 3902 585 3956 lucorum
641 3917 736 3971 pro
790 3903 990 3957 Clirlsti
1053 3906 1270 3961 nomine
1317 3909 1630 3981 martyrium
1682 3923 1933 3964 consum-

349 4008 525 4048 masse
554 3994 678 4063 (An.
709 3992 841 4059 286,
875 3996 942 4049 10
968 3995 1134 4067 0ct.).
1162 3997 1227 4051 Et
1268 3997 1389 4067 quia
1438 3998 1741 4053 admirabili
1772 4002 1932 4073 793

348 4098 513 4151 opere
548 4098 612 4138 ex
632 4085 837 4139 nuisivo
874 4089 1101 4155 quodam
1131 4086 1294 4143 modo
1320 4088 1575 4144 deaurata
1601 4092 1930 4161 resplendet,

348 4175 571 4230 S‘lﬂClOS
602 4177 808 4231 Aurcos
835 4177 1005 4247 ipsam
1037 4178 1311 4234 basilicam
1356 4180 1547 4236 incolae
1569 4184 1807 4239 vocitare
1838 4199 1931 4238 vo-

351 4266 581 4328 luerunt.
622 4269 862 4337 Quodam
921 4281 1101 4326 autem
1153 4281 1416 4342 tempore,
1458 4273 1773 4344 Eberegisili
1818 4277 1931 4346 epi-

350 4361 498 4429 scopi
535 4368 582 4425 ε,
636 4363 726 4431 qui
768 4371 894 4417 tunc
922 4361 1081 4432 hujus
1112 4362 1261 4419 urbis
1307 4374 1425 4419 erat
1466 4366 1711 4434 antistes,
1742 4370 1934 4439 capitis

365 4580 399 4592 ι,
483 4516 598 4592 llos
624 4528 737 4572 erat
778 4516 1191 4592 tunc_temporis
1242 4533 1327 4574 res
1360 4518 1470 4574 Deo
1519 4520 1726 4577 oblatas
1773 4538 1937 4592 super

350 4585 859 4713 :iltareideponcre.
911 4585 1060 4643 Vide
1091 4589 1340 4660 Biguon.,
1395 4592 1448 4645 in
1494 4592 1638 4659 lib,|
1693 4585 1931 4651 Marcelli

372 4674 507 4712 orm.
574 4697 589 4713 .

372 4674 507 4712 υΙῚΠ.
538 4674 558 4713 1
574 4697 589 4713 ο

426 4728 533 4803 ljld
576 4731 864 4800 contigisse
906 4740 1091 4798 putant
1134 4743 1374 4799 tempore
1421 4733 1544 4789 belli
1595 4734 1739 4803 quod
1790 4751 1934 4794 anno

482 4814 804 4923 goiinnotuiu
827 4809 929 4868 est,
958 4803 1025 4859 de
1063 4817 1171 4872 quo
1211 4804 1436 4875 Gregor.
1472 4799 1738 4863 llistIlib.
1771 4823 1800 4861 x
1836 4826 1929 4864 ca-

350 4881 458 4939 pue
486 4881 536 4923 υ.

486 4943 609 5013 Alii,
634 4958 841 5013 asci'nao
872 4959 1018 5010 equo,
1051 4954 1156 4999 etc.
1187 4945 1315 5012 Mss.
1344 4955 1397 4997 at
1429 4946 1515 4998 ubi
1560 4948 1749 5013 egredi.
1782 4947 1924 5003 Clar.

351 5026 401 5073 a,
428 5009 575 5084 Coifi.
604 5026 632 5061 a
658 5021 710 5064 ct
741 5012 879 5062 Chr.
912 5009 961 5076 li,
996 5016 1093 5084 alia
1125 5009 1307 5075 manu,
1336 5018 1503 5084 egredi
1532 5009 1709 5069 voluit.

425 5076 450 5114 τί
483 5080 608 5145 Qua:
646 5083 1030 5153 sequunturatl
1058 5085 1170 5141 lure
1201 5076 1578 5153 verbavcapitis
1611 5084 1697 5147 69,
1730 5083 1927 5141 Ferunt

354 5150 527 5226 etiarn.
561 5160 689 5226 etc,
722 5151 925 5226 desunt
953 5151 1003 5203 in
1053 5154 1197 5226 Clar.
1230 5155 1282 5226 b_.
1316 5150 1634 5222 Complures
1666 5166 1930 5226 martyres

354 5237 418 5276 ex
446 5221 797 5275 Tlielizrormn
826 5220 1038 5293 legione
1063 5224 1198 5289 apud
1238 5220 1513 5278 Coloniam
1556 5220 1922 5293 Agrippinam,

357 5306 417 5343 ac
432 5293 492 5365 in
521 5293 708 5347 \iClliiS
739 5292 866 5365 locis
899 5307 1083 5360 passos
1113 5296 1275 5347 fuisse
1302 5306 1453 5351 vetus
1475 5304 1559 5355 est
1598 5292 1835 5365 traditio,
1859 5292 1927 5353 de

354 5363 547 5435 quibus
574 5363 915 5435 Ilelinandus,
959 5377 1053 5418 seu
1079 5364 1255 5433 quivis
1285 5365 1442 5431 alius,
1471 5367 1635 5423 multa
1677 5363 1927 5435 congerit

358 5431 408 5484 in
437 5449 684 5488 sermone
711 5436 854 5507 apud
872 5431 1250 5507 Surium'edito
1283 5436 1369 5488 die
1415 5436 1479 5494 i0
1500 5437 1763 5499 Octobris.
1784 5431 1930 5494 San-

359 5518 463 5575 cras
488 5507 699 5569 Aureos,
724 5504 809 5569 qui
844 5504 927 5558 hic
948 5505 1249 5571 laudantur,
1274 5507 1653 5575 interpretatur
1681 5521 1922 5565 sanctum

361 5573 654 5648 [iuri-onem
703 5576 982 5644 sociosque
1027 5578 1161 5644 ejus,
1196 5573 1496 5647 quanquam
1546 5582 1715 5633 multo
1746 5582 1925 5648 plures

360 5660 514 5711 quam
537 5646 911 5713 quinquaginta
938 5647 1101 5701 fuisse
1130 5648 1217 5702 dic
1236 5646 1397 5703 uitur.
1425 5649 1620 5703 Eorum
1650 5646 1923 5705 basilicam

362 5716 422 5768 ab
454 5715 650 5779 Ilclena
670 5715 1005 5768 Constantini
1030 5718 1199 5780 Magni
1224 5734 1391 5774 matre
1418 5730 1739 5775 exstructam
1765 5721 1927 5776 fuisse

363 5798 564 5861 censet,
585 5786 740 5869 eique
772 5784 1043 5852 ministros
1063 5791 1362 5861 deputatus,
1392 5792 1482 5869 qui
1507 5791 1713 5849 divinas
1731 5792 1927 5859 'laudes

2033 3262 2147 3317 ait:
2182 3261 2358 3316 Credo
2395 3260 2447 3314 in
2482 3258 2717 3324 Christo,
2748 3256 2889 3326 quod
2917 3255 3152 3311 ostendit
3180 3254 3311 3310 mibi
3337 3256 3624 3327 Martyrein

2032 3367 2213 3420 suum,
2244 3351 2458 3421 quando
2486 3364 2573 3406 me
2604 3349 2719 3402 haec
2758 3347 2994 3402 suavitas
3022 3346 3376 3402 circumdedit
3413 3363 3428 3400 :
3458 3356 3512 3403 et
3541 3347 3626 3402 fo-

2033 3444 2209 3511 dicas,
2229 3441 2432 3511 reperit
2468 3447 2711 3496 sanctum
2753 3452 2949 3509 corpus
2985 3440 3243 3506 illaesum;
3274 3450 3330 3496 et
3373 3441 3625 3496 eniittens

2033 3548 2219 3592 vocem
2252 3546 2518 3601 magnam,
2548 3529 2729 3585 Gloria
2756 3530 2809 3583 in
2835 3529 3043 3584 excelsis
3068 3528 3177 3586 Deo
3205 3545 3386 3586 secum
3412 3546 3625 3588 omnem

2036 3629 2237 3684 clerum
2281 3627 2481 3697 pariter
2520 3624 2758 3695 psallere
2801 3624 2945 3678 fecit.
2987 3622 3141 3679 Dicto
3165 3638 3377 3695 quoque
3402 3623 3624 3697 hymno,

2032 3733 2230 3788 corpus
2258 3725 2501 3773 sanctum
2536 3717 2589 3770 in
2617 3715 2893 3782 basilicam
2923 3714 3217 3779 transtulit,
3245 3725 3300 3772 et
3324 3730 3444 3770 cum
3471 3717 3626 3772 laude

2034 3796 2214 3865 debita
2246 3808 2518 3875 sepelivit.
2553 3807 2755 3862 Ferunt
2789 3805 2988 3861 ibidem
3030 3815 3085 3861 et
3113 3806 3378 3861 Victorem
3419 3814 3625 3877 marty-

2034 3918 2148 3957 rem
2181 3900 2207 3937 ιι
2242 3914 2363 3955 esse
2405 3899 2695 3967 sepultum,
2735 3897 2829 3953 sed
2861 3912 2966 3952 non
3006 3912 3127 3953 eum
3157 3897 3330 3952 adhuc
3367 3898 3623 3967 cognovi—

2036 4008 2156 4050 mus
2184 3992 2504 4049 revelatum.

2605 4080 2834 4137 CAPUT
2874 4079 3059 4135 LXIV.

2499 4171 2578 4226 De
2621 4170 2865 4224 Patroclo
2918 4180 3161 4240 martyre.

2108 4267 2387 4324 Patroclus
2422 4263 2438 4303 ί
2476 4280 2686 4335 quoque
2726 4272 2948 4333 martyr,
2981 4263 3071 4333 qui
3110 4261 3251 4333 apud
3292 4264 3477 4321 urbem
3507 4265 3625 4326 Tri.

2036 4361 2370 4418 cassinorum
2400 4354 2640 4428 sepultus
2672 4353 2914 4420 habetur,
2947 4355 3142 4423 sapius
3187 4369 3248 4410 se
3272 4357 3501 4413 amicum
3526 4359 3621 4417 Dei

2039 4519 2427 4590 persolverent.
2457 4511 3050 4590 Monasterium‘sancti
3081 4525 3339 4569 uereonis
3367 4515 3621 4586 appe.lat,

2040 4583 2187 4664 quod
2212 4589 2374 4646 hodie
2404 4587 2629 4664 insignis
2655 4583 3065 4664 esnt‘collegiata.

2116 4674 2139 4702 ο
2176 4663 2463 4731 nepotatus
2490 4657 2591 4731 fuit
2634 4669 2662 4707 a
2693 4653 3195 4731 Clijldebertohrege
3223 4668 3366 4731 anno
3394 4653 3521 4720 590,
3553 4657 3621 4731 ad

2040 4720 2461 4801 conipes'cendas
2482 4720 3377 4801 turba_s__rnonasterii_Pictavensis,
3408 4735 3463 4779 ut
3487 4728 3619 4780 seri.

2040 4807 2115 4861 bit
2138 4794 2426 4871 Gregorius
2460 4800 2554 4853 lib.
2576 4815 2607 4851 χ
2640 4797 2927 4871 ιείειηεκρ.
2959 4794 3046 4848 t5.

2117 4876 2136 4917 t
2168 4863 2305 4930 Cod.
2353 4870 2510 4925 Colb.
2544 4884 2610 4934 a,
2650 4866 3002 4926 Bertinensem
3038 4863 3192 4921 Colb.
3237 4870 3335 4919 tut.
3399 4863 3623 4920 Bertim-

2036 4956 2240 5003 (ensem,

2111 5026 2134 5062 ις
2166 5018 2307 5069 Clar.
2334 5010 2391 5076 ιι,
2420 5010 2649 5063 obsidam
2672 5007 2896 5076 collegit.

2108 5083 2133 5121 ιι
2162 5086 2215 5138 lu
2249 5074 2398 5136 Coll).
2430 5096 2458 5132 a
2489 5079 2640 5132 deest
2681 5074 2945 5138 litec'vox,
2993 5085 3286 5144 martyrem.
3326 5074 3383 5131 Si
3432 5091 3617 5135 verum

2035 5157 2126 5220 sit,
2168 5164 2225 5209 ut
2254 5153 2416 5220 aliqui
2459 5149 2726 5213 sentiunt,
2779 5146 2920 5220 hunc
2965 5154 3250 5220 martyrem
3300 5161 3367 5220 ex
3412 5147 3620 5217 legione

2035 5215 2264 5284 Tlietuisa
2312 5215 2492 5283 fuisse,
2524 5221 2613 5288 qui
2645 5219 2763 5273 loco
2792 5215 2881 5277 ubi
2925 5230 3044 5270 cum
3075 5217 3255 5288 multis
3281 5219 3399 5270 aliis
3428 5215 3618 5285 passus

2030 5310 2135 5362 θαι,
2170 5296 2386 5351 Sanclos
2414 5287 2844 5363 nouioudederit
2864 5301 2978 5363 ,‘ex
3009 5302 3112 5352 quo
3145 5287 3333 5363 vulgus
3360 5288 3615 5363 Xantum,

2029 5357 2172 5437 quod
2201 5365 2485 5437 Ciiviensis
2517 5361 2745 5437 ditionis
2776 5357 3613 5437 oppidumuest,“efformaverit;

2031 5426 2248 5496 Dertuni
2278 5434 2457 5506 oppidi
2486 5430 2997 5508 sit'imiuvenimus:
3028 5426 3158 5481 Nam
3194 5428 3370 5483 Victor
3397 5439 3451 5483 et
3478 5426 3614 5505 Mal;

2032 5513 2177 5566 Iosue
2211 5508 2296 5563 bic
2318 5501 2389 5562 'in
2420 5504 2607 5565 eodem
2655 5504 2781 5556 loco.
2818 5501 3083 5570 quievisse
3131 5504 3527 5564 memorantur;
3560 5509 3616 5557 οι

2032 5593 2214 5638 vetera
2252 5577 2498 5649 quaedam
2544 5568 2918 5644 Martyrologia
2962 5582 3242 5641 utrumque
3270 5571 3427 5626 simul
3464 5568 3615 5629 cele-

2031 5656 2316 5777 brainitiae“
2345 5720 2444 5774 lioc
2466 5716 2702 5784 caluitio
2729 5714 2882 5773 Colb.
2915 5720 3264 5781 tut.,c:ctera
3307 5726 3519 5787 quoque
3545 5715 3614 5779 ad
3687 5723 3704 5736 '

2033 5796 2103 5853 7i
2132 5792 2411 5861 inclusive,
2438 5791 2495 5851 in
2517 5789 2662 5850 Clur.
2689 5802 2743 5849 at
