4072 6346
439 4070 457 4107 't

452 262 556 319 765

1454 256 1512 312 S.
1551 251 1876 311 GREGOllll
1920 248 2225 305 EPISCOPI
2264 246 2694 304 TURONENSIS

3626 239 3759 296 76f

451 378 736 436 virtutihm
759 377 939 433 multis
964 374 1198 432 ostendit
1226 374 1351 447 (An.
1372 374 1479 428 959
1507 382 1593 425 aut
1622 370 1747 435 275,
1776 370 1837 423 2|
1858 366 2031 436 lam).
2069 370 2112 428 Α
2142 365 2304 417 humo
2330 373 2657 432 operuerunt
2681 381 2693 414 :
2720 362 2897 433 idque,
2940 363 3083 432 quod
3112 362 3221 417 Deo
3251 361 3335 416 vel
3364 369 3553 417 sancto
3581 359 3751 417 Mar—

453 475 584 531 Erat
610 474 752 528 enim
781 485 943 539 super
982 483 1107 524 eum
1139 466 1415 536 parvulum
1458 463 1750 517 oratorium
1773 502 1789 524 ,
1832 461 1883 514 in
1928 475 2036 527 quo

456 581 595 621 unus
626 574 828 619 tantum
856 562 1084 617 clericus
1126 557 1410 613 serviebat.
1464 555 1590 610 Loci
1620 554 1763 609 enim
1794 552 2039 607 homines

456 673 679 729 parvum
718 654 1039 710 exhibebant
1066 650 1279 721 Martyri
1314 647 1642 712 famulatum,
1676 658 1773 710 pro
1799 659 1865 698 eo
1898 641 2039 712 quod

459 749 677 805 historia
722 745 986 817 passionis
1034 743 1153 812 ejus
1197 757 1303 795 non
1345 740 1632 794 haberetur
1680 736 1732 790 in
1767 743 2038 804 promptu.

459 843 574 897 Mus
610 853 842 906 namque
888 846 1003 891 erat
1031 834 1302 889 hominum
1352 831 1695 892 rusticorum,
1727 837 1786 879 ut
1827 833 2044 880 sanctos

460 933 579 996 Dei,
615 946 841 1001 quorum
880 943 1083 999 agones
1116 928 1377 995 relegunt,
1415 922 1671 978 attentius
1700 927 2043 975 venerentur.

464 1023 687 1089 Quidam
719 1022 879 1091 igitur
904 1020 971 1076 de
999 1020 1286 1088 longinquo
1315 1019 1510 1071 itinere
1534 1017 1776 1077 veniens,
1805 1011 2044 1067 libellum

465 1114 623 1182 hujus
655 1112 963 1168 certaminis
993 1110 1214 1173 detulit,
1250 1109 1434 1165 lcctori
1455 1149 1469 1172 ,
1502 1121 1659 1175 quem
1700 1105 1751 1158 in
1782 1103 1896 1171 ipso
1930 1103 2049 1156 loco

466 1207 666 1279 servire
714 1206 967 1267 diximus;
1016 1203 1249 1273 prodidit
1292 1202 1356 1255 ad
1409 1199 1713 1269 legendum.
1784 1196 1877 1251 Ille
1922 1209 2051 1249 vero

468 1313 588 1367 post
613 1298 886 1352 decursam
914 1295 1191 1350 let-tionem
1224 1293 1377 1347 valde
1403 1291 1632 1361 gavisus,
1660 1296 1924 1342 nocturno
1952 1284 2053 1339 sub

469 1400 713 1457 tempore
760 1388 1047 1441 famulante
1095 1386 1329 1451 lumine,
1381 1383 1639 1438 velociter
1703 1378 2051 1446 exemplavit.

470 1480 782 1536 [luminibus
813 1480 1022 1548 quidem
1053 1479 1339 1548 digressis,
1369 1477 1458 1532 hic
1498 1475 1752 1544 episc0po
1780 1487 1875 1526 suo
1902 1470 2058 1526 exhi-

471 1571 562 1628 bet
587 1585 705 1639 qoae
735 1580 1043 1639 repererat,
1079 1580 1271 1639 putans
1302 1583 1362 1624 se
1391 1584 1486 1636 per
1514 1567 1627 1621 haec
1652 1565 1877 1636 gratiam
1910 1576 2056 1616 asse-

473 1659 558 1730 qui
598 1660 915 1715 sacerdotis.
962 1663 1029 1714 At
1069 1661 1157 1714 ille
1193 1675 1298 1713 non
1340 1657 1589 1720 credens,
1635 1656 1738 1709 nisi
1768 1654 2055 1709 conlictunt

2143 457 2244 525 tyri
2282 456 2610 525 acceptabile
2650 470 2754 510 non
2805 455 2993 509 luisset
3037 450 3089 532 ιζ,
3142 468 3235 521 per
3279 453 3451 508 visum
3510 454 3749 509 cuidam

2140 549 2415 619 apparuit;
2454 548 2691 617 viditque
2728 547 2887 601 homo
2929 545 3019 599 ille
3053 551 3474 614 conquerentem
3511 543 3747 599 beatum

2134 643 2483 701 .Antolianum
2532 655 2651 695 cum
2700 638 2922 707 reliquis
2966 639 3186 705 sanctis,
3230 646 3393 707 atque
3422 636 3697 692 dicentem
3724 654 3742 690 :

2145 736 2239 790 Va:
2268 734 2422 801 mihi,
2469 734 2592 803 quia
2622 743 2841 803 propter
2886 747 2972 787 me
3012 732 3163 786 multi
3212 729 3432 786 fratrum
3488 745 3755 785 meorum

2145 829 2380 897 injuriati
2411 836 2536 882 sunt
2575 845 2588 881 :
2632 834 3000 881 verumtamen
3029 825 3170 888 dico,
3198 825 3323 895 quia
3353 824 3440 892 qui
3481 822 3596 876 haec
3625 837 3756 877 caa-

2146 927 2361 989 perunt,
2385 919 2449 974 ad
2479 918 2724 973 effectum
2756 917 3047 987 perducere
3074 932 3178 970 non
3208 924 3448 985 possunt.
3477 914 3632 983 Quod
3668 914 3753 967 ita

2148 1021 2354 1080 gestum
2401 1018 2503 1064 est.
2558 1009 2763 1065 Erectis
2815 1020 2993 1064 tamen
3044 1009 3333 1077 parietibus
3364 1008 3527 1079 796
3573 1021 3757 1077 super

2151 1102 2319 1156 altare
2347 1101 2479 1156 aedis
2518 1099 2683 1170 illius,
2718 1111 2922 1157 turrem
2951 1116 3013 1155 ac
3041 1102 3303 1157 columnis
3334 1110 3381 1167 ο,
3416 1100 3615 1169 pharis,
3648 1101 3754 1155 be-

2152 1196 2438 1265 racliisque
2487 1195 2837 1250 transvolutis
2893 1194 3123 1249 arcubus
3173 1202 3497 1258 erexerunt,
3548 1192 3751 1247 miram

2154 1302 2383 1342 camera:
2411 1290 2648 1342 fucorum
2678 1287 3074 1342 diversitatibus
3102 1286 3442 1355 imaginatam
3475 1285 3751 1339 adhiben-

2158 1388 2239 1434 tes
2270 1381 2557 1448 picturam.
2588 1378 2718 1432 Natn
2763 1378 2832 1432 ita
2867 1378 2962 1432 fuit
2991 1377 3091 1431 hoc
3128 1391 3261 1445 epos
3288 1377 3505 1445 elegans
3531 1385 3583 1428 et
3613 1374 3753 1428 sub-

2160 1473 2272 1539 tilc,
2308 1482 2364 1527 ut
2402 1488 2497 1542 per
2539 1471 2696 1542 longa
2728 1478 2969 1541 tempora
3014 1471 3268 1524 rimarum
3318 1468 3758 1537 frequentatione

2160 1564 2390 1618 divisum
2440 1578 2575 1632 pene
2624 1563 2675 1616 in
2728 1563 2936 1617 ruinam
2982 1561 3216 1631 pendere
3254 1561 3546 1616 videretur.
3588 1559 3752 1626 Quod

2164 1655 2457 1723 periculum
2485 1654 2675 1709 Avitus
2709 1651 2727 1691 τ
2762 1654 2999 1724 pontifex
3029 1666 3291 1717 cernens,
3336 1652 3635 1721 anticipans
3667 1650 3754 1705 fu-

472 1752 776 1815 mstimans,
820 1766 1021 1806 caesum
1088 1751 1418 1819 increpatum
1467 1746 1723 1801 clericum
1760 1744 2058 1798 abscedere
2090 1737 2134 1794 B
2164 1756 2333 1801 turam
2366 1750 2730 1808 columnarum
2777 1754 3038 1815 stragem,
3066 1746 3231 1815 jussit
3260 1747 3401 1815 tigna
3430 1760 3753 1812 asseresjue

475 1844 643 1912 jubet,
687 1844 871 1897 dice:s
907 1858 921 1895 :
961 1842 1040 1896 Te
1069 1841 1180 1895 hzec
1220 1840 1369 1909 juxta
1414 1846 1595 1892 votum
1637 1846 1781 1891 tuum
1828 1834 2058 1889 dictasse

477 1933 814 1988 manifestum
848 1947 878 1986 e
912 1941 959 1995 t;
1005 1946 1126 1984 nam
1160 1945 1427 1999 nunquam
1456 1944 1517 1984 ea
1548 1942 1667 1983 cunt
1698 1927 1807 1982 ullo
1844 1925 2059 1980 homine

480 2024 747 2093 reperisti.
778 2025 939 2094 795
968 2023 1093 2077 Post
1122 2023 1344 2075 multum
1379 2035 1507 2077 vero
1538 2028 1776 2089 tempus,
1808 2027 1866 2073 ut
1892 2017 2059 2071 virtus

480 2117 728 2187 Martyris
760 2131 862 2169 tton
894 2124 1038 2169 esset
1060 2113 1287 2177 occulta,
1313 2112 1443 2165 abiit
1468 2114 1735 2167 exercitus
1762 2112 1813 2164 in
1836 2110 2058 2173 Italiam,

480 2219 532 2265 et
557 2208 745 2263 detulit
774 2206 1035 2277 passionis
1068 2205 1224 2273 hujus
1253 2205 1529 2258 historiam
1560 2215 1611 2268 ιι,
1640 2203 1777 2258 sicut
1805 2216 1834 2256 a
1864 2201 2061 2256 clerico

480 2300 762 2355 tenebatur
807 2299 1022 2366 scripta.
1068 2297 1221 2351 Tunc
1259 2278 1514 2349 confusus
1557 2293 1711 2348 valde
1754 2293 2059 2364 episcopus,

480 2393 732 2463 cognovit
753 2407 876 2446 vera
907 2406 1028 2445 esse
1048 2404 1167 2459 quin
1198 2404 1223 2439 a
1249 2388 1441 2443 clerico
1468 2387 1804 2442 dicebantur.
1831 2385 2066 2454 Populus

483 2494 660 2539 autem
692 2501 757 2539 ex
796 2484 896 2537 hoc
921 2482 1089 2554 magis
1116 2482 1380 2536 honorare
1406 2480 1567 2547 erepit
1596 2479 1904 2547 Martyrem,
1931 2491 2062 2530 con-

485 2587 790 2647 structaque
819 2590 978 2645 super
1015 2591 1138 2629 eum
1180 2574 1418 2639 basilica,
1452 2572 1791 2628 festivitatem
1824 2571 1939 2640 ejus
1971 2583 2069 2639 per

488 2670 722 2740 singulos
748 2683 918 2723 annos
949 2668 1141 2723 devote
1170 2666 1531 2722 concelebrat.

1063 2804 1289 2861 CAPUT
1331 2804 1490 2859 LXV.

741 2919 816 2974 De
838 2918 1048 2973 basilica
1076 2920 1239 2973 sauc’ti
1266 2918 1531 2971 Antoliaui
1562 2905 1822 2987 ntartgjris.

561 3034 875 3088 Antolianus
903 3031 930 3071 δ
954 3042 1128 3086 autem
1157 3042 1359 3101 martyr
1385 3031 1524 3099 apud
1555 3029 1738 3084 urbem
1772 3029 2067 3083 Arvernam

2160 1839 2244 1893 vel
2277 1840 2478 1908 tegulas
2505 1839 2777 1905 amoveri;
2827 1839 3019 1907 quibus
3047 1840 3309 1894 submotis
3341 1853 3439 1893 nec
3472 1838 3758 1907 adjutoriis

2160 1929 2428 1986 columnis
2466 1930 2753 1999 appositis,
2789 1939 2919 1984 nutu
2949 1929 3065 1991 Dei,
3097 1928 3496 1984 discedentibus
3530 1930 3599 1982 de
3636 1945 3758 1983 ma-

2163 2019 2319 2075 china
2351 2020 2706 2074 structoribus
2743 2029 2800 2073 ut
2829 2019 3005 2073 cibum
3038 2029 3310 2088 caperent,
3346 2018 3758 2073 recedentibus-

2163 2124 2267 2180 que
2295 2117 2351 2164 et
2387 2107 2609 2180 reliquis
2653 2124 2685 2164 a
2724 2109 2960 2174 basilica,
3006 2108 3132 2163 dato
3178 2109 3441 2164 columna:
3487 2110 3760 2164 immenso

2166 2206 2425 2278 pondere,
2470 2222 2591 2262 cum
2634 2221 2831 2277 magno
2877 2210 3053 2261 sonitu
3099 2220 3262 2276 super
3304 2206 3473 2261 altare
3512 2215 3566 2262 et
3606 2206 3754 2261 circa

2165 2300 2332 2355 altare
2372 2300 2672 2363 diruerant,
2723 2298 3097 2369 completoque
3145 2306 3228 2353 est
3275 2298 3419 2352 aedes
3466 2298 3656 2351 nebula
3684 2298 3760 2353 de

2167 2390 2373 2445 effracti
2405 2390 2569 2444 calcis
2595 2389 2836 2459 pulvere.
2888 2388 2959 2445 At
2994 2390 3246 2444 sacerdos
3273 2389 3576 2458 exsanguis,
3610 2388 3761 2442 duu—

2169 2501 2288 2544 rum
2334 2486 2648 2541 damnorum
2696 2484 3015 2539 detrimenta
3058 2482 3353 2548 suSpiraus,
3400 2496 3469 2536 ne
3514 2490 3572 2536 et
3614 2497 3757 2535 mar-

2169 2594 2320 2635 rnora
2371 2576 2775 2648 confregissent,
2816 2585 2871 2631 et
2914 2575 3108 2646 aliquis
3134 2574 3434 2645 deperisset
3468 2589 3500 2629 e
3538 2573 3751 2643 populo,

2197 2676 2309 2731 cire
2356 2687 2461 2728 non
2513 2679 2722 2741 poterat
2768 2669 2891 2741 quid
2939 2669 3115 2723 damni
3165 2668 3501 2723 accessisset.
3569 2665 3766 2721 Nullus

2180 2768 2320 2821 enim
2368 2774 2584 2835 promer
2634 2764 2879 2819 nebulam
2920 2762 3151 2832 pulveris
3199 2760 3325 2815 illuc
3357 2769 3560 2829 poterat
3599 2773 3758 2814 accc-

2173 2858 2321 2912 tlere.
2355 2856 2480 2912 Post
2505 2856 2731 2910 duarum
2759 2870 2886 2910 vero
2913 2854 3162 2908 horarum
3192 2852 3438 2921 Spatium,
3464 2851 3764 2906 recedente

2173 2949 2387 3015 nebula,
2423 2948 2646 3018 ingressi
2680 2956 2803 3001 sunt
2830 2946 2912 3000 vel
2944 2945 3312 2999 defunctorum
3354 2941 3601 3012 colligere
3628 2956 3757 2996 cor-

2178 3057 2341 3112 pura,
2396 3041 2480 3095 vel
2533 3042 2902 3094 columnarum
2950 3036 3244 3107 fragmenta
3292 3035 3496 3089 rimari.
3546 3032 3762 3089 Nullum

492 3125 807 3195 martyrium
837 3124 1229 3178 consummavit
1259 3124 1380 3193 (An.
1408 3121 1536 3189 255,
1571 3122 1602 3176 6
1622 3120 1802 3189 Feb.).
1837 3122 1892 3174 ltt
1922 3122 2072 3187 cujus
2098 3104 2147 3168 Ε
2180 3104 2448 3191 ξιοπηίῇεηι
2480 3134 2704 3204 periisse
2730 3104 3057 3202 cognoscunj
3084 3148 3095 3182 ε
3122 3130 3289 3183 auare
3318 3142 3530 3198 quoque
3559 3128 3755 3182 ωίηη-

494 3217 696 3272 honore
726 3216 962 3271 Alchima
995 3230 1148 3269 soror
1188 3225 1239 3269 ct
1271 3213 1539 3267 Placidina
1569 3212 1761 3277 conqu
1797 3213 2073 3280 Apollina-

496 3308 571 3363 ris
616 3308 850 3376 episcopi
896 3306 1147 3375 templum
1196 3307 1461 3361 a'ddicare
1504 3307 1780 3375 cupientes
1820 3314 1865 3369 ο,
1911 3306 2074 3358 multa

496 3413 802 3453 sanetorum
843 3414 1093 3467 corpora,
1141 3399 1264 3453 dum
1308 3399 1649 3453 fundamenta
1691 3400 1952 3466 jacerent,
1994 3414 2079 3453 rc-

499 3502 801 3559 moverunt,
859 3494 1156 3548 nescientes
1202 3494 1356 3562 cujus
1401 3494 1576 3548 meriti
1624 3501 1804 3547 essent
1852 3510 2076 3561 quorum

499 3573 743 3655 sepulcra
774 3594 1082 3656 repererant
1119 3601 1132 3636 :
1167 3602 1283 3654 qttzt:
1311 3601 1430 3639 cum
1459 3585 1653 3639 viritim
1701 3586 1928 3653 sepelire
1960 3600 2081 3653 pro-

502 3688 619 3747 pter
656 3680 880 3734 aliorum
919 3680 1291 3749 sepulcrorum
1325 3678 1718 3733 multitudinem
1752 3694 1871 3745 quae
1904 3678 2077 3731 locum

503 3772 651 3827 illum
681 3774 746 3827 ab
773 3774 990 3843 antiquo
1025 3772 1361 3842 repleverant
1402 3787 1506 3825 non
1543 3772 1829 3829 haberent,
1863 3787 2084 3840 congre-

504 3872 680 3933 gatam
712 3863 913 3918 ossium
944 3877 1174 3917 massam
1210 3863 1260 3915 in
1294 3876 1450 3915 unam
1500 3860 1841 3931 projicicutcs
1888 3861 2083 3914 fUSsatn

637 4042 967 4111 Frcquentes
994 4044 1110 4097 istis
1140 4042 1471 4110 temporibus
1500 4042 1648 4096 fuere
1677 4043 2002 4097 Francorum
2032 4045 2084 4098 in

511 4113 713 4169 Italiam
743 4115 1131 4181 expeditiones,
1164 4128 1385 4181 qlla’lltlt
1430 4113 1713 4167 occasione
1757 4115 1970 4182 quidam
2020 4132 2085 4169 cx

512 4185 656 4239 ltalia
684 4187 810 4236 Acta
844 4186 1010 4236 sancti
1044 4184 1270 4237 Patrocli
1321 4185 1370 4236 in
1400 4183 1599 4238 Gallias
1648 4186 1844 4240 afferre
1896 4192 2086 4252 patue-

510 4264 654 4310 runt.
686 4254 950 4306 Incertum
979 4262 1060 4306 est
1096 4264 1268 4305 autem
1298 4270 1362 4305 an
1396 4271 1454 4307 ea
1484 4257 1591 4307 sint
1617 4271 1733 4322 qum
1761 4256 1824 4308 ad
1859 4271 1953 4308 nos
2001 4272 2091 4309 us-

512 4340 618 4393 que
662 4337 951 4390 pervenere
975 4363 988 4384 ,
1021 4324 1071 4375 in
1105 4323 1293 4395 quibus
1327 4324 1600 4377 Patroclus
1627 4327 1895 4379 Aureliani
1935 4326 2087 4395 jussu

513 4405 1061 4465 ca-sttsmcmoratttr.
1093 4394 1404 4465 Aurelauns
1431 4407 1603 4448 autent
1633 4412 1717 4448 an.
1753 4396 1858 4447 275
1889 4394 1949 4450 et,
1972 4413 2085 4465 seq.

514 4464 569 4537 in
596 4462 980 4537 Gallias‘venit.
1020 4464 1369 4537 \'erisitnilius
1399 4468 1692 4537 tatncualii
1721 4474 1906 4535 putant
1927 4462 2091 4521 .‘lttre-
2123 4478 2172 4537 υ

517 4534 640 4608 liani
674 4532 885 4608 nomine
910 4535 1184 4608 prmsidem
1214 4536 1501 4602 designari.
1536 4536 1663 4608 Ejus
1691 4532 1857 4591 sancti
1894 4539 2092 4608 Marty-

515 4604 591 4658 ris
626 4602 873 4670 reliquias
908 4606 975 4659 ab
1010 4608 1263 4674 Ausegiso
1292 4607 1545 4660 Trcccnsi
1578 4602 1837 4674 'npisc0po
1868 4602 2095 4663 obtinuit

515 4675 716 4740 Bruno,
741 4674 1071 4730 Coloniensis
1097 4682 1287 4746 episc.,
1310 4681 1524 4730 Uttuns
1548 4676 1719 4743 Magni
1750 4680 1875 4746 imp.
1908 4680 2092 4743 frater,

515 4746 605 4809 qui
634 4760 725 4799 eas
752 4746 887 4812 apud
919 4747 1165 4802 SuSatum
1196 4748 1414 4813 (Soest),
1451 4746 1774 4813 WeSpltalize
1820 4750 2092 4816 oppidum,

516 4816 767 4871 dimcesis
801 4816 1255 4876 Monasteriensis.
1279 4819 1547 4885 deposuit,
1576 4819 1661 4869 ubi
1698 4818 1959 4887 hodieque
1983 4836 2095 4874 ser-

518 4896 729 4939 rantur.
764 4888 861 4939 Adi
890 4887 1168 4955 Bolland.,
1201 4889 1290 4941 die
1314 4890 1377 4941 “ll
1415 4887 1675 4942 Januarii.
1708 4889 2097 4944 'I‘ranslationis

520 4956 795 5029 historiam
826 4972 888 5029 ex
910 4957 1150 5029 illotgero
1179 4961 1441 5013 monacho
1466 4959 1753 5029 descripsit
1777 4960 2098 5016 Camuzatus

520 5027 874 5093 Protnptuarii
902 5028 992 5080 fol.
1023 5027 1146 5082 ὁδί.

593 5098 722 5178 [De
754 5098 1038 5178 Autoliano
1082 5100 1187 5165 egit
1217 5099 1506 5178 Gregorius
1527 5100 1663 5178 lib.t
1690 5101 1828 5178 llist.
1859 5116 1974 5169 cap.
2004 5100 2094 5167 51,

520 5167 934 5241 υιιίίίιιιθν-ιιιὶος
962 5184 1221 5241 martyres
1249 5167 1417 5240 quiin
1449 5172 1641 5226 Cltroci
1676 5167 2092 5227 Alamannorum

522 5240 744 5319 regisju
773 5236 974 5319 Gallias
1012 5236 1304 5319 iri-optione
1336 5242 1490 5319 passi
1525 5243 1801 5319 dicuntur,
1852 5253 2092 5319 ιελι-ρυιθ

520 5307 788 5363 Valeriani
838 5319 889 5363 et
937 5307 1163 5365 Gallieni
1212 5307 1414 5383 impp.,
1464 5307 1801 5365 Antofianuni
1853 5307 2092 5381 aliosque

522 5383 892 5451 erverncnses
920 5389 1179 5451 martyres
1206 5398 1486 5438 recensere
1516 5385 1741 5436 videtur.
1777 5383 1829 5435 In
1865 5384 1998 5435 libro
2023 5386 2089 5438 de

530 5449 781 5528 [ﬂectes-iis
809 5447 1041 5528 Clarum.
1061 5447 1281 5528 sanctus
1313 5453 1627 5528 Antulianus
1656 5454 1705 5505 itt
1736 5456 1958 5507 ecclrsia
1981 5469 2103 5506 sut-

525 5519 597 5598 cti
627 5518 764 5573 Galli
790 5520 1077 5598 quiescere
1096 5522 1319 5598 dicitur;
1348 5526 1441 5598 sed
1464 5524 1551 5598 i_ll_a_
1574 5527 1869 5598 destructa,
1888 5538 2099 5577 sacrum

525 5592 641 5654 ejus
667 5602 861 5656 corpus
888 5592 938 5642 itt
970 5592 1246 5646 ecclesiam
1276 5593 1445 5646 sancti
1475 5592 1629 5646 ltIiJii
1657 5594 1968 5646 translatum
1997 5606 2101 5647 est.

456 5690 461 5693 -
516 5658 732 5731 Nolunt
761 5669 933 5731 tamen
964 5662 1053 5714 alii
1082 5664 1251 5716 sancti
1281 5663 1547 5717 Antoliani
1580 5664 1854 5731 reliquias,
1887 5664 2100 5716 destru-

516 5718 612 5786 icta
643 5729 839 5786 smculo
886 5745 913 5783 κ
946 5734 1115 5786 sancti
1147 5733 1281 5787 Galli
1333 5734 1582 5801 ecclesia,
1634 5718 2103 5803 in'Cantogilcttse

2179 3238 2265 3284 tur
2295 3228 2539 3291 illaesum,
2573 3226 2625 3281 in
2654 3224 2795 3296 quod
2837 3239 2867 3278 e
2904 3230 3048 3276 tanta
3074 3221 3357 3276 altitudine
3399 3219 3644 3289 impacta:
3669 3232 3759 3272 co-

2179 3323 2376 3373 lamna:
2415 3318 2548 3372 nihil
2590 3315 2825 3371 Iasionis
2868 3315 3178 3368 intulerunt.
3220 3311 3355 3379 Quid
3389 3311 3571 3381 plura?
3616 3309 3761 3365 inve-

2180 3419 2374 3466 nerunt
2418 3408 2597 3463 omnia
2646 3407 2881 3475 integra,
2931 3410 3123 3459 cuncta
3168 3401 3602 3471 contemplantur
3643 3413 3761 3455 esse

2180 3504 2385 3559 salvata
2424 3518 2437 3554 :
2469 3500 2771 3571 glorificant
2802 3498 3111 3569 Martyrem,
3143 3495 3482 3566 conspiciunt
3519 3495 3613 3549 Dei
3652 3495 3758 3546 vir-

2186 3605 2373 3660 tutem,
2400 3594 2484 3661 qui
2517 3596 2593 3647 sic
2620 3592 2787 3646 altare
2816 3590 3197 3657 columnasque
3231 3586 3470 3642 servavit
3508 3586 3718 3640 illaesas.

2257 3687 2311 3741 In
2358 3685 2514 3754 hujus
2557 3684 2704 3738 urbis
2748 3679 3020 3736 territorio
3064 3679 3384 3736 etJnlianus
3414 3687 3613 3746 martyr
3640 3677 3761 3746 (Ait.

2185 3778 2309 3840 5184,
2341 3776 2410 3831 28
2441 3776 2600 3846 Aug.)
2647 3776 2833 3847 agonis
2883 3776 3112 3845 palmam
3159 3774 3397 3841 legitime
3442 3771 3762 3828 decertando

2190 3870 2346 3942 797
2400 3871 2711 3938 promeruit.
2764 3868 2834 3922 De
2878 3867 3031 3937 cujus
3079 3865 3364 3920 virtutibus
3408 3878 3525 3933 quae
3567 3862 3633 3917 ad
3668 3877 3761 3917 nos

2192 4052 2397 4106 ordinis
2426 4048 2756 4105 Bcnedictini
2785 4044 3113 4108 cmnobium,
3140 4044 3412 4100 hodierna
3437 4045 3606 4097 sancti
3628 4041 3764 4097 Fieri

2193 4122 2440 4179 dimcesis
2460 4166 2474 4190 ,
2506 4123 2791 4174 translatas
2822 4116 3001 4181 fuisse,
3023 4118 3111 4170 ubi
3138 4116 3443 4190 etiamnunc
3485 4114 3663 4190 haberi
3685 4114 3757 4164 di-

2194 4208 2384 4248 cuntur
2404 4184 2523 4246 cum
2540 4192 2659 4245 aliis
2677 4191 2857 4244 multis
2877 4199 3181 4243 sanctorum
3201 4186 3465 4256 reliquiis,
3490 4200 3608 4254 qua:
3631 4184 3763 4237 hunc

2197 4267 2373 4320 locum
2408 4266 2695 4317 illustrant.

2276 4369 2297 4397 ε
2330 4358 2418 4412 Sic
2449 4351 2833 4408 restituendum
2863 4358 3049 4406 censet
3087 4349 3407 4407 Sirmondus
3444 4347 3499 4401 in
3527 4345 3664 4401 notis
3703 4344 3763 4399 ad

2200 4427 2525 4496 Apollinaris
2556 4423 2783 4496 Sidonii,
2817 4423 2907 4476 Iih.
2956 4437 3036 4489 ιιι,
3086 4420 3366 4496 ρρίξιηςὸ,
3412 4418 3571 4496 idque
3616 4417 3765 4485 exigit

2199 4489 2373 4553 rerum
2400 4499 2618 4550 veritas.
2653 4494 2783 4548 Vide
2809 4508 2966 4560 supra
2992 4502 3145 4546 notas
3168 4494 3220 4546 in
3249 4492 3342 4545 lib.
3372 4504 3429 4543 tu
3459 4489 3593 4560 Hist.
3623 4503 3760 4555 capp.

2196 4570 2231 4623 2
2258 4580 2308 4623 et
2342 4569 2426 4621 ιι.
2456 4566 2602 4620 llaod
2630 4576 2806 4617 tamen
2837 4558 3068 4615 dittiteor
3099 4579 3183 4616 me
3214 4574 3471 4629 nusquam
3520 4558 3654 4613 hanc
3698 4560 3762 4611 le-

2198 4643 2428 4694 ctiouem
2464 4639 2513 4690 in
2549 4636 2716 4689 inditis
2738 4644 2829 4687 aut
2856 4633 3085 4701 Scriptis
3130 4635 3415 4688 invenisse.
3470 4630 3561 4701 hic
3590 4629 3767 4701 quippe

2202 4712 2395 4766 habent
2426 4708 2560 4762 Editi
2596 4708 2725 4760 Bad.
2755 4716 2807 4759 et
2830 4705 2919 4758 alii
2949 4721 2960 4755 :
2986 4698 3225 4757 'Alchima
3247 4712 3294 4756 et
3324 4717 3469 4755 soror
3496 4698 3769 4753 Placidiute

2200 4783 2458 4849 conjux...
2493 4778 2773 4845 cupiemes.
2805 4776 2957 4828 llom.
3000 4785 3059 4849 at
3084 4775 3237 4849 Colb_.
3270 4782 3369 4849 tut.
3391 4812 3408 4838 ,
3437 4770 3669 4849 élchimg
3692 4784 3765 4849 re-

2203 4838 2607 4906 rur'Plaridiu'w
2653 4849 2909 4917 conjux...
2941 4846 3173 4916 cupiens.
3205 4844 3397 4911 Laud.,
3441 4842 3600 4908 Bec.,
3630 4838 3763 4895 Coll).

2203 4940 2255 4986 a,
2286 4922 2567 4991 cupientes.

2275 5010 2299 5048 ά
2327 5009 2553 5064 Videant
2582 5009 2741 5077 quale
2786 5007 3053 5077 piaculum
3086 5006 3391 5073 admittant,
3424 5005 3547 5077 qui,
3573 5004 3767 5077 posthac

2206 5082 2312 5135 hita
2343 5083 2488 5134 omni
2520 5073 2801 5148 religione,
2831 5088 3162 5131 mortuorum
3195 5073 3460 5133 cadavera
3484 5075 3620 5131 adeo
3640 5073 3770 5129 facile

2205 5169 2303 5223 pro
2334 5167 2432 5206 suo
2457 5151 2607 5205 libitu
2634 5150 2872 5206 effodere
2903 5163 3008 5203 non
3035 5157 3313 5203 verentur.

2276 5253 2299 5280 θ
2314 5242 2403 5297 Sic
2421 5240 2656 5311 plerique
2673 5240 2796 5294 Mss.
2811 5240 2897 5294 alii
2912 5255 3033 5295 cum
3051 5240 3274 5311 Editis.a
3285 5238 3554 5311 columnis.
3577 5237 3642 5293 Et
3655 5236 3771 5311 intra

2201 5314 2326 5367 Mss.
2353 5310 2718 5381 ιιιίρῐιιτιιιιιιιιι
2742 5313 2943 5372 craclt's.
2968 5324 3060 5365 seu
3089 5310 3327 5365 heraclia.
3355 5310 3504 5381 Ilune
3525 5310 3691 5362 locum
3708 5310 3772 5361 sic

2197 5386 2413 5453 exponit
2429 5380 2666 5437 Bolland.
2683 5384 2746 5436 ad
2766 5383 2904 5436 diem
2920 5382 2952 5434 6
2969 5382 3153 5447 Febr.,
3172 5391 3227 5453 ut
3246 5395 3402 5434 arcus
3420 5380 3768 5453 telamonibus,

2211 5447 2304 5507 seu
2335 5453 2686 5519 atltlantibus,
2721 5468 2849 5520 quos
2871 5454 3159 5521 Gregorius
3188 5452 3454 5511 Heracles,
3479 5452 3628 5520 quasi
3660 5447 3772 5521 ﬂer-

2211 5527 2347 5578 cules
2378 5527 2630 5594 appellat,
2664 5525 2828 5578 innixi
2862 5525 3076 5578 fuerint.
3122 5524 3327 5577 Pharos
3354 5533 3545 5578 censet
3568 5534 3683 5576 esse
3718 5532 3772 5574 tt-

2209 5612 2310 5667 gua
2344 5612 2462 5664 qua:
2488 5594 2541 5649 iu
2573 5600 2784 5648 modum
2818 5595 2966 5663 pltari
2995 5594 3370 5662 assurgebant.

2289 5665 2305 5703 τ
2336 5660 2626 5738 EpiscOpus
2648 5660 3019 5729 Arvcrttettsis,
3042 5666 3108 5721 de
3131 5660 3236 5733 quo
3262 5665 3457 5735 passim
3483 5660 3771 5733 Gregorius.
