4072 6346
485 267 589 324 767
1426 277 1432 283 '
1487 260 1544 316 S.
1587 257 1915 315 GREGORII
1950 256 2251 313 EPISCOP!
2292 256 2725 313 τυιιυΝΕΝςιει
3646 248 3794 304 768

472 382 675 453 pulum
714 375 1148 447 submergebant.
1186 375 1335 428 'Iunc
1371 387 1557 427 omnes
1596 372 1756 427 simul
1794 373 1845 426 in
1872 348 2064 426 discri—
2094 371 2144 429 Δ
2170 371 2314 426 illam
2360 388 2372 425 :
2415 373 2877 441 inlcliigcntcsqtte
2924 386 3042 425 eam
3089 384 3209 424 esse
3255 369 3448 435 vivam,
3496 368 3793 423 velociter

467 474 634 529 mine
652 471 838 541 positi,
864 483 969 523 uua
998 481 1130 523 voce
1157 466 1539 531 clamaveruut,
1572 463 1811 519 dicentes
1838 482 1852 519 :
1876 462 2069 518 Genesi
2175 463 2240 517 ad
2273 463 2561 526 basilicam,
2592 478 2711 530 quae
2750 471 2868 517 erat
2906 461 3140 516 fluminis
3170 460 3435 530 proxima,
3466 460 3790 514 transtule-

491 562 820 625 beatissime,
852 560 1001 628 eripe
1027 572 1125 613 nos
1153 556 1381 630 preprizc
1428 556 1726 610 sanctitatis
1754 554 1970 619 virtute,
2004 568 2072 609 ne
2175 563 2327 620 runt;
2385 554 2644 609 timebant
2688 554 2831 609 cuitu
2880 570 2946 609 ne
2988 554 3179 607 iterum
3224 552 3392 622 mergi
3416 552 3707 620 juberetur
3742 563 3787 605 a

480 661 673 725 pereat
699 650 849 719 plebs
877 664 999 717 tum
1049 647 1277 702 ﬁdeliter
1310 646 1636 701 adveniunt!
1665 644 1858 699 devote
1878 645 2075 698 Solem-
2172 649 2373 718 judice.
2426 647 2839 717 Interrogabant
2874 656 3052 701 autem
3096 646 3373 701 mulierem
3402 644 3635 715 qualiter
3662 644 3794 697 sub

490 746 579 800 nia
624 743 920 799 celebrare.
968 739 1085 795 Mox
1135 740 1296 793 ﬂante
1343 746 1500 793 vento
1562 736 1750 805 vulgus
1819 750 1978 789 omne
2007 733 2073 788 ad
2178 740 2363 809 pelago
2388 739 2571 794 vivere
2605 739 2884 808 potuisset.
2918 738 3258 807 Respondit:
3294 736 3409 791 Non
3444 734 3571 789 mibi
3603 733 3791 788 aliter

491 834 640 888 littus
682 832 996 897 reductum,
1040 830 1267 885 miratur
1312 843 1373 883 se
1422 830 1618 883 virtute
1664 826 1911 897 Martyris
1954 840 2075 881 esse

488 923 751 979 salvatum
778 929 827 975 ⁸³.
880 920 1010 975 Nam
1054 928 1108 975 et
1150 917 1371 974 cancelli
1416 918 1553 973 beati
1600 916 1831 986 sepulcri
1879 914 2076 983 smpius

489 1035 519 1074 a
548 1019 907 1088 Langobardis
948 1016 1033 1071 vel
1079 1016 1295 1085 reliquis
1345 1014 1586 1069 hostibus
1626 1012 1884 1067 confracti
1927 1018 2073 1065 sunt.

486 1110 596 1166 Sed
649 1109 845 1176 arrepti
889 1123 919 1161 ιι
965 1108 1213 1162 daemone
1258 1104 1520 1168 homines,
1570 1110 1663 1157 aut
1696 1100 2075 1169 comprehensi

489 1200 663 1266 rabie,
695 1199 1111 1262 dcbaccbantes,
1155 1206 1247 1250 aut
1290 1194 1521 1266 propriis
1566 1208 1625 1249 se
1650 1192 1896 1247 dentibus
1937 1191 2075 1247 lace-

491 1304 696 1361 rantes,
728 1294 857 1349 nihil
889 1292 957 1348 de
985 1292 1049 1347 iis
1074 1305 1194 1362 quas
1234 1289 1497 1343 violenter
1536 1294 1789 1356 ceperant
1839 1284 2075 1339 abstule-

492 1396 636 1443 runt.
683 1385 882 1440 Ferunt
930 1384 1090 1438 etiam
1138 1382 1189 1436 in
1220 1380 1319 1435 hac
1346 1380 1480 1433 urbe
1509 1378 1536 1417 δ
1567 1378 1729 1433 fuisse
1773 1376 2073 1437 mulierem,

492 1478 579 1533 cui
622 1492 651 1531 a
681 1477 796 1530 viro
824 1474 1026 1529 crimen
1056 1474 1366 1541 impactum,
1396 1484 1495 1524 nec
1522 1469 1743 1523 omnino
1770 1467 2074 1536 probatum,

491 1586 523 1625 ι
562 1568 739 1639 judice
792 1575 851 1621 ut
893 1566 1045 1636 aquis
1102 1565 1506 1632 immergeretur
1556 1571 1581 1600 ο
1628 1558 1914 1629 dijudicata
1968 1564 2072 1613 est.

492 1660 590 1716 Cui
621 1673 739 1713 cum
767 1657 830 1711 ad
855 1657 1047 1711 collum
1075 1654 1207 1722 lapis
1230 1654 1523 1707 immensus
1554 1649 1767 1704 funibus
1796 1648 2076 1718 colligatus

493 1752 701 1817 fuisset,
748 1766 801 1805 tn
835 1749 1146 1803 Rhodanum
1184 1746 1252 1801 de
1290 1746 1410 1800 navi
1450 1742 1779 1812 praecipitata
1827 1748 1931 1797 est.
1983 1739 2074 1793 Illa
2109 1728 2155 1789 Β

494 1857 623 1898 vero
660 1821 802 1896 ben“
827 1838 1072 1909 Martyris
1111 1835 1364 1891 auxilium
1397 1832 1737 1901 precabatur,
1774 1839 1831 1887 et
1876 1845 2069 1885 nomen

495 1938 611 2004 ejus
639 1936 911 1994 invocans,
944 1930 1117 1984 aiebat
1153 1946 1167 1981 :
1207 1927 1401 1983 Sancte
1427 1926 1644 1990 Genesi,
1678 1924 1907 1993 gloriose
1938 1923 2073 1977 Mar-

495 2032 602 2096 tyr,
630 2022 718 2091 qui
752 2022 849 2074 bas
874 2033 1037 2089 aquas
1068 2016 1281 2072 natandi
1314 2015 1464 2085 pulsu
1495 2013 1835 2069 sanctificasti
1863 2010 1914 2076 ἀ,
1940 2026 2074 2067 erue

498 2128 586 2169 me
611 2112 759 2182 juxta
792 2109 1147 2179 innocentiam
1180 2122 1352 2163 meam
1389 2116 1484 2162 :et
1510 2105 1689 2161 statim
1720 2118 1883 2173 super
1909 2116 2074 2169 aquas

498 2203 625 2259 ferri
653 2202 839 2272 cmpit.
866 2198 1018 2267 Quod
1048 2198 1288 2252 videntes
1317 2196 1527 2267 populif,
1572 2203 1925 2265 susceperunt
1954 2207 2073 2247 eam

498 2293 550 2349 in
592 2293 732 2359 navi,
765 2301 817 2347 et
859 2292 925 2345 ad
964 2289 1233 2344 basilicam
1262 2289 1443 2345 Sancti
1486 2286 1824 2342 deduxerunt
1867 2285 2075 2340 incolu-

500 2399 638 2443 mem
673 2402 685 2437 :
716 2398 813 2440 nec
836 2382 1055 2438 ulterius
1084 2397 1112 2433 a
1140 2381 1253 2435 viro
1278 2380 1360 2436 vel
1391 2396 1419 2433 a
1446 2380 1625 2450 judice
1654 2386 1739 2435 est
1764 2379 2004 2449 quaesita.

1074 2495 1299 2551 CAPUT
1337 2495 1503 2551 LXX.

502 2608 581 2664 De
597 2608 817 2677 quadam
845 2607 1055 2661 muliere
1081 2607 1267 2676 injuste
1292 2622 1323 2659 a
1352 2607 1533 2660 marito
1562 2604 1803 2660 adulterii
1825 2613 2079 2659 accusata.

572 2708 736 2796 800
781 2723 825 2778 0
867 2729 1119 2793 quantum
1170 2721 1477 2776 innocentia
1522 2726 1780 2789 prtestat,
1823 2728 2081 2790 quantum

504 2828 655 2872 mens
692 2828 821 2882 pura
868 2813 1134 2867 meretur!
1186 2808 1315 2864 Nam
1356 2810 1515 2865 simili
1562 2818 1710 2865 sorte
1755 2809 1856 2863 alia
1892 2809 2085 2863 mulier

506 2919 538 2959 ιι
574 2905 690 2959 viro
737 2919 836 2958 suo
878 2901 1125 2957 adulterii
1175 2901 1377 2979 crimen
1425 2902 1651 2971 accepit.
1703 2900 1855 2970 Quod
1904 2914 2085 2955 coram

508 2995 683 3067 judice
707 2993 1007 3050 diutissime
1035 2993 1324 3061 denegans,
1354 3006 1474 3046 cum
1508 2991 1716 3060 propria
1749 2990 2088 3046 confessione

509 3086 750 3153 superari
799 3099 905 3138 non
951 3091 1165 3152 posset,
1203 3081 1525 3149 dijudicatur
1573 3079 1837 3150 immergi.
1889 3079 2088 3134 Dehinc
2116 3092 2164 3157 ο
2192 3079 2446 3176 '0’)“qu

510 3184 860 3255 concurrente
899 3175 963 3230 ad
992 3174 1351 3255 spectaculum
1386 3174 1600 3243 pupula,
1649 3174 1715 3228 ad
1749 3187 1959 3242 pontem
1988 3174 2093 3229 du-

510 3269 651 3323 citur
697 3250 871 3322 amnis
901 3265 1141 3328 Ararici,
1189 3250 1537 3333 conuexoque
1584 3280 1705 3319 cum
1751 3264 1876 3320 fune
1922 3264 2096 3333 lapide

518 3357 705 3409 molari
755 3355 897 3409 collo
942 3350 1079 3421 ejus,
1130 3353 1601 3422 praecipitaverunt
1627 3368 1744 3409 eam
1786 3355 1837 3407 in
1877 3354 2096 3422 ﬂumen,

514 3444 825 3512 increpante
861 3442 1090 3510 desuper
1117 3442 1257 3509 viro,
1290 3450 1449 3511 atque
1479 3444 1688 3498 dicente
1716 3460 1729 3497 :
1760 3444 1931 3499 Ablue
1958 3461 2099 3502 nunc

515 3535 674 3605 aquis
730 3533 1121 3590 abundantibus
1191 3534 1570 3592 fornicationes
1633 3535 2101 3607 immunditiasque

518 3634 672 3694 tuas,
719 3625 909 3695 quibus
957 3639 1101 3696 saepe
1144 3626 1422 3681 maculasti
1466 3634 1690 3682 stratum
1740 3644 1941 3684 mcum.
1992 3629 2099 3686 Sed

521 3716 730 3772 Domini
780 3717 989 3786 pietas,
1054 3732 1173 3788 qua:
1224 3717 1457 3774 insontes
1503 3719 1681 3787 perire
1729 3735 1835 3775 non
1883 3721 2095 3791 patitur,

519 3809 751 3880 providit
791 3810 987 3879 stylum
1028 3809 1127 3864 sub
1165 3810 1339 3880 aquis,
1377 3825 1534 3878 quem
1565 3810 1747 3868 videre
1789 3813 1950 3867 homo
1994 3828 2100 3867 non

521 3909 768 3970 poterat;
814 3901 905 3970 qui
944 3901 1240 3969 suscipiens
1284 3900 1483 3968 funem,
1513 3902 1766 3958 sustinuit
1796 3904 2098 3972 mulierem,

518 4005 587 4045 ne
614 3991 679 4046 ad
710 3990 928 4045 fundum
974 3991 1207 4049 fluminis
1235 3992 1556 4061 perveniret.
1593 3994 1658 4048 Et
1686 4002 1841 4049 erant
1879 4004 2102 4069 utraque

519 4084 619 4139 sub
658 4084 830 4154 aquis,
872 4085 1066 4140 mulier
1103 4085 1327 4150 scilicet,
1357 4096 1413 4141 et
1442 4094 1590 4155 petra
1619 4086 1741 4157 styli
1782 4086 1921 4144 illius
1951 4087 2103 4142 lance

520 4175 734 4231 librata.
778 4174 1018 4245 Cumque
1044 4176 1152 4244 jam
1183 4176 1261 4230 sol
1291 4176 1595 4230 occubitum
1628 4185 1855 4245 peteret,
1888 4177 2103 4246 propin-

520 4268 610 4337 qui
655 4266 862 4322 femina:
893 4266 1037 4321 illius
1067 4267 1364 4336 deposcunt
1399 4282 1427 4322 a
1465 4269 1665 4338 judice,
1699 4278 1755 4323 ut
1786 4269 1971 4325 liceret
2007 4285 2104 4339 per

521 4358 731 4410 alveum
781 4358 1033 4412 torrentis
1076 4358 1307 4413 cadaver
1332 4362 1566 4427 parentis
1613 4358 1903 4429 inquirere.
1936 4360 2103 4416 Acce-

2177 844 2335 899 quam
2365 828 2633 884 somnium
2662 829 2833 883 visum
2860 839 2971 897 est,
3004 843 3102 885 nec
3140 829 3370 898 amplius
3396 842 3559 897 aquas
3589 827 3786 892 sensi,

2177 921 2278 976 nisi
2306 936 2427 975 cum
2462 922 2514 976 in
2553 921 2637 977 his
2668 922 2907 992 projecta
2935 922 3208 987 descendi,
3232 930 3323 975 aut
3361 920 3429 976 ab
3458 920 3539 975 his
3565 920 3783 976 iterum

2177 1026 2294 1067 sunt
2335 1024 2629 1081 resumpta,
2679 1014 2907 1070 surrexi.
2954 1014 3022 1069 Et
3065 1014 3397 1068 mirabantur
3435 1026 3626 1066 omnes
3659 1025 3784 1065 non

2177 1104 2417 1173 potuisse
2446 1119 2564 1159 eam
2596 1106 2732 1160 mori
2764 1107 2817 1160 in
2850 1104 2939 1159 tali
2972 1104 3309 1169 discrimine;
3354 1102 3585 1157 salvavit
3615 1103 3784 1157 enim

2177 1208 2295 1249 eam
2326 1210 2472 1263 pura:
2502 1196 2610 1268 [AL
2640 1196 2892 1267 propriae]
2930 1196 3272 1252 conscientiae
3309 1194 3462 1261 lides.
3492 1204 3549 1251 et
3577 1194 3779 1249 Delm-

2179 1299 2296 1345 nus.
2329 1301 2485 1353 quem
2523 1286 2723 1356 jugiter
2752 1288 3044 1354 imprecata
3082 1296 3185 1343 est.
3220 1287 3424 1343 Deinde
3452 1286 3777 1355 parentibus

2179 1376 2403 1441 indulta,
2456 1393 2556 1432 nec
2600 1393 2631 1433 a
2660 1380 2821 1451 θοι
2848 1380 3049 1449 judice,
3088 1395 3188 1435 nec
3221 1396 3249 1433 a
3278 1380 3395 1434 viro
3426 1388 3507 1434 est
3533 1379 3783 1451 amplius

2179 1468 2429 1539 inquisita
2463 1469 2601 1525 :sed
2628 1470 2696 1525 ad
2728 1471 2953 1527 virtutes
2985 1481 3278 1543 martyrum
3307 1470 3601 1528 redeamus.

2739 1607 2965 1665 CAPUT
3007 1607 3196 1663 LXXI.

2569 1717 2644 1775 De
2682 1718 2925 1775 Ferreolo
2963 1731 3012 1775 et
3053 1719 3384 1775 Ferrucione.

2245 1828 2655 1887 Vesonticorum
2702 1842 2727 1869 θ
2776 1848 2985 1902 quoque
3011 1833 3199 1887 civitas
3236 1831 3465 1901 propriis
3506 1831 3779 1887 illustrata

2178 1920 2527 1991 martyribus,
2580 1921 2891 1989 plerumque
2942 1914 3216 1978 miraculis
3264 1924 3615 1991 praesentibus
3643 1938 3780 1993 gau-

2176 2011 2287 2068 det.
2316 2013 2446 2068 lluie
2475 2014 2527 2068 in
2558 2013 2739 2069 abdito
2762 2022 2961 2083 cryptae
2987 2014 3113 2077 duo,
3138 2022 3196 2068 ut
3230 2016 3405 2082 passio
3440 2012 3459 2051 τ
3509 2014 3775 2078 declarat,

2177 2113 2468 2176 martyres,
2524 2105 2808 2161 Ferreolus
2862 2115 3021 2175 atque
3072 2105 3328 2161 Ferrucio
3396 2117 3521 2161 sunt
3577 2104 3779 2174 sepulti

2177 2197 2305 2266 (An.
2336 2196 2467 2261 2H,
2499 2197 2566 2252 16
2590 2196 2767 2265 lum).
2798 2198 3016 2252 Factum
3046 2209 3129 2254 est
3157 2210 3334 2254 autem
3362 2199 3594 2265 quodam
3623 2209 3767 2255 tetu-

2180 2304 2310 2360 pore
2354 2298 2415 2344 ut
2443 2289 2523 2344 vir
2551 2290 2752 2345 sororis
2785 2305 2919 2346 mete
2959 2292 3321 2347 invalescente
3366 2291 3512 2347 febre
3541 2293 3777 2363 graviter

2178 2388 2481 2451 mgrolaret.
2515 2382 2753 2451 Cumque
2775 2384 2885 2449 jam
2911 2384 3083 2450 quarti
3126 2383 3326 2437 mensis
3350 2384 3530 2452 spatio
3572 2384 3765 2438 lectulo

2178 2477 2405 2532 anhelus
2432 2477 2797 2542 occumberet,
2839 2485 2897 2531 ut
2938 2478 3069 2532 nihil
3115 2478 3259 2533 aliud
3304 2478 3499 2545 coniux
3555 2488 3767 2545 tumsta,

2181 2568 2280 2623 nisi
2323 2583 2443 2637 qua:
2480 2568 2775 2637 sepultura:
2819 2576 2971 2623 erant
3003 2569 3302 2624 necessnria
3330 2569 3611 2637 cogitaret,
3636 2569 3774 2625 San'

2181 2666 2386 2713 ctorum
2417 2658 2687 2713 basilicam
2711 2657 2843 2713 flens
2870 2672 2933 2713 ac
2970 2660 3140 2715 tristis
3159 2660 3383 2729 expetiit
3414 2677 3429 2713 :
3462 2660 3771 2728 provoluta-

2182 2761 2286 2815 que
2314 2760 2492 2801 coram
2535 2746 2819 2815 sepulcris,
2850 2748 3037 2815 palmis
3066 2763 3130 2802 ac
3173 2748 3312 2803 facie
3335 2748 3556 2818 rigente,
3590 2750 3774 2817 oppri-

2185 2839 2281 2893 mit
2306 2839 2692 2906 pavimentum.
2738 2838 2944 2893 Accidit
2971 2848 3146 2893 autem
3196 2838 3406 2893 fortuito
3435 2849 3512 2903 ut,
3540 2850 3765 2894 extensa

2194 2926 2433 2981 dexterae
2457 2941 2647 2981 manus
2676 2926 2874 2993 palma,
2914 2926 3099 2981 folium
3148 2926 3329 2982 herba:
3376 2928 3574 2992 salvize,
3621 2928 3771 2996 quod

2187 3031 2285 3086 pro
2314 3016 2519 3071 honore
2551 3016 2841 3087 Martyrum
2879 3016 2931 3071 in
2962 3029 3146 3087 crypta
3201 3032 3549 3088 conspersum
3583 3018 3772 3083 fuerat,

2480 3108 2766 3177 Postquam
2792 3119 2992 3176 autem,
3022 3108 3135 3165 fusa
3166 3112 3428 3175 oratione,
3454 3126 3579 3165 cum
3610 3112 3775 3183 lacry-

2198 3197 2299 3253 mis
2328 3197 2558 3252 surrexit
2585 3212 2614 3251 a
2644 3199 2880 3264 tumulis,
2910 3208 3103 3269 putans
3131 3200 3331 3271 aliquid
3356 3201 3425 3256 de
3451 3202 3776 3258 linteamini-

2198 3287 2318 3354 bus,
2352 3288 2545 3358 quibus
2583 3288 2765 3343 induta
2797 3299 2931 3352 erat,
2963 3305 3119 3346 manu
3154 3291 3523 3361 prehendisse,
3556 3301 3774 3348 utassu-

2198 3377 2292 3443 let,
2322 3379 2497 3433 volam
2522 3380 2785 3435 continuit
2818 3381 3090 3449 clausam;
3135 3398 3456 3455 egressaque
3485 3384 3773 3454 basilicam,

2200 3468 2462 3539 patefacta
2487 3485 2667 3536 manu,
2701 3470 2883 3526 folium
2934 3471 3114 3528 herb:e
3160 3476 3426 3529 miratur:
3473 3477 3772 3545 obstupefa-

2200 3568 2284 3615 cta
2322 3575 2450 3616 vero
2496 3561 2625 3631 quid
2675 3562 2777 3618 hoc
2818 3573 2979 3627 esset,
3015 3580 3205 3619 munus
3248 3566 3472 3622 caeleste
3521 3567 3774 3623 indultum

2201 3653 2303 3708 sibi
2333 3654 2592 3709 divinitus
2631 3656 2991 3725 recognoscit,
3018 3665 3079 3711 ut
3104 3657 3303 3712 scilicet
3337 3674 3433 3726 per
3467 3673 3587 3714 eum
3618 3659 3774 3714 virtus

2204 3744 2494 3815 Martyrum
2539 3745 2755 3800 infirmo
2802 3755 3157 3801 succurreret.
3211 3747 3435 3802 Domum
3490 3749 3769 3819 igiturjam

2204 3834 2373 3890 laetior
2402 3836 2638 3902 rediens,
2666 3835 2849 3891 folium
2882 3837 3105 3890 dilutum
3141 3852 3278 3905 aqua
3306 3838 3420 3892 viro
3449 3840 3683 3906 porrexit
3708 3837 3769 3892 ad

2207 3925 2518 3981 bibendum.
2550 3927 2651 3992 Qui
2680 3937 2733 3982 ut
2759 3928 2936 3981 hausit
2964 3928 3154 3997 plenus
3198 3929 3323 3997 fide,
3369 3932 3610 4000 protinus
3641 3931 3770 3984 sani.

2207 4029 2367 4077 tatem
2399 4021 2758 4092 plenissimam
2787 4021 2981 4075 meruit
3002 4022 3266 4078 obtinere.

2755 4132 2986 4188 CAPUT
3026 4133 3232 4189 LXXII.

2414 4244 2489 4299 De
2514 4255 2688 4299 sancto
2712 4242 2956 4315 Dionysio
2980 4243 3297 4299 Parisiorum
3324 4246 3579 4317 episcOpo.

2274 4357 2436 4429 802
2471 4356 2755 4428 Dionysius
2798 4371 2926 4411 vero
2970 4356 3270 4425 episcopus,
3312 4357 3633 4413 Parisiorum
3663 4359 3770 4415 urbi

522 4455 612 4515 pta
658 4446 836 4514 itaque
877 4445 1223 4517 indulgentia,
1267 4447 1660 4503 descenderunt
1704 4447 1772 4502 ad
1823 4449 1997 4505 locum
2045 4450 2096 4504 in
2127 4465 2176 4524 ο
2203 4447 2358 4502 datus
2379 4456 2461 4504 est
2487 4458 2688 4520 martyr
2719 4458 2743 4495 ε
2771 4449 2894 4517 (An.
2924 4447 3047 4512 250,
3090 4449 3123 4504 9
3156 4449 3296 4521 Oct.)
3331 4468 3345 4504 :
3388 4459 3624 4520 tempore
3651 4467 3763 4508 vero

521 4552 630 4607 quo
678 4538 1003 4608 prmcipitata
1050 4539 1224 4594 fuerat
1275 4539 1487 4594 mulier.
1561 4538 1925 4607 Videruntque
1981 4554 2099 4593 eam

520 4627 754 4698 pendere
797 4642 919 4683 cum
969 4628 1178 4699 lapide,
1223 4629 1494 4699 missoque
1540 4643 1699 4693 unco,
1725 4630 2105 4685 abstraxerunt

592 4797 619 4827 ι
652 4786 727 4842 De
764 4789 864 4843 hoc
911 4788 1176 4842 miraculo
1218 4787 1338 4841 vide
1385 4787 1657 4843 homiliam
1704 4789 1874 4845 sancti
1916 4789 2102 4846 ililarii

522 4859 847 4914 Arelatensis
869 4859 1105 4926 episcopi
1137 4858 1274 4926 apud
1308 4859 1545 4913 Surium.

593 4927 624 4968 δ
651 4926 737 4997 Sic
762 4924 918 4983 etiam
950 4924 1091 4983 Clar.
1124 4924 1179 4991 b',
1204 4927 1416 4981 omissis
1442 4929 1566 4983 licet
1592 4929 2038 4997 praecedentibus.

596 5009 620 5038 ε
653 4996 815 5054 Forte
844 4999 912 5053 ad
944 4998 1309 5069 probationem
1336 4996 1665 5062 sceleris,ut
1703 5011 1755 5054 et
1794 5016 1912 5069 cap.
1959 5017 2099 5067 scq.,

523 5070 663 5141 quod
711 5083 938 5124 examen
966 5068 1224 5141 judicium
1262 5082 1417 5141 aquge
1445 5070 1812 5138 appellabatur
1836 5068 1869 5131 ,⁷
1899 5072 1968 5125 de
1998 5087 2102 5141 quo

594 5139 723 5211 ssim
748 5137 993 5211 auctores
1022 5137 1181 5193 medii
1211 5139 1329 5193 (cvi.
1366 5138 1497 5196 Vide
1518 5137 1777 5211 Dignum,
1809 5143 1860 5197 in
1906 5144 1987 5197 tit.
2016 5137 2104 5197 ’55

570 5211 680 5272 egis
708 5210 917 5265 Saliae.

589 5277 616 5317 ⁴
650 5285 689 5333 Α
725 5280 981 5334 ministris
1009 5278 1278 5333 insecutus
1309 5277 1625 5333 Rhodanum
1649 5282 1882 5335 natando
1930 5292 2105 5336 trans-

521 5349 724 5475 iétirut
768 5358 985 5405 narrant
1032 5349 1151 5420 ejus
1197 5350 1457 5419 passionis
1503 5360 1688 5405 auctor
1737 5360 1791 5406 et
1842 5352 2104 5408 Eusebius

568 5434 597 5472 ιι
646 5435 853 5475 manus.

568 5434 853 5477 amcanus.

597 5498 624 5560 ξ
665 5490 775 5560 Hoc
803 5497 1039 5560 caputiet
1070 5490 1169 5543 tria
1198 5490 1472 5560 sequentia
1501 5490 1693 5544 desunt
1723 5492 1774 5543 in
1796 5490 1942 5545 Clar.
1977 5490 2030 5545 h.

554 5584 557 5585 ν
599 5557 621 5595 ί
650 5559 827 5613 Edidit
863 5559 1048 5615 Surius
1078 5557 1296 5614 istorum
1318 5569 1606 5630 martyrum
1627 5562 1778 5613 Acta.
1815 5560 2008 5613 Eorum
2034 5561 2104 5614 fe-

525 5629 731 5683 stivitas
753 5644 872 5683 cum
903 5631 1063 5683 missa
1089 5631 1297 5698 propria
1326 5629 1550 5684 habetur
1577 5631 1628 5683 in
1654 5630 1848 5685 Missali
1881 5631 2107 5684 Gothico

527 5699 666 5770 apud
715 5698 1044 5757 Thomasum
1095 5708 1150 5757 et
1193 5698 1469 5757 Mabillon.
1519 5700 1770 5771 Liturgia:
1820 5698 2106 5757 Gallicana:

2210 4558 2317 4611 quo
2341 4544 2635 4611 Sigibertus
2663 4559 2756 4597 rex
2781 4558 2901 4597 cum
2925 4544 3162 4597 exercitu
3189 4544 3253 4597 ad
3296 4545 3480 4599 urbem
3522 4544 3662 4599 illam
3687 4561 3766 4601 vc-

2211 4636 2309 4703 nit,
2354 4646 2405 4690 et
2445 4632 2739 4690 maximam
2766 4634 3008 4690 ‘t’icorum
3057 4633 3082 4672 ιι
3128 4635 3245 4705 ejus
3295 4644 3498 4705 partem
3544 4637 3772 4693 incendio

2210 4791 2302 4845 lib.
2337 4808 2417 4854 tu,
2448 4808 2499 4846 ιι.
2538 4791 2625 4845 55.
2660 4790 2856 4845 Eorum
2888 4789 3199 4859 martyrium
3245 4790 3346 4845 sub
3378 4790 3585 4845 initium
3629 4793 3771 4844 Anto-

2211 4863 2319 4915 nini
2357 4861 2647 4916 Caracallcc
2686 4862 2974 4925 contigisse
3023 4870 3243 4915 censent
3293 4862 3386 4915 viri
3431 4861 3643 4915 eruditi.
3683 4862 3769 4914 Vc-

2211 4935 2535 4993 sontiouem,
2574 4932 2659 4987 ubi
2693 4932 2832 4997 passi
2861 4938 3004 4993 sunt,
3049 4930 3168 4986 fidei
3197 4932 3547 4999 praedicanda:
3569 4946 3718 4986 causa
3742 4946 3769 4986 a

2212 5013 2398 5056 sancto
2430 5004 2630 5057 Irentco
2656 5002 2842 5055 directi
2895 5000 3120 5053 fuerant.

2289 5082 2313 5120 ε
2355 5073 2434 5126 Ex
2468 5072 2549 5126 his
2580 5087 2696 5140 qute
2746 5070 3033 5137 Gregorius
3063 5072 3115 5123 in
3164 5068 3303 5125 llist.
3339 5071 3432 5125 lib.
3466 5086 3482 5124 ι
3532 5085 3648 5125 can.
3691 5071 3765 5134 50.

2211 5144 2442 5209 scripsit,
2481 5141 2761 5209 Dionysius
2791 5148 2909 5205 post
2949 5156 3039 5193 an.
3068 5140 3173 5193 25')
3222 5156 3413 5207 passus
3439 5152 3539 5194 est.
3572 5141 3628 5196 Si
3667 5142 3767 5194 aliis
3863 5194 3871 5204 ,

2213 5214 2572 5266 monumentis
2604 5211 2734 5265 lides
2756 5213 2845 5272 sit,
2877 5225 2995 5277 (lilii)
3023 5224 3141 5262 cum
3167 5225 3195 5262 ιι
3219 5222 3404 5262 sancto
3433 5210 3700 5265 Clemente
3722 5211 3764 5263 in

2213 5283 2411 5336 Gallias
2443 5284 2661 5336 missum
2693 5289 2974 5346 testantur,
3002 5280 3117 5346 ejus
3157 5280 3333 5347 pas~io
3373 5280 3570 5333 s:eculo
3601 5295 3637 5334 ιι
3666 5295 3769 5333 cono

2210 5352 2464 5421 signanda
2512 5352 2613 5407 erit
2643 5368 2657 5405 :
2690 5367 2808 5418 quae
2863 5350 3123 5421 sententia
3180 5349 3274 5402 fuit
3336 5349 3571 5421 Patrum
3602 5350 3766 5421 synodi

2213 5418 2526 5477 Parisiensis
2556 5438 2651 5488 pro
2692 5421 2856 5475 sacris
2886 5420 3200 5488 imaginibus
3223 5435 3310 5473 an.
3358 5418 3646 5473 825.~Vide
3678 5419 3766 5472 ila-

2211 5491 2395 5553 billou,
2424 5501 2567 5545 tumo
2596 5492 2612 5546 1
2639 5492 2906 5553 Analect,,
2934 5487 3051 5558 pag.
3084 5487 3170 5552 65,
3198 5499 3248 5544 et
3273 5501 3592 5557 perceptum
3615 5490 3767 5544 Theo-

2209 5561 2377 5631 dorici
2408 5562 2467 5616 I’J
2500 5562 2663 5631 regis,
2690 5560 3065 5631 iniappendice
3095 5558 3252 5631 hujus
3281 5561 3480 5625 operis.

2282 5629 2308 5668 ¹⁵
2350 5633 2429 5685 Ex
2465 5627 2719 5687 hoc'loco
2747 5627 3013 5684 Latinoius
3051 5637 3106 5683 et
3151 5627 3265 5698 eius
3292 5644 3549 5697 sequaces
3592 5629 3764 5684 inferre

2209 5702 2492 5760 Voluerunt
2539 5701 2811 5758 basilicam
2857 5698 3231 5772 Dionysianam
3284 5713 3345 5754 ac
3374 5710 3662 5771 martyrum
3690 5715 3760 5756 se-
