4072 6346
330 339 438 396 769

1159 321 1658 380 \IIRACCLORUM
1698 320 1829 377 LIB.
1874 320 1916 375 I.
1961 319 2051 374 DE
2091 318 2342 374 GLOIllA
2384 316 2789 373 MARTYRL‘M.

3511 317 3616 372 770

331 448 700 515 concremavit
722 447 844 521 (An.
893 444 1044 515 574),
1075 443 1289 514 quidam
1333 443 1398 499 de
1429 441 1756 512 primoribus
1801 440 1919 509 ejus
1948 445 1995 502 Α
2026 438 2109 490 nis
2129 438 2450 501 auferretur,
2493 435 2727 506 judicent
2759 435 3099 506 deprecatur,
3131 441 3191 489 ut
3232 448 3490 492 concessa
3536 438 3615 493 illi

336 549 402 605 ad
431 545 705 601 basilicam
729 536 985 594 antedicti
1012 536 1260 608 martyris
1284 541 1555 604 properat,
1588 548 1698 585 non
1729 531 1925 585 oratio-

337 640 424 695 nis
446 636 753 696 devotione,
806 630 901 686 sed
950 636 1155 683 tantum
1206 635 1264 680 ut
1308 624 1506 694 aliquid
1554 621 1827 677 fraudaret
1861 621 1929 675 ab

340 730 499 786 aede:
529 727 620 797 qui
647 724 853 780 scilicet
882 721 968 775 ubi
1003 729 1237 775 reserata
1269 721 1405 772 ostia
1447 732 1510 771 ac
1544 730 1767 769 vacuum
1794 724 1931 767 tem-

340 822 537 892 pluma
582 816 895 872 custodibus
946 811 1258 881 reperisset,
1307 809 1498 877 pallam
1551 805 1927 869 ltoloseticam,

340 925 579 980 auroque
608 916 919 963 exornatam
965 913 1019 958 et
1056 901 1304 971 genunis,
1335 915 1453 970 quae
1502 907 1743 951 sanctum
1788 906 1933 965 tege-

342 1002 430 1056 bat
478 986 806 1068 sepulcrum,
866 994 1150 1049 temerario
1180 1007 1314 1045 ausu
1363 988 1602 1057 diripuit,
1644 1000 1935 1056 secumque

344 1090 575 1146 sustulit.
615 1088 844 1143 Veniens
889 1094 1065 1140 autem
1094 1083 1158 1136 ad
1189 1093 1386 1147 castra,
1428 1078 1527 1134 fuit
1555 1080 1604 1134 ei
1637 1079 1929 1133 necessitas

356 1181 659 1252 navigandi.
692 1178 935 1248 Cumque
964 1192 1096 1246 puer
1138 1175 1276 1243 ejus,
1319 1187 1475 1242 quem
1519 1180 1646 1225 tunc
1674 1170 1937 1224 creditum

349 1273 601 1337 habebat,
633 1268 909 1339 suspensis
939 1268 1002 1320 ad
1027 1265 1219 1321 collum
1250 1262 1497 1318 ducentis
1520 1261 1720 1323 aureis,
1750 1273 1938 1313 navem

347 1380 472 1420 cum
519 1361 708 1418 eodem
755 1358 1104 1422 ascendisset,
1161 1356 1359 1421 subito,
1391 1368 1422 1407 a
1453 1351 1599 1406 nullo
1628 1360 1822 1417 tactus,
1873 1348 1941 1405 de

349 1457 469 1513 navi
495 1455 691 1520 deruit,
717 1464 1107 1522 oppressusque
1137 1444 1308 1516 aquis,
1347 1459 1626 1514 nunquam
1657 1433 1830 1510 potuit
1858 1440 1942 1496 in-

350 1546 539 1601 veniri.
572 1546 665 1600 Ille
707 1557 919 1613 quoque
958 1539 1216 1610 judicium
1264 1538 1355 1592 Dei
1405 1537 1456 1590 in
1499 1551 1559 1591 se
1587 1548 1816 1589 cernens
1843 1546 1937 1603 per

351 1636 501 1708 pueri
542 1632 885 1689 amissionem
935 1639 989 1685 et
1032 1628 1174 1696 auri,
1226 1627 1484 1681 velociter
1516 1623 1683 1679 Iittori
1736 1622 1807 1678 de
1836 1637 1941 1691 quo

351 1730 621 1798 digressus
638 1726 830 1790 fuerat,
856 1722 1133 1786 remeavit,
1160 1720 1464 1790 pallamque
1485 1717 1717 1786 sepulcri
1732 1729 1940 1771 summa

2029 528 2157 591 vita,
2188 526 2276 580 hic
2302 527 2457 596 culpa
2489 541 2614 581 reus
2658 526 3023 580 absolveretur
3048 541 3077 579 a
3102 540 3277 596 parua,
3297 526 3481 582 dicens
3518 529 3619 587 sibi

2028 618 2159 671 satis
2189 632 2308 672 esse
2350 617 2460 686 jam
2514 617 2731 682 factum,
2783 617 2922 686 quod
2974 632 3070 686 p'r
3112 626 3190 673 tot
3233 629 3619 677 tormentorum

2030 722 2223 776 genera
2257 708 2388 763 latro
2419 722 2538 776 qua:
2569 719 2809 777 gesserat
2838 707 3167 763 declarasset
3196 725 3210 764 :
3241 710 3333 765 sed
3363 714 3621 767 severitas

2029 800 2243 871 juditis,
2270 815 2391 854 cum
2417 800 2575 853 nullis
2619 800 2867 869 precLbus
2912 801 3174 871 potuisset
3222 803 3440 870 inflecti,
3469 819 3619 859 reum

2038 895 2276 967 patibulo
2303 894 2704 950 condemnavit.
2736 894 2886 949 Tunc
2913 896 3191 966 presbyter
3220 912 3340 951 cum
3369 897 3620 968 lacryntis

2035 998 2335 1059 prostratus
2355 987 2420 1041 ad
2455 986 2593 1041 beati
2626 987 2874 1056 Martyris
2889 988 3173 1055 tumulum,
3196 989 3507 1058 suppliciter
3530 991 3623 1045 de-

2038 1090 2329 1150 precatur,
2386 1079 2617 1134 dicens:
2692 1078 2910 1146 Qttzcso,
2979 1080 3365 1149 gloriosissime
3427 1082 3623 1138 athleta

2040 1170 2261 1236 Christi,
2292 1180 2525 1225 uteruas
2554 1172 2695 1227 hunc
2719 1186 3005 1241 pauperem
3033 1172 3100 1227 de
3126 1189 3284 1227 manu
3309 1175 3495 1230 martis
3528 1174 3626 1228 ini-

2038 1278 2178 1332 qum,
2212 1279 2277 1317 ne
2305 1262 2437 1317 milii
2469 1262 2563 1317 ﬁat
2590 1264 2641 1317 in
2668 1264 3032 1334 opprobrium,
3058 1266 3101 1317 si
3132 1280 3224 1333 per
3250 1281 3423 1320 meam
3462 1283 3625 1322 accu-

2041 1355 2303 1410 sationem
2336 1354 2591 1410 moriatur
2620 1355 2704 1410 liic
2728 1355 2908 1410 homo.
2930 1355 3184 1420 05tende,
3205 1355 3484 1426 deprecor,
3518 1354 3626 1414 vir;

2044 1450 2210 1499 tutetn
2256 1456 2421 1509 tuam,
2473 1455 2527 1499 ut
2566 1460 2724 1515 quem
2767 1445 3027 1514 asperitas
3071 1446 3296 1500 humana
3329 1451 3508 1518 nequit
3535 1447 3626 1503 ab-

2040 1535 2252 1590 solvere
2289 1533 2308 1572 ι
2368 1534 2503 1589 lenis
2553 1536 2765 1605 pietatis
2814 1536 3178 1592 moderamine
3233 1546 3288 1591 tu
3340 1537 3626 1594 dissolvas.

2043 1623 2167 1681 Πῶς
2212 1626 2491 1681 sacerdote
2533 1641 2655 1680 cum
2708 1628 2958 1698 lacrymis
2985 1628 3327 1698 deprecante,
3376 1630 3627 1701 disruptis

2044 1717 2269 1773 vinculis
2301 1718 2543 1786 patibuli,
2588 1733 2711 1773 reus
2736 1719 2802 1773 ad
2836 1729 3031 1775 terram
3061 1723 3188 1776 ruit.
3231 1722 3382 1789 Quod
3408 1722 3629 1779 audiens

351 1822 633 1877 velocitate
673 1816 923 1872 restituit.
955 1816 1015 1870 Et
1048 1814 1171 1869 licet
1199 1812 1301 1867 hoc
1343 1810 1554 1874 fecerit,
1592 1820 1767 1864 tamen
1799 1807 1941 1863 diem
1975 1812 2021 1871 Β
2043 1806 2227 1872 judex,
2276 1809 2471 1863 timore
2503 1811 2841 1879 perterritus,
2873 1821 2926 1866 et
2955 1812 3188 1867 divinam
3228 1814 3498 1909 adniiraus
3526 1815 3627 1871 vir-

353 1931 408 1972 ιιι
438 1930 542 1983 quo
566 1914 680 1967 hazc
707 1911 1020 1973 admiserat,
1063 1913 1377 1963 recurrente
1417 1908 1542 1958 anni
1565 1902 1790 1968 circulo,
1836 1917 1945 1956 non

353 2006 549 2076 attigit.
580 2004 728 2059 Alius
756 2010 934 2056 autem
979 2012 1139 2067 super
1189 1995 1496 2064 sepulcrum
1534 1990 1789 2047 sanctum
1830 1992 1941 2046 cal-

350 2110 476 2150 cure
508 2108 611 2147 non
643 2100 903 2154 metuens,
932 2088 1057 2143 dunt
1087 2087 1389 2140 columbam
1432 2090 1459 2120 ⁸
1505 2097 1724 2137 auream
1758 2080 1943 2157 lancea

355 2181 549 2253 quaerit
573 2179 798 2243 elidere,
828 2178 1131 2247 elapsisque
1156 2172 1377 2245 pedibus
1409 2173 1476 2227 ab
1509 2182 1733 2241 utraque
1766 2181 1941 2240 parte,

355 2273 479 2341 quia
511 2271 735 2325 turritus
778 2266 806 2307 δ
839 2276 955 2323 erat
980 2265 1235 2327 tumulus.
1285 2261 1611 2330 compressis
1658 2259 1943 2324 testiculis,

362 2374 542 2417 lancea
564 2361 617 2414 in
646 2361 814 2414 latere
832 2357 1035 2424 deltxa,
1066 2354 1325 2410 exanimis
1346 2361 1428 2406 est
1456 2351 1724 2404 inventus.
1758 2347 1811 2403 Id
1839 2365 1943 2404 unn

361 2451 581 2507 fortuito
612 2450 902 2523 contigisse
926 2488 941 2517 ,
990 2445 1084 2503 scd
1113 2444 1317 2516 judicio
1365 2442 1459 2498 Dei
1499 2452 1729 2513 gestum,
1764 2440 1942 2496 nullus

367 2545 623 2615 ambigat.

893 2627 1121 2686 CAPUT
1162 2621 1403 2681 LXXIII.

610 2739 688 2794 De
735 2750 914 2795 sancto
970 2739 1215 2805 Quintino
1282 2734 1690 2789 Viromaudemi.

430 2834 593 2924 803
642 2851 795 2922 Apud
839 2852 1260 2907 Vtromanuense
1303 2861 1431 2902 vero
1463 2846 1713 2915 oppidum
1744 2844 1948 2901 Gallia-

361 2958 501 3008 rum,
533 2942 815 3010 Qttintinus
843 2950 1046 3010 martyr
1080 2948 1106 2978 ε
1132 2938 1379 3008 quiescit,
1412 2937 1564 3007 cujus
1591 2936 1801 2991 beatum
1822 2951 1946 2989 cor-

278 3016 285 3023 .
365 3051 464 3106 pus
491 3052 522 3090 a
550 3038 774 3106 quadam
801 3034 1072 3104 religiosa,
1106 3046 1227 3101 qua:
1256 3029 1458 3084 dudum
1482 3029 1653 3084 fuerat
1675 3037 1872 3082 cacata
1893 3027 1946 3093 ἀ,

366 3128 632 3198 reperitur
658 3128 782 3199 (An.
815 3125 942 3193 287,
973 3124 1035 3181 51
1074 3121 1237 3192 0a.).
1270 3121 1379 3177 Sed
1408 3137 1532 3176 mox
1564 3129 1680 3175 uta
1713 3121 1947 3175 ﬂuminis

365 3217 530 3273 fundo
561 3220 854 3275 relevatum
875 3226 959 3272 est
982 3216 1105 3285 (Αη.
1135 3212 1288 3279 542),
1338 3212 1652 3268 miraculum
1704 3204 1946 3281 protulit,

365 3324 486 3364 cum
514 3309 753 3364 mulieris
776 3308 911 3363 facie
943 3318 991 3374 °,
1020 3308 1105 3362 ubi
1139 3305 1365 3374 priutum
1391 3304 1582 3369 illusit,
1617 3304 1815 3359 lumina
1843 3319 1950 3358 cte-

366 3411 482 3455 cata
506 3400 754 3456 restituit.
788 3400 843 3454 In
884 3404 984 3455 bac
1011 3403 1171 3454 etiam
1202 3399 1334 3454 urbe
1378 3411 1514 3451 unus
1541 3412 1607 3451 ex
1653 3397 1953 3452 latronibus

367 3508 561 3563 equum
590 3494 883 3563 presbyteri
914 3492 1090 3546 furtim
1118 3492 1334 3547 abstulit
1367 3507 1379 3543 :
1404 3488 1655 3544 iuventus
1678 3504 1705 3541 a
1730 3489 1950 3559 presby-

368 3590 502 3648 tero,
530 3582 701 3652 judici
731 3583 1133 3648 manifestatur;
1160 3596 1258 3636 nec
1286 3595 1458 3642 mora,
1498 3578 1867 3649 apprehensus
1898 3586 1955 3634 et

368 3673 425 3728 in
451 3672 658 3729 vincula
689 3683 1016 3742 compactus,
1040 3670 1305 3741 supplicio
1332 3669 1608 3734 subditur;
1640 3683 1774 3737 opus
1795 3682 1951 3723 suum

368 3781 467 3823 ore
493 3767 709 3837 proprio
738 3766 999 3827 indicans.
1023 3764 1259 3833 patibulo
1294 3760 1640 3832 dijudicatur.
1675 3760 1782 3814 Sed
1803 3774 1956 3829 pres~

369 3858 525 3931 byter
545 3868 789 3916 metuens
814 3872 882 3915 ne
911 3858 982 3914 ob
1008 3856 1092 3914 sui
1119 3855 1300 3912 damni
1328 3868 1544 3910 causam
1574 3853 1749 3908 anima
1783 3853 1953 3907 homi-

371 4031 560 4102 pulcra
589 4038 715 4086 tunc
754 4030 808 4086 in
837 4030 949 4102 ipsa
992 4028 1317 4102 Parisiorum
1366 4025 1813 4102 urbe_exstitisse.
1845 4026 1950 4083 Sed

368 4094 414 4157 ei
441 4102 529 4156 hic
544 4103 699 4157 iocus
728 4094 1014 4157 cum-libro
1038 4114 1088 4153 tv
1117 4100 1278 4164 lIist.,
1308 4112 1429 4166 cap.
1492 4094 1585 4163 44,
1618 4096 1949 4166 conferatur,

372 4171 463 4227 ubi
482 4172 580 4226 vici
606 4173 694 4242 qui
727 4172 865 4225 circa
912 4172 1088 4224 urbem
1131 4164 1594 4242 erant__dic_ttrt_tttr_
1625 4181 1654 4220 a
1702 4164 1952 4242 Sigiberti

370 4236 630 4297 exercitu
659 4242 879 4305 incensi,
931 4248 1213 4296 evanescet
1259 4238 1352 4293 illa
1392 4236 1702 4300 difficultas,
1734 4238 1953 4305 poussi-

369 4326 514 4381 tttum
537 4327 658 4365 cum
689 4313 885 4381 passim
916 4311 1140 4381 vicorum
1163 4308 1303 4381 urbis
1332 4308 1550 4381 nomine
1581 4307 1697 4360 loca
1718 4308 1787 4381 ab
1820 4308 1951 4381 urbe

369 4380 486 4450 ipsa
521 4382 676 4436 valde
690 4376 892 4436 'dissita
917 4379 1056 4447 apud
1086 4376 1398 4450 Gregorium
1429 4377 1670 4450 aliosque
1710 4378 1826 4450 ejus
1854 4379 1951 4450 a‘vl

369 4447 617 4520 auctores
659 4452 1037 4520 intelligantur,
1082 4457 1142 4520 ut
1180 4447 1669 4520 probantjnvicte
1699 4447 1947 4503 Cointius

370 4519 560 4575 δέδια.
587 4519 712 4586 574,
736 4515 882 4576 nun].
911 4523 964 4584 6,
988 4529 1041 4574 et
1071 4515 1195 4573 fuse
1229 4517 1361 4572 llad.
1397 4517 1635 4587 Valesius
1656 4515 1709 4571 itt
1737 4527 1884 4587 parte
1910 4534 1944 4573 tt

372 4590 705 4647 Defensionis
729 4607 838 4646 sutc
867 4599 1051 4645 contra
1099 4590 1410 4655 Launoium,
1440 4586 1528 4642 ubi
1551 4588 1617 4642 de
1645 4586 1775 4654 situ,
1802 4597 1943 4644 statu

374 4662 690 4730 monastico,
734 4671 788 4716 et
822 4661 941 4716 aliis
969 4659 1033 4714 ad
1088 4659 1358 4715 basilicam
1404 4656 1777 4730 Dionysianam
1822 4675 1944 4729 spe-

372 4727 928 4799 ctantibus,disserit.
965 4731 1095 4787 Vide
1122 4745 1302 4799 supra,
1330 4729 1431 4785 col.
1464 4727 1591 4795 65],
1628 4729 1681 4784 itt
1708 4727 1942 4785 uatis—ad

369 4814 490 4869 cap.
522 4802 589 4856 79
618 4803 865 4857 Chronici
902 4801 1071 4857 Fredc
1109 4803 1225 4855 arii.

369 4939 416 4950 η
442 4879 469 4950 εξ
613 4872 874 4950 ejusmodi
899 4818 1248 4950 culumgisad
1269 4870 1512 4950 sepulcra
1541 4871 1789 4950 appensis
1817 4870 1939 4950 vide

369 4939 666 5011 Mabillonf,
693 4943 761 4995 de
789 4941 1020 5011 Liturgia
1049 4939 1235 4994 Gallic.
1274 4942 1370 5011 lib.
1397 4955 1411 4992 ι
1434 4954 1552 5011 cap.
1598 4945 1650 5011 9,
1682 4939 1770 4993 ubi
1792 4951 1847 4996 et
1875 4945 1943 4995 de

372 5010 637 5076 columbis
662 5011 907 5063 altarium
930 5009 982 5062 et
1011 5010 1439 5076 baptisteriorum
1464 5009 1767 5063 disseritur.

447 5074 474 5115 δ
517 5078 571 5130 ld
592 5087 672 5133 est
723 5077 777 5131 iu
823 5078 1036 5132 modum
1080 5074 1379 5146 pyramidis
1438 5080 1793 5142 acuminatus,
1842 5090 1946 5130 non

371 5147 516 5216 quod
553 5149 714 5202 turris
760 5150 944 5217 ingens
975 5162 1213 5217 unquam,
1249 5162 1409 5214 supra
1437 5150 1739 5215 sepulcrum
1768 5158 1947 5201 erecta

374 5218 551 5273 luerit.
575 5218 706 5275 Vide
731 5216 906 5273 Vales.
938 5218 991 5272 in
1013 5216 1325 5271 Delensioue
1344 5218 1600 5272 adversus
1622 5217 1944 5281 Launoium,

292 5316 300 5323 ο
378 5303 526 5344 uarie
555 5305 595 5344 ι.
627 5304 745 5344 can.
781 5288 857 5343 ttlt

378 5303 526 5355 parte
555 5305 595 5355 ι,
627 5304 745 5359 cap.
781 5303 857 5343 utt

453 5369 474 5395 ε
515 5357 1034 5427 SanctusQuintinus
1060 5355 1159 5427 sub
1177 5354 1344 5408 ltictio
1360 5354 1496 5427 varo
1515 5370 1700 5427 passus
1723 5358 1775 5412 in
1804 5356 1949 5414 Actis

376 5430 599 5497 vulgatis
630 5426 971 5498 memoratur,
1006 5426 1450 5499 proindequesub
1483 5426 1783 5482 Maximiani
1827 5443 1948 5499 per-

376 5500 669 5555 secutione.
718 5500 1196 5556 Viromanduorum
1240 5498 1353 5551 urbi
1414 5511 1608 5550 nomen
1653 5514 1806 5553 suum
1836 5498 1937 5553 tri-

377 5569 513 5633 buit,
547 5570 807 5639 hodieque
835 5570 1031 5625 celebri
1061 5568 1161 5629 sub
1203 5565 1370 5639 sancti
1415 5566 1654 5633 Quintini
1706 5568 1941 5639 nomine,

378 5640 465 5692 ubi
494 5641 712 5708 insignis
738 5640 1034 5707 collegiata,
1074 5653 1191 5706 quae
1220 5638 1347 5691 olim
1377 5641 1746 5706 episwporum
1788 5638 1944 5692 Viro-

379 5710 740 5764 ntaudt-usiunt
770 5710 927 5763 sedes
957 5711 1071 5772 fuit,
1127 5708 1424 5778 priusquam
1473 5710 1777 5762 cathedram
1825 5711 1940 5777 epi-

381 5782 641 5839 scupalent
672 5780 981 5834 Notiomunt
1031 5782 1339 5834 transferret
1385 5794 1599 5834 sauthts
1639 5780 1935 5841 Mc'lat‘dus.

2050 1906 2238 1966 tutem,
2265 1898 2397 1954 nihil
2421 1900 2559 1954 ultra
2592 1900 2663 1954 illi
2688 1916 2886 1956 nocere
2916 1906 3274 1974 praesumpsit.

2559 2008 2783 2066 CAPUT
2823 2012 2909 2067 LX
2923 2013 3034 2069 XIV
3068 2025 3116 2068 κ.

2334 2122 2410 2178 De
2450 2122 2664 2180 Genesio
2708 2125 3014 2184 Beorritano
3052 2142 3274 2203 martyre
3299 2130 3348 2190 δ.

2114 2236 2282 2308 θοή
2316 2237 2410 2292 Est
2432 2239 2568 2293 alius
2598 2249 2800 2310 martyr
2823 2240 2959 2296 infra
2991 2244 3276 2303 terminum
3308 2218 3453 2303 urbis
3480 2250 3627 2308 Beor-

2047 2327 2232 2381 ritanae
2269 2324 2313 2394 ί,
2348 2327 2663 2408 presbyterii
2694 2328 2895 2385 honore
2936 2334 3210 2402 prmditus,
3250 2337 3402 2407 cujus
3430 2338 3629 2408 passio;

2049 2419 2132 2473 uis
2156 2420 2377 2474 historia
2399 2407 2538 2488 apud
2564 2419 2665 2475 loci
2702 2421 2907 2478 incolas
2951 2425 3161 2496 leg'tur.
3208 2428 3303 2484 llic
3333 2407 3457 2486 dum
3487 2444 3631 2489 esset

2047 2513 2101 2573 in
2129 2531 2355 2585 corpore
2384 2518 2609 2590 (Am...)
2633 2561 2649 2587 ,
2682 2528 2993 2577 castaneum
3020 2522 3109 2578 diu
3135 2525 3342 2580 aridum
3371 2528 3483 2583 suis
3512 2544 3631 2583 ora.

2046 2608 2281 2665 tionibus
2310 2610 2537 2667 obtinuit
2566 2611 2618 2668 in
2646 2613 2965 2672 viriditatem
2996 2616 3175 2672 redire
3203 2634 3217 2671 :
3258 2620 3309 2674 itt
3349 2621 3503 2691 cujus
3539 2622 3631 2677 ba-

2048 2698 2197 2755 silica
2228 2716 2347 2756 cum
2374 2701 2686 2775 plerumque
2707 2720 2870 2776 super
2892 2706 3132 2765 inﬁrmos
3161 2710 3423 2767 mirabilia
3453 2725 3633 2771 osten-

2050 2791 2261 2860 dantur,
2291 2793 2420 2849 illud
2453 2811 2564 2865 prae
2585 2800 2795 2877 caneris
2824 2810 2907 2854 est
2931 2801 3265 2868 admirabile,
3291 2806 3431 2874 quod
3462 2806 3631 2864 lilium

2048 2884 2246 2940 dudum
2273 2888 2578 2955 collectum,
2602 2899 2654 2945 et
2683 2892 2908 2958 siccum,
2939 2894 2989 2948 in
3016 2895 3132 2965 ejus
3162 2898 3503 2954 solemnitate
3533 2904 3631 2957 de-

2050 2989 2158 3029 nuo
2179 2978 2471 3043 revirescit,
2503 2979 2571 3033 ita
2605 2990 2659 3034 ut
2685 2980 2991 3038 intueantur
3020 2966 3109 3039 illa
3138 2986 3225 3042 die
3265 2990 3441 3057 pepuli
3474 2991 3631 3048 flores

2053 3081 2239 3133 novos,
2295 3084 2429 3138 quos
2480 3071 2683 3141 pridem
2736 3074 2981 3129 viderant
3025 3078 3309 3134 arefacws.
3353 3081 3434 3137 Ad
3479 3083 3631 3152 hujus

1975 3184 2022 3247 ο
2054 3158 2193 3211 enim
2234 3163 2540 3229 sepulcrum
2596 3164 2909 3236 plerumque
2962 3181 3354 3226 sacramentum
3407 3175 3633 3243 mendax

2054 3250 2313 3319 prolatum
2342 3269 2372 3309 a
2414 3254 2631 3323 perfidis
2667 3256 2866 3314 virtute
2912 3260 3164 3332 Martyris
3209 3264 3535 3332 ccut'utatur,
3580 3279 3635 3326 ut

2053 3346 2141 3415 qui
2193 3348 2490 3405 temeritate
2538 3350 2713 3407 elatus
2774 3352 3450 3422 advenerat,emendatus
3510 3361 3635 3421 abs.-
3710 3430 3713 3433 _

2050 3436 2225 3493 cedat.

2602 3535 2828 3594 CAPUT
2870 3538 3081 3596 LXXV.
3216 3606 3219 3609 Ἴ

2436 3644 2510 3700 De
2546 3658 2721 3703 sancto
2759 3649 3097 3722 Sigismundo
3135 3670 3274 3726 rege.

2123 3752 2278 3825 Smpe
2302 3755 2448 3811 enim
2477 3757 2734 3816 Dominus
2753 3762 3112 3831 arrogantiam
3134 3773 3464 3821 eonturnacts
3489 3782 3635 3824 meno

2054 3843 2123 3899 tis
2136 3846 2289 3915 virga
2310 3852 2658 3907 correctionis
2688 3864 2933 3923 enervat,
2964 3865 3022 3910 ut
3061 3856 3306 3913 eamdem
3337 3859 3511 3916 cultus
3549 3862 3635 3919 sui

2053 4015 2142 4091 Lis
2171 4027 2253 4100 est
2280 4020 2625 4100 tamen_inter
2655 4023 3072 4100 viroseruditos
3098 4043 3166 4083 an
3209 4029 3440 4100 Augusta
3474 4033 3629 4089 Viro-

2052 4088 2403 4170 trtattduorutn
2431 4091 2722 4170 sita_l‘ue_rit
2742 4094 2827 4149 ubi
2859 4088 3419 4170 nuanuintinopolis
3442 4088 3630 4161 visitur

2053 4157 2495 4241 ad‘Sutttntouam
2537 4163 2777 4227 fluvium,
2809 4177 2898 4219 aut
2923 4182 2992 4241 eo
3014 4157 3130 4224 loco
3157 4171 3241 4241 ubi
3266 4157 3513 4241 s'uperest
3529 4157 3633 4231 dab—-

2056 4226 2196 4312 batia
2217 4226 2965 4312 ordinisPriennenstrateusis
2983 4239 3246 4312 cum_vi_co
3270 4226 3630 4312 Viromandu},

2053 4300 2645 4376 etiamnuncl’erntand
2688 4303 2852 4361 dicto.
2906 4307 3038 4363 Vide
3087 4308 3378 4376 Cointium,
3421 4315 3487 4369 ad
3536 4300 3628 4371 an:

2053 4364 2480 4455 ,Valesium
2525 4374 2577 4455 iu
2627 4376 2835 4442 notitia,
2876 4364 3628 4455 Samsonemfl—lemeraiuwtu,

2058 4436 2387 4506 Vassorium,
2417 4454 2469 4498 et
2499 4445 2654 4499 alios.

1977 4552 2024 4613 υ
2124 4507 2151 4546 ά
2206 4510 2329 4568 Ilaec
2359 4514 2411 4568 in
2442 4514 2588 4570 Actis
2616 4517 2839 4582 vulgatis
2885 4518 3112 4576 Eusebia
3141 4523 3339 4579 nobilis
3388 4536 3630 4584 matrona

2052 4582 2290 4637 Romana
2316 4589 2635 4637 appellatur.
2664 4590 2897 4637 Alteram
2919 4594 3088 4637 sancti
3106 4595 3342 4637 ttnimini
3372 4596 3630 4637 inrnnlin.‘

2100 4597 2290 4638 omana
2316 4589 2635 4661 appellatur.
2664 4590 2897 4661 Alteram
2919 4594 3088 4648 sancti
3106 4595 3342 4661 Quiutini
3372 4596 3632 4654 itlt‘enliué

2047 4668 2223 4729 nem_a
2250 4668 2432 4729 sancto
2462 4657 2632 4729 Eligio
2659 4657 2849 4715 factam
2881 4657 3145 4718 describit
3163 4677 3380 4722 sanctus
3406 4671 3624 4725 Audoe-

2046 4740 2145 4779 nus
2171 4725 2486 4803 iu_ejusde_m
2510 4725 2679 4803 sancti
2699 4730 2853 4803 Vita,
2877 4732 2969 4785 lib.
3001 4749 3034 4786 tt
3066 4749 3184 4803 cap.
3215 4734 3269 4789 6.

2118 4804 2142 4871 ξ
2178 4796 2395 4871 Aliquot
2427 4801 2575 4871 Hss.,
2606 4800 2808 4869 faciem.
2835 4796 3145 4871 Legenduni
3171 4806 3343 4870 faciei.

2120 4863 2140 4903 ί
2166 4863 2303 4948 ⁵Μεβζ
2332 4868 2459 4934 duo,
2476 4863 2710 4948 {utrumme
2734 4863 2967 4948 nequitiis
2992 4863 3246 4930 absolvere
3266 4878 3461 4948 nequit.
3479 4878 3630 4939 Culb.

2043 4948 2095 4999 a,
2125 4936 2381 4991 absolvere
2411 4941 2594 5005 noluit,
2638 4951 2689 4993 tu
2717 4936 2981 4999 dissolvas.

2125 5014 2149 5051 ε
2184 5007 2325 5059 Istud
2358 5018 2515 5075 caput
2540 5010 2836 5064 invenimus
2869 5014 2919 5067 in
2942 5013 3125 5068 codice
3181 5015 3504 5072 Flortacensi
3557 5019 3625 5073 ab

2051 5077 2206 5148 annis
2235 5079 2363 5148 circ.
2396 5079 2500 5131 600
2529 5082 2752 5148 scripto,
2781 5080 2833 5134 in
2867 5097 2973 5146 quo
3016 5098 3120 5136 non
3149 5087 3320 5140 solum
3361 5088 3544 5142 titulus
3576 5094 3631 5144 ut

2051 5144 2105 5198 in
2136 5147 2343 5216 caeteris
2373 5148 2584 5216 scriptis
2612 5144 2790 5215 habet,
2813 5144 3113 5205 de’Genesio
3158 5152 3460 5211 Beorritano
3493 5174 3629 5210 mar-

2052 5223 2182 5284 tyre,
2215 5215 2309 5269 sed
2330 5225 2390 5295 et_
2417 5215 2657 5295 ejusdem
2689 5219 2939 5295 martyris
2986 5239 3202 5289 ttutttett,
3232 5231 3370 5295 quoi
3421 5227 3474 5281 in
3507 5229 3627 5285 aliis

2054 5300 2159 5366 non
2187 5287 2534 5366 occurrit,__in
2561 5288 2677 5359 ipso
2703 5287 2890 5366 capitis
2940 5300 3084 5366 textu
3133 5287 3216 5349 his
3250 5287 3423 5351 verbis
3449 5299 3626 5366 expri-

2054 5359 2251 5435 ruitur:
2292 5356 2379 5435 Est
2407 5360 2540 5413 alius
2570 5356 3031 5430 titartngGencaius
3057 5363 3195 5435 infra
3240 5356 3624 5423 terminum'ur-

2053 5426 2126 5479 bis
2158 5424 2491 5493 Beorritanat,
2536 5441 2640 5484 etc.

2121 5495 2266 5578 l{Sic
2296 5499 2419 5581 Mss.
2457 5500 2596 5581 E_diti
2640 5514 2801 5581 γεω..
2843 5501 2921 5581 De
2970 5502 3073 5557 alio
3111 5508 3332 5581 quadram
3386 5520 3630 5581 martyre.
3698 5565 3703 5570 .

2048 5567 2179 5645 Quis
2208 5583 2335 5645 vero
2365 5567 2455 5626 ille
2479 5571 2959 5645 Ge‘ttesiusrfuerit,
2995 5590 3100 5628 non
3122 5567 3280 5632 licuit
3304 5567 3555 5645 reperire.
3699 5567 3709 5595 ξ

2126 5638 2142 5676 ί
2188 5640 2259 5713 Id
2308 5650 2391 5695 est
2441 5641 2691 5713 territorii
2736 5638 3090 5713 _l_}igorritani,
3138 5650 3223 5703 ubi
3275 5638 3402 5704 urbs
3454 5650 3631 5707 Turba

2045 5710 2259 5835 garb?
2317 5728 2377 5766 cn
2432 5710 2687 5783 Bigerra).
2734 5710 2865 5771 Vide
2906 5710 3085 5774 uotas—
3126 5720 3177 5775 in
3236 5720 3372 5777 Hist.
3423 5721 3518 5778 lib.
3576 5738 3629 5778 ts

2044 5794 2160 5851 cap.
2194 5794 2246 5835 υ.
