4072 6346
574 355 671 410 ’ΠΙ

1566 354 1621 408 S.
1664 350 1991 408 ClllZCURll
2037 345 2340 403 El‘lSCOl‘l
2385 341 2817 401 TL‘llONENSlS
3759 353 3830 404 7;

573 473 969 529 venerationell
1025 472 1299 540 restituat,
1351 472 1492 526 sicut
1541 472 1806 542 qutndatu
1862 470 1928 523 de
1984 467 2154 534 Sigis-
2189 468 2237 526 Α
2266 475 2532 527 nunquam
2562 458 2782 515 desistis
2828 476 2856 513 a
2884 460 3066 514 luctu?
3104 461 3199 516 Cui
3253 463 3387 517 illa:
3439 464 3583 534 Dies,
3637 468 3863 537 inquit,

569 564 770 619 mundo
796 564 822 603 δ
852 580 975 632 rege
1018 564 1297 619 manifesta
1332 564 1461 618 lides
1509 573 1716 635 gestum
1772 562 1975 632 profert
2026 562 2152 634 (Αιι.

569 655 696 719 525,
724 656 745 710 1
786 654 964 723 Maii).
1000 654 1093 709 llic
1121 658 1316 710 etcn'm
1368 663 1487 721 post
1527 656 1900 721 interemptum
1934 668 2025 720 per
2057 650 2157 703 itii-

568 759 687 816 qutn
732 744 1012 798 consilium
1055 746 1297 814 conjugis
1344 746 1534 811 lilium,
1571 755 1924 813 tontpunctus
1969 744 2151 796 cordet

566 839 839 903 Agaunum
880 835 1089 904 dirigit,
1126 838 1302 907 ibique
1336 844 1631 906 prostratus
1681 852 1859 890 coram
1896 835 2154 904 sepulcris

567 925 989 980 heatissimormn
1016 941 1307 998 martyrum
1344 927 1567 994 legionis
1623 925 1789 980 felicis
1835 935 1856 963 ε
1890 927 2152 994 poeniten-

568 1013 695 1070 tiam
738 1019 845 1085 egit
876 1013 923 1083 ἀ,
959 1017 1251 1086 deprecans
1282 1026 1338 1069 ut
1375 1032 1704 1086 quatcunqne
1733 1015 2048 1083 deliquerat,
2098 1015 2148 1069 in

570 1106 671 1161 hoc
699 1106 746 1159 ci
779 1110 973 1161 saeculo
995 1109 1125 1161 ultio
1153 1108 1328 1160 divina
1361 1108 1704 1172 retribueret,
1738 1113 1795 1159 ut
1818 1106 2023 1160 scilicet
2049 1107 2147 1159 ha-

569 1194 754 1251 beatur
790 1198 841 1252 in
890 1198 1090 1267 judicio
1136 1198 1432 1261 absolutus,
1477 1199 1640 1269 805
1699 1199 1740 1249 si
1769 1197 1816 1251 ei
1858 1197 1995 1250 mala
2030 1210 2147 1266 quae

563 1298 823 1354 gesserat,
859 1290 1164 1359 priusquam
1206 1289 1272 1343 de
1321 1289 1515 1343 mundo
1553 1288 1795 1354 decedat,
1849 1304 2145 1358 repensen-

560 1376 646 1432 tur
677 1396 689 1432 :
722 1379 901 1450 ibique
926 1389 979 1435 ct
1033 1380 1367 1449 psallentium
1402 1390 1423 1417 θ
1483 1381 1843 1448 quotidianum
1895 1379 2140 1443 instituit,

559 1472 840 1539 locumque
870 1481 974 1526 tam
1016 1472 1066 1527 in
1103 1472 1383 1527 territoriis
1423 1487 1577 1541 quant
1612 1472 1664 1524 in
1718 1469 1935 1539 reliquis
1986 1470 2144 1524 rebus

558 1564 961 1620 atlluentissime
1005 1566 1212 1620 ditavit.
1251 1564 1437 1621 Postea
1471 1580 1598 1619 vero
1640 1574 1823 1632 captus
1852 1580 1880 1617 a
1910 1563 2144 1617 Chlodo-

557 1669 701 1709 mere
731 1671 852 1727 rege
881 1672 1002 1711 cum
1048 1656 1186 1721 ﬁliis,
1221 1656 1635 1725 interfectusque
1682 1656 1797 1723 ejus
1846 1654 2019 1723 jussu,
2069 1655 2137 1708 ad

556 1747 803 1801 eumdem
848 1747 1021 1802 locum
1081 1748 1314 1811 delatus,
1371 1748 1657 1815 sepulturae
1704 1746 1983 1799 mandatus
2035 1756 2137 1813 ρει,

2264 552 2388 605 vitae
2434 566 2566 606 mem
2607 555 2745 606 hunc
2801 554 3067 621 planctum
3121 570 3225 609 non
3267 558 3518 625 explent;
3571 552 3667 613 sed
3720 563 3865 613 dum

2261 646 2538 711 advixero,
2591 660 2803 715 semper
2857 638 3065 702 deflebo
3118 648 3327 703 unicum
3360 665 3566 715 meum,
3613 668 3714 705 nec
3750 670 3859 707 un-

2259 754 2415 806 quam
2451 738 2729 808 tuitigahor
2753 754 2781 790 a
2811 740 3089 810 lacrymis,
3120 742 3285 812 806
3306 742 3477 797 donec
3515 744 3702 797 oculus
3728 759 3856 798 eor-

2258 830 2403 897 poris
2444 828 2601 897 hujus
2626 818 2803 883 debita
2856 846 2999 885 mors
3052 834 3354 888 concludat.
3388 833 3483 887 Cui
3530 835 3666 889 ille:
3721 837 3854 891 Noli

2257 918 2355 982 ita,
2381 920 2473 984 ait,
2501 920 2651 989 quasi
2684 928 2950 973 mortuum
2998 923 3155 987 itere,
3182 924 3277 977 sed
3321 925 3693 992 aequanimiter
3719 943 3851 995 age,

2254 1022 2376 1061 nam
2407 1010 2546 1064 scias
2592 1024 2709 1064 eum
2738 1013 3012 1066 nobiscum
3066 1014 3342 1081 habitare,
3399 1024 3453 1071 et
3508 1017 3788 1072 sedentem
3823 1017 3845 1057 ἕ

2256 1098 2379 1152 vita:
2425 1103 2671 1168 perennis
2712 1106 2984 1158 consortio
3036 1118 3218 1161 nostro
3261 1109 3474 1176 perfrui.
3536 1111 3597 1162 lit
3640 1121 3703 1164 ut
3752 1128 3848 1163 ve-

2251 1192 2449 1245 raciter
2478 1194 2666 1248 credas
2697 1205 2841 1249 certa
2870 1211 2990 1251 esse
3025 1214 3142 1265 qua:
3178 1199 3386 1266 loquor,
3422 1216 3581 1270 surge
3603 1206 3842 1256 crastina

2249 1279 2335 1333 die
2367 1283 2433 1333 ad
2466 1284 2810 1349 matutinum,
2834 1294 2889 1339 et
2935 1286 3121 1341 audies
3152 1303 3334 1343 vocem
3366 1291 3481 1357 ejus
3525 1292 3661 1344 inter
3702 1294 3843 1347 eho-

2247 1383 2337 1422 ros
2367 1371 2703 1437 psallentium
2759 1378 3141 1432 monachorum
3181 1377 3229 1432 i.
3276 1379 3340 1432 Et
3369 1397 3472 1433 non
3524 1384 3697 1436 solum
3748 1384 3841 1438 die

2246 1461 2501 1528 crastina,
2525 1464 2619 1517 sed
2670 1466 2830 1519 etiam
2878 1467 3127 1523 omnibus
3172 1469 3361 1525 diebus
3404 1482 3525 1525 vine
3555 1485 3677 1534 tum,
3711 1490 3835 1528 cum

2247 1551 2463 1604 veneris
2521 1552 2705 1607 audies
2750 1555 2805 1607 in
2855 1557 3137 1624 psallentio
3186 1574 3371 1613 vocem
3418 1562 3568 1630 ejus;
3604 1563 3836 1632 ideoque

2245 1647 2316 1695 ne‘
2362 1641 2615 1709 ﬂeveris,
2672 1660 2737 1699 eo
2788 1647 2927 1716 quod
2982 1650 3215 1719 gaudere
3263 1662 3314 1706 te
3352 1666 3602 1721 oporteat
3654 1665 3830 1723 potius

2252 1746 2410 1801 quam
2442 1733 2644 1804 lugere.
2675 1736 2853 1805 Surgit
2880 1741 3091 1806 mulier,
3124 1742 3383 1812 longaque
3405 1745 3553 1799 ducit
3576 1751 3826 1815 SttSpiria,

555 1851 713 1907 quem
751 1837 1146 1892 incoosortium
1178 1838 1489 1892 Sanctorum
1520 1836 1742 1890 ascitum
1776 1835 1885 1903 ipsa
1907 1852 1991 1889 res
2021 1852 2136 1905 qtne

2248 1839 2345 1878 nec
2372 1826 2642 1882 obdormit
2692 1830 2745 1883 in
2797 1839 2965 1885 stratu
3016 1848 3132 1898 suo,
3165 1834 3335 1890 donec
3362 1838 3567 1907 signum
3598 1843 3660 1893 ad
3692 1858 3824 1895 eon-

554 1926 755 1995 geritur
796 1927 1135 1979 manifestat:
1184 1943 1303 1979 nam
1355 1926 1397 1979 si
1451 1927 1538 1994 qui
1587 1941 1726 1979 nunc
1759 1926 2032 1994 trigoritici
2087 1927 2139 1979 in

555 2016 671 2084 ejus
701 2018 904 2071 honore
935 2015 1126 2070 missas
1155 2014 1172 2052 ί
1218 2014 1411 2070 devote
1442 2016 1732 2080 celebrant,
1776 2016 2001 2085 ejusque
2044 2031 2140 2084 pro

556 2107 740 2175 requie
770 2106 881 2160 Deo
932 2106 1163 2161 olleruut
1207 2106 1555 2172 oblationem,
1596 2107 1771 2160 statim
1817 2106 2141 2175 compressis

556 2199 897 2267 tremoribus,
931 2199 1197 2256 restinctis
1225 2199 1482 2263 febribus,
1527 2200 1740 2255 sanitati
1789 2200 2022 2270 pristina:
2053 2216 2140 2256 re-

553 2302 881 2351 staurantur.
1042 2321 1092 2367 μ

1099 2403 1328 2460 CAPUT
1369 2404 1602 2460 LXXVI.

628 2513 705 2568 De
732 2523 922 2568 sanctis
951 2514 1360 2581 Agaunensibus,
1388 2528 1482 2595 seu
1507 2513 1580 2568 De
1603 2523 1783 2568 sancto
1813 2514 2067 2570 Mauricio

1225 2594 1273 2638 et
1294 2594 1466 2639 50cm.

625 2720 862 2791 Magnas
911 2730 994 2776 est
1044 2720 1202 2775 etiam
1251 2723 1420 2775 virtus
1445 2719 1510 2773 ad
1556 2720 1942 2775 antedictorum
1992 2737 2134 2776 mar-

557 2823 738 2883 tyrum
779 2813 1047 2883 sepulcra,
1078 2812 1145 2867 de
1184 2812 1373 2881 quibus
1421 2812 1620 2867 relictis
1651 2812 1886 2881 pluribus
1916 2810 1943 2849 ιι
1969 2830 2133 2882 pauca

553 2906 919 2975 perstringere
980 2904 1151 2958 libuit.
1210 2905 1401 2960 Mulier
1460 2906 1704 2974 quatdatn
1766 2906 1929 2960 lilium
1979 2920 2131 2961 suum

552 2995 764 3048 unicum
799 2995 863 3049 ad
896 2996 997 3048 hoc
1022 2994 1407 3049 monasterium
1432 2996 1723 3061 adducens,
1766 2996 1943 3051 abbati
1969 2998 2131 3052 tradi-

551 3085 633 3142 dit
660 3086 1034 3152 erudiendum,
1064 3086 1311 3141 videlicet
1335 3095 1389 3141 ut
1438 3088 1607 3140 iactus
1636 3088 1885 3156 clericus,
1931 3090 2129 3144 sanctis

552 3178 949 3248 inaneiparetur
989 3176 1183 3232 ofticiis
1230 3177 1353 3248 (An.
1410 3175 1536 3243 286,
1568 3177 1640 3230 22
1687 3177 1885 3248 Sept.).
1931 3179 2125 3234 Verum
2158 3202 2205 3267 ρ

549 3284 673 3326 cunt
710 3271 818 3340 jam
864 3270 1192 3339 Spiritalibus
1230 3269 1471 3323 eruditus
1516 3277 1662 3325 esset
1701 3268 1753 3323 iu
1805 3270 2025 3334 litteris,
2077 3282 2133 3327 et

553 3377 676 3418 cum
702 3363 924 3430 reliquis
953 3362 1165 3427 clericis
1197 3361 1246 3414 in
1295 3360 1460 3413 choro
1505 3364 1809 3415 canentium
1856 3363 2127 3431 psalleret,

556 3453 769 3511 modica
802 3454 1041 3519 pulsatus
1068 3450 1239 3518 febre,
1284 3452 1527 3520 spiritum
1568 3452 1855 3506 exhalavit.
1884 3451 2133 3509 Cucurrit

554 3554 727 3599 mater
745 3546 929 3597 orbata
956 3543 1024 3597 ad
1056 3545 1364 3611 obsequium
1410 3552 1611 3598 tunerts
1651 3558 1925 3613 plangens,
1972 3561 2129 3614 sepe-

553 3633 772 3703 livitque
830 3634 1019 3688 lilium.
1082 3632 1452 3688 Verumtamen
1493 3648 1614 3698 .non
1669 3634 1993 3690 sull‘ecerunt
2046 3637 2129 3691 ha“:

549 3724 807 3794 lacryma:
828 3724 1025 3787 dolori,
1056 3740 1174 3793 qua:
1201 3724 1252 3778 in
1285 3725 1550 3796 exsequiis
1588 3735 1720 3780 sunt
1749 3725 1936 3781 ettusa:
1968 3746 1981 3781 :
2034 3728 2127 3783 sed

555 3831 653 3887 per
678 3816 1051 3887 diessingulos
1078 3816 1344 3881 veniebat,
1377 3825 1431 3868 et
1477 3831 1640 3885 super
1678 3817 1981 3887 sepulcrum
2013 3822 2124 3875 nati

548 3906 652 3972 sui,
684 3906 895 3962 emissis
926 3907 977 3960 ιιι
1008 3906 1173 3959 altunt
1200 3905 1439 3971 vocibus,
1465 3906 1719 3974 ejulabat.
1767 3908 1866 3963 Cui
1911 3912 2125 3967 tandem

547 4012 815 4067 apparens
846 4012 940 4066 per
993 3998 1167 4051 visum
1218 3996 1391 4051 noctis
1440 3996 1629 4052 beatus
1668 3998 1972 4067 Mauricius,
2004 4001 2083 4055 ait
2107 4016 2131 4057 :

546 4088 687 4159 Quid
716 4099 790 4154 tu,
824 4102 858 4143 ο
886 4088 1097 4155 mulier,
1128 4088 1459 4143 incessanter
1492 4088 1583 4142 lilii
1614 4090 1815 4143 obitum
1848 4091 2122 4162 plangens,

615 4274 644 4303 ι
680 4266 769 4320 Sic
794 4263 997 4319 Coio.a
1029 4274 1081 4320 et
1128 4263 1267 4319 Clar.
1314 4279 1365 4319 a.
1414 4264 1605 4321 Caeteri
1647 4264 1797 4334 Mss.,
1846 4269 2121 4325 veneratio.

544 4335 710 4405 Editi,
744 4336 1018 4405 generatio.

612 4404 641 4443 b
684 4404 872 4466 Laud,
902 4405 1032 4475 Bell.
1065 4414 1116 4458 et
1150 4404 1303 4459 Coll).
1336 4420 1387 4469 a,
1434 4405 1764 4475 Sigimtmdo.
1810 4406 1883 4460 De
1913 4408 2002 4463 illo
2041 4409 2123 4463 fu-

545 4474 657 4550 sius
676 4476 847 4550 agitur
876 4475 929 4528 itt
958 4474 1093 4528 llist.
1150 4476 1240 4550 lib.
1288 4490 1356 4550 tu
1394 4474 1547 4550 capp.
1580 4477 1612 4530 5
1662 4486 1718 4550 et
1762 4479 1803 4550 6_
1824 4477 1910 4550 ubi
1956 4489 2009 4532 et
2053 4480 2157 4550 de_

544 4545 849 4638 Agau'qeusi
875 4546 1206 4638 ‘qtonastcrio
1238 4553 1300 4638 et.
1329 4546 1393 4598 de
1414 4546 1523 4614 jugi
1566 4547 1853 4638 psallentio‘
1876 4548 1926 4601 in
1960 4553 2117 4638 nqtis.

617 4624 640 4652 α
682 4615 736 4668 Id
764 4614 1128 4687 estAlilanricii,
1153 4625 1205 4687 et
1236 4615 1458 4687 aliorum
1498 4625 1790 4687 martyrum
1824 4618 1891 4671 de
1922 4620 2117 4687 quibus

544 4700 664 4754 cap.
694 4700 809 4751 seq.
836 4684 911 4738 De
938 4684 1037 4738 hoc
1069 4686 1281 4737 nomine
1322 4686 1547 4738 diximus
1576 4685 1628 4739 in
1661 4684 2122 4747 observationibus

545 4756 610 4811 ad
632 4770 824 4826 eorum
857 4759 1008 4815 Acta,
1042 4756 1176 4808 inter
1199 4754 1403 4809 sincera
1438 4757 1744 4825 Martyrum,
1774 4774 1893 4826 Cap.
1919 4760 2046 4816 2-ι6,

614 4824 639 4863 ἀ
695 4826 1091 4894 Sigiswundum
1125 4834 1248 4878 tunc
1277 4838 1472 4878 vestem
1503 4824 1851 4881 menasticaui
1883 4829 2122 4886 induisse

542 4895 1101 4967 scripserat_Valesitts
1127 4896 1335 4967 libavit
1371 4896 1565 4950 licrum
1614 4897 1825 4966 Fratre,
1853 4902 1990 4967 quod
2022 4905 2121 4957 sub

544 4964 702 5021 linem
727 4964 1053 5039 pratfatitrnis
1075 4967 1201 5039 tonti
1232 4966 1270 5019 ll
1317 4982 1455 5039 anno
1483 4967 1584 5021 5:5
1616 4964 1819 5023 factum
1842 4964 1990 5033 dicit,
2016 4990 2121 5039 quo

540 5053 699 5097 anno,
751 5036 978 5090 Μιειέηιο
1006 5036 1229 5098 consule,
1264 5053 1327 5090 ex
1360 5038 1501 5090 Marii
1549 5040 1916 5094 Aventicensis
1955 5036 2123 5097 Chro-

541 5108 682 5174 nico,
715 5107 802 5161 ille
831 5123 859 5160 a
892 5109 1002 5161 suis
1054 5109 1277 5161 traditus
1323 5119 1376 5162 et
1423 5110 1485 5174 in,
1536 5107 1813 5163 Franciant
1853 5115 1906 5165 in
1946 5112 2122 5167 habitu

540 5172 830 5231 monochali
854 5179 1125 5247 perductus
1147 5178 1352 5232 occisus
1382 5172 1493 5232 est?

618 5258 642 5286 θ
667 5249 818 5320 coll).
844 5263 894 5311 a,
917 5250 1240 5320 psallentium
1262 5248 1494 5312 chorum,
1519 5258 1573 5307 et
1602 5252 1676 5303 sic
1713 5264 1942 5320 semper.
1977 5252 2118 5308 Prte-

540 5317 762 5375 l‘erenda
787 5317 963 5371 tamen
987 5319 1149 5372 altera
1186 5320 1443 5385 Iectio,ut
1467 5320 1576 5387 jatn
1610 5317 1935 5374 monuimus.

615 5387 635 5428 ί
673 5388 904 5442 llabetur
945 5390 1058 5441 tunc
1099 5391 1333 5442 tnissaiu
1364 5396 1468 5442 vet.
1517 5391 1947 5446 Sacramentario
1993 5392 2115 5446 Cal-

539 5458 717 5513 licano
744 5458 1018 5513 Bobiensia
1043 5461 1352 5513 monasterii
1395 5476 1421 5513 a
1473 5459 1751 5514 Mabillone
1774 5463 1949 5528 edito;
1976 5463 2109 5517 lianc

539 5529 593 5583 in
619 5528 914 5609 appendice
967 5529 1232 5609 dabimus.
1259 5531 1512 5609 .tlblalio‘
1543 5541 1729 5609 autent
1782 5547 1889 5609 pro
1927 5537 2110 5609 requie

536 5598 711 5651 sancti
739 5598 1064 5668 Sigismundi
1094 5600 1176 5652 hic
1217 5602 1433 5661 dicitur,
1466 5600 1516 5653 id
1557 5612 1634 5654 est
1665 5600 1731 5652 ad
1760 5598 1958 5668 gratias
1998 5603 2110 5659 Deo

538 5667 851 5739 referendas
874 5685 971 5739 pro
992 5672 1107 5735 ejus
1140 5672 1343 5738 requie,
1373 5684 1465 5723 seu
1510 5670 1559 5722 itt
1594 5669 1708 5737 «jus
1755 5667 2031 5739 honorem,
2056 5685 2111 5727 ut

537 5737 884 5814 lticloquitur
914 5738 1074 5814 Greg.
1108 5742 1196 5793 Sic
1219 5737 1269 5791 nt
1302 5741 1495 5814 Missali
1522 5742 1860 5814 Mozarabum
1896 5761 1986 5797 vro
2007 5737 2111 5814 Spi-

540 5809 724 5863 rittbus
753 5810 1073 5862 unumunum
1106 5826 1199 5864 seu
1225 5811 1590 5866 confessorem
1616 5813 1857 5867 oll'ertnr.

2245 1917 2571 1986 surgendum
2620 1935 3023 1977 commoveatur
3068 1939 3098 1978 a
3149 1929 3468 1983 monachis:
3515 1947 3623 1998 quo
3675 1952 3825 1987 com-

2246 2018 2410 2072 moto,
2444 2008 2653 2064 accedit
2694 2012 2762 2065 ad
2792 2014 3094 2077 eet-lesiam,
3126 2016 3295 2085 aliqua
3326 2020 3391 2073 de
3419 2023 3623 2077 visione
3661 2038 3819 2091 quam

2244 2097 2451 2153 viderat
2477 2101 2786 2169 probatura.
2819 2103 2956 2158 Nihil
2998 2107 3138 2159 enim
3172 2111 3425 2176 prtBlCl‘ill
3468 2113 3820 2181 det-ollieita-

2244 2188 2389 2243 tione
2420 2202 2626 2258 sancta,
2676 2194 2770 2248 sed
2822 2212 2938 2264 qum
2985 2194 3195 2251 fuerant
3243 2202 3500 2257 divinitus
3553 2204 3815 2272 nuntiata,

2240 2295 2363 2335 mox
2417 2283 2631 2353 impleta
2688 2298 3001 2345 noscuntur.
3039 2288 3232 2345 Verum
3285 2294 3370 2346 ubi
3420 2309 3665 2351 cantator
3720 2316 3806 2353 re-

2239 2377 2574 2443 sponsorium
2628 2377 2769 2449 [Al.,
2834 2389 3048 2433 cantato
3103 2382 3428 2456 responso],
3472 2388 3811 2454 antiphonam

2242 2473 2456 2519 caterva
2481 2469 2715 2536 suscepit
2737 2472 3141 2539 monachorum,
3172 2473 3316 2526 audit
3337 2477 3583 2542 genitrix,
3616 2481 3813 2547 parvttli

2239 2566 2424 2609 vocem
2456 2559 2754 2625 cognoscit,
2787 2568 2843 2612 et
2878 2563 3074 2629 gratias
3120 2564 3227 2632 agit
3272 2564 3399 2619 Deo.
3452 2568 3558 2620 Sed
3592 2580 3644 2622 et
3684 2572 3811 2627 illul

2237 2647 2380 2715 quod
2426 2647 2673 2718 Martyris
2716 2665 2810 2706 ore
2864 2652 3182 2719 promissum
3231 2655 3549 2724 habebatur,
3596 2676 3810 2729 prorsus

2234 2739 2514 2807 impletum
2546 2750 2647 2807 est,
2675 2752 2733 2795 ut
2761 2745 3007 2799 omnibus
3040 2746 3230 2801 diebtts
3270 2748 3390 2802 vita:
3438 2764 3547 2805 sua:
3574 2767 3689 2805 cum
3718 2769 3809 2807 ac-

2231 2833 2485 2887 cessisset
2538 2835 2732 2890 mulier
2786 2837 2851 2890 ad
2904 2839 3275 2906 psallentium,
3347 2857 3531 2897 vocem
3588 2845 3804 2899 audiret

2234 2922 2395 2992 hujus
2439 2923 2681 2979 infantuli
2724 2927 2865 2981 inter
2921 2930 3124 2995 reliqua
3182 2932 3534 2988 modulamina
3589 2949 3807 2992 vocum.

2232 3011 2367 3067 Cum
2412 3024 2589 3069 autem
2642 3009 3075 3074 Guntcbramnus
3130 3036 3222 3075 rex
3273 3025 3341 3075 ita
3383 3038 3440 3078 se
3475 3026 3809 3093 spiritalibus

2232 3106 2534 3162 actionibus
2594 3110 2970 3179 mancipasset,
3025 3120 3084 3166 ut
3138 3113 3338 3168 relictis
3367 3118 3546 3171 saeculi
3605 3122 3805 3187 pompis

2237 3195 2518 3252 thesauros
2544 3213 2671 3253 suos
2705 3200 2949 3254 ecclesiis
2990 3211 3045 3258 et
3082 3206 3400 3273 pauperibus
3428 3221 3689 3276 erogaret,
3714 3227 3804 3264 ac-

2236 3286 2369 3339 cidit
2422 3296 2500 3352 ut,
2556 3290 2720 3343 misso
2772 3290 3116 3360 presbytero,
3154 3311 3374 3349 munera
3414 3296 3669 3354 fratribus
3719 3304 3803 3371 qui

2233 3376 2438 3431 sanctis
2463 3380 2870 3447 Agauncnsibus
2914 3383 3225 3438 deserviunt
3253 3401 3316 3447 ex
3369 3397 3496 3441 voto
3532 3393 3803 3445 transiuit.

2234 3476 2400 3535 teret,
2459 3472 2776 3540 praecipiens
2825 3476 3138 3544 presbytero
3193 3486 3251 3531 ut
3294 3478 3360 3531 ad
3412 3494 3536 3533 eum
3597 3484 3800 3538 rediens

2229 3561 2546 3633 Sanctorum
2589 3564 2693 3617 sibi
2727 3565 2982 3633 reliquias
3008 3567 3305 3623 exhiberet.
3338 3570 3501 3641 Igitur
3528 3573 3677 3641 dum,
3710 3577 3800 3629 itu-

2232 3650 2378 3721 pleta
2408 3653 2553 3724 regis
2585 3655 2968 3726 prmeeptione,
3023 3672 3143 3713 cum
3194 3659 3277 3715 his
3324 3665 3696 3731 regrederetur
3722 3671 3799 3737 pi-

2227 3743 2508 3812 gnoribus,
2539 3746 2794 3801 Lemanni
2826 3748 2946 3814 laci,
2980 3764 3074 3817 per
3107 3766 3265 3819 quem
3298 3753 3585 3810 Rhodanus
3614 3760 3798 3826 iulluu,

2230 3837 2502 3906 navigium
2535 3839 2687 3907 petit.
2719 3841 3036 3896 Extenditur
3078 3858 3258 3899 autem
3292 3848 3433 3901 lacus
3480 3849 3573 3902 ille
3604 3853 3655 3902 in
3686 3852 3796 3904 tm.-

2229 3928 2472 3998 gitndiue
2492 3932 2643 3998 quasi
2664 3933 2848 3987 stadiis
2865 3935 3286 4004 quadringentis,
3323 3939 3603 3995 latitudine
3627 3955 3795 3996 autem

2227 4020 2416 4076 stadiis
2442 4030 2658 4075 centum
2682 4022 3058 4093 quinquaginta
3088 4023 3114 4062 ¹ι
3152 4028 3334 4099 807.
3366 4029 3598 4099 Denique
3626 4048 3796 4085 reter-

2229 4119 2346 4166 tcns
2404 4111 2723 4181 presbyter,
2782 4124 2841 4169 ut
2883 4115 3157 4184 diximus,
3210 4134 3330 4173 cum
3386 4122 3653 4190 navigium
3701 4124 3793 4178 h~c

2227 4282 2326 4400 me
2370 4272 2482 4399 "ge
2524 4284 2577 4330 et
2627 4276 2725 4330 tria
2774 4292 2895 4346 qua:
2942 4290 3235 4348 sequuntur
3292 4283 3467 4352 capita
3505 4285 3701 4342 desunt
3742 4288 3794 4343 io

2290 4360 2372 4399 ar.
2447 4383 2461 4397 .

2290 4360 2372 4399 31³.
2409 4360 2461 4399 D.

2297 4412 2326 4450 ιι
2355 4415 2547 4494 [florum
2596 4417 2927 4495 passionem,
2980 4431 3246 4495 a_sancto
3292 4421 3558 4495 Eucherio
3602 4426 3793 4495 Lugdu-

2229 4486 2381 4539 nensi
2431 4500 2598 4554 θυεερ.
2644 4488 2962 4555 ili-scriptun
3013 4490 3257 4544 dedimus
3302 4492 3440 4547 inter
3472 4503 3596 4549 Acta
3647 4486 3791 4553 Mart.

2228 4559 2459 4619 sincera,
2484 4570 2601 4623 pag.
2625 4556 2759 4624 289,
2789 4560 2874 4612 uni
2909 4559 3058 4624 plura
3087 4562 3154 4615 de
3208 4563 3392 4615 iisdem
3435 4568 3632 4619 sanetis
3660 4586 3793 4622 mar--

2229 4625 2435 4706 ty't‘ibus
2460 4628 2890 4706 observavimus“.
2916 4639 2966 4683 et
2996 4629 3065 4683 de
3088 4632 3293 4706 legione
3317 4634 3477 4689 Felici
3520 4653 3637 4706 pag.
3673 4640 3790 4693 286.

2232 4697 2363 4751 Vide
2396 4704 2450 4747 et
2474 4695 2726 4750 Brouvcr.
2762 4698 2813 4750 ιιι
2846 4695 3253 4759 Εονιυιιιιι.Ἰιι).
3286 4718 3322 4756 ιι
3368 4695 3537 4760 ραι-ηιξ
3571 4695 3654 4762 ἡ.

2305 4766 2316 4802 ί
2354 4766 2505 4817 Colb.
2538 4782 2590 4828 a,
2614 4768 2747 4819 sedis
2768 4810 2782 4832 ,
2816 4769 2926 4833 alii,
2954 4772 3089 4823 sede.

2300 4836 2314 4885 i
2364 4836 2533 4900 Supra
2557 4840 2781 4891 clericos
2824 4840 3153 4905 appellabat,
3186 4842 3325 4895 unde
3354 4844 3575 4899 observa
3618 4865 3789 4903 mena.

2225 4906 2355 4959 chos
2386 4907 2471 4973 qui
2501 4909 2754 4961 canendis
2784 4908 2834 4961 in
2866 4913 3031 4963 choro
3058 4910 3147 4964 Dei
3171 4911 3414 4967 laudibus
3456 4931 3643 4972 vaCare
3673 4938 3789 4974 con.

2226 4988 2557 5054 sueveranta
2588 4976 3098 5054 Gregorioueletiqos
3125 4983 3416 5054 appellatos
3435 4986 3617 5041 fuisse.
3647 4991 3789 5054 Quod

2230 5046 2444 5126 non-hic
2472 5048 2808 5126 solummodo
2851 5049 3310 5126 l'eeitGregorius,
3343 5056 3434 5126 sed
3493 5068 3544 5109 ct
3602 5046 3787 5126 pl:5il||

2229 5118 2444 5194 eosdem
2474 5118 2658 5194 _ntodo
2709 5121 3017 5194 monachos,
3080 5118 3236 5194 modo
3264 5123 3483 5177 clericos
3533 5118 3790 5194 appellat;

2228 5186 2379 5261 cujus
2410 5188 2485 5240 rei
2518 5203 2659 5240 varia
2689 5196 2929 5255 exempta
2987 5190 3040 5261 in
3078 5191 3197 5261 aliis
3238 5208 3448 5261 quoque
3492 5186 3694 5251 auctori
3734 5186 3789 5251 ns

2224 5256 2531 5325 frequenter
2560 5266 2867 5322 occut't'ttnt,
2902 5269 2956 5309 ttt
2984 5257 3156 5312 fusius
3198 5256 3430 5316 ostendit
3478 5278 3657 5322 Itustcr
3690 5273 3789 5322 Ma-

2224 5328 2409 5379 ltillou.
2446 5328 2497 5380 in
2554 5328 2757 5395 pra-lit.
2794 5330 2974 5381 smculi
3008 5344 3042 5381 tt
3093 5330 3288 5383 ltencd.
3326 5350 3474 5393 nutu.
3522 5334 3611 5390 2i.
3670 5340 3789 5391 \ittt

2222 5395 2357 5471 llud.
2390 5396 2665 5471 _V'alesium
2708 5399 2758 5450 in
2790 5400 3178 5471 disceptatione
3223 5403 3288 5453 de
3340 5404 3598 5471 Basuicis,
3644 5420 3695 5461 et
3740 5414 3788 5464 in

2221 5468 2339 5535 ejus
2370 5467 2705 5544 tlelettsione,
2754 5478 2808 5521 et
2852 5468 3191 5522 'l‘homassin.
3250 5472 3552 5544 Disciplina:
3587 5467 3784 5532 reccles.

2242 5556 2275 5591 ι.
2312 5553 2349 5601 l,
2383 5538 2473 5591 lib.
2508 5554 2583 5591 ιιι.

2242 5556 2275 5591 ι.
2312 5554 2324 5590 l
2383 5554 2473 5591 nn.
2508 5554 2583 5591 ιιι.

2223 5554 2236 5607 1
2290 5580 2518 5685 ιξ-ἰιιιιιυ
2560 5609 2773 5685 longum
2824 5609 3096 5685 sexaginta
3156 5611 3344 5685 millia,
3395 5614 3558 5670 latum
3609 5619 3781 5685 viginti

2218 5678 2403 5759 scribit
2446 5678 2639 5759 lilat'iuns
2673 5678 3040 5759 Aventicensis
3083 5682 3133 5759 in
3178 5683 3462 5759 Chronico.
3522 5678 3773 5759 Vulgodt-

2219 5748 2354 5825 citttt'
2381 5747 2551 5803 Lacus
2585 5748 2935 5817 chcvcusis,
2966 5752 3033 5804 ob
3057 5754 3318 5805 celebrent
3354 5761 3536 5811 urbem
3570 5747 3666 5828 ipsi
3696 5760 3760 5812 int

2221 5828 2467 5888 pttStlttttt.
2951 5835 2971 5882 ᾖ
