4072 6346
287 343 394 400 ,77⁸5

1110 344 1615 402 Μιηλευωῐιυθι
1659 346 1787 401 LIB.
1829 345 1871 401 I.
1918 345 2005 400 DE
2044 345 2300 400 GLORIA
2343 343 2748 400 hl.\IiTi’RUKI.

3449 338 3554 394 ΤΜ

290 462 480 518 luisset
525 474 833 531 aggressus,
866 461 1045 517 subito
1095 470 1388 531 tempestas
1444 469 1631 517 exorta
1686 460 1877 514 ﬂuctus
1909 468 1953 523 Α
1984 476 2127 529 εειψο
2176 462 2276 515 loci
2328 460 2516 515 incola:
2567 461 2619 514 in
2675 458 2857 514 multis
2909 456 3313 514 inﬁrmitatibus
3364 457 3565 513 habere

292 554 435 609 tollit
465 571 482 607 :
508 554 573 607 ad
603 552 781 608 sidera
810 561 1037 623 surgunt
1073 553 1334 608 undarum
1382 561 1616 619 montes,
1647 559 1702 607 et
1739 566 1879 607 nunc

293 648 489 718 puppis
524 646 805 711 naviculae,
838 661 993 716 prora
1025 646 1357 714 dehiscente,
1392 646 1557 701 fertur
1588 646 1638 701 in
1674 645 1876 713 altum;

291 754 437 796 nunc
460 740 675 806 iterum,
706 738 951 793 demersa
986 754 1182 808 puppe,
1236 753 1393 807 prora
1425 738 1627 792 tollitur
1682 740 1735 792 in
1790 752 1881 793 Stt-

293 832 821 890 inme.Turbantnr
857 840 1054 899 nauttc,
1116 841 1170 886 et
1231 832 1366 886 nihil
1421 831 1564 885 aliud
1620 832 1719 885 nisi
1767 832 1877 884 sola

290 926 518 981 morsin
558 924 662 980 hoc
708 925 947 995 periculo
1001 924 1355 994 praestolatur.
1404 924 1555 978 Tunc
1600 925 1882 994 presbyter

290 1033 417 1073 cum
448 1016 657 1072 videret
680 1031 738 1071 se
780 1016 863 1071 his
892 1017 1141 1071 ﬂuctibus
1179 1016 1357 1079 obrui,
1391 1025 1443 1070 et
1475 1018 1677 1086 spumis
1716 1017 1880 1071 unda-

293 1124 414 1163 rum
445 1109 677 1176 ipsarum
712 1108 946 1178 graviter
976 1109 1194 1177 eperiri,
1225 1119 1461 1163 extracta
1503 1124 1531 1161 a
1580 1110 1717 1163 collo
1778 1125 1880 1161 ca-

293 1200 473 1269 psula,
499 1216 618 1270 qua:
646 1199 961 1256 Sanctorum
993 1203 1210 1270 pignora
1244 1200 1570 1265 continebat,
1615 1201 1770 1254 undis
1811 1211 1891 1256 tu-

292 1292 571 1345 mentibus
626 1290 762 1345 Iidus
816 1291 1031 1359 objecit,
1081 1307 1141 1344 ac
1195 1292 1512 1345 Sanctorum
1567 1293 1875 1359 praesidium

292 1381 441 1437 clara
474 1383 859 1447 invocatvoce,
891 1383 1113 1435 dicens:
1152 1381 1227 1435 Ne
1252 1397 1464 1450 peream
1516 1383 1565 1435 in
1599 1380 1682 1435 his
1709 1383 1884 1436 ﬂucti-

295 1474 425 1541 bus,
451 1476 707 1530 virtutem
748 1484 979 1529 vestram
1015 1475 1293 1542 deprecor,
1338 1486 1602 1546 martyres
1639 1476 1880 1543 gloriosi,

298 1565 395 1619 sed
428 1567 604 1635 potius
665 1567 754 1635 qui
807 1565 1003 1635 jugiter
1054 1566 1399 1634 pereuntibus
1459 1567 1706 1633 prmbetis
1738 1566 1885 1620 auxi-

300 1654 458 1721 lium,
489 1655 639 1717 mihi,
666 1670 867 1724 quaeso,
901 1657 1142 1709 dextram
1172 1656 1358 1710 salutis
1398 1656 1672 1726 porrigere
1701 1658 1887 1726 digne-

298 1746 476 1810 mini;
520 1746 713 1799 ﬂuctus
741 1746 1047 1816 opprimite,
1086 1762 1291 1815 nosque
1340 1747 1406 1800 ad
1455 1748 1602 1801 littus
1644 1756 1883 1817 optatum

1982 551 2203 605 cceleste
2234 552 2531 606 remedium
2584 561 2707 605 sunt
2751 550 2980 620 experti.
3008 549 3110 604 Pro
3155 549 3346 618 quibus
3397 550 3564 602 virtu—

1984 650 2092 695 tum
2135 641 2430 705 bencliciis,
2490 657 2612 696 cum
2662 642 2978 712 plerumque
3022 641 3313 696 nudaretur
3349 656 3380 695 a
3423 640 3564 696 foliis

1981 734 2065 787 vel
2098 733 2210 803 ipsa
2237 733 2630 803 quodammodo
2654 733 2877 799 cortice,
2905 734 3051 787 arida
3075 741 3158 787 est
3178 732 3389 787 etl‘eeta.
3410 731 3563 787 Unde

1986 826 2109 896 quia
2144 824 2361 879 morbos
2390 826 2458 878 ah
2485 840 2546 879 ea
2578 826 2863 880 multarum
2909 824 3282 879 iniirtnitatum
3321 822 3565 877 diximus

1983 918 2201 988 depelli,
2230 918 2443 987 longum
2474 916 2569 970 fuit
2595 916 2834 987 singulos
2850 931 3087 986 quosque
3106 913 3391 970 memorari
3411 930 3425 968 :
3443 912 3567 968 ideo

1985 1010 2100 1065 luce
2120 1009 2367 1063 snflicere
2394 1006 2592 1078 putavi,
2620 1008 2760 1079 quod
2781 1022 2841 1063 ea
2872 1008 3260 1063 medicamenta
3290 1006 3564 1076 largiendo

1985 1102 2186 1155 aridam
2232 1101 2475 1155 effectam
2508 1099 2637 1153 dixi.
2675 1100 2846 1153 Etiam
2900 1100 3067 1153 fertur
3092 1099 3304 1155 celebre
3334 1114 3363 1153 a
3395 1113 3561 1169 nego-

1990 1194 2181 1249 tiatore
2208 1196 2436 1264 quodam
2467 1194 2518 1248 in
2546 1194 2766 1248 Oriente
2801 1194 2868 1247 de
2910 1193 2993 1248 his
3037 1193 3179 1247 foliis
3224 1194 3560 1263 deportatum

1988 1285 2176 1354 pignus
2224 1285 2433 1338 fuisse:
2489 1283 2583 1338 sed
2628 1283 2935 1351 priusquam
2994 1292 3204 1349 portum
3258 1281 3568 1349 negotiator

1985 1379 2293 1443 attingeret,
2322 1388 2715 1445 energutnenus
2739 1373 2792 1426 iu
2814 1370 3044 1427 ecclesia
3072 1371 3221 1425 adire
3245 1371 3562 1425 Baudilliutn

1988 1478 2276 1538 martyrem
2307 1467 2631 1522 Orientalem
2681 1466 2887 1535 plagam
2909 1506 2924 1529 ,
2966 1463 3306 1533 stupentibs
3335 1464 3567 1533 populis,

1987 1560 2325 1617 deelamatit.
2379 1559 2625 1613 Ostendit
2674 1567 2854 1612 autem
2907 1558 3094 1611 beatus
3142 1554 3341 1625 Martyr
3405 1563 3458 1609 et
3510 1556 3566 1608 iu

1988 1654 2105 1710 aliis
2134 1655 2382 1708 virtutem
2415 1667 2584 1707 suam.
2617 1652 2778 1705 Aram
2809 1664 2938 1705 vero
2959 1647 3279 1703 Theoderici
3305 1645 3444 1715 regis
3470 1647 3569 1699 Ita-

1989 1747 2074 1801 lici
2105 1746 2232 1813 dux,
2259 1745 2383 1799 dum
2413 1745 2465 1798 in
2494 1744 2790 1800 Arelatensi
2824 1743 2955 1797 urbe
2984 1740 3261 1804 resideret,
3286 1736 3490 1794 exstitit
3516 1737 3568 1793 ei

301 1836 469 1891 vestri
500 1837 748 1905 adjutorii
771 1853 873 1907 ope
900 1838 1156 1892 reducite.
1188 1838 1253 1891 Et
1280 1838 1392 1893 haec
1414 1837 1617 1903 dicens,
1640 1848 1883 1894 cessante
1917 1838 1961 1897 Β
1990 1839 2203 1908 quidam
2244 1839 2675 1908 archipresbyter
2706 1834 2974 1905 parochia:
3015 1831 3393 1891 Nemausensis
3436 1829 3573 1884 invi-

302 1937 489 1994 vento,
538 1929 928 1991 decedentibus
979 1932 1159 1996 undis,
1207 1933 1271 1985 ad
1328 1933 1473 1987 littus
1515 1934 1686 1988 evecti
1740 1944 1885 1987 sunt.

304 2019 434 2076 Ilaec
463 2021 530 2074 ab
558 2021 673 2091 ipso
692 2022 912 2091 cognovi
942 2022 1267 2091 presbytero.
1304 2024 1357 2076 In
1393 2022 1493 2078 hoc
1523 2026 1679 2079 etiam
1702 2035 1891 2093 stagno

306 2110 491 2167 ferunt
533 2120 825 2166 tructarnm
884 2114 1110 2181 piscium
1150 2114 1574 2184 magnitudinem
1609 2130 1778 2186 usque
1824 2117 1891 2170 ad

300 2213 525 2261 centum
554 2205 807 2261 librarum
835 2205 1069 2275 pondera
1095 2207 1366 2261 trutinari.

844 2319 1068 2377 CAPUT
1109 2319 1356 2376 LXXVII.

673 2433 750 2488 De
765 2444 939 2488 sancto
978 2432 1181 2488 Victore
1202 2433 1537 2489 Mauiliensi.

388 2544 486 2602 Est
512 2555 537 2584 ι
558 2554 615 2602 et
643 2546 709 2601 ad
745 2545 1047 2614 sepulcrum
1083 2546 1253 2600 sancti
1291 2546 1520 2601 Victoris
1553 2545 1897 2604 Massiliensis

314 2636 568 2707 martyris
612 2636 745 2690 mira
778 2637 945 2688 virtus
995 2635 1119 2704 (An.
1151 2633 1258 2689 290
1303 2644 1391 2689 aut
1438 2636 1562 2702 505,
1612 2636 1677 2688 21
1727 2637 1893 2707 11th).

315 2727 449 2781 Nam
476 2741 597 2780 cum
620 2725 816 2794 szepins
846 2725 910 2779 ad
933 2740 1054 2780 eum
1076 2729 1392 2780 accolentes
1423 2728 1618 2782 inﬁrmi
1641 2739 1896 2783 sanentur

315 2818 531 2886 reliqui,
559 2819 909 2886 energnmeni
942 2809 1118 2872 tamen
1149 2820 1373 2873 multum
1397 2834 1457 2874 se
1485 2821 1819 2887 collidenles,
1844 2834 1896 2878 et

316 2909 596 2979 Martyrem
630 2909 1011 2973 declamantes,
1053 2909 1236 2978 ejectis
1285 2909 1615 2966 diemonibus
1669 2911 1900 2966 liberan-

320 3006 427 3053 tur.
459 2999 729 3054 Aureliani
777 3006 953 3053 autem
988 3000 1192 3068 patricii
1222 3015 1407 3054 servus
1429 3015 1459 3054 a
1487 3002 1755 3056 daemonio
1773 3019 1894 3057 cor-

327 3095 533 3159 reptus,
567 3090 801 3145 dolendo
829 3091 974 3145 exitu
1005 3090 1364 3157 cruciabatur,
1396 3092 1465 3145 ita
1501 3101 1558 3146 ut
1587 3094 1897 3163 plerumque

1991 1946 2103 1985 sus.
2128 1929 2279 1984 Tunc
2311 1929 2525 1986 fervens
2570 1927 2715 1991 l'elle,
2764 1934 2951 1981 contra
2980 1939 3101 1980 eum
3145 1924 3290 1977 misit
3339 1935 3534 1990 pueros
3558 1960 3575 1985 ,

1992 2022 2180 2076 dicens
2210 2036 2226 2076 :
2260 2019 2335 2074 Ite
2377 2017 2716 2088 quantocius,
2747 2024 2804 2071 et
2828 2015 3003 2085 ligatis
3034 2013 3255 2082 pedibus
3296 2027 3360 2067 ac
3401 2014 3576 2067 mani-

1993 2112 2113 2173 bus.
2145 2109 2395 2163 adducite
2423 2122 2543 2164 eum
2571 2123 2693 2163 cum
2741 2106 2906 2177 809
2948 2104 3020 2172 vi,
3052 2111 3109 2157 ut
3128 2111 3412 2173 cognoscat
3437 2102 3577 2173 quod

1991 2205 2092 2259 sim
2123 2202 2377 2257 dotninus
2407 2201 2640 2270 regionis
2668 2199 2848 2268 hujus.
2881 2202 2948 2253 At
2968 2197 3050 2252 illi
3080 2212 3184 2252 non
3220 2195 3579 2267 intelligentes

1994 2295 2554 2365 arebipresbyterum,
2600 2286 2922 2362 putaverunt
2968 2288 3109 2358 quod
3148 2288 3577 2343 archidiaconem

1999 2387 2243 2461 iussisset
2290 2386 2506 2441 adduci.
2537 2385 2608 2440 Et
2634 2384 2877 2438 ascensis
2918 2382 3184 2448 equitibus
3209 2388 3472 2435 venerunt
3509 2381 3578 2434 ad

1995 2483 2205 2547 urbem,
2240 2480 2740 2550 interrogantesque
2789 2476 2856 2531 de
2876 2473 3278 2541 archidiacono,
3307 2472 3474 2544 digito
3500 2473 3579 2528 eis

1996 2583 2244 2627 ostensus
2272 2578 2375 2626 est.
2420 2569 2550 2623 Erat
2576 2566 2724 2622 enim
2755 2565 2842 2620 hic
2869 2564 3105 2620 Joannes
3136 2563 3378 2630 nomine,
3424 2562 3582 2619 valde

1997 2663 2302 2732 religiosus,
2336 2659 2461 2715 etin
2484 2656 2919 2713 archidiaconatu
2957 2668 3057 2710 suo
3086 2654 3320 2710 studium
3353 2652 3582 2721 docendi

2000 2752 2252 2823 parvulos
2282 2750 2485 2805 habens
2515 2759 2537 2788 ο
2599 2763 2614 2803 :
2676 2748 3178 2818 apprehensumque
3234 2746 3386 2816 pueri
3428 2745 3581 2802 ducis

2004 2845 2181 2916 ligatis
2205 2843 2452 2898 manibus
2483 2856 2546 2897 ae
2569 2841 2794 2911 pedibus
2824 2840 2925 2895 sub
2953 2840 3073 2895 alvo
3098 2840 3221 2909 equi
3250 2840 3582 2895 adduxerunt

1999 2954 2147 2994 eum.
2175 2938 2279 2996 Sed
2304 2953 2408 2992 non
2432 2937 2590 2992 desiit
2636 2937 2809 2991 virtus
2836 2934 3079 3005 Martyris
3119 2934 3338 2989 alumno
3366 2935 3582 3004 proprio

1999 3031 2307 3087 subvenire.
2350 3031 2508 3084 l’ueri
2532 3043 2661 3083 vero
2698 3027 2852 3098 juxta
2888 3027 3060 3095 ipsam
3113 3037 3320 3096 portam
3362 3040 3483 3082 eum
3513 3038 3580 3081 eo

2004 3120 2337 3177 mansionem
2365 3120 2691 3187 habuerunt,
2726 3120 2849 3188 quia
2875 3115 2987 3187 jam
3019 3118 3283 3174 obseratis
3316 3132 3412 3186 pro
3428 3126 3585 3172 nocte

320 3182 642 3279 propr-tisse
670 3183 936 3279 morsibus
977 3182 1241 3237 laceraret
1266 3199 1277 3234 :
1513 3183 1608 3279 seti
1638 3184 1899 3279 θάάυξῖιυε
1928 3200 1975 3264 C
2012 3220 2286 3279 portarum
2319 3210 2506 3275 valvis,
2537 3182 2758 3278 ingredi
2771 3182 3213 3278 non'potuerunt.
3242 3207 3295 3262 In
3317 3182 3430 3275 ipsa
3457 3222 3586 3263 vero

323 3274 388 3327 ad
418 3273 693 3329 basilicam
718 3273 925 3339 Sancti,
954 3290 1075 3329 cum
1121 3289 1182 3330 se
1219 3276 1368 3330 exuri
1393 3278 1508 3345 ejus
1546 3276 1740 3331 virtute
1773 3277 1902 3335 fate-

324 3378 493 3433 retur,
517 3366 854 3422 dehacrhans
898 3382 993 3437 per
1033 3374 1198 3421 totam
1228 3370 1419 3434 :edem,
1452 3370 1539 3424 die
1568 3371 1719 3424 tertia
1762 3387 1905 3425 mun-

326 3458 480 3515 :Iatus
501 3460 785 3515 abscessit.
810 3459 910 3528 Qui
934 3460 987 3514 in
1017 3469 1219 3514 tantum
1252 3462 1370 3515 IIch
1398 3462 1589 3516 merito
1623 3462 1902 3517 roboratus

326 3557 429 3612 est.
456 3558 511 3603 ut
536 3549 811 3619 deinceps,
866 3550 1157 3605 bumiliatis
1185 3551 1413 3621 capillis,
1447 3552 1656 3608 abbatis
1682 3555 1905 3609 sortitus

326 3639 564 3697 ordinem
614 3643 945 3696 monasterio
984 3642 1077 3695 uni
1134 3655 1559 3712 prxponerctur.

841 3778 1069 3835 CAPUT
1100 3779 1381 3836 LXXVIII.

671 3892 747 3946 De
788 3892 1051 3947 Baudillio
1075 3905 1295 3964 martyre
1318 3897 1557 3965 glorioso.

401 4027 497 4081 Est
528 4024 665 4096 apud
695 4025 1073 4080 Nemausensis
1122 4028 1267 4082 urbis
1318 4029 1566 4096 oppidum
1609 4031 1848 4086 Baudillii
1882 4032 1908 4071 ι)

332 4116 476 4172 beati
511 4115 759 4187 martyris
806 4114 1098 4186 gloriosum
1148 4118 1473 4186 sepulcrum,
1499 4121 1563 4173 de
1591 4137 1694 4188 quo
1717 4122 1911 4189 smpius

335 4210 560 4265 virtutes
600 4210 780 4264 multa:
821 4209 1227 4265 manit'estantur
1274 4214 1444 4281 (An...
1499 4212 1569 4268 “20
1600 4213 1776 4287 Maii).
1830 4218 1905 4271 Ex

334 4318 441 4371 qtto
462 4303 709 4370 sepuICro
755 4303 936 4356 laurus
962 4313 1075 4357 orta
1119 4312 1170 4357 et
1230 4321 1323 4372 per
1368 4307 1626 4375 parietem
1673 4324 1909 4377 egressa,

335 4396 582 4452 arborem
614 4395 745 4451 foris
775 4396 902 4451 fecit
933 4397 1135 4452 salubri
1179 4412 1331 4451 coma
1378 4411 1709 4453 vernantcm.
1762 4400 1910 4468 Quod

2006 3312 2192 3367 nocte,
2247 3302 2382 3358 duce
2423 3300 2821 3367 obdorntiente,
2866 3299 3035 3355 astitit
3079 3299 3132 3353 ei
3180 3298 3588 3355 archidiaconus

2008 3409 2103 3464 per
2148 3395 2342 3460 visum,
2396 3393 2622 3448 dicens:
2665 3392 2799 3459 Quid
2858 3391 2976 3455 tibi,
3020 3405 3053 3444 ο
3104 3389 3283 3455 homo,
3306 3389 3588 3459 culpabilis

2005 3488 2209 3552 exstiti,
2243 3485 2383 3557 quod
2416 3500 2499 3539 me
2528 3486 2580 3539 in
2609 3483 2747 3538 hanc
2785 3482 3138 3536 humilitatem
3169 3482 3438 3537 redactum
3463 3495 3585 3534 eum

2008 3581 2097 3634 tali
2125 3578 2330 3649 jussisti
2360 3578 2553 3648 injuria
2595 3575 2898 3632 accersiri?
2934 3575 3070 3630 Vere
3106 3574 3280 3629 dicam
3313 3573 3429 3640 tibi,
3460 3575 3584 3644 quia

2010 3685 2116 3725 non
2158 3669 2379 3738 etfugies
2426 3666 2685 3738 judicium
2739 3665 2851 3721 Dei.
2900 3665 2969 3720 At
3021 3663 3113 3718 nle
3164 3662 3589 3732 expergefactus,

2015 3769 2499 3828 consternatusque
2542 3768 2710 3823 metu,
2760 3755 3027 3812 exclamat
3064 3754 3211 3809 suis;
3264 3753 3521 3822 luquirite
3542 3753 3589 3807 si

2012 3853 2163 3921 pueri
2219 3864 2353 3920 quos
2402 3850 2727 3904 Nemausum
2785 3847 3079 3902 direximus
3132 3844 3243 3915 jam
3302 3854 3591 3901 venerunt.

2012 3942 2519 4007 Interrogantesque
2562 3938 2628 3992 de
2676 3952 2829 3990 muto
2876 3934 3024 3994 urbis
3099 3935 3489 3995 responderunt
3534 3953 3594 3992 se

2013 4033 2204 4087 adesse
2235 4046 2358 4085 cunt
2390 4029 2625 4083 homine.
2661 4028 2990 4084 lienuntiant
3027 4027 3196 4083 nuntii
3245 4042 3364 4096 (ιυίυ
3412 4028 3594 4084 audie~

2016 4133 2161 4176 rant.
2192 4120 2594 4184 Confestimque
2619 4119 2727 4174 dux
2757 4116 2868 4171 ait:
2911 4118 3169 4185 Exhibete
3214 4118 3278 4170 ad
3312 4132 3398 4174 me
3423 4118 3595 4173 homi-

2023 4231 2147 4269 ntm
2202 4229 2361 4283 quem
2410 4213 2724 4267 adduxistis.
2784 4213 2933 4279 Quod
2986 4225 3105 4265 cum
3151 4212 3346 4266 factum
3385 4211 3595 4276 fuisset,

2016 4308 2283 4376 aSpiciens
2309 4322 2430 4360 eum
2460 4306 2590 4369 dux,
2633 4304 2825 4358 timore
2857 4302 3191 4371 perterritus,
3234 4301 3345 4358 ait:
3397 4303 3593 4358 Archi-

2018 4401 2389 4470 presbyterum
2435 4413 2533 4467 ego
2559 4397 2750 4452 adduci
2784 4409 3163 4466 prmceperam,
3192 4410 3298 4450 non
3334 4393 3597 4450 archidia~

468 4548 582 4627 ll_oc
610 4558 778 4627 caput
800 4558 853 4604 et
879 4549 984 4604 duo
1007 4552 1280 4619 sequentia
1312 4566 1413 4605 non
1450 4551 1605 4627 habet
1627 4552 1780 4609 Colb.
1809 4564 1906 4609 tut.
1943 4568 1992 4627 ι)
2021 4569 2071 4612 te
2097 4559 2145 4612 in
2180 4559 2470 4627 prioratnm
2529 4558 2740 4627 redacta
2784 4552 2903 4620 I'uit,
2944 4561 2997 4627 et
3042 4553 3278 4627 Seguine
3309 4551 3470 4627 caste
3504 4551 3599 4607 Dei

339 4635 396 4675 in
425 4620 547 4693 cod.
576 4636 703 4693 vero
720 4622 865 4693 ωδε.
894 4637 923 4675 a
956 4637 1073 4690 qum
1096 4633 1388 4691 sequuntur
1411 4625 1474 4676 ad
1505 4636 1663 4693 caput
1712 4627 1780 4679 88
1828 4628 1907 4681 itt-

338 4690 541 4745 clusive
570 4692 780 4762 desunt.
810 4691 974 4744 Porro
997 4705 1211 4747 sanctus
1243 4694 1420 4748 Victor
1458 4690 1643 4762 passus
1667 4709 1747 4751 est
1770 4699 1907 4751 illas-

338 4762 475 4837 silite
503 4760 935 4837 s_ub__Diocle_tiani
960 4764 1332 4837 ethiaxitniatti
1363 4760 1755 4832 persecutione.
1781 4769 1908 4837 I‘Ijus

339 4835 468 4903 Acta
508 4830 753 4903 dedimus
797 4834 934 4887 inter
987 4838 1194 4889 sincera
1240 4830 1554 4903 Martyrum,
1619 4854 1735 4901 pag.
1778 4830 1905 4902 292,

337 4900 493 4973 cujus
517 4899 707 4954 festum
732 4903 783 4954 in
807 4903 1197 4973 Martyrologiis
1226 4899 1523 4958 celebratur
1545 4907 1632 4960 die
1660 4899 1720 4958 2t
1760 4899 1907 4973 Julii,

339 4984 369 5024 a
400 4970 690 5022 Fortunato
721 4981 893 5024 autem
926 4970 1169 5025 laudatur
1197 4976 1288 5028 lib.
1315 4990 1399 5026 vni
1434 4991 1602 5029 carm.
1634 4979 1689 5031 ὁ.
1718 4977 1789 5031 De
1820 4970 1911 5030 ba-

341 5039 492 5092 silica
525 5039 690 5106 ipsius
724 5049 904 5091 noster
951 5042 1235 5110 Gregorius
1276 5046 1367 5097 lib.
1406 5061 1455 5097 tx
1492 5046 1631 5099 IIISt.
1665 5060 1783 5109 cap.
1816 5045 1907 5109 9.2,

341 5123 466 5182 qua}
491 5110 797 5182 etiamnunc
827 5110 1054 5182 celebris
1084 5122 1165 5165 est
1208 5128 1326 5166 cum
1372 5114 1561 5182 insigni
1594 5126 1915 5168 ntouasterao

340 5178 546 5249 ordinis
579 5177 932 5242 Bettedictini,
959 5182 1096 5248 quod
1122 5183 1381 5249 originem
1413 5177 1561 5236 suam
1594 5185 1752 5237 debet
1777 5187 1916 5238 cele-

340 5248 422 5321 bri
450 5247 640 5304 Joanni
667 5250 943 5321 Cassiano,
971 5247 1059 5318 qui
1092 5247 1290 5321 smculo
1320 5268 1348 5302 v
1375 5252 1572 5307 ﬂoruit.
1620 5254 1784 5321 llujus
1816 5255 1916 5309 loci

344 5318 619 5373 historiam
641 5321 742 5375 sub
773 5319 925 5374 titulo
960 5320 1197 5375 Cassiani
1254 5322 1501 5377 illustruti
1542 5318 1711 5378 edidit
1748 5326 1919 5381 (ine--

343 5405 535 5447 llaVUS.

481 5460 633 5532 Colb.
668 5476 695 5514 a
716 5501 730 5521 .
762 5459 1022 5528 Baudelii,
1054 5472 1107 5518 et
1137 5460 1214 5517 sic
1242 5477 1474 5530 semper.
1508 5463 1635 5532 Ejus
1664 5465 1794 5520 Acta
1826 5465 1919 5519 hn-

348 5530 541 5585 beutur
562 5530 649 5584 die
673 5532 743 5584 ‘20
774 5533 895 5586 Maii
940 5534 1291 5598 Bollandiaui,
1318 5537 1409 5587 sed
1454 5530 1561 5589 non
1608 5538 1743 5589 adeo
1784 5540 1919 5591 anti-

343 5616 445 5667 qua
470 5610 527 5655 ut
556 5602 812 5674 integram
846 5616 1149 5674 mereantur
1178 5605 1357 5659 tidem.
1405 5606 1616 5660 Sedatis
1645 5609 1916 5674 gentilium

348 5671 841 5746 persecutiouibus,
873 5672 1160 5728 Christiani
1193 5692 1352 5745 sopra
1376 5678 1613 5746 ejusdem
1644 5671 1811 5730 sancti
1835 5694 1919 5733 se-

348 5740 589 5815 pulcrum
618 5742 894 5815 ecclesiam
928 5740 1359 5815 construxerunt,
1394 5740 1512 5814 (jure
1546 5757 1728 5815 postea
1754 5749 1919 5803 abba-

351 5811 888 5882 ttmtitulodecorata
930 5814 1091 5870 fuisse
1137 5811 1353 5870 κηρίων(
1399 5811 1607 5872 Secuto
1638 5835 1685 5872 χι
1733 5820 1915 5873 Ιίιὶωιι-

2015 4623 2192 4683 abbati
2221 4629 2480 4696 sitbjeeta,
2506 4629 2589 4696 qui
2622 4626 2689 4679 ibi
2746 4626 3039 4696 monachos
3071 4624 3324 4696 restituit.
3369 4623 3471 4696 Sed
3502 4638 3598 4674 an-

2018 4715 2086 4753 no
2113 4691 2333 4755 circiter
2355 4698 2483 4752 1561
2512 4691 2534 4762 ,’
2553 4714 2579 4750 a
2605 4696 2935 4751 Calvinianis
2980 4694 3251 4749 haereticis
3281 4691 3440 4762 simul
3473 4706 3595 4745 cum

2016 4773 2350 4837 regularibus
2398 4761 2527 4823 locis
2563 4774 2614 4821 in
2648 4769 2854 4820 favillas
2901 4766 3114 4837 redacta
3168 4764 3296 4837 fuit;
3344 4761 3597 4837 jacetque

2016 4832 2211 4896 exinde
2258 4841 2356 4895 sub
2389 4842 2555 4892 ruinis
2587 4838 2725 4893 beati
2774 4836 3018 4906 Martyris
3072 4835 3401 4906 sepulcrum,
3451 4832 3595 4906 quod

2018 4914 2252 4964 nondum
2284 4912 2555 4964 detectum
2607 4909 2721 4961 luit.
2756 4907 2866 4960 lttto
2910 4900 3032 4958 cum
3065 4900 3205 4958 nulla
3261 4900 3596 4954 restaurandi

2018 4983 2215 5034 veteris
2239 4980 2546 5033 monasterii
2578 4993 2703 5044 spes
2732 4978 3028 5043 all'ulgeret.
3054 4978 3316 5027 tiasensos
3346 4970 3594 5044 monachi

2020 5060 2169 5102 vetus
2194 5049 2497 5118 episcopale
2530 5040 2989 5118 palatiuurpretin
3017 5040 3597 5118 comparaverunt,_ubi

2022 5114 2348 5171 novum'snb
2376 5114 2548 5171 Sancti
2583 5116 2807 5168 Battdilii
2867 5114 3166 5179 patrocinio
3210 5114 3591 5164 monasterium

2021 5188 2314 5241 excitatum
2346 5201 2450 5250 est,
2484 5188 2533 5240 in
2558 5186 2724 5251 quod,
2752 5185 2960 5237 favente
2993 5183 3343 5252 ill.cpiscopo
3371 5180 3601 5242 Nemau;

2022 5259 2164 5312 sensi
2207 5258 2402 5321 Spiritu
2437 5257 2705 5319 Fléchier,
2759 5254 3001 5307 monachi
3040 5252 3365 5307 Benctdictmi
3406 5266 3594 5318 coztgr.

2023 5330 2193 5382 sancti
2224 5329 2408 5394 Mauri,
2438 5344 2468 5383 e
2498 5329 2647 5382 Casa!
2682 5326 2770 5381 Dei
2796 5327 3121 5378 monasterio
3142 5323 3430 5376 introducti
3451 5322 3601 5394 fuere

2026 5400 2113 5452 die
2139 5398 2211 5453 ‘23
2233 5392 2497 5467 Septran.
2556 5395 2689 5453 I689
2709 5439 2723 5461 ,
2756 5397 2845 5464 qui
2882 5395 3078 5467 ibidem
3134 5402 3498 5467 perseverant.
3527 5392 3604 5447 De

2027 5469 2143 5539 ejus
2172 5464 2341 5524 sancti
2378 5470 2616 5538 reliquis
2641 5484 2707 5520 an
2733 5466 3076 5520 Aurelianum
3110 5466 3381 5518 translata:
3406 5464 3605 5518 fuerint

2027 5544 2147 5593 \‘tde
2175 5541 2567 5595 liolandianos.

2102 5622 2124 5649 ο
2154 5613 2526 5667 Archittiaconi
2554 5609 2732 5662 munia
2759 5616 2812 5661 et
2838 5605 3216 5675 pratrogativas
3245 5603 3460 5675 egregie
3512 5603 3602 5657 de-

2026 5682 2168 5736 scrih
2194 5692 2208 5735 ι
2239 5694 2456 5736 sanctus
2489 5682 2721 5735 Isidorus
2745 5680 2901 5745 epist.
2932 5678 2999 5730 ad
3025 5680 3406 5731 l.eu:teireduut
3433 5675 3603 5745 episc.

2025 5752 2447 5808 Cordubensem.
2482 5752 2616 5804 Vide
2652 5761 2706 5804 et
2736 5742 2825 5802 lib.
2859 5765 2874 5802 ι
2931 5751 3193 5802 lteeretal.
3229 5762 3346 5813 cap.
3381 5746 3436 5809 Ξ,
3465 5742 3602 5814 apud

2032 5825 2293 5885 IIoI:aud.,
2326 5825 2387 5880 l8
2419 5822 2607 5881 Martii.
2644 5823 2694 5875 Ill
2726 5819 2899 5879 cloui')
2942 5820 3108 5873 satttti
3143 5819 3460 5876 Branlt'onis.
