4072 6346
543 287 638 343 [75
1517 288 1573 344 S.
1614 285 1941 345 GREGOBII
1984 282 2289 340 EPISCOPI
2329 280 2756 340 TURUNENSIS

3682 293 3786 347 770

533 415 740 459 canem.
763 399 829 456 Et
855 398 1152 471 prostratus
1178 396 1248 457 sd
1289 397 1453 467 pedes
1505 398 1647 469 ejus,
1696 398 1812 453 ait:
1857 396 2097 465 indulge,
2129 399 2178 456 Α
2204 391 2382 447 Atille
2403 394 2564 448 silens
2595 393 2661 447 ad
2687 401 2810 448 nota
2842 403 3074 449 recurrit
3108 398 3353 465 prtesidia
3382 415 3399 456 ι
3433 404 3784 469 prosternitur

532 510 737 565 qutnso,
762 492 1010 562 iujuriam
1058 490 1243 546 delicti
1271 490 1450 559 hujus,
1487 490 1610 560 quia
1642 504 1748 543 non
1782 488 1943 543 estin
1972 502 2103 542 cou-

532 586 755 642 scicutia
776 600 915 651 mea,
948 593 1004 638 ut
1028 583 1143 638 hate
1172 596 1359 651 passus
1379 582 1591 636 fuisses.
1620 580 1686 635 Et
1716 581 1896 635 statim
1928 577 2102 648 dignis

531 676 845 731 honoratum
874 672 1182 729 muneribus
1213 672 1415 726 remisit
1466 671 1532 725 ad
1580 670 1788 735 urbem,
1844 683 2003 738 quem
2046 668 2102 722 in

531 774 679 819 tanto
702 778 886 818 amore
934 776 1031 831 pro
1057 761 1170 830 ipsa
1198 760 1444 829 Martyris
1468 759 1764 815 reverentia
1820 758 2009 813 dilexit
2046 755 2102 811 in

528 865 819 925 posterum,
853 863 910 908 ut
936 852 1229 910 decedente
1252 850 1563 907 urbisillius
1589 849 1895 914 sacerdote,
1926 849 2099 917 ipsum

526 945 863 1002 sacerdotem
919 945 1195 998 mandaret
1225 941 1425 1003 institui
1450 949 1497 995 ⁸.
1529 940 1634 997 Sed
1661 954 1760 993 nec
1802 938 2102 1006 archipres—

526 1038 769 1108 byterum
797 1038 1025 1104 atnptius
1052 1034 1243 1104 inquiri
1282 1033 1461 1103 jussit.
1486 1032 1530 1086 0
1557 1045 1744 1099 magna
1770 1031 1935 1085 virtus
1963 1029 2101 1083 Mar-

528 1130 681 1199 tytis,
704 1142 823 1197 qua:
843 1142 936 1195 per
961 1126 1261 1180 innocentis
1289 1123 1535 1193 injuriam
1565 1123 1784 1176 n'oxium
1815 1120 2040 1175 absolvit
2068 1134 2097 1173 a

460 1238 477 1241 Α
526 1232 682 1287 ptrna
718 1235 729 1269 :
756 1218 1136 1286 impletumque
1166 1223 1250 1271 est
1275 1214 1400 1268 illud
1424 1212 1691 1283 Apostoli,
1721 1211 1843 1281 quia
1873 1208 2097 1279 diligen-

523 1311 660 1364 tibus
690 1308 855 1364 Deum
876 1310 1048 1363 omnia
1072 1320 1410 1377 cooperantur
1443 1307 1495 1358 in
1538 1305 1723 1359 bonum
1770 1303 1947 1373 (Rom.
1966 1317 2095 1371 ‘vttt,

522 1398 639 1469 28),
668 1414 789 1455 cum
824 1399 937 1453 haec
969 1396 1161 1467 injuria
1187 1396 1408 1466 gradum
1436 1395 1601 1465 διο
1630 1393 1752 1447 huic
1777 1394 2094 1463 construxit,

521 1506 680 1562 quem
710 1490 994 1545 scanderet
1016 1489 1080 1543 ad
1107 1488 1390 1558 regendam
1421 1485 1706 1541 ecclesiam
1739 1483 1855 1540 Dei.

1064 1600 1289 1655 CAPUT
1330 1599 1567 1655 LXXIX.

520 1714 598 1770 De
629 1715 886 1770 miraculis
915 1714 1045 1769 beati
1087 1714 1302 1768 Andreae
1330 1713 1555 1781 apostoli
1603 1713 1658 1765 in
1710 1712 1922 1766 ecclesia
1953 1710 2091 1780 Aga-

1210 1784 1396 1838 tltcnsi.

590 1897 827 1951 Ecclesia
847 1911 1058 1966 quoque
1084 1893 1405 1965 Agathensis
1431 1893 1599 1958 urbis,
1622 1907 1739 1963 qua:
1784 1892 1952 1946 sancti
1976 1891 2089 1945 An-

518 1985 662 2041 dreae
690 1987 912 2053 apostoli
940 1987 1177 2055 reliquiis
1204 1986 1405 2055 plaudit
1426 1984 1477 2051 δ,
1510 1985 1819 2054 plerumque
1847 1986 2090 2055 gloriosa

516 2079 818 2132 illustratur
847 2078 1137 2143 miraculis,
1171 2092 1485 2147 pervaseres
1512 2093 1690 2132 rerum
1735 2092 1950 2131 suarum
1980 2092 2086 2132 sa:-

514 2169 630 2240 pius
693 2171 885 2241 arguit.
940 2170 1175 2239 Denique
1236 2185 1360 2224 cum
1410 2169 1795 2247 Gomacharius
1847 2178 1869 2207 ο
1908 2182 2089 2223 comes

512 2277 694 2332 agrum
724 2264 966 2317 ecclesiae
1001 2262 1168 2331 ipsius
1209 2262 1543 2332 pervaderet,
1578 2272 1700 2318 tunc
1731 2262 1840 2318 Leo
1878 2264 2087 2331 episco-

512 2364 607 2421 pus
635 2347 663 2387 ει
710 2351 866 2421 hujus
918 2351 1157 2405 ecclesia:
1206 2352 1360 2405 valde
1426 2360 1650 2405 incestus
1699 2351 1971 2406 concurrit
2020 2351 2087 2406 ad

510 2456 655 2507 eum,
687 2441 877 2495 dicens
912 2460 924 2493 :
961 2440 1243 2510 Relinque,
1282 2457 1315 2493 ο
1364 2442 1458 2506 fili,
1493 2456 1579 2496 res
1631 2456 1921 2512 pauperum
1952 2457 2088 2513 quas

510 2532 827 2585 ordinationi
877 2543 1073 2586 nostra:
1132 2533 1386 2587 Dominus
1436 2536 1849 2601 commendavit,
1882 2549 1949 2590 ne
1989 2536 2086 2591 tibi

510 2623 579 2676 sit
608 2622 844 2686 noxium,
875 2631 929 2677 et
957 2638 985 2675 a
1015 2624 1266 2693 lacrytnis
1297 2626 1587 2694 egentium,
1620 2627 1710 2695 qui
1737 2626 1803 2681 de
1831 2626 2087 2684 fructibus

511 2718 630 2783 ejus
658 2715 727 2768 ali
776 2724 1181 2778 consueverant,
1216 2716 1479 2771 eneceris.
1523 2716 1614 2772 Ille
1658 2733 1787 2773 vero
1816 2721 1938 2789 quia
1968 2731 2085 2776 erat

513 2806 812 2870 ltmreticus,
859 2805 1250 2875 paxvipcntleus
1276 2807 1343 2862 de
1372 2807 1453 2863 bis
1481 2823 1600 2878 qua:
1626 2809 1695 2866 ab
1722 2810 1977 2881 episcopo
2002 2812 2085 2867 di.

509 2898 791 2967 cebantur,
822 2913 933 2953 rem
965 2900 1016 2952 in
1038 2912 1132 2953 sua
1165 2899 1529 2957 dominatione
1573 2902 1815 2957 retinuit.
1841 2903 2079 2971 lutetim,

508 2989 828 3056 procedente
850 2989 942 3045 die
961 3029 977 3056 ,
999 2991 1251 3060 arripitur
1279 3006 1308 3045 a
1336 2991 1506 3058 febre,
1535 3007 1761 3059 cumque
1790 3008 1895 3049 non
1920 2994 2080 3050 modo

506 3081 697 3136 ardore
722 3094 983 3151 corporeo
1004 3123 1021 3149 ,
1052 3097 1235 3138 verum
1272 3086 1431 3141 etiam
1453 3086 1646 3142 animae
1683 3099 1971 3145 vexaretur
2002 3106 2081 3144 tn-

505 3172 808 3237 commodo,
840 3172 984 3227 misit
1028 3173 1097 3227 ad
1123 3174 1430 3245 episcopum
1464 3180 1700 3245 nuntios,
1732 3180 1919 3236 dicens
1949 3198 1963 3235 :
1990 3181 2079 3236 Di-

503 3275 694 3332 guetur
720 3278 818 3333 pro
844 3278 929 3319 me
952 3268 1203 3321 sacerdos
1232 3270 1529 3323 orationem
1555 3270 1621 3324 ad
1654 3270 1935 3327 Dominum
1958 3271 2078 3328 fund

503 3356 655 3420 dere,
677 3364 734 3411 et
754 3372 853 3426 ego
881 3357 1145 3413 dimittam
1173 3374 1358 3428 agrum
1385 3361 1521 3430 ejus.
1545 3363 1663 3429 Quo
1687 3374 1896 3428 orante,
1930 3364 2019 3422 hic
2047 3382 2077 3423 a

503 3447 808 3503 valetudine
856 3463 959 3519 qua
1000 3452 1321 3518 gravabatur
1373 3455 1663 3521 convaluit,
1696 3457 1971 3529 factusque
1991 3474 2079 3516 sa-

504 3552 627 3603 nus,
658 3538 731 3593 ait
758 3539 871 3594 suis
902 3557 917 3593 :
949 3541 1087 3608 Quid
1114 3546 1329 3612 putatis,
1364 3546 1491 3615 quid
1518 3547 1601 3601 isti
1658 3562 1799 3603 nunc
1852 3550 2077 3609 Romani

501 3629 717 3684 dicant?
749 3631 910 3685 Aiunt
940 3633 1083 3688 enim
1114 3649 1200 3689 me
1248 3635 1321 3690 ob
1350 3636 1452 3692 hoc
1503 3637 1668 3695 fuisse
1713 3640 1861 3699 febre
1888 3659 2077 3714 grava-

504 3729 637 3787 tuttt,
664 3722 785 3791 quia
815 3724 1024 3779 tulerim
1079 3740 1263 3797 agrum
1320 3743 1527 3797 eorum,
1560 3732 1701 3801 quod
1742 3735 1871 3790 mihi
1922 3738 2075 3808 juxta

502 3815 939 3870 consuetudinem
959 3815 1176 3873 humani
1194 3824 1436 3888 corporis
1457 3823 1678 3891 accidit,
1703 3838 2072 3887 verumtamen

500 3916 606 3955 non
634 3902 906 3959 habet-unt
937 3922 1057 3961 eum
1097 3925 1181 3963 me
1207 3913 1438 3967 vivente.
1473 3913 1537 3969 Et
1566 3916 1713 3972 dicto
1745 3919 1901 3976 citius
1932 3924 2075 3979 misit

498 3992 584 4062 qui
630 4008 753 4048 eum
785 3997 975 4051 iterum
1003 3999 1253 4056 auferret.
1283 4003 1434 4070 Quod
1464 4021 1582 4060 cum
1609 4010 1891 4080 episcopus
1922 4028 2071 4069 com-

499 4087 749 4155 perisset,
778 4089 921 4143 veuit
974 4090 1040 4144 ad
1089 4108 1233 4157 eum,
1293 4096 1477 4151 dicens
1510 4117 1523 4153 :
1554 4100 1687 4156 Num
1748 4108 1971 4174 paenitet
2020 4117 2071 4165 to

494 4175 640 4244 prius
677 4176 868 4232 fecisse
909 4178 1062 4245 bene,
1095 4183 1234 4251 quod
1266 4184 1365 4241 hoc
1395 4189 1587 4245 iterum
1645 4197 1856 4249 conaris
1908 4213 2069 4254 ever-

494 4265 644 4319 tere?
670 4281 737 4320 ne
764 4268 947 4331 facias,
976 4284 1188 4338 quaeso,
1224 4290 1290 4330 ne
1321 4278 1505 4335 ultioni
1551 4282 1744 4339 divina:
1766 4286 2061 4357 sultjaceas.

493 4354 594 4444 Qui
613 4355 689 4409 ait
714 4356 781 4410 ad
802 4359 1111 4426 episcopum
1146 4380 1159 4417 :
1191 4365 1320 4435 Sile,
1347 4370 1465 4435 sile,
1497 4373 1791 4444 decrepito,
1825 4354 1945 4434 nam
1981 4383 2067 4436 itt-

493 4441 756 4499 frcnatum
789 4454 839 4500 te
877 4448 1025 4513 loris,
1057 4451 1280 4511 circuire
1311 4459 1494 4513 urbem
1544 4441 1706 4533 super
1729 4469 1936 4523 asinum
1986 4472 2063 4526 fa-

492 4531 655 4600 ciam,
686 4543 742 4590 ut
770 4535 844 4591 sis
869 4537 922 4594 iu
944 4539 1167 4599 ridiculo
1187 4549 1432 4605 omnibus
1480 4552 1573 4622 qui
1618 4531 1679 4609 te
1731 4562 2060 4628 aspexerint.

612 4714 800 4796 blirum
827 4727 912 4799 est
939 4720 1387 4802 ltunc_Joannetn
1426 4726 1479 4782 in
1528 4730 1786 4802 catalogis
1830 4733 2061 4793 Nemauo

486 4788 725 4867 sensium
756 4790 923 4857 episc.
965 4792 1284 4867 desiderari.
1337 4796 1510 4852 Locus
1540 4800 1589 4854 ei
1634 4788 1840 4867 dandus
1868 4788 1955 4861 est
1970 4788 2060 4862 in.

488 4858 865 4948 tergetis-tum,
891 4862 979 4941 qui
1009 4878 1098 4948 an.
1290 4868 1520 4948 concilio
1549 4858 1837 4948 Agathensi
1866 4858 2055 4948 atlfttii,

484 4935 539 5018 et
559 4924 866 5018 _i:elagiutn,
891 4924 1005 5018 qui.
1023 4946 1117 5018 an.
1138 4931 1239 5018 5:89
1289 4935 1527 5018 interfuit
1574 4924 2057 5018 concilim—rhea:

484 5009 773 5066 annoivero
798 5001 1119 5066 pra-cedenti
1148 5006 1376 5061 concilio
1404 5006 1686 5065 To‘letano.

554 5061 582 5101 δ
621 5065 778 5146 Juxta
800 5061 940 5124 hanc
993 5073 1279 5146 ecclesiam
1331 5061 1712 5137 monasterium
1761 5092 2063 5146 construxit

484 5138 972 5225 sanctttsseverus,
1002 5141 1107 5225 ubi
1137 5148 1405 5225 trecentis
1434 5150 1686 5207 fratribus
1732 5138 2060 5225 pietati};

485 5207 605 5274 ejtis
638 5207 838 5289 yitaiu
880 5213 1176 5289 appendice
1222 5218 1406 5273 saeculi
1466 5235 1483 5272 ι
1535 5207 2058 5285 Βθηεάίἓᾶἶιῖίίὶξιῆἇ

484 5284 863 5355 monasterium
894 5292 1078 5350 postea
1098 5284 1163 5338 ad
1185 5290 1476 5347 saeculares
1503 5295 1790 5349 canonicos
1820 5303 2051 5355 transiit.

483 5342 790 5441 [bibit-bit:
809 5342 910 5406 est'
926 5358 1162 5422 synodus
1189 5342 1798 5432 Agathetts'is‘anriib—(S',

480 5416 814 5484 praefatione.

555 5494 578 5557 ξ
612 5487 742 5541 Cod.
767 5491 956 5557 Laud,,
988 5493 1374 5553 Comacltarius.

549 5551 579 5593 ⁸
616 5557 726 5613 Leo
746 5551 1109 5647 ngatlté‘nsem
1157 5551 1439 5647 ecclesiam
1470 5574 1609 5647 rexit
1652 5574 1793 5632 inter
1827 5579 2059 5647 Sephro-

478 5626 1027 5719 14i_um,.quian..506l
1074 5636 1364 5719 Agathensi
1414 5626 2058 5719 concilio"iniervfiii't':ct

479 5692 797 5767 Tigridiim,
826 5702 915 5769 qui
937 5692 1249 5774 subscripsit
1275 5692 2053 5782 councilionN—a-rbot't:

2204 482 2257 536 in
2284 483 2542 548 oratione,
2569 485 2729 554 811
2760 484 2998 540 celebrat
3024 486 3252 555 vigilias,
3279 504 3343 543 ac
3378 500 3589 545 noctem
3620 503 3782 549 totam

2204 574 2258 629 in
2302 575 2553 648 lacrymis
2579 586 2634 630 et
2682 576 2964 645 psallentio
3007 577 3174 633 ducit.
3205 579 3360 635 Mane
3412 594 3588 637 autem
3618 583 3778 650 facto,

2204 666 2409 720 accedit
2437 666 2505 720 ad
2559 665 2781 737 lychuos
2819 669 2907 736 qui
2954 668 3022 723 de
3064 683 3275 724 camera
3315 674 3555 727 ecclesia:
3584 673 3780 741 depen-

2207 755 2423 824 debant,
2450 758 2853 827 extendeusque
2876 760 3075 830 virgam
3097 775 3255 830 quam
3284 764 3498 818 tenebat
3519 766 3570 819 in
3594 783 3776 833 manu,

2215 847 2427 917 efftegit
2470 857 2721 916 cunctos,
2773 849 2956 904 dicens
2997 867 3011 903 :
3049 850 3164 905 Non
3208 853 3295 907 hic
3334 856 3655 909 accendatur
3698 858 3778 913 lu-

2219 952 2339 992 men
2358 978 2373 1003 ,
2395 939 2567 995 donec
2596 939 2881 995 ulciscatur
2923 940 3062 995 Deus
3084 942 3151 997 de
3179 942 3428 1008 inimicis,
3456 955 3511 1000 et
3535 947 3777 1003 restituat

2203 1045 2291 1085 res
2318 1030 2505 1084 domus
2542 1046 2673 1086 suae.
2709 1031 2926 1086 Ila-eeo
2953 1032 3162 1088 dicente
3205 1034 3445 1099 protinus
3494 1036 3773 1092 lnereticus

2202 1118 2289 1173 ille
2318 1120 2371 1175 itt
2418 1121 2707 1175 redivivam
2743 1121 2943 1176 febrem
2989 1124 3210 1176 corruit.
3242 1122 3480 1194 Cumque
3508 1126 3559 1178 in
3599 1137 3775 1182 extre-

2202 1212 2303 1269 mis
2359 1222 2561 1283 ageret,
2592 1213 2737 1267 misit
2764 1213 2830 1268 ad
2887 1214 3220 1283 episcopum,
3254 1215 3439 1272 dicens
3470 1235 3483 1269 :
3524 1221 3648 1272 oret
3678 1235 3775 1288 pro

2200 1317 2288 1357 tne
2316 1301 2572 1357 sacerdos
2615 1302 2684 1357 ad
2730 1303 3031 1369 Dominum,
3078 1314 3134 1359 ut
3177 1305 3371 1369 vivam,
3401 1316 3456 1360 et
3501 1309 3774 1365 restituam

2199 1410 2411 1465 agrum,
2435 1409 2500 1449 ac
2528 1394 2757 1449 similem
2781 1395 2898 1465 ejus
2931 1394 3203 1451 conferam
3254 1396 3621 1453 dominationi.
3650 1402 3773 1468 Qu;-

2198 1486 2299 1542 bus
2329 1485 2564 1554 pontifex
2613 1486 2889 1555 respondit
2917 1502 2931 1540 :
2968 1485 3090 1543 iam
3118 1488 3266 1542 oravi
3292 1489 3357 1542 ad
3388 1488 3687 1557 Dominum,
3720 1502 3773 1547 et

2196 1577 2468 1633 exaudivit
2496 1592 2604 1634 tne.
2633 1577 2773 1633 Misit
2816 1586 2872 1633 et
2900 1580 3036 1634 alios
3073 1594 3135 1636 ac
3184 1582 3368 1639 tertios
3395 1584 3459 1636 ad
3487 1598 3606 1637 eum
3638 1601 3772 1639 nuu-

2198 1671 2321 1725 tios.
2349 1670 2455 1726 Sed
2485 1672 2739 1728 sacerdos
2768 1674 2822 1727 in
2878 1688 2984 1730 uno
3013 1689 3272 1746 responso
3321 1680 3634 1747 persistens,
3666 1698 3770 1737 nou

2120 1766 2170 1829 Β
2198 1760 2513 1815 movebatur
2538 1761 2604 1816 ad
2631 1761 2786 1828 haec,
2818 1771 2876 1817 ut
2929 1779 3027 1834 pro
3077 1781 3142 1821 eo
3172 1767 3461 1823 orationem
3510 1773 3662 1826 daret
3704 1773 3767 1826 ad

2194 1848 2499 1904 Duniuum.
2528 1850 2651 1906 llaec
2698 1852 2787 1908 ille
2834 1853 3118 1910 haereticus
3156 1871 3403 1924 cernens,
3439 1860 3601 1929 jussit
3627 1878 3687 1919 se
3716 1864 3767 1918 in

2195 1940 2434 2009 plaustro
2456 1944 2725 2013 componi,
2760 1953 2921 2019 atque
2962 1945 3029 2000 ad
3078 1948 3327 2003 eumdem
3375 1952 3553 2019 evehi,
3583 1968 3644 2007 ac
3676 1969 3770 2023 per

2193 2048 2254 2088 se
2289 2034 2571 2105 deprecari
2632 2036 2964 2107 episcopum,
2995 2039 3180 2096 dicens
3208 2060 3221 2094 :
3245 2043 3379 2109 Quia
3432 2044 3587 2114 dupla
3614 2048 3769 2102 satis-

2192 2123 2424 2179 faCtione
2459 2126 2687 2182 restituo
2722 2142 2906 2198 agrum
2951 2145 3108 2201 quem
3158 2132 3340 2203 inique
3386 2137 3618 2205 pervasi,
3650 2147 3764 2191 tan-

2193 2225 2305 2271 tum
2338 2229 2395 2274 ut
2422 2230 2539 2274 oret
2571 2236 2669 2290 pro
2700 2237 2787 2277 me
2812 2224 3065 2279 sanctitas
3104 2236 3213 2280 tua.
3248 2224 3345 2281 lllo
3374 2243 3586 2297 quoque
3616 2246 3765 2284 recu-

2190 2321 2363 2374 sante,
2396 2311 2652 2383 compulit
2678 2327 2801 2367 eum
2833 2314 2880 2367 vi
2929 2324 2985 2369 ut
3025 2316 3199 2372 abiret
3236 2318 3302 2371 ad
3326 2319 3626 2385 ecclesiam,
3660 2337 3765 2389 quo

2193 2400 2526 2468 discedente,
2560 2412 2616 2456 ιιι
2645 2403 2925 2458 ecclesiam
2950 2415 3038 2459 est
3086 2408 3376 2477 ingressus,
3408 2417 3464 2463 et
3494 2409 3576 2464 hic
3608 2411 3763 2481 spiri-

2190 2498 2302 2546 tum
2353 2492 2641 2549 exhalavit.
2684 2496 2992 2567 ricepitque
3042 2500 3320 2579 confestim
3372 2501 3599 2557 ecclesia
3649 2512 3760 2560 rem

2189 2596 2363 2639 suam.

2737 2685 2965 2744 CAPUT
3004 2689 3212 2745 LXXX.

2290 2817 2367 2873 Dc
2390 2818 2759 2889 approbatione
2786 2821 2907 2890 ﬁdei
2924 2819 3223 2879 Christianae
3243 2842 3331 2896 per
3350 2844 3668 2888 attractttum.

2256 2931 2485 3001 Semper
2522 2933 2665 2989 cnim
2706 2936 3095 2993 catholicorum
3152 2940 3359 2998 inimica
3383 2954 3465 3000 est
3504 2947 3749 3015 ha-resis,

2186 3032 2238 3077 et
2273 3024 2572 3094 ubicunque
2609 3029 2841 3095 potuerit
2895 3029 3116 3086 tendere
3158 3032 3399 3102 insidias,
3430 3052 3534 3092 non
3563 3040 3752 3095 obmit-

2104 3141 2152 3205 ο
2186 3114 2247 3205 tit
2280 3110 2299 3169 ξ
2325 3116 2467 3171 sicut
2492 3116 2619 3172 illud
2642 3130 2744 3183 est,
2768 3119 2909 3189 quod
2926 3122 3149 3190 quodam
3174 3125 3294 3182 loco
3323 3127 3516 3184 factum
3543 3131 3753 3188 celebre

2185 3204 2324 3259 fama
2359 3206 2581 3274 profert.
2612 3207 2801 3265 Mulier
2829 3214 3072 3281 quaedam
3097 3226 3213 3270 erat
3234 3219 3521 3287 catholica,
3552 3221 3752 3279 habens

2182 3296 2351 3351 virum
2385 3298 2691 3355 hmreticuut
2723 3320 2735 3356 :
2766 3304 2832 3358 ad
2865 3321 3023 3375 quam
3062 3322 3182 3362 cum
3211 3311 3449 3369 venisset
3479 3317 3751 3387 presbyter

2183 3397 2384 3441 nostra:
2415 3389 2687 3459 religionis
2716 3393 2871 3449 valde
2912 3397 3239 3466 catholicus,
3267 3401 3339 3455 ait
3370 3403 3561 3459 mulier
3584 3407 3649 3459 ad
3678 3408 3750 3461 vi-

2181 3491 2297 3530 rum
2318 3491 2474 3531 suum
2508 3494 2522 3531 :
2550 3478 2678 3534 Peto
2724 3482 2971 3539 charitati
2994 3497 3095 3541 tua:
3126 3498 3185 3542 ut
3206 3504 3299 3558 pro
3341 3494 3571 3549 adventu
3601 3495 3753 3566 hujus

2180 3566 2500 3634 sacerdotis,
2524 3572 2613 3637 qui
2641 3584 2727 3626 tne
2756 3572 2977 3631 visitare
3026 3574 3275 3646 dignatus
3316 3588 3424 3644 est,
3450 3581 3629 3637 latitia
3654 3584 3750 3638 ba-

2180 3659 2369 3714 heatur
2398 3659 2449 3714 in
2471 3660 2632 3715 domo
2656 3675 2856 3732 uosua,
2885 3681 2949 3722 ac
2975 3681 3325 3737 prmparatum
3352 3672 3525 3743 dignis
3554 3677 3747 3746 impen-

2178 3746 2280 3801 diis
2306 3750 2587 3818 prandium
2615 3756 2896 3822 epulemur
2935 3772 3055 3811 cum
3087 3774 3173 3813 eo.
3203 3760 3552 3821 Promittente
3574 3779 3745 3825 autent

2185 3839 2300 3894 viro
2322 3845 2439 3909 ejus
2470 3844 2547 3897 sic
2577 3860 2656 3909 se,
2682 3854 2742 3900 ut
2787 3846 2880 3901 illa
2937 3849 3225 3920 ﬂagitabat,
3248 3855 3415 3927 812
3465 3859 3742 3927 facturum,

2176 3929 2394 3984 advenit
2418 3940 2475 3985 et
2500 3932 2638 3987 alius
2663 3933 3034 3991 hmreticorum
3072 3943 3370 4013 presbyter,
3404 3946 3642 4018 dixitque
3671 3953 3743 4006 vir

2177 4021 2385 4076 mulieri
2424 4022 2740 4093 :Duplicata
2786 4036 2870 4081 est
2911 4028 3093 4084 laet-itis
3138 4032 3314 4102 hodie,
3344 4051 3409 4091 eo
3461 4042 3600 4108 quod
3641 4043 3747 4099 siut

2177 4112 2488 4167 sacerdotes
2519 4114 2794 4184 utriusque
2831 4118 3100 4190 religionis
3127 4122 3176 4176 itt
3218 4125 3379 4182 domo
3406 4143 3606 4186 nostra.
3630 4133 3743 4189 Dis-

2172 4204 2549 4260 cumbentibus
2576 4216 2753 4263 autem
2777 4212 2841 4263 ad
2870 4214 3194 4283 convivium,
3230 4216 3307 4273 vir
3338 4217 3424 4275 ille
3446 4236 3566 4279 eum
3600 4242 3743 4294 pres-

2175 4292 2367 4364 bytero
2394 4294 2596 4353 dextrae
2621 4298 2784 4365 partis
2818 4308 2841 4336 ο
2870 4314 3035 4356 cornu
3064 4318 3309 4375 occupat,
3332 4292 3647 4368 catholicum
3675 4319 3739 4370 ad

2177 4386 2451 4440 sinistram
2480 4398 2743 4457 statuens,
2773 4394 3052 4464 positaque
3079 4397 3144 4451 ad
3177 4398 3366 4455 lmvam
3396 4404 3508 4471 ejus
3534 4408 3737 4477 sellula,

2176 4479 2228 4534 itt
2256 4496 2358 4550 qua
2402 4481 2593 4552 conjux
2626 4484 2743 4552 ejus
2791 4486 3071 4543 resideret.
3108 4490 3355 4562 Dixitque
3399 4496 3479 4549 vir
3505 4499 3569 4551 ad
3598 4516 3739 4568 pres-

2172 4574 2416 4644 byterum
2477 4575 2789 4632 htereticum
2836 4594 2851 4630 :
2910 4578 2970 4634 Si
3036 4586 3374 4641 consenseris
3424 4588 3739 4647 dictionibus

2243 4761 2268 4838 ξ
2299 4750 2453 4833 multa
2485 4754 2727 4819 exempla
2758 4771 2822 4811 ex
2869 4760 3177 4838 auctoribus
3206 4766 3373 4820 sacris
3401 4777 3457 4821 et
3504 4770 3736 4838 profanis

2167 4820 2466 4895 addutitin
2521 4837 2802 4895 utramque
2866 4840 3068 4893 partem
3120 4835 3323 4887 Savaro
3385 4820 3451 4890 in,
3487 4820 3731 4895 diuisi-all

2167 4892 2323 4958 cpist.
2355 4893 2509 4967 :t_lib.
2560 4909 2575 4947 ι
2616 4892 2940 4963 Apollinaris
2982 4899 3206 4967 Sidonii,
3266 4907 3333 4957 «ιε
3391 4892 3633 4964 ιιοιιίιίοῖί
3672 4892 3733 4966 in

2168 4976 2351 5042 mensa
2392 4963 2530 5042 loco,
2560 4979 2625 5017 au
2652 4968 2892 5042 _ccnscri_
2912 4970 3106 5042 debeat
3151 4963 3217 5026 ad
3247 4976 3546 5042 dexteram,
3578 4963 3643 5035 au
3670 4963 3732 5037 all

2166 5031 2457 5119 sinistram.
2486 5035 2621 5119 ιριξὲ
2647 5034 2786 5119 forte
2807 5036 3115 5119 opinitmuttt
3144 5042 3428 5099 diversitas
3448 5066 3512 5103 ex
3534 5031 3735 5119 12.31.54

2166 5102 2328 5164 cedit,
2360 5104 2616 5176 quolalii
2650 5105 2758 5159 alio
2787 5102 2946 5160 modo
2998 5110 3271 5166 dexteram
3323 5128 3412 5169 aut
3464 5102 3730 5176 sinistt'aut

2166 5182 2369 5239 partem
2401 5174 2726 5254 acciperent.
2762 5176 3040 5254 Dexteram
3066 5180 3152 5234 hic
3175 5183 3485 5254 Gregorius,
3513 5174 3733 5245 nobilius

2167 5257 2276 5295 rem
2302 5243 2550 5309 appellat.
2586 5246 2803 5299 \‘etercs
2827 5248 3006 5310 icopes
3037 5243 3578 5313 sancttunvl'aulu'ma
3606 5243 3731 5315 det-

2168 5316 2549 5393 tris_sauctum_
2581 5314 2794 5393 Petrum
2847 5333 2874 5368 a
2929 5317 3167 5376 sinistris
3224 5314 3731 5393 reprwseutantnDe

2165 5383 2325 5435 modo
2344 5385 2773 5458 acctttttbetnliad
2803 5402 3039 5455 mensam
3065 5394 3212 5458 plura
3238 5383 3400 5449 habet
3422 5383 3731 5456 Latttltecibs

2166 5461 2309 5505 tonio
2342 5452 2403 5505 IV
2438 5455 2781 5533 Bibliotheca;
2812 5452 3110 5527 'tjatsarcz'e,
3171 5466 3531 5522 additamenta
3560 5452 3727 5533 εξ

2165 5531 2373 5599 veteres
2402 5538 2462 5576 ca
2492 5525 2567 5599 de
2592 5526 2916 5599 te__pictuttc
2956 5525 3429 5599 repraesentantur.
3467 5525 3729 5597 Vitle'Sir-Q

2162 5594 2523 5676 liltitttli'lltltas
2557 5596 2607 5647 iu
2641 5594 2730 5676 lib.
2761 5611 2775 5649 ι
2830 5594 3151 5676 Apolliuatis
3198 5606 3404 5660 Sidonii
3430 5594 3589 5676 epist.
3618 5594 3727 5665 ἔοι

2160 5664 2291 5738 duas
2314 5662 2553 5717 eiusdem
2584 5680 2642 5719 ca
2681 5666 2746 5720 dc
2787 5682 2843 5720 t‘c
2883 5662 3145 5738 ὐλυὶδῑυιάε
3176 5685 3317 5730 tomo
3354 5678 3390 5730 ν
3442 5662 3589 5735 limiti

2164 5734 2321 5787 tionis
