4072 6346
311 423 411 480 777

1130 410 1641 476 MIRACULORUM
1680 414 1813 473 LIB.
1854 414 1898 471 I.
1940 406 2032 471 DE
2070 413 2323 473 GLORIA
2362 384 2766 473 MARTYRIJM.

3483 417 3589 474 778
3625 358 3640 382 ι

310 534 468 603 meis,
493 544 840 592 exerceamus
873 530 1033 588 hodie
1062 530 1383 587 cachinnum
1406 528 1473 585 de
1498 530 1599 587 hoc
1631 529 1898 587 Romano-
1921 530 1978 593 Δ
2002 530 2143 586 mico
2179 530 2466 587 insidiante
2508 540 2803 601 tepescere.
2832 527 3074 586 Diluculo
3113 541 3289 588 autem
3336 532 3591 607 surgens,

312 641 434 683 rum
464 625 809 697 presbytero,
839 632 897 680 ut
927 621 1131 679 scilicet
1179 623 1425 693 apposito
1460 621 1684 689 ferculo,
1720 632 1777 679 tu
1800 636 1897 680 ce-

311 720 480 777 Ierius
506 721 721 791 signare
759 718 1017 785 festines;
1047 732 1275 789 cumque
1306 717 1395 773 ille
1418 732 1635 772 manum
1664 732 1770 773 non
1798 702 1898 787 p04

312 815 514 881 suerit,
547 813 641 869 illo
698 812 944 869 tristante
1007 826 1105 867 nos
1156 827 1278 867 cum
1325 810 1513 866 laetitia
1554 810 1900 867 comedemus

312 905 629 963 cibum.Cui
659 905 748 961 ille
777 922 791 959 :
825 904 1063 974 Faciam,
1103 904 1295 973 inquit,
1331 903 1473 974 quod
1500 903 1760 974 praecipis.
1801 902 1901 958 De-

312 999 475 1071 nique
506 997 751 1055 veniente
798 998 946 1055 disco
974 1013 1097 1053 cum
1146 997 1398 1063 oleribus,
1431 995 1662 1068 signavit
1693 995 1901 1050 lucreti-

313 1106 432 1159 cus,
465 1092 747 1162 posuitque
790 1090 1000 1161 primus
1031 1104 1249 1145 manum
1277 1103 1451 1143 suam.
1488 1087 1643 1155 Quod
1670 1100 1900 1143 cernens

314 1183 531 1250 mulier,
558 1183 673 1238 ait:
704 1182 783 1240 Ne
814 1183 1037 1251 feceris,
1064 1182 1205 1253 .quia
1253 1182 1455 1251 ingrate
1479 1178 1595 1235 fero
1644 1178 1899 1249 injuriam

313 1275 633 1333 sacerdotis.
667 1275 733 1331 Et
762 1275 1001 1332 exhibito
1031 1274 1136 1331 alio
1177 1273 1299 1330 cibo
1327 1273 1559 1343 sumpsit
1580 1272 1896 1327 catholicus.

314 1370 373 1427 In
398 1370 633 1427 secundo
658 1384 789 1427 vero
816 1378 872 1426 et
903 1370 1060 1426 tertio
1099 1368 1302 1423 ferculo
1357 1366 1602 1421 similiter
1634 1364 1761 1421 fecit
1783 1365 1899 1419 ha:-

317 1464 537 1521 reticus.
582 1465 788 1533 Quarto
840 1472 1018 1519 autem
1070 1460 1331 1529 exhibito,
1360 1458 1512 1530 cujus
1558 1459 1613 1514 in
1666 1456 1900 1515 medium

310 1565 526 1629 sartago
555 1557 770 1613 fervens
825 1556 1139 1621 advenerat,
1172 1554 1223 1609 in
1274 1567 1376 1624 qua
1426 1552 1758 1622 compositus
1782 1560 1901 1607 erat

312 1650 463 1705 cibus
484 1648 597 1717 ille,
616 1649 707 1720 qui
724 1664 792 1705 ex
819 1648 1027 1705 collisis
1049 1647 1165 1704 ovis
1192 1660 1477 1718 parumper
1506 1645 1673 1700 mixta
1702 1642 1897 1709 farina,

310 1739 647 1812 dactylorum
676 1740 920 1811 partibus
949 1739 1320 1809 olivarumque
1373 1736 1793 1794 rotunditatibus
1813 1750 1899 1791 as-

310 1834 447 1888 solet
475 1835 726 1889 exornari
759 1876 776 1901 ,
809 1832 1068 1889 festinans
1098 1830 1407 1897 hmreticus,
1450 1830 1761 1899 priusquam
1787 1826 1898 1882 fer-

2001 621 2278 679 hracbium
2329 622 2563 677 infundit
2606 623 2749 689 oleo,
2793 632 3065 692 unguento
3108 629 3434 699 conspergit.
3479 627 3591 688 Sed

2005 725 2184 771 tamen
2212 714 2327 769 loca
2355 721 2541 769 sancta
2562 704 2807 782 circuit,
2838 724 2892 770 et
2921 714 3206 772 Dominum
3245 717 3589 788 deprecatur.

2002 807 2139 875 Quid
2171 807 2357 879 plura?
2386 809 2528 863 circa
2559 809 2746 864 horam
2774 809 2982 865 tertiam
3016 809 3069 864 in
3102 811 3216 866 foro
3238 814 3589 873 conveniunt.

2001 899 2282 957 Concurrit
2306 900 2532 971 populus
2558 900 2625 954 ad
2655 901 3039 970 spectaculum.
3068 903 3398 962 Accenditur
3426 907 3586 978 ignis,

2002 1010 2184 1052 aeneus
2223 993 2623 1065 superponitur,
2658 993 2828 1051 fervet
2855 996 3032 1062 valde,
3061 999 3292 1053 annulus
3340 999 3393 1054 in
3442 1001 3590 1059 unda

2002 1085 2229 1143 ferventi
2260 1084 2557 1154 projicitur.
2591 1083 2785 1139 Invitat
2826 1086 3055 1155 primum
3082 1086 3343 1144 diaconus
3372 1089 3589 1147 haereti-

2002 1194 2156 1243 cum,
2185 1186 2244 1235 ut
2272 1178 2389 1247 ipse
2418 1193 2540 1233 cum
2570 1193 2603 1232 a
2629 1176 2806 1233 calore
2832 1179 3058 1234 auferat.
3084 1178 3193 1237 Sed
3224 1182 3403 1237 statim
3436 1199 3592 1239 recu-

2002 1269 2174 1336 savit,
2202 1269 2385 1325 dicens
2411 1287 2423 1322 :
2452 1268 2554 1338 Qui
2584 1268 2721 1325 hanc
2751 1271 3072 1326 sententiam
3104 1274 3398 1341 protulisti,
3423 1275 3591 1332 debes

2003 1362 2237 1419 auferre.
2267 1362 2530 1418 Diaconus
2555 1376 2685 1418 vero
2709 1361 2835 1419 licet
2866 1362 3122 1433 trepidus,
3152 1373 3329 1423 tamen
3354 1366 3592 1423 denudat

2003 1456 2303 1512 brachium.
2318 1456 2559 1525 Cumque
2577 1456 2751 1525 ipsum
2769 1457 2989 1513 vidisset
3004 1460 3289 1527 unguentis
3305 1459 3589 1517 haereticus

2004 1549 2284 1621 presbyter
2328 1548 2662 1617 delibutum,
2711 1550 3043 1606 exclamavit
3092 1550 3321 1607 dicens:
3368 1552 3593 1623 Magicis

2003 1642 2206 1697 artibus
2236 1650 2286 1698 te
2330 1641 2621 1697 clitantium
2656 1625 2895 1712 'putasti,
2940 1652 3000 1699 ut
3027 1642 3146 1700 haec
3182 1655 3453 1714 unguenta
3483 1646 3589 1701 dif-

2002 1732 2278 1800 funderes,
2305 1747 2405 1789 nec
2429 1734 2683 1790 valebunt
2710 1736 2813 1790 ista
2836 1750 2955 1806 qua:
2982 1737 3115 1807 agis.
3141 1738 3237 1794 His
3268 1746 3341 1793 ita
3382 1738 3595 1810 litigan-

2002 1823 2169 1891 tibus,
2194 1827 2502 1895 supervenit
2529 1825 2785 1883 diaconus
2815 1827 2881 1883 ab
2919 1829 3050 1886 urbe
3078 1829 3333 1887 Ravenna
3354 1872 3370 1899 ,
3408 1831 3593 1887 Jacin—

311 1924 490 1979 culum
516 1926 645 1981 illud
667 1926 751 1981 vel
775 1938 1017 1982 mensam
1050 1930 1317 1993 tangeret,
1344 1921 1557 1978 elevata
1586 1921 1643 1976 in
1684 1919 1897 1976 obviam
1930 1922 1979 1982 B
2006 1930 2126 1977 ctus
2149 1920 2317 1992 814
2358 1920 2599 1987 nomine,
2632 1920 3015 1992 sciscitansque
3043 1938 3164 1993 quae
3194 1934 3338 1999 esset
3369 1924 3486 1982 haec
3516 1927 3597 1981 al-

312 2030 493 2085 manu,
525 2018 721 2088 signat,
743 2015 1034 2088 statimque
1058 2014 1293 2087 positum
1318 2013 1681 2071 cochlearium
1712 2012 1894 2079 sumit,

312 2125 419 2177 non
446 2110 748 2182 intelligens
776 2126 845 2166 an
874 2111 1098 2177 caleret,
1125 2109 1529 2178 ferventemque
1578 2104 1758 2161 cibum
1798 2120 1896 2160 ve-

312 2200 503 2258 lociter
531 2202 819 2272 inglutivit.
840 2202 1109 2268 Protinus,
1141 2214 1373 2257 accenso
1396 2207 1636 2270 pectore,
1664 2206 1898 2253 aestuare

310 2296 494 2366 ccepit,
518 2299 824 2368 amissoque
844 2312 965 2352 cum
994 2279 1226 2367 suspirio
1248 2295 1511 2350 immenso
1529 2294 1733 2350 ventris
1762 2299 1899 2349 stre-

310 2386 446 2457 pitu,
482 2403 711 2459 nequam
763 2390 1008 2460 spiritum
1064 2387 1334 2443 exhalavit
1392 2403 1407 2441 :
1465 2386 1781 2465 ab_latusque
1831 2384 1901 2439 de

311 2480 576 2549 convivio,
603 2481 807 2537 locatus
835 2481 891 2537 in
944 2479 1185 2547 tumulo,
1243 2487 1401 2534 terrm
1446 2477 1579 2548 ιΑι.,
1642 2473 1896 2546 terrente]

310 2573 471 2630 molis
518 2577 770 2646 congerie
796 2584 880 2631 est
905 2585 1146 2645 opertus.
1180 2572 1333 2628 Tunc
1371 2571 1649 2627 exsultans
1676 2570 1902 2641 presby-

314 2670 399 2720 ter
428 2673 627 2723 nostrte
653 2667 948 2737 religionis,
978 2667 1055 2720 ait
1079 2683 1093 2721 :
1117 2664 1257 2721 Vere
1298 2664 1444 2720 ultus
1496 2671 1579 2718 est
1609 2662 1752 2719 Deus
1780 2676 1899 2718 ser-

310 2770 413 2812 vos
432 2771 581 2813 suos.
611 2758 680 2812 Et
707 2770 1003 2814 conversus
1032 2757 1099 2812 ad
1146 2758 1323 2812 virum
1371 2756 1523 2825 cujus
1575 2756 1902 2811 eratconvi-

312 2848 479 2918 vium,
514 2851 655 2907 dixit
686 2870 700 2907 :
730 2851 901 2908 Periit
935 2850 1094 2922 hujus
1143 2851 1405 2907 memoria
1460 2864 1581 2906 cum
1612 2850 1812 2917 sonitu,
1847 2856 1901 2904 et

312 2941 572 2999 Dominus
628 2945 682 2999 in
730 2953 990 3001 mternum
1042 2953 1320 3015 permanet
1374 2940 1545 3015 (Psal.
1587 2958 1661 3010 ix,
1704 2941 1785 3011 7).
1818 2940 1900 2995 Tu

314 3047 446 3092 vero
484 3050 694 3107 appone
716 3038 861 3108 quod
908 3038 1210 3094 comedam.
1252 3036 1406 3093 Tunc
1454 3036 1617 3091 homo
1641 3035 1734 3090 ille
1772 3047 1898 3103 per-

317 3128 553 3196 territus,
584 3130 802 3200 expleto
857 3130 1129 3197 convivio,
1161 3130 1477 3200 provolutus
1508 3139 1591 3185 est
1619 3128 1685 3182 ad
1737 3128 1900 3198 pedes

318 3223 638 3294 presbyteri,
670 3238 1073 3295 conversusque
1104 3224 1171 3279 ad
1214 3224 1376 3279 fidem
1406 3222 1750 3287 catholicam,
1781 3237 1901 3278 cre-

2008 2003 2275 2079 tercatio,‘
2292 2018 2351 2066 ut
2396 2012 2681 2068 veritatem
2725 2013 3005 2083 cognovit,
3051 2028 3150 2069 nec
3198 2026 3456 2082 moratus,
3500 2031 3596 2072 ex-

1962 2115 2173 2175 ‘tracto
2216 2120 2247 2161 a
2284 2105 2619 2160 vestimentis
2666 2105 2909 2171 brachio,
2954 2106 3007 2161 in
3054 2122 3262 2164 aeneum
3311 2109 3594 2166 dexteram

2003 2200 2215 2269 mergit.
2248 2197 2493 2257 Annulus
2518 2198 2664 2254 enim
2693 2198 2785 2268 qui
2812 2199 3017 2268 ejectus
3045 2198 3248 2267 fuerat,
3290 2211 3409 2257 erat
3434 2202 3594 2259 valde

2003 2292 2141 2347 levis
2180 2305 2242 2346 ac
2293 2291 2563 2359 parvulus,
2612 2303 2711 2345 nec
2758 2291 2937 2347 minus
2982 2290 3256 2348 ferebatur
3299 2293 3367 2349 ab
3417 2294 3591 2364 unda,

2004 2400 2164 2457 quam
2212 2394 2375 2440 vento
2420 2384 2589 2453 possit
2634 2382 2761 2439 ferri
2790 2384 2875 2439 vel
2907 2384 3097 2455 palea:
3129 2402 3289 2457 quem
3332 2387 3422 2443 diu
3454 2388 3596 2444 mul-

2008 2487 2224 2550 tumque
2248 2478 2531 2549 quresitum
2551 2522 2565 2545 ,
2596 2479 2733 2534 infra
2756 2479 2914 2535 unius
2941 2479 3091 2535 horae
3113 2483 3342 2551 spatium
3368 2482 3594 2552 reperit.

2005 2571 2412 2628 Accendebatur
2442 2573 2648 2628 interea
2660 2572 3004 2629 vehementer
3018 2572 3269 2632 focusille
3297 2576 3398 2632 sub
3425 2576 3595 2647 dolio,

2005 2678 2111 2735 quo
2133 2663 2362 2719 validius
2385 2662 2599 2720 fervens
2622 2681 2729 2719 non
2753 2662 2911 2721 facile
2934 2668 3147 2737 assequi
3174 2668 3343 2737 possit
3363 2670 3598 2726 annulus

2005 2771 2037 2811 a
2070 2772 2230 2813 manu
2262 2758 2577 2827 quaerentis,
2604 2768 3011 2830 extractumque
3040 2760 3253 2815 tandem
3273 2801 3288 2827 ,
3322 2762 3454 2817 nihil
3483 2762 3599 2817 dia-

2006 2863 2173 2905 conus
2200 2850 2371 2905 sensit
2398 2852 2452 2905 in
2478 2865 2640 2907 carne
2665 2866 2761 2907 sua
2787 2869 2801 2907 :
2832 2857 2928 2907 sed
2957 2854 3131 2921 potius
3161 2861 3508 2924 protestatur,
3539 2858 3598 2913 in

2008 2940 2380 3012 imo'quidem
2424 2942 2674 3011 frigidum
2723 2957 2845 2998 esse
2895 2958 3140 3011 mneum,
3191 2946 3245 3000 in
3292 2946 3603 3007 summitate

2012 3048 2145 3089 vero
2171 3034 2405 3089 calorem
2437 3037 2635 3105 teporis
2661 3036 2857 3091 modici
2882 3038 3268 3093 continentem.
3298 3039 3453 3107 Quod
3479 3056 3600 3097 cer-

2007 3139 2141 3181 nens
2193 3126 2498 3194 haareticus,
2546 3128 2700 3184 valde
2745 3128 3022 3195 confusus,
3054 3131 3237 3201 injecit
3282 3133 3454 3189 audax
3482 3148 3599 3190 ma-

2008 3233 2137 3274 num
2168 3220 2222 3275 in
2244 3236 2417 3292 aeneo,
2441 3221 2626 3279 dicens
2651 3240 2664 3276 :
2695 3223 2974 3279 Praestabit
2999 3226 3132 3282 mihi
3164 3227 3280 3283 htec
3300 3228 3433 3287 fides
3455 3245 3603 3288 mea.

318 3316 452 3373 didit
477 3331 599 3373 cum
622 3317 783 3374 domo
807 3332 903 3374 sua
926 3359 941 3387 ,
973 3318 1061 3387 qui
1086 3318 1142 3373 in
1180 3316 1279 3373 hac
1309 3316 1473 3389 813
1504 3315 1724 3386 perfidia
1756 3324 1903 3370 tene-
1934 3314 1982 3380 Ο
2010 3313 2212 3384 Injecta
2250 3330 2442 3383 manu,
2479 3316 2724 3387 protinus
2751 3333 2922 3397 usque
2950 3318 3016 3373 ad
3045 3318 3161 3390 ipsa
3189 3320 3388 3377 ossium
3434 3323 3579 3379 inter

319 3407 510 3477 batur;
538 3418 594 3467 et
612 3411 971 3482 multiplicata
997 3418 1081 3468 est
1103 3410 1309 3479 lzetitia,
1344 3410 1484 3467 sicut
1528 3409 1676 3481 prius
1714 3408 1908 3465 mulier

322 3501 667 3576 flagitaverat.

867 3598 1095 3658 CAPUT
1133 3597 1369 3657 LXXXI.

394 3713 471 3772 De
508 3714 839 3772 altercatione
884 3714 1121 3770 catholici
1156 3712 1363 3785 diaconi
1390 3728 1507 3768 cum
1550 3712 1839 3785 presbytero

988 3784 1249 3841 haeretica.

393 3896 710 3953 Arianorum
738 3903 1022 3966 presbyter
1042 3910 1166 3952 cum
1192 3893 1420 3951 diacono
1463 3902 1665 3950 nostra:
1696 3894 1914 3964 religio—

322 3988 407 4045 nis
435 3987 841 4042 altercationem
869 3986 1131 4055 habebat,
1167 3986 1448 4056 proferens
1486 3996 1674 4041 contra
1702 3984 1795 4041 Dei
1826 3985 1916 4061 Fi-

322 4080 455 4136 lium
502 4094 568 4135 ac
614 4079 874 4151 Spiritum
914 4088 1197 4145 sanctum,
1229 4088 1287 4134 ut
1328 4092 1447 4133 mos
1492 4087 1576 4133 est
1612 4077 1756 4147 genti
1805 4077 1913 4142 illi,

322 4185 624 4230 venenosas
653 4171 1002 4228 assertiones.
1048 4169 1119 4225 At
1156 4169 1249 4225 ille
1294 4184 1417 4225 cum
1462 4169 1552 4224 diu
1584 4169 1918 4239 multumque

323 4264 578 4322 nonnulla
600 4264 667 4320 de
688 4263 814 4320 fidei
836 4272 1034 4320 nostra:
1073 4264 1286 4319 ratione
1314 4261 1691 4329 disseruisset,
1724 4272 1779 4317 et
1809 4262 1919 4317 bre-

324 4358 522 4414 reticus
549 4358 787 4428 perfidia:
825 4358 1130 4414 obcmcatus
1158 4356 1410 4428 caligine,
1447 4370 1566 4425 quae
1607 4366 1761 4412 erant
1788 4372 1919 4412 vera

324 4444 635 4519 respueret,
669 4450 819 4519 juxta
862 4450 1023 4517 illud,
1057 4450 1184 4520 quia
1228 4448 1297 4503 In
1345 4448 1646 4503 malevolam
1696 4449 1921 4503 animam

324 4560 428 4600 non
460 4545 687 4601 introibit
718 4546 991 4617 Sapientia
1036 4546 1192 4616 (Sap.
1219 4560 1267 4612 ι,
1297 4544 1354 4615 4)
1375 4584 1391 4612 ,
1434 4544 1660 4615 adjecit,
1691 4543 1875 4600 dicens
1903 4561 1916 4597 :

325 4635 466 4702 Quid
515 4636 688 4709 longis
735 4638 1246 4694 sermocinationum
1302 4636 1686 4692 intentionibus
1731 4635 1919 4707 fatiga-

2011 3405 2173 3461 nodia
2197 3406 2373 3462 omnis
2395 3421 2524 3464 caro
2553 3407 2838 3479 liquefacta
2868 3407 3118 3481 defluxit,
3141 3419 3196 3469 et
3223 3412 3302 3469 sic
3321 3412 3600 3472 altercatio

2012 3495 2177 3555 finem
2206 3496 2335 3556 fecit
2355 3507 2402 3553 η.

2547 3593 2775 3652 CAPUT
2813 3593 3071 3652 LXXXII.

2084 3709 2166 3765 De
2217 3710 2402 3767 clerico
2452 3727 2549 3782 pro
2604 3714 2922 3783 confessione
2975 3711 3251 3771 Dominica
3300 3724 3431 3773 ctua
3480 3717 3537 3770 in

2655 3783 2943 3853 Hispania.

2086 3894 2195 3952 Sed
2221 3903 2277 3952 ct
2298 3904 2485 3953 nostro
2510 3906 2773 3968 tempore,
2806 3913 2927 3953 cum
2959 3899 3307 3957 incredulitas
3335 3915 3398 3956 ac
3424 3901 3608 3971 iniqua

2018 3986 2345 4043 Arianorum
2367 3996 2513 4043 secta
2540 3989 2594 4044 in
2618 3989 2749 4044 locis
2776 3988 3045 4057 Hispania:
3073 4006 3169 4059 per
3196 3991 3459 4047 malorum
3489 4006 3609 4062 pes-

2019 4078 2185 4134 simas
2216 4081 2544 4137 assertiones
2573 4080 2923 4136 disseminata
2954 4082 3176 4152 fuisset,
3204 4085 3421 4155 quidam
3450 4086 3611 4143 cleri-

2020 4185 2116 4227 cus
2145 4171 2539 4241 apprehensus,
2560 4170 2921 4227 Cltristianum
2953 4188 3012 4229 se
3041 4189 3162 4230 esse
3182 4177 3463 4233 confessus
3493 4189 3606 4245 est,

2021 4275 2269 4318 asserens
2298 4264 2561 4333 aequalem
2590 4262 2733 4319 Patri
2761 4263 2954 4320 Filium
2984 4275 3037 4321 et
3065 4266 3320 4335 Spiritum
3367 4279 3611 4325 sanctam

2024 4367 2165 4410 esse.
2215 4352 2314 4408 Cui
2365 4368 2461 4410 rex
2502 4353 2530 4391 ι)
2573 4355 2663 4425 qui
2714 4366 2980 4426 praeerat,
3034 4358 3229 4413 oblatis
3277 4363 3611 4431 muneribus,

2026 4452 2277 4515 tanquam
2327 4445 2588 4517 majorem
2633 4462 2693 4504 se
2735 4449 3049 4519 suppliciter
3096 4451 3507 4521 deprecabatur,
3556 4461 3615 4508 ut

2023 4541 2231 4597 scilicet
2259 4556 2569 4613 compressa
2612 4545 2952 4601 confessione
2979 4546 3049 4601 de
3095 4558 3297 4602 sanctae
3337 4547 3617 4603 Trinitatis

2025 4634 2634 4704 aequalitate,minorem
2652 4635 2809 4693 Patre
2826 4636 3017 4693 Filium
3049 4652 3168 4693 cum
3197 4648 3383 4693 sancto
3412 4640 3616 4708 Spiritu

326 4728 481 4785 mur?
509 4707 663 4785 factis
689 4729 768 4785 rei
798 4730 997 4785 veritas
1026 4729 1357 4801 approbetur
1380 4746 1395 4783 :
1422 4728 1779 4786 succendatur
1806 4728 1916 4799 igni
1943 4707 1995 4769 Ῑ)
2023 4724 2300 4782 fateretur.
2327 4726 2482 4794 Quod
2510 4727 2557 4783 si
2601 4729 2830 4797 faceret,
2859 4738 2916 4785 et
2958 4730 3303 4787 facultatibus
3333 4707 3617 4795 ditaretur,

326 4835 529 4887 ameus,
562 4833 617 4877 et
657 4822 711 4877 in
739 4820 971 4878 ferventi
1002 4838 1139 4892 aqua
1169 4823 1401 4878 annulus
1442 4822 1723 4893 cujusdam
1758 4822 1919 4893 proji~

326 4916 520 4971 ciatur.
546 4915 647 4982 Qui
676 4931 803 4971 vero
830 4931 953 4971 eum
976 4931 1042 4972 ex
1065 4916 1294 4972 ferventi
1318 4916 1459 4971 unda
1486 4915 1801 4983 sustulerit,
1827 4915 1919 4971 ille

325 5006 589 5078 justitiam
617 5009 876 5076 consequi
916 5008 1325 5077 comprobatur.
1351 5008 1470 5075 Quo
1496 5008 1661 5069 facto,
1694 5021 1819 5077 pars
1844 5007 1920 5062 di-

325 5111 485 5155 versa
513 5097 579 5151 ad
615 5096 974 5166 cognitionem
1006 5098 1166 5166 hujus
1190 5098 1415 5166 justitiar.
1440 5106 1803 5153 convertatur.
1834 5096 1921 5151 In-

330 5193 514 5262 tellige
554 5190 755 5260 itaque,
798 5198 854 5246 et
892 5198 948 5245 tu
992 5188 1265 5255 haeretice,
1307 5190 1352 5243 si
1406 5188 1522 5245 haec
1571 5204 1695 5259 pars
1722 5197 1923 5251 nostra

331 5283 532 5352 Spiritu
559 5289 747 5338 sancto
773 5280 1061 5351 adjuvante
1086 5279 1468 5349 compleverit,
1497 5280 1629 5335 nihil
1658 5281 1712 5335 in
1738 5288 1922 5336 sancta

336 5371 381 5428 Τ
385 5372 598 5429 rinitate
623 5372 920 5441 dissonum,
949 5370 1083 5428 nihil
1106 5384 1227 5427 esse
1247 5368 1508 5425 dissimile
1530 5369 1767 5427 fatearis.
1789 5370 1926 5427 Con-

333 5464 505 5521 sensit
551 5465 837 5523 haereticus
884 5464 1012 5520 huic
1061 5462 1409 5531 diffinltioni,
1460 5471 1517 5521 et
1566 5463 1697 5518 inito
1750 5478 1921 5534 usque

336 5570 497 5613 mane
543 5556 770 5627 placito,
826 5556 1230 5623 discesserunt;
1280 5554 1375 5611 sed
1427 5553 1551 5610 fidei
1604 5554 1781 5609 fervor
1828 5570 1922 5625 per

280 5693 289 5708 .
335 5664 496 5721 quem
526 5649 641 5706 haec
668 5652 897 5722 primum
929 5650 1187 5708 diaconus
1231 5648 1561 5721 protulerat,
1608 5648 1773 5720 cmpit
1815 5647 1925 5704 ini-

411 5829 439 5860 ιι
468 5818 603 5876 Vide
630 5826 783 5875 notas
811 5832 864 5871 in
889 5829 1007 5886 cap.
1036 5814 1103 5869 Η
1126 5816 1220 5872 lib.
1236 5816 1305 5873 de
1328 5816 1508 5874 Gloria
1532 5812 1687 5872 Conf.

2025 4828 2079 4874 et
2099 4834 2324 4891 magnus
2352 4820 2645 4879 haberetur
2668 4824 2723 4878 in
2753 4825 2983 4893 populis.
3007 4824 3161 4892 Quod
3186 4823 3277 4879 ille
3297 4823 3582 4879 consilium
3602 4828 3629 4888 ,'

2028 4921 2279 4982 tanquam
2327 4928 2569 4971 morsum
2620 4915 2816 4985 viperae
2862 4913 3097 4984 fugiens,
3144 4930 3208 4971 ac
3254 4915 3421 4985 iniqui
3472 4915 3620 4969 virus

2025 5004 2360 5059 mortiferum
2386 5020 2648 5075 respuens
2674 5008 2881 5077 anguis,
2913 5008 3110 5077 adjecit
3146 5022 3242 5061 rex
3268 5025 3281 5059 :
3317 5006 3504 5067 Video.
3536 5006 3621 5059 in-

2025 5095 2171 5165 quit,
2202 5095 2393 5151 duram
2440 5097 2791 5154 intentionem
2832 5099 3032 5155 mentis
3075 5099 3305 5165 insanae,
3350 5098 3445 5154 sed
3496 5098 3621 5153 novi

2028 5194 2512 5257 temperamentum
2543 5197 2723 5257 tuum,
2754 5199 2814 5246 ut
2841 5206 2998 5260 quem
3032 5206 3253 5247 munera
3298 5205 3407 5245 non
3453 5188 3622 5245 delle-

2026 5288 2207 5349 ctunt,
2254 5280 2411 5337 facile
2464 5291 2727 5341 tormenta
2775 5284 3081 5355 subjiciant.
3126 5284 3362 5340 Atille:
3406 5282 3620 5339 Utinam

2027 5371 2224 5444 dignus
2252 5371 2470 5441 habear,
2495 5373 2601 5444 ait,
2634 5377 2688 5431 in
2715 5376 2814 5431 hac
2837 5376 3070 5447 jugulari
3096 5374 3461 5440 confessione,
3491 5389 3620 5429 nam

2028 5476 2251 5523 munera
2290 5481 2375 5522 tua
2406 5476 2654 5538 tanquam
2684 5479 2893 5526 stercus
2920 5470 3209 5527 exhorreo.
3256 5468 3410 5525 Tunc
3452 5470 3621 5524 iratus

2028 5573 2156 5625 rex,
2204 5558 2365 5629 jussit
2408 5576 2534 5617 eum
2578 5562 2646 5618 ad
2695 5564 2961 5619 trochleas
3008 5563 3261 5633 extendi,
3309 5572 3366 5619 et
3409 5562 3622 5617 fortiter

2030 5650 2195 5722 815
2224 5650 2392 5722 caedi,
2438 5653 2814 5728 interrogans:
2846 5656 2987 5724 Quid
3029 5656 3245 5716 credis?
3273 5654 3575 5729 Respondit
3601 5670 3620 5711 .~

411 5888 440 5933 ι
470 5891 519 5950 ls
548 5888 679 5958 fuit,
710 5896 771 5945 ut
796 5902 939 5953 reor,
956 5880 1333 5959 'Leuvigildus,
1360 5887 1453 5964 qui
1496 5886 1928 5960 persecutionem
1962 5883 2023 5952 in
2048 5880 2354 5949 Catholicae
2375 5885 2564 5948 movit.

646 6005 925 6071 Panos.
969 6000 1183 6067 LXXI

3058 6002 3140 6079 25
