4072 6346
543 408 645 470 779

1545 391 1602 454 S.
1644 389 1964 452 GREGORII
2004 382 2311 445 EPISCOPI
2347 378 2772 440 TURONENSIS

3708 376 3770 393 ἰ

3717 377 3817 431 ἵὶί),

544 524 661 585 Jam
692 523 803 582 dixi
833 520 971 578 tibi:
1015 506 1187 575 Credo
1215 512 1383 571 Deum
1418 510 1632 567 Patrem
1659 507 2107 575 omnipotentem,
2136 496 2192 566 Α
2215 516 2330 557 rum
2374 515 2523 555 sacra
2556 499 2775 566 vesrigia
2822 493 3032 551 Domini
3074 491 3323 551 manibus
3368 501 3491 551 sunt
3533 492 3728 550 abluta
3763 503 3809 559 ε,

547 630 602 677 et
633 616 821 674 Filium
851 611 967 685 eius
991 610 1174 667 Jesum
1200 604 1494 662 Christum.
1540 599 1668 657 Post
1698 600 1817 654 haec
1842 610 2009 652 caesus
2038 602 2119 651 est

543 709 725 774 valde,
766 704 861 761 sed
904 716 1116 770 semper
1141 696 1369 754 durabat
1396 696 1449 751 in
1479 692 1838 754 confessione,
1881 702 1978 743 nec
2021 700 2121 742 un-

541 812 703 872 quam
729 808 851 853 eum
878 810 909 849 a
940 792 1061 848 fidei
1090 791 1231 847 linea
1258 785 1430 858 potuit
1451 784 1568 841 hmc
1589 790 1793 839 tortura
1814 779 2118 835 deﬂectere.

538 890 676 951 Nam
704 889 759 944 in
787 884 1079 958 primordio
1108 896 1230 939 cum
1260 878 1577 944 caederetur,
1609 881 1722 930 tres
1760 881 1964 928 tantum
2004 883 2123 923 ver-

541 984 731 1041 berum
768 981 904 1037 ictus
944 978 1152 1042 sensit,
1180 974 1269 1045 qui
1291 1014 1305 1039 ,
1338 980 1397 1028 ut
1439 972 1555 1041 ipse
1601 974 1785 1039 postea
1819 962 2117 1028 referebat,

541 1077 717 1148 ipsam
746 1072 978 1130 animam
1025 1072 1395 1141 penetrarunt.
1444 1061 1671 1131 Reliqua
1717 1070 1845 1114 vero
1886 1053 2121 1125 ﬂagella,

545 1176 794 1239 tanquam
821 1166 867 1221 si
895 1161 1106 1233 aliquod
1148 1158 1507 1215 velamentum
1539 1153 1703 1208 dorso
1733 1148 2123 1219 superpositum

543 1261 762 1324 fuisset,
788 1258 862 1313 ita
893 1270 1002 1310 non
1031 1251 1290 1313 sentiens,
1317 1245 1486 1317 magis
1513 1243 1671 1299 fidem
1699 1256 1857 1311 quam
1888 1242 2124 1307 coeperat

542 1356 685 1412 inter
723 1358 987 1409 tormenta
1020 1347 1223 1419 positus
1251 1339 1593 1415 prazdicabat.
1628 1337 1813 1404 itaque
1850 1347 1971 1389 cum
2010 1331 2122 1400 regi

542 1450 868 1508 satisfactum
908 1444 977 1500 de
1007 1442 1124 1513 ejus
1148 1438 1299 1496 crede
1328 1436 1549 1505 fuisset,
1592 1432 1842 1489 dimissus
1872 1437 1987 1495 est,
2027 1426 2124 1481 ob-

539 1542 774 1599 testante
797 1556 863 1596 eo
892 1554 959 1595 ne
986 1538 1041 1594 in
1072 1536 1317 1595 terminis
1344 1530 1614 1606 Hispaniae
1658 1541 1888 1598 unquam
1922 1522 2123 1579 inveni-

543 1642 711 1690 retur.
740 1632 808 1688 At
848 1630 938 1686 ille
974 1631 1129 1687 laetus
1154 1626 1464 1692 discedens,
1500 1624 1555 1679 in
1584 1620 1784 1679 Gallias
1808 1626 1891 1673 est
1916 1628 2123 1685 regres-

541 1736 636 1781 sus
676 1721 807 1796 [Al.,
835 1718 1125 1794 egressus].
1158 1719 1264 1779 Sed
1307 1728 1368 1777 ut
1406 1717 1540 1774 fides
1584 1714 1743 1771 dictis
1784 1710 2122 1776 adhibeatur,

541 1830 643 1889 ego
670 1816 942 1872 hominem
966 1815 1111 1882 vidi,
1140 1814 1232 1885 qui
1261 1813 1379 1871 hac
1400 1811 1469 1868 ab
1495 1808 1663 1881 ipsius
1686 1805 1867 1865 clerici
1907 1817 2002 1862 ore
2030 1817 2124 1857 au-

543 1909 652 1965 dita
681 1906 943 1964 narravit.

1058 2016 1287 2077 CAPUT
1323 2015 1612 2075 LXXXIII.

546 2133 623 2192 De
651 2134 877 2218 reliquiis
916 2132 1494 2218 νιανξιειηρφθτθείτιιξιξν
1524 2125 1694 2218 £93,“.
1719 2122 1948 2218 ἐξὲίέίεὲι
1984 2118 2123 2218 .‘1'1‘

613 2190 793 2273 rentii,
821 2190 1086 2259 Pancratii
1102 2190 1492 2273 ,_Chryst'tnthi,
1518 2194 1694 2253 Daria:
1718 2194 1950 2265 virginis,
1976 2190 2129 2246 Joan'

612 2278 693 2333 eis
717 2285 765 2331 et
779 2270 943 2329 Pauli
971 2275 1083 2343 ejus
1112 2270 1311 2343 fratris.

612 2391 715 2449 Per
739 2398 767 2429 ι
805 2389 945 2446 hanc
989 2388 1133 2443 enim
1163 2382 1556 2440 confessionem
1596 2386 1863 2450 martyres
1907 2373 2129 2446 gloriosi

564 2481 835 2538 neﬂabilia
887 2492 1101 2549 semper
1154 2475 1468 2541 salutarium
1527 2484 1809 2527 munerum
1865 2464 2125 2523 beneﬁcia

543 2579 881 2640 meruerunt,
903 2584 968 2626 ac
988 2567 1294 2641 petentibus
1311 2579 1375 2622 se
1396 2563 1499 2620 hoc
1522 2561 1887 2633 praestiterunt
1912 2557 2127 2623 virtute,

547 2664 690 2739 quod
732 2663 939 2722 eisdem
983 2676 1015 2719 a
1060 2660 1290 2718 Domino
1336 2655 1667 2729 impertitum
1710 2661 1795 2711 est
1838 2653 2126 2715 Creatore,

546 2758 689 2815 sicut
711 2754 867 2812 nobis
908 2768 1076 2825 nuper
1104 2765 1137 2807 a
1163 2750 1390 2807 diacono
1430 2756 1614 2805 nostro
1641 2747 1869 2803 relatum
1888 2784 1905 2813 ,
1939 2743 2010 2798 ita
2038 2757 2132 2812 ge-

549 2854 690 2905 stum
720 2860 840 2904 esse
868 2844 1237 2917 cognovimus.
1270 2839 1369 2899 Hic
1401 2847 1579 2896 autem
1608 2838 1862 2895 diaconus
1885 2833 1912 2874 ι’
1942 2849 1973 2889 a
1995 2846 2131 2904 papa

547 2939 697 2997 urbis
741 2938 997 2994 Romanis
1021 2935 1238 3007 Pelagio
1270 2932 1400 3006 (An.
1422 2928 1576 3001 590),
1606 2926 1958 3001 quorumdam
1989 2940 2131 3004 mar-

548 3038 727 3108 tyrum
747 3028 1222 3098 confessorumque
1241 3033 1515 3097 assumpta
1534 3024 1781 3096 pignora,
1800 3037 1923 3078 cum
1944 3016 2132 3090 grandi

554 3125 837 3199 psallentio
863 3122 950 3179 vel
979 3122 1301 3179 clericorum
1341 3117 1541 3187 ofﬁcio,
1573 3131 1637 3173 ac
1665 3115 1845 3187 populi
1881 3110 2131 3169 immensi

550 3218 831 3288 obsequio,
847 3228 1019 3285 usque
1040 3212 1110 3269 ad
1132 3220 1345 3284 portum
1367 3209 1629 3266 deductus
1650 3217 1751 3264 est.
1770 3206 1839 3261 Et
1860 3206 2133 3275 ingrersus

552 3321 777 3375 navem,
806 3304 1007 3362 erectis
1031 3301 1187 3369 velis,
1218 3315 1282 3357 ac
1310 3315 1403 3371 per
1428 3299 1577 3355 illum
1603 3306 1850 3353 antennas
1872 3310 1990 3366 quae
2020 3308 2135 3349 mo-

554 3396 738 3458 dulum
756 3394 931 3453 crucis
952 3400 1128 3466 gestat
1152 3399 1463 3463 apparatum
1485 3390 1740 3455 extensis,
1765 3389 1928 3443 ﬂante
1950 3397 2132 3455 vento,

554 3492 777 3563 pelagus
803 3488 969 3543 altum
994 3485 1278 3556 arripiunt.
1306 3484 1407 3554 Qui
1434 3482 1563 3539 dum
1593 3482 1876 3552 navigant,
1909 3488 1967 3534 ut
1996 3479 2135 3534 Mas-

558 3581 796 3639 siliensis
824 3579 972 3636 urbis
1001 3585 1213 3650 portum
1238 3579 1540 3647 attingant,
1568 3575 1997 3646 appropinquare
2025 3588 2138 3629 cm-

472 3723 479 3727 _
560 3682 751 3747 perunt
775 3673 845 3730 ad
888 3671 1067 3727 locum
1103 3668 1389 3741 quemdam
1410 3707 1426 3736 ,
1456 3668 1527 3725 de
1569 3682 1677 3737 quo
1703 3680 1733 3722 a
1764 3666 1943 3721 littore
1973 3666 2137 3719 maris

558 3768 799 3838 lapideus
847 3776 1002 3820 mons
1044 3773 1368 3832 exsurgens,
1412 3774 1478 3816 ac
1528 3758 1781 3830 paulatim
1838 3755 2130 3821 decedens,

553 3867 952 3919 summotenus
976 3856 1121 3913 unda
1148 3856 1206 3913 in
1232 3857 1369 3912 mari
1403 3853 1745 3910 distenditur.
1780 3852 2020 3921 Cumque
2046 3848 2139 3903 im-

559 3952 790 4022 pellente
812 3957 977 4006 vento
1013 3948 1198 4005 carina
1241 3959 1435 4017 magno
1461 3945 1629 4016 εις
1667 3944 1868 4013 impetu
1910 3941 2137 3997 ferretur

558 4042 612 4099 in
642 4054 903 4111 pmceps,
931 4047 991 4095 ut
1018 4039 1227 4096 scilicet
1254 4037 1477 4108 scopulo
1504 4036 1645 4092 illisa
1673 4040 2039 4107 quassaretur,
2075 4046 2137 4088 ac

558 4145 731 4194 nautas
775 4133 1065 4192 discrimen
1114 4132 1411 4196 intuentes,
1467 4126 1672 4185 exitum
1730 4125 2128 4192 vociferarent,

559 4228 839 4296 diaconus,
868 4224 1075 4283 elevata
1100 4236 1225 4279 cum
1264 4220 1467 4277 sanctis
1494 4219 1805 4291 pignoribus
1832 4231 2023 4288 capsa,
2057 4216 2139 4271 in-

560 4331 754 4374 vocare
816 4315 1034 4373 nomina
1078 4312 1410 4383 singulorum
1456 4324 1578 4367 cum
1644 4310 1847 4380 gemitu
1899 4318 1955 4365 et
2010 4323 2139 4365 voce

564 4406 799 4469 maxima
837 4403 1035 4474 cmpit,
1059 4401 1354 4473 deprecans
1392 4409 1454 4455 ut
1490 4414 1676 4456 eorum
1702 4402 1900 4457 virtute
1927 4399 1994 4453 ab
2038 4399 2141 4454 hoc

566 4496 808 4567 periculo
834 4495 1058 4568 perituri
1083 4495 1462 4552 liberarentur.
1488 4493 1823 4563 Jamjamque
1851 4493 2141 4562 appropin-

563 4593 762 4665 quabat
804 4590 975 4661 navis,
1006 4598 1067 4646 ut
1098 4588 1303 4661 praefati
1349 4601 1563 4653 sumus,
1610 4588 1679 4643 ad
1727 4586 2003 4657 scapulum
2035 4604 2048 4639 :
2087 4592 2141 4640 et

563 4685 745 4744 statim
770 4684 827 4740 in
848 4691 1153 4740 sanctarum
1178 4679 1627 4749 contemplatione
1664 4678 2008 4747 reliquiarum
2031 4719 2046 4744 ,
2075 4678 2143 4735 ab

566 4777 683 4847 ipso
727 4774 846 4832 loco
892 4781 1193 4831 commotus
1240 4785 1365 4828 cum
1409 4770 1663 4827 violentia
1711 4769 1902 4839 majori
1948 4779 2143 4827 ventus

568 4870 694 4927 huic
722 4875 883 4924 vento
906 4866 1207 4925 contrarius
1232 4865 1449 4922 ﬂuctum
1490 4865 1662 4935 elisit,
1705 4875 2029 4937 ventumque
2058 4868 2142 4923 di-

566 4976 780 5019 versum
806 4957 1034 5030 repulit,
1059 4971 1123 5016 ac
1151 4968 1286 5016 nave
1313 4958 1367 5015 in
1393 4958 1612 5030 pelagus
1640 4958 1959 5029 proiundum
1987 4975 2141 5016 revo-

568 5060 715 5119 cata,
757 5059 982 5109 cunctos
1024 5064 1057 5108 a
1106 5051 1297 5111 mortis
1338 5050 1574 5123 periculo
1618 5052 1902 5109 liberavit:
1933 5053 2138 5123 sicque,

569 5153 757 5215 gyrata
803 5142 945 5200 mole
984 5139 1238 5213 periculi,
1278 5151 1489 5213 portum
1532 5158 1690 5214 quem
1734 5144 2139 5209 desiderabant,

574 5248 696 5291 cum
740 5232 952 5291 Domini
987 5233 1353 5292 misericordia
1392 5248 1455 5291 ac
1497 5244 1802 5292 sanctorum
1847 5236 2144 5307 patrocinio

571 5328 929 5399 contigerunt.
967 5326 1137 5386 Erant
1174 5327 1319 5386 enim
1345 5326 1584 5399 reliquias
1626 5338 1930 5387 sanctorum
1950 5368 1969 5399 ,
2006 5343 2144 5400 quo-

578 5518 882 5644 ριξηῐῖξεθί
925 5517 1034 5576 hoc
1071 5527 1232 5591 eam
1273 5535 1398 5579 cum
1444 5519 1649 5578 duobus
1693 5521 2035 5593 sequentibus
2089 5522 2143 5581 in

646 5658 677 5738 ξ
708 5656 782 5738 De
810 5671 874 5714 eo
900 5654 994 5714 lib.
1018 5676 1051 5715 x
1076 5657 1215 5738 Hist.
1247 5676 1367 5732 cap.
1388 5656 1627 5738 .i._Unde
1648 5662 1965 5738 conﬁcimus
2007 5677 2145 5720 nanc

578 5728 922 5853 :giiguéaémm
972 5728 1372 5788 translationem
1400 5731 1467 5786 ad
1493 5746 1582 5787 an.
1606 5728 1880 5801 circ.'590
1908 5747 2029 5789 esse
2058 5748 2145 5791 re-

666 5816 672 5828 ·
712 5814 744 5852 ιι
875 5838 891 5853 .

655 5877 680 5909 α
711 5867 768 5923 id
792 5876 877 5926 cst
903 5868 1296 5939 apostolorum,
1320 5870 1511 5941 quibus
1536 5872 1699 5942 pedes
1726 5871 1967 5933 Christus
1992 5875 2141 5933 lavit.

2158 1875 2207 1937 B

2220 586 2339 647 eum
2370 591 2546 656 Pauli,
2578 589 2970 659 Laurentiique,
3005 598 3161 656 atque
3199 585 3491 651 Pancratii,
3523 583 3808 658 Chrysan-

2224 680 2337 749 tlti,
2371 682 2649 753 Dariteque
2671 680 2906 753 virginis,
2938 680 3177 744 Joannis,
3208 687 3367 749 atque
3399 679 3629 735 alterius
3661 679 3809 737 Pauli

2228 773 2411 831 fratris
2434 775 2549 845 ejus
2582 772 2628 840 ἀ,
2658 774 2916 844 reliquiis,
2944 787 3166 843 quorum
3189 771 3482 827 certamina
3503 785 3569 825 ac
3604 770 3811 841 palmas

2226 869 2573 923 victoriarum
2606 869 2715 938 ipsa
2748 876 2907 937 caput
2933 865 3079 922 orbis
3109 865 3238 921 urbs
3263 865 3431 922 Roma
3458 865 3664 923 devote
3686 878 3813 921 con-

2224 960 2480 1017 celebrat.

2729 1047 2957 1105 CAPUT
2994 1047 3281 1105 LXXXIV.

2494 1161 2567 1217 De
2594 1160 2817 1232 reliquiis
2845 1176 2968 1231 quas
2996 1169 3139 1229 pater
3168 1174 3308 1214 meus
3337 1156 3527 1214 habuit.

2294 1278 2431 1348 Quid
2459 1292 2585 1333 vero
2608 1285 2660 1332 et
2684 1275 2753 1332 de
2779 1273 2860 1328 bis
2884 1273 3123 1340 reliquiis
3146 1287 3277 1341 quas
3296 1271 3567 1343 quondam
3600 1268 3812 1340 genitor

2223 1386 2375 1429 meus
2412 1384 2589 1427 secum
2638 1367 2820 1422 habuit
2866 1365 3025 1421 fuerit
3063 1375 3304 1433 gestum,
3351 1363 3605 1418 edicam?
3647 1361 3808 1419 Tem-

2224 1480 2354 1536 pore
2379 1478 2485 1534 quo
2522 1461 2925 1518 Theudebertus
2949 1460 3309 1514 Arvernorum
3338 1456 3479 1512 ﬁlios
3507 1456 3561 1509 in
3600 1453 3815 1511 obsida-

2226 1567 2338 1614 tutn
2372 1556 2482 1612 tolli
2509 1554 2789 1624 praecepit,
2819 1561 2971 1621 pater
2994 1564 3148 1605 meus
3175 1563 3344 1616 nuper
3367 1548 3593 1617 junctus
3626 1545 3811 1613 conju-

2224 1649 2332 1719 gio,
2364 1646 2525 1703 voluit
2561 1660 2620 1701 se
2649 1652 2956 1701 sanctorum
3001 1640 3242 1710 reliquiis
3270 1637 3630 1703 communiri,
3674 1634 3809 1707 peti.

2226 1741 2405 1809 vitque
2435 1754 2464 1792 a
2497 1737 2725 1808 quodam
2775 1734 3053 1792 sacerdote
3082 1742 3137 1787 ut
3167 1732 3216 1787 ei
3256 1729 3455 1800 aliquid
3496 1729 3565 1785 de
3610 1728 3811 1784 eisdem

2232 1829 2559 1899 indulgeret,
2592 1841 2701 1898 quo
2742 1826 2948 1882 scilicet
2976 1824 3031 1879 in
3061 1823 3198 1878 viam
3231 1822 3571 1891 longinquam
3605 1820 3810 1883 abiens,

2234 1921 2325 1978 tali
2355 1919 2608 1991 praesidio
2638 1926 2920 1973 tutaretur.
2952 1916 3102 1981 Tunc
3146 1914 3382 1971 inclusos
3424 1913 3478 1969 in
3508 1913 3698 1981 lupino
3726 1927 3815 1965 au-

2230 2026 2327 2068 reo
2357 2024 2543 2067 sacros
2576 2009 2786 2067 cineres
2811 2009 2951 2066 circa
2972 2022 3094 2065 eum
3125 2006 3337 2077 posuit:
3369 2004 3462 2062 sed
3491 2004 3713 2074 ignarus
3738 2004 3815 2058 vir

2230 2104 2502 2161 nominum
2528 2109 2838 2169 beatorum,
2867 2102 3070 2158 reierro
3093 2110 3207 2157 erat
3243 2099 3455 2164 solitus,
3479 2112 3539 2155 se
3564 2113 3599 2153 a
3634 2097 3810 2152 multis

2230 2204 2355 2251 tunc
2384 2203 2597 2251 erutum
2626 2193 2900 2265 periculis,
2933 2207 3055 2248 nam
3098 2186 3155 2248 ei
3198 2191 3483 2248 violentias
3512 2190 3806 2255 latronum,

2231 2294 2285 2342 et
2313 2286 2551 2355 pericula
2578 2284 2888 2351 ﬂuminum,
2913 2282 3289 2353 improbitates
3315 2282 3735 2347 seditiosorum,
3761 2289 3812 2336 et

2231 2379 2464 2435 assultus
2491 2393 2748 2435 sensuum
2773 2388 2818 2446 θ,
2849 2378 3047 2447 saapius
3071 2391 3132 2435 se
3158 2378 3393 2434 evasisse
3423 2378 3614 2434 borum
3646 2378 3808 2433 virtu—

2231 2468 2373 2525 tibus
2404 2470 2715 2527 testabatur.
2737 2468 2874 2538 Quid
2901 2478 3078 2524 tamen
3099 2482 3199 2539 ego
3218 2467 3391 2524 dehis
3418 2468 3647 2525 viderim
3664 2510 3681 2535 ,
3706 2481 3810 2523 non

2233 2563 2425 2621 silebo.
2456 2563 2582 2620 Post
2624 2564 2883 2635 genitoris
2927 2564 3033 2619 mei
3076 2563 3312 2628 obitum,
3340 2570 3511 2619 mater
3549 2576 3667 2618 mea
3698 2560 3808 2616 haec

2232 2658 2394 2729 817
2426 2658 2644 2728 pignora
2673 2671 2833 2728 super
2862 2670 2923 2713 se
2969 2657 3217 2713 habebat.
3248 2656 3410 2726 igitur
3454 2664 3689 2726 segetum
3717 2654 3809 2709 ad.

2234 2759 2458 2807 venerat
2486 2751 2676 2816 sectio,
2711 2758 2766 2805 et
2790 2752 3097 2822 congregati
3128 2751 3184 2806 in
3227 2750 3367 2807 areis
3395 2749 3601 2819 frugum
3630 2748 3805 2807 acervi

2236 2843 2449 2900 fuerant
2475 2845 2676 2913 magni.
2708 2844 2763 2900 In
2803 2846 2912 2901 illis
2950 2854 3125 2901 autem
3166 2844 3376 2908 diebus,
3417 2857 3531 2900 cum
3572 2846 3679 2912 jam
3716 2855 3807 2898 se-

2236 2937 2383 2991 mina
2410 2935 2803 3005 triturarentur,
2842 2946 2898 2994 et
2934 2938 3071 2993 sicut
3118 2936 3351 2993 Lemano
3377 2934 3395 2974 ί
3424 2934 3668 2992 vestitum
3713 2948 3807 2990 sc-

2237 3028 2467 3099 getibus,
2495 3028 2691 3084 nudum
2734 3028 2957 3085 habetur
2986 3044 3015 3083 a
3048 3028 3218 3095 silvis,
3249 3026 3611 3084 intercedente
3650 3026 3805 3097 gelu,

2236 3134 2359 3181 cum
2387 3135 2489 3176 non
2514 3128 2659 3176 esset
2688 3120 2831 3175 unde
2872 3120 3007 3189 ignis
3036 3119 3439 3185 accenderetur,
3468 3119 3537 3173 ab
3565 3117 3693 3187 ipsis
3721 3130 3809 3185 pa-

2162 3250 2211 3315 C
2241 3214 2338 3270 leis
2367 3213 2514 3269 focos
2552 3214 2650 3269 sibi
2678 3212 3036 3268 adhibuerant
3068 3226 3401 3268 excussores.
3433 3210 3638 3267 interea
3666 3223 3806 3266 rece-

2239 3308 2371 3363 dunt
2407 3321 2590 3362 omnes
2618 3306 2684 3360 ad
2731 3304 3049 3375 capiendum
3080 3305 3278 3359 cibum.
3311 3304 3377 3359 Et
3414 3317 3541 3360 ecce
3570 3303 3708 3359 inter
3735 3304 3809 3357 in-

2238 3407 2511 3453 crementa
2536 3414 2649 3465 sua,
2675 3398 2837 3464 coepit
2866 3412 2957 3465 per
2980 3397 3161 3466 paleas
3183 3395 3436 3465 paulatim
3463 3396 3599 3465 ignis
3617 3394 3807 3466 spargi.

2239 3490 2348 3546 Nec
2393 3504 2568 3556 mora,
2599 3489 2764 3543 ﬂante
2808 3487 2963 3555 Noto,
3004 3490 3179 3544 acervi
3207 3488 3275 3543 ab
3303 3488 3425 3559 igne
3470 3489 3811 3559 comprehen-

2240 3582 2472 3636 duntur:
2508 3581 2563 3635 fit
2610 3595 2860 3651 magnum
2913 3580 3244 3648 incendium,
3278 3581 3574 3651 insequitur
3617 3580 3812 3635 clamor

2241 3674 2473 3729 virorum
2492 3712 2507 3739 ,
2531 3672 2893 3743 strepitusque
2918 3673 3202 3729 mulierum
3222 3714 3235 3738 ,
3265 3672 3493 3726 ululatus
3516 3670 3807 3726 infantium.

2242 3765 2365 3820 llaec
2396 3774 2573 3820 autem
2607 3765 2904 3835 agebantur
2935 3765 2987 3819 in
3014 3778 3141 3833 agro
3168 3772 3371 3820 nostro.
3402 3762 3553 3832 Quod
3585 3763 3812 3818 sentiens

2240 3864 2410 3911 mater
2430 3870 2569 3922 mea,
2595 3870 2713 3923 qum
2737 3855 2849 3910 itaac
2877 3855 3096 3926 pignora
3118 3855 3257 3912 collo
3280 3869 3512 3925 appensa
3540 3855 3807 3925 gestabat,

2240 3947 2443 4003 exsillit
2489 3946 2554 4001 de
2600 3945 2876 4011 convivio,
2919 3948 3248 4018 elevatisque
3292 3947 3461 4003 sacris
3511 3948 3813 4018 pignoribus

2242 4050 2428 4098 contra
2458 4040 2657 4110 ignium
2686 4041 2891 4111 globos,
2925 4042 2996 4096 ita
3025 4056 3181 4097 cunne
3209 4041 3370 4096 cessit
3411 4040 3716 4097 incendium
3753 4039 3813 4095 de

2242 4142 2538 4197 momento,
2570 4141 2625 4187 ut
2675 4133 2760 4187 vix
2809 4133 2949 4189 inter
2988 4134 3155 4190 moles
3216 4143 3517 4190 exustarum
3552 4135 3813 4208 palearum

2243 4226 2329 4281 vel
2356 4226 2561 4281 semina
2593 4225 2731 4297 ignis
2759 4226 3123 4282 invenirentur
3154 4245 3165 4280 :
3199 4226 3329 4283 niltil
3361 4236 3537 4284 tamen
3581 4229 3815 4299 frugibus

2244 4332 2376 4389 quas
2402 4315 2831 4386 apprehenderat
2859 4332 3078 4374 nocens.
3112 4317 3239 4373 Post
3277 4320 3471 4374 multos
3495 4333 3622 4375 vero
3649 4332 3813 4375 annos

2246 4409 2343 4463 has
2383 4407 2634 4477 reliquias
2664 4422 2692 4461 a
2732 4409 2984 4478 genitrice
3031 4411 3239 4478 suscepi
3278 4429 3290 4466 :
3332 4425 3558 4482 cumque
3607 4411 3711 4467 iter
3754 4410 3815 4467 de

2244 4501 2547 4572 Burgundia
2577 4501 2643 4557 ad
2669 4503 2965 4558 Arvernum
2997 4516 3294 4573 ageremus,
3320 4506 3491 4559 oritur
3511 4513 3697 4559 contra
3726 4518 3815 4560 nos

2173 4636 2226 4700 υ
2252 4607 2439 4662 magna
2470 4602 2793 4663 tempestas:
2827 4594 3092 4667 coepitque
3119 4596 3321 4653 crebris
3368 4598 3577 4666 ignibus
3622 4600 3816 4655 micare

2248 4684 2443 4740 coelum
2462 4726 2477 4751 ,
2507 4684 2797 4755 validisque
2826 4685 3176 4742 tonitruorum
3204 4686 3501 4760 fragoribus
3534 4704 3810 4747 resonare.

2248 4776 2395 4832 Tunc
2423 4776 2673 4833 extractis
2702 4790 2731 4831 a
2757 4778 2875 4833 sinu
2906 4776 3072 4833 beatis
3112 4780 3371 4847 reliquiis,
3404 4795 3622 4837 manum
3666 4782 3814 4838 elevo

2248 4880 2435 4925 contra
2482 4868 2677 4924 nubem
2723 4882 2842 4940 qua:
2884 4868 3125 4938 protinus
3168 4869 3337 4925 divisa
3380 4871 3431 4925 in
3472 4871 3605 4925 duas
3645 4880 3814 4941 partes

2249 4960 2433 5016 dextra
2476 4960 2711 5030 laevaque
2744 4960 3079 5030 prmteriens,
3113 4975 3285 5031 neque
3318 4960 3493 5029 nobis,
3526 4976 3700 5030 neque
3730 4957 3814 5016 ulli

2249 5052 2500 5123 deinceps
2542 5051 2741 5107 nocuit.
2782 5051 2849 5107 At
2896 5065 3013 5121 ego,
3059 5060 3119 5106 ut
3155 5052 3405 5120 juvenilis
3447 5051 3625 5107 fervor
3661 5062 3813 5122 agere
3898 5088 3901 5091 ν

2250 5144 2413 5210 solet,
2442 5159 2593 5199 vanae
2620 5143 2806 5214 gloriae
2836 5142 3004 5197 inﬂari
3032 5142 3314 5212 supercilio
3343 5144 3478 5213 coepi
3498 5184 3515 5210 ,
3546 5151 3600 5198 et
3631 5142 3815 5199 tacitus

2249 5235 2504 5308 cogitare,
2536 5251 2642 5292 non
2682 5236 2784 5292 hoc
2824 5243 3024 5291 tantum
3070 5243 3375 5291 sanctorum
3404 5235 3628 5302 meritis,
3658 5248 3810 5306 quam

2249 5330 2379 5386 mihi
2409 5329 2622 5401 proprie
2650 5326 2815 5387 fuisse
2841 5341 3187 5395 concessum,
3222 5336 3382 5399 atque
3410 5326 3478 5383 ad
3516 5327 3691 5385 socios
3732 5325 3812 5381 iti-

2316 5528 2344 5569 ἀ
2382 5530 2424 5587 ii
2467 5540 2593 5588 sunt
2636 5529 2875 5601 celebres
2925 5530 3117 5587 fratres
3161 5531 3459 5601 germani;
3492 5528 3810 5601 Constantia:

2247 5602 2478 5727 eunpchi
2500 5641 2516 5671 ,
2546 5602 2634 5673 qui
2662 5602 2765 5657 sub
2793 5600 3004 5657 Juliano
3038 5598 3291 5672 Apostata
3338 5601 3521 5657 Roma:
3554 5601 3694 5672 passi
3739 5598 3810 5653 di~

2247 5688 2348 5727 cun
2374 5688 2457 5727 ur.

2244 5688 2308 5730 cu
2316 5688 2457 5728 ntur.

2321 5752 2347 5813 ξ
2377 5743 2533 5799 Colb.
2554 5742 2619 5807 2,
2648 5744 2872 5797 assultus
2896 5758 3141 5813 emuniit,
3169 5757 3237 5797 an
3270 5741 3554 5813 legendum
3579 5735 3809 5813 casiam!

2326 5812 2347 5854 ί
2365 5814 2468 5871 Alii
2486 5814 2721 5886 codices,
2746 5813 3039 5883 Lsmmane,
3062 5810 3119 5870 id
3139 5823 3221 5871 est
3241 5810 3479 5871 Limania
3504 5810 3807 5870 Arvernics.
