4072 6346
298 494 303 497 κ
324 416 430 474 735

1956 305 1976 315 δ
2058 305 2087 319 ’.ρ
2146 306 2211 326 εει.)
2272 302 2275 303 ⁷
2302 302 2309 303 “

1153 396 1656 461 MIRACULORUM
1693 396 1822 455 LIB.
1868 394 1899 450 Ι.
1951 392 2042 451 DE
2085 392 2341 453 GLORIA
2378 392 2790 452 MARTYRUM.

3502 343 3608 449 7S6

326 534 501 610 pretio
521 528 848 601 reliquisset,
879 523 1178 582 revelatum
1209 532 1292 580 est
1321 521 1533 585 abbati,
1584 529 1638 574 ιιι
1666 532 1759 576 eas
1786 518 1905 576 loco
1929 512 1985 574 Δ
2008 515 2159 610 ribus
2182 522 2262 570 est
2290 514 2506 610 ellracta
2530 515 2653 610 (Au.
2677 514 2809 578 5M,
2846 511 2871 567 1
2898 510 3085 584 Aug).
3112 509 3377 610 Δῐῐῖίιὶσθιοο
3401 518 3607 583 martyr

328 609 472 685 unde
492 624 710 681 dimota:
742 620 875 695 [Al.,
907 615 1160 688 demptzc]
1192 615 1403 671 fuerant
1431 621 1780 669 restauraret.
1826 609 1915 666 Ni-

328 716 624 775 hilominus
672 721 727 769 et
770 709 1241 780 arcltipresbytero
1272 708 1397 763 huic
1425 704 1750 762 monasterio
1794 714 1919 772 pro-

302 785 529 882 Ipiaquo
552 821 646 878 per
674 805 848 862 visum
893 801 1292 865 manifestatum
1323 808 1425 863 est,
1457 814 1524 854 ne
1552 796 1762 868 penitus
1802 808 1919 849 mo-

330 916 419 961 ras
449 902 746 958 innecteret
774 898 841 954 ad
878 896 1290 953 restituendum.
1336 893 1481 963 Quas
1522 899 1768 960 acceptas
1794 902 1918 944 cum

331 992 621 1068 psallendo
660 992 917 1057 deferret,
975 989 1137 1044 homo
1166 986 1381 1059 quidam
1439 1000 1527 1056 qui
1576 998 1672 1055 per
1717 996 1917 1037 annum

332 1089 600 1157 integrum
633 1097 926 1156 oppressus
955 1081 1102 1153 gravi
1134 1078 1449 1150 aegritudine
1477 1076 1795 1136 decubabat,
1840 1074 1922 1129 itt-

336 1184 419 1235 ter
439 1191 659 1232 suorum
682 1174 994 1245 deportatus
1023 1184 1212 1227 manus
1234 1210 1249 1237 ,
1295 1179 1354 1226 ut
1386 1168 1561 1224 velum
1592 1180 1698 1239 quo
1723 1173 1924 1222 sancta:

336 1274 653 1347 tegebantur
679 1272 871 1328 favillae
901 1271 1032 1344 [Αι.,
1066 1266 1327 1340 reliquiae]
1356 1267 1586 1322 adorans
1613 1262 1928 1334 suppliciter

336 1367 606 1424 osculatus
635 1372 753 1433 est,
799 1377 932 1420 mox
982 1373 1291 1432 compressa
1320 1358 1635 1414 inﬁrmitate
1680 1363 1924 1424 sanatus,

338 1457 606 1529 exsequiis
635 1455 1036 1530 martyrialibus
1063 1463 1088 1492 α
1116 1468 1240 1511 cum
1270 1453 1492 1525 reliquis
1506 1461 1592 1510 est
1614 1459 1851 1511 secutus.

939 1570 1166 1628 CAPUT
1194 1567 1332 1625 XCI.

872 1685 947 1741 De
966 1694 1143 1741 sancta
1171 1683 1405 1739 Eulalia.

414 1802 616 1859 Eulalia
662 1801 900 1874 gloriosa
953 1801 1095 1872 apud
1137 1801 1430 1858 Emeritam
1478 1799 1669 1858 urbem
1718 1772 1930 1872 passab

2022 607 2077 662 in
2107 606 2357 664 Gerunda
2386 607 2653 677 Hispaniae
2704 617 2889 675 passus
2915 613 2998 659 eet
3048 604 3198 659 urbe.
3221 604 3332 661 Fur
3349 618 3479 661 vero
3508 618 3608 675 ap-

2023 698 2305 768 prehensis
2336 697 2509 767 palliis
2532 698 2753 765 sericis,
2785 697 2944 752 textis
2987 711 3118 752 auro
3141 739 3157 766 ,
3208 697 3610 767 monilibusque
3661 709 3666 713 '

2024 789 2331 857 exornatis,
2372 803 2492 845 cum
2540 789 2764 859 reliquis
2792 789 3120 845 ornamentis
3159 786 3441 844 abscessit.
3490 788 3609 857 Quo

2023 889 2206 947 eunte,
2244 880 2585 949 conjbngitur
2641 880 2692 935 ei
2751 880 2913 935 homo
2964 879 3218 949 ignotus,
3271 878 3612 950 interrogans

2025 987 2132 1044 quo
2161 981 2427 1044 pergeret.
2478 971 2578 1027 Cui
2609 972 2700 1027 ille
2745 971 3022 1044 respondit
3078 991 3089 1025 :
3138 972 3196 1027 Si
3225 986 3405 1028 sermo
3460 983 3617 1027 meus

2026 1065 2365 1120 occuleretur
2397 1072 2570 1120 tecum
2597 1107 2612 1128 ,
2673 1066 3013 1120 ostenderem
3043 1062 3136 1119 tibi
3164 1064 3474 1119 thesaurum
3501 1077 3621 1117 ma-

2026 1171 2210 1227 gnum.
2262 1156 2326 1210 Et
2354 1155 2487 1211 ilte~:
2520 1154 2755 1210 Ostende
2780 1196 2794 1222 ,
2827 1156 2900 1209 ait
2928 1198 2943 1224 ,
2991 1169 3109 1226 qua:
3136 1154 3399 1221 volueris,
3432 1153 3559 1209 totis
3583 1167 3619 1208 a

2028 1264 2118 1306 me
2155 1250 2436 1319 obtegctur
2463 1247 2687 1304 viribus.
2737 1248 2807 1302 At
2856 1246 2947 1303 ille
2999 1248 3235 1304 ostendit
3283 1248 3334 1304 ei
3408 1245 3619 1317 species

2029 1343 2173 1413 illas,
2204 1345 2389 1401 dicens
2422 1364 2434 1398 :
2475 1344 2531 1401 Si
2572 1344 2627 1400 in
2657 1343 2778 1400 aliis
2807 1343 2923 1400 haec
2950 1344 3263 1415 regionibus
3307 1342 3621 1399 venundan-

2032 1443 2140 1502 tur,
2161 1437 2374 1509 utrique
2392 1445 2636 1492 nostrum
2657 1436 2864 1492 lucrum
2881 1435 3111 1491 inl‘erent
3132 1435 3376 1490 multum.
3399 1432 3467 1489 Et
3489 1432 3579 1488 ille
3604 1447 3623 1486 :

2032 1529 2146 1600 Ego
2172 1544 2311 1597 sum,
2344 1529 2538 1601 inquit,
2589 1530 2752 1586 homo
2774 1571 2788 1597 ,
2836 1530 2921 1584 cui
2953 1529 3006 1585 in
3050 1528 3277 1586 diversis
3314 1526 3624 1597 regionibus

2032 1620 2186 1677 multi
2211 1622 2479 1678 habentur
2501 1622 2700 1691 amici,
2747 1631 2906 1680 etest
2940 1622 3075 1678 mihi
3105 1621 3298 1679 domus
3323 1634 3516 1691 magna
3544 1610 3637 1674 at-'

2033 1730 2137 1785 que
2190 1724 2396 1771 secreta
2430 1733 2444 1770 :
2478 1716 2521 1770 si
2576 1716 2691 1772 hmc
2723 1716 2775 1771 in
2821 1731 2883 1771 ea
2909 1716 3154 1786 posueris
3176 1756 3193 1782 ,
3224 1715 3478 1785 deinceps
3503 1726 3625 1769 cum

2036 1804 2296 1872 libuerit,
2349 1806 2708 1862 venundabis.
2776 1806 2844 1862 Et
2886 1794 3241 1873 praecedens,
3298 1805 3626 1877 sequebatur

343 1896 467 1969 (An.
500 1896 628 1964 504,
653 1895 721 1951 10
749 1895 927 1967 Dea),
976 1910 1225 1966 magnum
1259 1894 1576 1951 miraculum
1609 1896 1663 1950 in
1711 1895 1798 1951 die
1828 1894 1930 1949 im-
1960 1899 2010 1964 Β
2037 1898 2199 1954 homo
2224 1913 2347 1955 cum
2379 1898 2613 1966 sarcina,
2651 1905 2846 1967 putans
2873 1912 2932 1953 se
2956 1898 3022 1952 ad
3051 1897 3212 1953 aliam
3241 1896 3365 1951 duci
3394 1895 3583 1951 urbem
3611 1909 3625 1958 ;

342 1987 649 2044 molationis
678 2002 794 2043 suae
821 1986 1033 2058 populis
1059 1984 1285 2057 profert.
1316 1987 1451 2043 Sunt
1473 1988 1633 2059 igitur
1660 1996 1787 2044 ante
1816 1988 1934 2057 ejus

340 2080 530 2147 altare,
562 2094 669 2151 quo
698 2087 885 2135 sancta
915 2079 1155 2134 membra
1177 2087 1431 2150 teguntur
1453 2120 1469 2146 ,
1522 2088 1632 2136 tres
1673 2081 1895 2136 arbores
1915 2119 1931 2148 ,

343 2172 438 2227 sed
471 2173 686 2242 ignarus
714 2186 817 2245 ego
844 2173 997 2243 cujus
1025 2173 1134 2227 sint
1163 2173 1410 2242 generis:
1435 2188 1663 2244 cumque
1677 2174 1787 2245 jam
1817 2188 1935 2229 me-

342 2265 434 2320 dio
460 2279 647 2321 mense
674 2264 884 2321 decimo
908 2304 924 2330 ,
982 2263 1197 2334 quando
1226 2264 1343 2335 ejus
1392 2268 1571 2337 passio
1612 2267 1933 2333 celebratur,

343 2357 456 2412 sint
475 2356 542 2412 ab
563 2357 709 2412 omni
744 2356 994 2412 foliorum
1034 2357 1230 2412 decore
1254 2357 1467 2412 nudatae
1487 2402 1501 2425 ,
1539 2372 1602 2414 ea
1634 2358 1720 2414 die
1750 2359 1937 2415 illuce-

343 2457 531 2506 scente
558 2450 696 2506 caelo
718 2494 733 2521 ,
768 2451 822 2505 in
849 2448 1065 2506 modum
1096 2449 1360 2504 columbae
1391 2450 1535 2507 alitis
1565 2450 1727 2506 ﬂores
1750 2451 1935 2521 prole-

344 2549 472 2598 runt
499 2541 804 2609 suavitatis,
859 2543 1070 2599 scilicet
1122 2543 1265 2614 quod
1321 2552 1536 2600 sanctus
1574 2544 1691 2615 ejus
1717 2547 1938 2616 spiritus

346 2636 399 2691 in
430 2636 696 2691 columbae
727 2646 750 2675 ο
806 2637 989 2705 specie
1040 2638 1398 2707 penetraverit
1448 2637 1632 2707 cmlos,
1694 2646 1749 2695 et
1798 2639 1940 2710 quod

347 2728 562 2785 beatum
593 2729 709 2801 ejus
737 2731 1135 2804 corpusculum,
1162 2731 1273 2802 jam
1305 2733 1554 2789 exanime
1590 2732 1939 2805 vestibusque

348 2822 628 2878 nudatum.
658 2824 747 2878 nix
778 2823 992 2880 coalitus
1019 2824 1246 2881 decidua
1275 2824 1424 2881 molli
1450 2826 1650 2883 vellere
1681 2826 1943 2882 conteris-

348 2922 453 2969 set.
489 2912 644 2981 Quod
691 2914 1006 2970 miraculum
1056 2915 1101 2969 si
1149 2915 1306 2972 solita
1358 2916 1580 2973 arbores
1622 2916 1942 2988 protulerint

351 3006 618 3077 libertate,
648 3008 751 3065 scit
769 3008 995 3079 populus
1030 3008 1134 3065 sibi
1173 3024 1374 3066 annum
1414 3010 1501 3066 vel
1552 3011 1819 3076 pressuris
1851 3025 1944 3064 va-

352 3114 534 3168 cuum,
558 3100 643 3157 vel
666 3099 907 3171 frugibus
928 3101 1168 3171 plenum.
1200 3101 1356 3170 Quod
1388 3103 1436 3159 si
1468 3102 1671 3159 tardius
1698 3104 1857 3161 ﬂores
1879 3119 1945 3160 ex

356 3207 506 3249 more
528 3194 830 3264 paruerint,
875 3195 1151 3265 cognoscit
1195 3195 1343 3266 plebs
1372 3211 1467 3252 sua
1492 3196 1595 3253 hoc
1624 3196 1738 3252 ﬁeri
1762 3211 1900 3253 noxa
1926 3214 1941 3263 ;

2038 1992 2377 2047 concluserat
2414 1992 2556 2047 enim
2587 1990 2731 2046 Deus
2760 1989 2949 2047 oculos
2982 1990 3132 2060 ejus,
3201 1998 3257 2044 et
3287 2004 3394 2044 non
3423 2002 3628 2059 cogno-

2038 2087 2222 2142 scebat
2244 2086 2365 2156 quia
2389 2099 2485 2156 per
2511 2086 2650 2140 viam
2671 2100 2775 2155 qua
2792 2091 3014 2140 venerat
3034 2082 3455 2154 regrediebatur.
3488 2079 3633 2148 Quid

2038 2180 2244 2235 multa?
2270 2180 2585 2236 Pervenitur
2607 2180 2672 2235 ad
2695 2180 2978 2236 basilicam
3006 2179 3213 2246 Sancti,
3244 2190 3301 2236 et
3326 2181 3402 2235 ait
3420 2178 3487 2234 ad
3509 2192 3635 2234 cum

2040 2271 2122 2325 vir
2155 2288 2168 2323 :
2200 2270 2336 2324 Ecce
2363 2270 2584 2324 domum
2611 2269 2677 2325 de.
2708 2283 2809 2339 qua
2832 2269 3041 2325 locutus
3062 2284 3181 2324 sum
3207 2269 3329 2333 tibi;
3352 2267 3635 2338 ingredere

2042 2370 2096 2418 et
2123 2361 2330 2432 depone
2359 2362 2629 2437 sarcinam,
2654 2373 2820 2416 tuam.
2842 2359 2938 2417 Ille
2958 2376 3178 2437 quoque
3217 2362 3491 2431 ingressus
3522 2367 3629 2414 est.

2043 2455 2239 2510 Verum
2267 2454 2355 2509 ubi
2384 2435 2622 2522 deposita
2645 2454 2855 2508 sarcina
2876 2435 3040 2522 coepit
3059 2452 3322 2522 aspicere,
3353 2450 3420 2505 ad
3450 2465 3509 2506 se
3539 2465 3634 2505 re-

2042 2561 2250 2612 versus,
2282 2546 2533 2616 cognovit
2559 2544 2837 2600 basilicam
2874 2545 3092 2612 Sancti,
3122 2544 3190 2599 de
3215 2545 3380 2617 325
3408 2557 3512 2613 qua
3544 2556 3633 2597 res

2043 2636 2165 2692 illas
2192 2636 2508 2691 abstulerat.
2562 2635 2656 2691 Vir
2677 2643 2856 2692 autem
2895 2636 3002 2705 jam
3024 2644 3325 2693 recesserat
3352 2635 3419 2690 ab
3447 2649 3534 2691 eo.
3567 2634 3637 2690 Et

2043 2728 2122 2785 sic
2151 2736 2341 2782 cuncta
2371 2742 2491 2798 qum
2534 2742 2653 2783 cum
2682 2728 2801 2783 viro
2831 2728 2924 2783 illo
2970 2736 3211 2798 gesserat
3241 2726 3453 2798 populis
3479 2739 3637 2781 enar-

2044 2821 2182 2876 ravit
2208 2839 2222 2876 :
2250 2821 2391 2876 unde
2422 2820 2777 2876 indubitatum
2806 2829 2889 2877 est
2919 2822 3093 2891 ipsum
3119 2822 3171 2875 ei
3188 2820 3475 2891 Martyrem
3504 2818 3637 2874 bea-

2046 2920 2156 2970 tum
2189 2913 2526 2983 apparuisse.
2556 2912 2765 2982 Hujus°
2798 2912 3033 2983 reliquiae
3062 2910 3201 2982 apud
3232 2910 3637 2966 Narbonensem

2050 3007 2329 3064 basilicam
2357 3007 2679 3064 retinentur.
2730 3006 2837 3064 Sed
2865 3021 2986 3062 cum
3019 3006 3176 3076 hujus
3222 3005 3356 3061 tedis
3384 3002 3637 3070 altitudo,

2047 3113 2117 3155 ne
2138 3099 2351 3171 Liguria
2374 3099 2395 3138 τ
2421 3140 2436 3165 ,
2467 3099 2609 3170 quod
2637 3107 2719 3154 est
2745 3100 2897 3155 locus
2927 3098 3345 3165 ammnissimus,
3378 3112 3407 3152 a
3439 3097 3640 3167 palatio

2047 3194 2189 3263 regis
2219 3200 2533 3249 cerneretur
2559 3201 2792 3261 arceret,
2841 3193 3069 3249 contulit
3099 3193 3216 3249 haec
3244 3207 3365 3247 cum
3397 3191 3582 3247 Leone
3610 3199 3639 3238 ϐ

356 3301 482 3343 nam
513 3287 822 3357 priusquam
854 3295 1174 3358 erumpant,
1223 3288 1446 3359 querula
1473 3288 1639 3361 82η.
1664 3289 1730 3344 ad
1760 3289 1943 3358 sepul-
1975 3299 2021 3364 C
2051 3283 2365 3341 consiliario
2396 3299 2493 3340 rex
2524 3284 2784 3340 Alaricus.
2817 3286 2917 3354 Qui
2947 3286 3019 3340 ait
3050 3303 3063 3340 :
3095 3287 3404 3355 Deponatur
3429 3298 3499 3339 ex
3530 3285 3634 3338 hoc

357 3393 505 3433 crum
529 3378 777 3450 Martyris
806 3391 869 3433 ac
900 3384 1091 3434 mmsta
1118 3377 1412 3444 decumbit,
1441 3379 1737 3449 deprecans
1766 3388 1826 3435 ut
1855 3395 1946 3435 so-

357 3467 508 3524 litam
531 3470 906 3539 promereatur
930 3470 1242 3540 conspicere
1260 3470 1504 3540 gratiam.
1537 3470 1643 3527 Sed
1671 3484 1773 3527 nec
1802 3471 1946 3542 psal-

357 3560 520 3616 leudo
546 3561 806 3631 procedit,
850 3561 896 3617 si
941 3560 1056 3617 haec
1092 3562 1432 3619 manifestata
1482 3579 1589 3620 non
1639 3563 1854 3621 fuerint.
1890 3565 1947 3623 Si

357 3650 602 3722 placatur
630 3652 832 3721 Martyr
873 3665 903 3705 a
939 3651 1196 3725 lacrymis
1225 3654 1421 3724 plebis,
1466 3666 1749 3727 emergunt
1778 3660 1946 3729 proti-

364 3760 467 3802 nus
487 3760 557 3801 ex
590 3744 873 3802 arboribus
890 3748 1120 3817 gemmei
1150 3747 1312 3804 ﬂores
1334 3789 1354 3817 ,
1400 3750 1489 3820 qui
1513 3752 1734 3809 odorem
1764 3762 1949 3810 necta-

358 3851 512 3894 reum
547 3837 897 3909 respirantes,
931 3838 1097 3893 animi
1126 3842 1439 3896 mcestitiam
1470 3848 1525 3896 et
1552 3843 1786 3899 adventu
1814 3844 1951 3901 laeti-

357 3930 542 3999 ﬁcent,
573 3937 630 3987 ot
653 3931 897 3987 reﬁciant
932 3932 1217 3987 suavitate.
1270 3933 1475 3990 Dehinc
1517 3935 1800 4005 diligenter
1839 3938 1948 3993 col-

360 4026 509 4093 lecti,
543 4025 679 4082 etin
702 4022 980 4081 basilicam
1010 4026 1279 4082 sacerdoti
1300 4026 1481 4094 delati,
1515 4030 1789 4098 processio
1826 4045 1950 4086 cum

359 4117 556 4190 gaudio
576 4116 900 4185 celebratur,
934 4132 1058 4173 nam
1094 4126 1150 4174 et
1177 4117 1278 4174 hos
1307 4118 1471 4176 ﬁeres
1497 4120 1695 4190 saepius
1724 4120 1951 4178 inﬁrmis

362 4209 619 4283 prodesse
642 4209 1007 4281 cognovimus.

947 4321 1175 4379 CAPUT
1205 4320 1363 4380 XCII.

785 4432 867 4490 De
893 4433 1103 4489 basilica
1133 4435 1296 4491 sancti
1325 4432 1538 4493 Felicis.

436 4525 677 4597 Quodam
706 4523 734 4564 ἀ
758 4532 1001 4599 tempore
1030 4526 1225 4584 Felicis
1262 4528 1517 4600 martyris
1545 4528 1761 4587 basilica
1792 4545 1821 4587 a
1865 4532 1952 4587 fu-

364 4730 538 4785 riales.

438 4800 463 4839 δ
503 4801 637 4857 Cum
679 4801 848 4877 ipsius
877 4804 1009 4860 Acta
1036 4804 1250 4877 vulgata
1297 4821 1404 4863 non
1447 4807 1584 4863 adeo
1620 4818 1767 4864 certa
1795 4810 1907 4867 sint
1930 4853 1945 4877 ,

363 4870 481 4942 ejus
511 4870 756 4943 martyrii
789 4874 1066 4930 historiam
1089 4870 1156 4931 ei
1186 4876 1478 4933 Prudenlio
1498 4880 1781 4935 retulimus
1811 4870 1949 4937 inter

365 4943 496 5022 Acta
528 4953 822 5065 mart‘erum
853 4945 1084 5027 sincera,
1116 4961 1234 5027 pag.
1267 4946 1371 5001 497
1392 4993 1405 5015 ,
1450 4948 1539 5028 ubi
1572 4950 1722 5016 plura
1762 4952 1949 5005 obser-

367 5026 632 5065 vavimus.
710 5012 796 5065 tde
818 5028 1033 5065 missam
1064 5030 1117 5065 tn
1146 5031 1261 5065 eius
1290 5018 1460 5065 Natali
1490 5061 1503 5065 _
1550 5019 1643 5065 lib.
1674 5034 1733 5065 ιιι
1762 5019 1828 5065 de
1864 5021 1949 5065 Li.

367 5011 796 5084 vavimu§._Y_ide
818 5013 1033 5084 missam
1064 5011 1261 5084 in'ej'us
1288 5011 1460 5072 Natali
1489 5061 1505 5083 ,
1550 5011 1643 5071 lib.
1674 5034 1733 5071 tu
1762 5019 1828 5072 de
1861 5021 1950 5074 Li-

367 5079 790 5162 tt_t_rgia_Gal_lic.,
820 5097 968 5139 num.
994 5083 1082 5162 718
1132 5079 1382 5162 ῌξῖειςιιίξΔ
1418 5079 1650 5162 Gotlti_ci.
1708 5088 1946 5162 Emerita

367 5154 499 5207 olim
553 5151 842 5208 Lusitaniae
896 5154 1208 5223 metrOpolis
1260 5156 1419 5213 hodie
1466 5159 1519 5212 in
1562 5158 1949 5217 Extremadura

368 5224 547 5280 excisa
572 5225 733 5294 jacet,
778 5223 908 5278 sede
936 5224 1050 5294 ejus
1078 5224 1494 5294 Compostellam
1522 5230 1799 5284 translata.

445 5305 469 5333 ο
512 5295 623 5350 Hoc
644 5294 979 5365 miraculum,
1004 5302 1060 5351 et
1086 5310 1320 5363 sequens
1347 5299 1414 5353 de
1440 5300 1580 5365 nive,
1624 5299 1783 5357 habet
1818 5302 1951 5359 Pru-

370 5365 583 5443 dentius
607 5366 804 5443 hymno
834 5364 867 5417 5
893 5371 1010 5443 Περὶ
1035 5367 1310 5443 ᾳτεφέινῳν.

442 5433 471 5473 ἀ
510 5433 669 5508 Deest
717 5438 818 5508 hoc
845 5433 1004 5508 caput
1043 5438 1099 5493 in
1135 5433 1304 5494 'Colb.
1364 5446 1462 5495 tut.
1519 5439 1701 5499 Sancti
1758 5444 1950 5503 Felicis

373 5510 506 5564 Acta
534 5508 587 5563 in
617 5506 952 5585 Mss._Codd_._
975 5509 1170 5585 passim
1194 5521 1503 5585 occurrunt,
1535 5523 1586 5568 et
1614 5515 1827 5585 quidem
1845 5535 1949 5574 non

374 5577 713 5655 spernentht,
751 5578 804 5655 in
846 5582 1055 5655 quibus
1078 5580 1177 5655 sub
1223 5581 1453 5639 Daciano
1490 5577 1721 5655 praes-ide
1765 5603 1951 5655 passus

374 5647 755 5729 dicitu.r..Ettm
789 5647 1367 5729 laudantPrudentius,
1408 5647 1626 5712 satietas
1674 5647 1947 5729 Eulogius,

376 5728 432 5774 et
461 5717 570 5774 alii.
606 5718 855 5799 Gerunda
878 5728 1053 5799 autem
1077 5723 1233 5799 ,_ubi
1272 5717 1457 5799 passus
1486 5737 1569 5781 est
1591 5768 1608 5795 ,
1649 5717 1837 5799 vulgo”
1855 5717 1950 5784 Gil

375 5802 558 5871 zonae,
588 5790 717 5871 urbs
740 5799 826 5871 (ξι
849 5789 1079 5871 celebris
1110 5792 1170 5871 in_
1194 5789 1497 5852 Catalaunia
1523 5789 1953 5871 ad'Samjirocam

380 5858 706 5995 glnusxirigt'i'tinmUe
743 5859 903 5931 Ter),
938 5860 1092 5920 titulo
1140 5864 1361 5925 ducatus
1397 5878 1451 5924 et
1491 5870 1622 5928 sede
1665 5858 1955 5943 episco'pali

2060 3377 2289 3434 aediﬁcio
2320 3392 2423 3433 una
2450 3384 2717 3433 structura
2760 3376 3021 3433 machina:
3044 3373 3108 3441 h;
3158 3384 3212 3432 ct
3248 3392 3343 3431 rex
3381 3390 3502 3446 quae
3531 3375 3643 3444 pias

2049 3468 2223 3526 cuerit
2245 3467 2465 3525 liberius
2492 3468 2963 3540 contemplabitur.
2988 3470 3055 3524 Et
3074 3470 3255 3525 statim
3282 3469 3486 3523 vocatis
3512 3482 3643 3538 ope-

2049 3562 2230 3628 rariis,
2259 3560 2404 3616 idem
2431 3560 2770 3617 consiliarius
2800 3561 3104 3623 bumiliavit
3129 3562 3403 3617 basilicam
3433 3560 3640 3628 Sancti,

2051 3653 2293 3709 aediﬁciis
2314 3668 2420 3710 non
2454 3654 2683 3711 meritis.
2709 3653 2813 3710 Sed
2840 3654 2932 3710 ille
2960 3655 3208 3724 protinus
3239 3654 3443 3719 lumine
3467 3653 3644 3710 caruit

2053 3745 2352 3801 oculorum.

2626 3837 2851 3894 CAPUT
2888 3838 3066 3894 XCIII.

2270 3965 2349 4022 De
2376 3966 2671 4023 Hemeterio
2704 3977 2751 4024 et
2773 3969 3072 4025 Cltelidouio
3100 3970 3427 4042 martyribus.

2122 4075 2462 4149 Calagurrisi
2512 4087 2689 4135 autem
2738 4080 2869 4135 urbs
2940 4078 3205 4149 Hispania:
3278 4082 3645 4140 Hcmeterium

2055 4172 2538 4243 Chelidoniumque
2565 4181 2830 4246 martyres
2856 4184 3050 4245 gestat,
3080 4184 3134 4231 et
3170 4190 3314 4248 saepe
3340 4178 3408 4233 ab
3454 4193 3648 4235 eorum

2053 4262 2252 4318 virtute
2281 4264 2537 4320 miracula
2565 4266 2837 4321 cernendo
2856 4311 2871 4336 ,
2903 4267 3237 4324 diversarum
3267 4270 3648 4339 aegritudinum

2054 4352 2409 4409 medicamina
2432 4356 2593 4425 capit.
2623 4356 2688 4410 Hi
2721 4356 2918 4412 etenim
2950 4366 3213 4429 martyres
3241 4375 3271 4416 a
3300 4371 3649 4431 persecutore

2054 4445 2447 4516 comprehensi,
2481 4454 2537 4502 et
2554 4446 2620 4502 ad
2650 4449 2968 4517 supplicium
2992 4451 3128 4521 rapti
3154 4452 3326 4522 (Αη...
3369 4455 3403 4509 5
3434 4452 3650 4525 Mart.),

2055 4538 2181 4594 dum
2223 4538 2448 4596 diversis
2489 4540 2665 4610 pmnis
2709 4539 3054 4598 afﬁcerentur
3103 4543 3173 4598 ob
3199 4545 3369 4600 divini
3416 4544 3650 4600 nominis

440 4658 638 4746 :Clar.
693 4672 724 4715 a
772 4665 825 4715 et
870 4657 1019 4717 Colb.
1069 4673 1099 4715 a
1161 4661 1375 4717 emend.
1437 4664 1698 4735 exsequias
1756 4677 1948 4740 marty—
1974 4680 2031 4744 ι)
2129 4685 2154 4715 θ
2194 4676 2324 4744 Quae
2350 4686 2645 4746 sequuntur
2668 4690 2775 4731 non
2807 4676 3070 4733 habentur
3096 4677 3147 4731 in
3179 4677 3322 4735 Clar.
3354 4677 3407 4731 Ι).

2130 4747 2150 4786 ί
2197 4748 2415 4818 Aliquot
2463 4748 2592 4803 Mss.
2613 4789 2628 4816 ,
2660 4764 2761 4801 non
2800 4757 3113 4818 cerneretur.
3153 4747 3342 4811 Mart.,
3376 4747 3653 4804 altitudine

2051 4816 2335 4889 Liguria...
2360 4834 2463 4889 non
2486 4826 2794 4889 cerneretur.
2827 4816 2998 4873 Locus
3036 4818 3128 4872 ille
3183 4819 3520 4889 postmodum
3550 4834 3651 4888 ap-

2051 4888 2302 4959 pellatusA
2324 4897 2408 4959 est
2427 4888 2877 4959 ,Livoria,gvulgo
2914 4889 2966 4941 la
3000 4889 3173 4959 plains
3214 4889 3278 4942 de
3316 4888 3543 4953 Liviére,
3594 4898 3654 4944 ut

2052 4956 2234 5012 monet
2266 4956 2524 5012 Valesius.
2564 4984 2625 4995 --
2660 4956 2829 5011 Situs
2856 4956 3096 5013 locorum
3149 4961 3308 5012 etiam
3360 4959 3653 5014 hodiernus

2056 5027 2215 5095 hujus
2243 5025 2478 5080 historiae
2511 5027 2790 5081 veritatem
2828 5027 3021 5080 ﬁrmat.
3067 5028 3195 5081 Nam
3226 5029 3496 5084 destructa
3527 5029 3655 5085 licet

2053 5097 2151 5152 sub
2179 5095 2451 5150 Ludovico
2478 5095 2572 5151 ΧΠ
2598 5110 2725 5165 rege
2765 5098 2934 5151 sancti
2970 5097 3162 5153 Felicis
3189 5099 3426 5161 basilica.
3457 5114 3525 5155 ne
3559 5115 3653 5155 ur-

2055 5168 2137 5223 bis
2168 5166 2549 5221 munitionibus
2575 5175 2823 5232 noceret,
2850 5176 3094 5236 superest
3116 5170 3370 5223 sacellum
3402 5170 3503 5237 ipsi
3525 5172 3656 5225 sub-

2058 5237 2325 5303 stitutum,
2356 5237 2457 5308 sub
2470 5237 2684 5291 nomine
2703 5237 2872 5294 sancti
2902 5237 3114 5305 Felicis,
3139 5254 3259 5294 cum
3290 5240 3559 5308 prioratus
3587 5240 3655 5295 ti-

2057 5310 2190 5372 tttlo,
2221 5308 2362 5380 quod
2390 5307 2527 5362 inter
2557 5309 2821 5363 Livoriam
2857 5308 2930 5379 (la
2954 5309 3126 5378 plains
3149 5311 3213 5365 de
3242 5307 3656 5380 Liviére)iinter-

2051 5380 2197 5450 jacet
2224 5378 2481 5451 stlocum
2525 5380 2610 5433 ubi
2641 5378 3053 5451 palatiumplim
3081 5381 3242 5434 situm
3272 5389 3406 5437 erat.
3441 5378 3655 5451 Capito-

2059 5448 2186 5506 lium
2200 5449 2342 5575 Iplitn
2366 5452 2787 5519 nuncupabatur,
2819 5448 3085 5520 hodieque
3114 5453 3304 5523 vulgus
3333 5450 3381 5507 le
3400 5448 3657 5523 Capdueil

2059 5537 2193 5575 anne
2237 5535 2305 5573 a.

2059 5530 2305 5577 annellat.

2200 5537 2305 5575 ttat.

2095 5537 2240 5646 pgels
2268 5599 2349 5646 est
2377 5592 2491 5661 ipse
2516 5591 2647 5658 Leo,
2673 5593 2779 5655 cui,
2811 5602 2936 5647 tunc
2960 5592 3203 5661 Evarigis
3229 5595 3367 5664 regis
3393 5594 3652 5651 consilia-

2057 5664 2151 5736 rio
2166 5678 2261 5736 seu
2286 5666 2560 5736 quaestori,
2592 5664 2805 5736 scripsit
2851 5664 3176 5733 Apollinaris
3207 5664 3457 5721 Sidonius
3484 5666 3650 5736 epist.

2058 5733 2092 5787 5
2122 5734 2241 5803 libri
2264 5743 2423 5788 vutet
2439 5731 2598 5803 epist.
2613 5732 2681 5786 22
2701 5735 2790 5789 lib.
2814 5750 2885 5789 tv.
2904 5731 3168 5791 Eumdem
3184 5735 3363 5793 laudat
3377 5731 3656 5793 Enno'dius

2058 5806 2113 5861 in
2138 5802 2417 5874 Epiphanii
2455 5802 2593 5859 Vita.

2132 5875 2162 5914 ιι
2200 5874 2302 5930 Alii
2333 5874 2527 5944 Scripti
2554 5883 2609 5932 et
2637 5874 2796 5942 Etliti,
2823 5885 3093 5935 structum
3118 5879 3372 5934 machina.

2141 5947 2159 5983 ί
2204 5944 2314 6004 Hoc
2342 5955 2501 6018 caput
2529 5956 2581 6003 et
2610 5962 2838 6017 sequens
2876 5950 3069 6009 desunt
3106 5953 3159 6009 in
3189 5951 3330 6009 Clar.
3366 5963 3413 6007 a.
3442 5950 3657 6021 Aliquot
