4072 6346
466 392 571 451 733
607 471 625 481 _

1240 474 1243 477 η
1286 362 1782 447 MIB'ACULORUM
1820 388 1949 447 LIB.
1988 387 2032 445 ι.
2073 386 2162 446 DE
2199 389 2451 448 GLORlA
2491 390 2896 451 nanrvauu.

3618 392 3724 450 790

462 527 586 569 cum
617 508 947 566 Theodosius
971 509 1256 580 imperator
1280 508 1519 578 sepulcra
1542 523 1604 562 ex
1631 521 1762 563 auro
1785 505 2041 563 fabricare
2068 501 2124 565 Α
2145 515 2280 560 rent.
2315 507 2681 563 Producuntur
2709 506 2807 563 viri
2851 520 2882 563 e
2932 507 3072 575 lacu,
3122 507 3350 565 confessi
3401 500 3669 561 Christum
3699 527 3720 555 ο

467 605 647 668 vellet,
682 618 775 670 per
803 603 969 658 visum
1004 601 1297 671 prohibitus
1342 608 1425 656 est
1455 616 1519 655 ne
1551 580 1768 654 faceret.
1807 598 1911 653 Viri
1949 614 2047 653 au-

465 705 575 751 tem
627 709 791 764 usque
822 692 979 748 hodie
1029 692 1253 762 palliolis
1299 692 1482 747 sericis
1513 700 1602 745 aut
1642 691 1930 746 carbasinis
1957 704 2045 745 co-

454 788 659 858 operti,
688 786 741 841 in
788 786 903 857 ipso
940 786 1058 841 loco
1088 786 1433 856 requiescunt
1472 800 1486 839 :
1527 783 1665 855 quod
1695 784 1875 854 passio
1898 790 1920 818 ⁸
1955 797 2046 837 eo-

451 894 607 944 rum,
634 892 790 949 quam
831 876 968 948 Syro
1016 877 1240 947 quodam
1291 878 1674 945 interpretante
1714 875 1765 929 in
1801 872 2045 929 Latinum

448 970 856 1037 transtulimus,
888 970 1101 1040 plenius
1133 968 1337 1038 pandit.

1014 1081 1263 1161 ,carur
1296 1082 1472 1138 xcvr.

648 1197 727 1252 De
753 1196 1095 1267 quadraginta
1123 1205 1234 1249 octo
1264 1193 1570 1264 martyribus
1596 1191 1866 1246 Armenias.

531 1309 769 1367 Feruntb
802 1320 981 1366 autem
1012 1309 1173 1364 fuisse
1201 1309 1339 1377 apud
1365 1306 1668 1362 Armeniam
1695 1306 2045 1376 quadraginta

448 1416 584 1460 octo
612 1405 757 1460 viros
786 1403 926 1474 (An.
957 1401 1084 1467 520,
1113 1402 1145 1455 9
1173 1398 1332 1454 Mart.
1358 1400 1413 1469 ),
1445 1398 1537 1468 qui
1568 1399 1621 1453 in
1663 1398 1807 1467 ipsos
1836 1406 2043 1453 montes

460 1497 753 1563 Armeniae,
781 1496 832 1551 in
856 1494 1067 1565 quibus,
1093 1508 1201 1564 prae
1222 1491 1500 1547 altitudine
1522 1491 1707 1555 nimia,
1734 1504 1927 1559 magno
1948 1490 2043 1544 fri-

455 1606 587 1660 gore
609 1602 757 1660 aqua:
786 1597 842 1645 et
866 1598 1008 1644 terra
1031 1586 1444 1655 restringuntur,
1469 1584 1611 1654 passi
1636 1590 1777 1639 sunt.
1807 1584 2043 1649 Quorum

455 1682 717 1736 montium
748 1680 1121 1736 celsitudinem
1166 1693 1273 1732 non
1320 1692 1536 1746 parvam
1584 1690 1704 1731 esse
1751 1673 2045 1744 Legislator

454 1768 670 1841 exponit
695 1810 707 1836 ,
736 1784 854 1824 cum
904 1781 1062 1837 super
1091 1780 1185 1821 eos
1211 1781 1391 1821 arcam
1419 1780 1447 1819 a
1474 1766 1587 1820 Noe
1624 1765 1929 1819 fabricatam
1961 1778 2044 1818 re--

2152 595 2427 652 mittuntur
2464 597 2603 653 inter
2632 607 2916 655 azstuantes
2943 600 3140 669 ignium
3185 615 3444 671 vapores:
3474 599 3566 655 sed
3598 613 3719 653 sus-

2150 689 2318 745 tinent
2367 690 2625 759 patienter
2672 691 2815 745 illata
2870 693 3147 763 supplicia,
3194 703 3249 747 ut
3293 693 3549 759 majorem
3579 691 3721 746 acci-

2150 782 2296 849 piant
2326 780 2573 851 paimam.
2606 781 2842 852 Denique
2872 784 2927 837 in
2959 784 3042 838 his
3067 783 3431 854 relinquentes
3469 794 3719 850 corpora,

2148 874 2354 929 animas
2390 874 2605 928 Christo
2639 875 2945 943 tradentes,
2974 878 3283 948 martyrium
3323 890 3725 931 consummave-

2148 976 2271 1021 runt
2296 968 2347 1020 in
2378 981 2529 1035 pace.
2560 967 2711 1025 Tunc
2738 982 2934 1037 prteses
2962 968 3160 1025 vietum
3184 982 3242 1022 se
3272 980 3452 1022 eorum
3478 975 3726 1021 constan-

2150 1060 2215 1114 tia
2245 1073 2489 1123 cernens,
2521 1069 2710 1126 putans
2739 1058 2821 1114 vel
2851 1067 3088 1115 mortuos
3115 1074 3270 1129 posse
3293 1056 3457 1130 330
3483 1056 3720 1125 vincere,

2147 1151 2235 1221 qui
2270 1152 2504 1205 viventes
2526 1160 2782 1219 seperare
2805 1151 3137 1221 nequiverat,
3156 1148 3313 1219 jussit
3333 1131 3447 1219 ipsa
3473 1144 3726 1216 deinceps

2147 1244 2303 1299 exuri
2335 1244 2672 1313 corpuscula,
2708 1254 2763 1300 et
2799 1243 2851 1298 in
2894 1246 3088 1299 ﬁumen
3139 1242 3488 1313 propinquum
3514 1239 3722 1311 jactari.

2148 1336 2301 1402 Quod
2333 1351 2451 1391 cum
2483 1338 2677 1392 factum
2711 1336 2918 1403 fuisset,
2941 1334 3211 1391 'miraeuli
3242 1334 3448 1389 novitas
3476 1332 3726 1389 ﬂentibus

2146 1425 2465 1483 Christianis
2513 1429 2777 1499 apparuit.
2810 1428 3024 1484 Restitit
3070 1427 3225 1498 igitur
3261 1426 3432 1491 unda,
3478 1439 3577 1480 nec
3604 1434 3726 1479 ossa

2146 1521 2397 1576 semiusta
2438 1521 2732 1587 absorbuit,
2777 1521 2868 1576 sed
2901 1536 3060 1590 super
3086 1534 3145 1575 se
3174 1527 3421 1588 tanquam
3450 1527 3724 1572 commen-

2146 1612 2265 1667 data
2295 1613 2542 1669 sustinuit
2574 1632 2585 1667 :
2619 1624 2669 1670 et
2712 1614 2789 1670 sic
2826 1614 3049 1670 collecta
3081 1628 3109 1667 a
3146 1610 3463 1669 Christianis
3489 1610 3726 1681 gauden-

2147 1696 2308 1766 tibus,
2337 1711 2456 1754 cum
2480 1696 2683 1755 honore
2711 1697 3024 1769 dignissimo
3048 1696 3305 1754 tumulata
3331 1704 3474 1754 sunt.

2696 1809 2921 1867 CAPUT
2958 1808 3163 1867 XCVII.

453 1862 722 1930 quievisse
766 1860 841 1914 ait
882 1858 900 1931 (
926 1859 1056 1913 Gen.
1086 1872 1202 1927 vin,
1248 1857 1281 1909 4
1308 1856 1345 1928 j.
1378 1856 1457 1911 lbi
1514 1855 1704 1911 effossa
1738 1863 2043 1925 persecutor
2070 1875 2121 1937 Β

451 1952 618 2022 329
645 1960 810 2017 terra,
855 1953 1141 2004 cisternam
1185 1961 1429 2019 magnam
1472 1946 1741 2013 efﬁciens,
1789 1960 1925 2015 aqua
1953 1960 2039 2002 ra-

453 2043 589 2112 pleri
614 2042 807 2112 jubet:
840 2040 1175 2108 nudatosque
1224 2038 1389 2103 viros,
1441 2038 1613 2107 ligatis
1660 2046 1781 2107 post
1834 2046 2038 2107 tergum

448 2132 718 2199 manibus,
746 2132 801 2186 in
823 2132 991 2198 lacum
1009 2130 1128 2201 gelu
1148 2137 1557 2185 concatenatum
1584 2139 1606 2165 υ
1625 2126 1875 2198 prcecepit
1890 2129 2037 2197 poni,

448 2237 709 2280 succenso
730 2238 761 2278 e
786 2222 1005 2294 regione
1044 2222 1255 2287 balneo,
1289 2222 1475 2276 dicens
1501 2236 1518 2274 :
1553 2220 1742 2290 Eligite
1770 2236 1800 2274 e
1830 2219 2039 2276 duobus

452 2331 641 2370 unum.
672 2317 777 2369 Aut
815 2315 868 2369 in
892 2314 993 2369 isto
1019 2313 1213 2383 frigore
1240 2310 1511 2369 Christum
1545 2322 1781 2366 vestrum
1809 2310 2039 2366 confessi

448 2408 694 2473 deﬁcite;
727 2415 816 2462 aut
845 2414 1124 2475 negantes,
1154 2405 1335 2460 oblato
1361 2404 1465 2459 diis
1493 2402 1775 2467 sacriﬁcio,
1808 2401 1875 2455 ad
1922 2401 2036 2457 bal-

449 2513 613 2554 neum
643 2497 946 2562 convolate,
969 2506 1029 2553 nt
1058 2496 1277 2566 possitis
1318 2494 1516 2560 vivere,
1550 2502 1604 2548 et
1628 2508 1734 2549 non
1757 2495 1897 2549 male
1918 2507 2040 2562 pro-

449 2598 571 2655 pter
596 2588 912 2645 cruciﬁxum
943 2589 1213 2643 hominem
1259 2587 1419 2641 mori.
1464 2585 1790 2654 Negantibus
1826 2600 2038 2656 quoque

446 2681 661 2737 cunctis
686 2681 989 2735 sacriﬁcare
1010 2677 1310 2744 daemoniis,
1336 2678 1482 2735 videt
1500 2688 1681 2735 custos
1697 2694 1883 2734 eorum
1907 2694 2039 2748 qua-

445 2771 689 2840 draginta
722 2780 845 2825 octo
878 2783 1103 2826 coronas
1135 2769 1619 2845 pretiosissimase
1646 2769 1781 2825 coelo
1807 2769 2037 2839 dilapsas

446 2862 781 2919 descendere
810 2876 970 2930 super
1010 2863 1183 2931 capita
1226 2862 1495 2929 virorum,
1531 2872 1586 2916 et
1630 2875 1788 2916 unam
1824 2875 2038 2931 quoque

445 2969 632 3010 earum
662 2955 900 3009 revocari
928 2971 941 3019 ;
972 2952 1243 3009 defecerat
1284 2954 1428 3009 enim
1458 2953 1591 3009 ﬁdes
1638 2952 1739 3008 viri
1777 2954 1949 3019 unius,
1981 2963 2038 3010 et

449 3046 691 3115 protinus
744 3045 942 3101 relictis
1000 3045 1318 3101 satellitibus
1370 3044 1629 3101 velociter
1676 3044 1743 3099 ad
1787 3044 2034 3100 balneum

447 3137 785 3203 convolavit;
816 3136 1208 3207 immolatisque
1231 3137 1482 3204 victimis,
1519 3137 1809 3192 honoratus
1836 3152 1866 3193 a
1892 3152 2031 3209 prte-

448 3231 586 3300 side,
617 3233 669 3286 in
699 3231 887 3287 balneo
918 3232 1120 3299 tepenti
1147 3231 1359 3286 ablutus
1384 3241 1486 3299 eet,
1514 3239 1835 3301 excepturus
1856 3231 1912 3286 in
1934 3245 2032 3302 po-

448 3335 654 3381 sterum
678 3324 920 3395 perpetui
946 3324 1085 3395 ignis
1110 3324 1449 3394 supplicium.
1478 3323 1605 3379 Haec
1630 3335 1809 3380 custos
1828 3324 1940 3393 ille,
1974 3333 2033 3380 ut

448 3417 701 3483 diximus,
724 3432 971 3486 cernens,
1006 3431 1135 3473 voce
1162 3431 1349 3487 magna
1379 3418 1673 3486 proclamat
1693 3430 1752 3473 se
1778 3417 2035 3475 Christia-

452 3525 581 3567 num
609 3524 757 3576 esse,
791 3511 978 3567 dicens
1007 3526 1021 3563 :
1054 3510 1186 3567 Cum
1228 3510 1419 3565 iisdem
1448 3512 1585 3565 mori
1631 3511 1897 3567 desidero.
1926 3512 2033 3579 Nec

356 3594 361 3598 ί
448 3616 622 3670 mora,
654 3602 880 3659 diversis
923 3602 1096 3672 pomis
1140 3601 1365 3659 affectus
1409 3603 1667 3673 spoliatur
1706 3612 1878 3674 veste,
1923 3621 2033 3664 non

447 3698 555 3755 ﬁde
580 3714 595 3753 :
628 3706 681 3753 ct
710 3698 762 3753 in
793 3699 963 3754 laeum
995 3698 1229 3768 ponitur,
1260 3698 1459 3767 frigora
1491 3713 1611 3754 cum
1655 3700 1878 3769 reliquis
1906 3715 2029 3771 per-

446 3804 724 3859 pessurus,
755 3790 847 3844 sed
878 3791 1169 3858 adepturus
1198 3804 1475 3859 coronam,
1530 3805 1687 3859 quam
1735 3793 1901 3849 miser
1944 3794 2033 3851 ille

449 3880 776 3949 perdiderat.
808 3880 926 3935 Jam
950 3881 1090 3935 enim
1120 3881 1355 3936 virorum
1378 3892 1623 3937 emortua
1652 3892 1810 3937 erant
1834 3884 2032 3954 frigore

445 3970 762 4039 corpuscula
785 4010 800 4036 ,
830 3979 885 4025 et
925 3970 1174 4026 dentibus
1207 3969 1262 4025 in
1291 3986 1350 4027 se
1386 3972 1623 4037 collisis,
1670 3972 1785 4043 ipse
1820 3989 2033 4044 quoque

447 4063 596 4119 vocis
616 4064 824 4119 sonitus
842 4062 1211 4119 claudebatur:
1237 4079 1402 4120 unum
1424 4073 1627 4120 tantum
1652 4081 1895 4122 murmur
1909 4082 2031 4123 ora-

447 4156 611 4211 tionis
632 4156 773 4212 cmlo
802 4156 869 4212 ab
891 4157 1101 4212 areanis
1129 4157 1359 4225 pectoris
1383 4157 1700 4214 illabebatur
1726 4168 1910 4214 notum
1931 4160 2031 4217 soli

449 4246 581 4310 Deo,
612 4247 705 4317 qui
732 4247 878 4302 novit
901 4249 1106 4303 occulta
1136 4247 1333 4303 cordis.
1359 4247 1683 4304 Tremebant
1722 4250 1852 4305 fessi
1882 4261 2031 4308 artus

354 4410 359 4417 .
446 4346 555 4393 tam
586 4338 760 4395 inedia
781 4355 938 4410 quam
963 4340 1146 4409 pruina
1171 4354 1187 4406 ;
1215 4348 1331 4396 erat
1358 4353 1482 4411 spes
1502 4340 1641 4397 emlo
1670 4341 1894 4413 intenta,
1917 4343 2029 4414 jam

444 4443 610 4493 carne
626 4439 967 4500 prazmortua.
997 4430 1205 4488 Interea
1222 4431 1389 4502 judex
1420 4431 1655 4503 iniquus,
1676 4435 1871 4490 amotis
1898 4436 2030 4507 lym-

446 4521 590 4592 phis,
620 4524 867 4581 balneum
916 4524 1168 4581 succendi
1196 4524 1501 4594 septuplum
1536 4524 1708 4594 jubet,
1740 4535 1796 4581 ut
1823 4528 2030 4585 scilicet

2508 1922 2597 1980 De
2628 1924 2848 1996 glorioso
2886 1932 3110 1995 martyre
3150 1924 3350 1995 Sergio.

2213 2036 2431 2107 Sergius
2462 2036 2490 2074 ά
2520 2050 2734 2108 quoque
2758 2044 2961 2109 martyr
2988 2037 3111 2109 (Au.
3140 2036 3270 2105 505,
3308 2037 3338 2091 7
3392 2036 3535 2107 Oct.)
3560 2036 3725 2094 multa

2143 2132 2291 2201 signa
2316 2132 2370 2186 in
2402 2130 2611 2200 populis
2639 2129 2787 2197 facit,
2813 2144 3006 2187 curans
3033 2132 3395 2198 inﬁrmitates,
3422 2144 3726 2199 sanansque

2142 2223 2425 2294 languores
2454 2221 2684 2278 ﬁdeliter
2727 2221 3152 2291 deprecantium.
3184 2223 3337 2281 Unde
3364 2226 3543 2294 agitur
3574 2233 3629 2279 ut
3658 2238 3726 2278 ex

2142 2311 2245 2367 hoc
2271 2312 2506 2381 ingentia
2542 2311 2775 2368 basilicas
2801 2313 2886 2368 vel
2913 2314 3288 2383 promittantur
3317 2324 3457 2379 vota,
3490 2315 3571 2368 vel
3604 2331 3721 2367 mu-

2142 2420 2269 2461 nera
2293 2402 2621 2471 deferantur,
2651 2419 2717 2462 ex
2746 2404 2938 2475 quibus
2966 2403 3097 2460 nihil
3123 2405 3339 2460 omnino
3366 2405 3489 2459 licet
3514 2405 3725 2459 subtra-

2141 2497 2390 2575 hereaut
2416 2496 2645 2552 auferre.
2667 2494 2822 2562 Quod
2862 2495 2907 2551 si
2927 2496 3049 2564 quis
3081 2493 3285 2564 fecerit,
3318 2510 3440 2550 mox
3465 2494 3724 2565 judicium

2140 2596 2231 2644 aut
2260 2602 2413 2644 noxae
2438 2586 2554 2660 [AL
2588 2586 2755 2654 Μη..
2805 2586 2969 2659 notat)
2998 2595 3085 2642 aut
3125 2586 3311 2643 mortis
3353 2584 3594 2641 incurrit.
3642 2585 3726 2640 0b

2139 2678 2281 2736 hanc
2323 2693 2451 2735 vero
2476 2678 2659 2735 defens
2679 2693 2836 2735 onem
2863 2678 3013 2735 multi
3055 2692 3142 2735 res
3171 2692 3296 2735 suas
3322 2676 3520 2734 Sancto
3561 2675 3724 2732 devo-

2141 2782 2291 2837 vent,
2318 2772 2529 2828 scilicet
2556 2781 2614 2828 ut
2650 2772 2767 2843 ejus
2790 2774 2984 2828 virtute
3010 2773 3239 2845 munitae,
3266 2788 3373 2829 non
3402 2772 3724 2842 diripiantur

2138 2877 2171 2917 a
2200 2862 2373 2918 malis.
2409 2863 2650 2933 Denique
2695 2877 2830 2918 anus
2866 2872 2983 2919 erat
3008 2866 3198 2934 exigua
3221 2906 3238 2931 ,
3268 2873 3322 2920 et
3362 2864 3522 2919 credo
3560 2877 3721 2919 evan-

2139 2954 2324 3024 gelicae
2368 2952 2510 3008 illius
2540 2953 2876 3024 pauperculae
2901 2953 3122 3022 similis,
3163 2969 3282 3025 quae
3318 2953 3585 3023 quondam
3612 2954 3719 3008 duo

2139 3046 2365 3113 minuta,
2396 3060 2517 3102 cum
2562 3045 2694 3102 nihil
2721 3045 2865 3103 aliud
2914 3046 3162 3115 haberet,
3198 3049 3249 3103 in
3277 3047 3718 3119 gazophylacium

2138 3141 2329 3199 dev0te
2373 3141 2595 3212 jactavit
2621 3140 2815 3211 (Mare.
2848 3157 2941 3209 xtl,
2970 3141 3034 3196 41
3063 3158 3078 3207 ;
3109 3140 3236 3196 Luc.
3280 3156 3402 3207 χχι,
3454 3141 3529 3211 1).
3576 3139 3719 3212 Ergo

2057 3254 2105 3318 ρ
2137 3232 2255 3290 hate
2282 3234 2537 3305 pauculos
2573 3233 2888 3305 gallinarum
2940 3234 3115 3304 pullos
3143 3234 3421 3300 habebat,
3471 3248 3604 3304 quos
3650 3248 3718 3288 ex

2136 3335 2260 3383 voto
2284 3326 2551 3383 basilicari
2569 3325 2760 3382 ditioni
2788 3326 3119 3394 subdiderat,
3152 3325 3339 3382 datura
3366 3327 3420 3382 in
3449 3325 3609 3381 domo
3639 3325 3717 3396 ip-

2134 3418 2248 3477 sius
2271 3434 2391 3478 cum
2416 3421 2708 3477 necessitas
2733 3418 3044 3491 ﬂagitasset.
3078 3420 3241 3492 Igitur
3264 3435 3385 3474 cum
3420 3418 3486 3474 ad
3518 3417 3718 3475 festivi-

2137 3518 2297 3568 tatem
2325 3512 2504 3568 Sancti
2530 3511 2683 3569 multi
2708 3511 2889 3583 populi
2918 3512 3286 3579 advenissent,
3321 3513 3447 3578 duo,
3476 3527 3715 3570 conven-

2134 3610 2279 3663 tione
2306 3606 2466 3675 facta,
2497 3606 2586 3677 qui
2610 3605 2708 3660 hos
2735 3604 2907 3675 pullos
2934 3604 3062 3661 olim
3092 3603 3357 3672 viderant,
3387 3620 3550 3660 unum
3576 3606 3718 3661 furto

2135 3696 2473 3765 subtrahunt,
2503 3696 2779 3766 incisoque
2815 3697 3015 3766 capite,
3036 3696 3288 3751 detractis
3318 3695 3542 3764 plumis,
3569 3706 3717 3750 trun-

2135 3791 2374 3861 catisque
2400 3788 2645 3860 pedibus,
2669 3787 3011 3859 positumque
3032 3789 3083 3842 in
3105 3801 3231 3844 vase
3251 3801 3371 3842 eum
3395 3801 3533 3857 aqua
3555 3801 3717 3855 super

2135 3885 2313 3955 ignem
2352 3883 2562 3945 levant,
2592 3880 2956 3949 instanterque
2999 3878 3348 3934 succendunt.
3383 3876 3576 3932 Fervet
3615 3892 3713 3931 au—

2136 3987 2242 4034 tem
2267 3978 2407 4033 latex
2430 3975 2778 4042 validissime,
2805 3973 2900 4029 sed
2919 3987 3043 4029 caro
3068 3972 3266 4027 furtiva
3297 3984 3402 4026 non
3427 3971 3670 4041 coquitur
3695 3987 3711 4023 :

2134 4071 2296 4125 etiam
2325 4065 2587 4123 fervendo
2613 4079 2752 4134 aqua
2775 4063 3138 4129 consumitur,
3170 4074 3271 4116 nec
3293 4073 3512 4131 prorsus
3539 4058 3716 4128 pullus

2134 4159 2227 4216 ille
2254 4157 2507 4213 mollitur.
2550 4155 2785 4211 Tentant
2826 4151 3021 4211 crebro
3049 4150 3333 4218 manibus,
3381 4159 3435 4205 ct
3482 4163 3716 4220 unguem

2133 4258 2396 4307 conantur
2418 4248 2677 4319 inﬁgere,
2713 4245 2808 4303 sed
2837 4244 3111 4301 duriorem
3142 4242 3379 4300 sentiunt
3416 4255 3575 4312 quam
3614 4238 3714 4303 mi-

2133 4343 2350 4400 sissent.
2393 4340 2612 4396 lnterim
2635 4338 2828 4395 adsunt
2851 4337 3091 4394 convivae
3136 4335 3343 4393 evocati
3373 4332 3441 4389 ad
3470 4331 3711 4402 epulum,

2133 4433 2439 4491 nullatenus
2462 4431 2725 4501 sumpturi
2750 4429 3107 4502 deapparatu.
3130 4428 3315 4485 Exstat
3335 4440 3520 4483 mensa
3547 4425 3711 4498 δεδι

2134 4528 2304 4584 niveis
2342 4527 2513 4583 velata
2544 4523 2885 4590 mantilthus,
2930 4536 3093 4593 opere
3121 4521 3382 4593 plumario
3426 4528 3710 4577 exornata.

445 4628 581 4684 quos
611 4615 759 4688 algor
788 4631 891 4672 non
941 4616 1237 4681 laxaverat,
1296 4615 1537 4672 incendia
1582 4631 1722 4673 saeva
1770 4616 2028 4676 dissolve-
2052 4639 2109 4704 ι)
2134 4618 2418 4678 Conversis
2441 4616 2576 4675 cibis
2615 4616 2671 4671 in
2710 4629 2904 4672 novam
2930 4613 3213 4680 duritiem,
3247 4614 3453 4669 catinus
3476 4608 3711 4681 lymphis

519 4807 544 4837 ι
573 4798 807 4856 [labetur
834 4812 903 4855 ex
937 4798 1187 4855 Simeone
1225 4797 1581 4867 Metaphraste
1618 4796 1756 4866 apud
1796 4796 2015 4854 Surium

445 4869 533 4925 die
558 4870 623 4923 27
647 4868 806 4934 Julii;
829 4869 921 4923 sed
951 4870 1107 4925 aliatn
1136 4884 1254 4926 esse
1283 4870 1348 4925 ab
1374 4884 1434 4925 ea
1460 4882 1617 4937 quam
1640 4868 1929 4937 Gregorius
1960 4869 2013 4923 in

447 4939 693 4993 Latinum
725 4940 1018 5001 transtulit,
1048 4939 1134 4999 vel
1160 4954 1227 4994 ex
1255 4953 1322 4994 eo
1358 4939 1473 4994 solo
1517 4937 1857 4991 manifestum
1901 4946 2015 5006 est,

446 5007 589 5078 quod
618 5007 832 5078 nomina
854 5008 925 5060 ibi
946 5008 1451 5078 alitergquamapud
1485 5006 1798 5078 Gregorium
1822 5020 2011 5060 recen-

446 5076 685 5135 seantur.
728 5076 903 5130 Aliam
944 5076 1240 5132 invenimus
1288 5076 1338 5131 in
1381 5079 1507 5133 Mss.
1550 5076 1603 5131 in
1646 5091 1748 5146 qua
1799 5077 2013 5133 nomina

445 5154 583 5205 sicut
614 5147 700 5203 hic
729 5154 971 5206 recenset
999 5146 1286 5216 Gregorius
1331 5147 1628 5209 habentur;
1658 5145 1752 5200 sed
1783 5159 1903 5200 eum
1934 5148 2015 5216 in-

445 5229 652 5276 certum
680 5219 748 5273 sit
768 5233 835 5273 an
864 5233 928 5274 ea
953 5217 1026 5272 sit
1051 5214 1164 5286 ipsa
1192 5232 1349 5286 quam
1382 5215 1670 5284 Gregorius
1704 5214 2009 5286 transtulit,

448 5292 685 5361 nihilque
715 5289 839 5345 novi
862 5285 1220 5355 habeat,’cam’
1250 5285 1407 5341 edere
1437 5286 1763 5361 superfluum
1802 5285 2009 5361 fuisset.

475 5356 483 5364 ’
521 5362 545 5401 b
576 5356 733 5417 Deest
761 5360 862 5416 hoc
887 5369 1045 5427 caput
1066 5373 1185 5414 eum
1212 5358 1455 5428 sequenti
1481 5356 1535 5411 in
1556 5356 1707 5413 Colb.
1742 5364 1840 5411 tut.
1876 5356 1969 5428 Hic
1992 5399 2008 5423 ,

446 5435 586 5489 sicut
607 5440 662 5487 et
689 5431 785 5486 lib.
828 5447 860 5487 χ
892 5426 1027 5485 Hist.
1069 5445 1187 5498 cap.
1218 5426 1322 5492 24⁷,
1370 5428 1625 5498 Martyres
1665 5426 2011 5499 quadraginta

447 5515 568 5559 octo
596 5502 861 5567 dicuntur,
887 5503 1126 5570 quamvis
1155 5511 1357 5557 eertum
1388 5499 1628 5555 videatur
1650 5513 1741 5554 eos
1763 5515 1867 5570 non
1896 5499 2012 5570 plu-

446 5589 535 5631 res
564 5577 721 5643 quam
756 5568 1312 5643 quadragintaifuisse.
1346 5572 1492 5627 Passi
1525 5578 1649 5643 sunt
1680 5570 1815 5639 apud
1843 5568 2010 5625 Seba-

448 5641 661 5700 sten‘in
690 5641 940 5697 Armenia
979 5643 1078 5697 sub
1103 5642 1290 5698 Licinii
1337 5642 1708 5711 persecutione
1733 5684 1747 5708 ,
1782 5655 2008 5711 quorum

448 5713 762 5785 martyrium
785 5711 953 5766 sancti
980 5711 1163 5785 Patres
1187 5710 1424 5781 pluribus
1443 5712 1906 5785 celebrarunt._0e_
1926 5710 2008 5767 bis

448 5783 505 5856 in
535 5781 681 5838 Actis
703 5793 999 5856 martyrum
1025 5784 1230 5856 egimus
1259 5800 1378 5856 pag.
1399 5782 1525 5843 580.
1556 5783 1690 5841 Vide
1711 5790 1766 5840 et
1796 5781 2007 5840 Bollan-

452 5855 662 5924 dianos,
692 5852 780 5910 die
808 5852 876 5909 w
902 5852 1094 5909 Martii.

2196 4811 2219 4840 ε
2262 4799 2460 4855 Lacum
2484 4795 2628 4863 illum
2656 4794 2768 4863 jam
2791 4798 2947 4849 antea
2973 4792 3243 4849 exstitisse
3263 4790 3605 4848 verisimilius
3626 4801 3711 4848 est

2120 4886 2187 4927 ex
2217 4878 2526 4925 sanctorum
2555 4862 2771 4920 Patrum
2819 4863 3171 4929 testimoniis,
3222 4863 3486 4931 hodieque
3515 4878 3706 4929 super-

2120 4948 2248 4995 stat.
2295 4939 2561 5002 Caeterum
2610 4933 2898 5003 Gregorius
2939 4944 3153 4989 sanctos
3190 4941 3453 5004 martyres
3497 4934 3549 4987 in
3592 4933 3708 5001 ipso

2120 5008 2240 5064 lacu
2269 5007 2545 5077 congelato
2574 5004 2769 5077 frigore
2799 5012 3020 5077 enectos
3041 5018 3161 5077 cum
3190 5003 3309 5077 aliis
3337 5003 3568 5077 antiquis
3594 5018 3709 5058 me-

2121 5086 2329 5143 morat,
2357 5072 2492 5146 quos
2519 5072 2699 5146 tamen
2726 5072 2951 5127 Basilius
2980 5087 3086 5126 non
3116 5073 3344 5146 in_lacu_,
3387 5074 3481 5127 sed
3514 5073 3566 5146 in
3596 5088 3708 5146 tue-

2120 5147 2207 5203 dia
2237 5141 2579 5214 urbe—passos
2611 5141 2773 5199 fuisse
2804 5150 3056 5214 testatur;
3090 5151 3143 5196 at
3175 5141 3395 5214 Vossius
3442 5141 3707 5212 antiquis-

2116 5218 2310 5273 simum
2340 5210 2471 5273 God.
2507 5215 2604 5270 Ms.
2638 5214 2884 5268 Grmcutn
2918 5212 2970 5285 in
3000 5210 3210 5285 Cryptm
3260 5212 3473 5285 ferratae
3513 5210 3700 5285 mona-

2116 5288 2282 5344 sterio
2311 5302 2369 5342 se
2394 5286 2592 5342 vidisse
2620 5283 3010 5357 testatur,__ubi
3038 5283 3147 5357 pro
3169 5284 3217 5336 ἐν
3243 5284 3378 5357 μέσῃ
3406 5292 3469 5357 τῇ
3516 5284 3660 5339 πόλει
3686 5325 3702 5348 ,

2116 5357 2312 5429 legitur
2349 5358 2397 5412 ἐν
2429 5358 2557 5427 μέσῃ
2588 5364 2651 5429 τῇ
2676 5356 2843 5429 ᾎίμνῃ.
2876 5352 3433 5429 VideBollandianos.

2188 5422 2214 5466 δ
2256 5428 2367 5484 Hoc
2395 5422 2551 5497 caput
2580 5422 2636 5482 et'
2661 5422 2768 5480 duo
2794 5422 2964 5497 :seqq.
2990 5422 3183 5497 desunt
3212 5422 3266 5478 in
3302 5422 3445 5479 Clar.
3479 5424 3532 5497 b.
3574 5424 3699 5497 Ser-

2151 5499 2233 5555 ius
2257 5515 2377 5555 eum
2412 5494 2618 5553 Baccho
2648 5497 2745 5561 sub
2789 5494 3107 5549 Marimiano
3155 5502 3354 5563 martyr
3383 5494 3701 5550 occubuisse

2152 5514 2233 5555 tus
2257 5515 2377 5555 cum
2412 5514 2618 5553 uaccno
2648 5514 2745 5561 sun
2789 5514 3107 5549 nraxrmlanu
3155 5514 3354 5563 many-r
3383 5514 3701 5550 occunursse

2115 5514 2509 5651 (gl-icituraﬁjus
2549 5569 2677 5651 Acta
2724 5564 3429 5651 SttriushrefertzOctob,
3479 5580 3585 5635 quo
3614 5566 3703 5651 die

2116 5641 2233 5709 ejus
2262 5633 2517 5696 festivitas
2544 5638 2863 5709 celebratur.
2896 5638 2965 5689 tte
2993 5650 3057 5691 eo
3086 5635 3375 5709 videgnotas
3404 5636 3454 5690 in
3484 5633 3695 5709 eapabl

2117 5706 2210 5767 lib.
2243 5727 2317 5767 vn
2350 5711 2612 5765 Historiae.
2646 5706 2882 5763 Celebris
2927 5715 3008 5761 est
3036 5715 3090 5761 et
3113 5707 3327 5776 antiqua
3358 5706 3410 5761 in
3442 5707 3698 5761 suburbio

2116 5782 2485 5850 Andegavensi
2510 5780 2716 5834 abbatiu
2738 5776 2869 5851 ord.
2899 5778 3067 5851 sancti
3100 5777 3366 5851 Benedicti
3396 5791 3550 5851 eong.
3576 5792 3702 5832 san-

2117 5854 2189 5908 cti
2217 5847 2411 5917 Mauri,
2442 5850 2543 5909 sub
2578 5850 2746 5910 sancti
2777 5847 2949 5920 Sergii
2994 5847 3231 5905 nomine.
