4072 6346
574 322 673 382 791

1604 326 1662 386 S.
1705 326 2037 386 GREGORII
2075 328 2381 388 EI’ISCOPI
2419 332 2848 395 TURONENSIS

3767 346 3869 404 792

572 454 719 512 saepe
762 437 1020 509 diluitur,
1067 441 1164 498 sed
1192 440 1324 499 nihil
1351 448 1561 500 coctum
1614 443 1758 515 quod
1788 444 1841 501 in
1892 461 1956 502 eo
2002 445 2155 502 cxhi-
2182 449 2235 510 Α
2259 459 2317 506 ut
2356 452 2609 521 diximus,
2642 455 2697 511 in
2728 454 2829 510 hac
2859 456 3181 513 necessitate
3212 455 3581 518 laborantibus
3607 459 3868 517 medere-

572 531 752 599 beant,
802 534 1106 601 invenitur;
1138 534 1323 604 sicque
1349 550 1489 592 novo
1525 536 1783 593 miraculo
1807 537 1978 608 epulis
2007 538 2164 594 reda-

2267 552 2388 611 tttr,
2438 545 2652 615 quidam
2702 547 2918 605 Iudaeus
2964 549 3032 605 ab
3080 550 3192 619 ipsa
3223 552 3533 612 inﬁrmitate
3577 564 3867 628 correptus

573 625 677 679 etis
697 623 751 679 in
773 638 983 694 saxum,
1005 626 1655 697 conlusisinvitatoribus,
1677 632 2161 690 verecundantibus
2261 638 2442 696 Sancti
2487 642 2799 712 basilicam,
2831 660 3137 718 quanquam
3170 647 3385 705 Christo
3414 666 3521 707 non
3570 657 3825 714 crederet
3846 695 3861 721 ,

571 716 827 786 invitatis,
853 734 881 774 a
910 733 1064 776 caena
1091 734 1214 777 cum
1251 722 1456 793 pudore
1484 722 1779 781 discessum
1809 734 1909 783 est.

1111 832 1340 892 CAPUT
1379 836 1608 893 XCVIII.

1030 948 1109 1004 De
1136 949 1318 1005 Cosma
1346 960 1393 1007 et
1420 952 1693 1009 Damiano.

648 1060 760 1115 Duo
780 1075 909 1118 vero
937 1064 1157 1134 gemini,
1189 1066 1410 1122 Cosmas
1449 1068 1655 1125 scilicet
1694 1076 1747 1127 et
1778 1070 2064 1129 Damianus
2094 1082 2152 1143 ι,

566 1159 685 1207 arte
714 1153 947 1223 medici,
998 1163 1283 1226 postquam
1330 1157 1623 1216 Christiani
1661 1161 1834 1219 effecti
1877 1172 2001 1219 sunt
2030 1166 2150 1238 (An.

566 1243 695 1311 505,
727 1246 803 1311 27,
830 1246 1002 1317 Sept.)
1024 1289 1040 1315 ,
1083 1249 1200 1304 solo
1232 1250 1489 1307 virtutum
1540 1253 1732 1308 merito
1761 1266 1815 1310 et
1855 1256 2154 1313 orationum

563 1333 894 1405 interventu,
919 1337 1255 1396 inﬁrmitates
1279 1341 1645 1413 languentium
1667 1345 2036 1417 depellebant;
2065 1351 2155 1421 qui

567 1424 799 1483 diversis
827 1429 1153 1486 cruciatibus
1180 1439 1555 1502 consummati,
1601 1437 1655 1492 in
1681 1438 1989 1498 caelestibus
2029 1452 2155 1499 sunt

565 1516 866 1587 conjuncti,
898 1521 1066 1576 multa
1095 1524 1352 1581 miracula
1392 1527 1580 1584 incolis
1609 1533 1972 1589 ostendentes.
2022 1534 2152 1591 Nam

564 1612 612 1668 si
644 1615 763 1684 quis
785 1615 1029 1674 infirmus
1056 1621 1122 1676 ad
1149 1636 1335 1679 eorum
1360 1626 1667 1695 sepulcrum
1692 1630 1797 1686 ﬁde
1824 1632 2153 1700 plenusora-

564 1708 732 1776 verit,
764 1711 940 1767 statim
978 1713 1292 1784 adipiscitur
1320 1719 1658 1776 medicinam.
1694 1721 1953 1780 Referunt
1991 1727 2149 1783 etiam

2261 730 2484 787 devotus
2536 741 2713 791 tamen
2763 739 3014 807 expetiit,
3046 754 3212 811 seque
3239 742 3305 797 ad
3330 743 3547 813 januam
3599 750 3729 806 atrii
3774 754 3863 811 de-

2260 824 2387 893 poni
2429 826 2775 897 prtecipiens,
2827 829 3105 901 indignum
3154 847 3213 889 se
3242 848 3364 891 esse
3411 837 3729 897 vociferans
3775 849 3857 915 qui

2258 926 2503 973 sanetum
2541 918 2701 975 limen
2733 921 3127 993 ingrederetur.
3159 927 3351 985 Aiebat
3382 931 3524 987 enim
3560 950 3574 988 :
3610 934 3752 990 Seio
3780 953 3860 995 me

2259 1008 2501 1078 quidem,
2522 1012 2756 1081 gloriose
2785 1023 3009 1086 martyr,
3041 1016 3173 1088 legis
3196 1020 3465 1078 velamine
3493 1024 3859 1093 obcaecatum,

2259 1100 2345 1155 cui
2374 1108 2430 1155 tu
2458 1101 2721 1173 impertiri
2751 1106 3175 1165 misericordiam
3202 1111 3547 1184 dedigneris:
3582 1120 3689 1175 sed
3723 1136 3860 1179 nunc

2258 1194 2325 1249 ad
2347 1202 2397 1251 te
2411 1196 2681 1267 confugio,
2703 1206 2757 1254 et
2776 1201 3000 1271 supplex
3040 1212 3182 1260 tuam
3217 1206 3636 1267 misericordiam
3670 1230 3853 1285 posco,

2259 1296 2338 1354 ut,
2352 1302 2536 1344 aversa
2558 1290 2703 1359 prius
2721 1291 3032 1351 inﬁrmitate
3052 1310 3329 1367 corporea,
3351 1301 3671 1372 languorem
3688 1306 3855 1365 incre-

2259 1376 2497 1435 dulitatis
2518 1381 2740 1439 avellas.
2758 1383 2887 1440 Htec
2902 1400 3025 1441 cum
3041 1398 3166 1446 ante
3189 1400 3397 1462 portam
3416 1394 3551 1451 aula:
3568 1395 3850 1466 fateretur,

2256 1472 2570 1529 adveniente
2610 1484 2768 1532 nocte
2796 1477 3117 1536 obdormivit
3144 1500 3156 1535 :
3188 1484 3284 1540 sed
3308 1485 3509 1556 Martyr
3530 1486 3731 1545 beatus
3754 1506 3851 1546 non

2256 1561 2398 1634 longi
2425 1565 2598 1635 spatio
2622 1568 2878 1637 temporis
2899 1568 3106 1626 distulit
3126 1573 3389 1629 misereri.
3420 1574 3584 1647 Igitur
3600 1592 3669 1634 ea
3699 1589 3850 1638 nocte

2253 1655 2476 1713 visitans
2506 1668 2767 1729 mgrotum
2796 1675 2894 1731 per
2923 1664 3222 1731 somnium,
3261 1664 3423 1735 jussit
3470 1669 3734 1726 recedere
3762 1686 3844 1726 sa-

2256 1762 2406 1803 num.
2437 1749 2506 1803 At
2546 1750 2633 1804 ille
2661 1750 3070 1823 expergefactus
3107 1756 3269 1810 sentit
3316 1771 3377 1813 se
3406 1758 3678 1816 redditum
3708 1762 3844 1818 inco-

560 1802 1110 1916 plerliuneﬁpp-arefe
1160 1826 1255 1868 eos
1294 1816 2052 1916 rer_visum_lansuenlibus.
2097 1832 2151 1880 et
2182 1833 2521 1908 Blttmitati,
2574 1802 2957 1916 confessus’que
3017 1844 3289 1903 Christum
3343 1849 3534 1907 Filium
3583 1853 3683 1909 Dei
3730 1869 3843 1911 esse

562 1896 693 1963 quid
724 1896 920 1953 faciant
959 1901 1199 1959 indicare
1226 1920 1240 1957 :
1264 1907 1405 1975 quod
1452 1922 1575 1963 cum
1606 1908 1871 1979 fecerint,
1927 1915 2041 1970 sani
2074 1916 2153 1972 di-

561 1986 804 2043 scedunt.
835 1989 915 2044 Ex
954 1992 1151 2061 quibus
1184 1997 1350 2053 multa
1379 2000 1596 2067 audivi,
1641 2017 1761 2072 qua:
1805 2004 2011 2077 insequi
2037 2008 2153 2066 lon-

559 2093 683 2147 gum
725 2085 945 2151 putavi,
1006 2086 1107 2142 hoc
1132 2090 1448 2148 existimans
1497 2107 1655 2162 posse
1707 2096 1956 2155 sufficere
2007 2102 2150 2171 quod

557 2168 690 2227 dixi.
722 2172 911 2231 Cuncti
942 2178 1172 2236 ﬁdeliter
1201 2183 1555 2254 deprecantes
1579 2190 1696 2246 sani
1726 2168 2109 2251 discesserunt.

1121 2296 1350 2354 CAPUT
1394 2300 1575 2358 XCIX.

956 2408 1035 2463 De
1071 2411 1261 2482 inclyta
1297 2424 1520 2487 martyre
1564 2417 1731 2474 Foco.

626 2494 797 2551 Focas
822 2497 849 2537 ιι
872 2515 1085 2571 quoque
1114 2514 1339 2578 martyr,
1368 2518 1423 2564 et
1454 2512 1569 2580 ipse
1599 2513 1681 2567 his
1711 2517 2033 2588 martyribus
2062 2534 2144 2577 rc-

552 2587 713 2655 gione
766 2597 1111 2661 conjunctus,
1157 2600 1298 2669 apud
1350 2602 1559 2673 Syriam
1602 2587 1894 2678 requiescit
1946 2612 2142 2683 (Am...

550 2676 587 2731 5
616 2677 803 2751 Mart.)
823 2725 838 2749 ,
871 2686 960 2752 qui
990 2695 1108 2755 post
1143 2689 1361 2759 multas,
1395 2708 1526 2765 quas
1556 2711 1652 2766 pro
1675 2676 1890 2757 nomine
1915 2676 2144 2761 Redem-

550 2770 724 2837 ptoris
764 2780 848 2826 est
876 2789 1066 2843 passus
1115 2778 1372 2849 injurias,
1424 2785 1655 2855 qualiter
1697 2788 1765 2845 de
1789 2792 2009 2863 antiquo
2050 2795 2144 2852 illo

549 2871 804 2930 serpente
829 2866 1261 2939 triumphaverit,
1293 2872 1556 2946 hodieque
1585 2881 1794 2950 populis
1816 2884 2137 2945 declaratur.

548 2947 796 3022 Denique
810 2955 866 3009 si
895 2956 948 3011 in
972 2962 1273 3031 quempiam
1305 2965 1358 3019 in
1390 2966 1473 3023 his
1498 2947 1631 3027 locis
1659 2947 1880 3033 coluber
1902 2994 2141 3036 morsum

549 3043 820 3115 stringens
850 3064 1055 3108 venena
1093 3053 1384 3128 diffuderit,
1433 3066 1704 3133 extemplo
1731 3069 1821 3139 qui
1853 3085 2140 3141 percussus

548 3144 663 3202 est,
697 3148 754 3194 ut
786 3141 1006 3210 januam
1046 3148 1169 3204 atrii
1198 3159 1305 3221 quo
1344 3151 1543 3226 Martyr
1570 3157 1827 3229 quiescit,
1878 3166 2135 3236 attigerit,

2211 1982 2223 1994 .
2256 1934 2586 1992 Salvatorem
2618 1939 2837 2007 mundi,
2882 1954 3046 1997 sanus
3080 1942 3360 2000 abscessit.
3408 1946 3559 2013 Quod
3601 1949 3839 2007 videntes

2252 2024 2564 2097 Christiani,
2598 2031 2689 2101 qui
2718 2031 2771 2087 in
2799 2032 2913 2102 ipsa
2953 2034 3271 2091 tenebantur
3294 2036 3640 2106 inﬁrmitate,
3667 2043 3840 2112 queri-

2252 2122 2459 2177 monias
2507 2122 2703 2181 Sancto
2747 2126 3016 2195 inferunt,
3062 2129 3304 2186 dicentes
3337 2149 3349 2184 :
3380 2133 3520 2189 Ecce
3562 2150 3663 2191 nos
3710 2136 3840 2194 bene

2253 2213 2422 2269 Deum
2451 2215 2704 2284 confessi,
2729 2219 2891 2290 833
2928 2221 3153 2277 necdum
3186 2224 3475 2281 meruimus
3505 2227 3745 2298 liberari,
3787 2240 3836 2286 et

2250 2302 2559 2363 incredulus
2583 2307 2667 2364 hic
2690 2310 2740 2363 in
2764 2310 3037 2367 Christum
3060 2312 3282 2383 Regem,
3307 2316 3656 2376 circumcisus
3680 2335 3834 2378 carne

2249 2412 2355 2454 non
2386 2401 2568 2467 corde,
2600 2415 2762 2457 sanus
2791 2403 3047 2460 abscedit.
3082 2405 3149 2461 Et
3193 2408 3306 2462 luteo
3335 2408 3579 2466 dicentes
3608 2426 3726 2467 cum
3756 2413 3829 2467 ira

2245 2487 2472 2561 Iyehnos
2514 2491 2767 2559 basilicae,
2798 2495 2885 2561 qui
2918 2509 2983 2550 ex
3022 2508 3233 2551 camera
3261 2497 3658 2567 dependebant,
3688 2516 3828 2557 com-

2246 2580 2491 2637 minuere
2507 2593 2805 2652 cmperunt.
2824 2584 2930 2640 Sed
2952 2601 3052 2642 nec
3074 2588 3156 2642 his
3177 2588 3345 2644 defuit
3365 2591 3728 2648 misericordia
3744 2609 3825 2664 po-

2224 2671 2440 2726 etulata
2466 2689 2479 2725 :
2503 2686 2625 2727 nam
2655 2674 2769 2741 ipsa
2790 2674 2881 2730 die
2911 2677 3083 2731 sanati
3105 2678 3170 2731 ad
3195 2679 3407 2749 propria
3437 2689 3561 2736 sunt
3579 2684 3821 2754 regressi.

2788 2786 3016 2845 CAPUT
3054 2787 3138 2847 CI.

2460 2921 2539 2977 De
2563 2923 2751 2995 insigni
2775 2933 2822 2980 et
2847 2927 3074 2998 glorioso
3121 2938 3346 2999 martyre
3370 2928 3594 3000 Georgio.

2320 3056 2478 3111 Multa
2501 3054 2527 3094 ἀ
2552 3057 2619 3113 de
2641 3058 2871 3128 Georgio
2900 3068 3136 3133 martyre
3165 3061 3420 3118 miracula
3450 3070 3601 3134 gesta
3630 3078 3823 3135 cogno.

2245 3148 2419 3203 vimus
2447 3148 2573 3218 (An.
2595 3150 2726 3215 284,
2770 3149 2843 3205 25
2865 3150 3081 3222 April.),
3113 3152 3180 3208 de
3209 3154 3400 3223 quibus
3428 3169 3594 3225 pauca
3624 3155 3819 3210 locutu-

549 3240 865 3298 compresso
920 3244 1158 3303 tumore,
1190 3242 1354 3313 832
1383 3256 1637 3303 evacuata
1666 3249 1863 3307 virtute
1911 3257 2138 3323 veneni,

2250 3255 2341 3296 rus
2370 3216 2509 3295 sum.
2558 3239 2730 3309 Ilujus
2757 3241 2900 3296 enim
2932 3243 3176 3314 reliquie:
3208 3260 3329 3300 cum
3357 3246 3684 3315 reliquorum
3707 3262 3820 3302 san-

549 3318 810 3375 salvatur.
847 3323 930 3377 Ex
975 3327 1166 3395 quibus
1200 3333 1476 3400 nonnulli,
1524 3346 1583 3393 ut
1623 3340 1834 3398 celebre
1872 3318 2143 3415 vulgatum

549 3417 655 3473 est,
680 3411 790 3481 jam
823 3416 1008 3470 tumidi
1046 3420 1202 3476 mala:
1232 3423 1418 3481 bestiae
1449 3427 1590 3497 ictu,
1632 3432 1741 3502 jam
1775 3443 1886 3491 toto
1915 3411 2143 3511 corpore

550 3500 887 3561 incrassante
914 3522 1121 3565 veneno
1148 3514 1200 3569 in
1230 3514 1333 3572 hoc
1361 3520 1590 3587 perﬁati,
1622 3500 1681 3578 ut
1705 3528 1948 3596 spiritum
1979 3500 2142 3589 exha-

551 3590 747 3661 Iarent,
791 3598 932 3655 inter
959 3617 1149 3660 manus
1178 3606 1363 3675 delati,
1395 3618 1449 3667 et
1488 3612 1541 3668 in
1581 3590 1928 3688 atrio-positi
1952 3664 1968 3685 .
2019 3636 2144 3683 sunt

550 3688 726 3743 sanati
751 3706 766 3743 :
791 3704 889 3747 nec
921 3708 1153 3765 unquam
1178 3697 1247 3753 ob
1277 3698 1379 3756 hoc
1407 3702 1555 3759 virus
1583 3706 1736 3763 obire
1761 3708 2032 3770 hominem
2062 3716 2141 3772 fas

549 3787 670 3849 est,
702 3781 748 3838 si
789 3798 999 3843 sacrum
1031 3788 1191 3847 limen
1223 3792 1327 3848 ﬁde
1369 3795 1558 3865 plenus
1600 3802 1855 3874 attigerit.

1180 3905 1407 3964 CAPUT
1445 3911 1507 3967 C.

906 4016 985 4072 De
1027 4022 1225 4094 egregio
1252 4036 1487 4098 martyre
1530 4028 1778 4088 Domitio.

619 4127 886 4189 Domitius
913 4138 1158 4207 equidem
1207 4142 1343 4198 alius
1372 4156 1577 4219 martyr
1624 4149 1677 4204 in
1720 4150 1821 4205 hac
1856 4163 1878 4191 ε
1912 4154 2137 4211 habetur

546 4224 799 4293 regione,
848 4230 937 4297 qui
978 4245 1099 4286 cum
1126 4234 1291 4290 multa
1338 4236 1596 4295 beneﬁcia
1645 4241 1836 4299 incolis
1880 4255 2135 4316 prmstet,

545 4314 782 4371 sciaticis
807 4327 981 4374 tamen
1007 4324 1178 4379 veloci
1209 4328 1402 4385 virtute
1429 4334 1676 4389 medetur
1695 4314 1893 4407 (Am...
1919 4338 1952 4391 5
1971 4314 2134 4411 Jul.).

545 4403 679 4459 Nam
720 4406 892 4464 fertur
916 4412 983 4465 ab
1014 4411 1115 4469 hoc
1145 4415 1374 4472 Sanctus
1414 4421 1582 4478 fuisse
1603 4465 1617 4487 ,
1658 4403 1785 4480 dum
1827 4426 1880 4482 in
1910 4403 2136 4498 corpore

545 4506 693 4551 esset
720 4500 946 4568 positus,
977 4502 1161 4561 dolore
1203 4507 1469 4567 detentus.
1506 4513 1746 4584 Denique
1776 4533 1898 4573 cum
1927 4520 2130 4586 multis,

621 4640 648 4721 ξ
684 4633 845 4721 yaria
886 4635 1083 4721 horum
1132 4651 1426 4712 martyrum
1467 4645 1604 4721 _Acta
1648 4648 2126 4721 circumferuntur,

545 4702 642 4756 sed
669 4704 848 4783 dubia.
883 4707 1121 4764 Certiora
1152 4702 1424 4783 sunt'quaz
1450 4716 1518 4771 de
1545 4702 1917 4776 eoruntcultur
1942 4702 2131 4777 mihi

546 4775 996 4863 raculisﬂveteres
1037 4775 1537 4863 ptts_sitt_t__scribunt.
1586 4788 1660 4844 De
1689 4789 1794 4863 _l_tis
1824 4775 1876 4863 in
1900 4775 2130 4863 synodo

544 4848 779 4920 generali
822 4865 888 4902 vn
912 4888 927 4914 ,
972 4848 1078 4906 act.
1112 4856 1159 4909 ri.
1202 4855 1360 4909 Missa
1391 4861 1440 4911 in
1472 4874 1657 4913 eorum
1689 4859 1859 4916 Natali
1900 4848 2131 4920 habetur

545 4915 599 4969 in
636 4916 1063 5003 Sacramentario
1108 4926 1460 5003 Gregnriano.
1492 4930 1715 4986 Sanctus
1744 4915 1913 4989 Sabas
1942 4915 2131 5003 pater;

547 5003 668 5041 natu
700 4989 916 5045 domum
966 4993 1017 5046 in
1066 4989 1346 5052 ecclesiam
1391 5015 1572 5055 eorum
1607 5004 1880 5059 memoriae
1927 4989 2132 5062 sacram

548 5073 906 5143 commutasse
950 5063 1162 5143 diei_tur.
1198 5068 1338 5143 Duas
1385 5073 1641 5127 ecclesias
1675 5074 1804 5143 ipsis
1850 5076 2137 5133 aediﬁcavit

545 5127 909 5216 JtlSlIfIIIII‘nIIS,
941 5150 1004 5216 ex
1040 5136 1331 5216 Procopio,
1373 5151 1425 5194 et
1454 5127 2010 5216 ttttamgllom‘mﬁft‘eli—x
2040 5150 2131 5216 IV,

545 5204 713 5294 sancjti
745 5204 987 5294 Gregorii
1016 5204 1229 5294 atayus.
1261 5204 1525 5294 vincantur
1547 5230 1574 5267 a
1605 5214 1805 5294 Graecis
1831 5204 2128 5294 ᾁγᾴργυροιξ

546 5272 1035 5349 tjtt9d_tttetlicittam
1065 5280 1268 5349 absque
1304 5281 1453 5335 lucro
1480 5272 1786 5342 exercuisse
1826 5272 2088 5344 dicantur.

618 5340 993 5428 bADeesthoc
1037 5340 1197 5428 caput
1242 5352 1297 5428 in
1552 5366 1650 5409 tut.
1709 5340 2128 5428 IIujus’WIII'tovcvtn

548 5416 796 5499 martyris
828 5418 1016 5499 Natale
1053 5416 1191 5499 apud
1231 5423 1567 5499 Antiochiam
1614 5416 1885 5483 celebrant
1915 5431 2127 5499 vulgata

550 5483 921 5566 Martyrologia
968 5491 1054 5545 tlie
1084 5483 1338 5566 S-Marlii.
1371 5495 1451 5548 An
1482 5495 1622 5550 idem
1657 5500 1723 5552 sit
1764 5500 1854 5566 qui
1892 5483 2126 5555 hormia:

546 5568 647 5635 nus
696 5559 1147 5635 apudSynppem
1178 5564 1344 5632 vixit,
1394 5567 1590 5635 quique
1619 5582 1647 5622 a
1678 5559 1863 5624 sancto
1914 5572 2127 5635 Asterie
2192 5582 2193 5585 ‘

544 5627 814 5703 Amasene
846 5627 1117 5697 laudatur,
1150 5650 1259 5690 non
1302 5627 1436 5691 adeo
1466 5627 1670 5692 certum
1702 5649 1802 5694 est.
1843 5628 1969 5695 Vide
1995 5630 2126 5703 Acta

545 5695 963 5777 mairtgsntcelra,
995 5695 1245 5777 pag-.627
1265 5748 1281 5774 ,
1310 5719 1364 5762 et
1391 5708 1633 5776 Bolland.
1657 5752 1671 5777 ,
1706 5711 1770 5764 ad
1818 5709 1850 5762 5
1899 5695 2090 5769 Martii.

620 5776 648 5851 ’ζ
676 5766 843 5851 Sicet
861 5766 1019 5851 _ClarI_
1036 5766 1303 5851 blinqu
1326 5766 1679 5851 prmcedentia
1710 5782 1880 5851 capita
1907 5766 2121 5851 desunt,

540 5836 684 5895 unde
711 5839 903 5908 aliquis
942 5836 1291 5901 substituit'in
1323 5836 1512 5915 "Syria.
1554 5836 1850 5910 Domitium
1889 5836 2123 5918 in'Svri'a

2160 4598 2215 4659 D

2248 3341 2457 3388 ctorum
2486 3347 2515 3386 a
2545 3334 2861 3403 quihusdam
2892 3334 3202 3393 ferebantur
3229 3356 3241 3393 :
3266 3338 3362 3395 sed
3392 3354 3516 3395 cum
3542 3342 3820 3410 portitores

2246 3425 2312 3479 ad
2343 3426 2517 3480 locum
2548 3426 2834 3496 quemdam
2860 3427 3194 3485 Lemovicini
3213 3432 3434 3487 termini
3463 3431 3820 3499 advenissent,

2246 3516 2335 3573 ubi
2379 3517 2491 3587 jam
2540 3519 2694 3587 pauci
2730 3519 2938 3586 clerici,
2971 3531 3225 3579 conserto
3257 3525 3453 3595 ligneis
3483 3526 3677 3582 tabulis
3707 3542 3821 3583 ora-

2247 3613 2404 3677 torio,
2458 3611 2740 3668 Dominum
2780 3614 2995 3670 assidue
3049 3617 3434 3685 precabantur,
3493 3621 3821 3676 mansionem

2242 3704 2537 3775 postulant.
2582 3705 2936 3780 Susceptique
2966 3708 3194 3780 benigne
3225 3720 3439 3766 noctem
3473 3727 3595 3767 cttm
3619 3713 3820 3769 creteris

2242 3796 2499 3853 fratribus
2538 3800 2815 3869 psallendo
2868 3802 3162 3859 deducunt.
3220 3803 3376 3860 Mane
3435 3813 3615 3862 autem
3663 3806 3817 3873 facto,

2240 3890 2635 3959 apprehensum
2667 3895 2948 3964 capsulam
2970 3892 3153 3950 levare
3173 3896 3391 3964 penitus
3419 3910 3527 3951 non
3554 3898 3815 3953 valebant.

2243 3981 2483 4054 Denique
2516 4001 2636 4040 cum
2681 3987 2783 4042 iter
2809 4002 2970 4057 agere
3001 3988 3118 4043 sine
3145 3988 3368 4059 pignore
3398 3998 3586 4046 sancto
3616 3991 3820 4060 penitus

2242 4077 2549 4146 nequirent,
2594 4085 2649 4131 et
2689 4077 2770 4133 eis
2822 4078 3092 4133 maximus
3134 4079 3288 4134 dolor
3317 4082 3480 4136 animi
3520 4081 3820 4151 insedisset,

2242 4168 2574 4237 intelligunt,
2601 4170 2896 4239 inSpirante
2944 4170 3052 4239 (Al.
3082 4171 3402 4243 imperante)
3436 4174 3565 4240 Deo,
3600 4175 3696 4230 sibi
3726 4176 3821 4229 ali-

2241 4259 2368 4329 quid
2391 4274 2457 4314 ex
2492 4261 2575 4315 his
2602 4261 2655 4315 in
2689 4263 2807 4317 loco
2838 4263 3145 4335 relinquere
3169 4274 3441 4334 oportere.
3472 4266 3625 4323 Tune
3654 4269 3822 4339 inqui-

2244 4350 2363 4404 sitis
2407 4350 2648 4420 ligaturis
2678 4353 2969 4425 divisisque
3018 4355 3319 4425 particulis,
3367 4358 3566 4414 seniori
3601 4361 3689 4430 qui
3718 4362 3820 4417 eel-

2242 4441 2365 4497 lultn
2398 4454 2628 4511 praeerat
2655 4444 2967 4515 largiuntur,
3002 4448 3371 4520 relinquentes
3402 4459 3607 4520 partem
3639 4460 3820 4521 patro-

2242 4531 2390 4600 cinii,
2440 4541 2713 4591 sumentes
2746 4535 3053 4594 facultatem
3094 4555 3201 4610 quo
3238 4541 3520 4599 voluerant
3575 4543 3819 4602 abeundi.

2240 4683 2456 4751 passum
2504 4682 2806 4751 memorant
2848 4673 3156 4751 Latinorum
3204 4678 3615 4751 Martyrologia,
3668 4696 3820 4751 quem

2244 4739 2531 4820 Qaronius,
2576 4742 2762 4820 nescio
2807 4760 2924 4820 qua
2956 4746 3225 4820 de_cau_sa
3270 4739 3698 4820 ab'istovqu'etn'
3744 4755 3822 4810 hic

2241 4808 2527 4890 gregarius
2576 4812 2784 4890 Iaudat_
2798 4808 3098 4890 distinguit.
3132 4817 3304 4873 Graeci
3349 4808 3686 4890 Dometi'um,
3733 4808 3820 4878 seu

2241 4881 2633 4964 Dometinnem,
2665 4884 2717 4964 in
2745 4881 2994 4964 Phrygia:
3010 4896 3301 4964 martyrem
3331 4881 3819 4964 sthttliano'Apo-

2239 4961 2397 5015 stata,
2425 4954 2699 5009 celebrant
2728 4954 2813 5010 die
2840 4954 2916 5011 25
2941 4958 3137 5012 Martii.

2311 5020 2477 5103 dﬁlloc
2500 5035 2684 5103 _ca_put
2733 5027 2970 5103 deestjn
2998 5029 3284 5103 Golh.',{tut.
3317 5043 3389 5103 et,
3417 5046 3539 5087 cum
3570 5046 3818 5103 sequente

2238 5092 2292 5147 in
2324 5093 2465 5148 Clar.
2500 5095 2555 5173 b_.
2588 5092 2747 5173 ijlura
2792 5097 3005 5173 quidem
3039 5100 3106 5155 de
3140 5092 3329 5156 sancto
3359 5102 3590 5173 Georgio
3627 5092 3818 5173 vulgati

2239 5174 2487 5241 auctores
2531 5165 2746 5241 habent,
2781 5165 2875 5221 sed
2903 5170 3021 5237 ejus
3051 5174 3183 5225 Acta
3233 5173 3393 5241 plane
3440 5165 3567 5228 sunt
3619 5165 3817 5230 ﬁctiiia.

2241 5234 2431 5289 Varios
2460 5238 2726 5308 cruciatus
2748 5253 2883 5308 quos
2913 5234 3132 5308 pertulit
3162 5234 3343 5297 narrat
3369 5242 3690 5299 Fortunatus
3722 5246 3816 5301 lib.

2196 5316 2199 5319 ‘
2238 5321 2274 5359 tt
2304 5321 2470 5379 carm.
2493 5308 2579 5379 f5.
2605 5307 2887 5369 Celebrem
2911 5309 3028 5379 ejus
3051 5316 3367 5367 memoriam
3384 5313 3549 5370 fuisse
3571 5314 3621 5369 in
3638 5317 3819 5372 Orien-

2239 5386 2291 5455 te
2318 5385 2370 5430 et
2398 5376 2688 5455 Occidente
2722 5376 2956 5455 probant
2999 5385 3304 5452 complures
3332 5383 3569 5441 basilicas
3616 5389 3670 5440 in
3707 5387 3817 5455 ejus

2240 5447 2498 5529 honorem
2523 5448 2634 5530 jam
2665 5447 2867 5505 saéculo
2891 5462 3095 5530 _sexto__
3116 5447 3558 5530 constructaetet
3586 5447 3818 5530 plerique

2236 5517 2541 5592 ἰξύας-ρ)νὶ
2572 5531 2841 5587 auctores,
2875 5522 2941 5577 de
2987 5523 3181 5592 quibus
3232 5524 3346 5580 fuse
3387 5517 3817 5582 Bollandiani'ad

2236 5589 2378 5643 diem
2407 5589 2476 5641 23
2498 5591 2713 5668 Aprilis.
2746 5593 2873 5668 Ejus
2904 5589 3218 5668 martyrium
3251 5611 3391 5651 anno
3412 5596 3519 5651 284
3543 5600 3817 5668 consigna-

2234 5674 2373 5736 mus,
2407 5675 2512 5736 quo
2543 5662 2958 5736 Carinascilicet
2989 5681 3024 5719 tt
3046 5662 3101 5719 ἐι
3128 5665 3446 5721 Numeriano
3468 5684 3599 5723 coss.
3636 5662 3816 5736 passus

2231 5730 2425 5785 dicitur
2454 5732 2504 5784 in
2551 5731 2818 5789 Chronico
2847 5736 3214 5791 Alexandrino
3259 5752 3356 5792 seu
3409 5730 3672 5796 Paschali.
3707 5740 3804 5799 Alii

2230 5802 2475 5858 eumdem
2502 5803 2602 5859 sub
2632 5803 2794 5860 Decio
2824 5820 3038 5877 passum
3072 5808 3235 5865 fuisse
3265 5810 3466 5867 volunt.
