4072 6346
264 402 377 462 793

1093 389 1598 458 MIRA'CULORUM
1636 392 1771 453 LIB.
1808 392 1852 451 I.
1894 390 1986 451 DE
2023 390 2279 453 GLORIA
2317 388 2728 454 MARTYRUM.

3446 396 3553 463 79ι

267 521 550 582 Habentur
576 518 739 577 etiam
769 516 886 588 ejus
927 516 1167 581 reliquias
1197 516 1250 572 in
1279 516 1402 572 vico
1430 514 1663 583 quodam
1688 511 1863 568 Ceno-
1886 508 1943 575 Α
1968 523 2091 564 nam
2121 523 2152 565 a
2182 509 2393 566 Junana
2422 518 2669 568 matrona
2715 508 2877 569 fuisse
2918 511 3161 583 pecuniis
3195 512 3549 572 sublevatam.

266 626 541 682 manenst,
595 611 686 668 ubi
729 612 896 667 multa
945 610 1154 680 plerum
1215 623 1320 680 que
1367 609 1622 664 miracula
1679 615 1859 662 osten-

265 710 497 767 duntur.
548 706 679 762 Nam
719 706 869 772 caeci,
925 705 1123 769 claudi,
1181 703 1486 774 frigoritici,
1535 701 1623 757 vel
1667 699 1861 770 reliqui

270 800 496 866 inﬁrmi,
527 799 726 871 saepius
765 797 1155 868 ibi_sanitatutn
1180 797 1353 868 gratia
1373 801 1746 851 munerantur.

879 909 1108 968 CAPUT
1146 907 1255 966 CII.

600 1006 676 1063 De
710 1006 917 1062 Isidoro
941 1005 1263 1060 sanctissimo
1295 1011 1536 1074 martyre.

343 1120 509 1194 83E.
526 1120 764 1179 Isidorus
786 1131 813 1161 ⁸
829 1130 1036 1194 martyr
1059 1122 1111 1177 in
1134 1121 1305 1176 insula
1323 1117 1459 1176 Chio
1487 1116 1714 1189 quiescit
1735 1117 1859 1186 (An.

270 1214 400 1283 250,
433 1215 499 1271 15
530 1215 710 1287 Maii),
729 1217 807 1272 sic
826 1216 969 1272 enim
992 1230 1190 1272 nomen
1217 1224 1300 1271 est
1321 1214 1531 1281 insulae,
1561 1223 1780 1282 puteum
1805 1211 1859 1265 in

272 1310 497 1367 basilica
524 1310 706 1367 Sancti
737 1310 962 1378 habens,
994 1310 1049 1366 in
1091 1324 1195 1380 quo
1225 1317 1278 1363 et
1310 1308 1479 1363 fertur
1508 1305 1760 1377 injectus,
1793 1302 1861 1358 de

278 1401 433 1470 cujus
475 1415 609 1472 aqua
653 1401 1005 1473 energumeni
1037 1386 1531 1469 febricitantesque,
1554 1396 1638 1452 vel
1668 1394 1861 1465 reliqui

274 1492 498 1561 inﬁrmi,
545 1493 742 1565 saepius
782 1494 953 1565 potati
997 1494 1289 1550 salvantur.
1337 1492 1541 1548 Dicitur
1583 1491 1657 1545 ibi
1701 1489 1862 1545 etiam

274 1592 479 1657 ldmen,
524 1606 678 1663 quasr
716 1606 907 1648 cereus
955 1591 1173 1658 ardens,
1221 1606 1252 1645 a
1295 1590 1546 1645 ﬁdelibus
1582 1601 1727 1659 saepe
1777 1587 1862 1640 vi-

274 1686 417 1742 deri.
460 1686 567 1742 Sed
594 1694 649 1741 et
680 1702 778 1757 ego
809 1686 915 1742 vidi
946 1685 1322 1757 presbyterum
1353 1683 1441 1753 qui
1469 1697 1529 1739 se
1558 1680 1865 1736 afﬁrmabat

274 1781 381 1835 hoc
404 1780 581 1834 lumen
603 1780 671 1836 de
698 1794 792 1835 ore
823 1780 967 1849 putei
994 1777 1240 1851 crebrius
1264 1775 1685 1844 contemplatttm
1716 1786 1858 1827 esse.

278 1873 633 1976 In‘bac‘enim
660 1873 839 1976 ‘in‘sula
881 1881 936 1929 et
969 1887 1196 1976 granum
1236 1870 1501 1976 colligitur
1522 1867 1763 1970 masticis
1795 1866 1861 1922 ab
1890 1882 1940 1944 Β

276 1964 568 2020 arboribus
596 1964 828 2031 celebre,
863 1980 1005 2035 quae,
1057 1973 1114 2020 ut
1152 1964 1354 2031 ferunt,
1404 1961 1523 2018 aliis
1576 1974 1681 2016 non
1713 1959 1859 2015 inve-

276 2054 496 2111 niuntur
522 2056 577 2111 in
606 2054 938 2126 regionibus.

876 2166 1101 2224 CAPUT
1140 2165 1271 2225 CIII.

656 2260 733 2314 De
759 2267 933 2316 sancto
960 2258 1200 2315 Poliocto
1230 2257 1479 2329 Martyre.

359 2352 517 2424 Apud
566 2352 1085 2423 Constantinopolim
1116 2366 1245 2408 vero
1274 2366 1472 2421 magno
1501 2349 1647 2405 cultu
1692 2348 1867 2406 Polio-

276 2456 400 2503 ctus
419 2443 446 2483 ι)
478 2454 679 2517 martyr
705 2446 1041 2517 colitur(An.
1067 2444 1195 2511 250,
1209 2453 1298 2498 aut
1316 2443 1443 2509 252,
1471 2442 1536 2496 13
1560 2440 1745 2512 Feb.),
1767 2455 1868 2512 pro

278 2553 347 2596 eo
370 2540 636 2609 praecipue
658 2539 801 2610 quod
836 2554 958 2594 cum
991 2538 1198 2607 magnis
1228 2537 1520 2593 virtutibus
1556 2536 1780 2607 polleat,
1814 2536 1870 2594 in

279 2633 509 2704 perjuris
551 2643 730 2689 tamen
768 2645 1008 2702 praesens
1062 2632 1207 2685 ultor
1241 2628 1423 2685 existit
1450 2639 1498 2684 ο.
1559 2628 1693 2684 Nam
1751 2628 1872 2698 qui-

262 2738 521 2795 cunque,
565 2737 623 2780 ut
679 2724 899 2791 assolet,
948 2722 1216 2778 occultum
1257 2720 1431 2777 scelus
1473 2720 1772 2787 admiserit,
1815 2731 1871 2776 et

280 2820 405 2876 data
435 2820 743 2889 suspicione
790 2820 857 2875 ad
908 2819 1010 2874 hoc
1057 2820 1349 2889 perductus
1396 2817 1555 2873 fuerit
1583 2818 1864 2889 templum,

281 2918 374 2966 aut
400 2912 579 2966 statim
602 2911 743 2981 quod
763 2912 982 2967 admisit
1015 2912 1214 2967 virtute
1249 2911 1498 2982 Martyris
1546 2912 1869 2982 perterritus

288 3003 611 3071 conﬁtetur,
651 3014 741 3059 aut
769 3004 816 3059 si
845 3005 1224 3074 perjuraverit,
1265 3007 1513 3075 protinus
1556 3004 1761 3061 ultione
1786 3005 1871 3059 di-

290 3094 418 3150 vina
458 3095 789 3164 percellitur.
844 3094 1013 3165 Hujus
1058 3095 1295 3151 basilicae
1343 3110 1613 3152 cameram
1662 3096 1873 3150 Juliana

284 3187 526 3259 quaedam
554 3187 704 3243 urbis
747 3187 891 3243 illius
916 3196 1161 3243 matrona
1193 3186 1219 3224 ά
1250 3202 1383 3243 auro
1412 3189 1699 3257 purissimo
1744 3189 1873 3243 texit

1961 602 2033 658 At
2076 602 2165 659 illa
2201 604 2503 675 intelligens
2551 606 2892 676 imperatoris
2935 608 3226 678 ingenium,
3275 611 3550 680 sapienter

1960 696 2165 766 obtegit
2210 710 2329 766 quae
2364 698 2475 753 Deo
2516 698 2830 768 devoverat,
2864 699 3048 756 dicens
3079 718 3093 755 :
3126 700 3367 757 Parvitas
3400 701 3551 758 redi-

1962 798 2115 845 tnum
2138 804 2381 846 meorum
2410 800 2517 845 tam
2545 792 2613 848 de
2652 792 2893 859 tributis,
2916 807 3078 864 quam
3107 794 3250 865 quod
3271 793 3339 849 de
3365 794 3549 851 fructi-

1963 882 2065 939 bus
2092 889 2362 952 speratur,
2396 896 2492 951 per
2514 883 2659 953 ipsas
2679 884 2857 940 adhuc
2879 884 3081 941 residet
3102 884 3324 952 domos;
3355 886 3398 940 si
3420 899 3551 956 ergo

1962 972 2131 1044 gloria
2176 982 2353 1029 vestra
2388 974 2687 1044 recipiendi
2714 976 2948 1046 spatium
2983 977 3253 1044 tribuerit,
3283 991 3405 1032 eum
3434 977 3550 1033 col—

1961 1067 2159 1123 lectum
2212 1066 2401 1136 fuerit,
2453 1072 2761 1141 conspectui
2813 1080 2991 1128 vestro
3047 1073 3547 1144 reprtesentabitur.

1963 1162 2204 1233 Cumque
2247 1165 2421 1219 oculis
2460 1165 2693 1236 propriis
2726 1177 2913 1223 cuncta
2937 1168 3287 1239 contemplati
3319 1168 3548 1237 fueritis,

1964 1267 2085 1323 quae
2114 1253 2415 1323 placuerint
2444 1263 2501 1310 et
2526 1256 2867 1329 relinquetis,
2898 1268 2954 1315 et
2971 1259 3246 1316 auferetis.
3273 1260 3391 1315 Erit
3417 1260 3551 1315 mihi

1966 1354 2138 1401 ratum
2170 1348 2310 1417 quod
2352 1347 2600 1405 voluntas
2628 1351 2807 1406 cordis
2834 1353 3000 1408 vestri
3030 1354 3322 1409 censuerit.
3357 1352 3449 1408 llis
3475 1353 3552 1408 ita

1965 1438 2184 1496 delusus
2225 1442 2520 1512 imperator
2557 1443 2755 1514 verbis,
2789 1444 2853 1499 ad
2886 1444 3144 1515 palatium
3182 1444 3420 1515 gaudens
3464 1458 3556 1499 re-

1966 1537 2087 1605 diit,
2136 1546 2327 1607 putans
2357 1554 2417 1595 se
2460 1538 2597 1595 hanc
2624 1540 2905 1609 pecuniam
2934 1540 3047 1610 jam
3078 1540 3132 1595 in
3164 1538 3434 1594 thesauris
3458 1552 3556 1608 pu-

1967 1631 2123 1688 blicis
2155 1634 2410 1689 retinere.
2442 1634 2515 1689 At
2557 1633 2645 1689 illa
2700 1635 2904 1690 vocatis
2942 1634 3258 1702 artiﬁcibus,
3291 1641 3550 1704 quantum

1967 1726 2208 1794 reperire
2240 1727 2357 1780 auri
2400 1725 2453 1780 in
2481 1727 2865 1796 promptuariis
2899 1728 3092 1796 potuit,
3126 1725 3349 1782 tradidit
3373 1725 3554 1779 occul-

1976 1824 2050 1884 te,
2081 1816 2268 1873 dicens
2298 1835 2312 1870 :
2346 1817 2443 1884 Ite,
2476 1828 2529 1873 et
2567 1817 2721 1873 factis
2766 1818 2917 1887 juxta
2946 1832 3251 1874 mensuram
3290 1815 3558 1888 tignorum

2243 1909 2385 1965 beati
2425 1925 2488 1965 ex
2546 1910 2648 1964 hoc
2694 1910 2921 1965 Poliocti
2972 1910 3225 1980 martyris
3285 1921 3555 1965 cameram

1967 2010 2245 2069 exornate,
2277 2017 2347 2057 ne
2374 2002 2491 2058 haec
2516 2003 2661 2057 avari
2706 2002 3049 2070 imperatoris
3080 2015 3270 2055 manus
3304 2000 3551 2069 attingat.

1965 2092 2044 2149 Illi
2072 2109 2201 2149 vero
2230 2094 2470 2164 perfecta
2519 2094 2701 2149 omnia
2747 2110 2867 2163 quac
2910 2102 3158 2148 matrona
3192 2099 3552 2161 praeceperat,

1941 2197 2198 2239 camera:
2241 2184 2555 2251 afﬁxerunt,
2599 2194 2956 2254 lexeruntque
2983 2199 3051 2239 ex
3085 2198 3217 2238 auro
3244 2182 3553 2239 mundissi-

1968 2273 2226 2339 mo..Quo
2255 2289 2420 2343 opere
2450 2274 2729 2344 explicito,
2759 2285 2917 2330 vocat
2938 2274 3129 2329 mulier
3151 2275 3560 2343 imperatorem,

1968 2366 2152 2423 dicens
2181 2383 2196 2421 :
2222 2366 2467 2422 Parvitas
2492 2366 2815 2435 pecuniolm,
2838 2381 2999 2435 quam
3032 2363 3362 2435 conjungere
3385 2365 3560 2434 potui,

1971 2461 2123 2515 adest
2155 2476 2169 2515 :
2202 2460 2325 2516 veni
2354 2460 2423 2515 ad
2459 2460 2929 2529 contemplandum
2959 2474 3102 2525 eam,
3131 2467 3184 2514 et
3213 2458 3356 2528 quod
3385 2457 3561 2512 libue-

1970 2552 2042 2608 rit
2076 2551 2261 2615 facito.
2294 2551 2545 2607 Surrexit
2569 2551 2783 2621 gavisus
2818 2552 3111 2621 imperator
3151 2550 3219 2605 de
3239 2549 3396 2616 solio,
3428 2547 3563 2607 nihil

1973 2654 2321 2716 percepturus
2341 2661 2408 2701 ex
2432 2659 2564 2701 auro
2588 2661 2603 2699 :
2631 2646 2805 2715 pergit
2824 2644 2890 2700 ad
2911 2644 3131 2700 domum
3155 2642 3423 2708 mulieris,
3456 2656 3557 2711 pu—

1976 2744 2099 2791 tans
2146 2751 2207 2791 se
2260 2736 2510 2807 copiosos
2542 2735 2828 2792 thesauros
2871 2736 3066 2805 palatio
3110 2734 3415 2806 deportare.
3464 2730 3566 2788 Cui

1973 2842 2095 2883 cum
2144 2828 2313 2899 836
2341 2828 2535 2883 mulier
2580 2841 2864 2884 occursum
2907 2826 3181 2881 humiliter
3220 2825 3564 2890 reddidisset,

1976 2918 2172 2977 invitat
2222 2922 2277 2975 in
2345 2919 2604 2987 templum
2662 2919 2910 2990 Martyris
2954 2918 3022 2972 ad
3063 2915 3394 2981 orationem;
3449 2923 3565 2971 erat

1976 3014 2120 3070 enim
2151 3012 2456 3084 proximum
2484 3011 2671 3067 domui
2696 3011 2835 3080 ejus,
2868 3020 2924 3065 et
2950 3013 3067 3066 haec
3096 3025 3217 3079 qua:
3240 3009 3442 3064 habere
3471 3023 3565 3079 p0-

1976 3114 2155 3161 tuerat
2181 3105 2301 3160 loco
2345 3105 2419 3160 illi
2461 3104 2805 3173 delegaverat
2854 3111 3063 3158 sancto.
3095 3101 3442 3172 Apprebensa
3474 3114 3566 3155 au—

1980 3204 2088 3250 tem
2130 3194 2422 3265 imperator
2449 3209 2611 3250 manu
2639 3192 2903 3258 mulieris,
2935 3207 3003 3248 eo
3032 3192 3176 3263 quod
3207 3199 3352 3246 esset
3376 3206 3566 3256 senex,

284 3278 388 3334 hoc
416 3278 595 3335 modo.
635 3278 768 3335 Cum
799 3279 865 3334 ad
904 3281 1289 3349 imperatorem
1325 3279 1687 3335 Iustinianum
1729 3280 1869 3334 fama
1897 3260 1945 3327 C
1975 3260 2275 3362 ingreditur
2332 3287 2526 3354 mrtem,
2572 3286 2932 3356 prosternitur
2977 3260 3066 3341 adi
3093 3280 3415 3339 orationem.
3450 3282 3567 3349 Qua

294 3371 563 3426 facultatis
585 3371 700 3439 ejus
729 3371 909 3426 multis
940 3371 1281 3428 narrantibus
1304 3374 1660 3443 pervenisset,
1691 3373 1756 3427 ad
1781 3386 1873 3428 oe-

286 3480 499 3522 cursum
558 3465 700 3521 illius
740 3480 1031 3535 properare
1069 3465 1299 3521 celerius
1329 3479 1435 3521 non
1485 3464 1735 3529 tardavit,
1792 3463 1874 3520 di-

286 3570 413 3612 cens
438 3574 450 3609 :
478 3556 670 3613 Latere
695 3564 746 3612 te
767 3556 930 3629 835
960 3572 1067 3612 non
1098 3566 1249 3627 puto,
1276 3572 1309 3612 ο
1333 3557 1658 3612 venerabilis
1678 3564 1869 3627 mater,

287 3649 513 3720 qualiter
533 3664 564 3705 a
603 3649 785 3720 Specie
814 3652 930 3705 auri
962 3649 1204 3706 thesauri
1236 3650 1435 3720 publici
1466 3652 1575 3704 sint
1599 3649 1869 3717 exhausti,

288 3742 415 3798 dum
441 3757 539 3798 vos
574 3743 785 3812 quietos
814 3758 938 3800 esse
966 3746 1236 3811 volumus,
1285 3744 1409 3800 dum
1444 3745 1643 3816 patrias
1685 3744 1877 3801 defen-

264 3851 409 3895 sare
448 3837 756 3906 studemus,
780 3836 905 3892 dum
927 3847 1115 3909 gentes
1143 3838 1300 3893 nobis
1327 3839 1619 3908 placamus,
1643 3838 1769 3893 dum
1786 3853 1878 3896 so-

289 3928 414 3984 latia
445 3927 784 3983 diversorum
823 3928 1000 3983 dando
1040 3930 1430 3997 conquirimus.
1463 3930 1603 3998 Ergo
1634 3929 1755 3999 quia
1783 3929 1878 3984 tibi

290 4016 527 4090 potentia
578 4017 867 4086 Majestatis
913 4017 1111 4074 divinae
1165 4017 1393 4073 multum
1439 4019 1669 4073 contulit
1736 4019 1876 4087 auri,

291 4121 479 4179 quaeso
513 4114 572 4162 ut
592 4106 747 4162 nobis
795 4121 1010 4163 manum
1042 4108 1306 4180 porrigas,
1351 4116 1511 4177 atque
1557 4109 1758 4178 aliquid
1785 4124 1880 4179 pe-

299 4202 474 4259 cuniae
508 4199 841 4269 commodes,
884 4210 944 4257 ut
968 4201 1174 4258 scilicet
1204 4217 1325 4258 cum
1348 4200 1668 4258 tributorum
1700 4202 1879 4273 publi-

294 4308 481 4349 corum
521 4291 684 4348 fuerit
718 4306 929 4349 summa
957 4292 1158 4361 delata,
1184 4293 1327 4348 illico
1357 4293 1452 4349 tibi
1480 4309 1600 4365 quae
1642 4307 1884 4350 commo-

294 4385 506 4441 daveris
533 4385 916 4451 reformentur,
960 4400 1021 4441 ac
1049 4385 1104 4442 in
1142 4394 1441 4457 posterum,
1488 4386 1657 4443 laudis
1688 4395 1791 4442 tuae
1814 4387 1881 4441 ti-

298 4480 412 4537 tulo
446 4488 830 4551 prmeurrente,
863 4487 1083 4536 canatur
1106 4479 1296 4537 urbem
1324 4477 1882 4551 Constantinopolita-

1976 3382 2213 3451 expleta,
2236 3380 2313 3435 ait
2335 3380 2527 3436 mulier
2554 3396 2569 3433 :
2604 3378 2851 3445 Suspice,
2879 3392 3085 3448 quaeso,
3115 3390 3385 3433 cameram
3414 3375 3570 3444 hujus

1975 3474 2132 3539 aedis,
2164 3471 2552 3543 gloriosissime
2590 3472 2849 3542 Auguste,
2884 3478 2939 3525 et
2981 3469 3119 3524 scito
3140 3467 3265 3538 quia
3288 3472 3573 3537 paupertas

1975 3582 2093 3625 mea
2122 3567 2175 3622 in
2202 3567 2305 3623 hoc
2333 3580 2498 3637 opere
2527 3566 2856 3621 continetur.
2887 3562 2968 3618 Tu
3000 3577 3130 3617 vero
3158 3560 3302 3631 quod
3330 3559 3570 3614 volueris

1975 3659 2173 3718 exinde
2194 3658 2379 3725 facito,
2413 3672 2520 3713 non
2563 3656 2840 3712 adversor.
2887 3653 2982 3709 Ille
3002 3667 3134 3709 vero
3164 3651 3467 3720 suspiciens
3488 3658 3576 3703 at-

1976 3768 2081 3824 que
2111 3752 2406 3817 admirans,
2453 3749 2686 3813 erubuit,
2717 3756 2772 3803 et
2803 3762 2869 3802 ne
2919 3746 3094 3816 pudor
3121 3744 3236 3813 ejus
3266 3741 3579 3796 manifesta-

1978 3854 2147 3912 retur,
2190 3843 2507 3899 collaudans
2553 3855 2712 3909 opus,
2738 3849 2792 3895 et
2820 3839 3021 3909 gratias
3051 3850 3239 3907 agens,
3285 3832 3580 3889 abscedere

1979 3935 2164 4003 coepit.
2197 3934 2304 3990 Sed
2341 3947 2410 3988 ne
2436 3933 2638 3989 rediret
2679 3945 2880 3986 vacuus
2930 3946 2962 3985 a
2999 3943 3248 3996 munere,
3279 3934 3580 3982 extractum

1981 4024 2173 4080 mulier
2203 4023 2463 4079 annulum
2490 4036 2521 4075 a
2553 4022 2745 4092 digito,
2784 4021 2937 4089 cujus
2976 4034 3247 4091 gemmam
3280 4018 3403 4074 vola
3443 4032 3580 4074 cou-

1982 4118 2235 4185 eluserat,
2268 4116 2359 4186 qui
2389 4129 2496 4170 non
2526 4114 2760 4183 amplius
2787 4112 2903 4167 auri
2948 4110 3162 4181 pondus
3216 4126 3377 4180 quam
3420 4108 3581 4166 unius

1982 4206 2294 4265 semiuncia:
2346 4204 2677 4269 continebat,
2728 4200 2926 4259 obtulit
2968 4201 3043 4269 ei,
3091 4202 3276 4257 dicens
3315 4197 3581 4269 :Accipe,

1986 4302 2277 4371 imperator
2314 4284 2701 4365 sacratissime,
2759 4296 2865 4353 hoc
2912 4295 3292 4352 munusculum
3323 4294 3391 4349 de
3421 4307 3583 4350 manu

1986 4408 2126 4462 mea,
2152 4392 2295 4463 quod
2317 4404 2479 4461 supra
2510 4388 2747 4459 pretium
2771 4387 2936 4458 hujus
2956 4386 3078 4442 auri
3107 4384 3290 4441 valere
3309 4392 3583 4439 censetur.

1988 4487 2122 4543 Erat
2167 4485 2312 4543 enim
2354 4484 2409 4539 in
2434 4496 2500 4540 eo
2531 4483 2670 4553 lapis
2697 4480 3041 4539 Neronianus
3067 4490 3091 4519 ο
3121 4478 3272 4535 mira:
3299 4478 3583 4535 viriditatis

372 4618 597 4713 sCodd.
635 4656 789 4731 Mart.
824 4667 889 4715 .et
933 4656 1089 4714 Colb.
1128 4673 1179 4725 a,
1228 4656 1482 4715 Isidorus.
1513 4660 1757 4718 Celebris
1799 4671 1881 4718 est
1911 4640 1969 4704 Ῑ)
1991 4683 2024 4723 v
2073 4666 2245 4723 sancti
2290 4661 2551 4720 Polieucti
2594 4662 2839 4729 basilica,
2872 4662 2950 4718 uti
2980 4668 3131 4731 patet
3160 4672 3230 4731 ex,
3257 4659 3379 4715 Vita
3409 4655 3585 4727 Magni

298 4728 670 4805 martyr_apud
712 4728 929 4805 Graecos
974 4740 1027 4786 et
1067 4731 1312 4805 Latinos,
1329 4733 1570 4805 quamvis
1601 4734 1718 4805 ejus
1747 4733 1881 4789 Acta

264 4804 267 4809 ‘
296 4816 417 4873 gnte
449 4800 925 4873 habenturhnrevis
954 4811 1214 4869 scateant,
1242 4800 1402 4857 etiam
1444 4813 1499 4858 ct
1524 4800 1731 4871 Graios,
1763 4820 1882 4873 qum

297 4871 631 4925 Bollandiani
674 4871 957 4927 ediderunt
1003 4873 1069 4926 ad
1093 4873 1235 4929 diem
1281 4875 1350 4929 15
1397 4874 1539 4928 Maii.
1574 4871 1878 4941 Martyrium

298 4955 707 5014 consummasse
750 4943 943 5014 dicitur
988 4944 1089 4997 sub
1145 4944 1304 4999 Decio
1333 4960 1422 4998 an.
1456 4945 1562 4998 25:2
1590 4963 1603 5011 ;
1636 4947 1732 4998 sed
1777 4947 1886 5014 jam

300 5021 427 5064 tunc
462 5010 652 5065 Decius
678 5009 957 5066 defunctus
982 5021 1103 5066 erat
1125 5030 1138 5067 :
1174 5014 1317 5068 unde
1340 5009 1671 5069 Bollandiani
1699 5009 1887 5069 eorum

302 5079 618 5150 martyrium
669 5080 735 5133 ad
766 5094 853 5133 an.
899 5079 1009 5135 250
1056 5083 1361 5138 maluerunt
1404 5098 1679 5138 revocare.
1714 5084 1887 5138 Aliam

304 5152 466 5207 vitam
496 5150 849 5223 antiquiorem
866 5165 923 5205 se
946 5153 1210 5223 reperisse
1236 5162 1455 5208 monent
1475 5156 1525 5207 in
1544 5154 1885 5223 supplemen-

304 5224 394 5290 tis,
413 5236 650 5292 quamse
671 5222 886 5292 daturos
904 5221 1239 5291 pollicentur.
1262 5225 1333 5277 lbi
1350 5234 1403 5277 et
1421 5221 1663 5292 quaedam
1689 5224 1888 5282 habent

303 5294 372 5349 de
418 5291 653 5364 ejusdem
681 5291 852 5364 sancti
885 5293 1260 5364 translatione_
1293 5309 1385 5362 per
1443 5291 1672 5350 Venetos
1719 5295 1883 5352 facta.

302 5362 691 5421 Chio'celebris
713 5373 796 5421 est
820 5363 995 5420 insula
1019 5364 1183 5418 maris
1201 5362 1390 5435 (Egcei,
1416 5364 1555 5423 inter
1577 5368 1797 5422 Samum
1821 5383 1885 5424 ac

302 5436 536 5493 Lesbum
569 5438 687 5491 sita.

378 5507 404 5546 δ
436 5507 1012 5579 Passus‘estMelitina:
1052 5507 1106 5561 in
1147 5508 1424 5577 Armenia,
1453 5510 1605 5579 cujus
1631 5511 1761 5567 Acta
1789 5513 1884 5567 ha-

310 5579 529 5643 bentur.
561 5577 655 5632 sed
702 5593 808 5633 non
838 5581 973 5634 adeo
997 5580 1229 5645 sincera,
1264 5589 1319 5635 ut
1348 5577 1549 5650 absque
1579 5585 1748 5639 nzevis
1780 5584 1882 5639 dici

301 5650 529 5719 possint.
570 5650 721 5723 Illum
746 5650 844 5723 sub
862 5651 1027 5707 Decio
1055 5663 1109 5706 et
1142 5653 1426 5709 Valeriano
1476 5668 1691 5723 passum
1738 5670 1883 5709 asse-

300 5730 431 5796 runt
464 5762 478 5787 ,
522 5720 665 5775 unde
696 5722 932 5796 nascitur
960 5724 1028 5796 de
1057 5723 1173 5792 ejus
1199 5726 1440 5796 martyrii
1476 5720 1715 5793 tempore
1743 5727 1882 5779 diffi-

304 5790 519 5866 cultas,
547 5806 684 5866 cum
722 5791 791 5866 hi;
828 5792 933 5866 duo
964 5790 1129 5866 impp.
1163 5790 1458 5851 simul'non
1520 5790 1877 5866 regnaverint.

304 5861 441 5916 Vide
466 5861 709 5935 Bolland.
727 5862 791 5921 ad
815 5862 956 5918 diem
976 5865 1058 5935 _15
1079 5865 1378 5935 Februarii,
1402 5877 1457 5923 et.
1483 5861 1882 5925 Tillcmontium

303 5938 451 5991 tomo
473 5933 536 5990 lll
565 5935 698 5997 Hist.
734 5935 928 5993 eccles.
962 5933 1200 5997 Celebris
1247 5933 1371 5997 erat
1404 5938 1659 5998 Melitinze
1681 5941 1877 5999 saaculo

1990 4736 2483 4810 Euthymigquem
2516 4735 2686 4810 ipsius
2715 4742 2966 4804 parentes
2984 4729 3017 4787 a
3047 4733 3157 4787 Deo
3185 4729 3428 4798 ejusdem
3442 4743 3587 4784 mar-

1992 4807 2399 4882 tyris'precibus
2421 4807 2788 4882 obtinuerant.
3108 4878 3118 4882 _
3227 4870 3241 4882 _
3281 4871 3295 4882 _
3350 4870 3362 4882 .
3450 4867 3515 4882 ω

2069 4891 2091 4919 ο
2121 4868 2332 4960 (5b__ltoc
2363 4879 2527 4960 etiam
2559 4876 2699 4945 apud
2730 4874 2970 4960 francos
3011 4878 3126 4929 erat
3163 4870 3415 4928 celebris.
3450 4868 3586 4926 Vide

1990 4964 2154 5019 supra
2184 4949 2277 5004 lib.
2306 4963 2380 5001 Vll
2406 4947 2543 5002 Hist.
2577 4962 2695 5015 cap.
2727 4946 2781 5000 6.

2068 5017 2094 5054 ά
2123 5020 2236 5073 Huc
2263 5019 2401 5072 forte
2429 5021 2766 5071 revocandus
2794 5015 2983 5069 Codini
3030 5014 3081 5067 in
3120 5010 3428 5073 Originibus
3473 5008 3584 5064 GP.

1989 5089 2159 5151 locus,
2186 5088 2277 5142 ubi
2306 5084 3157 5141 narratJulianamValentiniani
3186 5082 3368 5146 ﬁliam,
3399 5082 3585 5135 uxoris

1990 5174 2120 5214 vero
2146 5156 2435 5213 Theodosii
2463 5156 2649 5225 Magni
2680 5169 2945 5219 sororem,
2978 5164 3207 5225 quatuor
3248 5160 3307 5225 et
3347 5152 3581 5225 amplius

1993 5245 2165 5286 annos
2192 5230 2245 5284 in
2268 5222 2591 5283 exstruendo
2616 5222 2723 5280 Cl’.
2748 5226 2919 5280 sancti
2940 5222 3214 5295 Polyeucti
3246 5223 3484 5295 basilica,
3503 5223 3586 5295 ἰη-

1993 5301 2313 5368 sumpsisse,
2345 5298 2619 5352 accersitis
2650 5297 2811 5351 etiam
2842 5312 2906 5350 ex
2960 5294 3093 5368 urbe
3140 5294 3322 5368 [iouia
3360 5294 3581 5349 artiﬁcis

1994 5364 2259 5429 bus.Vide
2288 5370 2477 5439 Cangii
2506 5368 2925 5437 descriptionem
2957 5365 3108 5439 urbis
3130 5365 3236 5419 ΟΡ.
3272 5364 3363 5439 lib.
3396 5381 3447 5419 tv

2069 5454 2091 5481 ο
2142 5441 2198 5497 Id
2240 5452 2321 5498 est
2376 5435 2702 5509 smaragdos
2735 5452 2966 5506 gemma.
3018 5435 3344 5509 .Sntat-agrlus
3388 5450 3586 5509 nempe

1996 5514 2322 5569 Neronianas
2353 5528 2419 5568 ex
2443 5507 2742 5581 Epiphanio
2774 5509 2867 5563 lib.
2894 5524 2968 5562 xu
3000 5508 3069 5562 de
3096 5507 3470 5581 gemmisgcap.
3500 5508 3587 5581 5_,

1995 5587 2136 5656 apud
2162 5578 2501 5648 Boilandum,
2526 5578 2607 5635 est
2640 5597 2795 5656 parra
2831 5583 3015 5656 forma,
3048 5580 3227 5632 viridis
3259 5578 3405 5631 valde
3433 5620 3443 5640 ,
3472 5579 3588 5656 pri.

1994 5650 2193 5711 lucidus
2221 5666 2267 5711 et
2296 5656 2584 5725 splendens.
2619 5651 2929 5725 Sicdictuttt
2962 5650 3103 5725 idem
3125 5657 3310 5725 auctor
3338 5652 3534 5725 asserit
3565 5694 3580 5715 ,

1992 5730 2135 5797 quod
2187 5720 2332 5782 Nero
2367 5727 2509 5797 hunc
2556 5724 2746 5793 lapidis
2775 5722 3013 5797 colorem
3044 5721 3149 5776 olei
3175 5720 3450 5797 cujusdam
3480 5734 3586 5797 ope

1993 5791 2309 5854 vividiorem
2362 5796 2589 5850 reddere
2611 5791 2978 5849 iconsueverit
3010 5810 3023 5847 ε
3054 5802 3143 5847 aut
3172 5801 3321 5845 certe
3343 5791 3412 5844 ab
3449 5792 3585 5845 arti-

1991 5870 2093 5925 fice
2122 5869 2373 5939 quodam,
2398 5866 2607 5921 Nerone
2636 5865 2925 5939 appellato,
2966 5863 3054 5933 qui
3085 5864 3201 5934 ejus
3232 5864 3582 5939 usunrmasi—

1990 5957 2077 5998 me
2118 5932 2591 5998 c'otometitlaverit.
2640 5932 2797 5993 Cet":
2840 5932 3127 5993 Neronem
3159 5932 3438 6001 smaragdo
3487 5932 3581 5986 Λευ
