4072 6346
545 368 652 427 795

1534 367 1592 424 S.
1631 366 1954 425 GREGOBII
1992 369 2291 427 EPISCOPI
2329 370 2759 432 TURONENSIS

3706 381 3827 439 796

545 499 611 543 ac
638 482 941 555 splendoris
973 502 986 540 :
1018 486 1108 557 qui
1137 499 1259 541 cum
1290 448 1482 541 fuisset
1523 493 1793 553 ostensus,
1823 499 1984 541 omne
2013 500 2109 541 au-
2139 482 2196 547 Δ
2220 486 2452 543 humeris
2493 488 2799 559 impositum
2831 499 2978 548 tanta
3008 492 3294 550 velocitate
3321 495 3532 563 detulit,
3560 504 3619 554 ut
3648 510 3819 569 puta-

547 588 666 630 runt
694 574 842 645 quasi
894 576 944 629 iu
970 575 1297 631 viriditatem
1348 577 1519 630 visum
1573 585 1658 632 est
1704 576 2040 637 convertisse
2084 592 2116 637 ει

548 666 941 736 pulchritudine
984 682 1229 738 gemmae.
1282 668 1350 723 At
1388 668 1479 725 ille
1504 669 1793 736 accipiens,
1837 676 1892 723 et
1921 669 2117 725 iterum

544 767 705 829 atque
742 760 936 813 iterum
975 760 1172 829 gratias
1225 774 1407 830 agens,
1458 768 1514 816 et
1555 760 1867 815 collaudans
1911 768 2154 816 matro-.

547 864 691 917 nam,
721 848 775 903 in
809 850 1061 919 palatium
1094 862 1175 907 est
1234 866 1527 921 regressus.
1573 852 1725 907 Unde
1753 866 1859 907 non
1902 861 1983 908 est
2018 852 2118 909 du-

551 941 719 1008 bium,
750 944 913 999 etiam
944 944 998 999 in
1030 944 1129 1002 hac
1154 962 1214 1003 re
1249 947 1497 1018 Martyris
1543 946 1699 1015 hujus
1742 947 2115 1004 intercessisse

546 1035 819 1103 virtutem,
854 1052 922 1093 ne
947 1052 1078 1108 opes
1106 1039 1237 1095 locis
1267 1042 1465 1095 sanctis
1488 1050 1542 1097 et
1563 1041 1882 1109 pauperibus
1905 1042 2119 1111 delega-

546 1135 637 1194 ta‘,
670 1126 723 1183 in
755 1127 899 1183 illius
931 1131 1345 1193 transferrentur
1365 1133 1804 1201 dominationem,
1828 1133 1983 1202 cujus
2012 1147 2118 1190 non

548 1218 757 1276 fuerant
781 1220 959 1276 studio
987 1232 1348 1295 congregatae.

1129 1336 1355 1393 CAPUT
1390 1336 1523 1392 CIV.

828 1424 904 1481 De
930 1427 1101 1484 Felice
1131 1428 1339 1484 Nolano
1370 1431 1557 1496 insiqm’
1583 1438 1830 1502 martyre.

614 1517 689 1574 De
713 1526 739 1557 ⁸
766 1518 945 1577 Felice
988 1520 1196 1577 Nolano
1235 1531 1469 1593 martyre
1519 1524 1643 1593 (An.
1672 1523 1797 1591 269,
1833 1523 1901 1579 14
1939 1524 2116 1595 lam),

538 1609 659 1679 quia
687 1610 911 1668 historia
938 1613 1201 1683 passionis
1228 1628 1335 1670 non
1366 1623 1449 1670 est
1478 1616 1530 1670 in
1564 1626 1835 1686 promptu,
1880 1616 2029 1686 juxta
2063 1617 2119 1672 id

536 1699 678 1768 quod
724 1701 914 1759 beatus
943 1703 1200 1760 Paulinus
1228 1719 1386 1762 versu
1415 1709 1755 1777 conscripsit,
1790 1722 1955 1776 pauca
1995 1708 2119 1765 huic

536 1788 753 1847 lectioni
810 1793 1042 1851 oblectat
1082 1796 1344 1853 inserere.
1396 1797 1492 1853 llic
1542 1799 1687 1854 enim
1734 1813 1764 1853 a
1804 1798 2039 1855 Maximo
2059 1798 2113 1867 δ,

2219 586 2365 633 retur
2388 580 2557 648 magis
2588 580 2676 636 ille
2711 580 2837 637 ferri
2873 598 3034 652 quam
3064 584 3229 640 ferre.
3261 585 3351 642 Sic
3382 589 3594 657 tugurio
3620 591 3819 660 cujus-

2218 668 2342 724 dam
2371 670 2547 725 viduae
2579 674 2959 729 commendato
2988 675 3304 734 alimentum
3336 680 3583 748 praebuit,
3629 683 3818 742 donec

2219 760 2482 825 insecutio
2538 762 2841 819 Christiana
2889 766 3158 823 discessit.
3211 770 3330 837 Quo
3382 773 3666 831 sacerdote
3696 778 3811 833 mi-

2217 862 2424 921 grante,
2456 852 2602 908 Felix
2654 855 2857 909 electus
2890 872 2917 909 a
2948 859 3165 928 populo,
3221 869 3279 915 ut
3308 862 3579 920 cathedrae
3626 871 3812 925 eccle-

2221 944 2449 1000 siasticae
2484 958 2957 1017 superponeretur,
2998 952 3171 1007 noluit
3209 956 3555 1024 acquiescere
3590 979 3601 1012 :
3639 962 3816 1028 Quin-

2223 1042 2308 1091 tus
2336 1046 2357 1075 ε
2388 1039 2557 1110 838
2584 1042 2823 1109 nomine,
2856 1043 3140 1113 presbyter
3168 1047 3452 1117 episcopus
3499 1052 3810 1113 ordinatur.

2219 1128 2345 1185 Orta
2377 1132 2537 1200 igitur
2582 1135 2961 1201 persecutione
3019 1135 3443 1210 Catholicorum,
3493 1159 3614 1202 cum
3652 1148 3814 1205 Felix

2221 1224 2501 1294 presbyter
2530 1227 2580 1281 in
2612 1228 2783 1293 platea
2825 1230 3079 1299 populum
3138 1245 3411 1303 moneret.
3467 1253 3534 1294 ne
3577 1255 3609 1295 a
3654 1253 3812 1299 recto

2221 1313 2413 1371 itinere
2437 1316 2695 1387 deviaret,
2722 1332 3037 1391 persecutor
3068 1326 3265 1381 missus
3288 1327 3478 1395 adfuit,
3502 1340 3557 1385 et
3587 1331 3811 1401 ignotus

2223 1402 2388 1461 Felici
2437 1409 2771 1481 presbytero,
2829 1414 3089 1472 sollicitus
3136 1416 3253 1488 ipse
3292 1423 3457 1491 erepit
3485 1437 3625 1491 esse,
3659 1427 3812 1495 quis-

2221 1510 2345 1551 nam
2373 1509 2517 1554 esset
2567 1501 2737 1558 Felix.
2775 1505 2971 1561 Dextra
2995 1507 3085 1562 ille
3128 1509 3375 1579 innuens,
3412 1514 3531 1568 ait:
3573 1516 3719 1571 llanc
3752 1520 3811 1573 in

2223 1597 2431 1657 partem
2479 1593 2627 1648 abiit.
2661 1596 2780 1662 Quo
2828 1598 3161 1667 discedente,
3202 1602 3289 1657 hic
3337 1604 3595 1663 latebram
3627 1612 3811 1679 petiit,

2225 1691 2389 1749 seque
2413 1681 2550 1738 inter
2580 1685 2808 1751 parietes
2858 1688 3067 1747 dirutos
3111 1708 3210 1762 per
3236 1696 3504 1753 modicum
3533 1698 3809 1772 ingressus

2224 1770 2427 1826 aditum
2452 1777 2624 1831 occuli
2660 1778 2845 1834 voluit.
2878 1782 2989 1838 Nec
3020 1799 3193 1854 mora,
3227 1801 3541 1857 persecutor
3570 1770 3808 1867 insequi-

534 1881 804 1951 Wicm
853 1885 1005 1942 urbi,
1047 1888 1324 1957 pontiﬁce,
1355 1890 1516 1959 837
1547 1890 1864 1961 presbyterii
1908 1864 2113 1949 honore;
2151 1864 2200 1925 Β
2224 1870 2334 1961 tur,
2378 1866 2471 1961 sed
2508 1866 2650 1923 Deus
2676 1870 3092 1931 sollicitudinem
3125 1882 3420 1945 quaerentis
3450 1883 3631 1940 elusit.
3664 1864 3800 1942 Nam

533 1975 810 2043 praeditus,
861 1986 1073 2046 quanta:
1101 1980 1259 2036 fuerit
1306 1982 1585 2050 sapientiae
1658 1985 2111 2056 eruditionisque,

537 2076 647 2121 non
700 2065 863 2121 modo
904 2067 1244 2135 Christianis,
1280 2086 1470 2127 verum
1522 2072 1685 2127 etiam
1719 2074 1850 2144 ipsis
1901 2091 2116 2146 quoque

539 2158 762 2227 paganis
784 2159 956 2215 occuli
985 2175 1090 2217 non
1124 2163 1316 2231 potuit.
1348 2164 1483 2220 Cum
1514 2175 1693 2222 autem
1724 2167 2113 2238 imperatorum

531 2250 747 2309 decreta
790 2252 1125 2311 Christianos
1168 2259 1377 2329 insequi
1426 2262 1824 2331 praecepissent,
1859 2264 2117 2321 Maximus

533 2344 772 2415 pontifex
825 2346 937 2416 jam
998 2349 1152 2404 senio
1206 2360 1589 2420 praegravatus,
1645 2362 1835 2422 putans
1892 2371 1952 2411 se
2008 2371 2117 2414 non

530 2450 689 2506 posse
733 2438 873 2495 ferre
902 2440 1189 2510 supplicia,
1222 2443 1479 2499 silvarum
1514 2446 1685 2500 saltus
1729 2446 1914 2501 adivit.
1966 2448 2114 2514 Quos

534 2528 665 2584 dum
696 2530 942 2586 turbidus
972 2532 1039 2588 de
1059 2534 1161 2587 hac
1194 2538 1571 2600 persecutione
1599 2548 1860 2603 pererrat,
1894 2538 2115 2595 affectus

529 2622 697 2690 fame,
727 2626 849 2694 gelu
882 2629 1096 2684 attritus
1134 2631 1250 2685 solo
1279 2633 1483 2688 corruit
1513 2634 1827 2689 semivivus.
1860 2636 1928 2691 At
1960 2637 2114 2695 Felix

533 2715 814 2786 presbyter
839 2727 1047 2788 captus,
1074 2735 1195 2776 cum
1247 2724 1414 2779 multa
1461 2725 1527 2779 de
1569 2725 1794 2783 deorum
1821 2730 2111 2801 portentis,

531 2806 675 2877 quod
698 2808 829 2865 nihil
852 2810 1068 2879 fuerint,
1094 2814 1440 2885 disputasset,
1468 2821 1740 2889 percursis
1768 2822 2109 2880 diversorum

526 2899 914 2969 suppliciorum
957 2905 1273 2973 generibus,
1307 2910 1513 2966 carceri
1548 2910 1890 2982 dijudicatur,
1925 2916 1978 2970 in
2007 2931 2115 2986 quo

528 3004 636 3046 non
668 2992 1026 3050 mediocribus
1057 2996 1288 3054 vinculis
1331 3003 1614 3059 tenebatur
1640 3004 1915 3063 astrictus.
1947 3007 2117 3065 Nocte

526 3091 705 3138 autem
736 3085 911 3142 media
943 3089 1089 3145 venit
1126 3090 1193 3146 ad
1220 3106 1343 3148 eum
1371 3096 1595 3164 angelus
1624 3096 1860 3165 Domini,
1896 3110 1951 3156 et
1976 3115 2107 3157 con-

530 3173 714 3231 fractis
738 3180 965 3245 catenis,
996 3180 1270 3253 scissaque
1300 3185 1451 3241 trabe
1494 3200 1597 3257 qua
1638 3189 1800 3255 pedes
1827 3190 1946 3259 ejus
1973 3205 2107 3247 con-

2217 1956 2369 2025 jussu
2414 1960 2715 2019 Divinitatis
2742 1978 2952 2023 aranete
2984 1984 3081 2037 per
3132 1973 3335 2028 aditum
3365 1990 3471 2045 quo
3502 1978 3701 2051 Martyr
3732 1982 3807 2037 in-

2220 2064 2439 2118 gressus
2470 2053 2639 2109 fuerat
2687 2057 2909 2115 telarum
2960 2064 3299 2130 praetendunt
3343 2069 3593 2125 stamina.
3627 2071 3697 2127 At
3729 2072 3808 2130 illi

2225 2157 2319 2207 per
2348 2143 2632 2214 vestigium
2667 2161 3066 2219 persequentes,
3124 2155 3252 2212 dum
3307 2159 3481 2216 locum
3520 2164 3807 2234 explorare

2222 2236 2485 2300 nituntur,
2518 2240 2735 2295 exordia
2787 2244 2906 2298 tela:
2954 2248 3313 2317 conspiciunt,
3348 2252 3703 2327 dixeruntque
3735 2260 3799 2315 ad

2221 2330 2539 2398 semetipsos
2572 2349 2585 2385 :
2612 2332 2843 2391 Putasne
2888 2351 2981 2407 per
3013 2338 3127 2396 haec
3159 2342 3247 2396 illa
3270 2343 3430 2401 homo
3457 2351 3784 2417 pertransiit,

2221 2434 2341 2489 quae
2387 2423 2582 2492 saepius
2635 2428 2865 2483 tenuitas
2895 2445 3197 2488 muscarum
3234 2440 3501 2507 erumpit?
3552 2441 3617 2497 Et
3653 2443 3793 2500 illusi

2222 2514 2555 2583 providentia
2608 2520 2702 2575 Dei
2740 2520 3123 2580 discesserunt.
3168 2528 3361 2585 Beatus
3408 2547 3621 2605 quoque
3651 2536 3797 2593 Felix

2220 2606 2344 2662 data
2368 2620 2546 2678 nocte,
2577 2614 2800 2670 secessit
2834 2616 2898 2671 ad
2928 2618 3089 2674 alium
3124 2619 3322 2689 locum,
3352 2624 3407 2679 in
3434 2640 3542 2696 quo
3568 2642 3665 2698 per
3685 2637 3796 2687 tres

2222 2714 2436 2758 menses
2463 2718 2493 2758 a
2525 2706 2750 2762 muliere
2798 2712 3028 2779 quadam
3059 2714 3304 2772 ciborum
3333 2719 3587 2778 alimenta
3630 2726 3800 2782 susci-

2221 2791 2395 2861 piens,
2428 2794 2550 2851 data
2581 2812 2734 2866 pace,
2786 2801 3028 2860 ecclesiae
3061 2821 3173 2861 suae
3219 2823 3283 2863 ac
3306 2812 3501 2881 populo
3532 2826 3799 2872 restaura-

2224 2892 2309 2939 tur
2345 2902 2359 2938 :
2392 2901 2664 2957 nunquam
2722 2902 2897 2949 tamen
2947 2897 3189 2955 mulieris
3216 2901 3559 2962 ministrantis
3602 2906 3802 2966 faciem

2224 2974 2381 3044 vidit,
2412 2987 2502 3035 aut
2531 2980 2599 3036 ab
2625 2996 2686 3037 ea
2709 2994 2990 3055 suspectus
3018 2999 3122 3056 est,
3146 2990 3272 3047 dum
3302 2992 3357 3048 in
3377 2995 3594 3054 latibulo
3618 3015 3803 3057 mora-

2222 3075 2392 3125 retur.
2423 3069 2587 3141 lgitur
2623 3073 2677 3128 in
2722 3091 2854 3145 pace
2881 3078 3185 3150 quiescens,
3237 3086 3479 3155 sepultus
3523 3098 3606 3146 est
3648 3090 3803 3161 juxta

2224 3160 2431 3228 urbem,
2462 3163 2643 3219 multis
2673 3181 2735 3223 se
2762 3167 3042 3227 declarans
3070 3174 3358 3231 virtutibus
3381 3177 3436 3233 in
3463 3160 3698 3251 populis,
3734 3185 3800 3242 de

526 3266 660 3322 clusi
691 3279 863 3335 erant,
896 3241 969 3326 ait
1001 3289 1017 3326 :
1049 3241 1238 3345 Surge,
1272 3284 1327 3328 et
1367 3241 1594 3345 sequere
1616 3241 2113 3353 Dui‘surgens
2136 3241 2190 3309 'C
2224 3252 2417 3353 qnist
2437 3269 2608 3353 “ea
2636 3259 2993 3353 ersmngam
3016 3260 3066 3317 d'
3098 3265 3224 3322 Em
3248 3267 3389 3324 enim
3419 3272 3638 3340 quidam
3676 3290 3801 3344 pan.

527 3371 777 3427 egressus
821 3370 906 3415 est
936 3378 1055 3416 cum
1090 3380 1155 3418 cu
1204 3365 1425 3435 januam
1469 3370 1745 3436 carceris;
1779 3370 2021 3444 dixitque
2065 3377 2115 3432 ei

530 3449 753 3519 angelus
795 3450 999 3506 Domini
1034 3470 1045 3506 :
1079 3454 1395 3511 Conscende
1428 3457 1493 3512 ad
1524 3468 1797 3525 montana,
1822 3470 1879 3517 et
1897 3468 2114 3535 require

531 3539 870 3597 sacerdotem
915 3552 1095 3609 tuum;
1138 3545 1519 3618 inventumque
1548 3566 1612 3605 ac
1642 3550 1999 3612 refocillatum
2027 3574 2115 3616 re-

534 3630 640 3688 duc
670 3632 736 3687 ad
766 3632 976 3702 urbem,
1010 3645 1066 3692 et
1102 3636 1155 3691 in
1185 3638 1305 3694 loco
1334 3639 1603 3698 absconde
1633 3652 1866 3714 secreto,
1899 3663 1968 3705 ne
1997 3650 2115 3707 ine-

529 3724 617 3781 dia
656 3740 719 3783 ac
762 3729 941 3798 rigore
970 3729 1245 3801 depereat,
1276 3732 1449 3790 donec
1486 3735 1696 3792 desinat
1744 3744 2045 3808 persecutio
2084 3759 2116 3800 a

526 3813 867 3875 Christianis.
903 3823 1136 3891 Accepto
1176 3824 1325 3880 Felix
1356 3826 1630 3897 mandato,
1664 3831 1836 3901 pergit
1864 3848 1971 3902 quo
2011 3850 2112 3891 ne-

523 3910 731 3967 sciebat
764 3930 779 3968 :
809 3914 927 3980 sed,
980 3917 1296 3985 providente
1347 3918 1481 3988 Deo,
1528 3922 1729 3991 reperit
1770 3926 2110 3983 sacerdotem

526 4002 645 4059 solo
671 4014 1019 4075 prostratum,
1046 4010 1245 4066 clausis
1273 4012 1466 4079 oculis,
1497 4014 1809 4086 strictisque
1835 4018 2107 4091 dentibus,

524 4093 580 4148 in
606 4108 714 4164 quo
735 4097 866 4152 nihil
896 4098 1065 4166 aliud,
1090 4115 1247 4171 quam
1268 4104 1445 4159 tenuis
1467 4104 1735 4162 anhelitus
1763 4108 2059 4180 inspirabat
2095 4132 2109 4168 :

524 4184 975 4260 interpellatoque
1027 4193 1231 4249 nullum
1289 4210 1597 4279 sermonem
1648 4204 1822 4272 potuit
1889 4206 2110 4274 elicere,

525 4286 797 4349 tectoque,
828 4283 999 4338 sensit
1039 4285 1158 4354 ejus
1220 4288 1461 4344 membra
1484 4290 1659 4348 hieme
1687 4294 1878 4363 rigida,
1911 4306 1966 4353 et
1989 4298 2114 4354 abs-

527 4381 635 4437 que
682 4370 790 4426 ullo
845 4372 992 4427 vitali
1042 4382 1229 4445 tepore
1287 4391 1640 4449 praemortua.
1696 4385 1902 4442 Auxlus
1931 4397 2112 4445 autem

526 4471 649 4514 cum
684 4462 893 4518 nullum
916 4464 1229 4523 alimentum
1252 4462 1417 4539 esset,
1449 4473 1590 4541 quod
1620 4476 1953 4543 periclitanti
1982 4494 2111 4550 por-

523 4548 738 4620 rigeret,
771 4568 946 4624 neque
980 4571 1087 4627 quo
1117 4559 1254 4630 ignis
1289 4565 1674 4621 accenderetur
1705 4568 1948 4639 haberet,
1980 4548 2107 4629 dum

523 4647 695 4699 staret
720 4646 1003 4716 attonitus,
1026 4650 1179 4720 quasi
1201 4651 1269 4709 de
1288 4652 1542 4712 aethereis
1564 4654 1784 4716 sedibus
1811 4630 2102 4736 dilapsum,
2139 4630 2192 4693 Β

521 4735 664 4804 quod
695 4736 768 4793 ita
792 4749 926 4808 erat,
962 4756 1159 4801 munus
1197 4747 1595 4819 contemplatur
1622 4754 1941 4824 angelicum.
1968 4735 2106 4820 Ecce

523 4826 668 4901 enim
696 4828 767 4887 de
793 4839 949 4889 sente
975 4848 1093 4904 quae
1123 4844 1239 4893 erat
1270 4838 1538 4908 proxima,
1568 4858 1722 4900 uvam
1749 4847 1984 4915 pendere
2013 4854 2109 4909 ad-

522 4916 766 4987 miratur,
797 4921 864 4978 de
914 4934 1018 4993 qua
1046 4928 1228 4996 granis
1262 4928 1315 4985 in
1345 4945 1405 4987 os
1444 4935 1773 4994 confessoris
1810 4944 2104 5012 expressis,

521 5011 794 5080 paululum
855 5017 1040 5073 senior
1082 5020 1434 5092 refocillatus,
1480 5040 1692 5086 erectus
1744 5040 1828 5089 est
1888 5011 1904 5089 ξ
1946 5051 2103 5107 quem

522 5182 776 5269 lectatum
812 5199 957 5255 patet
985 5206 1051 5247 ex
1079 5193 1253 5252 Plinio
1281 5196 1374 5253 lib.
1398 5213 1579 5254 xxxvu
1602 5214 1720 5269 cap.
1754 5201 1808 5269 5,
1840 5202 1927 5258 ubi
1975 5203 2113 5262 dici-

524 5263 611 5344 tur
636 5259 1482 5344 gladiatorumpugnasspectasse
1503 5259 1807 5344 smaragdo;
1843 5272 1986 5330 Idem
2016 5259 2099 5333 lti-

521 5326 615 5411 bet
638 5326 964 5411 'lv‘larliodeus
993 5326 1181 5411 libfde
1212 5326 1396 5411 Lepid.
1427 5350 1561 5411 pret.
1595 5326 1712 5411 cap.
1747 5326 1835 5397 δὶι.

593 5406 621 5435 ⁸
648 5397 807 5474 Deest
834 5404 932 5456 hoc
961 5415 1121 5474 caput
1150 5407 1201 5463 in
1232 5397 1382 5465 (lolb.
1416 5397 1513 5466 t'ut.
1548 5397 1729 5467 Sancti
1754 5414 1949 5470 Felicis
1977 5416 2090 5471 lau-

520 5464 619 5553 tLles
649 5470 937 5553 celebravit
967 5464 1042 5529 8..
1069 5477 1336 5553 Paulinus
1355 5464 1685 5538 carminibus
1697 5464 1805 5539 seu
1839 5488 2095 5553 poemati-

522 5534 629 5615 bus.
658 5537 743 5615 15,
778 5557 896 5609 qu:e
926 5560 1029 5599 non
1062 5550 1228 5603 scine!
1275 5551 1417 5605 edita
1452 5534 1575 5607 sunt
1598 5534 2091 5615 izﬁsed-inrd'uohtis

522 5607 878 5695 potissimum,
912 5615 963 5667 id
991 5617 1130 5695 est-lt
1162 5630 1212 5695 e_t
1243 5621 1298 5685 5,
1322 5637 1408 5676 res
1439 5624 1555 5695 eius
1571 5607 1748 5694 gestas
1774 5607 2091 5695 prosecutus

524 5686 629 5757 est.
657 5680 893 5757 Incertus
937 5696 1017 5741 est
1046 5680 1295 5757 ejusdem
1340 5680 1529 5747 mortis
1571 5680 1789 5750 vannus.-
1852 5680 2089 5755 Ecclesia

528 5748 596 5827 ab
647 5750 838 5807 eodem
876 5748 1091 5813 sancto'
1120 5759 1342 5816 Paulino
1373 5763 1521 5820 Nolae
1570 5748 2087 5827 insanisti—Famis

526 5818 783 5880 honorem
829 5834 1034 5885 structa
1089 5829 1355 5902 hodieque
1414 5818 1920 5903 superestIWVide—
1945 5818 2088 5898 Kc'ii

2224 3360 2320 3415 per
2367 3346 2569 3406 habens
2620 3350 2755 3408 duos
2805 3354 2970 3411 boves
3022 3357 3088 3412 ad
3146 3363 3498 3420 exercendam
3540 3368 3799 3426 culturam

2221 3452 2396 3509 suam,
2447 3457 2548 3497 nec
2576 3444 2624 3497 ei
2671 3455 2787 3501 erat
2827 3447 2931 3503 alia
2965 3454 3255 3521 possessio,
3290 3458 3393 3512 nisi
3426 3461 3570 3527 quod
3612 3462 3680 3518 ab
3719 3463 3797 3519 his

2223 3531 2485 3599 potuisset
2527 3534 2771 3593 tellurem
2817 3540 3074 3599 scindens
3102 3560 3319 3603 vomere
3344 3548 3610 3607 laborare.
3645 3554 3796 3612 Accia

2223 3622 2304 3676 dit
2328 3632 2507 3681 autem
2532 3634 2590 3682 ut
2610 3627 2698 3684 die
2716 3633 2946 3701 quadam
2968 3635 3142 3693 lassus
3162 3638 3229 3694 de
3253 3639 3356 3696 hoc
3377 3656 3544 3713 opere
3558 3646 3795 3715 veniens,

2222 3716 2307 3779 his
2332 3717 2567 3777 dimissis
2594 3736 2654 3779 se
2685 3724 2977 3796 hospitiolo
3006 3732 3347 3790 reconderet.
3378 3735 3489 3794 Nec
3515 3752 3685 3810 mora,
3720 3742 3798 3796 fur

2222 3823 2384 3877 rapax
2412 3812 2606 3880 adfuit;
2646 3817 2734 3885 qui
2772 3833 2866 3875 eos
2906 3821 3041 3878 clam
3065 3824 3284 3894 capiens
3311 3842 3495 3885 secum
3534 3832 3795 3891 abduxit:

2219 3916 2573 3975 egressusque
2596 3923 2798 3979 pauper
2820 3912 2870 3968 in
2898 3916 3158 3984 crastino,
3184 3918 3316 3975 nihil
3340 3922 3569 3981 invenit.
3597 3926 3793 3985 Deinde

2219 3996 2412 4064 quaerit
2467 4012 2563 4067 per
2592 4000 2769 4070 devia,
2818 4004 3006 4062 circuit
3057 4009 3242 4078 silvas,
3298 4015 3507 4071 scandit
3536 4020 3794 4077 montium

2219 4088 2408 4155 ardua,
2439 4092 2533 4146 sed
2564 4108 2664 4150 nec
2706 4098 2987 4170 vestigium
3027 4102 3242 4170 quidem
3274 4105 3677 4177 deprehendere
3706 4128 3797 4185 po-

2221 4187 2346 4235 test.
2382 4181 2539 4240 Rcdit
2567 4185 2633 4242 ad
2659 4190 2896 4258 propria,
2930 4191 3022 4248 dat
3055 4208 3216 4252 voces
3244 4196 3296 4252 in
3318 4199 3468 4267 fletu,
3492 4211 3652 4274 atque
3678 4181 3794 4262 cum

2220 4290 2390 4331 uxore
2416 4292 2480 4333 ac
2508 4280 2692 4336 liberis
2721 4276 2947 4356 plangit,
2996 4288 3183 4348 dicens
3215 4309 3231 4348 :
3265 4294 3355 4351 Va:
3384 4296 3534 4366 mihi,
3569 4302 3692 4371 quia
3712 4302 3796 4373 ju-

2219 4369 2400 4422 vencis
2454 4370 2677 4428 defectis
2707 4374 2914 4446 (Rom.,
2959 4379 3312 4457 defraudatis)
3352 4386 3454 4444 hoc
3480 4369 3624 4448 anno
3661 4369 3798 4451 fame

2217 4462 2541 4521 moriemini.
2575 4466 2712 4532 Quid
2762 4470 2952 4540 plura?
3003 4474 3227 4534 Accedit
3281 4479 3584 4540 lamentans
3615 4486 3681 4542 ad
3712 4502 3795 4544 se-

2219 4554 2459 4621 pulcrum
2490 4558 2630 4614 beati
2656 4560 2852 4620 Felicis
2881 4570 3161 4639 martyris,
3194 4570 3288 4627 dat
3316 4587 3436 4629 cum
3466 4576 3593 4634 fletu
3622 4581 3789 4650 gemi-

2225 4656 2356 4714 tum,
2408 4664 2592 4707 exorat
2624 4664 2679 4709 ut
2707 4656 2756 4711 ci
2794 4658 2962 4716 virtus
2992 4660 3107 4731 ejus
3130 4680 3251 4735 quae
3283 4669 3594 4738 perdiderat
3632 4678 3779 4733 reddi

2217 4738 2484 4796 obtineret
2512 4756 2539 4795 a
2571 4742 2817 4800 Domino.
2856 4747 3112 4819 Egressus
3134 4764 3313 4812 autem
3337 4774 3369 4816 a
3394 4763 3791 4839 templo,839

2218 4841 2344 4889 ante
2374 4835 2545 4904 ipsam
2581 4839 2699 4894 atrii
2723 4841 2939 4910 januam
2964 4849 3206 4916 agnoscit
3236 4851 3400 4910 boves
3425 4870 3573 4927 suos,
3597 4835 3787 4917 et'ait':

2214 4924 2259 4981 Ο
2297 4942 2487 4997 magna
2517 4930 2685 4985 virtus
2717 4932 2983 5006 Martyris,
3031 4954 3151 5010 qua:
3202 4942 3332 4999 mihi
3373 4924 3641 5015 perditum
3685 4959 3787 5009 tam

2212 5020 2463 5079 velociter
2489 5025 2693 5082 restitui
2722 5026 2877 5085 fecit!
2908 5029 3292 5108 Ingressusque
3311 5038 3531 5113 iterum,
3550 5055 3789 5115 proster-

2212 5215 2384 5290 mart.
2417 5206 2660 5277 sincera,
2708 5226 2831 5283 pag.
2889 5212 3018 5282 255,
3068 5226 3120 5273 et
3162 5217 3441 5289 Bolland.,
3474 5223 3563 5281 die
3595 5224 3661 5280 14
3702 5224 3789 5280 Ja-

2212 5292 2409 5334 nuarn.

2280 5347 2307 5388 δ
2338 5349 2541 5434 Laud.,
2566 5350 2723 5409 Rom.
2756 5364 2811 5411 et
2837 5356 3060 5434 Qlar._h,
3088 5359 3432 5434 Maximiano,
3464 5379 3586 5434 qua:
3613 5367 3787 5422 varie-

2207 5426 2288 5503 tas
2313 5425 2547 5503 occurrit
2592 5439 2807 5503 quoque
2855 5429 2909 5482 in
2965 5430 3382 5503 Martyrologiis.
3415 5425 3620 5492 Colitur
3646 5437 3787 5494 Nolae

2203 5489 2291 5546 die
2316 5489 2677 5568 {Februar—ii.
2710 5489 2789 5551 Ad
2820 5513 2977 5568 quem
3001 5489 3144 5559 diem
3178 5489 3298 5559 vid‘é
3322 5489 3715 5565 satiasse—litis;

2275 5573 2298 5644 ξ
2342 5563 2493 5619 Hunc
2533 5569 2700 5651 sancti
2750 5563 2907 5626 titulo
2944 5571 3107 5628 donat
3156 5574 3415 5645 Ughellus
3465 5580 3518 5635 in
3544 5563 3785 5651 catalogo

2198 5633 2574 5704 episcoporum
2606 5638 2953 5700 Nolanorum.

2269 5704 2765 5790 d.ll_eliqua_hujus
2824 5714 3013 5790 capitis
3066 5719 3385 5775 omittuntur
3427 5721 3481 5777 in
3530 5721 3675 5781 Clar.
3725 5721 3782 5790 Ι),

2199 5777 2532 5851 proindeque
2559 5777 2693 5837 data'
2710 5777 2907 5853 opera;
2926 5793 2979 5843 et
3000 5786 3305 5862 interrupto
3331 5806 3512 5849 sensu.
