4072 6346
325 430 430 491 797

1150 426 1646 490 MIRACULORUM
1688 427 1820 486 LIB.
1862 423 1907 481 1.
1950 422 2040 482 DE
2077 423 2336 485 GLORlA
2374 424 2785 487 MARTYRUM.

3494 426 3599 489 798

328 552 476 610 nitur
501 547 568 606 ad
601 548 966 620 pavimentum
987 589 1001 614 ,
1030 554 1084 604 et
1127 550 1325 618 gratias
1356 562 1539 620 agens,
1586 561 1709 603 eum
1752 544 1915 601 rebus
1943 542 1997 604 Α
2020 543 2301 599 temeraria
2333 544 2552 602 auderet
2580 546 2863 619 attingere,
2886 552 2941 603 et
2969 545 3231 605 obseratis
3255 546 3508 618 osﬂis,se
3530 551 3602 611 ab

327 656 610 715 regressus
650 649 735 699 est
761 642 905 708 suis,
933 642 1255 711 oculumque
1279 641 1513 697 hominis
1544 639 1722 710 hujus,
1751 653 1909 709 quem

310 752 532 796 caecum
564 736 810 804 habebat,
837 735 1085 809 Martyris
1116 736 1286 792 virtus
1324 736 1670 814 illuminavit.
1702 735 1783 791 Ad
1816 736 1911 789 hu-

320 828 411 902 jus
431 845 646 901 quoque
676 829 884 887 eellulaz
904 832 1193 901 parietem,
1227 843 1334 902 quo
1361 830 1575 886 beatum
1605 843 1802 900 corpus
1831 838 1912 884 tu-

329 924 477 980 mulo
502 924 777 980 conditum
825 926 1141 995 requiescit,
1173 924 1410 980 adhaeret
1438 922 1748 994 appendens
1787 937 1912 994 por-

323 1015 484 1081 ticus,
524 1014 579 1070 in
628 1030 733 1087 qua
761 1006 1070 1095 dependens
1119 1013 1246 1072 fune
1304 1016 1530 1086 lychnus
1582 1017 1759 1072 lumen
1792 1016 1911 1073 loco

330 1118 689 1166 consueverat
716 1110 1043 1167 ministrare.
1073 1110 1169 1167 llle
1198 1118 1377 1167 autem
1407 1112 1491 1166 cui
1520 1114 1623 1167 hoc
1650 1120 1764 1166 erat
1795 1109 1911 1166 ofﬂ-

322 1200 467 1256 cium
520 1200 764 1257 contueri
798 1200 875 1267 ad
930 1202 1046 1273 ejus
1097 1201 1567 1271 compositionem,
1622 1202 1905 1272 accedens,

323 1292 504 1348 laxato
529 1284 658 1349 fune
685 1294 960 1363 discessit,
991 1296 1143 1365 quasi
1165 1296 1344 1351 oleum
1368 1297 1646 1368 petiturus.
1672 1295 1911 1369 Cumque

318 1384 502 1441 omnia
549 1385 785 1441 tenebris
842 1388 1246 1443 nocturnalibus
1269 1396 1581 1444 tenerentur
1607 1398 1818 1459 operta,
1855 1397 1912 1446 et

319 1476 467 1532 funis
507 1490 626 1533 cum
680 1478 953 1537 uncinulis
990 1478 1044 1534 in
1076 1480 1278 1535 'medio
1318 1481 1554 1549 porticus
1592 1480 1910 1538 submissior

318 1567 685 1647 dependeret,
703 1569 921 1640 quidam
974 1570 1043 1628 de
1064 1572 1363 1629 astantibus
1393 1573 1447 1629 in
1481 1572 1661 1644 vigilia
1702 1574 1905 1647 Sancti,

324 1660 525 1727 nebula
554 1661 785 1730 cellulaa,
832 1677 953 1733 qua:
1000 1663 1069 1718 de
1099 1672 1285 1719 exusta
1339 1675 1645 1721 surrexerat
1681 1681 1905 1737 papyro,

318 1750 600 1824 fatigatus,
628 1751 757 1809 foris
784 1754 1074 1825 egreditur.
1095 1753 1334 1826 Cumque
1359 1771 1452 1826 per
1474 1756 1739 1825 porticum
1761 1756 1908 1814 illam

319 1845 641 1915 praeteriret,
689 1862 826 1902 unus
876 1846 945 1903 de
974 1848 1244 1903 uncinulis
1288 1846 1429 1903 funis
1467 1847 1658 1904 faciem
1697 1850 1907 1919 excepit

2015 633 2160 689 intus
2208 649 2328 691 cum
2375 637 2536 693 rebus
2586 639 2894 695 incluserat.
2960 637 3369 699 Circumdantes
3418 652 3601 703 autem

2016 726 2196 783 hostes
2219 725 2374 800 IMss.
2410 727 2464 795 5,
2496 731 2717 803 postes],
2752 745 2872 788 cum
2903 732 3103 788 aditum
3127 747 3221 803 per
3238 748 3391 804 quem
3423 734 3601 808 ingre-

2018 816 2275 873 derentur
2304 816 2544 875 invenire
2588 826 2695 876 non
2744 832 3000 895 possent,
3050 823 3227 895 ignem
3268 825 3420 883 ostiis
3465 827 3600 887 aedis

2017 908 2332 980 subjiciunt,
2364 926 2522 982 quam
2548 912 2641 969 diu
2671 916 3005 987 multumque
3038 917 3458 986 succendentes,
3489 934 3599 978 non

2015 1003 2563 1073 apprehendebantur
2586 1006 2772 1072 valvae,
2801 1007 2971 1063 donec
2991 1008 3052 1065 iis
3073 1010 3307 1081 impulsu
3332 1012 3598 1068 securium

2012 1096 2354 1150 comminutis
2384 1096 2610 1168 ingressi
2640 1106 2798 1166 sunt,
2830 1099 3140 1171 diripientes
3166 1116 3287 1168 res,
3322 1104 3597 1173 populum-

2014 1203 2119 1259 que
2149 1189 2412 1246 inclusum
2442 1192 2496 1245 in
2522 1206 2618 1248 ore
2657 1192 2817 1263 gladii
2846 1195 3196 1252 trucidantes.
3242 1196 3349 1254 Sed
3378 1212 3483 1255 non
3508 1196 3597 1257 diu

2014 1282 2130 1338 haec
2158 1298 2246 1340 res
2277 1287 2537 1342 remansit
2581 1287 2769 1342 inulta.
2828 1288 2957 1343 Nam
2984 1290 3071 1345 alii
3113 1304 3143 1345 a
3191 1290 3434 1348 daemone
3477 1306 3596 1348 cor-

2011 1376 2190 1445 repti,
2238 1378 2483 1433 nonnulli
2534 1378 2586 1434 in
2631 1378 2850 1436 ﬂumine
2897 1381 3181 1439 Garumnae
3211 1386 3413 1452 necati,
3444 1384 3597 1442 multi

2011 1472 2174 1537 etiam
2223 1490 2251 1528 a
2283 1474 2480 1545 frigore
2501 1475 2591 1548 [Id
2631 1483 2706 1531 est
2734 1520 2747 1543 ,
2780 1476 2936 1549 febri]
2964 1480 3240 1548 occupati,
3290 1478 3516 1535 diversis
3540 1478 3597 1536 in

2011 1566 2249 1635 partibus
2275 1567 2608 1625 diversorum
2653 1568 2959 1625 morborum
2998 1584 3195 1641 genere
3243 1570 3596 1627 vexabantur.

2010 1656 2143 1713 Nam
2172 1659 2281 1715 vidi
2318 1674 2383 1715 ex
2432 1660 2510 1717 eis
2550 1662 2750 1717 multos
2781 1663 2834 1717 in
2878 1662 3145 1718 Turonico
3176 1660 3474 1731 territorio,
3504 1661 3598 1733 qui

2011 1748 2067 1805 in
2097 1751 2200 1807 hoc
2227 1751 2438 1809 fuerant
2468 1755 2619 1809 mixti
2661 1755 2865 1812 scelere
2892 1796 2907 1824 ,
2952 1755 3189 1826 graviter
3221 1754 3512 1821 trucidari,
3541 1760 3598 1811 et

2010 1857 2180 1915 usque
2210 1846 2277 1901 ad
2306 1845 2431 1903 vita:
2476 1851 2761 1918 praesentis
2804 1850 3148 1906 amissionem
3180 1848 3596 1907 intolerabilium

320 1940 557 1997 hominis
575 1939 863 2010 venientis,
892 1940 1042 1998 illato
1065 1946 1312 2000 acumine
1340 1943 1661 2017 transﬁgens
1690 1946 1903 2002 oculum

2012 1937 2257 1994 dolorum
2288 1940 2525 1995 cruciatu
2556 1942 2824 2011 torqueri;
2864 1942 3015 1997 multi
3040 1942 3181 1997 enim
3223 1956 3286 1997 ex
3326 1941 3411 1998 his
3429 1940 3597 1997 conti-

318 2033 458 2105 ejns.
523 2035 591 2089 At
638 2034 730 2091 ille
781 2034 1023 2091 dolorem
1066 2028 1329 2103 sentiens,
1369 2037 1607 2093 extensis
1654 2037 1903 2095 celeriter

320 2127 529 2196 palmis,
561 2127 768 2182 vultum
805 2128 1201 2198 periclitantem
1230 2144 1351 2186 cum
1379 2129 1510 2200 ipsis
1555 2129 1906 2201 obtegitocu-

316 2218 406 2285 lis,
444 2218 682 2275 clamans
712 2233 819 2275 non
856 2220 1115 2277 mediocri
1159 2222 1383 2293 ejulatn,
1415 2237 1477 2279 ac
1512 2223 1698 2280 dicens
1732 2224 1904 2281 :Suc-

314 2324 501 2377 curre,
536 2310 818 2380 deprecor,
850 2322 1031 2368 sancte
1050 2314 1325 2385 sacerdos,
1348 2325 1403 2371 et
1421 2316 1724 2386 proximum
1748 2324 1800 2373 te
1826 2317 1904 2372 fa-

311 2403 429 2461 cito
455 2407 723 2476 pereunti,
753 2407 842 2478 qui
867 2408 986 2464 loco
1016 2413 1291 2480 proximus
1312 2422 1472 2467 astas.
1496 2413 1699 2471 Emitte
1720 2428 1903 2471 sacras

314 2510 413 2565 per
442 2497 651 2553 occulta
700 2498 1060 2558 medicamina
1093 2517 1306 2569 manus,
1339 2517 1395 2560 et
1439 2506 1673 2564 extrahe
1701 2509 1903 2565 malum

308 2586 459 2656 quod
495 2588 811 2645 adversatur
852 2590 1063 2660 lumini,
1096 2609 1163 2649 ne
1196 2594 1401 2651 lumine
1424 2597 1671 2656 viduatus
1717 2600 1904 2659 absce-

313 2680 466 2749 dam,
497 2682 586 2751 qui
629 2682 811 2739 lumen
856 2685 1241 2743 miraculorum
1274 2698 1488 2747 tuorum
1514 2707 1735 2751 cernere
1758 2698 1899 2752 veni.

309 2772 398 2827 Ad
424 2771 581 2843 hujus
609 2774 1010 2833 lamentabilem
1040 2780 1509 2852 vociferationem,
1543 2786 1789 2843 exhibito
1811 2789 1902 2859 qui

305 2862 790 2935 aderant'lumine,
825 2866 1111 2925 advertunt
1140 2870 1411 2930 hominem
1461 2876 1717 2933 transfixo
1744 2878 1901 2934 oculo

307 2954 385 3011 de
408 2955 533 3011 fune
558 2957 814 3027 pendere.
848 2959 1113 3033 Cumque,
1147 2965 1445 3035 proﬂuente
1470 2970 1751 3039 sanguine,
1782 2972 1903 3026 nu!—

316 3045 401 3103 lus
427 3062 646 3104 manum
672 3050 738 3105 ad
760 3053 1059 3111 eruendum
1090 3056 1313 3115 auderet
1336 3074 1629 3131 apponere,
1653 3063 1902 3136 Martyris

309 3136 486 3193 virtus
507 3138 675 3196 adfuit
698 3141 964 3199 immensa
986 3136 1151 3214 beati,
1166 3163 1286 3218 quae
1302 3151 1382 3204 sic
1398 3166 1588 3207 uncum
1617 3154 1896 3226 abstraxit,

314 3239 375 3287 ut
428 3248 527 3288 nec
574 3234 789 3290 oculum
838 3246 1071 3304 erueret,
1112 3255 1214 3296 nec
1259 3241 1432 3299 visum
1489 3256 1810 3315 penetraret,
1845 3260 1899 3307 et

2010 2032 2259 2088 tebantur
2304 2046 2364 2088 se
2400 2032 2609 2103 judicio
2640 2033 2731 2089 Dei
2778 2035 2850 2091 ob
2874 2033 3121 2104 iniuriam
3153 2033 3401 2105 Martyris
3430 2032 3596 2089 fuisse

2008 2124 2167 2180 morti
2191 2124 2439 2195 pessimae
2466 2124 2787 2181 destinatos.
2839 2125 2977 2181 Ecce
3006 2132 3263 2194 quantum
3294 2123 3435 2179 Deus
3461 2136 3597 2192 prte-

2008 2222 2115 2271 stat
2143 2216 2471 2285 martyribus
2500 2216 2647 2283 suis;
2680 2232 2805 2272 ecce
2828 2217 3073 2287 qualibus
3103 2215 3322 2272 eosdem
3354 2214 3596 2270 laudibus

2006 2305 2251 2361 Christus
2299 2306 2558 2361 Dominus
2603 2307 2863 2363 bellorum
2907 2307 3145 2362 ﬂdelium
3192 2306 3464 2375 inspector
3495 2306 3595 2360 ho-

2008 2405 2191 2464 norat;
2218 2410 2348 2455 ecce
2372 2408 2629 2469 quantum
2658 2407 2876 2469 praestat
2901 2398 3069 2470 ipsius
3092 2397 3324 2453 nominis
3349 2396 3509 2468 841
3521 2394 3592 2451 di-

2007 2489 2181 2562 gnitas
2207 2489 2519 2563 Christiani,
2551 2494 2596 2549 si
2622 2507 2728 2550 non
2760 2494 3037 2566 gentilium
3068 2508 3218 2551 more
3239 2534 3255 2563 ,
3285 2500 3378 2549 aut
3414 2490 3589 2548 inhio.

2006 2599 2124 2642 mus
2147 2584 2281 2659 μὴ,
2312 2585 2477 2659 inani]
2512 2588 2813 2660 cupiditati,
2844 2597 2937 2646 aut
2957 2587 3181 2646 luxuriat
3210 2587 3527 2647 serviamus.

2600 2723 2826 2785 CAPUT
2864 2725 2995 2784 CVI.

2315 2857 2640 2929 Slupena‘um
2668 2861 2974 2915 miraculum
3000 2860 3057 2916 in
3085 2875 3285 2916 avaros.

2076 2971 2208 3026 Nam
2239 2968 2263 3008 ά
2307 2972 2485 3028 audivi
2534 2974 2816 3043 przeteritis
2855 2976 3008 3030 annis
3034 2982 3239 3047 gestum
3290 2974 3343 3030 in
3386 2972 3590 3032 Galliis.

2004 3061 2192 3120 Mulier
2220 3063 2464 3133 quaedam
2493 3065 2592 3120 sub
2614 3066 2795 3135 specie
2818 3066 3089 3138 religionis
3113 3066 3329 3123 vacabat
3350 3066 3591 3139 jeju‘niis,

2004 3155 2448 3228 orationihusque
2495 3157 2806 3226 insistebat,
2840 3159 3094 3230 vigilabat
3125 3162 3488 3227 pertinaciter,
3528 3173 3593 3216 ac

2006 3244 2121 3302 loca
2169 3256 2350 3303 sancta
2408 3248 2697 3306 devotione
2748 3250 2997 3307 simulata
3051 3252 3313 3310 circuibat
3357 3251 3592 3310 assidue.

312 3324 586 3396 sanguinis
632 3327 966 3387 decurrentis
993 3332 1250 3389 ﬂuentum
1294 3336 1600 3410 stringeret.
1630 3340 1719 3398 Sic
1748 3354 1901 3401 eruto
1931 3333 1976 3396 C
2006 3339 2246 3409 Cumque
2289 3341 2343 3396 in
2392 3340 2495 3398 hoc
2541 3342 2721 3399 colore
2745 3342 2902 3414 justae
2930 3344 3054 3401 vitae
3083 3346 3332 3417 duraret,
3365 3344 3593 3404 immen~

312 3416 460 3472 ferro
489 3419 556 3475 de
585 3422 761 3489 oculo,
791 3422 975 3481 dolore
1000 3427 1376 3497 palpebrarum
1426 3434 1694 3503 resedato,
1728 3439 1900 3497 virtus

318 3508 569 3582 Martyris
617 3514 788 3569 sancti
819 3514 1121 3574 declaratur
1161 3521 1214 3575 in
1247 3523 1465 3593 populo.
1495 3526 1900 3599 Energumenos

312 3611 491 3658 autem
523 3604 590 3659 ad
627 3604 765 3663 hanc
791 3618 1058 3666 sacratam
1080 3613 1297 3670 athletae
1317 3615 1513 3673 Christi
1539 3620 1707 3676 aedem
1732 3622 1899 3697 840

311 3696 569 3767 probatos
595 3708 755 3772 atque
784 3714 1040 3776 purgatos
1087 3709 1285 3780 saepius
1333 3713 1546 3782 scripsit
1574 3716 1660 3772 hic
1687 3696 1895 3776 auctor.

304 3786 418 3848 Sed
446 3792 515 3849 ad
540 3791 832 3853 Galliarum
861 3808 1130 3872 martyres
1157 3818 1517 3864 recurramus.

913 3933 1143 3993 CAPUT
1182 3937 1294 3995 CV.

772 4046 850 4104 De
881 4048 1147 4109 Vincentio
1173 4054 1443 4127 Agenensi.

385 4155 696 4215 Vincentius
724 4167 751 4197 ει
789 4168 965 4216 autem
992 4162 1292 4235 Agenensis
1316 4168 1492 4234 urbis,
1527 4178 1581 4225 et
1613 4170 1729 4243 ipse
1761 4189 1899 4231 mar-

308 4256 397 4319 tyr
427 4247 553 4320 (An.
580 4247 710 4317 257,
741 4249 773 4303 9
802 4247 986 4320 lum),
1041 4253 1194 4323 cujus
1240 4258 1503 4326 passionis
1531 4262 1752 4319 historia
1779 4263 1806 4304 δ
1830 4266 1899 4323 ab

308 4338 503 4395 incolis
529 4340 807 4409 retinetur,
842 4342 1067 4400 leviticae
1098 4348 1251 4403 stolae
1293 4350 1527 4408 candore
1576 4355 1628 4409 in
1655 4355 1896 4415 Ecclesia

309 4429 512 4486 Christi
542 4432 747 4490 micans
769 4476 786 4502 ,
831 4436 1040 4506 magnis
1070 4440 1367 4510 saepissime
1397 4445 1681 4506 virtutibus
1710 4450 1893 4523 fulget,

304 4519 365 4577 in
394 4525 773 4592 pervaseribus
820 4544 997 4583 rerum
1039 4544 1257 4591 suarum
1303 4537 1613 4613 plerumque
1644 4519 1895 4604 ultorvsc;

304 4627 468 4669 uerus
514 4617 714 4673 existit.
769 4618 1033 4691 Tempore
1070 4634 1245 4683 autem
1274 4628 1367 4685 illo
1396 4648 1503 4703 quo
1532 4646 1716 4693 contra
1747 4640 1895 4695 Gun-

2001 3447 2089 3489 sas
2120 3448 2249 3504 opes
2294 3448 2323 3488 a
2376 3434 2557 3491 multis
2606 3436 2961 3506 suscipiebat;
3010 3439 3369 3511 congregabat
3402 3451 3591 3494 aurum

2006 3528 2264 3599 quotidie,
2290 3536 2342 3584 et
2372 3528 2511 3599 quod
2554 3528 2770 3585 devotio
2799 3529 3103 3587 Christiana
3135 3547 3235 3602 pro
3260 3530 3593 3589 redimendis

2000 3623 2311 3696 porrigebat
2346 3622 2573 3696 captivis
2599 3665 2615 3692 ,
2663 3623 2852 3680 loculis
2897 3623 3191 3680 abdebatur
3235 3624 3492 3691 occultis;
3539 3632 3593 3681 et

2000 3731 2121 3786 quae
2152 3716 2417 3771 dabantur
2448 3716 2663 3786 inopum
2711 3715 3124 3771 necessitatibus
3150 3716 3459 3787 profutura,
3483 3714 3591 3771 ini-

2000 3811 2121 3882 quis
2151 3808 2443 3880 marsupiis
2473 3809 2859 3867 condebantur.
2890 3809 3023 3866 Nam
3051 3808 3248 3865 eﬂ‘ossa
3272 3808 3464 3864 mulier
3491 3806 3591 3862 hu-

2003 3917 2092 3959 mo
2144 3902 2199 3956 in
2246 3901 2425 3957 medio
2470 3902 2683 3957 cellulae
2726 3902 2889 3959 ollam
2929 3902 3245 3959 immensam
3294 3900 3586 3972 imposuit,

2000 3994 2185 4065 ibique
2216 4008 2338 4049 cum
2364 3993 2582 4063 aliquid
2632 3994 2815 4049 datum
2858 3993 3080 4062 fuisset,
3112 3992 3439 4049 recondebat
3465 3992 3591 4048 dili-

2001 4095 2213 4156 genter,
2248 4096 2301 4141 et
2330 4085 2503 4155 lapide
2524 4085 2861 4156 superposito
2889 4085 3173 4154 claudens,
3202 4096 3259 4142 ut
3282 4086 3413 4143 nulli
3435 4094 3589 4157 pate-

2001 4186 2087 4233 ret
2110 4176 2402 4232 occultum.
2435 4177 2478 4232 0
2505 4185 2692 4247 terque
2715 4186 3011 4248 quaterque
3032 4186 3087 4233 et
3113 4176 3289 4235 obiter
3315 4191 3589 4235 exsecran-

2000 4269 2068 4325 da
2097 4269 2360 4340 cupiditas
2387 4311 2400 4335 ,
2447 4284 2568 4341 quae
2612 4270 2734 4325 luce
2764 4268 3019 4325 fraudans
3048 4269 3294 4326 homines
3321 4270 3591 4341 dcmergis

2000 4360 2055 4417 in
2089 4360 2367 4417 tenebras!
2417 4360 2555 4430 Quid
2594 4360 2785 4431 plura?
2823 4362 2956 4417 Cum
3003 4361 3111 4417 olla
3155 4361 3372 4432 impleta
3400 4347 3591 4429 fuisSet

2001 4454 2238 4509 nummis
2265 4495 2279 4521 ,
2313 4452 2439 4510 huic
2478 4454 2687 4509 mulieri
2718 4460 2929 4525 tempus
2959 4454 3297 4510 resolutionis
3324 4452 3542 4509 advenit
3569 4470 3587 4509 :

1998 4555 2209 4601 mortua
2263 4558 2392 4600 vero
2437 4544 2587 4613 Deo,
2622 4542 2856 4616 migrans
2902 4545 2957 4599 in
2999 4544 3211 4601 inferno
3249 4545 3461 4615 sepulta
3482 4553 3586 4601 est.

2001 4638 2131 4695 Post
2157 4638 2315 4709 cujus
2356 4640 2640 4711 exsequias
2686 4640 3000 4698 sacerdotes
3025 4639 3116 4712 qui
3142 4640 3406 4710 aderant,
3435 4641 3588 4711 puel-

296 4704 593 4806 s’iovaldum
620 4711 920 4770 commotus
944 4718 1212 4776 exercitus
1254 4721 1321 4777 ad
1354 4723 1779 4787 Conveniensem
1806 4748 1894 4788 ur-
1917 4711 1973 4774 D
2000 4734 2107 4791 lam
2132 4734 2249 4805 ejus
2289 4733 2612 4792 familiarem
2646 4736 2980 4805 interrogant
3004 4775 3029 4801 ,η
3065 4734 3193 4806 quid
3230 4734 3298 4789 de
3329 4742 3476 4789 tanta
3504 4733 3585 4788 fe-

305 4798 428 4854 bem
469 4800 705 4858 directus
746 4814 866 4877 est,
913 4809 982 4867 ab
1022 4809 1183 4881 hujus
1210 4813 1525 4877 hostilitatis
1553 4824 1892 4884 multitudine

301 4886 521 4951 hasilica
568 4891 684 4985 ejus
728 4895 955 4953 valletur
1000 4907 1131 4957 tota.
1188 4904 1321 4961 Erat
1368 4911 1510 4965 enim
1557 4913 1608 4968 in
1649 4931 1709 4970 ea
1742 4919 1891 4985 plebs

298 4995 423 5035 cum
452 4982 691 5065 omnium
713 5001 893 5042 rerum
920 5003 1135 5048 suarum
1160 4999 1411 5064 praesidio
1444 5014 1490 5069 ο,
1519 4982 1794 5063 conlidens
1824 5010 1893 5066 de

298 5073 606 5129 reverentia
652 5074 936 5146 Martyris,
987 5083 1128 5151 quod
1173 5088 1353 5145 nullus
1385 5106 1445 5147 ea
1479 5100 1892 5168 praesumptione

372 5215 399 5281 ξ
442 5209 601 5281 Deest
624 5209 727 5265 hoc
750 5219 909 5281 caput
934 5212 1159 5273 in.Clar.
1191 5219 1244 5275 b.

372 5277 403 5315 ιι
440 5278 570 5364 ﬂare
592 5292 697 5364 est,
716 5282 791 5364 uti
814 5277 1053 5364 videtur,
1069 5286 1292 5364 historia
1312 5308 1475 5364 quam
1500 5298 1664 5355 edidit
1688 5302 1883 5364 Franc.

299 5349 594 5435 flosquetus
634 5351 773 5435 Hist.
818 5356 1009 5435 ece‘les.
1036 5349 1352 5435 'Gallicanae
1400 5349 1884 5435 nii.’§'."izéiei$}i§

296 5418 713 5511 beati
745 5423 1180 5511 hujusmartyris
1206 5418 1492 5508 memoria,
1518 5418 1884 5511 qh'atEiZElES

297 5490 515 5578 alterius
544 5492 644 5561 ipsi
674 5490 1027 5578 cognominis,
1058 5490 1887 5578 Caesaraugustani1s_cilice‘tldia:

294 5561 789 5653 gguiLfamaup'a‘ulc
802 5568 980 5653 ,obs‘eu
989 5561 1135 5630 rasse
1166 5561 1377 5653 videtnr
1541 5561 1883 5653 ﬁt”;

293 5630 1105 5730 credamus,
1140 5630 1416 5721 pleraeque
1440 5630 1731 5724 basilice,

292 5699 454 5793 hodie
484 5702 827 5793 Vincentium
852 5699 1416 5793 ‘Caesarafug'ustawnit—m
1767 5699 1876 5787 “ei:

291 5770 351 5859 in
354 5778 449 5859 nt,
462 5772 709 5859 primitus
717 5779 825 5859 sub
852 5770 1883 5859 \Encetttiixgeit-neiisis‘ii

291 5852 661 5931 conseneratae.‘
692 5845 820 5927 Yide
868 5845 1654 5931 Tilletnontjrtome—li’vilis:

291 5924 397 5981 pag
444 5910 547 5966 546
611 5923 667 5971 et
702 5915 758 5972 in
788 5922 935 5985 notis
961 5964 977 5997 ,
1024 5910 1442 6017 pag.i7'53‘,mubi

1999 4828 2161 4885 cisset
2189 4829 2409 4898 pecunia
2436 4870 2450 4895 ,
2483 4836 2574 4883 aut
2616 4828 2663 4883 si
2707 4827 2773 4881 ad
2802 4842 2922 4882 eam
2965 4824 3286 4896 erogandam
3328 4824 3587 4895 temporis

1996 4921 2081 4976 sui
2112 4921 2354 4989 permisit
2382 4918 2637 4989 spatium.
2694 4918 2763 4973 At
2801 4917 2890 4972 illa
2921 4916 3198 4988 respondit
3219 4929 3495 4985 nunquam
3523 4927 3585 4969 se

2002 5008 2198 5063 vidisse
2222 5009 2365 5079 quod
2393 5009 2487 5064 ulli
2523 5010 2741 5077 inopum
2785 5023 3004 5063 manum
3044 5006 3430 5062 misericordiae
3460 5019 3586 5074 por-

1998 5103 2261 5171 rexisset;
2295 5111 2387 5157 aut
2422 5101 2548 5173 quid
2576 5101 2798 5171 pecunia
2828 5102 2950 5156 data
2972 5098 3307 5168 devenisset,
3337 5101 3585 5172 ignorare

1991 5238 2241 5312 martyris
2268 5239 2387 5312 loco
2408 5236 3007 5312 _s_epulturre_,_tumulo,
3040 5243 3172 5312 et_c.,
3203 5235 3334 5312 agit,
3364 5245 3418 5291 et
3447 5236 3582 5291 Bro-
3660 5289 3673 5309 η.

1989 5306 2298 5386 νει-ἰξιοῑξε
2330 5310 2380 5365 in
2406 5306 2682 5386 Fortunati
2708 5307 2854 5386 lib._t
2878 5322 3045 5386 carm.
3079 5306 3111 5359 8
3134 5314 3187 5386 et
3212 5308 3272 5370 9,

1991 5384 2061 5441 de
2111 5381 2354 5451 ejusdem
2406 5382 2579 5438 s‘ancti
2628 5378 2863 5435 basilicis
2920 5394 2951 5433 a
2997 5376 3222 5434 Leontio
3271 5376 3583 5448 Burdegalm

1993 5455 2161 5527 episc.
2178 5453 2431 5527 excultis.

2069 5537 2091 5565 ο
2134 5525 2243 5579 Sic.
2272 5524 2425 5579 Colb.
2459 5532 2590 5587 tut.‘;
2630 5522 2806 5578 caeteri
2850 5521 3179 5595 vero,plebs
3206 5523 3577 5595 omnia_rerum

1994 5614 2209 5654 suarum
2239 5596 2499 5664 praesidia.
2556 5595 2809 5665 Eamdein
2844 5594 3120 5665 historiam
3166 5601 3346 5665 narrat
3376 5591 3575 5665 Grego-
3670 5592 3675 5655 ς

1992 5672 2103 5723 rius
2132 5662 2327 5722 lib.‘vn
2356 5667 2553 5721 Hister.
2586 5680 2704 5734 cap.
2737 5662 2827 5732 '55,
2862 5665 2947 5719 ubi
2980 5664 3045 5719 de
3066 5675 3252 5720 sancto
3287 5662 3569 5720 Vincentio

1992 5737 2436 5820 etejn‘sbas'i’li-ca
2464 5737 2712 5820 diximus.
2789 5809 2800 5820 ι
2865 5807 2875 5818 η
3085 5808 3139 5819 Η
3249 5811 3259 5820 1
3339 5810 3349 5820 .

2062 5807 2255 5875 d'Ed”
2293 5807 2487 5861 Etiam.
2540 5807 2751 5862 Titulus
2787 5807 2947 5877 hujus
2983 5808 3170 5876 capitis
3217 5811 3295 5865 sic
3339 5810 3389 5865 in
3438 5807 3567 5863 Mss.

1994 5880 2253 5941 habetur:
2290 5878 2369 5935 De
2395 5879 2603 5953 muliere
2622 5893 2737 5951 qua:
2767 5880 3036 5949 pecuniam
3056 5880 3334 5936 abscondit.

1986 6034 1998 6045 ,ι

1988 6053 2029 6071 ⁴κκ
2032 6068 2045 6073 μ

3310 5322 3429 5375 (ιυλο
3458 5316 3584 5363 sunt
3655 5325 3666 5343 ⁴
