4072 6346
645 395 746 452 799

1107 390 1168 450 S.
1189 385 1519 449 GREGORH
1556 382 1859 444 EPISCOPI
1897 380 2320 446 TURONENSIS
2356 380 2588 441 MIRAC.
2621 381 2750 441 LlD.
2783 383 2823 438 1.
2856 382 2946 441 DE
2975 380 3229 448 (ὶιοιὶῐὰ
3264 381 3482 445 MART.
3817 391 3902 446 δυο

643 524 704 566 se
727 507 1027 566 confitetur.
1058 503 1231 561 Unum
1257 514 1461 558 tantum
1486 503 1598 558 sc'io
1616 543 1632 569 ,
1660 501 1754 570 ait,
1786 503 1926 571 quod
1959 503 2010 558 in
2033 503 2225 558 cellula
2254 501 2304 559 Δ
2330 505 2430 550 tem
2458 497 2555 568 leg!
2585 498 2765 553 mentis
2797 514 2942 566 mete.
2967 508 3014 554 et
3041 500 3298 570 captivum
3325 517 3405 556 me
3429 502 3706 557 ducentem
3731 501 3784 556 in
3807 504 3896 576 lege

643 603 1016 672 deportatum,
1056 612 1356 670 regressum
1405 597 1530 652 foris
1577 597 1711 651 ultra
1771 610 1874 650 non
1927 598 2053 651 vidi.
2099 598 2221 652 lizec

642 693 920 748 audientes
950 691 1152 755 clerici,
1180 699 1398 759 stupent
1427 690 1639 755 auditu,
1673 697 1726 744 et
1750 691 1874 759 quid
1905 705 1969 745 ex
2012 691 2111 744 hoc
2140 692 2219 744 fa-

643 797 786 841 ctum
810 784 999 840 fuisset
1040 784 1322 855 diligenter
1357 786 1658 856 inquirunt;
1712 794 1987 854 totumque
2014 785 2221 840 crebris

640 876 833 931 ictibus
861 879 1218 946 pavimentum
1253 877 1621 940 tundentibus,
1656 877 1802 932 locus
1829 877 1880 932 in
1913 891 2016 946 quo
2044 878 2220 932 occul-

638 977 692 1024 ta
725 977 750 1005 ιι
776 968 985 1037 jacebat
1028 970 1256 1038 pecunia.
1281 968 1527 1023 tinnitum
1560 968 1708 1022 dedit
1735 968 2025 1036 impulsus,
2059 981 2212 1020 cavo-

645 1076 749 1130 que
785 1075 1041 1116 resonans
1090 1061 1322 1132 prodidit
1363 1076 1481 1130 qua:
1514 1060 1784 1124 latebant,
1834 1069 1886 1114 et
1926 1062 2101 1113 statim
2134 1074 2218 1114 res

639 1162 786 1208 moto
819 1153 994 1222 lapide
1017 1154 1283 1208 invenitur
1299 1153 1413 1206 auri
1431 1152 1728 1221 congeries.
1761 1151 1923 1222 842
1952 1152 2014 1205 Et
2037 1151 2218 1206 clerici

634 1255 916 1315 stupentes
959 1255 1118 1302 tantae
1145 1247 1450 1302 subtilitatis
1495 1247 1931 1315 perversitatem,
1965 1246 2219 1314 episcopo

633 1340 757 1408 quid
806 1348 980 1393 aetum
1009 1340 1219 1403 fuerat,
1267 1339 1520 1394 indicant.
1587 1338 1678 1394 ille
1725 1353 1851 1392 vero
1897 1330 2216 1403 commotus,

632 1433 794 1502 jussit
825 1443 1064 1487 reserato
1091 1432 1335 1501 sepulcro
1366 1430 1647 1501 pecuniam
1676 1445 1836 1499 super
1869 1445 2064 1497 corpus
2093 1443 2219 1483 exa-

631 1526 777 1579 nime
807 1525 1013 1594 projici,
1042 1525 1227 1579 dicens
1256 1542 1266 1575 :
1299 1525 1520 1578 Sinttua
1549 1523 1641 1578 tibi
1669 1538 1787 1592 quae
1816 1519 2215 1590 congregastib,

629 1614 954 1682 pauperibus
985 1629 1113 1668 vero
1158 1613 1352 1668 Christi
1400 1629 1506 1668 non
1539 1613 1710 1668 deerit
1740 1611 1880 1666 unde
1910 1621 2216 1666 sustentem-

631 1712 737 1759 tur.
769 1704 877 1760 Nec
905 1719 1052 1760 mora
1079 1747 1093 1773 ,
1145 1719 1265 1759 cum
1296 1705 1462 1774 prima
1495 1706 1646 1775 quies
1675 1713 1938 1758 nocturno
1969 1713 2210 1772 tempore

628 1797 750 1852 data
783 1797 1012 1866 fuisset,
1056 1798 1342 1853 audiuntur
1383 1812 1540 1853 voces
1586 1812 1615 1852 a
1664 1797 1906 1861 tumulo,
1959 1797 2111 1851 ﬂetus
2159 1805 2214 1850 et

2327 591 2519 659 peccati
2542 591 2718 660 (Rom.
2757 607 2851 657 vii,
2883 591 2998 661 25).
3044 592 3184 663 Ergo
3220 593 3266 648 si
3300 602 3353 648 te
3380 595 3616 649 senseris
3645 597 3892 665 captivum

2326 682 2517 737 abduci
2547 683 2597 737 in
2629 684 2744 755 lege
2773 685 3001 754 peccati,
3033 692 3143 739 tuta
3172 684 3404 740 frontem
3433 693 3580 740 tuam
3611 687 3768 756 signo
3791 702 3892 744 eru-

2324 775 2401 828 cis
2432 776 2668 846 insigni,
2714 791 2822 847 quo
2871 776 3140 846 propellas
3186 775 3421 846 jaculum
3471 777 3636 848 hujus
3685 778 3892 850 insidia,

2322 865 2445 935 quia
2463 866 2614 936 juxta
2637 867 2984 922 Prudentium
3013 877 3062 934 °,

2568 959 2695 1009 Crux
2717 960 2856 1019 pellit
2877 973 3025 1009 omne
3050 961 3235 1010 crimen
3261 969 3278 1008 :

2574 1020 2784 1079 Fugiunt
2810 1035 3012 1071 crucem
3037 1023 3275 1072 tenebrae.

2571 1082 2674 1147 Tali
2699 1086 2856 1133 dicata
2879 1087 3020 1147 signo

2571 1145 2711 1194 Mens
2735 1145 2966 1196 fluctuare
2993 1148 3167 1197 nescit.

2392 1249 2524 1305 Nam
2557 1251 2729 1321 qualis
2756 1252 2825 1306 sit
2853 1251 3012 1322 hujus
3033 1251 3222 1308 vexilli
3254 1252 3606 1312 sacratissimi
3636 1251 3883 1324 fortitudo,

2320 1343 2447 1413 quid
2478 1344 2768 1414 contigerit
2799 1359 2986 1416 nuper,
3021 1346 3288 1402 evolvam.

2902 1458 3131 1516 CAPUT
3168 1459 3323 1517 CVII.

2706 1571 2786 1628 De
2816 1571 3107 1627 Pannichio
3138 1572 3430 1644 presbytero
3464 1571 3508 1628 ί.

2390 1688 2711 1745 Pannichius
2735 1689 3082 1746 Pictaviensis
3115 1690 3329 1748 termini
3358 1688 3669 1761 presbyter,
3694 1688 3811 1744 dum
3829 1689 3882 1746 ad

2318 1782 2622 1836 convivium
2669 1797 2790 1838 cum
2839 1783 3029 1837 amicis
3077 1796 3211 1852 quos
3257 1789 3577 1838 evocaverat
3627 1779 3881 1848 resideret,

629 1890 868 1944 ululatus
917 1891 1250 1945 immensus:
1295 1891 1435 1944 inter
1483 1904 1615 1958 quas
1664 1903 1822 1943 voces
1854 1891 1953 1942 hoc
1983 1889 2215 1945 maxime
2245 1876 2573 1948 Bpoculum
2626 1880 2820 1948 poscit.
2878 1878 2993 1947 Quo
3046 1886 3291 1948 accepto,
3341 1892 3523 1934 musca
3549 1876 3879 1947 importunior

628 1983 938 2049 resonabat,
970 1999 1028 2038 se
1058 1984 1339 2048 miseram,
1374 1997 1432 2037 se
1462 1982 1758 2046 infelicem,
1791 1998 1906 2052 qua:
1935 1981 2049 2036 auri
2081 1997 2210 2036 con-

626 2073 940 2129 sumebatur
980 2075 1248 2130 incendio.
1308 2075 1544 2144 Denique
1580 2090 1700 2129 cum
1742 2090 1836 2146 per
1866 2074 2096 2128 triduum
2130 2074 2213 2127 lite

627 2176 788 2218 voces
829 2164 1152 2220 adveniente
1185 2174 1344 2220 nocte
1374 2173 1708 2231 resonarent,
1740 2165 1946 2236 populis
1977 2180 2082 2219 non
2113 2165 2213 2218 du-

625 2256 907 2319 rantibus.
955 2257 1022 2313 ad
1052 2260 1387 2314 sacerdotem
1417 2260 1647 2313 venitur.
1703 2259 1772 2313 At
1809 2259 1896 2311 ille
1927 2257 2210 2324 accedens,

626 2348 772 2407 iubet
794 2349 984 2404 tumuli
1008 2352 1340 2420 opertorium
1385 2351 1655 2417 amoveri,
1685 2350 2040 2420 submotoque
2068 2351 2213 2404 videt

623 2454 814 2496 aurum
865 2443 1016 2512 quasi
1065 2443 1116 2496 in
1166 2443 1382 2499 fornace
1428 2444 1752 2511 resolutum,
1788 2443 1840 2496 in
1881 2457 1941 2496 os
1971 2442 2211 2498 mulieris

626 2533 836 2602 ingredi
887 2547 1010 2588 cum
1066 2534 1279 2587 flamma
1330 2534 1613 2602 sulphurea
1652 2544 1695 2587 ο.
1763 2533 1912 2587 Tunc
1958 2533 2209 2588 sacerdos

627 2622 800 2675 oravit
828 2622 894 2675 ad
926 2622 1228 2691 Dominum,
1254 2632 1311 2678 ut
1341 2625 1462 2694 quia
1492 2624 1692 2678 malitia
1715 2623 1831 2692 ejus
1858 2623 2066 2692 populis
2097 2623 2206 2678 fue-

623 2721 706 2767 rat
732 2712 1000 2768 declarata
1025 2753 1040 2780 ,
1093 2715 1306 2769 tandem
1338 2715 1597 2769 Dominus
1635 2731 1846 2785 poenam
1876 2730 2090 2771 cessare
2126 2716 2209 2785 ju-

623 2803 776 2860 beret
802 2819 830 2860 a
858 2820 1106 2875 corpore,
1141 2814 1196 2862 et
1217 2817 1402 2876 operto
1425 2809 1626 2863 tumulo
1649 2809 1912 2872 discessit,
1944 2823 2208 2879 vocesque

622 2898 862 2954 mulieris
907 2899 1132 2968 amplius
1179 2914 1284 2954 non
1340 2911 1463 2954 sunt
1517 2900 1710 2954 auditae
1751 2899 1799 2954 ἀ.
1862 2901 2025 2956 Vides
2078 2916 2206 2971 ergo

624 2997 880 3059 quantum
927 2990 1087 3044 distat
1133 2990 1274 3044 inter
1330 2991 1790 3044 conversationem
1843 2990 2119 3046 caelestem
2154 2998 2208 3046 et

618 3080 946 3150 opulentiam
971 3080 1319 3145 saecularem,
1355 3089 1610 3150 quantum
1647 3080 1805 3136 distat
1849 3082 1988 3135 inter
2016 3089 2207 3151 marty-

617 3190 737 3230 rum
764 3173 975 3229 divitias
998 3182 1053 3229 et
1083 3173 1266 3228 saeculi
1309 3187 1562 3242 pompas;
1619 3173 1770 3227 vides
1801 3174 1974 3243 qualia
2006 3183 2206 3246 marty-

2322 1971 2712 2026 circumvolans
2766 1972 3046 2038 inquinare
3091 1972 3337 2041 poculum
3389 1971 3682 2026 nitebatur.
3736 1970 3878 2038 Quam

2321 2079 2441 2118 cum
2472 2065 2669 2134 saapius
2699 2079 2859 2120 manu
2885 2066 3163 2136 presbyter
3191 2065 3478 2135 abegisset,
3512 2073 3566 2121 et
3597 2065 3686 2120 illa
3716 2065 3875 2134 paulu-

2318 2158 2425 2212 lum
2453 2158 2772 2215 se‘elevans
2817 2173 3005 2214 rursus
3046 2159 3249 2215 reverti
3277 2159 3560 2227 niteretur,
3593 2159 3876 2215 sensitesse

2317 2249 2564 2305 insidiam
2595 2251 2812 2318 inimici,
2838 2261 3190 2323 susceptoque
3219 2253 3348 2309 laeva
3366 2253 3555 2323 poculo
3575 2251 3646 2307 de
3679 2251 3874 2307 dextera

2315 2343 2526 2413 signum
2576 2347 2751 2402 crucis
2795 2347 2952 2402 facit:
3002 2362 3125 2402 mox
3157 2347 3209 2402 in
3230 2355 3458 2418 quatuor
3487 2345 3688 2401 divisus
3719 2351 3872 2414 partes

2316 2436 2488 2506 liquor
2529 2439 2619 2508 qui
2655 2441 2860 2505 inerat,
2903 2441 3103 2496 elevata
3146 2440 3198 2494 in
3246 2439 3460 2496 excelso
3509 2438 3674 2503 unda,
3736 2446 3870 2492 terrae

2313 2528 2624 2585 diffunditur
2649 2541 2694 2585 ε.
2731 2531 3080 2603 844847
3112 2531 3288 2587 Patuit
3315 2545 3545 2602 namque
3576 2529 3874 2586 manife5tis-

2311 2624 2449 2678 sime
2473 2624 2574 2679 hoc
2604 2624 2850 2680 insidiam
2883 2625 3050 2680 fuisse
3078 2625 3299 2680 inimici.
3346 2625 3488 2695 Ergo
3507 2634 3563 2682 et
3592 2633 3665 2689 tu,
3697 2623 3739 2678 si
3764 2623 3872 2676 vrri-

2314 2713 2437 2769 liter
2465 2725 2519 2770 et
2575 2731 2680 2771 non
2730 2717 2907 2786 tepide
2938 2718 3145 2787 signum
3183 2717 3266 2773 vel
3315 2716 3513 2784 fronti,
3567 2717 3645 2772 vel
3691 2713 3870 2784 pectori

2313 2806 2550 2861 salutare
2574 2805 2800 2878 [Laud.,
2846 2808 3159 2880 Salvatoris]
3190 2822 3546 2878 superponas,
3599 2815 3718 2862 tunc
3757 2803 3872 2861 resi-

2312 2898 2504 2953 stendo
2527 2899 2668 2954 vitiis
2691 2908 2894 2970 martyr
2926 2899 3240 2968 habeberis,
3272 2901 3391 2970 quia
3411 2909 3462 2954 et
3490 2898 3592 2968 ipsi
3620 2906 3871 2966 martyres

2310 3004 2371 3046 ea
2398 3005 2516 3060 qua:
2538 2990 2796 3060 vicerunt,
2815 3005 2921 3046 non
2944 2992 3056 3046 suis
3083 2992 3284 3046 viribus
3309 3033 3324 3057 ,
3349 2990 3438 3046 sed
3468 2990 3560 3044 Dei
3593 2989 3705 3043 haec
3728 2987 3872 3042 auxi-

2311 3080 2424 3146 liis,
2459 3096 2554 3149 per
2617 3083 2948 3150 signaculum
3007 3083 3185 3139 crucis
3243 3081 3626 3152 gloriosissime
3668 3093 3870 3149 perege-

2314 3182 2458 3240 runt,
2486 3173 2537 3228 in
2561 3175 2754 3244 quibus
2779 3216 2795 3240 ,
2835 3182 2893 3229 ut
2933 3189 3078 3244 stepe
3122 3174 3376 3239 diximus,
3408 3172 3523 3244 ipse
3554 3171 3800 3227 Dominus
3824 3179 3868 3226 et

617 3267 1087 3323 ribussinteollata
1106 3266 1326 3336 praamia
1348 3265 1414 3319 ad
1439 3265 1558 3318 vitae
1581 3265 1838 3335 religiosa:
1867 3267 2199 3342 compendia.
2231 3253 2278 3315 C
2312 3267 2551 3333 dimicat,
2588 3276 2643 3322 et
2685 3269 2997 3337 triumphat.
3046 3267 3199 3324 Unde
3241 3274 3453 3338 oportet
3487 3274 3544 3322 et
3570 3279 3666 3321 nos
3701 3279 3866 3321 eorum

618 3360 686 3412 Et
715 3368 769 3412 tu
790 3399 806 3425 ,
849 3373 881 3413 ο
912 3358 1071 3413 homo
1102 3356 1375 3422 mortalis,
1426 3371 1532 3410 non
1565 3355 1800 3411 declinas
1825 3359 1867 3410 a‘
1886 3359 2198 3426 sceleribus,

618 3464 727 3506 non
768 3463 949 3505 cessas
977 3465 1006 3504 a
1046 3451 1220 3515 vitiis,
1258 3464 1362 3502 non
1391 3448 1637 3518 agonizas
1666 3464 1785 3502 cum
1817 3453 2200 3518 concupiscen-

615 3540 704 3597 tiis
729 3541 915 3597 saevis!
952 3541 1023 3597 Te
1057 3540 1428 3609 illicitoculus,
1455 3539 1579 3594 dum
1605 3542 1982 3610 contemplaris
2005 3543 2196 3610 aliena,

613 3646 735 3688 cum
797 3642 1039 3688 sanctum
1106 3642 1394 3703 martyrem
1466 3646 1570 3685 non
1626 3632 1843 3687 deflexit
1897 3633 2200 3689 divitiarum

616 3723 819 3780 oblatio
842 3725 1129 3796 opulenta!
1171 3726 1252 3781 Tu
1293 3725 1706 3795 cogitationibus
1745 3725 1938 3795 iniquis
1978 3726 2199 3784 ﬂuctua-

611 3814 708 3878 ris,
736 3821 791 3868 et
821 3814 968 3871 cedis
995 3854 1010 3882 ,
1043 3830 1162 3869 cum
1196 3815 1286 3869 ille
1326 3825 1527 3886 martyr
1561 3829 1666 3870 non
1695 3819 1858 3871 cessit
1887 3817 2118 3874 flammis
2145 3829 2200 3876 et

609 3907 847 3978 ungulis!
879 3907 957 3963 Te
987 3924 1149 3964 unum
1174 3908 1425 3965 desiderii
1455 3909 1672 3979 pessimi
1701 3910 1933 3981 jaculum
1963 3915 2194 3981 sauciat,

614 4014 735 4055 cum
765 4001 964 4057 Christi
990 4012 1279 4075 martyrem
1312 4003 1599 4060 exturbare
1644 4020 1674 4060 a
1708 4005 1928 4074 justitim
1961 4009 2192 4077 tramite,

615 4105 716 4146 nec
759 4093 912 4147 turbo
960 4093 1243 4148 verberum
1291 4094 1607 4162 praevaluit,
1655 4110 1753 4151 nec
1798 4099 2028 4151 catasta!
2082 4098 2193 4153 haec

608 4193 813 4252 martyr
839 4185 1126 4251 sustinuit,
1159 4184 1353 4238 visibili
1375 4225 1390 4251 ,
1423 4193 1481 4239 ut
1513 4195 1597 4253 tu,
1623 4201 1750 4242 usus
1777 4202 2022 4257 corpore,
2054 4199 2106 4244 et
2138 4199 2193 4245 tu

607 4275 902 4330 invisibiles
942 4291 1048 4332 non
1094 4276 1331 4332 refrenas
1377 4278 1620 4347 corporis
1665 4281 2089 4336 commotiones!
2123 4281 2192 4338 Et

606 4365 732 4422 licet
774 4369 926 4436 juxta
984 4371 1331 4438 Apostolum,
1379 4382 1504 4427 ca'ro
1553 4372 1895 4440 concupiscat
1934 4373 2190 4428 adversus

604 4461 849 4530 Spiritum
876 4505 891 4528 ,
934 4471 987 4518 et
1025 4463 1242 4531 Spiritus
1283 4465 1541 4521 adversus
1567 4480 1806 4533 carnem,
1838 4475 1891 4520 et
1916 4466 2030 4521 haic
2054 4467 2190 4521 invi-

604 4565 723 4607 cem
766 4553 1116 4609 adversentur
1156 4555 1290 4622 sibi,
1337 4565 1391 4609 ut
1438 4569 1544 4610 non
1590 4556 1734 4624 quod
1781 4558 2025 4611 volumus
2050 4558 2182 4614 illud

2311 3361 2601 3428 patrocinia
2643 3369 2929 3428 expetere,
2977 3369 3037 3414 ut
3083 3374 3266 3415 eorum
3295 3374 3599 3415 mereamur
3623 3357 3863 3428 suﬂragiis

2307 3451 2572 3522 adjuvari,
2607 3453 2726 3518 vel,
2758 3453 2901 3521 quod
2930 3453 3126 3508 nostris
3157 3453 3302 3525 digni
3334 3467 3442 3508 non
3473 3465 3658 3507 sumus
3679 3452 3863 3508 meritis

2307 3544 2584 3610 obtinere,
2617 3558 2806 3598 eorum
2838 3544 3103 3613 possimus
3144 3543 3618 3598 intercessionibus
3646 3541 3863 3611 adipisci,

2305 3644 2363 3690 ut
2392 3635 2656 3706 adjutorio
2704 3643 2926 3690 sacrata:
2965 3635 3244 3691 Trinitatis
3274 3635 3353 3690 usi
3379 3677 3394 3701 ,
3423 3633 3563 3689 efﬁci
3591 3648 3865 3690 mereamur

2303 3735 2567 3797 martyres
2599 3725 2797 3781 Christi
2826 3766 2840 3791 ,
2889 3727 3192 3782 carnalibus
3213 3727 3492 3783 desideriis
3523 3727 3796 3795 abdicatis,
3819 3733 3866 3780 ut

2303 3819 2429 3874 dicit
2461 3819 2572 3887 ipse
2598 3816 2644 3885 ιι,
2671 3820 2760 3889 qui
2789 3835 2887 3889 pro
2927 3833 2986 3873 se
3021 3819 3251 3875 ﬁdeliter
3276 3819 3596 3875 dimicantes
3627 3819 3865 3888 lapidibus

2303 3909 2554 3979 pretiosis
2583 3917 2804 3964 coronat
2837 3909 2892 3964 in
2919 3908 3060 3964 coelo
3077 3949 3092 3975 ,
3124 3909 3368 3964 alumnos
3391 3910 3731 3980 cultoresque
3749 3907 3864 3963 ami-

2300 4018 2485 4059 corum
2537 4017 2754 4058 suorum
2812 4010 3094 4072 protegere
3147 4001 3395 4072 dignetur
3426 4003 3481 4058 in
3547 4002 3775 4068 saeculo;
3812 4013 3864 4055 ac

2301 4106 2518 4171 praestet
2542 4139 2557 4166 ,
2587 4098 2917 4153 utassistant
2945 4081 3206 4166 martyres
3232 4096 3460 4153 invocati
3501 4111 3532 4151 a
3581 4096 3718 4162 suist,
3747 4109 3863 4166 quos

2299 4200 2419 4260 post
2439 4188 2721 4244 victoriam
2754 4186 3035 4256 paradisus
3059 4186 3399 4242 beatitudinis
3437 4186 3636 4242 retinet
3668 4187 3864 4243 immor-

2297 4281 2462 4347 tales;
2501 4289 2560 4335 ut
2603 4280 2655 4333 in
2687 4278 2780 4334 illo
2821 4277 3235 4334 examinationis
3286 4287 3553 4348 tempore,
3606 4293 3730 4334 cum
3757 4278 3863 4332 illos

2295 4371 2467 4442 gloria
2495 4378 2695 4425 (eterna
2732 4369 3060 4434 circumdat,
3098 4381 3196 4423 nos
3231 4378 3324 4424 aut
3351 4377 3572 4424 excuset
3595 4369 3862 4426 mediatrix

2291 4465 2486 4530 venia,
2536 4472 2627 4518 aut
2674 4461 2805 4518 levis
2853 4475 3010 4531 pinna
3049 4469 3379 4531 pertranseat
3417 4459 3476 4526 i;
3513 4475 3615 4516 nec
3660 4461 3863 4516 damnet

2293 4572 2416 4614 reos
2447 4572 2544 4627 pro
2582 4555 2819 4612 criminis
2856 4555 3069 4610 actione
3097 4555 3151 4608 in
3195 4563 3512 4623 perpetuum
3538 4593 3555 4622 ,
3585 4569 3727 4626 quos
3755 4567 3860 4627 pre-

601 4654 849 4712 geramus
873 4643 1017 4718 (Gal.
1048 4660 1104 4713 v,
1131 4644 1221 4713 i7)
1245 4685 1261 4711 ,
1298 4655 1474 4700 tamen
1512 4645 1634 4701 vide
1664 4647 1790 4715 quid
1820 4649 1893 4702 ait
1921 4647 2061 4704 idem
2085 4649 2186 4705 do-
2211 4636 2267 4700 D
2296 4649 2419 4705 tiosi
2441 4649 2721 4718 sanguinis
2747 4645 3073 4703 commercio
3094 4645 3383 4715 reparavit.
3415 4645 3616 4702 Amen.

601 4739 716 4787 ctor
742 4750 753 4787 :
782 4733 945 4805 843
989 4733 1143 4788 Video
1185 4735 1345 4806 legem
1373 4737 1425 4789 in
1472 4736 1709 4792 membris
1737 4737 1862 4792 meis
1892 4755 2186 4811 repugnan-

605 4963 617 4975 ο
672 4900 699 4928 ι
739 4892 890 4950 Colb.
915 4908 966 4975 al,
994 4903 1237 4962 lunaeque
1275 4894 1459 4948 crebris
1489 4894 1673 4949 ictibus
1696 4896 2015 4967 pavimento,
2040 4901 2181 4958 locus

598 4966 1141 5118 tngtfgigcéifegorius
1182 5036 1399 5118 Magnus
1445 5037 1538 5091 lib.
1580 5052 1631 5092 iv
1675 5039 1878 5118 Dialog.
1923 5055 2040 5110 cap.
2084 5043 2176 5099 55’.

598 5103 736 5185 1iusti
766 5103 1013 5185 monachi
1045 5103 1380 5185 proprietarii
1423 5123 1619 5185 corpus
1649 5124 1770 5164 cum
1808 5103 1925 5180 ejus
1951 5103 2172 5182 argento

599 5178 652 5227 in
674 5178 1065 5242 Sterquilinium
1092 5179 1275 5245 projici
1305 5179 1592 5232 mandavit.

676 5255 696 5282 ⁶
739 5246 826 5300 Sic
872 5250 938 5302 de
995 5251 1241 5316 sepulcro
1289 5249 1504 5304 curialis
1560 5249 1835 5317 cujusdam
1890 5253 2174 5308 facinerosi

600 5313 814 5388 flamma
859 5332 952 5385 per
1001 5313 1201 5388 aliquot
1258 5319 1372 5372 dies
1424 5321 1572 5373 exire
1617 5313 1725 5372 visa
1776 5333 1875 5386 est,
1909 5332 2175 5378 utnarrat

603 5383 887 5463 gregarius
916 5383 1134 5463 Magnus
1161 5390 1253 5444 lib.
1292 5405 1341 5442 iv
1375 5389 1514 5463 Dial.
1543 5404 1661 5457 cap.
1684 5391 1772 5447 δὲ.
1796 5383 1930 5448 Vide
1964 5404 2018 5448 et
2051 5410 2170 5463 cap.

604 5455 696 5528 51,
722 5457 929 5528 etinfra
957 5455 1044 5513 lib.
1077 5460 1141 5513 de
1163 5469 1346 5514 sancto
1369 5460 1580 5514 Juliano
1610 5455 1728 5528 cap.
1765 5463 1848 5516 15.

602 5592 616 5605 ο
673 5523 698 5561 ί¹
741 5526 835 5605 Hic
855 5528 1050 5605 desinit
1074 5541 1254 5605 caput,
1283 5531 1494 5605 e_t_liber
1519 5523 1742 5605 primus,
1778 5534 1827 5585 in
1861 5533 2016 5589 Colb.
2045 5543 2168 5602 tut.,

601 5596 654 5648 in
677 5611 781 5665 quo
803 5596 1024 5666 deinde,
1057 5596 1254 5655 omisso
1289 5602 1424 5656 libro
1465 5596 1532 5656 de
1580 5600 1847 5660 Miraculis
1876 5607 2046 5662 sancti
2075 5596 2171 5660 JuL

2778 4739 3002 4811 Explicit
3029 4738 3153 4793 liber
3185 4739 3402 4808 primus.

2296 4892 2445 4966 liani,
2472 4897 2711 4968 sequitur
2732 4939 2746 4964 ,
2784 4905 2844 4952 ut
2869 4895 2941 4951 ibi
2976 4886 3206 4950 dicitur:
3256 4886 3472 4949 liber‘ll
3503 4893 3567 4948 de
3599 4891 3856 4950 Miranti:

2294 4980 2588 5026 sanctorum
2614 4970 2980 5040 confessorem,
3005 4975 3110 5021 etc.

2368 5052 2390 5081 ο
2433 5042 2550 5096 Lib.
2583 5034 3053 5104 Cathaeinerinon,
3085 5049 3251 5090 carm.
3279 5035 3334 5101 6,
3363 5049 3504 5090 vers.
3534 5034 3657 5090 155.

2367 5111 2388 5152 ί
2434 5113 2564 5167 Bell.
2597 5122 2652 5167 ct
2678 5111 2764 5165 alii
2791 5126 2803 5162 :
2839 5108 2915 5163 De
2945 5107 3330 5178 importunitate
3357 5121 3543 5161 musca:
3563 5108 3710 5177 signa
3759 5104 3854 5174 epi-

2277 5186 2418 5251 scopi
2438 5200 2631 5238 aversa.

2353 5247 2377 5302 εξ
2421 5257 2528 5319 Sic,
2562 5255 2636 5307 uti
2664 5260 2849 5306 narrat
2873 5259 3091 5306 sanctus
3116 5251 3276 5319 Greg.
3308 5248 3404 5303 lib.
3439 5264 3478 5303 ιι
3509 5247 3715 5318 Dialog.
3741 5261 3851 5314 cap.

2280 5322 2332 5388 Β,
2364 5340 2463 5381 vas
2496 5323 2728 5391 pestiferi
2777 5331 2932 5392 potus
2973 5322 3183 5392 signum
3228 5320 3402 5392 crucis
3447 5333 3478 5373 a
3507 5319 3568 5374 Β.
3601 5319 3663 5375 Ρ.
3694 5320 3859 5374 Bene-

2280 5395 2422 5449 dicto
2453 5396 2790 5450 ell‘ormatuni
2824 5393 2963 5447 ferre
2987 5391 3092 5446 nun
3124 5391 3322 5460 potuit.

2354 5464 2377 5501 δ
2421 5467 2570 5520 Colb.
2595 5480 2645 5532 a,
2682 5465 2847 5518 altera
2877 5478 3058 5527 manu,
3093 5458 3146 5515 ui
3172 5463 3277 5530 ipse
3310 5458 3438 5523 dux,
3472 5461 3580 5531 qui.

2359 5537 2542 5610 {Igne
2573 5530 2790 5610 scilicet
2828 5533 3162 5610 purgatorio,
3211 5537 3304 5584 aut
3332 5530 3546 5610 quovis.
3568 5530 3671 5610 alio
3706 5531 3857 5584 modo

2283 5607 2347 5661 ad
2375 5599 2651 5664 diluendas
2676 5599 3046 5662 defunctorum
3074 5606 3222 5660 leves
3249 5600 3484 5657 maculas
3516 5599 3800 5657 destinato.
