4072 6346
281 495 3452 552 ww

1129 653 1608 774 LIBER
1689 649 2532 771 SECUNDUS.

392 909 571 1028 DE
659 905 1398 1051 PASSIONE,
1484 873 2440 1047 VIRTUTIBUS,
2531 905 2713 1021 ET
2802 902 3322 1022 GLORIA

508 1147 1203 1266 sanan
1238 1145 2000 1264 annum
2073 1059 3202 1263 nummus“.

1093 1383 2608 1438 #—

932 1561 1372 1650 INCIPIT
1446 1555 2056 1645 PRZEFATIO
2133 1557 2760 1644 GREGORII.

294 1768 651 1844 847-848
678 1770 925 1842 Magnum
949 1771 1003 1827 in
1031 1770 1185 1827 nobis
1209 1767 1598 1840 quodammodo
1625 1764 2009 1836 igniculum‘ad
2026 1755 2243 1834 justitiac
2268 1780 2378 1820 sum
2424 1766 2823 1835 adipiscendam
2850 1767 3095 1824 semitam
3119 1767 3286 1836 pietas
3309 1765 3486 1820 divina

221 1861 516 1932 succendit,
533 1877 652 1917 cum
679 1860 808 1918 dicit
835 1881 848 1917 :
875 1862 1026 1916 Oculi
1045 1860 1262 1925 ,Ποιηἱηί
1280 1876 1430 1928 super
1437 1862 1627 1929 justas,
1650 1867 1697 1912 et
1718 1873 1864 1911 aures
1878 1858 1988 1927 ejus
2013 1857 2080 1910 ad
2103 1873 2276 1942 preces
2300 1856 2478 1928 [Bell.,
2509 1857 2559 1910 in
2582 1857 2796 1928 precem]
2824 1873 2993 1912 eorum
3013 1856 3126 1929 (Ps.
3154 1873 3340 1926 xxxiii,
3373 1857 3487 1926 16);

222 1951 513 2009 ostendens
566 1953 708 2024 quod
747 1953 837 2023 qui
879 1951 1140 2021 justitiam
1192 1966 1257 2007 ex
1295 1959 1408 2006 toto
1449 1949 1614 2004 corde
1655 1947 1930 2014 dilexerit,
1981 1962 2100 2003 cum
2129 1945 2442 2016 deprecatus
2473 1947 2661 2024 fuerit,_
2679 1948 2921 2000 audiatur
2949 1964 2977 2001 a
3005 1948 3245 2003 Domino.
3277 1948 3487 2002 Utinam

223 2047 449 2115 quisque
476 2055 716 2102 nostrum
741 2060 862 2101 cum
891 2045 1012 2101 hinc
1036 2053 1256 2100 cantare
1278 2041 1305 2081 ι’
1335 2041 1579 2111 οωρετὶι,
1612 2039 1789 2094 statim
1818 2038 2008 2108 spretis
2035 2037 2218 2093 mundi
2242 2036 2530 2104 scandalis,
2559 2016 2815 2106 neglectis
2843 2037 3285 2107 concupiscentiis
3318 2038 3491 2104 vanis,

223 2138 602 2212 derelictisque
631 2141 840 2198 semitis
871 2141 1074 2210 pravis,
1094 2137 1316 2207 iustitia:
1346 2137 1484 2191 viam
1517 2133 1824 2203 expeditus,
1856 2141 1910 2186 et
1937 2131 2054 2186 sine
2085 2130 2465 2198 impedimento
2491 2129 2830 2183 saecularium
2868 2130 3159 2193 actionum,
3205 2135 3492 2181 conaretur

224 2228 487 2302 irrepere.
520 2234 625 2289 Per
661 2233 799 2288 hanc
825 2232 966 2288 enim
995 2231 1134 2286 viam
1174 2228 1308 2284 Abel
1340 2227 1519 2294 justus
1563 2223 1866 2292 suscipitur,
1898 2221 2083 2275 Enoch
2114 2219 2301 2274 beatus
2350 2219 2658 2281 assumitur,
2699 2217 2809 2272 Noe
2855 2228 3181 2282 reservatur,
3220 2216 3493 2270 Abraham

224 2325 460 2396 eligitur,
497 2323 644 2379 Isaac
689 2321 1042 2388 benedicitur,
1073 2318 1242 2376 Jacob
1285 2318 1559 2381 (Natatur,
1601 2312 1800 2380 Joseph
1830 2310 2144 2374 custoditur,
2178 2310 2384 2378 Moyses
2429 2307 2809 2373 sanctiﬁcatur,
2843 2309 3005 2362 David
3052 2307 3490 2375 praedestinatur,

225 2417 486 2474 Salomon
511 2416 736 2483 ditatur,
771 2424 879 2469 tres
916 2412 1070 2483 pueri
1119 2410 1259 2464 inter
1306 2406 1550 2461 incendia
1599 2405 1870 2458 rorulenta
1911 2399 2290 2462 vaticinantur,
2318 2398 2502 2452 Daniel
2532 2397 2670 2452 inter
2700 2413 2896 2452 uocuas
2933 2410 2953 2434 ε
2989 2399 3184 2452 bestias
3235 2398 3491 2466 pascitur.

228 2509 332 2568 Per
359 2511 496 2566 hanc
519 2509 659 2565 viam
682 2507 911 2579 apostoli
956 2504 1282 2574 diriguntur,
1335 2508 1600 2568 martyres
1631 2496 1771 2551 beati
1811 2493 2196 2563 gloriﬁcantur.
2248 2490 2320 2544 Et
2358 2489 2607 2558 qualiter,
2653 2489 2861 2557 inquis?
2891 2489 3106 2544 Scilicet
3129 2489 3254 2542 dum
3286 2486 3494 2541 inﬁrma

230 2614 438 2676 curant,
469 2614 710 2661 mortuos
742 2601 770 2639 ά
801 2598 1084 2664 suscitant,
1118 2595 1398 2667 praesentia
1431 2599 1800 2656 contemnunt,
1832 2588 2008 2642 iutura
2037 2585 2364 2647 desiderant,
2397 2593 2625 2636 tortores
2664 2581 2986 2650 despiciunt,
3016 2595 3200 2649 poenas
3226 2595 3334 2634 non
3370 2593 3495 2633 sen-

231 2697 387 2765 tiunt,
417 2673 486 2752 ad
511 2695 752 2752 caelestia
776 2706 939 2762 regna
964 2688 1293 2746 contendunt
1323 2685 1541 2757 [Laud.,
1573 2678 1979 2747 conscendunt].
2012 2677 2162 2744 Quod
2185 2677 2533 2743 proculdubio
2567 2675 2761 2730 virtute
2791 2688 3003 2744 pr0pria
3026 2690 3132 2728 non
3162 2673 3486 2738 obtinerent,

231 2786 337 2846 nisi
360 2803 457 2859 per
484 2787 626 2844 viam
646 2784 869 2857 justitiae
893 2780 1196 2839 rectissime
1224 2779 1534 2835 incedentes
1557 2789 1589 2829 a
1617 2772 1845 2830 Domino
1875 2769 2207 2826 audirentur.

235 2885 3490 2936 ______________________————————-—————--—-—————--

747 2998 972 3060 CAPUT
1026 2995 1318 3055 PRIMUM.
1842 2990 1900 3049 Δ
1928 2983 2024 3040 Dei
2053 2955 2336 3046 sensisset,
2364 2994 2394 3033 ει
2425 2978 2581 3033 vidua
2611 2978 2838 3048 quadam
2868 2994 2928 3035 se
2967 2979 3140 3035 occuli
3179 2979 3496 3049 deprecaba.

484 3139 563 3195 De
592 3138 827 3210 passione
854 3134 1019 3191 sancti
1062 3130 1264 3187 ειυιὲαηὶ
1301 3126 1568 3199 martyris.

309 3256 400 3315 Sic
427 3262 481 3313 et
506 3253 738 3325 inclytus
767 3257 970 3321 martyr
993 3246 1261 3312 Julianus,
1294 3242 1384 3313 qui
1410 3235 1703 3296 Viennensi
1731 3249 1818 3292 or-

244 3357 330 3406 tus
355 3347 488 3404 urbe
512 3343 770 3403 Arvernis
797 3342 954 3397 datus
983 3349 1066 3396 est
1096 3345 1318 3406 martyr,
1346 3333 1413 3389 ab
1435 3332 1538 3387 hoc
1559 3331 1682 3400 igne
1701 3342 1824 3383 suc-

244 3452 458 3506 census,
488 3439 606 3494 hinc
631 3432 934 3503 concupivit
959 3445 1024 3486 ac
1074 3435 1254 3484 mente
1283 3434 1392 3481 tota
1422 3419 1748 3478 desideravit
1775 3427 1820 3472 ε.

245 3529 379 3600 Quia
405 3543 525 3586 cum
575 3535 717 3584 esset
741 3524 884 3595 apud
925 3521 1297 3578 beatissimum
1339 3514 1650 3571 Ferreolum
1671 3551 1686 3578 ,
1715 3509 1826 3580 jam

248 3613 373 3681 tunc
401 3619 646 3692 martyrii
675 3619 842 3675 odore
870 3613 1147 3686 ﬂagrabat.
1180 3609 1283 3677 Qui
1311 3607 1514 3664 relictis
1539 3603 1736 3660 divitiis
1765 3614 1828 3656 ac

251 3690 580 3784 propinquis,
615 3718 817 3766 tantum
845 3706 915 3762 ob
938 3704 1104 3761 solius
1133 3715 1370 3757 amorem
1393 3697 1558 3769 81.9
1587 3690 1829 3758 martyrii

252 3805 546 3863 Arvernum
576 3800 814 3858 advenit.
845 3798 951 3857 Sed
979 3811 1078 3852 nec
1104 3794 1206 3849 hoc
1233 3794 1351 3848 sine
1372 3790 1555 3845 divino
1577 3784 1831 3842 mandato

252 3897 477 3968 peregit,
505 3907 626 3949 cum
658 3901 784 3947 tunc
810 3887 1112 3959 persecutio
1143 3885 1195 3938 in
1225 3880 1516 3937 Viennensi
1560 3877 1692 3932 urbe
1720 3874 1832 3928 fer-

252 3995 430 4045 veret.
479 3985 708 4055 Legerat
753 3981 896 4038 enim
945 3977 1229 4033 Dominum
1274 3973 1586 4043 praedixisse
1615 3987 1629 4024 :
1657 3969 1717 4023 Si
1747 3982 1834 4022 vos

253 4077 504 4151 persecuti
523 4075 715 4148 fuerint
742 4073 798 4128 in
825 4071 924 4126 ista
940 4070 1159 4132 civitate,
1184 4066 1345 4136 fugite
1364 4065 1417 4118 in
1435 4063 1591 4116 aliam
1618 4058 1832 4132 (Matth.

254 4150 451 4241 73,25).
476 4166 717 4224 Contulit
741 4178 867 4234 ergo
887 4177 946 4218 se
976 4160 1064 4215 hic
1090 4160 1144 4213 in
1166 4161 1464 4212 Arvernum
1489 4150 1835 4216 territorium,

258 4239 366 4318 non
390 4239 542 4317 metu
568 4257 784 4321 mortis.
816 4253 914 4310 sed
939 4262 998 4308 ut
1025 4251 1337 4336 relinquens
1364 4239 1600 4335 propria,
1628 4239 1838 4296 facilius

1924 3086 2030 3131 tur.
2064 3075 2232 3142 Quem
2275 3074 2364 3128 illa
2399 3083 2614 3143 tegens,
2647 3073 2790 3127 illico
2821 3073 3051 3142 Martyre
3083 3084 3375 3141 poscente,
3408 3074 3498 3128 de~

1924 3167 2075 3234 texit,
2123 3167 2212 3237 qui
2254 3167 2364 3222 suis
2397 3165 2787 3221 insecutoribus
2819 3165 2890 3220 ita
2923 3166 3069 3219 iniit.
3101 3165 3230 3221 Nolo
3251 3208 3265 3232 ,
3302 3167 3496 3236 inquit,

1925 3261 2122 3316 diutius
2167 3261 2490 3314 commorari
2543 3260 2596 3312 in
2644 3259 2744 3313 hoc
2793 3259 3026 3326 saeculo,
3061 3261 3184 3328 quia
3232 3260 3355 3314 sitio
3399 3268 3503 3317 tota

1928 3352 2094 3408 animi
2115 3351 2364 3407 aviditate
2381 3351 2488 3420 jam
2507 3349 2802 3405 Christum.
2828 3351 2984 3404 Atilii
3009 3349 3254 3405 eductam
3278 3349 3506 3408 vibranti

1930 3445 2152 3501 dextera
2174 3445 2454 3510 frameam,
2483 3443 2661 3498 deciso
2693 3443 2866 3511 capite
2890 3443 2942 3497 in
2973 3451 3102 3508 tres,
3133 3451 3190 3498 ut
3220 3446 3290 3496 ita
3313 3443 3508 3509 dicam,

1929 3547 2135 3608 partes,
2164 3536 2432 3605 gloriosus
2460 3534 2714 3589 dividitur
2748 3535 2965 3606 Martyr.
2999 3535 3128 3590 Nam
3154 3544 3310 3605 caput
3338 3535 3503 3590 Vien-

1930 3646 2056 3686 nam
2107 3627 2368 3698 defertur,
2417 3638 2563 3682 artus
2609 3627 2822 3682 Brivate
2871 3627 2889 3666 ί
2939 3630 3331 3695 reconduntur,
3384 3629 3510 3683 felix

1934 3723 2113 3777 anima
2143 3737 2172 3774 a
2203 3719 2418 3775 Christo
2446 3719 2720 3774 conditore
2750 3720 3059 3788 suscipitur.
3092 3722 3258 3775 Senes
3301 3732 3513 3786 quoque

1934 3815 2022 3883 qui
2054 3820 2452 3867 sacrosanctum
2482 3826 2676 3880 corpus
2714 3812 3152 3879 mancipaverant
3189 3810 3513 3878 sepultum,

1936 3905 2010 3959 ita
2039 3903 2381 3973 redintegrati
2420 3911 2566 3968 sunt,
2624 3911 2681 3955 ut
2712 3902 2763 3955 in
2793 3910 3067 3957 senectute
3106 3915 3312 3955 summa
3363 3899 3516 3968 positi

1939 4009 2192 4066 tanquam
2249 3996 2472 4065 juvenes
2522 3995 2868 4050 haberentur.
2917 3995 3090 4063 Caput
3141 4009 3354 4063 quoque
3400 3993 3518 4063 ejus

1939 4088 2228 4144 Ferreolus
2256 4097 2459 4157 martyr
2483 4096 2506 4133 ε
2539 4086 2766 4154 accepit,
2799 4084 3175 4153 completoque
3200 4084 3516 4148 certamine,

1942 4191 2049 4237 tam
2082 4179 2223 4234 illius
2251 4178 2492 4234 membra
2520 4191 2676 4247 quam
2705 4176 2858 4231 istius
2887 4184 3040 4245 caput
3071 4176 3127 4229 in
3149 4176 3304 4230 unius
3334 4173 3520 4231 tumuli

1941 4271 2280 4340 receptaculo
2310 4269 2662 4325 collocantur.
2693 4266 2844 4334 Quod
2873 4283 2940 4323 ne
2985 4266 3231 4336 cuiquam
3283 4265 3522 4322 fortassis

258 4355 564 4424 Ρθτνθηίτθί
588 4349 657 4445 δά
681 4349 921 4445 Ρ³¹¹¹ξ³ξ³¹
948 4362 962 4399 ³
993 4343 1267 4445 ωθωῗιηί
1293 4341 1434 4445 enim
1865 4380 1916 4445 Β
1947 4336 2188 4420 videatur
2217 4363 2544 4419 incredibilis
2567 4376 2687 4418 esse
2714 4361 2973 4430 narratio,
3006 4375 3125 4432 qua:
3159 4359 3336 4416 audivi
3366 4367 3519 4430 gesta

260 4455 338 4505 tes
363 4453 547 4503 essent
571 4441 752 4508 obvii,
784 4439 829 4494 si
860 4438 1007 4493 inter
1030 4449 1124 4492 eos
1156 4436 1259 4488 hoc
1283 4439 1557 4486 certamen
1587 4427 1833 4492 iniisset;

261 4548 317 4595 et
345 4537 594 4608 perderet
621 4535 776 4590 miles
797 4530 995 4587 Christi
1025 4541 1277 4584 coronam
1301 4523 1508 4594 gloriae,
1532 4522 1578 4576 si
1604 4518 1840 4586 legitime

263 4641 370 4684 non
399 4633 676 4683 certasset.
701 4622 868 4694 Igitur
894 4621 1131 4676 instante
1158 4613 1533 4687 persecutione
1558 4611 1626 4667 ad
1652 4609 1839 4665 Briva-

263 4729 468 4778 tensem
493 4718 693 4785 vicum,
726 4718 782 4772 in
826 4729 934 4786 quo
979 4711 1195 4768 fanatici
1238 4708 1436 4765 erroris
1481 4705 1670 4761 naeniae
1695 4703 1841 4759 cole-

265 4809 480 4882 bantur,
522 4809 758 4866 advenit.
805 4805 874 4861 Et
909 4819 1028 4863 cum
1080 4801 1290 4869 insequi
1335 4799 1672 4855 adversarios
1711 4803 1842 4852 nutu

337 4959 370 4990 ι
402 4949 600 5004 Passus
620 4955 704 5001 est
730 4957 871 4999 anno
890 4941 1091 4997 Christi
1126 4939 1253 5006 504,
1279 4937 1365 4993 die
1392 4934 1463 4989 28
1487 4933 1623 5004 Aug.

336 5017 366 5058 b
404 5015 572 5058 mihi.
605 5024 816 5058 tentare-
843 5011 992 5058 Colb.
1023 5025 1074 5058 c-
1105 5019 1324 5058 laniare.

341 5017 366 5058 δ
404 5015 576 5080 Editi,
605 5024 816 5069 tentare.
843 5011 992 5066 Colb.
1023 5025 1074 5076 c,
1105 5019 1324 5064 tantare.

341 5097 369 5127 ο
407 5087 500 5144 Sic
526 5083 678 5140 Colb.
710 5097 772 5148 a;
803 5081 986 5136 caeteri
1017 5095 1137 5134 cum
1166 5078 1295 5148 Ed.,
1322 5078 1593 5148 innocuas.

338 5155 371 5197 ά
403 5155 505 5215 Sic'
521 5154 630 5211 duo
655 5144 779 5209 Mai.
807 5165 906 5217 m.,
936 5148 1117 5205 Germ.
1161 5160 1213 5203 et
1242 5147 1427 5211 Gem.;
1459 5144 1546 5198 alii
1569 5149 1839 5217 ,_mortua.

341 5237 376 5269 ⁸-
405 5210 635 5284 in'Mss.
675 5210 902 5280 duobus'
923 5219 1053 5275 Mai.
1098 5233 1195 5283 m.,
1227 5218 1383 5273 Colb.
1416 5210 1547 5280 tut.,
1579 5210 1760 5284 Germ.
1789 5218 1845 5267 et

273 5298 538 5380 genuine
558 5295 835 5380 praemissa
856 5291 1005 5348 brevi
1035 5288 1365 5380 praefatione,
1387 5285 1616 5380 rei'ertulr
1636 5283 1843 5380 inte‘gra

1943 4456 2172 4514 ﬁdeliter
2200 4457 2418 4527 prodam
2460 4455 2590 4528 [Al.,
2620 4452 2890 4525 pandam].

2567 4566 2797 4625 CAPUT
2837 4566 2899 4622 ll.

2345 4683 2424 4739 De
2451 4680 2760 4738 reuelatione
2787 4680 2973 4751 capitis
2998 4681 3125 4750 ejus.

2020 4799 2262 4866 Quodam
2293 4805 2470 4854 autem
2521 4807 2762 4866 tempore
2794 4793 2918 4849 dum
2961 4792 3028 4845 ad
3071 4801 3352 4846 occursum
3382 4785 3526 4842 beati

1953 4937 2034 4986 est
2057 4945 2163 4999 quo
2195 4931 2250 4985 in
2277 4929 2395 4984 loco
2419 4927 2663 4999 primitus
2692 4935 2908 4999 sanctus
2935 4924 3134 4992 Martyr
3175 4919 3337 4999 fuerit
3364 4919 3530 4999 depo-

1950 4989 2106 5054 situs.
2134 5002 2355 5064 Savaro,
2383 4989 2710 5054 Sirmondus
2739 5006 2791 5050 et
2815 4996 2905 5049 alii
2935 4989 3157 5064 censent
3183 4993 3344 5064 illum
3361 4989 3416 5064 in
3441 5002 3532 5064 ve-

1949 5069 2050 5123 teri
2070 5058 2279 5124 Briva'te
2299 5058 2564 5137 sepultum
2591 5067 2774 5137 fuisse,
2803 5064 3067 5137 hodieque
3100 5058 3529 5137 Vieilte-Briougie

1949 5138 2236 5208 appellata,
2269 5139 2338 5196 de
2360 5128 2482 5207 'qua
2509 5128 2861 5208 Gregorium,
2896 5128 3243 5188 Fortunatum
3261 5170 3289 5208 λ
3309 5128 3530 5208 _Apo_lli-

1948 5199 2426 5267 naremiSidoniuu'i
2452 5209 2507 5261 in
2531 5199 2924 5274 Propemptico,
2954 5217 3048 5258 seu
3069 5217 3234 5274 carm.
3259 5200 3353 5274 24,
3377 5199 3534 5274 alios-

1949 5295 2057 5350 que
2093 5290 2310 5335 veteres
2356 5279 2561 5350 locutos
2593 5269 3002 5350 iu’isseivolunt;
3035 5273 3120 5328 alii
3152 5286 3280 5327 vero
3303 5271 3440 5350 haec
3467 5269 3535 5350 de

852 5338 1712 5441 quamrndnn'ul‘li:existimabu‘nt
1735 5338 1844 5432 ἰὸς-
1875 5355 1922 5421 C
1952 5338 2088 5407 nova
2113 5351 2322 5404 Brivate
2346 5338 2667 5430 intelligunt,
2691 5347 2784 5441 ubi
2822 5345 3127 5441 Etiamnunc
3147 5341 3318 5397 sancti
3339 5338 3537 5441 Julilani

275 5423 956 5510 tia—sse-aCregbrioft'tis'se
984 5431 1120 5510 huic
1149 5431 1287 5510 libro
1317 5429 1594 5509 insertam.
1626 5424 1691 5478 Et
1728 5423 1850 5510 qui-

274 5494 411 5568 demi
441 5494 813 5578 iav'et'capitis
854 5521 949 5562 seu
968 5502 1106 5578 libri
1137 5500 1340 5578 titulus,
1373 5499 1463 5568 qui
1506 5499 1558 5578 inn
1601 5494 1850 5578 omnibus

274 5566 441 5662 Editis
476 5591 530 5662 et
576 5566 895 5662 Mss:_habet
911 5566 1455 5662 ενιξεὶραῃὶοηεξθίρ.
1503 5566 1906 5662 ςιυξιὲηιξιξιᾷθὶιμ

1955 5436 2149 5490 corpus
2180 5430 2490 5475 asservatur
2517 5409 2574 5474 in
2612 5409 2905 5487 percelcbr-i
2935 5414 3152 5474 basilica
3172 5452 3186 5478 ,
3215 5427 3334 5490 qua:
3368 5409 3536 5490 nobili

1957 5480 2336 5549 can'onicorum
2359 5532 2374 5556 ,
2404 5491 2490 5559 qui
2522 5480 2746 5547 comites
2790 5493 3190 5559 nuncupantur,
3217 5480 3534 5559 collegio_i_l_-_

1959 5565 2237 5620 lustratur.
2263 5549 2464 5616 ibidem
2489 5559 2752 5617 habentur
2773 5549 3010 5626 reliquid:
3033 5549 3337 5626 sanctorum
3363 5549 3538 5626 llpidii

276 5623 560 5709 iii'éiiieiis
576 5623 764 5720 passio
784 5623 875 5702 ilia
894 5623 1446 5720 aesiaéiéiij,‘iis{im
1474 5649 1557 5697 est
1581 5636 1710 5692 satis
1737 5623 1945 5720 carni;
1961 5644 2017 5690 et
2041 5634 2286 5720 arcendi
2310 5675 2323 5698 ,
2353 5633 2442 5713 qui
2492 5631 2589 5699 ipsi
2633 5643 2789 5685 senes
2815 5623 2942 5720 'duo
2985 5626 3146 5682 fuisse
3175 5625 3441 5691 dicuntur,
3472 5623 3539 5678 de

275 5725 339 5782 ad
360 5723 532 5793 huius
555 5715 840 5776 voluminis
863 5719 1066 5793 calcem
1091 5715 1352 5793 proferre.

352 5791 374 5833 ί
415 5782 686 5848 lulianum
713 5797 1003 5856 martyrem
1032 5782 1243 5841 Brivate
1269 5799 1484 5854 passum
1511 5782 1680 5856 fuisse
1701 5785 1755 5833 et
1775 5791 1861 5856 se-

277 5847 676 5936 pultumﬂnemo
700 5868 784 5936 est
809 5847 899 5929 qui
925 5857 1214 5936 inliciatur.
1245 5847 1349 5913 Sed
1378 5872 1498 5912 cum
1523 5853 1720 5936 duplex
1744 5847 1862 5936 ejus

281 5919 513 5995 nominis
541 5935 689 5993 vicus
713 5932 806 6002 sit,
824 5919 1003 5989 'vetus
1028 5928 1237 5987 scilicet
1263 5936 1318 5988 et
1357 5942 1496 5986 nova
1524 5919 1712 5983 Brivas
1738 5961 1754 5993 ,
1791 5919 1859 5978 iis

1881 5697 1943 5764 ⁸..
1965 5708 2157 5776 quibus
2187 5697 2627 5776 infra_agitut‘,_et
2655 5715 2773 5776 cap.
2803 5697 2856 5754 4.

2041 5786 2064 5824 s
2106 5775 2290 5831 Sancti
2335 5766 2578 5828 Ferreoli
2627 5766 2929 5840 pasSiouem
2971 5767 3214 5827 dedimus
3243 5766 3382 5826 inter
3411 5766 3538 5823 Acta

1967 5856 2264 5920 martyrum
2295 5846 2526 5915 sincera,
2557 5839 2675 5915 pag.
2709 5839 2830 5898 509.
