4072 6346
244 446 359 520 '80:;

1032 449 1530 510 MIRACULORUM
1568 447 1696 506 LIB.
1742 447 1807 506 ll.
1851 438 1940 506 DE
1981 438 2353 513 MIRACULIS
2391 450 2453 512 S.
2487 450 2777 515 JULIANI.

3401 466 3509 530 806

249 578 352 636 νηί
376 538 614 630 membra
648 566 901 635 festinat,
931 567 997 623 ad
1032 567 1394 623 Brivatensem
1425 582 1596 623 vicum
1632 582 1823 637 perve-
1852 562 1904 625 Α
1934 568 2218 635 prosterni.
2264 569 2460 636 Quarta
2504 582 2682 628 autem
2728 572 2816 629 die
2862 585 2984 630 cum
3026 577 3294 647 gentilitas
3338 586 3503 644 vellet

206 716 209 717 γ
248 674 334 730 nit
354 712 371 739 ,
402 656 750 739 repertosque
777 665 923 719 viros
948 705 963 728 ,
996 663 1120 719 dum
1160 662 1373 718 diversa
1401 663 1579 719 studio
1626 665 1829 717 intento

247 768 555 826 rimaretur,
590 759 867 829 cognoscit
890 757 1016 829 quid
1049 758 1099 812 iu
1130 770 1195 811 eo
1225 755 1340 811 loco
1370 755 1456 812 vel
1487 755 1552 809 de
1574 754 1825 825 Martyre,

245 858 337 912 vel
371 857 439 911 de
486 854 703 911 senibus
730 851 888 907 fuerit
918 860 1158 920 gestum;
1194 848 1441 917 ﬁdelique
1484 846 1827 902 insinuationi

255 948 506 1013 credens,
535 944 602 1000 ad
621 940 930 1013 sepulcrum
958 941 1100 997 beati
1132 941 1380 1012 Martyris
1414 939 1675 995 deliberat
1705 952 1829 1008 pro-

243 1054 439 1113 perare
461 1079 478 1105 ν
511 1048 566 1092 ιιι
595 1050 784 1091 causas
812 1043 1079 1106 suggerat,
1112 1047 1269 1087 casus
1315 1041 1537 1098 I'OSSI'CI,
1572 1032 1659 1086 vel
1699 1045 1831 1085 0111]-

242 1145 394 1192 ctum
426 1132 661 1189 laborem
688 1131 773 1186 sui
800 1130 1001 1186 doloris
1030 1135 1281 1197 exponat.
1314 1125 1688 1182 Asserentibus
1718 1134 1826 1181 tum

245 1236 513 1299 pmterea
553 1225 894 1281 hominibus:
923 1223 1135 1291 Absque
1170 1221 1333 1276 dubio
1372 1219 1703 1289 pollicemur,
1731 1219 1830 1272 do-

256 1318 430 1386 mina,
484 1316 579 1370 tibi
629 1331 659 1371 a
709 1314 938 1385 Martyre
987 1313 1138 1369 reddi
1191 1311 1450 1377 laetitiam,
1498 1310 1589 1380 qui
1637 1323 1825 1365 senum

246 1407 517 1478 quondam
544 1406 827 1481 decrepitae
856 1406 1027 1460 tetatis
1073 1402 1312 1459 membra
1357 1403 1580 1473 rigentia
1611 1401 1828 1472 antiquo

250 1498 426 1567 vigori
455 1498 705 1553 restituit.
738 1496 1066 1566 lmpletaque
1110 1494 1209 1549 ltac
1249 1495 1491 1549 oratione
1516 1534 1531 1559 ,
1564 1492 1828 1563 promittit

250 1598 313 1644 ut
353 1589 516 1662 853
562 1588 605 1643 si
650 1589 905 1657 sospitem
949 1588 1215 1656 reciperet
1242 1588 1543 1657 coniugem,
1582 1586 1826 1657 Martyris

250 1684 589 1753 sepulcrum,
625 1682 679 1735 in
727 1694 833 1751 quo
861 1688 1043 1751 posset
1083 1680 1251 1748 spatio
1276 1687 1325 1746 ι,
1354 1688 1614 1735 caemento
1644 1687 1825 1735 conte-

250 1783 425 1845 geret.
459 1774 591 1830 Fide
620 1774 795 1844 plena,
824 1782 878 1828 et
906 1774 971 1828 de
993 1773 1235 1843 Martyris
1262 1773 1456 1842 pietate
1483 1786 1674 1827 secura
1694 1772 1823 1826 Tre-

248 1868 398 1923 veris
425 1875 508 1922 est
536 1868 774 1937 ingressa
793 1906 809 1933 ,
844 1867 1225 1935 inventumque
1252 1866 1426 1920 virum
1458 1865 1625 1935 gratia
1653 1866 1821 1932 impe-

1934 658 2124 712 itcrum
2155 657 2257 715 diis
2280 660 2534 718 exhibere
2559 663 2838 734 libamina,
2872 676 3096 725 mmstus
3132 672 3412 746 presbyter
3437 678 3508 737 ad

1929 749 2230 817 sepulcrum
2260 751 2440 807 Sancti
2483 756 2859 824 prosternitur,
2890 764 2946 813 et
2977 773 3097 815 cum
3130 762 3377 835 lacrymis
3408 784 3503 825 ex-

1930 848 2079 908 orat,
2128 850 2188 897 ut
2237 843 2450 898 tandem
2488 847 2843 915 gentilitatem
2880 849 3020 907 hanc
3054 867 3173 923 quae
3204 855 3415 924 iacebat
3447 863 3501 917 in

1930 932 2167 987 tenebris
2199 934 2451 1003 splendor
2489 936 2683 994 divinat
2712 942 2964 1010 potentiae
2993 946 3261 1016 visitaret,
3297 966 3397 1008 nec
3425 955 3498 1010 si-

1930 1031 2079 1077 neret
2103 1022 2241 1079 ultra
2273 1024 2473 1097 Martyr
2500 1027 2685 1085 beatus
2704 1030 2951 1091 alumnos
2977 1038 3220 1106 proprios
3245 1040 3350 1099 ista
3378 1045 3502 1101 cali-

1927 1113 2048 1185 gine
2077 1115 2326 1185 detineri,
2352 1133 2475 1175 cum
2501 1120 2593 1178 ille
2614 1126 2863 1192 perennis
2884 1126 3140 1186 claritatis
3163 1133 3357 1201 gaudia
3379 1149 3502 1205 pos-

1927 1204 2148 1262 sideret.
2177 1206 2469 1265 Confestim
2500 1213 2565 1267 ad
2594 1213 2713 1284 ejus
2758 1217 3053 1277 orationem
3090 1204 3499 1285 commoventur

1928 1298 2197 1365 tonitrua,
2241 1302 2485 1359 renident
2530 1305 2638 1375 [Αι.
2680 1309 2935 1383 renitentj
2968 1312 3196 1385 fulgura,
3225 1318 3505 1378 descendit

1928 1387 2100 1445 imber
2151 1392 2270 1461 igne
2321 1395 2521 1451 mixtus
2564 1407 2618 1453 et
2662 1402 2949 1471 grandine,
2982 1406 3264 1465 turbantur
3297 1413 3499 1471 omnia.

1929 1478 2211 1538 Concurrit
2254 1487 2440 1557 vulgus
2480 1488 2547 1543 ad
2592 1491 2880 1563 cellulam,
2914 1500 3278 1565 prosternitur
3315 1517 3502 1562 coram

1930 1574 2207 1630 sacerdote
2235 1577 2408 1634 omnis
2435 1589 2649 1637 caterva
2679 1584 2974 1653 gentilium,
2992 1596 3049 1646 et
3078 1592 3245 1649 mixto
3273 1609 3395 1650 cum
3427 1598 3506 1652 la-

1924 1668 2124 1736 crymis
2146 1669 2345 1726 ululatu
2365 1711 2380 1738 ,
2413 1675 2586 1731 cuncti
2621 1675 2830 1734 Domini
2858 1681 3278 1740 misericordiam
3308 1686 3504 1758 depre-

1923 1767 2130 1829 cantur,
2162 1763 2579 1837 pollicenturque
2600 1770 2885 1838 sacerdoti,
2906 1772 2951 1827 si
2972 1776 3175 1844 grando
3196 1779 3494 1849 recederet,

1924 1857 1979 1904 et
2007 1850 2290 1923 Martyrem
2320 1864 2600 1925 patronum
2637 1870 2979 1930 expeterent,
3012 1873 3066 1921 et
3093 1868 3161 1921 ad
3188 1868 3354 1925 Deum
3380 1872 3498 1941 ejus

250 1962 368 2019 περιῇ
420 1970 691 2031 receptum
717 2003 732 2027 ,
802 1962 921 2017 Imm
981 1961 1282 2033 regreditur
1319 1980 1334 2028 ;
1406 1962 1824 2033 inquisitumque
1851 1942 1901 2001 B
1924 1941 2121 1999 relictis
2148 1944 2555 2014 simulacrorum
2577 1952 2803 2010 cultibus
2826 1956 3033 2026 integro
3055 1959 3122 2015 de
3141 1963 3307 2018 corde
3330 1974 3501 2021 trans-

251 2062 465 2123 tempus
494 2068 599 2121 quo
635 2054 717 2108 vir
741 2054 1013 2109 relaxatus
1039 2061 1184 2110 esset
1221 2069 1255 2110 e
1282 2069 1498 2110 carcere
1521 2097 1536 2121 ,
1573 2056 1687 2111 haec
1727 2056 1824 2109 fuit

253 2145 603 2201 absolutionis
635 2144 785 2213 hora,
822 2161 923 2215 qua
949 2146 1039 2201 illa
1066 2145 1316 2217 Martyris
1345 2156 1427 2202 est
1452 2146 1705 2203 auxilium
1728 2148 1827 2203 im-

254 2247 468 2306 precata
515 2254 528 2289 :
575 2237 768 2293 dehinc
818 2239 1250 2308 pollicitationem
1302 2255 1458 2310 quam
1509 2240 1828 2312 promiserat

251 2328 377 2384 'cum
407 2327 682 2385 immensis
711 2331 1018 2386 muneribus
1043 2332 1368 2401 adimplevit.

874 2443 1102 2503 CAPUT
1142 2446 1206 2504 ν.

422 2557 499 2616 De
519 2573 579 2612 eo
606 2558 694 2628 qui
720 2557 883 2613 alium
911 2558 966 2612 in
994 2557 1204 2612 basilica
1224 2558 1453 2614 occidere
1473 2557 1653 2613 voluit.

325 2671 453 2727 Erat
481 2681 657 2727 autem
685 2672 790 2743 [Αι.
815 2672 981 2754 enim]
1004 2673 1141 2727 haud
1172 2673 1353 2742 procul
1381 2688 1409 2728 a
1437 2675 1628 2731 cellula
1665 2691 1827 2747 quam

249 2777 413 2834 supra
443 2765 744 2833 sepulcrum
774 2764 1020 2835 Martyris
1048 2766 1161 2821 lucc
1193 2774 1432 2821 matrona
1454 2778 1826 2826 construxerat

249 2860 452 2928 grande
472 2858 772 2925 delubrum,
803 2859 892 2912 ubi
922 2859 975 2912 in
997 2859 1295 2915 columnam
1321 2860 1634 2917 altissimam
1662 2864 1829 2918 simu-

250 2947 453 3003 lacrum
484 2948 666 3005 Martis
696 2949 1049 3020 Mcrcuriique
1082 2951 1376 3007 colebatur.
1404 2951 1645 3024 Cumque
1667 2954 1823 3010 delu-

251 3039 332 3095 bri
354 3041 495 3097 illius
526 3043 659 3097 festa
691 3057 719 3098 a
753 3043 1000 3113 gentibus
1021 3053 1326 3113 agerentur,
1359 3061 1420 3100 ac
1453 3047 1647 3100 mortui
1680 3062 1823 3101 mor-

249 3132 354 3188 tuis
401 3133 557 3191 thura
599 3136 894 3205 deterrent,
941 3139 1117 3193 medio
1157 3154 1186 3194 e
1233 3138 1388 3209 vulgo
1425 3148 1828 3196 commoventur

251 3224 398 3293 pueri
421 3225 525 3281 duo
547 3226 600 3280 in
624 3227 951 3294 scandalum,
976 3229 1280 3300 nudatoque
1304 3245 1438 3285 unus
1464 3231 1663 3303 gladio,
1689 3233 1823 3287 alte-

1926 2033 2085 2091 irent.
2138 2036 2304 2093 Porro
2352 2040 2470 2108 ille,
2518 2042 2629 2098 fusa
2671 2046 2937 2114 oratione,
2968 2059 3159 2106 cuncta
3197 2069 3317 2123 qua:
3356 2058 3507 2125 petiit

1925 2129 2118 2183 meruit
2145 2129 2400 2187 obtinere.
2438 2133 2740 2192 Recedente
2766 2149 2945 2195 autem
2984 2148 3337 2215 tempestate,
3371 2163 3503 2218 puer

1925 2232 2046 2273 cum
2094 2222 2400 2288 parentibus
2428 2226 2652 2284 credens
2695 2232 2806 2297 ipsa
2834 2231 2920 2288 die
2949 2248 2979 2287 a
3003 2233 3276 2293 doloribus
3313 2240 3504 2296 libera~

1925 2316 2049 2364 tur:
2081 2314 2302 2383 gentiles
2333 2316 2384 2370 in
2410 2317 2685 2375 Trinitatis
2734 2326 2949 2381 nomine
2984 2328 3266 2397 baptizati,
3296 2340 3501 2390 statuas

1926 2413 2060 2469 quas
2086 2403 2362 2461 coluerant
2391 2409 2807 2480 confringentes,
2833 2414 2885 2469 in
2910 2417 3080 2473 lacum
3111 2420 3227 2476 vico
3254 2424 3504 2495 amnique

1926 2494 2225 2561 proximum
2260 2499 2619 2568 projeeerunt.
2657 2504 2737 2559 Ab
2764 2520 2829 2562 eo
2857 2508 2998 2563 enim
3026 2519 3264 2583 tempore
3299 2514 3353 2571 in
3384 2494 3504 2574 luco

1926 2582 2018 2639 illo
2043 2594 2096 2640 et
2121 2585 2250 2645 ﬁdes
2279 2591 2537 2650 catholica
2562 2638 2579 2664 ,
2614 2606 2667 2650 et
2690 2596 2935 2671 Martyris
2961 2582 3147 2661 virtus,
3165 2615 3249 2663 est
3275 2607 3503 2680 amplius

1928 2671 2215 2733 declarata.

2527 2800 2752 2860 CAPUT
2791 2805 2897 2861 VH.

1984 2947 2213 3016 Qualiter
2245 2950 2296 3004 11
2303 2953 2495 3010 illidius
2517 2961 2766 3029 populum
2785 2962 2844 3017 ab
2869 2963 3149 3024 hostilitate
3179 2970 3441 3030 liberabat.

2002 3101 2127 3157 Post
2146 3104 2258 3161 haec
2280 3110 2551 3167 venientes
2572 3116 2783 3183 quidam
2818 3119 2885 3176 de
2921 3120 3381 3193 Burgundionibus
3430 3132 3497 3189 ad

1930 3192 2290 3254 Brivatensem
2319 3201 2490 3257 vicum
2516 3244 2529 3270 ,
2561 3220 2680 3262 eum
2707 3223 2827 3265 cum
2855 3226 3123 3271 armorum
3158 3221 3497 3280 multitudine

251 3287 367 3369 runt
397 3316 599 3386 appetit
628 3287 1014 3374 trucidandum.
1040 3322 1109 3375 At
1131 3287 1217 3377 ille
1244 3287 1624 3378 cernensunihil
1650 3287 1822 3381 veniae
1852 3307 1900 3374 ο
1930 3287 2142 3386 copiosa
2174 3290 2521 3361 Circumdam’
2550 3307 2808 3370 captoque
2834 3306 3058 3373 Wpulo’
3089 3308 3297 3381 direpto
3340 3314 3495 3371 mini'

251 3408 547 3473 reservari,
572 3423 691 3465 cum
719 3424 749 3464 a
776 3410 878 3466 diis
920 3412 1029 3467 suis
1059 3427 1162 3468 non
1202 3412 1592 3483 defensaretur,
1624 3422 1826 3471 nostra}

250 3498 522 3569 religionis
566 3504 888 3572 custodiam,
939 3516 1135 3560 nostra:
1182 3508 1535 3565 confessionis
1574 3511 1820 3581 veniam,

251 3605 449 3649 nostrae
477 3595 805 3668 contagionis
838 3599 1101 3655 medelam
1119 3643 1132 3667 ,
1159 3602 1409 3657 cellulam
1434 3604 1655 3673 expetiit
1685 3604 1824 3658 Illar-

252 3685 383 3755 tyris
420 3686 660 3755 gloriosi.
691 3689 841 3746 Tunc
878 3691 967 3747 ille
996 3693 1085 3761 qui
1115 3694 1455 3765 sequebatur,
1488 3710 1608 3751 cum
1654 3696 1707 3751 in
1734 3710 1822 3750 as-

250 3775 389 3831 sultu
418 3777 577 3848 gladii
607 3795 728 3836 eum
751 3796 855 3837 non
886 3784 1143 3852 potuisset
1173 3787 1451 3858 attingere,
1480 3796 1533 3843 et
1556 3786 1641 3842 hic
1664 3802 1825 3858 super

249 3882 310 3926 se
354 3872 549 3925 ostium
592 3884 881 3929 reserasset
903 3918 919 3944 ,
955 3885 1111 3945 atque
1138 3878 1227 3933 ille
1251 3888 1519 3949 arreptum
1545 3889 1826 3949 utrumque

208 3966 211 3967 ⁷
250 3970 483 4033 postem,
498 3963 689 4018 ostium
704 3977 984 4022 conaretur
1002 3969 1308 4040 infringere,
1332 3972 1470 4026 illico
1492 3970 1826 4026 adbznrcntes

249 4036 443 4111 manus
486 4054 678 4111 tabulis
720 4056 907 4113 dolore
951 4066 1182 4117 maximo
1222 4064 1552 4132 quatiuntur,
1594 4074 1647 4118 ct
1679 4071 1824 4119 tanta

251 4143 543 4202 afﬂictione
589 4148 755 4203 miser
806 4156 1104 4220 torquetur,
1147 4164 1204 4208 ut
1240 4153 1465 4209 ubertim
1497 4154 1721 4211 fluentes
1749 4156 1825 4211 lae

251 4253 451 4309 crymac
500 4238 671 4308 qualis
724 4250 868 4296 esset
921 4241 1074 4297 dolor
1123 4244 1441 4300 intrinsecus
1491 4246 1824 4302 extrinsecus

254 4332 580 4387 nuntiarent.
611 4331 815 4389 interea
840 4344 1082 4405 stupente
1110 4337 1302 4408 vulgo,
1328 4339 1564 4395 inclusus
1593 4341 1681 4411 qui
1710 4342 1823 4396 fue-

252 4432 333 4478 rat
362 4426 692 4495 progreditur
722 4427 860 4484 liber
886 4447 898 4481 :
925 4441 1171 4499 parentes
1198 4447 1405 4503 quoque
1438 4434 1578 4489 illius
1602 4438 1689 4506 qui
1719 4438 1827 4491 vir-

254 4522 365 4569 tute
396 4515 575 4572 Sancti
605 4518 949 4591 retinebatur,
974 4534 1356 4592 coguoscentes
1378 4526 1619 4598 Martyris
1647 4529 1827 4599 sepul-

256 4616 447 4677 turam,
474 4611 677 4670 devotis
705 4615 883 4671 multis
912 4618 1217 4675 muneribus
1244 4634 1341 4688 pro
1373 4620 1480 4677 ﬁlio
1508 4623 1819 4682 exorabant.

864 4727 1092 4786 CAPUT
1132 4731 1219 4786 Vl.

653 4816 733 4875 De
757 4824 1084 4879 conversione
1115 4826 1415 4883 incolarum.

327 4906 543 4965 Factum
567 4917 650 4966 est
678 4920 853 4969 autem
885 4915 1010 4971 dum
1044 4916 1158 4973 tunc
1186 4933 1488 4991 agerentur,
1514 4934 1571 4979 ut
1601 4928 1823 4999 presby-

254 5008 337 5053 ter
362 4998 575 5067 quidam
605 4998 688 5053 via
713 5002 881 5072 8⁵η
904 5005 993 5060 illa
1015 5006 1383 5067 descenderet.
1410 5014 1508 5082 Qui
1532 5029 1651 5069 cum
1690 4998 1827 5072 didi-

256 5088 416 5145 cisset
443 5101 561 5158 qute
588 5096 702 5143 acta
738 5089 972 5159 fuerant,
1002 5097 1279 5163 pollicetur
1310 5104 1616 5172 parentibus
1647 5115 1707 5161 ut
1727 5107 1773 5162 si
1796 5122 1824 5161 a

256 5179 553 5251 gentilitate
580 5179 937 5251 discederent,
968 5184 1133 5242 ﬁlium
1157 5191 1458 5260 reciperent
1477 5208 1689 5253 sanum.
1712 5197 1830 5267 Ipse

259 5284 475 5357 quoque.
504 5273 755 5331 sacerdos
784 5279 1028 5348 sequenti
1066 5290 1224 5338 nocte
1256 5285 1397 5342 videt
1422 5303 1520 5357 per
1562 5292 1827 5349 somnium

261 5351 544 5422 simulacra
583 5367 672 5425 illa
710 5383 829 5440 qua:
874 5384 907 5426 a
944 5372 1234 5442 gentilibus
1262 5351 1576 5435 colebantur
1611 5383 1830 5442 numine

264 5455 449 5513 divino
494 5463 809 5535 comminui,
856 5474 1018 5539 atque
1061 5468 1115 5524 in
1159 5468 1431 5540 pulverem
1473 5474 1686 5532 redacta
1716 5478 1830 5537 solo

280 5702 289 5707 _
337 5639 365 5671 ι
393 5631 571 5757 ἣρω..
600 5634 655 5690 in
681 5646 929 5708 quantum
972 5652 1139 5713 posset
1167 5646 1409 5718 spatiata,
1442 5662 1680 5709 cremento
1710 5656 1836 5724 ﬁde-

280 5719 361 5757 nte
386 5720 416 5757 υ
438 5720 553 5757 ena.

266 5718 361 5777 que
384 5718 553 5777 plena.

340 5773 380 5864 ις.
396 5774 521 5843 Alii,
548 5784 603 5832 et
630 5775 713 5864 sic
733 5777 887 5864 intra,
912 5777 1465 5864 (litamen-Veturium
1489 5807 1600 5864 quo
1620 5798 1835 5855 nomine

273 5843 605 5905 Vellavoruni
636 5849 780 5918 regio
810 5843 1146 5977 intelligenda
1180 5857 1249 5927 (lc
1286 5843 1595 5933 γειάέι),⁷“

345 5928 367 5958 ε
399 5915 497 5974 llic
517 5917 713 5977 desinit
740 5920 873 5976 alter
899 5919 975 5977 Ct)
1018 5961 1031 5976 .
1064 5921 1184 5977 Mai.
1224 5944 1320 5977 m.-
1363 5937 1569 5977 metm-ie
1612 5940 1777 5977 nvnlgi

345 5928 367 5958 ο
399 5915 497 5974 llic
517 5915 720 5977 desinit
740 5918 873 5976 alter
899 5915 1031 5977 Cod.
1064 5915 1196 5985 Mai.‘
1224 5944 1320 5993 m.,
1363 5915 1569 5993 cantoris
1611 5940 1829 5999 avulsis.

1927 3380 2091 3434 sterio
2118 3395 2488 3451 sacrosancto,
2520 3388 2653 3444 ultra
2683 3406 2893 3448 amnem
2935 3380 3238 3470 transeunt,
3271 3412 3325 3459 et
3353 3405 3496 3461 viros

1925 3468 2102 3539 gladio
2128 3471 2441 3543 interﬁcere,
2476 3478 2733 3547 reliquum
2766 3483 2952 3555 vulgus
2977 3497 3121 3545 sorte
3141 3468 3377 3551 dividere
3400 3508 3497 3567 pa-

1926 3570 2064 3616 rant.
2099 3561 2244 3618 Tunc
2272 3564 2513 3625 Hillidius
2534 3568 2561 3607 δ
2592 3573 2804 3640 quidam
2832 3590 2861 3631 a
2883 3578 3101 3636 Vellavo
3130 3584 3380 3656 veniens,
3401 3561 3493 3657 et,

1927 3661 1986 3707 ut
2015 3651 2179 3722 aiunt,
2216 3656 2379 3730 855
2408 3665 2825 3723 commonitione
2849 3668 3109 3727 columbae
3130 3675 3268 3732 alitis
3300 3679 3491 3734 incita-

1928 3750 2035 3811 tus,
2065 3760 2225 3814 super
2250 3761 2342 3803 eos
2365 3750 2516 3805 irruit
2546 3763 2593 3805 ο.
2615 3755 2976 3829 Hortatusque
3013 3765 3183 3820 socios
3211 3766 3281 3821 ita
3312 3766 3493 3826 hostes

1925 3836 1994 3890 ad
2025 3836 2434 3895 internecionem
2464 3845 2683 3915 czecidit,
2725 3858 2799 3910 ut,
2831 3855 3051 3921 captivis
3079 3858 3283 3927 laxatis,
3310 3863 3495 3917 trium-

1926 3924 2095 3994 phans
2116 3929 2167 3982 in
2194 3928 2346 3986 laude
2368 3932 2635 4006 Martyris,
2656 3952 2813 3996 amne
2844 3947 3172 4016 transmisso,
3198 3924 3493 4010 ad—beatam

1927 4018 2168 4073 cellulam
2219 4027 2465 4094 tanquam
2509 4041 2678 4084 novus
2718 4031 2931 4102 Moyses
2975 4051 3093 4092 cum
3124 4042 3267 4096 omni
3300 4044 3494 4114 populo

1927 4111 2167 4166 canendo
2194 4117 2511 4172 revertitur:
2546 4134 2642 4175 nec
2670 4122 2863 4190 minor,
2896 4134 2953 4181 ut
2979 4128 3231 4200 arbitror,
3261 4111 3496 4194 exsulta-

1926 4200 2003 4256 tio
2043 4204 2142 4258 fuit
2186 4208 2416 4275 ereptis,
2460 4224 2616 4279 quam
2647 4217 2913 4284 quondam
2957 4219 3209 4280 lsraelitis
3238 4226 3499 4287 demersis

1926 4292 2025 4349 fuit
2052 4292 2339 4368 Egyptiis.
2368 4300 2518 4368 Quod
2544 4319 2612 4359 ne
2638 4311 2757 4376 quis
2786 4308 2991 4367 dubitet
3019 4314 3155 4371 hanc
3183 4318 3319 4375 beati
3360 4322 3495 4379 Mar-

1926 4387 2058 4456 tyris
2074 4387 2237 4444 fuisse
2259 4391 2552 4462 victoriam,
2567 4397 2661 4452 sed
2687 4400 2974 4461 insinuatio
2994 4407 3257 4467 columbae
3278 4413 3496 4487 aliquod

1926 4477 2282 4536 ministerium
2313 4480 2341 4521 ἀ
2372 4485 2532 4544 fuisse
2582 4490 2817 4547 creditur
2864 4495 3075 4555 virtutis
3118 4501 3333 4560 divinae.
3366 4477 3497 4566 l‘lam

1929 4569 2173 4627 veniente
2204 4572 2439 4642 liillidio,
2470 4577 2585 4635 haec
2613 4580 2667 4637 in
2694 4584 2902 4642 obviam
2932 4590 3078 4646 venit
3109 4610 3123 4646 :
3157 4608 3279 4652 cum
3307 4598 3418 4667 ille,
3445 4602 3503 4657 ut

1852 4662 2157 4753 Dassolet,
2188 4664 2383 4735 aliquid
2412 4669 2810 4742 demoraretur,
2844 4676 2958 4735 haec
2998 4681 3050 4737 in
3093 4682 3316 4740 circuitu
3356 4662 3501 4746 illius

1933 4752 2221 4824 volitabat;
2251 4758 2447 4830 illoque
2478 4767 2883 4835 progrediente,
2920 4772 3019 4826 ista
3051 4778 3417 4847 praecedebat,
3443 4791 3499 4837 et

1930 4849 2298 4902 revertebatur
2321 4850 2372 4903 in
2408 4851 2652 4921 obviam,
2682 4863 2833 4926 quasi
2881 4863 3180 4923 accelerare
3206 4867 3501 4939 deprecans

1928 4932 2052 4990 iter.
2083 4936 2217 4991 Dum
2246 4939 2359 5026 haec
2398 4956 2699 5012 agerentur,
2733 4949 3024 5010 adveniens
3058 4970 3190 5026 puer
3214 4932 3492 5031 captivita.

1930 5029 2039 5078 tem
2070 5031 2374 5097 annuntiat,
2423 5043 2476 5087 et
2523 5033 2600 5090 sic
2640 5038 2740 5092 iste
2765 5041 2903 5096 viam
2940 5029 3416 5110 acceleravitJSed
3445 5062 3500 5113 ct

1931 5113 2049 5185 ipso
2090 5130 2383 5189 pugnante,
2414 5125 2652 5181 columba
2696 5141 2907 5199 semper
2951 5136 3090 5191 circa
3130 5154 3251 5197 eum
3280 5145 3390 5200 visa
3419 5157 3499 5205 est

1934 5202 2239 5266 decurrere.
2269 5212 2418 5279 Quod
2447 5230 2513 5271 ne
2541 5217 2658 5287 quis
2697 5219 2929 5280 invideat
2973 5228 3257 5289 conﬁctam
3300 5235 3366 5291 de
3407 5202 3498 5297 et};

1935 5298 2132 5369 tumba,
2164 5313 2217 5358 et
2245 5302 2441 5360 homini
2473 5313 2768 5378 praestitum
2792 5313 3109 5389 Christiano,
3134 5337 3257 5382 cum
3278 5326 3500 5387 Orosius

1935 5390 2073 5465 (Lib.
2098 5407 2176 5461 ut,
2205 5409 2320 5464 cap.
2354 5396 2407 5469 Θ)
2438 5400 2707 5457 consulem
2729 5403 3027 5464 Romanum
3055 5420 3080 5449 °
3098 5449 3119 5479 ,
3142 5413 3194 5469 id
3243 5426 3327 5474 est
3364 5418 3499 5477 Mar-

1933 5498 2057 5542 cum
2085 5485 2373 5557 Valerium,
2404 5504 2437 5546 a
2460 5505 2623 5548 corvo
2648 5494 2772 5552 alite
2796 5499 2995 5556 scribat
3018 5502 3279 5574 adjutum.

2009 5660 2037 5748 fl
2070 5663 2159 5759 Sic
2180 5662 2373 5759 Germ;
2390 5673 2443 5721 et
2472 5664 2797 5759 Cplblcnét
2828 5673 2983 5759 Colb.
3013 5692 3076 5746 a,
3097 5678 3268 5759 _Mart.
3300 5693 3355 5759 et
3376 5687 3500 5759 alii,

1937 5733 2483 5824 aliqu‘oggmasterium.
2514 5736 2783 5824 Nonnulli,
2812 5742 2951 5824 alitis
2971 5733 3442 5824 quod

2012 5814 2036 5843 ο
2062 5806 2185 5896 Alii,
2216 5806 2575 5896 Romunorum.
2604 5810 2720 5880 Hic,
2747 5806 2834 5883 qui
2862 5806 3253 5896 ῂιᾴᾄϐονυὶιῆιέ
3265 5806 3477 5896 appella

1941 5883 2025 5959 tus
2047 5884 2163 5959 est,‘
2174 5879 2440 5959 pugnabat
2473 5890 2594 5936 tunc
2633 5879 2818 5959 contra
2861 5887 3066 5946 Gallum
3096 5879 3501 5959 unumrer

1941 5947 2116 6004 nibus.
2148 5946 2384 6005 Celebris
2407 5959 2487 6006 est
2510 5954 2645 6021 apud
2676 5954 2927 6015 Romanae
2948 5960 3084 6019 liist.
3116 5946 3427 6029 sci-interc;
