4072 6346
260 389 383 450 809

1035 375 1538 437 MIRACULORUM
1577 372 1708 432 LIB.
1755 369 1822 427 ll.
1863 368 1954 427 DE
1992 367 2366 428 MIRACULIS
2405 368 2465 430 δ.
2509 367 2792 429 JULIANI.

3440 370 3549 429 810

262 503 445 575 gloria
477 509 726 572 praestat,
760 507 817 556 ut
845 507 898 554 et
924 499 1022 554 hos
1055 498 1270 553 sanitati
1302 498 1492 553 reddat
1521 509 1590 549 ne
1630 489 1859 560 amplius
1888 485 1938 546 Δ
1964 487 2166 542 monita
2180 496 2358 550 est,ut
2382 502 2502 544 eum
2516 485 3550 555 si'viderevelletincolumem,auferret

264 597 610 658 crucientur,
641 601 698 649 et
725 593 845 649 illos
875 603 1064 663 arguat
1095 607 1162 646 ne
1193 591 1245 644 iu
1274 590 1457 644 futuro
1493 585 1696 656 judicio
1734 598 1864 637 con-

265 693 625 748 demnentur.
663 687 730 742 Et
760 687 880 753 quia
915 686 1118 740 nullum
1147 684 1315 738 latere
1346 680 1510 738 credo
1549 675 1750 747 aliquid
1796 675 1864 730 de

265 783 574 842 hostilitate
603 779 922 835 Theoderici
953 779 1096 848 regis
1123 786 1150 816 ι
1182 792 1244 830 ac
1287 771 1685 830 infirmitatibus
1724 766 1865 837 Sigi-

267 876 424 931 valdi
448 916 463 938 ,
497 888 614 940 qua:
645 872 694 927 ei
725 872 779 928 in
809 872 1054 926 Arverno
1085 868 1258 938 posito
1286 866 1665 934 contigerunt,
1699 874 1864 930 prop-

265 974 361 1022 ter
411 963 669 1018 virtutem
723 971 901 1016 tamen
953 959 1096 1014 beati
1137 958 1387 1028 Martyris
1431 963 1515 1010 est
1557 951 1864 1021 diligentius

273 1055 698 1126 exponendum,
744 1070 849 1120 quo
891 1051 1103 1106 facilius
1145 1051 1278 1104 ﬁdes
1320 1048 1478 1103 dictis
1517 1045 1857 1100 adhibeatur.

264 1149 439 1218 Igitur
463 1163 584 1202 cum
607 1147 673 1201 ad
698 1147 1054 1212 direptionem
1077 1143 1415 1198 Avernorum
1443 1156 1536 1195 rex
1562 1137 1864 1193 antedictus

265 1244 560 1300 festinaret
588 1241 607 1314 (
633 1243 736 1296 An.
780 1241 882 1297 525
907 1241 958 1310 ),
999 1251 1053 1295 et
1091 1239 1398 1308 ingrediens
1429 1237 1714 1292 terminum
1772 1247 1864 1287 va-

269 1335 495 1392 stationi
542 1341 733 1389 cuncta
784 1331 1085 1400 subigeret,
1136 1345 1260 1399 pars
1305 1328 1481 1396 aliqua
1513 1326 1581 1380 ab
1623 1323 1864 1381 exercitu

269 1435 528 1496 separata
573 1425 641 1478 ad
691 1424 1057 1478 Brivatensem
1102 1422 1279 1475 vicum
1334 1419 1528 1491 infesta
1567 1416 1858 1486 proripuit,

265 1516 418 1572 fama
459 1517 706 1587 vulgante
745 1515 888 1586 quod
931 1517 984 1568 in
1023 1514 1247 1570 basilica
1287 1521 1469 1568 essent
1504 1511 1696 1566 incolae
1739 1524 1861 1565 cum

270 1610 463 1666 multis
506 1608 772 1664 thesauris
811 1606 1051 1662 adunati.
1097 1604 1339 1673 Cumque
1378 1603 1754 1673 pervenissent
1793 1598 1862 1654 ad

275 1701 459 1758 locum
489 1741 505 1766 ,
554 1700 838 1755 inveniunt
882 1697 1281 1752 multitudinem
1332 1691 1622 1765 promiscui
1665 1706 1858 1759 sexus,

270 1793 540 1855 obseratis
565 1793 718 1848 ostiis
739 1833 755 1858 ,
788 1791 844 1846 in
873 1791 1072 1857 templo
1103 1791 1218 1859 ipso
1247 1804 1370 1843 cum
1414 1785 1649 1857 propriis
1687 1783 1859 1840 facul-

1967 595 1997 634 a
2014 579 2159 634 villa.
2185 579 2253 633 At
2270 579 2353 634 illa
2385 580 2500 636 haec
2518 580 2762 649 audiens,
2788 583 3098 650 praeparatis
3114 582 3373 647 carrucis,
3398 598 3548 638 eom-

1965 672 2249 742 positoque
2262 671 2521 741 plaustro,
2535 688 2639 744 quo
2651 688 2770 727 eum
2785 673 3056 739 eveheret,
3082 688 3203 728 mox
3219 683 3276 728 ut
3291 674 3548 744 prtedium

1967 771 2094 819 sunt
2120 765 2356 834 egressi,
2384 765 2624 833 protinus
2652 764 2827 821 divina
2857 775 2980 821 sunt
3017 765 3214 835 pariter
3239 765 3408 836 gratia
3430 781 3552 822 mu-

1966 858 2163 914 nerati.
2191 858 2321 913 Nam
2353 857 2452 914 iste
2479 862 2735 926 sospitate
2762 859 2908 932 [Leg.
2933 858 3286 932 sospitatem],
3319 861 3408 917 illa
3436 875 3551 918 me-

1967 952 2077 1008 ruit
2105 968 2171 1006 ex
2200 951 2357 1020 hujus
2388 950 2755 1008 incolumitate
2781 954 3041 1008 laetitiam.
3072 954 3275 1010 Ferunt
3303 953 3464 1009 etiam
3495 953 3552 1010 in

1967 1047 2263 1100 oratorium
2281 1044 2471 1116 praedii
2497 1032 2645 1100 illius
2664 1047 2829 1117 860
2848 1056 3090 1102 sanctum
3113 1047 3383 1103 Julianum
3409 1063 3553 1103 mar—

1971 1146 2146 1208 tyrem
2180 1143 2299 1193 cum
2328 1137 2590 1192 Tetradio
2611 1139 2872 1208 episcopo
2907 1140 3301 1211 colloquentem
3339 1143 3552 1198 cuidam

1965 1230 2219 1301 religioso
2263 1231 2554 1287 revelatum
2603 1232 2809 1298 fuisse,
2861 1234 3255 1302 promittentem
3303 1251 3363 1292 se
3405 1235 3554 1305 epis-

1968 1333 2103 1386 eopo
2133 1320 2309 1375 villam
2331 1362 2345 1388 ,
2376 1337 2532 1392 quam
2566 1338 2664 1392 pro
2690 1326 2883 1380 anima:
2912 1341 3024 1380 suae
3054 1327 3293 1382 remedio
3321 1326 3422 1382 sibi
3467 1341 3556 1382 re-

1967 1410 2232 1482 liquerat,
2286 1426 2650 1486 recepturum.
2701 1417 2809 1475 Sed
2853 1428 2907 1475 et
2952 1418 3190 1475 habitum
3233 1419 3376 1476 beati
3414 1409 3578 1475 Mar?

1968 1505 2105 1576 tyris
2145 1505 2198 1560 in
2240 1506 2430 1562 eodem
2461 1509 2622 1565 modo
2658 1525 2778 1566 esse
2802 1552 2816 1576 ,
2847 1520 2906 1566 ut
2949 1512 3221 1581 quondam
3259 1509 3554 1582 paralytica

1966 1606 2292 1666 exposuerat
2317 1599 2516 1670 (Supra
2542 1617 2662 1671 cap.
2691 1602 2784 1673 9),
2814 1603 3103 1661 referebat.

2561 1715 2787 1772 CAPUT
2831 1717 2949 1774 XV.

2462 1803 2539 1857 De
2566 1802 2801 1860 Pastoris
2830 1808 3054 1865 malitia.

273 1889 479 1944 tatibus
511 1887 771 1942 residere.
801 1886 1046 1954 Cumque
1074 1885 1275 1939 intrare
1303 1899 1408 1937 non
1438 1888 1686 1951 possent,
1720 1892 1858 1934 unus
1888 1865 1936 1926 Β
2039 1891 2232 1947 pastor
2259 1905 2391 1949 vero
2423 1895 2670 1964 quidam,
2703 1912 2810 1951 non
2839 1900 3183 1970 strenuitate',
3215 1904 3310 1960 sed
3340 1903 3558 1961 nomine

269 1982 550 2039 effractam
573 1996 670 2036 ceu
701 1980 787 2035 fur
813 1979 866 2034 in
897 1978 1087 2034 altario
1105 1976 1135 2016 ι)
1157 1985 1344 2032 sancto
1371 1977 1538 2047 859
1566 1975 1860 2029 fenestram

273 2079 539 2144 vitream,
569 2075 891 2147 ingreditur,
923 2072 1046 2143 quia
1077 2071 1167 2142 qui
1199 2086 1304 2125 non
1331 2070 1496 2124 intrat
1523 2083 1618 2136 per
1644 2066 1865 2136 januam

269 2171 363 2227 hic
407 2171 548 2225 latro
586 2177 707 2225 est:
739 2167 973 2232 dehinc,
1015 2163 1270 2219 reseratis
1308 2162 1438 2217 tedis
1465 2161 1608 2216 illius
1653 2157 1822 2214 valvis
1846 2197 1862 2224 ,

279 2262 582 2318 exercitum
609 2257 940 2314 intromittit.
968 2258 1037 2311 At
1065 2254 1139 2309 illi
1170 2254 1434 2323 direptam
1463 2259 1708 2307 cunctam
1737 2263 1867 2318 pau-

272 2368 468 2424 perum
498 2350 887 2422 supellectilem
915 2362 1038 2402 cum
1061 2345 1320 2401 ministris
1345 2355 1368 2383 ο
1404 2344 1572 2414 ipsius
1606 2340 1863 2407 basilicae,

271 2447 543 2516 reliquum
585 2457 798 2514 quoque
840 2441 1093 2511 populum
1137 2439 1228 2509 qui
1271 2436 1409 2494 infra
1449 2444 1565 2491 erat
1613 2434 1868 2489 eductum

276 2536 415 2591 foris
457 2537 760 2590 diviserunt
799 2532 942 2587 haud
985 2532 1236 2602 procula
1281 2530 1423 2582 vico.
1468 2526 1600 2592 Quae
1634 2540 1755 2579 cum
1801 2523 1868 2578 ad

284 2642 466 2697 regem
499 2626 676 2682 delata
712 2625 971 2686 fuissent,
1002 2622 1424 2690 comprehensos
1453 2635 1518 2674 ex
1549 2620 1633 2674 bis
1661 2618 1868 2687 aliquos

275 2715 506 2770 diversis
555 2713 820 2768 mortibus
866 2711 1264 2768 condemnavit.
1312 2709 1545 2780 Fugiens
1595 2723 1722 2764 vero
1772 2708 1862 2763 ille

274 2805 366 2875 qui
408 2805 612 2870 irrupta
657 2804 773 2858 aede
810 2813 968 2873 caput
1010 2805 1108 2857 fuit
1149 2802 1306 2870 hujus
1345 2801 1595 2868 sceleris,
1641 2801 1764 2872 igne
1801 2801 1869 2856 de

278 2898 420 2953 caelo
449 2897 671 2964 delapso
701 2904 1055 2964 consumptus
1089 2895 1290 2949 interiit
1315 2912 1328 2948 :
1364 2910 1525 2964 super
1552 2909 1716 2965 quem
1747 2909 1869 2949 cum

283 2988 438 3044 multi
477 3003 728 3042 acervum
777 2988 1013 3057 lapidum
1054 2995 1505 3056 congregassent,
1546 3000 1575 3039 a
1624 2983 1870 3040 tonitruis

273 3089 327 3136 et
357 3080 817 3135 coruscationibus
848 3080 1086 3134 detectus
1120 3089 1331 3133 terrena
1355 3079 1527 3133 caruit
1569 3077 1866 3146 sepultura.

281 3173 385 3240 Qui
417 3187 545 3226 vero
585 3172 659 3227 de
694 3171 1071 3226 consentaneis
1115 3171 1340 3225 latentes
1381 3185 1559 3240 regem
1599 3169 1654 3224 in
1701 3170 1871 3238 patria

279 3276 408 3322 sunt
437 3266 701 3337 regressi,
753 3265 987 3334 correpti
1018 3279 1046 3318 a
1080 3266 1324 3319 daemone
1355 3264 1581 3319 diversis
1639 3262 1870 3319 exitibus
1899 3235 1945 3300 ο

279 3357 419 3411 hanc
463 3356 624 3410 vitam
668 3357 958 3410 crudeliter
1003 3355 1279 3409 finierunt.
1327 3355 1452 3409 Haec
1493 3353 1717 3409 audiens
1744 3369 1869 3423 rex,

279 3446 458 3500 omnia
490 3461 608 3516 quae
639 3446 836 3500 exinde
866 3455 990 3500 sunt
1020 3445 1196 3498 ablata
1243 3445 1496 3500 reddidit.
1540 3446 1875 3516 Praeceperat

278 3539 419 3592 enim
449 3552 518 3594 ne
547 3537 602 3593 in
627 3539 858 3609 septimo
885 3552 916 3592 a
942 3537 1170 3592 basilica
1199 3538 1455 3596 milliaria
1484 3538 1604 3609 quis
1639 3540 1749 3594 vim
1789 3538 1873 3596 in-

275 3628 463 3687 ferret.

861 3700 1091 3757 CAPUT
1136 3701 1281 3757 XIV.

717 3811 796 3866 De
828 3811 1096 3882 Sigivaldo
1128 3829 1417 3883 pervasore.

347 3926 497 3980 Tunc
534 3924 838 3994 Sigivaldus
880 3941 1001 3982 cum
1043 3944 1168 3997 rege
1211 3936 1515 3998 praepotens
1559 3944 1680 3985 cum
1721 3932 1870 3987 omni

277 4020 479 4076 familia
509 4033 604 4074 sua
636 4021 687 4073 in
720 4023 960 4074 Arverna
991 4023 1210 4090 regione
1241 4038 1306 4076 ex
1335 4024 1476 4091 regis
1494 4023 1648 4091 jussu
1677 4024 1873 4093 migra-

277 4115 354 4167 vit
383 4111 410 4150 ά
447 4129 460 4165 :
504 4113 592 4166 ubi
631 4113 757 4168 dum
801 4113 1090 4169 multorum
1133 4129 1219 4170 res
1260 4115 1459 4186 injuste
1499 4126 1870 4187 competeret,

281 4205 458 4260 villam
505 4205 792 4272 quamdam
848 4220 1005 4273 quam
1053 4206 1303 4274 gloriosae
1354 4211 1628 4263 memoriae
1676 4210 1871 4264 Tetra-

286 4295 403 4349 dius
437 4303 490 4359 ⁸,
524 4296 808 4366 episcopus
851 4296 1235 4366 Biturigensis,
1282 4298 1517 4353 basilicae
1560 4301 1732 4354 sancti
1775 4300 1871 4356 Ju—

281 4386 404 4439 liani
434 4387 753 4457 reliquerat,
786 4389 886 4443 sub
915 4389 1094 4458 specie
1123 4390 1456 4444 obumbratae
1493 4393 1870 4448 commutatio-

281 4479 382 4544 nis,
413 4480 602 4535 avidus
631 4483 865 4550 pervasit
890 4499 902 4534 :
933 4483 1029 4538 sed
1057 4497 1245 4538 mense
1275 4483 1433 4538 tertio
1464 4493 1745 4553 postquam
1771 4499 1866 4555 ag—

1969 1982 2272 2053 lngenuus,
2329 1984 2456 2039 dum
2502 1984 2558 2040 in
2603 1988 2786 2042 multis
2838 1989 3002 2046 rebus
3048 2001 3237 2048 contra
3281 1994 3562 2051 basilicam

1968 2077 2142 2134 sancti
2183 2077 2433 2148 Martyris
2469 2080 2668 2150 injuste
2705 2092 2925 2153 ageret,
2961 2085 3026 2141 ad
3057 2085 3159 2142 hoc
3205 2087 3396 2145 levitas
3441 2091 3559 2160 ejus

1970 2168 2191 2225 inimico
2219 2172 2559 2239 ingrassante
2588 2176 2895 2244 convaluit,
2924 2187 2982 2232 ut
3007 2179 3244 2234 colonias
3270 2178 3289 2219 ι
3324 2181 3561 2240 basilicae

1969 2260 2361 2331 concupiscens
2379 2303 2394 2327 ,
2421 2278 2540 2331 qua:
2569 2278 2700 2333 agro
2729 2265 2846 2334 ejus
2871 2277 3028 2321 erant
3055 2270 3349 2338 proximae,
3379 2288 3563 2342 perva-

1971 2350 2102 2407 dere
2133 2366 2240 2406 non
2272 2352 2504 2408 timeret.
2540 2355 2618 2408 Ad
2650 2371 2810 2425 quem
2838 2357 3092 2411 sacerdos
3120 2359 3220 2414 loci
3241 2400 3258 2426 ,
3298 2376 3418 2417 cum
3464 2364 3564 2418 ali-

1971 2455 2106 2510 quos
2136 2440 2203 2497 de
2232 2442 2443 2499 clericis
2479 2445 2630 2514 quasi
2660 2448 2866 2516 legatos
2903 2447 3172 2516 mitteret,
3213 2461 3301 2518 ut,
3340 2462 3563 2523 accepta

1974 2530 2206 2598 ratione,
2238 2533 2382 2601 quod
2427 2535 2568 2589 male
2608 2547 2919 2604 pervaserat
2948 2539 3246 2607 relaxaret,
3276 2542 3364 2598 ille
3404 2543 3559 2613 quasi

1971 2629 2159 2677 contra
2201 2623 2439 2693 iniquum
2467 2625 2678 2681 hostem
2708 2628 2827 2684 telis
2853 2631 3117 2702 correptis
3149 2633 3436 2702 prosiluit,
3468 2635 3561 2694 fu.-

1973 2713 2218 2783 gatisque
2248 2715 2458 2785 sagittis
2489 2717 2730 2783 clericis,
2764 2734 2850 2774 res
2878 2721 3060 2777 Sancti
3088 2723 3143 2777 in
3179 2740 3274 2780 sua
3315 2725 3560 2783 domina-

1973 2806 2120 2861 tione
2146 2806 2388 2862 retinuit.
2415 2808 2632 2864 Factum
2660 2819 2744 2865 est
2766 2821 2945 2867 autem
2975 2814 3103 2868 utin
3128 2817 3373 2885 proximo
3395 2819 3562 2878 adve-

1979 2902 2122 2958 niret
2151 2903 2267 2958 dies
2295 2904 2560 2973 passionis
2591 2907 2842 2976 Martyris
2874 2908 3130 2978 gloriosi:
3164 2910 3231 2963 ad
3271 2926 3428 2981 quam
3471 2912 3562 2970 ille

1978 2998 2264 3053 immemor
2293 2999 2628 3068 pervasionis
2657 3014 2767 3054 suae
2794 3010 2956 3072 atque
2985 3001 3231 3072 injuriae,
3274 3021 3432 3075 quam
3469 3009 3558 3068 in-

1977 3090 2171 3144 tulerat
2197 3091 2444 3159 clericis,
2490 3101 2614 3145 ante
2654 3092 2890 3161 quinque
2934 3093 3051 3149 dies
3091 3095 3447 3154 solemnitatis
3493 3098 3562 3156 ad

1979 3182 2154 3234 vicum
2189 3180 2553 3236 Brivatensem
2585 3182 2820 3238 advenit.
2869 3184 2969 3251 Qui
3005 3199 3125 3240 cum
3155 3186 3207 3241 in
3249 3188 3412 3244 domo
3464 3190 3564 3245 ho-

1979 3272 2285 3342 spitalitatis
2310 3287 2421 3329 sua:
2444 3273 2690 3329 convivio
2731 3290 2852 3330 cum
2889 3275 3072 3331 laetitia
3113 3287 3165 3332 et
3205 3280 3561 3337 exsultatione

1978 3364 2322 3436 fungeretur,
2369 3366 2583 3434 subito,
2632 3369 3004 3423 coruscatione
3049 3368 3217 3434 facta,
3265 3374 3562 3428 tonitruum

1977 3457 2196 3524 sonuit;
2243 3473 2564 3527 rursumque
2608 3459 2831 3527 iterato,
2867 3460 3047 3529 jaculo
3097 3462 3254 3532 igneo
3299 3463 3367 3519 de
3411 3465 3562 3520 ccelis

1956 3552 2192 3620 elapso,
2236 3566 2524 3621 percussus
2566 3561 2676 3620 est,
2721 3553 2871 3608 nullo
2915 3561 3091 3611 tamen
3120 3557 3187 3611 de
3217 3556 3436 3628 reliquis
3465 3573 3561 3628 pe-

1976 3653 2208 3700 reunte:
2258 3645 2459 3701 deinde
2500 3645 2570 3700 ad
2617 3648 2927 3718 exemplum
2976 3649 3251 3719 omnium,
3307 3659 3562 3723 tanquam

1978 3752 2138 3806 rogus
2168 3737 2452 3794 flammeus
2484 3737 2677 3794 ardens
2696 3782 2710 3806 ,
2742 3740 2996 3810 paulatim
3020 3742 3435 3798 consumebatur
3462 3744 3561 3814 (V.

1976 3846 2169 3900 supra,
2212 3831 2302 3884 lib.
2334 3849 2374 3899 ι,
2406 3850 2452 3886 c.
2489 3833 2656 3902 106).
2687 3834 2767 3888 Ad
2811 3835 2952 3904 quod
2993 3836 3305 3891 miraculum
3336 3838 3561 3909 populus

1976 3923 2068 3990 qui
2111 3922 2179 3976 ad
2227 3925 2375 3978 Beati
2422 3925 2557 3979 festa
2607 3935 2966 3994 convenerat,
3011 3929 3126 3982 haec
3166 3944 3394 3987 cernens
3435 3946 3560 3994 cum

1976 4011 2337 4068 admiratione
2361 4053 2377 4082 ,
2409 4016 2716 4081 metuebat;
2751 4018 2986 4086 satisque
3016 4018 3091 4073 illi
3122 4017 3250 4086 fuit,
3285 4037 3352 4076 ne
3381 4022 3449 4078 de
3475 4039 3561 4080 re-

1974 4104 2076 4158 bus
2117 4104 2301 4159 Sancti
2344 4106 2543 4176 aliquid
2587 4110 2724 4163 ultra
2766 4111 3121 4180 contingeret.
3161 4112 3312 4179 Quod
3353 4129 3420 4170 ne
3451 4114 3559 4172 for-

1977 4199 2113 4253 tuito
2168 4207 2348 4254 actum
2393 4202 2516 4270 quis
2558 4213 2738 4270 putet,
2789 4214 2971 4259 cernat
3034 4205 3174 4262 inter
3214 4207 3416 4264 multos
3471 4209 3559 4267 in-

1975 4288 2168 4346 noxios
2197 4304 2360 4345 unum
2391 4291 2663 4348 interiisse
2691 4295 3030 4364 sacrilegum.

2561 4386 2788 4441 CAPUT
2824 4387 2964 4443 XVI.

2395 4482 2474 4536 De
2521 4483 2839 4536 contumacia
2868 4481 3128 4538 Becconis.

281 4588 491 4643 gressus
520 4581 624 4639 est,
647 4585 926 4646 correptus
955 4592 983 4628 a
1009 4576 1182 4644 febre,
1211 4586 1263 4632 et
1289 4578 1407 4632 sine
1428 4593 1589 4632 sensu
1611 4578 1860 4650 effectus,
1891 4625 1945 4690 Β
1989 4555 1991 4559 ’
2045 4577 2206 4650 861
2232 4574 2368 4643 Quid
2397 4576 2558 4629 etiam
2580 4575 2645 4629 ad
2664 4575 2922 4631 Becconis
2942 4576 3156 4633 comitis
3178 4579 3554 4640 confutandam

285 4665 559 4690 .l-..l!.._..!o
609 4677 760 4690 --......
807 4668 868 4690 ...Ι
921 4669 1167 4690 1,...--Ι--..-
1249 4668 1412 4690 n__:___
1453 4685 1588 4690 μμ--
1638 4670 1698 4690 .Ι.-
1720 4687 1751 4690 __
1805 4672 1856 4690 J,
1972 4671 2269 4690 -______L2__.
2307 4670 2490 4690 L--.---
2519 4668 2717 4690 ll-_.--_
2750 4669 2813 4690 ,2.
2850 4677 3095 4690 -_-_-.-__
3160 4673 3335 4690 -___L__
3364 4689 3392 4690 η
3453 4673 3515 4690 I1-

283 4665 564 4720 declinavit
606 4677 765 4735 caput
805 4668 870 4721 ad
921 4669 1194 4724 lectulum.
1248 4668 1413 4739 Cujus
1453 4685 1589 4724 uxor
1630 4670 1758 4727 dum
1795 4672 1864 4728 de

282 4758 380 4815 hoc
409 4761 551 4816 exitu
582 4770 775 4817 intesta
799 4761 1077 4832 penderet,
1103 4778 1132 4817 a
1155 4763 1383 4833 quodam
1409 4763 1695 4821 sacerdote
1716 4780 1865 4823 com-

349 4906 375 4934 ι
412 4897 740 4970 Ηροᾼνοξιρυι-
769 4897 1015 4970 laudatur
1056 4899 1112 4951 in
1156 4899 1276 4953 Vita
1318 4901 1488 4955 sancti
1533 4901 1860 4970 Stremonii,

281 4975 424 5039 torno
457 4967 494 5018 ll
529 4967 875 5039 Bibliotheca:
914 4969 1246 5035 Labbeanae,
1289 4986 1411 5039 pag.
1449 4971 1574 5023 498.
1610 4967 1863 5025 Τιιθοιιθὲ

282 5035 371 5091 rici
416 5047 595 5109 autem
637 5037 871 5109 regis__in
913 5039 1186 5109 Arvernos
1232 5035 1627 5109 expeditionem
1675 5047 1862 5093 narrat

282 5109 390 5176 ipse
433 5105 721 5175 Gregorius
769 5105 859 5176 lib.
911 5122 968 5160 tu
1017 5108 1152 5161 Hist.
1203 5105 1321 5173 eap'.
1377 5111 1462 5162 12.
1494 5136 1563 5149 -·
1594 5110 1690 5164 Hic
1721 5111 1860 5164 idem

283 5174 469 5234 auctor
500 5177 719 5231 laudare
747 5174 941 5229 ibidem
973 5176 1184 5229 videtur
1214 5177 1456 5247 Gregorii
1489 5181 1654 5233 nostri
1685 5180 1864 5232 llisto—

285 5249 408 5304 riam
430 5288 445 5309 ,
480 5259 567 5302 aut
598 5256 744 5302 certe
775 5248 954 5315 nescio
978 5247 1119 5313 quod
1151 5261 1285 5310 opus
1311 5265 1374 5300 ex
1406 5249 1492 5303 illa
1524 5260 1859 5315 excerptum,

287 5319 420 5382 quod
451 5321 680 5384 appellat
708 5316 861 5371 Gesta
879 5314 1286 5386 Germanorum,
1313 5332 1378 5372 ex
1407 5333 1511 5386 quo
1538 5319 1861 5376 Theoderici

284 5388 422 5454 regis
449 5392 794 5443 Arvoruicam
839 5388 1262 5458 expeditionem,
1312 5388 1406 5443 sed
1458 5405 1645 5458 parum
1696 5406 1858 5447 accu-

287 5465 398 5512 rate
413 5496 428 5522 ,
462 5470 664 5512 narrat.

355 5526 382 5565 ι)
425 5529 518 5605 Sic
543 5528 748 5605 (ἔπει-ιιι..
774 5531 930 5590 Gem.
959 5539 1014 5586 et
1040 5528 1193 5586 Colb.
1219 5545 1282 5605 c,_
1312 5531 1362 5605 id
1390 5539 1472 5605 est
1500 5533 1551 5586 in
1582 5533 1862 5605 presbyte-

290 5599 388 5666 rio,
422 5608 478 5652 ut
499 5599 609 5668 jatn
639 5601 1076 5660 observavimus:
1107 5603 1284 5656 caeteri
1317 5602 1516 5658 habent
1539 5599 1714 5659 altari.

361 5681 382 5739 °_
424 5669 731 5738 Legendum
764 5673 925 5725 dubio
955 5674 1135 5739 procul
1168 5674 1482 5729 ministeriis.

358 5737 393 5815 d_
429 5737 572 5815 idem
604 5741 762 5815 habet
790 5737 1078 5815 Gregorius
1103 5743 1194 5799 lib.
1230 5759 1288 5799 ιιι
1322 5746 1456 5799 Hist.
1488 5760 1607 5815 cap.
1640 5746 1740 5815 15,
1769 5744 1863 5803 ubi

291 5811 585 5892 Singivaldus
639 5813 834 5892 dicitur
859 5827 924 5890 ex
958 5813 1092 5892 regis
1121 5817 1410 5892 parentibus
1426 5811 1626 5892 fuisse.
1659 5819 1714 5874 in
1730 5811 1861 5892 cap.

295 5883 355 5939 16
381 5883 620 5957 ejusdem
654 5883 772 5937 libri
803 5886 975 5952 agitur
1006 5884 1072 5936 de
1101 5885 1216 5956 ejus
1241 5887 1724 5947 administratione.

563 5979 838 6042 PA’mOL.
883 5975 1114 6043 LXXI.

1968 4671 2273 4742 superbiam
2306 4670 2492 4724 beatus
2517 4668 2718 4739 Martyr
2748 4669 2820 4723 sit
2845 4677 3119 4739 operatus,
3153 4673 3424 4727 evolvam.
3451 4673 3556 4729 Hic

1975 4780 2099 4823 cum
2151 4765 2392 4820 actiones
2414 4771 2440 4810 κ
2473 4771 2656 4832 ageret
2688 4761 2959 4831 publicas,
2989 4771 3042 4816 et
3086 4761 3260 4818 elatus
3300 4762 3556 4831 iactantia

2045 4913 2068 4939 ο
2107 4900 2352 4955 Interfuit
2402 4897 2636 4952 concilio
2675 4896 2963 4964 Agathensi
3005 4911 3093 4950 an.
3124 4895 3224 4953 507
3247 4939 3260 4957 .
3291 4905 3345 4953 et
3376 4899 3552 4956 Aure-

1968 4972 2099 5026 lian.
2132 4987 2147 5023 ι
2176 4987 2263 5025 an.
2298 4968 2421 5024 511.
2453 4967 2529 5021 De
2557 4983 2622 5020 eo
2655 4967 2942 5021 Bollaudus
2970 4969 3058 5020 die
3088 4967 3152 5020 16
3181 4968 3479 5026 Februarii.
3565 4978 3567 4980 ’

2044 5039 2065 5079 ί
2109 5040 2356 5094 Colonias
2385 5053 2480 5103 pro
2504 5039 2774 5091 colonicas
2799 5037 3100 5090 scribebant
3125 5038 3363 5104 plerique
3387 5039 3553 5097 medii

1969 5112 2068 5166 aevi
2092 5120 2363 5164 auctores.
2387 5106 2638 5181 Colonica
2662 5117 2842 5181 autem
2865 5113 2946 5158 est
2967 5105 3089 5181 villa
3112 5122 3231 5181 cum
3257 5109 3414 5164 modo
3435 5111 3553 5181 agri

1969 5192 2222 5252 quantum
2248 5195 2384 5233 unus
2405 5178 2628 5252 colonus
2650 5178 2828 5232 colere
2854 5186 3047 5241 potest.
3075 5177 3229 5252 ldem‘
3247 5195 3408 5248 porro
3435 5177 3552 5238 fere

1968 5249 2162 5307 sonam
2202 5253 2283 5304 lite
2323 5264 2508 5322 voces.
2550 5249 2812 5322 colonica,
2843 5261 3089 5322 mansos,
3141 5249 3296 5322 villa,
3328 5260 3382 5304 et
3408 5252 3554 5322 apud

1970 5324 2285 5385 Germanos,
2317 5320 2449 5373 hnba
2479 5329 2532 5373 et
2577 5320 2834 5373 ltebunna.
2871 5317 3002 5374 Vide
3033 5319 3278 5389 Bignonii
3309 5317 3463 5378 notas
3494 5324 3549 5383 in

1967 5395 2059 5449 lib.
2092 5411 2105 5448 I
2138 5395 2186 5448 M
2208 5392 2376 5447 irculii
2411 5392 2568 5445 form.
2600 5393 2685 5447 50.

2040 5475 2064 5512 ε
2107 5464 2351 5520 Actionis
2383 5477 2597 5534 nomine
2619 5460 2852 5534 officium
2881 5460 3210 5534 designatur.
3243 5462 3378 5519 Hinc
3404 5465 3551 5534 apud

1968 5537 2283 5592 Marculfum
2310 5534 2400 5588 lib.
2435 5549 2450 5586 ι
2479 5533 2634 5586 form.
2669 5531 2723 5595 8,
2748 5535 2968 5588 actiones
2993 5533 3290 5595 comitatus,
3309 5531 3546 5600 ducatus,

1968 5609 2266 5678 patriciatus
2297 5606 2586 5678 ‘dicuntur.
2625 5603 2690 5678 Et
2727 5603 3061 5678 l-liinericus_,
3092 5604 3231 5678 apud
3265 5604 3547 5678 _Victorem

1968 5673 2268 5742 Viteusem,
2297 5675 2391 5744 lib.
2417 5691 2451 5730 H
2475 5717 2489 5739 ,
2523 5676 2688 5728 vetuit
2709 5690 2774 5727 ne
2804 5673 2922 5744 quis
2942 5674 3237 5730 catholicus
3262 5675 3315 5730 iu
3349 5677 3547 5741 palatio

1966 5751 2242 5812 militaret,
2274 5743 2377 5804 aut'
2395 5748 2617 5800 actiones
2648 5743 3099 5816 agcret'publicas.
3128 5745 3261 5803 Vide
3302 5747 3550 5817 Biguonii

1967 5833 2121 5880 notas
2150 5822 2204 5880 in
2232 5819 2325 5887 lib.
2354 5833 2374 5876 ι
2403 5817 2641 5877 Marcum
2662 5832 2780 5889 cap.
2818 5817 2907 5875 11.

3073 5979 3152 6039 26
