4072 6346
575 312 677 377 811
1594 313 1653 369 6.
1692 308 2027 371 GREGORII
2067 309 2133 370 EI

2239 307 2379 377 SOPI
2420 310 2853 373 TURONENSIS
3776 322 3894 383 812

571 432 771 503 multos
799 438 985 488 contra
1008 430 1270 501 justitiam
1296 437 1614 503 aggravaret
1640 471 1654 499 ,
1698 443 1825 486 casu
1853 429 2079 502 contigit
2102 438 2161 486 ut
2186 430 2242 495 Δ
2264 429 2509 488 domibus
2537 442 2845 491 sanctorum
2895 433 3096 506 aliquid
3125 436 3335 509 aufert,
3360 439 3493 510 ipsis
3525 443 3743 501 sanctis
3796 442 3886 503 in-

574 524 855 582 dimissum
878 522 1185 592 accipitrem
1217 520 1310 583 diu
1339 535 1437 589 per
1467 520 1684 578 diversa
1720 528 2001 591 vagantem
2041 535 2162 591 per-
2258 521 2459 592 juriam
2488 522 2651 590 facit,
2681 525 2801 595 ipso
2829 526 2907 582 sic
2952 526 3180 585 Domino
3228 541 3561 601 protestante
3594 555 3608 590 :
3646 538 3768 607 Qui
3794 554 3886 595 eos

571 617 725 685 deret
756 632 772 670 :
801 612 1068 681 similiter,
1114 620 1173 669 ut
1216 627 1355 670 unus
1395 612 1463 669 de
1513 612 1877 672 servientibus
1916 611 2158 671 basilica
2259 618 2451 687 spernit
2480 632 2559 671 me
2589 616 2781 689 spernit
2796 618 2949 690 (Luc.
2980 620 3175 691 x,l6);
3198 630 3273 693 et,
3304 623 3407 703 Qui
3436 629 3618 701 recipit
3633 632 3881 703 justum,

570 706 744 766 sancti
774 704 970 764 Iuliani
1016 704 1326 776 accipitrem
1370 705 1564 776 alium,
1597 706 1722 766 dum
1751 720 1847 779 per
1874 707 2014 762 viam
2040 722 2156 777 ams
2257 712 2541 775 mercedem
2563 713 2696 784 justi
2746 715 2961 784 accipiet
2983 715 3204 788 (Matth.
3241 735 3274 774 x
3299 760 3315 786 ,
3343 718 3460 792 41).
3493 722 3742 795 Contigit
3773 742 3875 783 au—

568 800 802 870 bularet,
849 800 1004 871 quasi
1051 813 1243 870 vagum
1285 798 1509 857 invenit.
1557 797 1686 856 Erat
1726 798 1871 857 enim
1903 813 2036 869 puer
2064 798 2156 857 ille
2258 812 2367 867 tem
2414 810 2473 859 ut
2511 814 2632 875 post
2677 805 2794 863 dies
2831 809 3031 866 multos
3057 850 3073 877 ,
3105 824 3215 867 non
3266 812 3562 883 religione,
3594 818 3694 873 sed
3731 832 3873 876 casu

566 892 829 964 piucerna
871 891 928 948 in
946 890 1107 963 domo
1138 891 1394 949 basilicae.
1426 891 1579 960 Quod
1604 905 1729 947 cum
1759 890 1827 947 ad
1855 891 2154 949 Becconem
2255 896 2568 955 conferente
2593 938 2607 965 ,
2634 899 2701 956 ad
2729 900 2905 971 vicum
2938 901 3310 962 Brivatensem
3334 920 3697 982 properaret,
3744 928 3878 983 pro-

567 985 938 1057 pervenisset,
967 984 1111 1057 quod
1136 985 1342 1042 scilicet
1368 998 1503 1055 puer
1527 992 1798 1055 repertum
1822 992 2029 1041 teneret
2059 998 2150 1042 ac-
2250 988 2534 1062 jectusque
2562 992 2731 1051 humo
2770 1004 2898 1051 ante
2933 996 3269 1066 sepulcrum,
3300 1015 3431 1059 mox
3454 1018 3484 1058 a
3507 1003 3660 1061 febre
3687 1008 3871 1063 corri-

510 1098 511 1101 ‘
564 1081 833 1153 cipitrem,
861 1080 1174 1138 calumniari
1197 1078 1361 1149 coepit
1385 1092 1449 1134 ac
1478 1077 1694 1135 dicere:
1723 1076 1866 1134 Meus
1890 1077 1978 1135 ille
2003 1089 2149 1149 erat,
2253 1081 2418 1153 pitur,
2450 1091 2505 1139 et
2551 1092 2698 1140 tanta
2748 1086 2801 1142 vi
2826 1087 3028 1143 caloris
3065 1090 3409 1161 opprimitur,
3432 1082 3495 1151 ut
3522 1111 3703 1171 neque
3735 1114 3871 1155 con-

558 1177 755 1249 inquit,
797 1186 854 1235 et
898 1177 985 1235 hic
1032 1176 1172 1233 furto
1200 1191 1319 1234 eum
1380 1175 1617 1232 sustulit.
1672 1174 1897 1243 Deinde,
1927 1188 2153 1232 succen-

558 1270 723 1329 dente
752 1270 1001 1339 avaritia,
1033 1269 1177 1326 misit
1208 1268 1357 1325 illum
1389 1268 1631 1323 vinctum
1654 1266 1708 1323 in
1736 1281 1978 1345 carcere,
2009 1265 2149 1325 deli-

554 1364 758 1430 berans
783 1358 907 1425 eum
933 1366 991 1421 in
1035 1363 1282 1434 sequenti
1313 1360 1557 1433 patibulo
1589 1361 1971 1419 condemnare.
1999 1360 2151 1418 Tunc

550 1458 811 1523 sacerdos
838 1464 1065 1515 moestus
1109 1455 1267 1512 valde
1323 1454 1391 1510 ad
1449 1453 1757 1524 sepulcrum
1801 1452 1986 1511 Sancti
2014 1466 2148 1524 pro-

548 1534 747 1622 perat,
778 1534 1141 1621 reseratisque
1173 1562 1298 1606 cum
1338 1546 1540 1619 gemitu
1561 1547 1761 1617 capsis,
1790 1545 2147 1629 apprehensis

512 1636 521 1715 λ
552 1641 745 1699 decem
789 1644 967 1700 aureis
1013 1657 1110 1713 per
1158 1640 1345 1699 ﬁdeles
1395 1641 1598 1697 amicos
1643 1639 1873 1696 Becconi
1926 1638 2144 1696 obtulit.

515 1786 526 1818 ,
551 1736 709 1805 Quod
734 1738 827 1796 ille
866 1752 965 1809 pro
990 1737 1159 1795 nihilo
1188 1751 1484 1807 respuens,
1508 1736 1971 1817 cumjurameuto
1992 1749 2145 1791 asse-

528 1875 745 1978 .aureos
790 1875 1010 1989 t‘I‘iginta
1061 1875 1355 1991 adciperet.
1389 1918 1543 1985 Quod
1586 1875 1867 1991 presbyter
1908 1903 2141 1989 desuper

548 2012 799 2083 sepulcro
828 2011 1014 2068 Sancti
1043 2012 1317 2083 accipiens
1342 2053 1358 2078 ,
1389 2012 1623 2067 Becconi
1657 2012 1981 2082 transmisit,
2005 2027 2141 2091 quos

548 2113 822 2175 acceptos,
870 2106 1065 2160 satiata
1088 2104 1241 2182 avari
1272 2114 1300 2144 ι
1329 2105 1656 2184 cupiditate,
1684 2118 1910 2177 puerum
1930 2114 2143 2185 restau-

545 2198 684 2255 ravit
707 2197 1054 2255 incolumem.
1088 2197 1197 2255 Sed
1218 2197 1361 2256 Deus
1390 2199 1734 2270 omnipotens
1755 2240 1773 2269 ,
1798 2199 1889 2271 qui
1921 2214 2135 2271 perma-

544 2298 637 2361 net
663 2298 799 2367 ante
817 2291 1018 2357 solem,
1050 2291 1347 2369 secundum
1371 2291 1628 2349 bonitatis
1648 2307 1763 2350 suae
1791 2291 2009 2349 divitias
2040 2293 2143 2348 bu-

540 2382 770 2441 miliavit
810 2384 1273 2443 calumniatorem.
1322 2384 1458 2442 Nam
1500 2386 1667 2457 ipsius
1707 2386 1834 2445 anni
1870 2396 2140 2443 transacto

541 2477 831 2544 curriculo,
844 2477 1070 2534 veniens
1098 2478 1167 2533 ad
1194 2476 1380 2534 Sancti
1406 2476 1755 2535 festivitatem
1778 2494 1899 2535 cum
1921 2488 2139 2536 caterva

536 2569 858 2637 satellitum,
891 2570 1170 2640 ingressus
1197 2577 1283 2626 est
1306 2570 1475 2626 limen
1503 2577 1772 2628 sanctum.
1806 2568 2140 2629 Procedente

537 2675 670 2720 vero
703 2660 907 2718 lectore
931 2703 948 2728 ,
978 2662 1070 2732 qui
1104 2661 1281 2718 beata:
1314 2662 1583 2732 passionis
1625 2674 1935 2720 recenseret
1962 2662 2137 2719 histo-

535 2755 696 2825 riam,
732 2761 793 2811 ut
819 2754 1052 2812 revolvit
1096 2754 1297 2813 librum
1325 2794 1342 2824 ,
1368 2763 1426 2811 et
1473 2756 1527 2811 in
1576 2755 1843 2827 principio
1889 2756 2139 2813 lectionis

533 2850 713 2925 sancti
766 2848 969 2907 Juliani
1034 2849 1262 2921 protulit
1326 2862 1566 2919 nomen,
1626 2848 1914 2906 confestim
1965 2849 2139 2925 Becco

532 2956 671 3003 voce
698 2943 883 3000 nescio
909 2958 1015 3014 qua
1046 2943 1325 3001 teterrima
1348 2942 1415 2998 ad
1442 2951 1645 2999 terram
1672 2941 1909 3009 corruit,
1935 2955 2137 2997 cruen-

531 3044 698 3111 taque
720 3050 978 3109 spumans
998 3036 1131 3094 dare
1154 3050 1320 3094 voces
1344 3036 1589 3094 diversas
1608 3036 1811 3108 cmpit:
1843 3036 1972 3095 inde
1994 3036 2137 3092 inter

530 3145 762 3190 suorum
809 3146 1000 3189 manus
1045 3129 1286 3187 sublatus
1326 3144 1359 3187 a
1387 3129 1891 3200 basilica,domum
1925 3127 2135 3187 reduci-

2253 1186 2499 1246 surgere,
2526 1168 2702 1249 neque
2730 1194 2954 1249 puerum
2977 1195 3206 1240 evocare
3244 1196 3444 1269 posset.
3497 1168 3712 1247 Famuli
3737 1208 3869 1251 vero

2253 1276 2377 1321 cum
2406 1266 2671 1325 vidissent
2713 1284 2839 1327 eum
2887 1279 3042 1329 extra
3089 1274 3307 1332 solitum
3356 1266 3477 1355 plus
3504 1284 3862 1355 occumbere,

2252 1356 2572 1437 accedentes
2601 1376 2619 1425 ξ
2652 1361 2793 1431 Quid
2822 1372 2901 1432 tu,
2929 1364 3205 1438 inquiunt,
3234 1370 3295 1427 in
3322 1354 3469 1429 tanta
3495 1354 3862 1437 diuturnitate

2251 1444 2628 1519 deprimeris?
2679 1469 2789 1511 non
2829 1456 2974 1514 enim
3033 1460 3129 1517 tibi
3172 1471 3283 1521 tam
3328 1463 3520 1539 longus
3566 1448 3691 1527 mos
3744 1483 3864 1530 erat

2250 1542 2461 1611 orandi,
2513 1556 2607 1601 aut
2636 1546 2852 1606 devotio
2880 1549 2932 1607 ἀ.
2961 1552 3232 1625 Ferebant
3256 1566 3438 1616 autem
3473 1561 3545 1619 de
3570 1579 3639 1620 eo
3664 1604 3682 1634 ,
3705 1548 3858 1637 quod

2249 1637 2685 1723 quandoquidem
2716 1643 2771 1699 in
2802 1646 3036 1705 ecclesia
3066 1651 3258 1710 fuisset
3282 1652 3599 1726 ingressus,
3636 1674 3861 1728 parum-

2250 1746 2348 1802 per
2381 1733 2824 1808 immurmuraus,
2883 1756 2982 1799 nec
3035 1744 3169 1818 [Al.,
3210 1746 3298 1819 ac]
3346 1752 3524 1820 capite
3567 1754 3852 1825 inclinato,

512 1826 660 1918 ’.ι-ιιὶι
688 1844 960 1902 nunquam
1000 1820 1071 1887 se
1109 1844 1334 1901 puerum
1376 1828 1749 1897 dimissurum,
1796 1828 1904 1885 nisi
1948 1828 2146 1907 exinde
2176 1819 2224 1887 Β
2250 1827 2869 1900 863regrediebatur.
2927 1836 3080 1892 Tunc
3120 1819 3594 1911 interpellanu’bus
3634 1819 3855 1918 pueris,

2245 1934 2371 1991 cum
2400 1936 2719 1993 responsum
2748 1926 2982 1985 reddere
3028 1945 3136 1986 non
3166 1932 3409 2004 valeret,
3438 1935 3653 1995 ablatus
3676 1941 3853 1998 mani-

2244 2015 2344 2072 bus
2365 2016 2562 2088 eloco,
2588 2019 2647 2075 in
2672 2022 2868 2079 cellam
2896 2039 3018 2093 quae
3038 2034 3156 2083 erat
3181 2030 3429 2098 proxima
3454 2032 3657 2091 lectulo
3685 2037 3854 2096 colit»

2243 2115 2416 2189 catur.
2450 2109 2616 2181 Igitur
2638 2114 3023 2183 Ainvalesceute
3046 2118 3201 2175 febre
3222 2158 3239 2188 ,
3262 2122 3568 2190 proclamat
3591 2141 3657 2184 se
3684 2130 3854 2189 miser

2244 2199 2459 2259 incendi
2511 2219 2609 2275 per
2636 2205 2961 2279 Martyrem;
3000 2218 3056 2279 et
3079 2213 3227 2283 quod
3252 2216 3430 2285 primo
3450 2219 3683 2278 siluerat
3708 2262 3727 2291 ,
3752 2225 3851 2282 ad—

2245 2295 2407 2373 motis
2463 2297 2659 2355 animae
2701 2299 2892 2370 judicii
2950 2303 3182 2375 facibus,
3241 2310 3473 2369 crimina
3526 2316 3841 2388 confitetur,

2240 2387 2539 2483 iactarique
2565 2405 2732 2462 super
2756 2407 2818 2450 se
2848 2409 3041 2466 aquam
3062 2435 3080 2468 ,
3112 2413 3246 2457 voce
3264 2417 3371 2473 qua
3400 2414 3636 2478 poterat,
3657 2410 3852 2483 depre-

2242 2478 2484 2537 cabatur.
2517 2482 2722 2541 Delatis
2750 2502 2966 2560 quoque
3010 2504 3130 2549 cum
3174 2495 3397 2553 vasculo
3418 2496 3677 2570 lymphis,
3708 2478 3768 2561 et
3793 2504 3847 2560 in

2243 2583 2372 2626 eum
2421 2586 2570 2644 saepe
2595 2574 2847 2649 dejectis,
2906 2589 3159 2654 tanquam
3186 2583 3257 2643 dc
3290 2586 3513 2649 fornace
3544 2593 3617 2649 ita
3668 2593 3848 2652 fumus

2247 2664 2688 2733 egrediebature
2716 2684 2966 2743 corpore.
3019 2675 3229 2735 Interea
3279 2680 3467 2740 miseri
3514 2695 3698 2754 artus,
3746 2702 3848 2746 ceu

2241 2757 2511 2815 combusti
2541 2800 2557 2829 ,
2579 2760 2638 2818 in
2677 2762 3015 2836 nigredinem
3037 2781 3429 2831 convertuntur
3451 2816 3468 2845 ,
3496 2779 3642 2836 unde
3663 2789 3847 2839 tantus

2240 2849 2569 2944 procedebat
2595 2853 2756 2925 fetor,
2786 2864 2847 2912 ut
2868 2858 2959 2915 vix
2985 2860 3054 2916 de
3087 2864 3638 2938 astantibusposseot
3661 2871 3843 2944 aliqui

2242 2939 2501 2999 tolerare.
2534 2943 2771 3005 lnnuens
2796 2951 2943 3007 enim
2972 2952 3173 3011 dehinc
3199 2971 3381 3027 manu,
3408 2959 3604 3017 indicat
3624 2976 3688 3019 se
3707 2939 3848 3022 esse

2240 3029 2545 3123 leviorem;
2579 3050 2709 3095 mox
2746 3039 2856 3097 illis
2904 3044 3307 3117 recedentibus,
3346 3049 3436 3107 hic
3462 3052 3718 3123 spiritum
3746 3069 3847 3113 ex-

2239 3122 2469 3186 halavit.
2499 3129 2578 3186 De
2605 3145 2715 3203 quo
2742 3132 2887 3191 haud
2916 3136 3141 3196 dubium
3177 3152 3261 3197 est
3282 3122 3636 3214 qualemiillic
3660 3154 3845 3207 teneat

530 3234 646 3286 Iur.
674 3225 786 3283 Nec
814 3224 916 3281 fuit
941 3224 1166 3281 dubium
1189 3224 1374 3295 pueris
1394 3222 1515 3305 ejus
1531 3222 1647 3280 haec
1675 3223 1745 3280 ob
1764 3222 2019 3295 iniuriam
2040 3221 2135 3278 ba-
2164 3211 2213 3280 α
2241 3218 2447 3295 locum,
2471 3225 2567 3297 qui
2592 3226 2719 3285 hinc
2745 3242 2870 3286 cum
2902 3230 2996 3288 tali
3024 3211 3518 3308 discessitiudicio.

530 3320 765 3380 silicaris
792 3320 958 3391 862
988 3317 1175 3374 famuli
1219 3315 1472 3374 evenisse
1501 3332 1513 3370 :
1548 3330 1765 3373 omnem
1786 3329 2001 3388 quoque
2037 3328 2131 3370 or-

531 3421 748 3478 natum,
772 3411 919 3482 quod
944 3424 1109 3480 super
1135 3424 1195 3465 se
1220 3419 1351 3487 tunc
1378 3407 1584 3477 habuit,
1621 3408 1805 3464 tamin
1824 3422 1957 3464 auro
1974 3421 2133 3479 quam

535 3505 597 3561 in
639 3501 976 3559 vestimentis
998 3542 1014 3569 ,
1043 3501 1280 3558 basilicae
1307 3500 1567 3566 contulit,
1608 3508 1665 3557 et
1691 3499 1859 3556 multa
1880 3499 2134 3570 deinceps

534 3609 765 3654 munera
806 3594 986 3662 misit;
1015 3593 1112 3653 sed
1159 3606 1331 3665 usque
1357 3592 1430 3649 ad
1476 3592 1621 3651 diem
1673 3592 1853 3651 obitus
1904 3594 1989 3651 sui
2016 3592 2134 3651 sine

533 3698 703 3753 sensu
742 3685 976 3745 duravit.

1111 3796 1345 3856 CAPUT
1384 3796 1552 3855 XVII.

785 3912 864 3971 De
884 3914 1101 3971 diacono
1122 3914 1209 3985 qui
1231 3930 1346 3970 oves
1367 3912 1592 3970 basilica!
1608 3912 1837 3969 abstulit.

602 4031 727 4091 Fuit
756 4032 921 4091 etiam
944 4030 1184 4106 quidam
1225 4030 1485 4090 diaconus
1513 4029 1603 4104 qui
1629 4070 1646 4102 ,
1678 4028 1923 4087 relictam
1954 4026 2128 4087 eccle-

527 4124 666 4183 siam
685 4123 742 4195 ι),
774 4125 904 4183 ﬁsco
932 4139 993 4182 se
1020 4125 1237 4197 publico
1262 4123 1458 4196 junxit,
1484 4132 1814 4195 acceptaque
1834 4137 1867 4177 a
1888 4119 2128 4194 patronis

527 4206 822 4293 potestate,
853 4229 999 4276 tanta
1026 4219 1374 4290 perpetrabat
1403 4220 1639 4287 scelera,
1673 4229 1730 4275 ut
1759 4217 1854 4275 vix
1888 4226 2071 4289 posset
2096 4231 2130 4274 a

530 4315 727 4371 vicinis
769 4313 1165 4383 circumpositis
1214 4313 1489 4370 sustineri.
1549 4312 1761 4370 Accidit
1792 4319 1974 4368 autem
1998 4327 2131 4383 qua-

534 4406 661 4462 dam
709 4405 829 4461 vice
858 4414 919 4459 ut
964 4405 1136 4461 saltus
1166 4415 1481 4464 montenses
1507 4445 1522 4472 ,
1552 4406 1645 4462 ubi
1673 4406 1742 4462 ad
1774 4404 2128 4463 aestivandum

533 4514 670 4557 oves
720 4498 965 4555 abierant
990 4537 1007 4567 ,
1057 4494 1412 4569 circumiret,
1459 4510 1621 4570 atque
1646 4499 1927 4569 pascuaria
1961 4510 1984 4540 ο
2011 4514 2130 4572 qua:

2813 3343 3049 3404 CAPUT
3078 3348 3270 3406 XVIII.

2313 3455 2393 3514 De
2418 3473 2475 3515 eo
2500 3460 2590 3531 qui
2614 3459 2878 3517 Caballum
2892 3462 2949 3519 in
2969 3463 3148 3535 vigilia
3175 3462 3360 3523 Sancti
3379 3476 3403 3506 ο
3436 3469 3639 3540 furatus
3671 3478 3766 3526 est.

2315 3572 2470 3631 Alius
2496 3583 2678 3631 autem
2706 3590 2805 3647 per
2836 3577 3076 3652 vigiliam
3102 3578 3413 3639 festivitatis
3442 3597 3644 3654 equum
3668 3585 3830 3643 alicu-

2233 3663 2328 3735 jus
2354 3708 2369 3732 ,
2403 3664 2495 3735 qui
2529 3678 2655 3721 tunc
2697 3666 2937 3726 forte'ad
2975 3670 3226 3728 eamdem
3252 3674 3655 3732 solemnitatem
3676 3691 3824 3733 vene-

2239 3764 2325 3812 rat
2354 3771 2370 3823 ‘,
2404 3756 2544 3813 furto
2572 3760 2984 3838 comprehendit
3006 3803 3023 3831 ,
3055 3776 3387 3835 ascensoque
3412 3766 3678 3823 velociter
3703 3782 3819 3838 pro-

2240 3857 2438 3919 perat:
2488 3836 2696 3907 scilicet
2741 3862 2797 3907 ut
2851 3853 2944 3923 qui
2998 3853 3179 3911 lumen
3218 3855 3537 3927 perdiderat
3573 3836 3827 3914 veritatis.

2236 3948 2347 3998 non
2379 3939 2711 3999 inveniretur
2741 3958 2771 4000 a
2803 3944 2957 4015 luce,
3004 3956 3059 4004 et
3101 3947 3256 4020 cujus
3299 3959 3489 4021 pectus
3528 3950 3829 4023 cupiditatis

2238 4030 2477 4097 tenebrae
2508 4036 2871 4111 obsederant,
2901 4039 3019 4113 ejus
3047 4048 3101 4102 et
3127 4039 3382 4105 furtivam
3417 4043 3825 4103 fraudulentiam

2231 4134 2342 4189 hox
2392 4132 2614 4190 celaret.
2652 4132 2728 4190 De
2767 4134 2959 4191 talibus
3020 4137 3165 4193 enim
3209 4136 3470 4196 Dominus
3523 4139 3736 4197 dicebat
3776 4140 3823 4195 in

2236 4216 2573 4307 Evangelio:
2618 4229 2797 4284 Omnia
2846 4231 2937 4301 qui
2983 4232 3116 4287 male
3157 4233 3295 4306 agit,
3322 4235 3623 4291 oditlucem
3650 4234 3822 4307 (Joan.

2232 4306 2318 4387 in,
2353 4320 2474 4395 9.9).
2508 4321 2828 4380 Albescente
2870 4322 3030 4396 igitur
3059 4326 3200 4383 cmlo
3239 4327 3496 4386 dicebat:
3528 4330 3646 4386 Iam
3682 4344 3826 4387 secu-

2236 4429 2329 4471 rus
2352 4431 2495 4485 sum,
2525 4432 2651 4473 nam
2699 4417 2911 4488 triginta
2957 4417 3140 4477 leucas
3170 4435 3203 4477 a
3225 4418 3411 4479 Sancti
3440 4421 3662 4479 basilica
3682 4422 3825 4479 elon-

2237 4516 2394 4579 gatus
2443 4524 2584 4581 sum,
2630 4509 2741 4581 jam
2797 4525 2953 4567 secus
2982 4513 3260 4584 propriam
3310 4515 3531 4571 domum
3572 4530 3693 4571 esse
3744 4529 3823 4571 me

532 4580 667 4655 ﬁsco
697 4580 1030 4651 debebantur
1077 4590 1395 4662 inquireret.
1448 4589 1689 4662 Cumque
1728 4590 1974 4647 diversos
2001 4605 2125 4663 spo-
2150 4602 2208 4677 θ
2235 4599 2419 4657 ‘credo.
2453 4580 2589 4657 Dum
2618 4580 2733 4658 haec
2762 4604 2961 4660 tacitus
2983 4580 3288 4662 revolveret
3316 4605 3455 4663 infra
3486 4621 3570 4675 se,
3598 4604 3822 4663 demotis

528 4687 689 4761 liaret
716 4686 956 4759 injuste,
987 4684 1258 4763 conspicit
1280 4684 1489 4741 eminus
1533 4698 1725 4756 greges
1752 4683 1845 4756 qui
1868 4691 1996 4741 tunc
2026 4688 2125 4744 sub

528 4758 751 4836 nomine
775 4758 1031 4849 Martyris
1060 4775 1349 4832 tuebantur
1374 4817 1389 4843 ,
1420 4775 1487 4832 ad
1509 4791 1645 4848 quos
1675 4777 1781 4833 levi
1810 4791 1968 4835 cursu
1994 4794 2124 4836 evo-

523 4871 666 4937 lans,
698 4878 951 4940 tanquam
980 4869 1140 4937 lupus
1165 4881 1332 4937 rapax
1352 4868 1539 4939 diripit
1563 4870 1779 4927 arietes.
1799 4869 2121 4929 Conturbati

523 4972 688 5033 atque
716 4959 962 5018 exterriti
989 4967 1233 5032 pastores
1258 4958 1437 5017 ovium
1456 5000 1472 5030 ,
1502 4960 1689 5018 dicunt
1715 4962 1767 5018 ei
1802 4979 1814 5019 :
1842 4961 1949 5032 Ne,
1975 4978 2121 5035 quae~

521 5067 735 5126 sumus,
766 5053 1050 5125 contingas
1102 5057 1206 5111 hos
1230 5052 1453 5123 arietes,
1508 5054 1634 5125 quia
1663 5055 1810 5112 beati
1864 5048 2119 5128 martyris

523 5144 723 5203 Juliani
751 5145 993 5203 dominio
1014 5146 1285 5218 subjugati
1336 5156 1481 5204 sunt.
1516 5149 1719 5217 Quibus
1749 5150 1838 5206 ille
1866 5148 1982 5206 haec
2002 5150 2122 5206 irri-

529 5239 664 5298 dens
712 5241 1060 5313 respondisse
1116 5241 1285 5299 fertur
1338 5260 1352 5297 :
1412 5242 1650 5300 Putasne
1696 5246 1819 5315 quia
1880 5245 2121 5303 Julianus

526 5336 767 5394 comedit
815 5336 1056 5395 arietes?
1091 5336 1300 5395 Dehinc
1356 5339 1488 5409 ipsis
1537 5337 1857 5397 verberibus
1887 5341 2117 5411 alfectis,

529 5441 650 5499 qua:
703 5429 877 5487 voluit
916 5430 1181 5488 abstulit:
1222 5434 1474 5505 ignorans
1528 5433 1694 5491 miser
1739 5434 1885 5507 quod
1928 5436 2021 5506 qui
2050 5434 2120 5493 de

509 5608 511 5613 ι
596 5570 627 5636 ξι
657 5562 749 5620 Sic
770 5564 951 5625 Germ.
978 5565 1116 5632 Alii,
1146 5568 1281 5623 auri.
1314 5567 1466 5623 Mart.
1501 5580 1555 5627 et
1579 5569 1758 5636 Germ,
1785 5587 1934 5628 auro.

596 5631 627 5672 δ
670 5635 1081 5710 Gcrm.,‘rclicta
1104 5631 1356 5706 ecclesia,
1382 5642 1476 5697 sed
1520 5631 1806 5710 Gregorius
1828 5646 2116 5705 accusandi

524 5717 710 5762 casum
750 5706 949 5774 passim
982 5708 1099 5772 loco
1128 5712 1265 5765 sexti
1296 5713 1538 5768 assumit.

583 5788 623 5858 ,ε
668 5776 1237 5861 l’ascuarium‘dicitur
1276 5784 1498 5861 vectigal
1549 5802 1611 5842 ex
1660 5789 1969 5845 animalium
2026 5807 2117 5861 pa-

527 5852 702 5909 stione
727 5890 743 5920 ,
774 5860 833 5906 ut
874 5852 1141 5921 agrarium
1184 5853 1312 5914 illud
1358 5852 1495 5926 quo!
1528 5860 1667 5930 agris
1697 5861 2003 5930 imponitur.
2026 5852 2115 5921 ὐς

2236 4707 2302 4749 ex
2334 4708 2434 4749 axe
2474 4693 2711 4750 tenebris
2737 4739 2751 4763 ,
2786 4698 3063 4768 cognoscit
3094 4712 3153 4754 se
3182 4697 3286 4768 ipsi
3310 4700 3430 4755 vico
3467 4697 3821 4771 propinquum

2231 4778 2372 4844 inter
2400 4788 2628 4858 populos
2664 4789 2945 4862 divagari;
2987 4791 3291 4865 timensque
3339 4808 3408 4850 ne
3465 4793 3643 4851 scelus
3670 4808 3819 4851 suum

2231 4880 2514 4949 patefieret
2559 4882 2795 4953 publico,
2839 4882 2961 4939 eum
3010 4884 3223 4943 cautela
3248 4886 3439 4959 grandi
3468 4884 3739 4948 caballum
3767 4887 3819 4943 in

2229 4972 2349 5031 loco
2376 4976 2518 5033 unde
2548 4976 2820 5057 digressus
2847 4979 3025 5036 fuerat
3054 4981 3385 5039 reformavit.
3418 4982 3511 5042 Sic
3531 4983 3696 5040 miser
3718 4976 3817 5040 vir-

2232 5074 2346 5127 tute
2367 5068 2617 5139 Martyris
2652 5078 2763 5128 tota
2793 5081 2951 5130 nocte
2981 5074 3232 5133 detentus
3252 5079 3306 5133 in
3334 5076 3565 5134 circuitu
3590 5078 3714 5148 vici,
3741 5086 3817 5148 ct,

2227 5170 2288 5215 ut
2313 5174 2412 5231 ego
2441 5162 2605 5217 credo
2630 5203 2644 5229 ,
2677 5164 2745 5219 ab
2772 5175 2994 5220 auctore
3036 5166 3128 5236 qui
3157 5181 3279 5223 eum
3300 5166 3587 5226 obsederat
3617 5176 3699 5225 est
3725 5166 3815 5223 de-

2226 5253 2398 5323 lusus,
2452 5266 2509 5313 ut
2533 5259 2671 5313 viam
2702 5274 2862 5331 quam
2895 5262 3301 5331 apprehendere
3332 5264 3507 5321 voluit
3546 5277 3653 5320 non
3678 5260 3814 5318 vale-

2225 5359 2327 5407 ret.
2357 5350 2401 5408 0
2434 5352 2697 5408 scelerata
2740 5353 3006 5423 cupiditas
3036 5397 3051 5425 ,
3080 5357 3211 5428 quid
3251 5359 3405 5430 agis!
3436 5373 3653 5430 semper
3674 5369 3815 5413 ama-

2221 5448 2374 5500 tores
2400 5452 2522 5501 tuos
2561 5445 2615 5501 in
2659 5444 3033 5504 confusionem
3067 5451 3390 5521 praicipitas.

2223 5576 2317 5653 his
2334 5580 2555 5649 Bignon.
2584 5584 2638 5638 iu
2671 5583 3007 5653 Marculfum,
3042 5585 3201 5642 form.
3236 5585 3305 5638 55
3338 5564 3433 5643 lib.
3465 5604 3502 5641 ι.

2223 5651 2324 5779 ἅμα
2364 5656 2611 5735 ὶξιοινιιιιιθ
2665 5655 2791 5712 Mss.
2828 5697 2844 5723 ,
2905 5651 3013 5711 tam
3069 5660 3225 5729 longa
3278 5675 3389 5713 mos
3464 5668 3572 5714 erat
3632 5657 3814 5714 orandi

2262 5736 2447 5780 crotto.

2228 5840 2231 5843 ρ
2301 5808 2322 5837 ο
2364 5797 2533 5855 Laud.
2566 5814 2687 5856 cum
2711 5798 2895 5867 (Πίου,
2929 5800 3044 5857 Bal.
3074 5812 3123 5857 ct
3152 5802 3312 5869 Motu,
3347 5803 3512 5858 sancti
3542 5801 3707 5857 Petri.
