4072 6346
290 366 403 427 813

881 454 1108 513 CAPUT
1147 455 1295 511 XIX.

543 569 625 625 De
651 582 713 624 eo
735 566 825 639 qui
847 576 1053 638 propter
1087 566 1327 629 triantem
1359 565 1626 639 pejerarit.

362 688 530 764 835
556 686 784 757 Quidam
810 685 970 742 alteri
1013 668 1279 741 trientem;
1314 682 1660 755 perstiterat,
1718 692 1891 753 quem

296 781 631 855 interpositis
668 781 857 852 paucis
902 780 1093 837 diebus
1139 777 1364 851 recepit.
1387 779 1516 837 Post
1532 789 1732 835 annum
1751 788 1889 835 vero

296 879 354 936 in
384 877 522 934 atrio
550 870 734 934 Sancti
763 881 1029 931 convento
1074 872 1316 942 homine,
1359 885 1477 929 rem
1524 880 1677 928 suam
1728 868 1885 940 quasi

292 982 409 1028 non
454 969 749 1040 recepisset
792 965 898 1024 sibi
938 965 1091 1025 reddi
1112 962 1456 1038 deposcebat.
1485 965 1555 1020 At
1586 963 1681 1020 ille
1726 961 1883 1020 lete-1

296 1072 475 1135 stans,
513 1062 791 1121 asserebat
829 1074 892 1119 se
937 1060 1239 1118 reddidisse
1282 1064 1613 1129 susceptum.
1642 1053 1892 1126 Cumque

296 1156 604 1217 diutissime
630 1155 1021 1212 altercarentnr
1043 1192 1060 1220 ,
1094 1152 1184 1209 ille
1206 1151 1339 1222 ’qui‘
1363 1148 1672 1209 reddiderat
1699 1148 1774 1203 ait
1817 1145 1889 1205 ad

290 1255 510 1312 socium
541 1248 875 1322 :Usquequo
901 1255 1129 1319 uterque
1166 1243 1585 1303 contendimus?
1612 1242 1717 1298 sub
1741 1239 1886 1313 indi-5

294 1344 389 1403 ‘eio
412 1344 517 1400 hoe
543 1337 932 1412 omnipotentis
957 1340 1053 1396 Dei
1078 1344 1362 1410 ponamus.
1388 1335 1588 1392 Eamus
1614 1333 1682 1389 ad
1709 1338 1889 1389 sumus

290 1436 414 1494 tum
432 1434 681 1507 Martyris
699 1470 716 1500 ,
732 1438 807 1488 et
824 1431 970 1503 quod
992 1426 1104 1486 sub.
1118 1427 1447 1486 sacramenti
1470 1422 1889 1497 interpositione

302 1528 505 1587 dixeris
523 1567 542 1597 ,
570 1524 853 1584 discernat
889 1522 1061 1581 virtus
1090 1530 1275 1581 sancta
1306 1519 1547 1577 Patroni.
1575 1518 1653 1574 At
1671 1516 1766 1573 ille
1788 1526 1890 1573 nec

292 1614 575 1689 dubitans,
623 1620 1015 1691 ingressusque:
1058 1612 1404 1688 sepulcrum,-
1442 1614 1580 1670 dum
1631 1609 1891 1668 audacter

290 1715 479 1772 elevat
505 1722 698 1769 manus
726 1719 786 1768 ut
806 1711 1078 1782 pejeraret
1102 1707 1238 1782 [Al.,
1264 1702 1550 1779 perieret],
1572 1698 1890 1760 infeliciter

1044 354 1561 419 MIRACULORUM.
1604 353 1737 413 LIB.
1781 351 1845 408 ll.
1886 346 1979 405 DE
2003 347 2379 411 MIRACULIS
2421 351 2481 410 Β.
2524 352 2809 412 JULIANI.

3456 360 3575 422 ﬁt

1907 446 1956 508 Δ
1984 443 2185 502 lassum
2237 447 2579 507 obdormisse
2598 493 2615 520 ,
2647 466 2713 508 eo
2738 453 2879 525 quod
2911 453 3213 516 diutissime
3235 457 3579 537 circumiens,

1981 552 2104 596 cum
2135 538 2277 597 fasce
2304 540 2439 614 [Al.,
2461 541 2600 616 face]
2626 544 2925 617 basilicam,
2951 549 3151 608 ostium
3178 551 3323 613 unde
3340 552 3565 627 egrede-

1983 638 2135 691 retur
2162 633 2405 704 reperire
2428 649 2536 691 non
2566 636 2759 706 potuit.

2488 812 2489 815 η
2576 745 2805 807 CAPUT
2842 749 2985 812 XXI.

2162 856 2246 917 De
2269 872 2330 917 eo
2355 860 2449 930 qui
2483 862 2739 919 caballum
2762 864 2822 920 in
2851 867 3120 937 inlicitae
3144 869 3388 943 perdidit.

2022 1002 2025 1003 ν
2058 972 2226 1034 Multa
2253 976 2470 1048 quidem
2490 980 2544 1035 et
2570 979 2675 1037 alia
2694 982 2750 1039 in
2770 986 3269 1054 prmvaricatoribus
3298 989 3575 1063 ostendit:

1985 1068 2085 1128 sed
2114 1069 2246 1127 satis
2285 1067 2397 1127 sint
2430 1071 2534 1127 ista
2573 1073 2641 1129 ad
2682 1076 3036 1133 coercendam
3060 1078 3321 1137 desidiam
3354 1086 3577 1142 eorum.‘

1985 1159 2141 1219 Nunc
2167 1176 2298 1220 vero
2340 1164 2409 1221 ad
2454 1165 2646 1237 gaudia
2672 1169 3108 1242 prosperitatum,
3144 1180 3263 1246 qua:
3285 1164 3575 1251 larga'pie-

1988 1264 2101 1314 tate
2143 1265 2363 1330 praestat
2398 1259 2616 1331 populis
2641 1301 2657 1330 ,
2704 1271 3062 1325 revertamur.
3110 1266 3219 1325 Sed
3244 1280 3245 1283 ‘
3269 1272 3425 1339 prius.
3443 1271 3578 1330 illud

1988 1364 2096 1439 non
2148 1350 2385 1411 arbitror
2431 1354 2888 1425 pOStponendnm,
2937 1358 3080 1428 quod
3106 1371 3393 1431 expertum
3420 1366 3578 1439 valde

1989 1434 2365 1529 cognovimus,
2396 1444 2541 1525 quid
2582 1445 2639 1503 in
2675 1448 2838 1507 rebus
2882 1451 3108 1520 perditis
3136 1455 3281 1525 apud
3309 1456 3453 1515 hunc
3480 1434 3579 1531 pa-

1994 1543 2205 1606 tronum
2259 1534 2434 1602 ﬁdelis
2483 1537 2791 1611 deprecatio
2820 1554 3214 1617 consequatur:
3267 1565 3336 1629 ex
3385 1553 3577 1625 quibus~

1991 1636 2394 1717 unumtantum
2420 1644 2847 1692 commemorare
2874 1638 3076 1696 studui.
3102 1640 3185 1696 Ad
3228 1642 3577 1715 festivitatem

1992 1720 2141 1783 beati
2186 1724 2435 1798 Martyris
2469 1726 2694 1785 devotus
2722 1744 2927 1802 pauper
2952 1734 3264 1805 advenerat,
3295 1739 3582 1813 laxataque

303 1805 715 1876 miserirriguit.
745 1800 1056 1859 Haeretvox
1084 1801 1141 1857 in
1166 1798 1402 1873 gutture,
1430 1798 1617 1868 lingua
1638 1801 1887 1887 ederetur

1996 1818 2197 1909 equite,
2222 1833 2435 1895 sacram
2457 1820 2732 1893 ingressus
2755 1835 2840 1883 est
2864 1826 3059 1895 sedem,
3081 1843 3146 1888 ac
3170 1831 3367 1903 vigiliis
3386 1798 3582 1894 immo:

296 1901 465 1957 tur-in
517 1900 693 1969 fauce,
747 1897 923 1955 vibrat
966 1895 1107 1953 labia
1153 1900 1325 1951 vacua
1361 1904 1395 1949 a
1423 1896 1716 1985 sermone:
1770 1895 1889 1958 ipsa

1996 1906 2118 1969 bilis
2160 1911 2392 1978 instans,
2442 1922 2657 1971 noctem
2679 1929 2802 1973 cum
2838 1920 3056 1980 caeteris
3092 1895 3298 1979 orando
3334 1924 3578 1985 deduxit.

290 2004 520 2065 quoque
538 1989 776 2058 brachia,
819 1998 941 2062 quae
962 1989 1030 2045 ad
1075 1988 1140 2045 ad
1142 1988 1401 2060 jutorium
1423 1978 1883 2041 frustratimsacra‘a

290 2086 471 2143 V'menti
505 2082 793 2152 erexerat,
837 2094 1057 2154 prorsus
1080 2074 1361 2138 retrahere
1386 2087 1497 2136 non
1514 2077 1752 2135 vaiebat.
1802 2073 1887 2133 Ad

306 2178 422 2235 haec
460 2178 619 2249 vulgo
645 2176 942 2235 admirante
966 2216 982 2245 ,
1009 2167 1287 2245 publicato
1325 2171 1537 2229 scelere
1554 2209 1572 2241 ,
1590 2162 1891 2226 multitudo

305 2278 501 2326 cuncta
540 2269 760 2339 populi,
792 2280 1048 2324 unavoee
1070 2276 1452 2345 prorumpens,
1479 2260 1695 2319 Domini
1724 2258 1888 2315 mise-

306 2359 598 2417 ricordiam
648 2373 713 2415 ac
758 2358 900 2415 beati
950 2357 1197 2427 Martyris
1241 2354 1500 2412 auxilium
1546 2353 1887 2423 deprecatur.

307 2451 440 2508 Post
480 2460 709 2523 quatuor
732 2454 867 2507 vero
900 2456 1090 2506 aut'eo
1131 2438 1359 2519 amplius
1388 2445 1553 2503 horas
1576 2444 1645 2501 ad
1672 2456 1890 2502 sensum

305 2558 606 2618 regressus,
633 2543 779 2616 quod
795 2541 1292 2617 injusterepetebat
1310 2538 1525 2612 publica
1545 2536 1892 2601 confessione

305 2638 583 2712 patefecit,
601 2645 658 2697 et
690 2637 772 2695 sic
812 2649 980 2693 sanus
1002 2626 1287 2698 abscessit.

908 2774 1136 2836 CAPUT
1172 2772 1290 2834 XX.

453 2889 534 2948 De
553 2907 611 2949 eo
638 2890 725 2964 qui
752 2889 1018 2947 basilicam
1055 2896 1286 2946 sanctam
1313 2889 1458 2961 furto
1485 2887 1745 2961 spoliavit.

382 3003 538 3075 Saepe
557 3002 676 3061 haec
721 3003 815 3062 ille
854 3003 1100 3061 audierat
1143 3002 1237 3075 qui
1284 3003 1522 3061 basilicae
1549 3010 1753 3062 sanctze
1780 3001 1895 3060 vio-

309 3096 531 3156 lentiam
556 3096 756 3167 intulit,
807 3097 905 3155 sed
942 3097 1183 3169 iniquam
1218 3104 1456 3155 mentem
1503 3096 1674 3155 semel
1715 3096 1897 3154 obses-

311 3203 428 3248 sam
452 3189 605 3257 vitio,
633 3188 851 3246 bonitas
877 3188 1089 3245 mollire
1112 3201 1224 3245 non
1244 3189 1448 3260 potuit,
1487 3188 1779 3252 Salomone
1797 3186 1893 3244 ob-

316 3289 547 3340 testante
578 3298 592 3338 :
624 3281 693 3338 In
720 3283 976 3339 malevola
1003 3282 1178 3338 anima
1204 3298 1307 3338 non
1334 3282 1621 3355 ingreditur
1639 3280 1921 3354 sapientia

313 3374 537 3448 (Sap.r,
583 3374 668 3447 4).
717 3376 1026 3433 Advenerat
1069 3375 1332 3433 festivitas
1383 3374 1613 3444 Sancti,
1659 3382 1716 3431 et
1768 3389 1897 3435 ecce

294 3462 531 3544 quidam
559 3486 592 3530 e
635 3474 834 3543 populo
875 3472 1220 3543 conspicatur
1248 3472 1581 3529 ornamentis
1616 3470 1898 3530 immensis

312 3561 527 3621 beatam
600 3563 880 3626 basilicam
945 3561 1223 3634 effulgere.
1295 3560 1641 3633 Concupiscit
1714 3561 1897 3635 iniqua

314 3662 495 3714 ments
522 3654 666 3728 quod
693 3656 998 3727 adipiscens
1027 3671 1133 3713 non
1164 3662 1377 3729 poterat
1405 3656 1703 3715 occultare.
1729 3655 1896 3728 Igitur

286 3800 289 3801 ν
319 3747 632 3806 discedente
669 3750 869 3822 populo
897 3764 929 3806 a
957 3749 1179 3807 basilica
1222 3759 1346 3822 post
1370 3751 1601 3822 gratiam
1625 3750 1897 3822 vesperti-

316 3854 445 3896 nam
466 3879 484 3907 ,
507 3839 601 3896 hic
626 3854 687 3897 se
709 3841 768 3898 in
792 3840 987 3914 angulo
1028 3841 1268 3899 basilica:
1301 3842 1607 3914 reprimens
1647 3842 1898 3913 latitavit,

290 3948 383 3990 ac
409 3932 539 3989 dato
566 3933 775 3990 cunctis
819 3943 1083 3992 nocturna
1131 3934 1313 4005 quiete
1362 3935 1607 4004 silentio,
1651 3936 1741 3994 vel
1767 3950 1900 4007 ope.-

286 4062 289 4089 ρ
317 4024 494 4083 riente
520 4023 775 4083 umbrosa
800 4024 1025 4099 caligine
1052 4026 1312 4082 mundum
1330 4066 1350 4098 ,
1379 4026 1658 4098 consurgit
1704 4027 1774 4085 ab
1801 4042 1901 4085 an-

316 4118 467 4191 gulo,
515 4117 680 4191 865
725 4126 781 4175 et
808 4117 941 4175 nihil
976 4117 1232 4176 dubitans
1256 4160 1274 4188 ,
1303 4120 1491 4191 utique
1516 4119 1643 4191 quia
1666 4120 1901 4179 satellite

318 4209 519 4268 Satana
558 4210 957 4280 impellebatur,
986 4226 1150 4282 super
1175 4211 1473 4269 cancellum
1498 4212 1643 4269 beati
1666 4214 1903 4287 sepulcri

321 4317 485 4362 cursu
515 4304 743 4375 prosiliit
762 4303 973 4372 rapido,
998 4304 1401 4377 detractamque
1423 4320 1455 4361 a
1480 4318 1698 4363 summo
1738 4320 1905 4365 unam

326 4397 554 4471 gemmis
592 4398 996 4455 coruscantihus
1023 4412 1240 4455 crucem
1262 4407 1290 4437 ι
1312 4437 1331 4468 ,
1359 4398 1430 4454 ad
1451 4405 1652 4455 terram
1678 4398 1902 4471 deiecit,

327 4490 677 4563 collectisque
709 4490 895 4547 velulis
940 4504 1005 4547 ac
1034 4489 1265 4562 palliolis
1294 4491 1360 4547 de
1389 4490 1617 4547 circuitu
1637 4491 1905 4562 parietum

325 4587 700 4658 pendentibus,
720 4601 888 4642 unum
937 4584 1205 4642 voluclum
1231 4583 1380 4652 facit,
1423 4585 1782 4658 imposuitque
1806 4587 1921 4643 hu-

286 4682 299 4716 ἰ
324 4677 511 4748 tueris,
537 4686 603 4735 ae
622 4678 825 4735 elevata
867 4690 1030 4736 cruce
1082 4690 1243 4734 manu
1269 4718 1284 4747 ,
1314 4682 1495 4736 locum
1537 4677 1680 4735 unde
1707 4677 1910 4736 disces-

324 4780 474 4829 serat
494 4774 716 4844 repetit,
746 4785 809 4830 ac
829 4774 1003 4844 posita
1021 4770 1184 4843 capiti
1209 4775 1421 4831 sarcina
1440 4815 1460 4843 ,
1484 4774 1690 4846 peccati
1710 4788 1908 4847 sopore

331 4876 696 4937 compressus,
723 4866 1066 4924 obdormivit.
1096 4867 1270 4925 Media
1317 4880 1448 4925 vero
1491 4876 1653 4927 nocte
1678 4869 1910 4927 circum-

286 4969 299 4977 ’
338 4966 529 5017 euntes
587 4960 839 5015 custodes
900 4968 1141 5016 sanctam
1201 4962 1479 5018 basilicam
1545 4956 1811 5032 aspiciunt
1850 4962 1909 5017 in

333 5048 530 5118 angulo
553 5062 717 5103 unam
728 5060 997 5118 gemmam
1016 5051 1209 5117 crucis,
1242 5058 1489 5122 tanquam
1513 5051 1672 5121 iubar
1690 5050 1914 5109 cteleste

332 5139 638 5210 refulgere:
694 5137 1051 5208 obstupefacti
1104 5140 1369 5196 accedunt
1393 5141 1642 5197 cominus
1686 5155 1813 5198 cum
1842 5140 1913 5197 ti-

338 5240 511 5303 more,
564 5233 887 5305 admotoque
908 5246 1086 5302 cerco,
1137 5235 1416 5291 inveniunt
1465 5249 1750 5306 personam
1781 5246 1907 5296 cum

336 5327 497 5383 rebus
522 5328 707 5384 furatis
729 5367 745 5395 ,
778 5340 910 5398 quas
941 5325 1151 5383 auferre
1176 5339 1280 5381 non
1309 5335 1577 5397 potuerat,
1601 5329 1732 5387 inibi
1751 5329 1911 5390 decu.

335 5416 486 5473 bare.
512 5418 748 5490 Denique
768 5420 867 5477 sub
888 5418 1130 5476 custodia
1158 5434 1284 5476 eum
1303 5421 1393 5478 illa
1421 5432 1576 5478 nocte
1608 5424 1911 5497 detentum,

339 5517 499 5563 mane
518 5504 681 5575 laeto,
696 5519 884 5568 cuncta
906 5524 1025 5580 qua:
1053 5511 1255 5568 fecerat
1276 5511 1550 5583 patefecit,
1577 5529 1830 5574 asserens
1850 5533 1912 5578 se

341 5666 370 5700 η’
418 5674 445 5702 ιι
483 5665 537 5742 l_n
570 5665 888 5742 cibariorum
920 5684 1037 5742 qua:
1088 5686 1245 5742 supra
1274 5673 1457 5729 altaria
1483 5682 1577 5728 aut
1606 5683 1911 5734 sanctorum
1988 5658 1993 5663 l

294 5796 295 5799 η
338 5738 571 5813 tumulos
615 5740 851 5813 construi
878 5738 1447 5813 splebantéummitatc
1488 5762 1617 5801 crux
1664 5748 1911 5813 impone-

296 5872 299 5875 _
338 5807 515 5893 batur,
543 5825 645 5878 qua
690 5810 758 5893 de
786 5823 844 5865 re
869 5812 1019 5893 plura
1052 5816 1210 5874 habet
1242 5817 1510 5875 fdabillon.
1537 5818 1630 5877 lib.
1657 5834 1675 5875 1
1704 5807 1905 5893 Liturg.

339 5876 523 5936 Gallic.
562 5876 679 5951 cap.
710 5880 761 5950 8,
790 5896 842 5937 υ.
870 5881 922 5936 '2’.
1060 5896 1065 5901 ·
1134 5895 1140 5901 ’

1993 2003 2343 2089 illucescente
2368 2019 2498 2064 vero
2533 2008 2674 2067 coelo
2699 2008 2767 2066 ad
2789 2019 3047 2070 metatum
3071 2028 3373 2089 regressus,
3399 2020 3583 2079 cabal-

1993 2094 2107 2153 lum
2159 2111 2321 2168 quem
2364 2090 2655 2171 reliquerat
2701 2114 2813 2157 non
2865 2103 3074 2163 invenit
3129 2123 3146 2163 :
3192 2111 3585 2185 quaesitumque

1990 2191 2323 2279 diutissime,
2352 2208 2453 2253 nec
2480 2194 2629 2273 signa
2671 2196 2893 2268 quidem
2918 2213 3081 2271 quam
3118 2202 3176 2259 in
3227 2214 3437 2275 partem
3461 2208 3583 2274 dies

1992 2284 2250 2351 cessisset
2302 2285 2536 2356 agnovit.
2590 2286 2882 2346 Transacto
2928 2291 3092 2363 igitur
3136 2293 3325 2367 biduo,
3347 2303 3585 2364 recurrit

1986 2376 2192 2459 iterum
2220 2392 2317 2449 per
2344 2379 2516 2437 saltus
2539 2421 2561 2452 ,
2606 2389 2950 2452 perscrutans
2984 2386 3231 2446 locorum
3281 2392 3451 2466 βω
3495 2396 3585 2454 in.

1988 2470 2162 2562 colas,
2186 2471 2236 2528 si
2258 2469 2413 2562 forte
2432 2472 2625 2545 aliquis
2668 2484 2762 2531 aut
2810 2485 3021 2535 teneret
3060 2487 3308 2553 captum,
3337 2494 3435 2546 aut
3460 2492 3585 2562 capi

1986 2561 2217 2639 vidisset
2242 2561 2311 2620 ab
2342 2562 2542 2635 aliquo.
2588 2564 2805 2623 Nullum
2834 2568 3035 2628 dehinc
3076 2570 3266 2630 indicii
3299 2561 3587 2649 genusre-

1894 2738 1897 2741 ‘
1991 2652 2231 2726 pariens,
2280 2656 2472 2715 anxius
2508 2665 2672 2730 atque
2696 2668 2924 2718 maestus
2951 2661 3022 2720 ad
3058 2665 3366 2737 sepulcrum
3397 2670 3587 2732 Sancti

1992 2748 2318 2821 regreditur,
2348 2749 2533 2823 ibique
2569 2766 2758 2811 causas
2780 2754 2987 2814 doloris
3014 2769 3080 2814 ac
3117 2761 3372 2821 maeroris
3416 2778 3586 2837 expo-

1990 2853 2154 2911 nens,
2180 2840 2358 2899 aiebat
2381 2858 2398 2899 :
2420 2841 2506 2911 Ad
2527 2852 2641 2912 tua,
2670 2844 2891 2917 Sancte,
2908 2848 3093 2907 limina
3107 2852 3254 2924 veni,
3275 2853 3410 2913 nihil
3435 2857 3585 2918 aliud

1993 2948 2157 3007 quam
2206 2936 2487 3008 parvitatis
2540 2952 2678 2996 meae
2714 2946 2840 2997 vota
2882 2940 3145 3001 deferre:
3183 2943 3338 3005 ‘nihil
3383 2948 3586 3021 injuste

1993 3029 2217 3100 abstuli,
2273 3030 2407 3089 nihil
2432 3032 2576 3105 gessi
2606 3030 2883 3106 indignum
2912 3042 3003 3094 tua
3045 3038 3424 3112 solemnitate;
3449 3058 3587 3117 cur,

1994 3123 2237 3195 inquam,
2266 3122 2477 3195 perdidi
2505 3139 2623 3183 rem
2641 3126 2855 3184 meam?
2880 3126 3035 3201 Rogo
3063 3138 3123 3188 ut
3139 3132 3394 3192 restituas
3417 3137 3587 3195 amis-

1916 3228 1976 3298 (⁸,
2001 3233 2145 3291 sum,
2162 3226 2226 3275 ut
2252 3219 2620 3278 necessarium
2641 3218 2858 3279 reddas.
2879 3220 3010 3281 Hinc
3034 3223 3167 3282 ﬂetu
3188 3225 3373 3284 addito
3396 3228 3551 3286 aiens
3568 3269 3591 3301 ,

1988 3324 2062 3374 ut
2078 3328 2331 3387 egressus
2356 3323 2443 3372 est
2470 3314 2753 3387 templum,
2769 3317 3041 3389 conspicit
3064 3318 3276 3378 eminus
3298 3336 3331 3379 a
3355 3322 3590 3396 quodam

1998 3412 2118 3483 viro
2142 3424 2300 3470 suum
2315 3409 2552 3481 equitem
2581 3409 2823 3468 retineri.
2851 3409 2939 3468 Ad
2962 3426 3124 3484 quem
3144 3415 3434 3485 accedens,
3457 3415 3589 3475 dum

1997 3504 2225 3563 discutit
2250 3503 2396 3561 unde
2422 3503 2513 3574 sit,
2544 3512 2637 3561 aut
2664 3503 2808 3563 unde
2826 3506 3073 3576 venerit,
3103 3514 3199 3565 aut
3223 3520 3293 3565 ex
3315 3521 3424 3580 quo
3450 3516 3592 3566 tem-

2002 3614 2139 3672 pore
2179 3599 2325 3658 hunc
2364 3599 2560 3658 habeat
2603 3614 2825 3672 equum,
2879 3598 3070 3659 didicit
3118 3601 3239 3674 ipsa
3294 3601 3428 3659 hora
3464 3617 3590 3661 eum

2000 3693 2171 3752 fuisse
2196 3700 2488 3766 repertum,
2539 3708 2646 3768 qua
2673 3694 2766 3753 ille
2812 3693 2954 3753 beati
3007 3692 3257 3768 Martyris
3279 3694 3591 3768 imploravit

2000 3786 2283 3847 auxilium.

2583 3875 2814 3937 CAPUT
2848 3877 3021 3938 XXII.

2499 3993 2580 4051 De
2614 4008 2751 4051 circa
2782 3993 3095 4051 illuminato.

2078 4111 2211 4171 Cum
2239 4118 2419 4169 autem
2458 4112 2676 4185 quidam
2705 4112 2776 4169 ab
2819 4125 2887 4170 eo
2914 4111 3035 4169 loco
3067 4125 3165 4185 per
3184 4110 3458 4169 incursum
3480 4108 3594 4168 dia-

2006 4204 2245 4263 bolicum
2264 4203 2480 4264 oculum
2504 4202 2860 4277 perdidisset,
2885 4212 2943 4262 et
2968 4203 3034 4260 ad
3057 4203 3407 4275 hospitiolum
3434 4217 3596 4261 suum

2007 4299 2259 4357 viduatus
2298 4298 2504 4356 lumine
2546 4296 2833 4357 infeliciter
2888 4296 3174 4368 resideret,
3228 4311 3294 4354 ac
3345 4296 3597 4354 manibus

2007 4390 2243 4463 propriis
2254 4389 2388 4449 nihil
2399 4390 2647 4449 laborare
2667 4388 2981 4463 praevalens,
3004 4401 3158 4463 spem
3178 4387 3343 4447 ullam
3358 4384 3599 4445 alimonii

1998 4482 2119 4540 non
2147 4481 2401 4551 haberet;
2432 4482 2682 4555 apparuit
2705 4482 2755 4539 ei
2782 4482 2866 4540 vir
2884 4482 2943 4539 in
2970 4483 3086 4539 visu
3107 4482 3318 4553 noctis,
3348 4494 3597 4540 commo-

2010 4591 2149 4636 nens
2193 4585 2256 4635 ut
2302 4577 2372 4635 ad
2417 4576 2561 4636 beati
2607 4575 2884 4634 basilicam
2930 4575 3262 4643 ambularet;
3294 4574 3519 4647 ibique,
3546 4573 3599 4632 si

2016 4668 2212 4730 devote
2242 4679 2507 4743 suggerat,
2538 4670 2806 4742 promittit
2836 4670 3094 4727 auxilium
3120 4668 3372 4727 inveniri.
3410 4664 3603 4724 Atille

1988 4756 1989 4759 “
2015 4763 2152 4821 nihil
2174 4775 2412 4821 moratus
2427 4804 2445 4833 ,
2468 4772 2683 4834 arrepto
2702 4764 2898 4820 baculo
2913 4802 2931 4831 ,
2960 4760 3379 4819 adminiculante
3406 4771 3602 4837 puero,

2015 4864 2259 4912 sanctum
2310 4856 2582 4926 ingressus
2619 4864 2705 4911 est
2750 4853 2948 4911 locum.
2989 4852 3091 4923 Qui
3131 4858 3250 4923 post
3276 4848 3603 4921 completam

2017 4948 2318 5002 orationem
2336 4946 2862 5018 archipresbyterum
2882 4943 2937 5015 ι’,
2963 4945 3054 5015 qui
3073 4952 3204 5000 tunc
3224 4941 3401 4999 locum
3420 4939 3603 5011 ipsum

2019 5039 2263 5109 regebat,
2293 5036 2509 5092 nomine
2559 5034 2901 5103 Publianum,
2939 5033 3127 5099 adivit,
3185 5031 3493 5103 supplicans
3543 5037 3606 5086 ut

2020 5130 2190 5189 oculis
2217 5130 2373 5187 caecis
2421 5127 2623 5186 Christi
2665 5140 2884 5185 crucem
2921 5127 3248 5198 imponeret.
3297 5124 3427 5181 Erat
3453 5122 3604 5182 enim

2022 5226 2179 5285 valde
2204 5225 2499 5297 religiosus.
2557 5222 2713 5292 Quod
2756 5223 2850 5283 ille
2870 5222 2997 5280 dum
3032 5221 3343 5293 iactantiam
3369 5208 3606 5277 evadere

2020 5324 2165 5395 cupit
2188 5323 2415 5390 evitans,
2446 5328 2660 5378 tenetur
2678 5335 2709 5376 a
2730 5334 2898 5389 caeco,
2924 5332 3025 5377 nec
3052 5316 3273 5375 omnino
3297 5312 3604 5383 dimittitur,

2021 5419 2125 5477 nisi
2151 5431 2269 5491 quae
2314 5415 2529 5487 petebat
2575 5413 2912 5485 adimpleret.
2956 5410 3112 5468 Tunc
3158 5410 3251 5468 ille
3301 5412 3606 5482 prostratus

2021 5506 2148 5568 ante
2174 5509 2477 5581 sepulcrum
2527 5505 2831 5565 diutissime
2869 5503 3119 5577 Martyris
3166 5512 3250 5561 est
3291 5499 3606 5573 suliragium

2068 5670 2123 5727 ηδ
2161 5672 2278 5729 Jam
2303 5671 2502 5745 itaque
2528 5676 2657 5725 tunc
2695 5675 2850 5745 erant
2883 5666 2939 5723 in
2968 5666 3102 5745 vicis
3128 5658 3604 5745 archipresbyteri.

1990 5792 1991 5795 η
2024 5745 2102 5801 De
2129 5758 2313 5801 corum
2342 5742 2535 5799 officiis
2556 5780 2575 5809 ,
2606 5750 2712 5798 etc.
2737 5777 2758 5808 ,
2799 5741 2916 5796 fuse
2962 5738 3177 5805 disserit
3214 5738 3608 5793 Thomassinus

2023 5818 2327 5891 Disciplina:
2354 5817 2547 5876 oculos.
2582 5822 2735 5886 parte
2762 5826 2802 5883 ι,
2832 5811 2925 5873 lib.
2950 5827 3005 5884 η,
3032 5825 3152 5883 cap.
3174 5810 3206 5868 5
3229 5816 3282 5868 ct
3306 5823 3457 5880 seqq.

3584 5967 3639 5981 ,ιο
