4072 6346
557 327 663 389 315
1584 328 1651 387 S.
1686 326 2021 390 GREGORII
2063 324 2374 388 EPlSCOPI
2410 330 2844 395 TURONENSIS
3756 342 3877 402 816

553 440 871 511 deprecatus
898 455 913 494 :
952 437 1178 507 deinde,
1210 438 1478 496 admotam
1518 442 1691 498 oculis
1720 445 1881 499 caecis
1902 460 2141 512 manum.
2172 441 2231 505 Δ
2251 446 2553 515 agentibus,
2598 449 2787 506 Petrus
2837 449 3005 508 frater
3049 463 3201 510 meus
3237 455 3419 512 senior
3444 456 3512 514 ab
3541 458 3758 518 ardore
3787 462 3879 522 fe-

553 532 800 605 protinus
829 542 885 586 ut
912 532 1120 601 signum
1148 532 1325 587 crucis
1358 533 1608 602 imposuit
1627 575 1642 599 ,
1674 536 1843 590 visum
1869 536 1971 593 iste
1992 553 2139 593 rece-

552 624 652 696 pit.
681 624 1053 689 Admiramini,
1082 640 1265 694 quaeso
1284 666 1299 691 ,
1324 626 1575 683 virtutem
1609 627 1877 699 Martyris,
1901 628 1987 684 cui
2015 645 2140 686 eum

550 729 740 787 parum
771 717 840 771 sit
870 731 965 785 per
988 732 1050 774 se
1071 733 1332 775 exercere
1364 722 1619 777 miracula
1638 763 1656 791 ,
1686 738 1825 777 nunc
1850 725 2013 779 etiam
2045 740 2141 794 per

550 808 1151 878 manusdiscipulorum
1176 809 1545 884 ,'astipulante
1573 815 1785 871 virtutis
1828 818 1990 889 867
2028 833 2142 873 sua:

550 898 761 969 favore,
788 901 1002 971 publice
1050 915 1324 975 operatur.
1357 907 1465 963 Sed
1504 922 1605 965 nec
1624 908 1873 965 meritum
1894 909 2140 981 discipuli

548 991 652 1053 fuit
678 994 926 1068 exiguum
945 1034 965 1066 ,
991 996 1077 1054 cui
1100 997 1217 1054 haec
1243 999 1477 1070 praestita
1508 1015 1633 1059 esse
1661 1012 1973 1061 cernuntur.

1118 1111 1350 1191 carur
1386 1113 1572 1170 χχιιι.

697 1222 778 1278 De
796 1222 925 1295 pede
946 1222 1088 1279 Galli
1112 1262 1130 1291 ,
1160 1226 1489 1296 postmodum
1515 1228 1761 1300 episcopi,
1793 1238 1995 1285 sanato.

628 1339 758 1396 Erat
796 1341 946 1397 enim
989 1350 1115 1398 tunc
1143 1344 1398 1415 temporis
1440 1344 1579 1414 apud
1610 1345 1794 1402 urbem
1842 1348 2139 1403 Arvernam

549 1440 775 1503 patruus
813 1448 1000 1500 meus,
1048 1434 1231 1492 Gallus
1269 1438 1551 1507 episcopus
1590 1436 1742 1511 (Viti.
1784 1438 1889 1494 Vit.
1924 1440 2141 1495 Patrum

552 1537 670 1592 cap.
694 1523 816 1592 6.),
848 1523 913 1578 de
942 1540 1048 1595 quo
1074 1540 1177 1581 non
1209 1527 1421 1582 videtur
1445 1528 1618 1583 omitti
1673 1530 1903 1599 qualiter
1931 1531 1983 1586 in
2012 1531 2142 1586 ado-

555 1610 814 1669 lescentia
843 1629 939 1669 sua
986 1616 1143 1672 fuerit
1171 1632 1200 1673 a
1225 1618 1407 1675 Sancti
1438 1622 1635 1677 virtute
1661 1622 1901 1692 juvatus.
1932 1623 1997 1679 Et
2019 1626 2143 1695 quia

554 1706 761 1775 saepius
799 1712 1211 1765 commemoravi
1252 1712 1409 1782 quale
1449 1714 1716 1770 excidium
1753 1718 2008 1771 Arverna:
2055 1732 2141 1773 re-

560 1796 709 1868 gioni
732 1812 825 1854 rex
866 1797 1231 1856 Theodericus
1259 1801 1539 1872 intulerit,
1568 1818 1687 1859 cum
1719 1820 1893 1874 neque
1922 1806 2140 1876 majori—
2174 1831 2223 1895 Β

550 1888 685 1959 bus,
714 1906 886 1963 neque
912 1893 1209 1948 minoribus
1234 1905 1360 1948 natu
1387 1896 1587 1965 aliquid
1615 1897 1684 1953 de
1713 1898 1873 1954 rebus
1902 1901 2141 1971 propriis
2175 1888 2217 1895 —
2245 1888 2554 2001 *ρ

549 1991 640 2038 est
668 1984 911 2041 relictum
938 2026 952 2051 ,
1007 1995 1204 2055 prteter
1259 1995 1456 2044 terram
1486 2005 1730 2061 vacuam,
1763 2008 1921 2063 quam
1949 2010 2135 2051 secum

549 2070 768 2129 barbari
792 2077 932 2132 ferre
954 2093 1059 2132 non
1080 2086 1326 2148 peterent
1350 2098 1365 2148 ;
1398 2080 1479 2136 bis
1505 2098 1634 2154 ergo
1659 2086 1992 2157 temporibus
2019 2089 2139 2161 glo-

540 2163 708 2219 riosus
735 2167 1013 2222 memorias
1053 2177 1275 2238 patruus
1320 2185 1475 2229 meus
1502 2212 1519 2237 ,
1558 2174 1649 2245 qui
1681 2187 1889 2246 postea,
1924 2188 1981 2235 ut
2005 2179 2138 2247 dixi,

548 2258 869 2315 sacerdotali
901 2259 1047 2316 fasce
1071 2259 1369 2319 Arvernam
1398 2266 1537 2322 rexit
1560 2267 1875 2336 Ecclesiam,
1908 2270 2141 2339 pupillus

545 2357 690 2416 erat,
720 2350 872 2421 cujus
898 2350 1177 2411 facultates
1209 2356 1281 2412 ita
1306 2356 1530 2429 direpta:
1558 2368 1686 2417 sunt
1702 2362 1771 2418 ab
1795 2366 2055 2431 exercitu,
2082 2373 2140 2421 ut
2242 2356 2249 2363 ’

543 2438 948 2512 nibinrorsus
994 2458 1299 2503 remaneret
1347 2451 1402 2506 in
1451 2464 1723 2523 promptu.
1764 2455 1884 2522 ipse
1925 2468 2137 2528 quoque

545 2544 669 2585 cum
722 2547 831 2589 uno
885 2545 1087 2592 tantum
1147 2541 1372 2607 puerulo
1427 2558 1595 2613 usque
1653 2546 1721 2601 ad
1772 2547 2137 2606 Brivatensem

544 2623 724 2678 vicum
756 2626 1070 2701 plerumque
1098 2632 1291 2689 itinere
1320 2638 1554 2705 pedestri
1595 2638 1951 2703 discurrebat.
1982 2643 2138 2700 Acci-

446 2704 448 2706 ’
547 2714 628 2769 dit
654 2726 832 2773 autem
861 2720 1089 2788 quodam
1115 2704 1376 2791 tempore,
1407 2726 1537 2781 dum
1570 2728 1671 2785 hoc
1699 2732 1800 2786 iter
1820 2740 2041 2802 tereret,
2078 2745 2137 2793 ut

540 2804 738 2863 hxatis
769 2825 879 2880 pra:
904 2816 1086 2869 calore
1114 2815 1244 2871 solis
1271 2818 1673 2890 calceamentis,
1708 2824 1849 2877 nuda
1880 2826 2134 2885 incedens

544 2898 751 2969 planta,
781 2902 1231 2962 sudem'calcaret
1274 2910 1537 2978 spineam,
1566 2913 1657 2983 qui
1679 2922 1705 2952 α
1740 2924 1863 2971 tunc
1889 2917 2133 2973 fortassis

543 2990 749 3055 incisus
786 2996 961 3051 adhuc
1016 3006 1173 3053 terrae
1215 3001 1445 3066 inserens,
1488 3017 1669 3061 erecto
1707 3011 1952 3066 acumine
1993 3013 2133 3068 inter

541 3082 738 3141 herbas
763 3087 957 3144 virides
986 3090 1248 3147 latitabat.
1276 3094 1376 3158 Qui
1404 3095 1609 3151 delirus
1641 3098 1834 3167 plantae
1862 3112 1914 3155 et
1940 3117 2131 3171 super-

2244 535 2417 592 brium
2449 550 2763 609 occupatur,
2814 553 2868 599 et
2921 552 3026 599 tam
3057 548 3295 618 graviter
3336 551 3444 620 agit
3492 551 3541 620 5,
3584 565 3645 611 ut
3672 571 3875 628 neque

2244 634 2426 705 vigere
2446 676 2462 702 ,
2494 652 2668 708 neque
2696 638 2873 694 cibum
2906 654 3121 698 sumere
3143 655 3329 713 posset
3362 664 3375 699 :
3404 655 3690 719 totumque
3726 652 3871 709 illud

2243 726 2346 783 iter
2372 743 2493 785 cum
2524 731 2713 802 grandi
2761 734 2937 803 agitur
2964 751 3200 794 maerore
3222 781 3237 806 ,
3270 748 3328 796 et
3360 741 3418 796 in
3437 741 3747 801 discrimen
3774 763 3873 805 res

2246 822 2493 888 vertitur,
2550 832 2725 887 utrum
2770 826 3113 884 convalescat
3163 841 3257 887 aut
3310 834 3441 905 [Αι.,
3489 836 3585 909 an]
3640 850 3869 913 pereat.

2245 912 2488 983 Denique
2509 930 2630 971 cum
2654 916 2759 974 isto
2781 918 2961 977 labore
2985 926 3297 991 pervenitur
3315 927 3383 983 ad
3414 929 3590 985 locum
3616 912 3874 1005 {ingre-

2242 1002 2421 1061 dimur
2448 1006 2754 1080 basilicam,
2802 1013 3091 1071 adoramus
3116 1020 3449 1077 sacrosancti
3479 1002 3868 1094 Martyrisvse-

2242 1099 2545 1171 pulturam;
2579 1107 2936 1173 prosternitur
2965 1117 3022 1164 et
3050 1120 3285 1180 aegrotus
3317 1113 3370 1169 in
3393 1116 3737 1185 pavimento,
3765 1119 3868 1175 de-

2243 1206 2471 1263 precans
2500 1196 2765 1254 medelam
2794 1214 2824 1255 a
2869 1199 3102 1273 Martyre
3126 1203 3393 1275 glorioso.
3441 1207 3568 1263 Post
3607 1210 3868 1280 comple-

2244 1292 2352 1340 tam
2384 1300 2513 1343 vero
2566 1290 2866 1348 orationem
2889 1332 2906 1359 ,
2940 1292 3008 1347 ad
3041 1303 3300 1351 metatum
3342 1312 3648 1369 regressus,
3681 1300 3863 1359 febris

2244 1378 2520 1448 paululum
2566 1384 2879 1453 conquievit
2907 1404 2922 1442 :
2953 1387 3209 1445 veniente
3250 1399 3431 1451 autem
3457 1402 3642 1459 nocte,
3692 1397 3863 1454 nobis

2244 1470 2312 1525 ad
2345 1471 2554 1541 vigilias
2586 1476 3019 1546 properantibus,
3052 1488 3205 1550 rogat
3230 1495 3290 1536 se
3314 1490 3370 1537 et
3399 1481 3490 1538 ille
3508 1483 3742 1551 deferri,
3772 1488 3861 1542 in-

2246 1562 2612 1635 cumbensque
2649 1577 2778 1624 ante
2821 1568 3152 1638 sepulcrum,
3210 1579 3324 1627 tota
3380 1582 3537 1630 nocte
3593 1574 3858 1648 Martyris

2244 1654 2561 1735 suffragium
2615 1658 2959 1731 deprecatur.
3020 1664 3241 1722 Exactis
3315 1667 3510 1725 deinde
3564 1675 3858 1731 nocturnis

2248 1750 2491 1805 excubiis
2510 1791 2527 1819 ,
2558 1765 2710 1824 rogat
2738 1764 2797 1809 ut
2828 1756 2896 1812 de
2918 1757 3142 1828 pulvere
3186 1761 3279 1832 qui
3307 1762 3453 1819 circa
3483 1764 3700 1821 beatum
3735 1778 3856 1825 erat

2556 1842 2787 1901 collecto
2820 1845 2903 1902 vel
2932 1849 3075 1917 potui
3099 1850 3312 1915 darent.
3338 1853 3423 1908 vel
3439 1854 3582 1910 collo
3607 1871 3851 1928 suspen-

2556 1946 2625 1990 uo
2673 1934 2839 2003 facto,
2894 1939 2969 1995 ita
3020 1943 3198 1999 omnis
3243 1944 3409 2001 ardor
3448 1945 3680 2005 febrium
3709 1966 3851 2009 eon-

2240 2028 2464 2099 quievit,
2495 2031 2702 2101 utipsa
2724 2032 2814 2091 die
2855 2042 2913 2091 et
2934 2035 3113 2094 cibum
3164 2049 3382 2110 caperet
3431 2041 3724 2105 incolumis
3749 2090 3767 2115 ,
3796 2058 3852 2107 et

2241 2122 2334 2181 ubi
2370 2124 2660 2186 delectatio
2680 2128 2938 2188 vertisset
2960 2130 3201 2190 animum
3230 2134 3554 2195 ambularet.

2813 2262 3041 2323 CAPUT
3082 2265 3253 2323 XXV.

2718 2396 2799 2454 De
2818 2398 2917 2455 mei
2940 2400 3125 2472 capitis
3147 2402 3349 2459 dolore.

2310 2528 2567 2600 Sequenti
2595 2544 2724 2587 vero
2755 2532 3066 2603 festivitate,
3098 2537 3229 2592 dum
3260 2537 3454 2596 iterum
3484 2556 3609 2597 eum
3642 2558 3839 2616 magno

2237 2623 2431 2691 gaudio
2481 2624 2547 2677 ad
2595 2635 2833 2680 sanctam
2869 2642 3280 2697 properaremus
3328 2631 3648 2703 basilicam,
3700 2637 3832 2692 mihi

2238 2726 2401 2781 caput
2453 2730 2479 2766 a
2511 2714 2626 2771 sole
2677 2731 2993 2786 percussum
3035 2720 3268 2789 graviter
3293 2722 3477 2779 dolere
3502 2727 3667 2794 coepit
3699 2746 3714 2779 :
3747 2729 3836 2797 qui

2238 2809 2392 2866 dolor
2422 2825 2764 2877 accrescens,
2816 2813 3020 2869 febrem
3053 2814 3376 2870 intrinsecus
3401 2818 3726 2886 generabat,
3762 2820 3837 2875 ita

2239 2914 2293 2959 ut
2324 2920 2421 2959 nec
2452 2908 2627 2960 cibum
2655 2922 2739 2962 me
2766 2920 2981 2978 capere,
3008 2923 3109 2963 nec
3132 2908 3276 2979 loqui
3299 2912 3637 2981 permitteret.
3672 2913 3844 2969 Cum-

2237 3011 2340 3066 que
2368 3012 2462 3066 per
2489 2998 2625 3051 duos
2678 2999 2797 3053 dies
2837 3004 2905 3053 ab
2960 3001 3061 3054 hoc
3104 3000 3294 3056 dolore
3343 3016 3709 3067 consumerer,
3741 3004 3839 3062 die

2236 3090 2388 3145 tertia
2420 3091 2485 3145 ad
2512 3093 2781 3148 basilicam
2812 3093 2978 3164 889
3001 3095 3171 3148 sancti
3194 3096 3453 3162 Ferreoli,
3486 3100 3570 3151 cui
3595 3097 3715 3153 fons
3740 3100 3833 3156 ille

545 3192 814 3247 egressus,
873 3180 1235 3253 ellractusque
1286 3186 1539 3242 deorsum
1587 3192 1796 3246 extrahi
1851 3197 2125 3265 nequibat.

2238 3184 2305 3238 de
2328 3199 2435 3252 quo
2464 3186 2711 3253 superius
2748 3186 3086 3241 meminimus
3119 3185 3271 3258 (Cap.
3315 3186 3373 3257 5)
3415 3198 3496 3243 est
3524 3190 3831 3261 contiguus,

541 3266 709 3335 Igitur
736 3271 1003 3328 deﬂuente
1040 3276 1316 3345 sanguinis
1346 3282 1461 3331 rivo
1486 3320 1500 3345 ,
1536 3295 1656 3336 cum
1687 3299 1929 3352 gressum
1959 3288 2138 3347 facere
2166 3266 2207 3275 _
2240 3277 2575 3332 advenimus.
2620 3279 2789 3333 Distat
2836 3289 3015 3333 autem
3061 3279 3280 3334 basilica
3326 3295 3357 3335 a
3387 3276 3682 3339 Brivatensi
3710 3286 3827 3340 vico

539 3373 650 3415 non
681 3362 888 3417 valeret
916 3407 930 3429 ,
967 3365 1105 3420 beati
1138 3367 1384 3438 Martyris
1410 3372 1657 3439 implorat
1688 3376 1940 3431 auxilium
1962 3420 1974 3442 ,
2008 3395 2139 3449 pau-
2237 3370 2390 3438 φ’θδί
2411 3369 2600 3423 smmis
2622 3370 2829 3425 δεθείη·
2860 3370 3101 3440 cumque
3125 3371 3176 3424 ίη
3210 3370 3327 3426 loco
3356 3372 3446 3427 “'0
3477 3375 3827 3444 venissemus.

542 3452 817 3521 lulumque
860 3455 1047 3510 dolore
1077 3472 1408 3526 compresso,
1438 3462 1563 3518 licet
1606 3465 1979 3537 clautlicando,
2031 3471 2136 3528 iter

536 3543 685 3611 quod
716 3554 969 3615 cmperat.
994 3549 1289 3617 expedivit.
1314 3553 1492 3607 'l'ertia
1530 3571 1657 3611 vero
1684 3569 1839 3615 nocte
1865 3602 1879 3626 ,
1906 3577 2132 3633 compu-

542 3643 816 3692 trescente
829 3638 1071 3713 vulnere,
1086 3641 1243 3696 dolor
1268 3646 1843 3717 maximusincitatur.
1877 3653 1973 3709 llle
2003 3670 2132 3712 vero

542 3729 608 3782 ad
657 3739 877 3798 experta
930 3732 1128 3787 dudum
1185 3738 1429 3804 praesidia
1488 3738 1845 3813 confugiens,
1882 3749 2131 3816 sepulcro

538 3824 773 3892 glorioso
823 3828 1205 3896 prosternitur;
1258 3832 1597 3904 expletisqne
1628 3835 1817 3907 vigiliis
1854 3855 2129 3912 regressus

544 3914 612 3969 ad
661 3915 911 3972 lectulum
942 3960 956 3984 ,
1002 3919 1129 4001 dun.
1161 3923 1413 4003 virtutem
1442 3924 1692 4003 Martyris
1747 3932 2086 3998 praestolatur
2109 3974 2125 4001 ,

535 4022 729 4063 somno
786 3999 1127 4068 incumbente
1150 3999 1489 4083 deprimitur.
1540 4018 1748 4077 Deinde
1773 4036 2123 4094 consurgens,

535 4101 737 4157 nullam
792 4103 994 4159 doloris
1029 4116 1193 4162 sentit
1231 4108 1502 4178 injuriam,
1551 4126 1873 4184 aspectuque
1924 4120 2124 4186 planta,

534 4208 660 4262 pars
684 4194 830 4250 sudis
856 4211 975 4266 qua:
1005 4197 1242 4267 ingressa
1270 4201 1462 4267 fuerat,
1492 4217 1598 4257 non
1626 4205 1855 4273 videtur,
1888 4210 2126 4266 evulsam

530 4292 710 4340 tamen
741 4287 1009 4341 sentiebat
1050 4303 1078 4342 a
1118 4290 1273 4359 pede.
1306 4294 1457 4358 Quod
1495 4294 1693 4366 lignum
1726 4298 2017 4370 diligenter
2046 4303 2129 4357 in-

534 4378 751 4445 quirens
774 4378 827 4432 in
854 4390 1020 4433 stratu
1048 4396 1145 4436 suo
1167 4387 1389 4453 reperit,
1414 4389 1582 4460 868
1598 4391 1869 4446 admirans
1896 4396 2126 4461 qualiter
2214 4412 2217 4417 '

544 4468 734 4523 fuisset
760 4485 1057 4549 egressum.
1106 4474 1306 4531 Solitus
1336 4494 1565 4550 namque
1588 4491 1703 4536 erat
1732 4483 1785 4537 in
1813 4486 2123 4555 episcopatu

529 4575 630 4616 suo
660 4559 836 4616 locum
868 4565 1103 4619 vulneris
1145 4569 1430 4625 ostendere
1456 4611 1470 4636 ,
1505 4572 1557 4626 in
1586 4587 1693 4641 quo
1720 4589 1911 4646 magna
1942 4578 2120 4635 adimo
2142 4580 2217 4643 D‘

528 4652 671 4708 fossa
696 4654 1147 4727 conspiciebatur,
1187 4659 1459 4717 obtestans
1483 4663 1536 4717 in
1568 4664 1671 4721 hoc
1699 4665 1841 4723 beati
1870 4668 2118 4742 Martyris
2204 4677 2209 4681 ’

506 4742 693 4800 fuisse
721 4745 993 4803 virtutem.

1081 4838 1311 4899 CAPUT
1361 4844 1549 4903 XXIV.

939 4953 1019 5010 De
1046 4956 1185 5027 febre
1206 4956 1350 5012 Petri
1374 4960 1550 5030 fratris
1580 4969 1697 5019 mei.

593 5066 725 5122 Post
745 5068 971 5124 multum
1041 5085 1173 5127 vero
1227 5080 1437 5143 tempus
1493 5077 1780 5136 advenerat
1850 5085 2116 5145 festivitas

517 5157 663 5215 beati
695 5158 968 5232 Martyris,
992 5170 1048 5216 et
1071 5173 1218 5230 pater
1243 5181 1393 5221 meus
1420 5182 1542 5225 cum
1574 5174 1718 5226 omni
1746 5172 1908 5231 domo
1928 5193 2023 5233 sua
2048 5179 2115 5234 ad

519 5249 682 5320 hujus
702 5251 1060 5308 solemnitatis
1079 5256 1271 5326 gaudia
1300 5262 1644 5329 properabat.
1669 5263 1833 5322 Nobis
1858 5284 1986 5326 vero
2009 5270 2112 5328 iter

496 5392 744 5487 fijSic
791 5388 981 5463 omnes
1024 5410 1221 5487 scripti
1268 5429 1389 5470 cum
1436 5417 1591 5475 cum.
1648 5432 1700 5478 et
1730 5427 1959 5485 caeteris.
2003 5430 2109 5487 Alii
2192 5442 2193 5445 γ

500 5472 697 5561 Ἐόέιίλ
710 5492 844 5561 quis,
875 5486 1006 5561 etei,
1033 5472 1263 5539 femineo
1288 5472 1779 5561 genereexpressa:

2236 3459 2391 3514 libuit
2421 3460 2599 3515 animo
2628 3461 2696 3516 ad
2728 3461 2926 3516 fontem
2964 3476 3133 3531 usque
3180 3463 3474 3529 procedere
3495 3505 3510 3526 ,
3553 3466 3827 3522 conﬁdens

2233 3550 2303 3605 de
2334 3551 2532 3606 virtute
2568 3552 2815 3624 Martyris
2838 3596 2853 3621 ,
2883 3554 3027 3623 quod
3052 3553 3099 3607 si
3140 3569 3227 3608 me
3267 3556 3460 3611 exinde
3500 3556 3638 3612 levis
3686 3557 3824 3611 unda

2233 3643 2599 3713 perfunderet,
2647 3660 2771 3700 mox
2815 3660 3056 3705 sanarcr.
3114 3650 3422 3705 Adveniens
3461 3663 3593 3704 vero
3628 3648 3825 3705 oratio-

2233 3753 2354 3792 nem
2389 3738 2555 3795 fundo
2577 3780 2593 3803 ,
2624 3756 2817 3811 aquam
2866 3743 3055 3798 haurio
3078 3785 3096 3811 ,
3127 3760 3191 3800 os
3229 3743 3491 3814 refrigero
3512 3789 3527 3811 ,
3565 3752 3722 3813 caput
3746 3744 3825 3798 in-

2230 3828 2399 3885 fundo
2448 3851 2462 3886 :
2518 3834 2809 3903 statimque
2871 3836 3247 3893 decidentibus
3304 3836 3587 3909 lymphis,
3647 3836 3823 3906 fugato

2232 3922 2418 3980 dolore
2458 3939 2622 3980 sanus
2652 3927 2887 3983 abscedo
2912 3969 2927 3995 ,
2958 3939 3014 3984 et
3040 3944 3209 3999 usque
3237 3929 3304 3983 ad
3342 3930 3650 3995 sepulcrum
3681 3928 3821 3982 Mar-

2232 4016 2367 4087 tyris
2412 4019 2633 4085 gloriosi
2680 4020 2833 4075 latus
2876 4022 3189 4092 ingredior,
3241 4020 3512 4077 admirans
3542 4031 3598 4077 et
3626 4022 3820 4092 gratias

2230 4121 2395 4176 agens
2427 4108 2666 4179 Martyri,
2725 4111 2868 4181 quod
2900 4113 3044 4181 prius
3074 4127 3161 4167 me
3186 4112 3381 4167 virtute
3427 4126 3521 4166 sua
3580 4110 3818 4182 dignatus

2230 4197 2393 4254 fuerit
2430 4199 2684 4271 visitare,
2717 4218 2876 4273 quam
2905 4203 3073 4273 ipsius
3106 4218 3349 4260 mererer
3385 4215 3611 4259 cernere
3646 4200 3819 4272 sepul-

2228 4305 2403 4347 crum.

2789 4408 3016 4467 CAPUT
3054 4409 3243 4466 XXVI.

2537 4523 2617 4579 De
2635 4522 2957 4594 febricitante
2975 4524 3044 4579 ad
3074 4526 3265 4589 {antem
3294 4531 3499 4580 sanato.

2298 4638 2397 4694 Est
2426 4641 2572 4695 enim
2613 4640 2680 4695 ad
2726 4640 2871 4696 hunc
2915 4639 3119 4699 fontem
3148 4653 3197 4710 ο,
3228 4642 3350 4713 quia
3380 4640 3581 4698 ibidem
3621 4644 3818 4708 martyr

2226 4746 2516 4803 percussus
2561 4742 2663 4800 est,
2697 4734 2869 4790 virtus
2892 4736 3115 4792 eximia.
3148 4736 3374 4804 Quidam
3403 4751 3434 4790 a
3461 4734 3616 4790 febre
3639 4745 3814 4787 corrc-

2222 4833 2364 4893 plus,
2395 4823 2523 4878 dum
2567 4825 2622 4879 in
2649 4827 2910 4882 extremis
2947 4834 3149 4898 ageret,
3181 4826 3510 4884 desiderium
3540 4824 3724 4880 habuit
3750 4821 3815 4879 de

2219 4930 2357 4988 aqua
2386 4915 2548 4973 fontis
2580 4916 2816 4987 haurire,
2848 4919 2914 4975 ad
2946 4934 3105 4990 quam
3150 4919 3312 4975 etiam
3344 4933 3405 4976 se
3447 4918 3723 4989 deportari
3749 4918 3811 4972 ti-

2220 5007 2414 5064 deliter
2442 5009 2721 5065 exoravit:
2765 5011 2855 5081 qui
2903 5027 2935 5066 a
2963 5012 3075 5067 suis
3103 5012 3245 5067 inter
3270 5027 3462 5067 manus
3505 5009 3811 5082 apprehen-

2220 5113 2334 5165 sus,
2366 5109 2419 5156 et
2447 5102 2500 5155 in
2526 5101 2642 5156 loco
2669 5100 2968 5172 depositus,
3000 5102 3243 5171 protinus
3272 5112 3330 5158 ut
3360 5117 3513 5173 aqua:
3556 5102 3805 5158 haustum

2220 5193 2448 5262 accepit,
2496 5190 2771 5249 etfaciem
2816 5204 3080 5266 caputque
3129 5194 3382 5265 perfudit,
3430 5194 3674 5265 recipere
3702 5207 3810 5249 me-

2219 5285 2328 5341 ruit
2356 5287 2678 5355 sanitatem;
2709 5298 2763 5344 et
2804 5289 3031 5345 aliorum
3070 5290 3321 5347 manibus
3347 5289 3546 5357 illatus,
3580 5287 3809 5361 propriis

2294 5455 2315 5483 ο
2341 5442 2431 5500 Sic
2454 5443 2609 5502 Colb.
2650 5460 2701 5513 a,
2747 5460 2867 5502 cum
2910 5446 3033 5503 Sur.
3078 5455 3131 5502 et
3179 5447 3335 5504 Clict.
3367 5447 3438 5503 At
3478 5447 3632 5503 Colb.
3662 5463 3712 5514 c,
3756 5453 3811 5502 et

2217 5513 2399 5569 Germ.
2435 5535 2447 5570 :
2485 5516 2580 5572 Est
2599 5521 2729 5571 enim
2753 5519 2907 5587 fontis
2936 5520 3325 5591 virtus_e:rimia,
3356 5521 3497 5591 quia,
3527 5532 3634 5575 etc.
3653 5513 3804 5573 Mart.

723 5542 729 5543 ί
833 5542 837 5543 7
998 5542 1003 5543 ⁷
1289 5542 1318 5558 υ
1428 5561 1438 5570 .
1466 5542 1477 5544 ἡ
1514 5542 1779 5573 ᾐῖ¹’”““’””“
2217 5542 2399 5569 υιςΙΊιΙ.
2435 5542 2447 5570 ξ
2485 5542 2577 5572 ΠΜ
2599 5542 2729 5571 etum
2753 5542 2907 5587 Ιυιιιιδ
2936 5542 3093 5574 υιηυδ
3118 5542 3325 5585 extima,
3356 5542 3497 5591 ᾳιιια,
3527 5542 3634 5575 CIC.
3653 5542 3803 5573 tuan.

592 5542 1150 5656 :ilgr'bLIanznchf‘;
1178 5564 1231 5609 θί
1261 5568 1463 5656 αξίεξτῖν
1480 5574 1681 5656 fg'l'fr-
1728 5566 1949 5648 ᾼιῑίιιιοι
2213 5596 2264 5637 et
2298 5589 2536 5656 plerique
2566 5591 2637 5643 Ed
2657 5630 2669 5642 .
2693 5631 2708 5654 ,
2743 5594 2997 5645 mendose
3024 5608 3039 5642 τ
3078 5589 3144 5645 Et
3171 5592 3309 5646 enim
3347 5594 3415 5643 ad
3448 5590 3803 5645 Hunoronem.

518 5616 730 5693 angitur
754 5655 769 5676 ,
801 5629 860 5669 ut
885 5636 1044 5682 neque
1074 5624 1253 5703 lugere.
1304 5616 2107 5703 Petri,fratris'suiTtiuicdia:

524 5699 671 5772 conn,
707 5699 902 5772 necen‘tt‘
918 5702 1102 5772 narrat
1122 5694 1409 5765 Gregorius
1442 5704 1532 5756 lib.
1564 5720 1595 5757 v
1624 5694 1880 5772 Hist.,'ca

523 5763 637 5853 ἓξὲξ
661 5757 1129 5853 ἓῖηεξὲςέδέΰλέὶίί
1145 5757 1257 5853 (ιιιξῖ
1272 5784 1397 5853 ,οθρσ
1426 5757 1861 5853 ρτεεοεάῗῗὶὶἑρό

518 5824 653 5895 H98,
676 5829 732 5888 in
760 5827 919 5911 hujus
932 5832 1132 5912 capitis
1162 5824 1321 5895 titulo
1348 5824 1685 5914 ὲιρίιάῐιῖιῖέῖ
1722 5824 1853 5853 ΜΡ

2216 5655 2383 5713 Laud.
2419 5655 2470 5712 et
2504 5661 2654 5724 Bell.,
2687 5660 2996 5716 Unoronem.
3032 5660 3214 5717 Germ.
3248 5680 3259 5714 :
3298 5662 3389 5716 Est
3418 5663 3554 5716 enim
3593 5662 3663 5713 ad
3694 5662 3810 5728 fon-

1887 5728 1939 5782 Pr
1967 5715 2021 5770 5-
2056 5722 2106 5802 Ιξ
2212 5737 2331 5802 tem,
2366 5731 2416 5783 in
2446 5747 2544 5800 quo
2572 5715 2847 5785 beatissimi
2868 5715 3071 5787 Iuliani
3092 5715 3324 5789 ablutum
3349 5715 3422 5788 est
3445 5742 3619 5802 caput,
3647 5715 3809 5785 uirtus

1864 5797 1927 5857 ε,
1958 5791 2103 5859 ειυοά
2208 5791 2413 5872 eximia,
2444 5791 2561 5872 q'uta
2586 5802 2777 5859 ibidem
2800 5802 3005 5877 Martyr
3026 5821 3295 5879 percussus
3314 5814 3406 5864 est.
3435 5791 3684 5876 ριὶιάαὶη,
3700 5812 3801 5865 etc.
