4072 6346
275 346 379 408 817

275 553 375 614 sed
401 553 606 612 excidit
631 566 828 611 nomen
855 548 996 621 eius.

837 663 1066 723 CAPUT
1099 660 1316 720 XXVII.

410 784 492 842 De
518 782 745 840 tonitrua
773 780 841 837 in‘
858 778 1070 835 basilica
1099 778 1259 849 facta,
1290 781 1337 831 et
1357 771 1729 830 caruscatione.

346 899 587 968 Quadam
636 908 813 956 autem
869 896 960 953 die
987 905 1106 951 orta
1152 894 1623 964 tempestas'cum
1676 902 1871 961 magno

272 990 421 1047 venti
449 990 652 1059 impetu
696 1004 860 1059 super
899 988 1075 1043 vicum
1136 984 1499 1040 Itrivatensem
1545 979 1731 1052 rapide
1777 980 1872 1036 de-

274 1083 598 1149 scendebat;
634 1082 907 1138 micabant
936 1081 1079 1137 enim
1094 1080 1162 1135 de
1190 1079 1420 1133 nubibus
1450 1076 1677 1145 fulgura,
1700 1089 1762 1129 ac
1783 1081 1869 1130 to-

274 1176 452 1231 nitrua
498 1175 810 1231 terribiliter
838 1190 1000 1230 voces
1049 1173 1265 1227 dabant.
1300 1170 1544 1238 Quatitur
1577 1180 1715 1223 terra
1760 1166 1871 1221 fra-

275 1286 426 1341 gore,
474 1276 530 1325 et
569 1268 719 1325 exuri
750 1284 777 1322 a
805 1267 1180 1324 coruscatione
1220 1281 1356 1334 pene
1399 1264 1576 1318 omnia
1611 1262 1870 1331 putaban-

276 1370 401 1417 tur:
434 1363 544 1417 sola
567 1356 1099 1428 eratexspematioin
1131 1357 1328 1412 virtute
1363 1355 1610 1427 Martyris
1625 1352 1864 1423 gloriosi.

274 1452 383 1509 Nec
414 1468 583 1517 mora,
616 1452 743 1505 dato
768 1466 888 1505 cum
925 1450 1133 1519 fulgore
1160 1447 1310 1517 gravi
1336 1461 1470 1501 sono
1500 1443 1717 1499 tonitrui
1738 1486 1750 1508 ,
1779 1442 1867 1512 ja-

272 1547 450 1601 Culum
495 1546 659 1617 87o
687 1544 899 1615 igneum
930 1558 1026 1612 per
1054 1541 1256 1596 aditum
1288 1555 1399 1610 quo
1438 1538 1577 1592 funis
1612 1537 1699 1591 ille
1730 1533 1868 1604 signi

274 1634 540 1704 dependet
568 1635 887 1705 ingreditur;
935 1618 1312 1703 percussisque
1341 1629 1547 1685 duabus
1574 1627 1861 1693 columnis,

271 1723 440 1781 frusta
470 1726 706 1782 excussit
731 1743 744 1779 :
771 1725 894 1780 inde
912 1723 1282 1792 repercutiens
1308 1738 1403 1792 per
1434 1721 1725 1776 fenestram
1747 1733 1865 1789 qua:

270 1833 435 1887 super
460 1827 704 1874 sanctum
745 1819 969 1872 habetur
1001 1817 1261 1870 tumulum
1292 1824 1373 1870 est
1402 1829 1700 1884 egressum,
1746 1811 1867 1866 nul-
1899 1840 1945 1900 Β

274 1909 385 1965 lum
431 1919 607 1965 tamen
638 1925 731 1979 per
764 1909 913 1963 Beati
941 1907 1236 1962 custodiam
1280 1906 1349 1960 de
1385 1905 1585 1975 populo
1616 1903 1778 1959 laesit.
1822 1902 1866 1958 0

273 2017 434 2072 quam
464 2016 689 2071 magnus
712 2001 855 2056 circa
888 2000 1136 2054 alumnos
1178 1997 1427 2067 proprius
1450 1996 1585 2052 beati
1616 1994 1869 2066 Martyris

274 2104 431 2147 amor
470 2092 484 2145 l
516 2091 790 2146 columnas
821 2090 1076 2145 sustinuit
1110 2089 1338 2158 percuti,
1370 2103 1479 2143 non
1526 2088 1657 2142 sinit
1680 2096 1706 2124 ο
1735 2086 1869 2157 pha-

272 2181 487 2261 langas;
518 2184 779 2255 confringi
811 2197 1002 2253 passus
1031 2190 1115 2237 est
1140 2185 1391 2248 vitream,
1426 2196 1530 2236 non
1557 2190 1867 2248 catervam;

272 2278 521 2347 permisit
567 2292 731 2348 super
779 2276 1084 2347 sepulcrum
1127 2277 1399 2346 proprium
1448 2274 1728 2344 praeterire
1777 2287 1869 2327 co-

274 2383 514 2434 ruscum,
545 2384 612 2424 ne
646 2369 797 2423 fieret
826 2367 1180 2422 multitudinis
1209 2369 1372 2421 totius
1396 2366 1671 2424 interitus.
1704 2364 1872 2433 Igitur

276 2459 558 2529 expulsum
589 2475 620 2514 a
644 2460 862 2515 basilica
890 2460 1059 2515 sancti
1091 2457 1342 2527 Martyris
1381 2456 1620 2524 iaculum
1648 2468 1871 2511 acervos

277 2552 409 2609 freni
454 2554 770 2619 eombussit,
808 2551 1082 2609 interfecit
1111 2564 1329 2622 pecora,
1358 2548 1601 2619 iumenta
1648 2547 1871 2607 delevit.

278 2646 432 2717 Quod
460 2647 507 2704 si
538 2651 654 2702 haec
685 2645 899 2700 fortuita
931 2644 1053 2714 quis
1079 2651 1250 2713 putat.
1281 2641 1578 2698 admiretur
1606 2643 1780 2711 magis
1817 2648 1875 2697 et

276 2748 495 2810 stupeat
539 2738 724 2809 inclyti
757 2735 1048 2807 potentiam
1082 2720 1355 2805 Martyris,
1384 2732 1528 2804 quod
1558 2718 1873 2802 pmtetiens

274 2831 416 2905 ignis
444 2847 538 2902 per
563 2830 798 2887 medium
846 2827 1049 2900 populi,
1094 2829 1369 2884 neminem
1411 2827 1619 2895 nocuit,
1661 2826 1759 2883 sed
1799 2826 1873 2884 ibi

276 2931 484 2982 tantum
514 2923 755 2995 esplevit
782 2932 928 2989 vota,
959 2920 1047 2977 ubi
1086 2936 1146 2978 se
1174 2921 1429 2993 cognovit
1464 2918 1664 2978 habere
1703 2920 1875 2979 licen-

278 3014 429 3073 tiam.

831 3107 1058 3166 CAPUT
1097 3105 1333 3164 XXVIII.

1033 332 1529 399 IIRACULORUM
1568 331 1701 394 LIB.
1742 332 1812 389 Il.
1848 327 1943 390 DE
1977 323 2352 390 MIRACULIS
2381 321 2438 383 S.
2479 316 2767 383 JULIANI.
3318 388 3321 391 ν

272 458 551 533 gressibus
578 462 662 517 est
680 464 978 530 regressus.
1006 451 1129 511 Fuit
1148 461 1328 510 autem
1350 450 1529 510 incola
1554 446 1715 520 huius
1733 445 1862 517 vici,
1896 446 1949 511 Α
1972 450 2086 500 stor
2114 442 2542 514 omnipotentem
2573 438 2769 533 Deum,
2789 431 2935 533 quia
2956 429 3039 490 'ab
3064 431 3229 507 87],
3258 430 3430 505 ipsius
3466 432 3563 490 ab-

3459 316 3564 375 Sil

1968 538 2111 595 batis
2131 536 2249 594 haec
2274 549 2370 595 ore
2397 532 2646 606 cognovi,
2667 527 2810 604 apud
2834 527 2987 601 cujus
3005 528 3333 588 monachum
3357 538 3382 568 ο
3408 536 3560 602 gesta

2542 720 2767 779 CAPUT
2806 716 3001 776 XXIX.

2498 836 2572 892 De
2596 836 2866 907 festivitate
2894 834 3027 905 ejus.
3059 850 3062 854 λ

2043 954 2215 1027 Hujus
2242 949 2549 1011 festivitatis
2572 960 2785 1021 tempus
2810 948 2995 1019 ignara
3025 945 3180 1018 plebs
3210 950 3402 1001 mtesta
3426 952 3566 1013 pett-

1973 1049 2155 1114 debat,
2204 1047 2453 1105 nesciens
2481 1045 2623 1101 diem
2670 1045 2722 1099 in
2752 1058 2857 1115 quo
2888 1041 3083 1113 Marlyr
3114 1040 3304 1095 beatus
3342 1036 3568 1092 deberet

1972 1159 2069 1215 pro
2115 1142 2321 1198 virtutis
2370 1156 2433 1195 ac
2478 1137 2744 1209 passionis
2792 1136 2956 1204 gloria
3009 1132 3284 1198 honorari,
3341 1141 3395 1185 et
3446 1128 3565 1183 haec

1970 1235 2267 1305 ignorantia
2282 1247 2449 1302 usque
2471 1232 2535 1284 ad
2555 1231 2766 1284 beatam
2780 1226 3103 1281 Germanum
3129 1221 3565 1278 Autissiodorenn

1971 1344 2086 1384 sem
2118 1327 2408 1381 antistitem
2440 1336 2517 1380 est
2544 1330 2833 1394 protracta.
2859 1319 3079 1373 Factum
3104 1313 3129 1354 ά
3162 1326 3245 1371 est
3268 1324 3471 1370 tantum
3500 1319 3563 1368 ut

1972 1421 2271 1476 antedictus
2284 1418 2518 1490 pontifex
2544 1417 2809 1471 Brivatem
2828 1412 3127 1479 adveniret,
3151 1409 3565 1477 sciscitatusque

1971 1517 2039 1571 ab
2069 1515 2259 1570 incolis
2282 1529 2386 1581 quo
2416 1520 2658 1580 tempore
2688 1508 2847 1579 hujus
2870 1521 3021 1561 sacra
3049 1503 3476 1567 celebrarentur,
3504 1513 3566 1558 se

1970 1607 2182 1662 nescire
2227 1605 2575 1675 respondent.
2620 1602 2771 1658 'l'uue
2800 1600 2887 1655 ille
2931 1615 2945 1654 :
2986 1598 3236 1662 Oremus,
3285 1595 3477 1665 inquit,
3510 1600 3569 1649 et

1971 1699 2217 1755 fortassis
2253 1698 2407 1752 nobis
2434 1697 2549 1751 haec
2582 1694 2792 1749 Domini
2824 1690 3059 1762 potentia
3096 1686 3379 1745 revelabit.
3411 1682 3568 1752 Quod

1972 1808 2093 1848 cum
2125 1791 2397 1857 fecissent,
2426 1804 2583 1844 mane
2609 1796 2748 1851 orto,
2773 1782 3082 1841 convocatis
3110 1779 3413 1837 senioribus
3437 1776 3563 1843 loci,

1971 1888 2043 1942 ait
2074 1902 2106 1940 v
2132 1885 2492 1940 Kalendarum
2524 1882 2726 1936 mensis
2753 1879 2968 1948 septimi
2997 1887 3019 1914 ο
3044 1874 3419 1932 celebrandam
3444 1884 3567 1928 esse

1970 1975 2337 2034 festivitatem.
2358 1976 2436 2030 Ex
2466 1974 2567 2028 hoc
2592 1986 2732 2027 nunc
2752 1971 2977 2025 devotus
2994 1967 3289 2023 adveniens
3313 1964 3563 2034 p0pulus,

1969 2080 2092 2124 vota
2142 2067 2359 2138 praesuli
2397 2066 2660 2131 reddens,
2715 2061 2883 2119 refert
2918 2070 2974 2117 et
3016 2061 3210 2115 anima:
3240 2066 3292 2114 et
3322 2055 3566 2127 corporis

1971 2161 2311 2219 medicinam.

3576 763 3596 838 ξ

2546 2226 2777 2285 CAPUT
2815 2224 2989 2282 XXX.

2521 2365 2600 2421 De
2627 2363 3002 2435 energumenis.

2044 2481 2404 2557 Energumeui
2423 2494 2554 2538 vero
2576 2495 2699 2538 cum
2724 2477 3060 2543 advenerim,
3082 2474 3406 2548 plerumque
3441 2482 3569 2528 evo-

1972 2587 2125 2638 munt
2151 2580 2204 2636 in
2236 2578 2491 2637 Sanctum
2531 2574 2627 2633 Dei
2654 2573 2922 2641 convicia,
2961 2585 3060 2627 cur
3098 2577 3316 2626 sanctos
3336 2566 3472 2623 alios
3496 2563 3568 2622 ad

1972 2689 2071 2732 sua
2116 2678 2378 2729 convocet
2417 2669 2573 2736 festa,
2628 2668 2885 2740 ipsosque
2933 2660 3252 2720 nominatim
3298 2657 3567 2715 conﬁtea-

1973 2776 2078 2833 tes.
2102 2781 2292 2824 eorum
2320 2765 2552 2821 fatentur
2586 2761 2814 2817 virtutes
2839 2766 2896 2816 et
2939 2757 3150 2815 merita.
3185 2754 3348 2810 Aiunt
3372 2752 3517 2809 enim
3547 2766 3571 2808 :

1972 2860 2217 2919 Sufficiat
2251 2860 2369 2923 tibi,
2398 2857 2632 2919 Juliane.
2665 2868 2766 2909 nos
2809 2851 3030 2924 propria
3057 2849 3256 2903 virtute
3286 2854 3564 2916 torquere.

1974 2954 2197 3029 thuid
2237 2953 2476 3021 reliquos
2517 2947 2816 3022 provocas?
2852 2942 2980 3018 quid
3019 2941 3218 2998 invitas
3245 2936 3569 2997 extraneos?

1865 3069 1868 3071 λ
1975 3051 2115 3107 Ecce
2157 3048 2443 3104 Martinum
2490 3038 2881 3106 Pannonicum,
2923 3035 3200 3092 inimicum
3223 3031 3424 3103 iugiter
3466 3043 3567 3085 no-

1975 3151 2169 3200 strum.
2198 3137 2288 3207 qui
2318 3145 2427 3191 tres
2454 3148 2486 3189 a
2534 3132 2737 3187 nostris
2760 3128 3009 3186 cavernis
3058 3124 3259 3195 repulit
3299 3114 3569 3179 mortuos.

279 3222 360 3279 De
397 3238 455 3279 eo
492 3224 579 3294 qui
621 3239 729 3297 pra:
771 3222 1103 3297 multitudine
1132 3219 1309 3297 pepuli
1347 3218 1418 3273 ad
1444 3216 1737 3286 sepulcrum
1762 3232 1867 3275 non

1974 3236 2143 3294 Adest
2176 3232 2423 3288 Privatus
2451 3242 2519 3283 ex
2549 3224 2765 3281 Gabalis
2792 3220 2835 3289 ι,
2867 3220 2957 3294 qui
2984 3234 3115 3276 oves
3139 3232 3266 3273 suas
3296 3215 3570 3283 barbaris,

824 3294 1023 3348 ualebat
1060 3292 1325 3348 accedere.

348 3408 588 3466 Clericus
616 3419 793 3465 autem
820 3407 1038 3481 quidam
1083 3404 1253 3462 Aridii
1292 3402 1620 3461 Lemovicini
1654 3403 1868 3460 abbatis

273 3501 341 3559 ad
372 3501 714 3558 festivitatem
745 3501 988 3568 veniens,
1016 3514 1128 3570 prte
1168 3497 1513 3554 multitudine
1541 3496 1728 3569 populi
1756 3511 1865 3553 non

274 3595 438 3650 modo
464 3594 531 3649 ad
576 3606 820 3651 sanctum
850 3593 1111 3650 tumulum
1151 3590 1436 3659 accedere,
1465 3605 1654 3646 verum
1703 3590 1866 3647 etiam

274 3702 375 3744 nec
402 3688 455 3744 in
482 3688 653 3757 ipsam
681 3688 953 3743 basilicam
986 3684 1161 3756 potuit
1188 3683 1434 3741 introire.
1466 3683 1711 3755 Cumque
1730 3697 1868 3739 mo:-

274 3791 391 3837 stus
435 3782 652 3838 metatui
684 3796 745 3837 se
775 3781 1117 3848 reddidisset,
1149 3779 1416 3835 recubans
1455 3778 1510 3833 in
1542 3776 1741 3832 lectulo
1769 3777 1868 3834 ob-

274 3872 548 3928 dormivit.
607 3873 855 3927 Protinus
903 3872 1078 3927 astitit
1130 3872 1180 3926 ei
1212 3871 1295 3925 vir
1348 3870 1403 3925 in
1448 3870 1584 3935 visu,
1621 3869 1806 3926 dicens
1846 3886 1863 3925 :

274 3962 410 4030 Quid
446 3970 522 4029 tu,
548 3961 741 4032 inquit,
771 3977 964 4032 sopore
994 3960 1351 4030 deprimerisi
1380 3960 1527 4016 Vade
1550 3960 1779 4015 celerius
1797 3961 1865 4015 ad

271 4057 529 4125 templum
573 4055 846 4125 Martyris,
892 4064 948 4109 et
975 4054 1154 4109 omnia
1205 4053 1446 4108 invenies
1494 4062 1753 4109 reserata.
1798 4053 1868 4110 At

274 4148 367 4203 ille
395 4155 540 4202 metu
568 4146 787 4201 territus
816 4162 1133 4217 exsurgens,
1168 4145 1421 4202 credulus
1449 4144 1695 4211 dictioni,
1742 4160 1868 4215 pro.

274 4250 430 4314 perat
459 4242 716 4297 velociter
744 4242 984 4317 experiri
1016 4243 1063 4297 si
1095 4257 1221 4298 vera
1251 4253 1438 4297 essent
1470 4255 1594 4310 qua:
1623 4239 1725 4294 sibi
1752 4240 1870 4296 fue—

274 4344 398 4389 rant
426 4334 678 4389 indicata.
711 4334 957 4404 Cumque
998 4332 1237 4389 venisset
1285 4333 1351 4388 ad
1382 4330 1600 4397 ostium,
1632 4333 1868 4403 reperit,

275 4426 494 4482 remotis
523 4425 755 4495 undique
802 4426 1013 4495 p0pulis
1035 4423 1089 4492 δ,
1125 4440 1293 4496 usque
1320 4424 1386 4479 ad
1428 4430 1671 4479 sanctum
1701 4423 1869 4481 altare

275 4518 361 4574 vel
411 4518 585 4588 ipsum
619 4517 883 4573 tumulum
928 4518 1073 4573 viam
1104 4516 1299 4572 factam
1351 4517 1497 4572 nullo
1526 4516 1863 4572 obsistente:

1972 3339 2156 3387 nostra
2185 3324 2531 3395 instigatioue
2556 3316 2859 3383 commotis,
2895 3313 3108 3371 tradere
3142 3310 3337 3368 noluit.
3381 3308 3567 3367 Adve-

1970 3422 2051 3477 nit
2076 3417 2364 3475 Ferreolus
2394 3413 2599 3483 collega
2626 3420 2751 3465 tuus
2780 3423 2847 3464 ex
2879 3404 3305 3469 Viennensibus,
3341 3400 3433 3472 qui
3465 3414 3565 3455 no-

1971 3513 2055 3567 bis
2084 3512 2137 3566 in
2169 3519 2221 3566 te
2248 3505 2590 3579 supplicium,
2620 3503 2785 3575 872
2822 3499 3012 3556 incolis
3042 3496 3349 3569 praesidium
3392 3492 3567 3550 misit.

1969 3602 2106 3674 Quid
2130 3597 2580 3674 Sympltorianum
2605 3587 3002 3663 Alduum.quid
3021 3589 3370 3648 Saturninum
3398 3594 3571 3643 vocas

1968 3692 2332 3752 Tolosanum?
2388 3688 2698 3761 Aggregasti
2756 3685 3080 3750 concilium,
3139 3690 3201 3738 ut
3253 3679 3409 3736 nobis
3468 3679 3569 3735 in-

1968 3804 2125 3861 geras
2149 3778 2411 3844 infernale
2439 3791 2788 3840 tormentum.
2818 3779 2947 3836 Haec
2965 3786 3024 3833 et
3047 3776 3132 3832 bis
3156 3774 3351 3831 similia
3368 3771 3569 3827 dicen--

1969 3883 2131 3945 tibus,
2163 3882 2237 3935 ita
2273 3886 2490 3933 sanctos
2513 3874 2622 3945 {Dei
2665 3871 2914 3927 humanis
2943 3867 3212 3925 mentibus
3254 3877 3569 3933 repraesen~

1970 3983 2105 4040 tant,
2135 3980 2194 4027 ut
2220 3970 2351 4026 nulli
2376 3969 2447 4023 sit
2472 3952 2692 4022 dubium
2725 3978 2819 4019 eos
2847 3962 2979 4018 inibi
3004 3957 3371 4015 commorari:
3405 3951 3571 4011 multi

1970 4077 2147 4125 tamen
2175 4065 2243 4121 ab
2268 4063 2351 4119 bis
2371 4059 2570 4118 infirmi
2601 4064 2878 4121 curantur,
2910 4062 2966 4111 et
2992 4051 3110 4109 sani
3138 4049 3417 4108 recedunt.

2539 4192 2767 4251 CAPUT
2808 4170 2998 4249 XXXI.
3070 4161 3087 4171 ’

2372 4310 2450 4367 De
2477 4308 2871 4366 mansuetudine
2897 4320 3157 4379 pecorum.

2043 4429 2151 4489 Sed
2179 4437 2236 4484 et
2276 4425 2406 4483 illud
2436 4434 2519 4481 est
2554 4430 2853 4479 memoratu
2898 4418 3299 4491 dignissimum,
3345 4432 3463 4491 qure
3494 4413 3577 4474 sit

1970 4518 2324 4577 mansuetudo
2367 4530 2620 4587 pecorum
2661 4513 2715 4568 in
2749 4514 2849 4567 hac
2878 4511 3097 4567 basilica
3139 4511 3445 4567 votivorum
3489 4521 3517 4558 ε
3548 4528 3570 4565 :

3563 4126 3602 4205 il

276 4618 333 4666 et
358 4610 436 4665 sic
465 4611 581 4665 sine
604 4609 713 4664 ulla
744 4609 1099 4678 impressione
1123 4609 1405 4673 accedens,
1438 4610 1553 4662 fusa
1581 4608 1860 4676 oratione,

1974 4615 2199 4687 qualiter
2214 4611 2365 4667 vituli
2392 4607 2716 4679 petulantes,
2741 4605 3083 4660 calcitrantes
3108 4606 3257 4672 equi,
3274 4601 3576 4671 grunnien-

276 4716 397 4758 cum
425 4702 620 4774 gaudio
647 4710 730 4758 est
759 4716 1058 4773 regressus.
1089 4701 1241 4770 Quod
1273 4716 1339 4756 ne
1360 4701 1482 4771 quis
1511 4697 1742 4767 dubitet,
1791 4709 1868 4757 te-

350 4876 377 4906 ι
398 4866 485 4922 Sic
515 4864 695 4920 Germ.
730 4874 784 4919 et
810 4864 964 4921 Gem.
995 4862 1147 4920 Colb.
1192 4879 1242 4929 c,
1273 4862 1502 4917 sustulit.
1531 4859 1685 4924 Sur.,
1724 4858 1871 4914 Mar-

278 4939 402 5010 tyris
432 4937 669 5005 aﬁ‘eclus,
702 4944 807 5010 etc.
838 4937 995 5010 Colb.
1026 4952 1079 4997 a,
1122 4951 1377 5010 magna...
1414 4932 1658 5001 martyris
1689 4931 1867 4998 virtus,

279 5004 546 5064 columnas
567 5007 772 5060 sustulit
805 5006 1017 5071 percuti,
1046 5022 1146 5057 non
1184 5004 1491 5072 phalangas.

353 5077 380 5118 ⁵
413 5077 534 5140 Ed.,
567 5084 786 5130 remotos
811 5074 1047 5145 papulas.
1076 5074 1285 5141 Germ.,
1318 5074 1535 5145 papulas
1560 5083 1607 5127 et
1638 5087 1867 5143 usque...

285 5151 492 5207 nullum
521 5144 779 5200 obsistere.

355 5222 637 5277 eObserva
685 5213 1002 5271 monachum
1050 5213 1136 5268 hic
1182 5228 1212 5266 a
1262 5213 1521 5283 Gregorio
1564 5213 1668 5268 dici
1711 5227 1870 5281 quem

285 5294 431 5363 prius
474 5292 725 5347 rlericmn
766 5283 1270 5363 appellarat,‘quod
1322 5294 1376 5338 et
1405 5285 1599 5363 passim
1638 5284 1872 5363 occurrit

291 5353 426 5428 apud
458 5363 590 5416 alios
616 5353 828 5430 quoque
856 5357 972 5425 ejus
1015 5356 1127 5430 azvi_
1144 5369 1413 5430 anetores.
1444 5353 1581 5430 Vide
1604 5364 1773 5430 notas
1817 5354 1872 5410 in

293 5424 385 5488 lib.
418 5448 432 5484 ι
462 5432 530 5485 de
549 5424 912 5487 Gloria'Mart.
946 5443 1066 5496 cap.
1100 5426 1186 5489 76,
1219 5439 1402 5491 supra,
1429 5426 1534 5480 col.
1560 5424 1685 5481 808.

362 5500 389 5539 ἀ
423 5500 478 5555 ld
528 5513 706 5555 narrat
732 5494 1077 5554 Constantius
1106 5497 1159 5553 in
1198 5496 1366 5567 ipsius
1404 5496 1574 5551 sancti
1616 5494 1873 5552 Germani

295 5573 440 5637 Vita,
477 5572 568 5625 lib.
599 5588 635 5636 ι,
668 5586 787 5637 cap.
812 5572 902 5624 £5.

368 5654 392 5682 ο
424 5645 490 5698 Et
534 5643 618 5696 hic
659 5641 946 5708 Gregorius
984 5655 1182 5695 annum
1228 5653 1256 5692 a
1288 5639 1477 5694 Martio
1505 5637 1711 5710 incipit,
1740 5638 1872 5707 Sep-

296 5717 556 5774 tembrem
588 5711 859 5784 appellans
884 5712 1167 5780 septimum
1197 5726 1454 5784 mensem.

370 5786 390 5828 ί
422 5788 478 5843 ln
508 5782 699 5842 Chrbci
730 5784 1145 5836 Alamannorum
1178 5783 1316 5849 regis
1346 5782 1640 5850 irruptiune
1686 5792 1877 5849 passus

301 5869 409 5931 est,
439 5868 496 5918 ut
537 5863 719 5917 narrat
761 5851 1051 5925 Gregorius
1073 5852 1217 5910 ωλι
1257 5851 1397 5915 ltist.
1437 5849 1558 5920 cap.
1588 5850 1679 5920 ὀὶ,
1720 5849 1879 5922 idque

1976 4718 2055 4767 tes
2081 4707 2252 4764 suillte
2298 4701 2429 4777 [Al.,
2470 4699 2636 4770 sues].
2685 4712 2807 4754 eum
2854 4697 3020 4752 limen
3062 4701 3306 4749 sanctum
3340 4690 3576 4761 ingressi

1975 4862 2116 4915 circa
2146 4875 2235 4913 an.
2259 4855 2387 4915 265.
2411 4855 2454 4909 si
2486 4855 2599 4908 haec
2638 4851 2819 4907 clades
2842 4848 3093 4903 Gallieno
3112 4847 3421 4916 imperante.
3439 4863 3580 4904 eou—

1976 4932 2131 4998 tigit:
2165 4926 2609 4998 maluutAquippe
2649 4924 2879 4998 _a_lii__eam
2909 4920 3097 4998 saeculi
3132 4934 3166 4971 v
3200 4919 3354 4972 initio
3383 4920 3574 4998 capsi—

1975 4988 2163 5068 gnare.
2199 4998 2329 5051 Vide
2357 4988 2682 5068 Tillem_otttii
2734 4994 2871 5068 Hijt.
2898 4992 3279 5068 ccclesutotn.
3326 4988 3574 5068 tv._Ej‘u§

1978 5058 2095 5124 acta
2129 5068 2329 5121 habent
2356 5065 2669 5118 Moubritins
2695 5070 2749 5114 et
2789 5060 2979 5113 Surius
3004 5060 3071 5109 ad
3100 5058 3162 5111 21
3200 5059 3445 5127 Augusti,
3470 5061 3573 5114 sed

1980 5155 2099 5210 qua:
2123 5143 2244 5207 post
2264 5134 2432 5210 nostri
2464 5131 2703 5199 Gregorii
2734 5137 2946 5210 atatem
2969 5127 3228 5210 videntur
3248 5131 3469 5210 scripta.
3491 5128 3568 5186 De

1983 5198 2101 5264 aliis
2125 5198 2329 5261 sanctis
2360 5205 2446 5259 IIIC
2468 5222 2496 5253 η
2520 5198 2777 5258 etuoratls
2799 5200 2966 5252 fusius
2994 5198 3108 5251 suis
3130 5198 3260 5254 locis
3281 5202 3506 5268 egimus.

2055 5289 2081 5327 κ
2115 5278 2301 5334 Votiva
2328 5275 2643 5330 dicebantur
2668 5270 2925 5325 animalia.
2944 5283 3065 5337 qum
3115 5267 3232 5324 Deo
3248 5267 3346 5324 aut.
3366 5272 3569 5327 sanctis

1981 5352 2156 5407 oblata
2197 5347 2445 5412 fuerant;
2473 5360 2502 5399 a
2535 5342 2805 5398 nonnullis
2832 5340 2995 5395 etiam
3024 5339 3456 5412 appellabantur,
3478 5358 3568 5396 εα-

1979 5424 2139 5486 crira,
2170 5418 2310 5490 quod
2354 5410 2616 5490 ejusmodi
2658 5414 2796 5490 apud
2848 5410 3392 5490 etanieos.sacniﬁc_iis
3432 5411 3569 5467 ruis.

1978 5504 2098 5550 seat
2126 5481 2414 5547 destinata.
2444 5487 2521 5542 De
2568 5486 2649 5540 his
2691 5484 2744 5538 in
2775 5485 2890 5551 lege
2922 5482 3104 5536 Salica.
3128 5482 3208 5535 tit.
3238 5481 3293 5545 2,
3321 5482 3373 5536 in
3404 5498 3566 5551 quem

1980 5567 2155 5620 locum
2188 5565 2307 5616 vide
2338 5558 2580 5629 Bignonii
2600 5562 2786 5629 notas.
2819 5556 2993 5622 liquos
3020 5552 3413 5629 instrajiciendo
3455 5552 3566 5609 ﬂu-

1982 5641 2124 5691 mine
2157 5624 2431 5689 Rubicone
2470 5644 2500 5683 a
2529 5627 2668 5682 .lulio
2696 5625 2907 5680 Caesare
2938 5634 3300 5687 consecratus,
3333 5624 3565 5693 ideoque

1978 5710 2093 5762 sine
2131 5703 2446 5761 custodibus
2483 5701 2756 5767 dimissos,
2787 5702 3052 5753 memorat
3090 5694 3377 5755 Suetonius
3407 5694 3501 5753 lib.
3540 5708 3581 5752 ι

1980 5795 2127 5836 num.
2160 5778 2248 5834 8!.
