4072 6346
178 343 315 404 821
380 396 381 401 η

980 328 1490 399 MIRACULOB'UM
1528 332 1659 392 LIB.
1706 330 1770 389 ιι.
1815 329 1903 390 ne
1943 327 2317 395 MIRACULIS
2355 327 2415 385 s.
2458 312 2755 387 JULIANI.‘

3402 321 3510 378 822

186 464 372 537 aedes
401 458 596 517 iisdem
620 457 908 530 augeretur
936 456 1167 514 exuviis.
1190 456 1258 510 At
1282 470 1403 525 ego,
1431 452 1818 526 apprehensam
1846 449 1899 508 Α
1926 452 2007 501 tus
2036 443 2306 517 Martyris!
2341 459 2462 500 cum
2484 443 2739 521 produxit
2764 441 2832 501 de
2862 440 2985 501 vase
3017 444 3127 501 sine
3159 442 3289 497 flore
3320 438 3511 495 vinde-

189 554 495 614 secretius
506 566 742 625 capsam,
760 552 827 607 ad
845 551 1117 608 basilicam
1136 550 1281 607 beati
1303 547 1515 605 Martini
1532 547 1817 618 incipiente

194 642 387 719 nocte
419 662 671 719 propero.
701 645 987 703 Referebat
1012 655 1189 702 autem
1221 644 1353 700 mihi
1388 643 1469 699 vir
1508 640 1701 705 ﬁdelis,
1728 640 1818 712 qui

196 750 350 800 tunc
384 743 599 799 eminus
628 739 862 807 astabat,
896 754 1015 795 cum
1052 752 1153 795 nos
1200 736 1474 793 basilicam
1502 747 1687 790 sumus
1732 731 1819 786 in-

200 835 423 908 gressi,
469 832 669 889 vidisse
711 846 770 890 se
812 832 1041 904 pilarum
1081 830 1330 887 immensi
1375 827 1592 884 luminis
1618 841 1651 883 e
1680 824 1821 883 coelo

202 926 511 997 delapsam
548 940 714 996 super
763 925 975 981 beatam
1020 922 1300 981 basilicam
1352 918 1717 987 descendisse,
1766 925 1820 973 et

204 1018 493 1089 deinceps
512 1016 665 1089 quasi
706 1016 849 1074 intro
879 1018 1116 1087 ingressa
1148 1014 1354 1071 fuisset.
1387 1014 1519 1070 Cum
1548 1010 1693 1068 enim
1724 1022 1821 1065 no-

206 1115 307 1172 bis
339 1113 461 1169 haac
484 1112 539 1168 in
566 1111 857 1169 crastinum
882 1126 907 1165 a
941 1110 1189 1167 ﬁdelibus
1214 1109 1381 1165 relata
1414 1106 1658 1169 fuissent,
1687 1118 1819 1159 con-

210 1207 454 1280 jicimus
481 1220 597 1262 eam
627 1220 658 1261 a
686 1205 883 1262 virtute
906 1203 1057 1261 beati
1074 1203 1321 1275 Martyris
1346 1200 1695 1278 processisse.
1720 1196 1823 1253 De-
1850 1198 1859 1201 “

212 1301 425 1373 positis
466 1313 593 1368 ergo
622 1313 781 1369 super
808 1298 977 1354 altare
1005 1296 1137 1370 [Al.,
1169 1291 1439 1365 altarium]
1466 1291 1823 1349 sacrosanctis

214 1393 496 1465 reliquiis,
520 1393 729 1463 vig'data
756 1397 934 1458 nocte,
957 1405 1079 1445 cum
1108 1386 1295 1460 grandi
1323 1385 1610 1459 psallentio
1632 1383 1701 1440 ad
1727 1396 1824 1439 an-

217 1487 490 1544 tedictam
531 1483 907 1541 deferebantur
948 1482 1248 1539 basilicam.
1282 1479 1525 1536 Etecce
1566 1491 1703 1535 unus
1755 1474 1824 1533 ex

218 1577 646 1649 energumenis,
691 1574 939 1633 manibus
988 1576 1042 1631 in
1084 1588 1146 1630 se
1190 1571 1426 1641 collisis,
1468 1584 1565 1629 ore
1605 1569 1819 1641 patulo,
1856 1578 1859 1583 ‘

222 1682 455 1732 cruenta
484 1672 771 1745 projiciens
800 1680 955 1743 sputa
988 1680 1046 1739 ι,
1075 1670 1291 1728 aiebat:
1328 1670 1396 1727 Ut
1422 1669 1549 1742 quid
1577 1678 1652 1736 te,
1680 1669 1823 1725 Mar-

224 1772 367 1841 tine,
392 1769 609 1827 Iuliano
623 1766 1044 1840 junxisti‘lQuid
1067 1782 1187 1822 eum
1210 1766 1262 1822 in
1281 1766 1366 1821 bis
1378 1778 1637 1838 provocas
1658 1764 1827 1821 locis?

1924 540 2109 607 miam,
2140 554 2260 595 cum
2288 541 2363 596 sit‘
2385 540 2599 596 solitum
2624 548 2681 597 ut
2708 538 2931 596 collecta
2965 534 3083 586 vina
3108 532 3406 589 condantur
3453 534 3509 592 in

1923 633 2161 701 vascula,
2194 634 2413 704 protulit
2437 634 2635 690 dolium
2680 640 2875 699 musta,
2912 632 2967 688 in
3005 645 3112 703 quo
3158 646 3263 687 non
3309 644 3414 686 uva
3461 638 3513 697 ⁸,

1922 731 2017 787 sed
2039 731 2207 786 virtus
2227 730 2339 785 sola
2361 729 2585 786 deﬂuxit
2608 746 2624 786 :
2650 728 2909 799 turgescit
2932 728 3206 784 vasculum
3228 742 3258 780 a
3282 727 3511 797 liquore,

1922 824 2126 880 fructus
2150 838 2256 879 non
2286 821 2465 879 illatus
2493 830 2597 890 est,
2622 822 2719 879 sed
2742 829 2977 879 creatus.
3004 819 3127 890 Agit
3158 817 3261 872 hoc
3288 816 3379 873 ille
3408 817 3513 874 Do-

1922 919 2102 975 minus
2125 918 2192 975 ad
2215 915 2623 988 glorificandum
2652 916 2943 987 Martyrem
2963 953 2981 983 ,
3005 912 3100 984 qui
3129 910 3360 983 impleas
3400 917 3514 965 ute-

1921 1028 2047 1070 rum
2065 1011 2298 1084 Virginis
2324 1012 2446 1069 sine
2480 1012 2706 1079 semine,
2734 1022 3055 1082 permanere
3102 1004 3354 1079 praestitit
3396 1018 3517 1060 ma-

1924 1114 2062 1169 trem
2110 1107 2166 1161 in
2212 1105 2461 1162 castitate
2502 1121 2519 1163 :
2566 1103 2665 1161 sed
2709 1110 2890 1159 tamen
2942 1102 3029 1158 hic
3071 1113 3218 1158 novo
3261 1097 3433 1169 magis
3490 1092 3513 1134 ί

1925 1199 2183 1257 exuberat
2208 1185 2410 1267 fructu,
2438 1212 2560 1257 cum
2583 1200 2703 1254 sine
2724 1194 3036 1259 caudicibus
3058 1192 3261 1250 falerna
3290 1187 3522 1263 porrigit

1924 1291 1993 1351 ad
2023 1290 2334 1349 bibendum.
2366 1290 2423 1346 In
2469 1290 2593 1347 aliis
2647 1289 2822 1346 vineis
2871 1287 2959 1342 vix
3008 1286 3183 1343 adhuc
3233 1289 3524 1352 erumpunt

1926 1398 2172 1457 gemmae,
2205 1383 2261 1440 in
2291 1382 2393 1440 hoc
2420 1395 2549 1439 vero
2578 1395 2709 1441 vase
2737 1380 2919 1436 vinum
2946 1375 3152 1434 deﬂuit.
3186 1378 3230 1431 A
3263 1374 3462 1430 virtute
3492 1379 3521 1419 ι

1927 1490 2171 1554 retinetur
2196 1478 2365 1539 Maius
2391 1477 2636 1544 Octobri,
2666 1492 2790 1533 cum
2815 1488 2957 1531 nova
2981 1472 3141 1545 877
3174 1468 3400 1542 porrigit
3425 1482 3522 1538 po-

1925 1562 2065 1641 cula,
2093 1582 2148 1630 et
2176 1572 2297 1643 plus
2325 1570 2486 1627 habet
2505 1583 2666 1639 quam
2697 1566 2810 1636 ille,
2840 1578 2965 1622 cum
3004 1562 3063 1617 in
3110 1566 3362 1633 promptu
3410 1571 3523 1613 non

1928 1665 2232 1733 ostenditur
2247 1664 2427 1732 vinea,
2450 1670 2507 1720 et
2534 1662 2587 1718 in
2606 1660 2767 1717 domo
2788 1658 3079 1731 gignuntur
3102 1652 3331 1710 falerna.
3351 1648 3521 1705 Rudis

1930 1759 2130 1815 etenim
2161 1755 2311 1813 venit
2351 1755 2470 1812 sine
2515 1750 2772 1810 torculari
2818 1747 3114 1814 vindemia,
3155 1758 3275 1816 quae
3312 1755 3421 1819 non
3464 1739 3525 1795 in

225 1840 380 1920 Satis
415 1863 570 1919 nobis
599 1870 719 1918 erat
761 1862 1043 1933 praesentia
1080 1870 1166 1917 tua
1216 1859 1556 1931 supplicium,
1590 1858 1821 1915 similem
1850 1846 2255 1924 Bpalmitibus,
2304 1847 2399 1904 sed
2448 1848 2503 1902 in
2547 1844 2772 1901 occultis
2820 1840 3092 1933 mysteriis
3137 1844 3222 1933 est
3258 1840 3538 1933 reperta

229 1954 314 2009 tui
337 1953 407 2009 ad
434 1953 675 2023 augenda
696 1961 959 2009 tormenta
977 1952 1201 2007 vocasti.
1228 1950 1334 2007 Cur
1353 1951 1469 2006 haec
1490 1949 1639 2021 agis?
1658 1962 1825 2020 quare

229 2060 335 2103 nos
384 2062 507 2101 cum
556 2045 766 2102 Juliano
805 2048 881 2102 sic
928 2046 1182 2103 crucias?
1212 2044 1335 2101 Htec
1375 2054 1430 2101 et
1470 2044 1573 2099 alia
1627 2043 1829 2100 misero

230 2138 595 2207 declamante,
628 2139 856 2210 expletis
884 2141 1167 2195 missarum
1197 2138 1630 2195 solemnitatibus
1649 2177 1663 2205 ,
1697 2137 1827 2193 dum

231 2250 293 2291 sc
321 2243 449 2290 ante
474 2243 718 2289 sanctum
748 2235 913 2289 altare
939 2232 1245 2289 diutissime
1274 2216 1498 2297 cellidit,
1529 2228 1829 2301 profluente

232 2330 390 2384 sanie
437 2342 502 2384 ex
534 2342 627 2384 ore
655 2326 794 2401 ejus,
826 2328 897 2385 ab
945 2328 1303 2385 infestatione'
1332 2324 1535 2384 furoris
1576 2322 1831 2381 diabolici

234 2422 501 2481 liberatus
528 2431 627 2482 est.

788 2533 1020 2592 CAPUT
1041 2532 1264 2590 XXXV.

606 2648 757 2715 Quod
787 2648 959 2702 vin‘um
987 2662 1048 2701 ea
1074 2654 1218 2701 nocte
1245 2646 1481 2701 creverit.

315 2759 424 2818 Sed
452 2773 549 2837 nec
576 2758 679 2816 hoc
704 2760 864 2816 silere
884 2757 910 2797 δ
939 2765 1068 2830 puto
1098 2758 1224 2831 quid
1254 2758 1310 2815 in
1336 2766 1494 2815 nocte
1522 2756 1635 2825 illa,
1662 2759 1833 2845 prius-

242 2866 406 2924 quam
435 2858 636 2907 sanctte
677 2852 917 2924 reliquiae
945 2851 1144 2910 ibidem
1189 2851 1581 2909 collocarentur
1604 2895 1617 2920 ,
1645 2850 1715 2907 sit
1743 2865 1834 2922 ge-

245 2954 415 3003 stum.
441 2945 732 3002 Monachus
764 2946 931 3018 ipsius
956 2947 1080 3013 loci,
1112 2946 1238 3003 dum
1268 2946 1337 3004 de
1362 2946 1591 3003 adventu
1634 2944 1861 3003 solem-r

247 3038 435 3094 nitatis
499 3038 803 3110 gauderet,
844 3049 897 3095 et
956 3038 1195 3109 singulos
1248 3039 1415 3111 876
1468 3052 1709 3109 quosque
1767 3036 1861 3093 ad‘

247 3130 578 3186 cellariolum
603 3130 840 3187 basilicae
860 3131 1290 3203 promptissimus
1318 3130 1587 3199 invitaret,
1615 3134 1855 3188 hortans

250 3226 525 3279 momnee
553 3222 610 3279 in
654 3222 876 3279 basilica
920 3223 1148 3279 fideliter
1174 3223 1476 3294 vigilarent,
1516 3226 1758 3280 extracto
1801 3237 1832 3278 a
1860 3236 1929 3313 ρ)

256 3330 387 3372 vase
415 3316 560 3384 vino,
601 3316 763 3387 coepit
806 3317 883 3373 eis
930 3330 1091 3372 causa
1138 3315 1435 3373 devotionis
1476 3330 1598 3371 cum
1638 3313 1849 3385 gaudio

256 3409 578 3479 propinare,
632 3409 853 3466 dicens;
882 3409 1129 3480 Magnum
1175 3408 1329 3465 nobis
1374 3407 1728 3479 patrocinium
1782 3409 1838 3463 in

255 3503 470 3560 beatum
499 3504 785 3576 Martyrem
814 3505 989 3575 pietas
1009 3504 1189 3562 divina
1218 3504 1457 3575 largitur.
1482 3504 1681 3561 idcirco
1707 3517 1839 3574 rogo

258 3597 572 3671 cltaritatem
600 3608 855 3670 vestram,
883 3608 942 3657 ut
985 3599 1313 3659 unanimiter.
1337 3599 1565 3672 vigiletis
1593 3612 1836 3664 mecum;

257 3706 376 3753 cras
402 3691 547 3749 enim
572 3703 772 3752 saneta:
792 3694 908 3765 ejus
934 3694 1176 3766 reliquiae
1202 3695 1255 3752 in
1286 3694 1388 3751 hoc
1413 3694 1530 3751 loco
1559 3702 1683 3750 sunt
1728 3692 1839 3751 col-

258 3785 515 3842 locandae.
548 3785 751 3842 Exacta
781 3799 992 3857 quoque
1021 3801 1143 3844 cum
1191 3787 1368 3843 sacris
1396 3774 1611 3857 hymnis
1652 3785 1841 3841 modu-

258 3875 428 3947 lisque
472 3876 781 3934 coelestibus
826 3886 982 3935 nocte
1004 3922 1017 3945 ,
1051 3878 1334 3936 celebratis
1374 3879 1533 3935 etiam
1562 3878 1842 3935 Missarum

259 3966 553 4036 solemniis,
584 3968 869 4025 festivitate
898 3984 1065 4025 ovans
1112 3972 1339 4025 clericus
1371 3980 1392 4008 ο
1431 3970 1592 4039 coepit
1619 3984 1710 4027 eos
1744 3970 1844 4026 ite-

262 4074 398 4126 rum,
431 4072 568 4131 quos
594 4058 738 4131 prius
762 4060 1102 4127 invitaverat,
1136 4075 1325 4131 rogare
1366 4060 1430 4115 ad
1472 4059 1841 4131 refectionem,

266 4150 444 4208 dicens
467 4168 480 4206 :
509 4150 719 4209 Gratias
740 4152 893 4217 vobis
922 4167 1021 4224 ago
1045 4154 1189 4226 quod
1210 4152 1287 4210 sic
1307 4154 1373 4210 ad
1396 4153 1719 4224 vigilandum
1746 4156 1846 4211 im-

266 4248 486 4307 mobiles
519 4248 845 4319 perStitistis.
878 4249 984 4306 Sed
1015 4264 1113 4307 nec
1141 4248 1339 4320 Martyr
1383 4248 1475 4304 diu
1513 4249 1719 4305 distulit
1742 4250 1843 4308 bo-

268 4358 386 4398 nam
416 4342 742 4399 voluntatem
770 4344 979 4400 virtutis
1017 4358 1130 4401 suae
1164 4332 1351 4415 gratia
1374 4357 1676 4401 munerare.
1710 4342 1852 4401 Nam

274 4437 541 4507 ingressus
562 4440 983 4509 promptuarium
1010 4439 1259 4507 clericus,
1311 4440 1513 4511 reperit
1560 4441 1844 4511 cupellam,

275 4543 425 4600 quam
455 4544 591 4600 pene
629 4531 857 4588 mediam
885 4532 1196 4602 reliquerat,
1227 4544 1323 4603 per
1349 4532 1681 4601 superiorem
1729 4533 1845 4589 adi-

1931 1956 2156 1999 acervus
2199 1940 2476 1996 acinorum
2508 1951 2616 1993 non
2665 1935 2924 2004 premitur
2963 1932 3030 1987 ab
3075 1930 3289 1997 arbore,
3323 1935 3378 1984 et
3414 1923 3528 1980 vini

1930 2021 2171 2093 defluunt
2200 2032 2392 2097 undat;
2427 2029 2749 2086 hauriuntur
2780 2026 3003 2090 falerna,
3037 2036 3159 2078 cum
3188 2021 3243 2076 in
3274 2013 3533 2074 torculari

1932 2145 2038 2187 non
2070 2136 2364 2189 cernuntur
2394 2126 2689 2195 impressa;
2716 2120 2840 2175 vitis
2868 2132 2995 2174 ecce
3025 2130 3132 2171 non
3164 2111 3442 2183 aSpicitur,
3474 2112 3532 2163 et

1932 2222 2123 2294 pocula
2170 2219 2317 2288 large
2362 2214 2723 2285 complentur.
2764 2210 2868 2283 Sed
2923 2208 3053 2279 quid
3125 2202 3383 2276 inquam?
3416 2214 3529 2294 non

1933 2293 2075 2373 enim
2120 2313 2269 2368 deest
2311 2307 2560 2365 fidelibus
2601 2307 2775 2362 virtus
2815 2304 2905 2359 illa
2945 2299 3202 2357 caelestis.
3252 2297 3386 2352 Nam
3438 2293 3532 2364 qui

1934 2407 2204 2480 quondam
2226 2405 2279 2460 in
2309 2402 2509 2474 nuptiis
2535 2400 2602 2457 de
2628 2398 2782 2470 aquis
2810 2393 3063 2468 praestitit
3084 2393 3229 2457 vina,
3255 2402 3397 2445 nunc
3416 2386 3532 2444 suis

1934 2499 2125 2558 eadem
2166 2496 2313 2568 large
2343 2493 2570 2565 porrigit
2596 2492 2714 2548 sine
2742 2488 2903 2545 ullius
2932 2484 3187 2544 clementi
3217 2488 3442 2546 natura;
3472 2484 3534 2534 et

1935 2590 2025 2663 qui
2045 2589 2275 2661 geminis
2296 2586 2531 2657 piscibus
2552 2583 2786 2655 quinque
2808 2579 2973 2636 millia
2996 2575 3271 2632 hominum
3292 2570 3531 2635 satiavit,

1938 2662 2081 2737 nunc
2128 2680 2283 2735 bona:
2313 2675 2577 2733 voluntati
2608 2672 2957 2749 multiplicata
2987 2666 3240 2725 restituit.
3270 2663 3330 2720 In
3362 2662 3534 2733 ipsius

1937 2769 2081 2831 enim
2113 2780 2261 2827 ortus
2288 2778 2529 2838 tempore
2550 2766 2790 2841 angelica
2818 2779 2921 2819 vox
2954 2769 3145 2817 testata
3172 2764 3275 2825 est,
3304 2755 3491 2811 dicens
3512 2768 3532 2808 :

1939 2860 2122 2919 Gloria
2148 2863 2203 2916 in
2230 2859 2444 2916 excelsis
2464 2858 2594 2925 Deo,
2629 2865 2674 2911 et
2702 2858 2756 2909 in
2782 2863 2917 2909 terra
2946 2869 3051 2924 pax
3070 2848 3360 2905 hominibus
3386 2846 3543 2900 bona

1940 2948 2218 3013 voluntatis
2248 2951 2407 3034 (Luc.
2434 2966 2504 3019 rt,
2536 2949 2649 3019 14).
2683 2946 2789 3006 Sed
2819 2947 2925 3016 iam
2955 2946 3021 3001 ad
3050 2940 3327 3014 sequentia
3356 2937 3534 2997 virtu-

1940 3059 2052 3106 tum
2083 3060 2247 3118 opera
2277 3047 2574 3103 veniamus.
2860 3063 2863 3066 ν

2475 3155 2699 3215 CAPUT
2749 3152 2992 3211 XXXVI.

2227 3275 2304 3331 De
2326 3282 2584 3345 contracto
2611 3274 2669 3329 in
2695 3274 2876 3330 eodem
2904 3273 3017 3327 loco
3045 3277 3247 3326 sanato.
3284 3312 3288 3313 ν

2014 3389 2269 3446 Serviens
2291 3384 2320 3425 ιι
2352 3386 2594 3457 ejusdem
2609 3383 2934 3443 monasterii
2962 3382 3055 3439 diu
3084 3387 3413 3448 contractus,
3449 3377 3533 3434 in—

1943 3482 2173 3545 feliciter
2234 3481 2567 3539 trahebatur.
2628 3479 2936 3537 Adveniens
2988 3484 3169 3534 autem
3229 3474 3298 3531 ad
3358 3474 3533 3544 ipsam

1942 3566 2124 3632 Sancti
2154 3572 2455 3642 basilicam,
2489 3571 2702 3645 vigilias
2733 3571 2987 3629 celebrat.
3022 3568 3230 3638 Quibus
3278 3563 3533 3637 expletis,

1944 3658 2101 3723 mane
2124 3666 2255 3733 dum
2301 3666 2368 3721 ad
2412 3671 2643 3722 stratum
2684 3679 2842 3721 suum
2887 3662 3208 3735 regreditur,
3243 3663 3383 3732 inter
3410 3672 3565 3743 μοι·οή

1945 3758 2172 3817 tantium
2199 3772 2391 3818 manus
2413 3758 2665 3817 resolutis
2687 3765 2906 3815 sanatus
2935 3764 3018 3812 est
3047 3754 3245 3815 nervis.
3531 3745 3534 3749 ’

2473 3892 2699 3951 CAPUT
2737 3891 3002 3948 XXXVII.

2474 4027 2553 4084 De
2577 4026 2748 4097 puella
2779 4026 2924 4096 lippa
2959 4023 3007 4079 ί.

2021 4167 2203 4235 Puella
2248 4166 2496 4238 quaedam
2533 4166 2691 4238 lippis
2725 4173 2842 4223 erat
2871 4164 3063 4234 oculis,
3089 4172 3147 4223 et
3167 4162 3335 4222 nimio
3359 4160 3539 4223 imbre

1951 4260 2310 4343 lacrymarum
2356 4258 2659 4333 proﬂuente
2703 4272 2841 4331 pene
2882 4267 3119 4316 caecata:
3161 4256 3315 4329 cujus
3358 4264 3538 4332 pater,

1952 4354 2134 4431 audita
2157 4355 2357 4413 virtute
2376 4354 2624 4428 Martyris
2644 4354 2891 4427 gloriosi,
2922 4369 3045 4413 cum
3075 4368 3139 4411 ea
3164 4352 3231 4410 ad
3252 4350 3538 4423 basilicam

1951 4458 2193 4509 Sanctam
2223 4454 2498 4520 properat,
2529 4447 2925 4521 celebratisque
2962 4444 3183 4518 vigiliis,
3214 4457 3372 4501 mane
3400 4456 3539 4519 pau-

1930 4540 2170 4617 peribus
2193 4544 2286 4615 qui
2306 4545 2374 4611 ad
2397 4544 2735 4601 matriculam
2762 4542 2907 4600 illam
2937 4550 3093 4600 erant
3118 4541 3297 4603 cibum
3329 4547 3541 4617 potum—

275 4632 380 4729 tum
404 4626 731 4697 redundare,
753 4629 809 4685 in
852 4637 1063 4729 tantum
1104 4636 1164 4685 ut
1205 4630 1379 4729 copia-
1405 4627 1847 4729 deﬂuenti5_vini
1872 4628 1927 4701 Β
1954 4652 2059 4711 que
2082 4638 2328 4709 protulit.
2362 4637 2718 4708 Epulantibus
2747 4652 2880 4695 vero
2908 4636 3033 4705 illis,
3051 4636 3230 4694 subito
3252 4633 3425 4705 puella
3452 4634 3561 4687 αις·

278 4720 438 4789 tivum
465 4736 561 4790 Der
589 4733 789 4783 ιθιτωῐι
817 4722 886 4778 ad
912 4722 1108 4787 ostium
1139 4735 1308 4793 usque
1349 4720 1660 4788 deduceret
1692 4722 1847 4792 000d
1956 4730 2082 4803 pitis
2130 4732 2321 4789 dolore
2363 4746 2427 4789 se
2464 4733 2706 4804 torqueri
2753 4730 3072 4802 proclamat,
3122 4735 3176 4793 et
3222 4734 3282 4782 ut
3328 4724 3545 4787 modico

278 4810 360 4868 ille
387 4812 688 4881 admirans,
721 4814 895 4884 posite
942 4815 1189 4881 deorsum
1236 4828 1388 4883 vase,
1431 4816 1625 4885 sapius
1661 4815 1851 4879 extulit
1959 4826 2145 4895 sopori
2186 4824 2526 4896 indulgenter
2574 4825 2849 4895 implorat.
2881 4824 2999 4891 Qua
3026 4821 3361 4891 quiescente,
3415 4832 3545 4881 cum

280 4900 480 4970 plenum
512 4918 529 4956 :
558 4902 655 4958 sed
687 4903 833 4958 etde
861 4903 978 4972 ipso
1006 4918 1129 4960 cum
1158 4903 1637 4987 satisr‘abundeque
1664 4905 1851 4987 fuisset
1957 4915 2199 4970 convivae
2252 4916 2466 4985 epulum
2518 4917 2851 4987 explicarent
2902 4916 2952 4982 ι,
3003 4914 3170 4986 878
3216 4911 3306 4967 ille
3355 4923 3541 4967 surre-

281 5004 584 5059 θιρθηευω,
619 4991 753 5047 nihil
783 5005 1001 5060 Ιποΐευε
1024 4994 1207 5063 demit.
1240 4986 1337 5052 Sed
1361 4992 1534 5066 usque
1579 4996 1630 5050 ίη
1660 4986 1859 5053 omnis.
1962 5004 2071 5073 xit,
2116 5014 2171 5062 et
2210 5007 2279 5063 ad
2326 5015 2570 5066 sanctum
2596 4986 2679 5064 se
2720 5008 2892 5064 altare
2922 5007 3047 5064 duci
3075 5006 3359 5077 deposcit:
3386 5008 3543 5063 ante-

282 5103 397 5145 num
425 5086 743 5143 mirantibus
781 5087 991 5145 cunctis
1014 5102 1230 5160 semper
1259 5090 1413 5149 stetit
1439 5091 1680 5162 plenum.
1724 5092 1854 5147 Erat
1960 5108 2124 5167 quam
2152 5094 2181 5133 ι
2204 5097 2323 5153 solo
2362 5106 2629 5167 prostrata
2658 5097 2869 5169 fuisset,
2897 5106 2958 5155 et
2976 5106 3183 5156 attente
3206 5097 3418 5155 Domini
3446 5096 3549 5159 mir

285 5190 445 5239 autem
477 5192 535 5238 ﬁt
555 5177 781 5238 Kalend.
810 5180 1013 5237 mensis
1040 5180 1211 5254 quinti
1238 5178 1368 5243 ἀ.ςο
1395 5182 1726 5241 admirabilis
1747 5184 1857 5240 vir-
1961 5190 2308 5250 sericordiam
2332 5190 2740 5267 deprecaretur,
2773 5193 3039 5256 restrictis
3061 5194 3339 5267 lacrymis,
3361 5208 3548 5268 purga,

350 5370 373 5441 ξ
400 5362 785 5441 Mart.,_ltom._,
796 5364 1055 5441 Qerm._et
1077 5363 1229 5441 Colb.
1252 5364 1307 5433 2,
1322 5374 1624 5427 cruentos...
1647 5375 1845 5441 epulas.

300 5444 303 5467 ~‘
348 5430 375 5470 ι’
402 5434 527 5500 Alii,
555 5430 715 5492 sileri.
745 5436 909 5503 Editi,
936 5437 1210 5492 silendum.

353 5511 373 5585 ξ
394 5504 575 5585 ρβωη
602 5509 901 5585 monachus,
925 5516 981 5565 et
1009 5510 1086 5566 sic
1118 5508 1275 5585 inira,
1307 5511 1401 5585 sed
1434 5510 1653 5581 perinde
1673 5522 1771 5570 est.

350 5572 373 5612 ά
393 5574 497 5654 Hie
510 5584 696 5654 contra
716 5592 870 5654 suum
888 5572 1101 5654 'morem
1123 5572 1414 5651 Gregorius
1432 5572 1672 5641 mensem
1700 5586 1853 5654 quin-

295 5653 387 5702 tum
413 5647 620 5729 videtur
646 5647 1159 5729 Maiumgppellare;
1212 5647 1545 5729 p'roindeque
1594 5647 1851 5729 inchoare

296 5733 470 5774 annum
492 5734 521 5800 a
544 5717 817 5775 Januario.
850 5717 977 5777 Vide
1006 5717 1163 5793 supra
1195 5717 1348 5783 notas
1373 5726 1439 5782 ad
1457 5717 1587 5797 'cap.
1618 5719 1700 5785 90'
1714 5728 1807 5784 lib.
1832 5744 1849 5783 ι

296 5790 352 5850 de
382 5790 561 5848 Gloria
589 5790 744 5848 Mart.
1320 5842 1325 5849 ,

405 5842 840 5936 Ᾰῐίῇιῖοΐὲοῆριί
870 5876 991 5921 cum
1031 5863 1219 5936 Editis,
1255 5842 1356 5926 non
1392 5872 1538 5937 vina;
1588 5879 1643 5931 et
1688 5870 1881 5942 ifiil'it,.

1959 5366 2159 5440 liquore
2187 5386 2287 5442 quo
2309 5370 2526 5442 fructus.
2559 5372 2765 5441 Germ.,
2796 5376 2850 5431 in
2876 5391 2976 5448 quo
3002 5374 3221 5448 fructus.

2037 5439 2058 5478 τ
2092 5438 2273 5500 Gcm..
2299 5445 2490 5500 maius.
2519 5443 2657 5500 forte
2686 5461 2783 5500 nro
2814 5446 3008 5500 Maius.

2038 5460 2053 5478 -
2092 5460 2273 5509 verm,
2299 5460 2490 5515 majus,
2519 5460 2657 5509 torte
2686 5461 2783 5517 pro
2814 5460 3008 5502 Marus.

2029 5520 2055 5591 β
2080 5511 2386 5591 [ﬁgendum
2402 5514 2567 5586 forte,
2594 5517 2777 5591 deﬂuit
2796 5533 2828 5571 a
2855 5519 3057 5591 virtute.
3088 5516 3378 5591 .Equatur.

2028 5579 2057 5661 1}
2085 5579 2294 5664 ﬁcium,
2320 5604 2514 5664 scmus.
2546 5579 2709 5664 Editi,
2743 5591 2971 5664 seruiens,
2992 5579 3301 5664 Imjus,'etc.

2036 5655 2052 5737 ξ
2084 5655 2618 5737 ᾕδελριθτίᾳυθε-ιᾎᾳ
2643 5674 2779 5737 ca:co_
2804 5655 3122 5737 illunzinafo.

2034 5727 2046 5803 ξ
2084 5727 2173 5803 §ie
2194 5727 2380 5803 Germ.
2399 5727 2466 5783 ‘ct
2493 5728 2645 5803 Colb_.
2671 5745 2724 5803 cf.
2753 5730 2881 5799 Alii,
2913 5734 3257 5803 applicarent.

1960 5794 2291 5928 carnea?”
2323 5797 2474 5859 Gem.
2520 5809 2574 5858 et
2600 5798 2752 5859 Colb.
2784 5817 2834 5873 c,
2868 5794 2993 5864 cum
3040 5805 3191 5878 Sur.,
3241 5816 3361 5865 ante
3406 5810 3545 5878 quod
