4072 6346
597 359 702 417 825

1582 365 1642 420 S.
1682 366 2013 425 GREGORII
2056 367 2365 428 EPISCOPI
2406 371 2836 433 TURONENSIS

3761 373 3862 438 εει

596 476 664 529 tis
715 469 1032 545 lippitudine
1071 468 1265 542 oculis,
1320 475 1440 531 laeta
1488 481 1723 536 surrexit
1770 498 1782 534 :
1835 489 1959 538 tunc
2014 491 2166 552 patre
2194 491 2244 546 Α
2275 486 2398 553 quia
2419 493 2702 554 antequam
2731 489 2797 542 ad
2824 488 3040 546 domum
3062 491 3400 559 accederem,
3438 491 3640 560 colore,
3670 496 3864 564 spissi«

593 564 860 638 gaudente
882 565 1026 621 domi
1058 565 1300 622 redditur
1328 576 1353 604 ι
1381 583 1535 623 sana.

1106 679 1331 738 CAPUT
1372 683 1652 740 XXXVIII.

1111 794 1192 850 De
1220 798 1325 850 alio
1354 810 1633 854 contracto.

659 909 812 967 Alius
840 910 1054 982 quidam
1106 913 1361 982 puerulus
1407 915 1681 982 parvulus,
1731 914 1881 984 cujus
1913 926 2166 985 parentes

587 1002 728 1059 haud
771 1007 957 1074 procul
1005 1006 1072 1060 ab
1112 1006 1225 1075 ipsa
1271 1008 1487 1062 basilica
1535 1010 1966 1075 commanebant,
2000 1011 2051 1064 in
2080 1026 2166 1066 se-

585 1094 764 1150 cundo
793 1106 942 1152 ortus
970 1098 1053 1151 sui
1081 1112 1222 1153 anno
1245 1099 1502 1154 membris
1533 1101 1660 1154 totis
1687 1111 2012 1168 contractus,
2049 1103 2164 1157 sine

585 1201 685 1258 ape
732 1189 959 1259 alicujus
1004 1192 1127 1246 boni
1175 1195 1531 1249 nutriebatur.
1585 1197 1683 1263 Qui
1741 1197 1809 1250 ita
1859 1207 2164 1256 contractus

583 1291 720 1350 erat,
754 1292 812 1337 ut
841 1299 1011 1353 genua
1035 1286 1102 1340 ab
1139 1288 1253 1355 ejus
1285 1303 1378 1343 ore
1408 1289 1620 1356 penitus
1641 1293 1874 1357 separari
1909 1308 2012 1344 non
2041 1305 2166 1360 pos-

581 1382 721 1428 sent.
757 1372 921 1445 Cujus
951 1387 1222 1448 parentes,
1266 1396 1384 1434 cum
1414 1380 1478 1434 ad
1509 1391 1745 1434 sanctam
1779 1382 2050 1436 basilicam
2082 1384 2162 1438 vi-

581 1466 861 1536 gilassent,
894 1478 948 1523 et
975 1471 1270 1539 projectum
1317 1474 1633 1528 infantulum
1661 1490 1844 1530 coram
1877 1492 2159 1531 sacrosan-

580 1561 679 1614 ctis
721 1562 962 1630 reliquiis
1003 1565 1352 1633 dimisissent,
1389 1577 1510 1637 post
1557 1570 1827 1639 paululum
1885 1572 2158 1639 reperiunt

578 1666 700 1707 eum
754 1654 1048 1722 sedentem,
1104 1660 1358 1715 membris
1413 1663 1661 1718 omnibus
1705 1679 1825 1718 esse
1870 1664 2154 1718 directum.

580 1741 807 1810 Dehinc,
856 1745 969 1802 fusa
1000 1749 1262 1816 oratione,
1295 1751 1589 1821 gaudentes
1631 1754 1697 1808 ad
1746 1755 1960 1810 domum
2003 1770 2153 1810 suam

576 1833 809 1903 regressi
839 1847 982 1893 sunt.

1111 1932 1334 1989 CAPUT
1380 1935 1624 1993 XXXIX.

1196 2049 1272 2102 De
1295 2053 1536 2122 perjuris.

645 2154 738 2212 Est
768 2156 926 2214 etiam
958 2159 1010 2214 in
1039 2161 1305 2218 Turouico
1338 2166 1508 2233 vicus,
1556 2166 1641 2221 cui
1684 2167 1954 2224 Gaudiaco
1981 2169 2009 2208 δ
2053 2187 2156 2228 ηο-

577 2269 698 2310 men
725 2264 826 2322 e~t,
859 2257 910 2311 in
935 2273 1040 2327 quo
1071 2258 1207 2313 beati
1243 2259 1493 2332 Martyris
1519 2264 1758 2332 reliquiae
1784 2269 2151 2340 continentur,

571 2347 661 2417 qui
690 2364 810 2402 cum
845 2351 1049 2420 magnis
1073 2352 1359 2409 virtutibus
1382 2358 1574 2411 crebro
1605 2357 1920 2427 illustretur,
1953 2362 2005 2415 in
2033 2379 2152 2432 per-

567 2435 703 2508 iuris
755 2449 934 2496 tamen
981 2445 1298 2515 plerumque
1346 2447 1510 2515 agitat
1551 2449 1834 2505 ultionem.
1867 2451 1999 2507 Nam
2031 2470 2153 2511 cum

571 2527 771 2584 ibidem
803 2531 941 2600 quis,
967 2532 1184 2590 inimico
1229 2537 1444 2592 humani
1473 2542 1687 2608 generis
1715 2542 1999 2610 suadente,
2034 2561 2156 2615 per-

565 2615 851 2690 juraverit,
899 2621 970 2675 ita
1020 2623 1154 2679 ultio
1201 2624 1385 2680 divina
1416 2630 1774 2700 prosequitur,
1804 2641 1863 2688 ut
1907 2636 2154 2704 protinus

570 2721 665 2768 aut
691 2714 744 2769 in
771 2717 1112 2774 successione
1140 2718 1344 2786 damni,
1378 2731 1469 2778 aut
1495 2724 1547 2778 in
1579 2725 1870 2787 amissione
1897 2731 2154 2800 proximi,

571 2813 665 2861 aut
709 2806 762 2861 in
791 2811 1201 2880 consumptione
1231 2813 1402 2869 morbi
1427 2817 1706 2872 manifesta
1739 2826 1976 2888 patescat
2001 2839 2014 2876 :
2045 2838 2152 2882 non

570 2907 749 2956 tamen
777 2915 994 2957 causam
1023 2919 1307 2961 remanere
1335 2905 1559 2962 inultam
1596 2908 1794 2981 Martyr
1820 2925 2038 2982 prorsus
2071 2914 2154 2968 in-

568 2991 777 3062 dulget;
803 2994 896 3048 sed
929 3010 1026 3050 nec
1066 2996 1195 3052 inibi
1243 3007 1350 3052 tam
1376 2999 1508 3072 [Αι.,
1529 3000 1660 3072 jam]
1693 3019 1829 3058 ausu
1861 3005 2152 3062 temerario

569 3086 810 3157 perjurat
837 3088 1183 3146 barbarorum
1231 3092 1398 3147 cruda
1427 3094 1717 3151 rusticitas.
1751 3096 1828 3152 De
1856 3112 1961 3168 quo
1990 3113 2151 3169 nego-

568 3177 645 3233 tio
671 3179 770 3234 ista
815 3179 1101 3246 sufﬁciant,
1135 3183 1260 3252 quia
1309 3184 1525 3254 longum
1557 3191 1641 3240 est
1683 3187 1893 3258 singula
1934 3203 2054 3260 qua
2082 3189 2152 3247 de

570 3268 652 3326 his
678 3279 797 3328 acta
817 3279 944 3328 sunt
974 3287 1066 3329 uer
1095 3273 1338 3329 ordinem
1366 3290 1690 3333 memorare.

1170 3385 1400 3443 CAPUT
1437 3387 1550 3444 XL.

643 3498 723 3555 De
749 3499 976 3572 reliquiis
1000 3503 1134 3574 ejus,
1162 3519 1289 3572 quas
1329 3503 1540 3562 Aridius
1568 3507 1826 3579 presbyter
1846 3510 2075 3566 sustulit.

642 3613 809 3684 879
830 3613 964 3670 Cum
986 3622 1162 3672 autem
1185 3616 1251 3671 ad
1281 3633 1368 3674 me
1395 3618 1614 3676 Aridius
1650 3623 1929 3694 presbyter
1953 3637 2017 3679 ex
2046 3623 2152 3682 Le-

571 3704 841 3759 movicino
870 3707 1124 3775 venisset,
1164 3709 1247 3764 vir
1277 3709 1432 3766 valde
1459 3711 1760 3782 religiosus,
1794 3714 1946 3785 cujus
1987 3717 2150 3772 etiam

566 3792 626 3850 in
656 3796 894 3851 secundo
937 3797 1191 3854 virtutum
1234 3800 1376 3855 beati
1421 3801 1631 3858 Martini
1682 3804 1821 3859 libro
1875 3805 2023 3876 (Cap.
2056 3807 2150 3878 59)

567 3888 808 3958 memini,
853 3890 976 3946 dum
1021 3892 1252 3949 sollicite
1282 3895 1443 3950 vitam
1495 3895 1612 3962 ejus
1657 3908 2045 3969 perscrutarer,
2097 3908 2152 3956 et

569 3982 834 4039 actionem
882 3984 1156 4056 inquirere
1203 3988 1342 4059 οωρί
1392 4004 1512 4060 quae
1559 3990 1758 4045 ibidem
1807 3991 2151 4047 beatissimus

567 4071 811 4132 Julianus
849 4077 903 4132 in
952 4079 1223 4135 miraculis
1269 4081 1612 4151 prodidisset.
1666 4081 1721 4136 In
1772 4082 1978 4138 honore
2006 4083 2150 4139 enim

562 4165 705 4225 beati
735 4169 978 4242 Martyris
1009 4172 1285 4230 basilicam
1316 4176 1620 4242 aedificavit,
1653 4181 1811 4246 quam
1834 4187 1887 4232 et
1909 4177 2025 4246 ejus
2064 4192 2152 4234 re-

561 4257 743 4330 liquiis
792 4262 1100 4320 illustravit.
1135 4267 1284 4322 Sicut
1333 4283 1458 4339 ergo
1504 4277 1587 4324 est
1631 4269 2146 4340 verecundissimus,

565 4353 657 4408 diu
686 4367 989 4426 cunctatus,
1011 4361 1223 4417 tandem
1255 4361 1372 4418 haec
1401 4373 1452 4418 et
1484 4364 1638 4419 valde
1663 4364 1860 4420 invitus
1880 4368 2146 4436 exposuit.

565 4443 811 4511 Quando,
842 4449 1033 4518 inquit,
1065 4452 1295 4519 primum
1329 4455 1469 4509 beati
1511 4455 1708 4509 Juliani
1762 4457 1902 4512 adivi
1955 4457 2145 4515 basili-

564 4546 704 4603 cam,
731 4552 1020 4609 parumper
1042 4557 1178 4598 cerm
1196 4559 1224 4597 a
1248 4546 1494 4612 sepulcro
1516 4548 1709 4601 sustuli
1737 4565 1750 4601 :
1777 4547 1901 4605 inde
1925 4552 2146 4610 veniens

563 4627 631 4682 ad
664 4627 862 4685 fontem
896 4630 948 4686 in
980 4648 1084 4702 quo
1113 4635 1255 4689 beati
1280 4637 1528 4706 Martyris
1567 4641 1785 4711 sanguis
1812 4642 2013 4699 ellusus
2036 4656 2138 4712 est,
2170 4637 2224 4698 D

563 4717 745 4774 abluta
775 4721 926 4791 aquis
956 4721 1110 4790 faeie,
1137 4738 1355 4793 parvam
1400 4727 1467 4780 ab
1509 4726 1594 4782 bis
1625 4743 1722 4797 pro
1771 4730 2144 4789 benedictione

560 4812 821 4884 complevi
875 4815 1186 4888 ampullam.
1239 4818 1430 4875 Testor
1476 4821 1902 4893 omnipotentem
1947 4825 2140 4896 Deum,

629 4981 658 5044 fl
683 4973 870 5040 Iidem,
899 4976 1182 5031 reducitur.
1211 4977 1392 5044 Bom.,
1414 4981 1563 5036 redit.

626 5040 659 5082 δ
687 5046 922 5102 Habetur
945 5050 1082 5117 apud
1114 5048 1357 5104 Turones
1380 5040 1471 5105 'ad
1515 5053 1690 5107 Carim
1736 5049 1953 5106 ﬂuvium
1983 5051 2135 5108 locus

551 5108 807 5191 [oyacum
830 5108 1213 5191 dictus,ﬁvulgo
1233 5119 1368 5174 Joué
1397 5131 1488 5175 aut
1527 5122 1722 5191 Jouay,
1755 5123 1844 5190 qui
1877 5122 2014 5178 forte
2043 5122 2132 5178 hic

551 5184 882 5254 designatur.
913 5189 969 5242 In
1000 5190 1133 5243 libro
1147 5184 1338 5245 'autem
1370 5206 1400 5242 v
1426 5192 1562 5245 Hist.
1607 5184 1729 5258 cap.
1756 5184 1824 5248 η
1863 5208 2134 5247 memora»

550 5263 639 5331 tur
665 5259 844 5331 domus
865 5258 1308 5331 locandiacensis,
1341 5276 1501 5331 quam
1532 5262 1770 5315 nonnulli
1798 5271 1982 5328 putant
2007 5277 2146 5318 esse°

549 5325 694 5400 [tunc
749 5329 921 5396 ipsum
983 5330 1154 5385 locum
1206 5325 1397 5400 Jouagj,
1449 5331 1580 5383 alias
1628 5325 1988 5399 Gaudiacum,
2036 5342 2131 5389 aut

539 5394 827 5466 'Joyacum.
854 5412 1235 5467 nuncupatum.
1283 5394 1508 5455 Ursinus
1539 5403 1590 5454 in
1637 5402 1754 5456 Vita
1791 5394 2129 5459 sancti'Leo-

548 5467 745 5545 (legar-ii
793 5469 1123 5545 Gaudiacum
1151 5482 1436 5536 memorat,
1460 5487 1578 5542 cap.
1610 5473 1699 5539 22,
1730 5475 1826 5530 sed
1872 5475 1925 5527 in
1972 5491 2126 5545 paro-

545 5536 659 5589 cltia
687 5536 1006 5598 Carnotenst'.

617 5617 640 5646 ε
667 5608 718 5663 In
742 5612 892 5666 Colb.
915 5629 943 5666 a
969 5613 1118 5667 deest
1146 5623 1312 5669 nocte.

616 5677 640 5754 ξ’
673 5680 932 5754 Βενςτυεθ
971 5685 1022 5736 in
1064 5700 1276 5739 summo
1315 5683 1498 5740 altaris
1543 5684 1716 5754 pesita
1766 5685 1984 5741 disserit
2014 5685 2121 5742 Ma-

544 5748 725 5826 billon.
752 5753 882 5826 lib._t
911 5754 1160 5826 Liturgim
1191 5757 1377 5809 Gallic.
1403 5770 1523 5822 cap.
1545 5748 1609 5822 '8,
1641 5773 1791 5812 num.
1826 5759 1878 5823 8,
1913 5767 1969 5812 et
1998 5774 2118 5826 cap.

539 5821 592 5894 9,
619 5838 765 5894 num.
795 5823 886 5889 Ἡ,
916 5825 998 5894 ubi
1028 5825 1287 5894 insignem
1318 5841 1374 5879 ea
1399 5821 1552 5882 deire
1584 5821 1760 5883 Iocaim
1785 5821 1954 5884 saneti
1979 5821 2119 5883 Pau-

541 5891 638 5948 lini
664 5893 834 5963 episc.
877 5893 946 5950 ad
971 5891 1230 5959 Severum
1261 5897 1548 5957 scribentis
1570 5898 1770 5969 laudat,
1799 5914 1960 5972 quem
1991 5902 2119 5958 sub-

2187 1849 2237 1911 Β

2277 577 2460 631 tudine
2492 587 2651 647 atque
2695 581 2860 636 odore
2911 581 2962 637 in
3014 583 3312 639 balsamum
3367 595 3698 641 commutata
3758 602 3862 646 εει.

2275 669 2508 725 Veniens
2539 689 2667 727 vero
2709 677 2961 731 sacerdos
3002 679 3067 732 ad
3119 679 3470 735 dedicandam
3503 683 3707 752 tndem,
3738 700 3859 743 eum

2274 763 2388 818 bace
2421 769 2813 836 exposuissem,
2869 770 2996 823 nihil
3027 771 3167 826 aliud
3213 789 3307 840 pro
3351 775 3590 845 reliquiis
3625 779 3679 832 in
3736 795 3856 834 san-

2270 866 2411 911 ctum
2443 861 2607 914 altare
2629 864 2860 918 condere
2888 867 3073 929 voluit,
3109 867 3209 919 nisi
3237 868 3507 922 vasculum
3536 870 3694 938 cujus
3724 887 3856 942 aqua

2270 947 2321 1001 in
2370 950 2664 1007 balsamum
2723 966 3045 1010 commutata
3093 957 3284 1024 fuerat,
3329 960 3546 1015 dicens:
3581 962 3679 1017 Ila
3733 974 3855 1019 sunt

2270 1049 2428 1092 certa:
2466 1043 2725 1113 reliquiae,
2777 1062 2910 1116 quas
2952 1047 3152 1118 Martyr
3187 1050 3532 1119 paradisiacis
3563 1052 3855 1111 virtutibus

2269 1131 2580 1192 illustravit.

2853 1231 3080 1289 CAPUT
3123 1235 3257 1290 XLI.

2749 1348 2828 1402 De
2860 1350 3146 1421 paralytico
3173 1364 3375 1410 sanato.

2337 1457 2498 1514 Multa
2523 1463 2736 1531 quidem
2761 1473 2814 1518 et
2845 1465 2949 1519 alia
2977 1479 3120 1532 sunt,
3151 1471 3218 1525 de
3249 1473 3439 1541 quibus
3462 1474 3700 1544 plurima
3721 1491 3851 1546 prc-

2265 1553 2592 1620 termittens,
2629 1556 2801 1624 aliqua
2827 1559 3022 1623 pando.
3055 1559 3303 1615 Inﬁrmus
3327 1565 3562 1632 quidam,
3591 1570 3844 1625 omnibus

2265 1646 2520 1700 membris
2562 1647 2770 1712 debilis,
2805 1651 3038 1716 plaustro
3081 1653 3358 1721 impositus
3385 1657 3452 1711 ad
3492 1658 3608 1727 ejus
3651 1675 3840 1714 mona-

2265 1735 2483 1790 sterium
2515 1750 2594 1792 est
2625 1740 2903 1796 adductus.
2939 1744 3040 1810 Qui
3069 1760 3187 1798 cum
3220 1758 3342 1802 ante
3365 1749 3530 1817 ipsam
3563 1752 3838 1806 basilicam

2265 1826 2316 1880 in
2366 1827 2466 1882 hoc
2514 1829 2760 1884 vehiculo
2802 1847 2955 1887 nocte
2990 1845 3012 1872 ο
3039 1836 3260 1902 jaceret,
3306 1840 3449 1893 videt
3490 1856 3606 1894 eam
3658 1842 3836 1897 subito

2264 1937 2459 1990 magno
2481 1925 2770 1991 splendore
2795 1926 3082 1994 fulgentem
3102 1946 3123 1993 .;
3156 1944 3426 1996 vocesque
3457 1933 3509 1985 in
3537 1948 3598 1986 ea
3627 1935 3841 2002 psallen-

2264 2012 2392 2066 tium
2447 2023 2694 2082 tauquam
2755 2021 3039 2072 multorum
3095 2019 3370 2075 hominum
3402 2023 3671 2078 audiebat.
3709 2026 3836 2078 Dum

2264 2105 2376 2157 haec
2431 2117 2736 2173 agerentur,
2789 2117 2842 2162 et
2891 2110 2979 2164 ille
3032 2114 3327 2167 orationem
3373 2114 3639 2182 funderet,
3693 2118 3840 2186 quasi

2259 2207 2483 2267 stupens
2513 2199 2682 2253 factus
2714 2200 2819 2272 [ΑΙ.
2845 2204 3194 2276 Stupel’actus]
3221 2221 3320 2261 nec
3349 2222 3554 2262 memor
3573 2210 3834 2278 dolorum,

2262 2306 2328 2346 eo
2359 2296 2842 2364 appropinquante,
2880 2299 3133 2366 splendor
3154 2315 3310 2369 quem
3345 2301 3555 2355 viderat
3583 2302 3834 2370 praeteriit

2263 2396 2387 2439 ante
2414 2388 2578 2457 880
2601 2389 2787 2444 oculos
2807 2391 2945 2460 ejus.
2971 2393 3041 2446 At
3066 2392 3176 2462 ille,
3202 2392 3412 2463 fulgore
3441 2396 3676 2463 demoto,
3700 2397 3755 2452 in
3779 2409 3834 2452 se

2258 2492 2526 2547 reversus,
2549 2481 2717 2536 sensit
2739 2496 2797 2537 se
2828 2482 3069 2551 pristinae
3093 2484 3251 2539 saluti
3283 2496 3680 2556 recuperatum.

2835 2595 3062 2652 CAPUT
3102 2597 3261 2653 XLII.

2754 2709 2832 2762 De
2861 2727 2993 2765 cwco
3029 2712 3342 2769 illuminato.

2327 2818 2515 2876 Cacus
2551 2834 2783 2891 quoque,
2825 2823 3148 2880 adminicqu
3178 2827 3495 2895 deducente,
3537 2829 3600 2886 ad
3644 2844 3823 2888 sacro-

2256 2919 2500 2966 sanctum
2544 2912 2715 2968 altare
2763 2913 2881 2982 ejus
2934 2917 3219 2984 accedens,
3273 2920 3394 2975 dum
3442 2922 3509 2977 de
3558 2924 3830 2992 opertorio

2254 3012 2558 3059 sanctarum
2590 3006 2940 3075 reliquiarum
2973 3011 3161 3067 oculos
3191 3014 3382 3083 attigit,
3400 3014 3574 3070 lumen
3600 3018 3825 3086 recepit.

2255 3095 2361 3152 Sed
2395 3105 2449 3152 et
2485 3103 2830 3170 energumeni
2861 3102 2930 3158 ab
2956 3104 3054 3159 bac
3077 3105 3214 3174 palla
3236 3105 3660 3180 cooperti,'saepe
3681 3127 3829 3167 mun-

2259 3191 2370 3248 dati
2397 3203 2560 3250 sunt:
2593 3204 2645 3251 et
2676 3207 2913 3266 potestas
2938 3201 3196 3269 judicum,
3238 3206 3660 3279 quotiescunque
3689 3207 3739 3263 in
3765 3219 3830 3264 eo

2260 3283 2379 3342 loco
2403 3285 2673 3356 superﬂue
2697 3289 2824 3360 egit,
2851 3291 3073 3347 confusa
3101 3293 3376 3352 discessit.

2829 3401 3055 3459 CAPUT
3095 3404 3278 3464 XLIII.

2718 3512 2793 3568 De
2812 3530 2960 3570 cruce
2979 3516 3161 3571 altaris
3189 3515 3384 3586 furata.

2325 3621 2599 3678 Pendebat
2628 3632 2802 3678 autem
2839 3640 3000 3696 super
3039 3627 3210 3695 ipsum
3251 3629 3418 3684 altare
3443 3643 3575 3686 crux
3606 3628 3636 3668 ει
3671 3630 3818 3686 bolo-

2257 3733 2443 3791 crysa,
2487 3720 2714 3787 eleganti
2747 3735 2910 3789 opere
2943 3721 3078 3776 facta
3105 3738 3120 3777 :
3150 3733 3204 3778 et
3250 3731 3366 3779 erat
3417 3734 3524 3779 tam
3573 3726 3823 3796 praclara

2255 3810 2397 3879 visu,
2422 3819 2479 3865 ut
2504 3826 2620 3864 eam
2644 3821 2862 3881 putares
2906 3829 2970 3868 ex
3013 3828 3146 3869 auro
3172 3829 3292 3871 esse
3315 3816 3692 3872 mundissimo.
3725 3817 3824 3872 Ad-

2253 3904 2591 3961 venientibus
2633 3920 2759 3961 vero
2806 3907 3070 3971 barbaris,
3124 3924 3152 3962 a
3205 3911 3436 3981 quodam
3494 3927 3618 3968 esse
3670 3925 3823 3967 aurea

2254 3997 2512 4051 aestimata
2534 3997 2736 4066 direpta
2765 4007 2845 4052 est
2874 4008 2927 4053 et
2954 3997 3072 4054 sinu
3097 4001 3390 4057 recondita.
3421 4003 3488 4057 At
3519 4003 3564 4058 is
3591 4005 3683 4072 qui
3711 4017 3822 4059 eam

2254 4091 2560 4157 sustulerat,
2583 4100 2730 4145 tanto
2753 4093 2928 4146 subito
2958 4095 3194 4162 pondere
3217 4105 3608 4167 praegravatur,
3625 4108 3681 4151 ut
3708 4110 3824 4152 eam

2253 4183 2463 4251 penitus
2494 4183 2763 4239 sustinere
2794 4199 2897 4239 non
2941 4194 3144 4254 posset,
3173 4186 3460 4257 statimque
3479 4197 3826 4258 compunctus

2252 4275 2449 4330 virtute
2497 4275 2764 4346 Martyris,
2810 4293 2871 4330 ac
2907 4279 3222 4347 poenitentia
3275 4289 3479 4348 motus,
3520 4281 3592 4338 de
3637 4282 3824 4339 itinere

2252 4367 2622 4423 transmissam
2656 4367 2775 4424 loco
2802 4378 2988 4425 sancto
3013 4369 3267 4426 restituit.

2811 4503 3037 4560 CAPUT
3076 4503 3262 4560 XLIV.

2531 4616 2765 4683 Qualiter
2791 4619 3009 4688 expetita
3037 4627 3152 4672 sunt
3177 4620 3286 4690 ejus
3315 4619 3550 4690 pignora.

2322 4730 2453 4798 Quae
2481 4739 2760 4800 postquam
2789 4742 2938 4803 gesta
2961 4743 3107 4799 sunt,
3133 4735 3278 4789 misit
3309 4745 3334 4772 ο
3356 4737 3608 4790 clericum
3643 4749 3819 4802 suum,

2248 4820 2470 4878 dicens:
2502 4821 2673 4891 Vade,
2709 4824 2900 4895 inquit,
2929 4825 2993 4882 ad
3035 4825 3176 4882 beati
3202 4825 3400 4881 Iuliani
3445 4826 3745 4892 basilicam,
3776 4836 3828 4882 et

2237 4978 2450 5049 jicimus
2470 4997 2485 5034 :

2389 5118 2622 5170 Divinum
2642 5117 2920 5167 veneranda
2941 5121 3121 5181 tegunt
3148 5116 3322 5170 altaria
3346 5117 3504 5170 fmdus
3532 5156 3548 5178 ,

2451 5181 2839 5244 Compositisque
2856 5194 2990 5229 sacra
3015 5195 3125 5230 cum
3147 5195 3296 5231 cruce
3322 5185 3613 5244 martyribus

2389 5241 2570 5305 Cuncta
2591 5241 2830 5293 salutiferi
2850 5250 3031 5292 coeunt
3052 5246 3266 5305 insignia
3285 5241 3483 5304 Christi,

2450 5303 2600 5366 Crux,
2619 5317 2814 5368 corpus,
2841 5310 3058 5367 sanguis,
3079 5303 3305 5368 martyris
3326 5308 3434 5368 ipse
3457 5303 3618 5356 Deus.

2233 5431 2363 5489 Inde
2400 5434 2562 5487 etiam
2599 5432 2690 5487 lux
2715 5432 2890 5502 aliqua
2933 5431 3116 5486 atl'erri
3162 5432 3374 5486 videtur
3417 5429 3612 5486 canoni
3660 5427 3819 5502 tertio

2232 5504 2440 5558 concilii
2486 5519 2520 5578 tt
2550 5499 2897 5578 Turonensis,
2934 5521 3041 5578 quo
3081 5516 3349 5578 cavetur:
3388 5502 3456 5556 Ut
3488 5516 3676 5578 corpus
3709 5499 3818 5578 Do-

2233 5575 2357 5627 mini
2386 5576 2438 5627 in
2459 5576 2611 5627 altari
2639 5591 2738 5627 non
2769 5575 2821 5626 in
2847 5575 3151 5644 imaginario
3176 5575 3379 5637 ordine,
3412 5574 3502 5644 sed
3533 5571 3626 5623 sub
3657 5571 3821 5644 crucis

2231 5645 2381 5697 titulo
2427 5654 2784 5713 componatur.
2827 5645 2928 5700 Adi
2953 5640 3253 5713 Mabillon.,
3286 5644 3378 5698 Μ).
3411 5657 3430 5696 ι
3459 5642 3672 5709 Liturg.
3697 5640 3819 5695 Gal-

2230 5715 2319 5769 lic.
2353 5729 2471 5782 cap.
2505 5722 2558 5769 9.

2302 5817 2326 5844 ε
2359 5805 2564 5870 Germ.,
2611 5806 2763 5862 Gem.
2792 5813 2847 5864 et
2871 5806 3022 5867 Coll).
3058 5822 3110 5874 c,
3139 5805 3276 5861 misit
3302 5820 3459 5880 supra
3490 5802 3657 5857 dictus
3685 5800 3811 5857 Are-

2229 5879 2345 5935 dius
2373 5880 2630 5934 clericum.

2913 5967 2984 6002 -4
3457 5999 3461 6002 ,
3672 5979 3712 5995 ..-

2950 5997 2959 6010 Ι
