  <div class='ocr_page' id='page_1' title='image "/cluster/home/n/w/nwhite01/storage/ocr_20150623/71/hvd.32044020096954/418.png"; bbox 0 0 4072 6346; ppageno 0'>
   <div class='ocr_carea' id='block_1_1' title="bbox 244 432 364 491">
    <p class='ocr_par' dir='ltr' id='par_1_1' title="bbox 244 432 364 491">
     <span class='ocr_line' id='line_1_1' title="bbox 244 432 364 491; baseline -0.017 0"><span class='ocrx_word' id='word_1_1' title='bbox 244 432 364 491; x_wconf 67' lang='lat'><strong>825</strong></span> 
     </span>
    </p>
   </div>
   <div class='ocr_carea' id='block_1_2' title="bbox 1000 420 2741 486">
    <p class='ocr_par' dir='ltr' id='par_1_2' title="bbox 1000 420 2741 486">
     <span class='ocr_line' id='line_1_2' title="bbox 1000 420 2741 486; baseline -0.004 0"><span class='ocrx_word' id='word_1_2' title='bbox 1000 425 1501 486; x_wconf 72' lang='lat' dir='ltr'><strong>MIRA&#39;CULORUM</strong></span> <span class='ocrx_word' id='word_1_3' title='bbox 1540 425 1671 481; x_wconf 81' lang='lat' dir='ltr'><strong>LIB.</strong></span> <span class='ocrx_word' id='word_1_4' title='bbox 1712 421 1779 480; x_wconf 89' lang='lat' dir='ltr'>II.</span> <span class='ocrx_word' id='word_1_5' title='bbox 1824 420 1913 478; x_wconf 79' lang='lat' dir='ltr'><strong>DE</strong></span> <span class='ocrx_word' id='word_1_6' title='bbox 1953 421 2323 481; x_wconf 78' lang='lat' dir='ltr'><strong>MIRACULIS</strong></span> <span class='ocrx_word' id='word_1_7' title='bbox 2358 423 2419 482; x_wconf 90' lang='lat' dir='ltr'><strong>S.</strong></span> <span class='ocrx_word' id='word_1_8' title='bbox 2457 423 2741 481; x_wconf 81' lang='lat' dir='ltr'><strong>JULIANI.</strong></span> 
     </span>
    </p>
   </div>
   <div class='ocr_carea' id='block_1_3' title="bbox 3411 414 3514 479">
    <p class='ocr_par' dir='ltr' id='par_1_3' title="bbox 3411 414 3514 479">
     <span class='ocr_line' id='line_1_3' title="bbox 3411 414 3514 479; baseline 0 0"><span class='ocrx_word' id='word_1_9' title='bbox 3411 414 3514 479; x_wconf 73' lang='lat'><strong>826</strong></span> 
     </span>
    </p>
   </div>
   <div class='ocr_carea' id='block_1_4' title="bbox 244 536 3517 613">
    <p class='ocr_par' dir='ltr' id='par_1_4' title="bbox 244 536 3517 613">
     <span class='ocr_line' id='line_1_4' title="bbox 244 536 3517 613; baseline -0.004 -8"><span class='ocrx_word' id='word_1_10' title='bbox 244 546 491 605; x_wconf 78' lang='lat' dir='ltr'><strong>fundens</strong></span> <span class='ocrx_word' id='word_1_11' title='bbox 515 544 832 612; x_wconf 75' lang='lat' dir='ltr'><strong>orationem,</strong></span> <span class='ocrx_word' id='word_1_12' title='bbox 857 542 1093 613; x_wconf 89' lang='lat' dir='ltr'><strong>supplica</strong></span> <span class='ocrx_word' id='word_1_13' title='bbox 1127 551 1185 597; x_wconf 85' lang='lat' dir='ltr'><strong>ut</strong></span> <span class='ocrx_word' id='word_1_14' title='bbox 1207 542 1301 598; x_wconf 91' lang='lat' dir='ltr'><strong>tibi</strong></span> <span class='ocrx_word' id='word_1_15' title='bbox 1345 541 1544 612; x_wconf 88' lang='lat' dir='ltr'><strong>aliquid</strong></span> <span class='ocrx_word' id='word_1_16' title='bbox 1586 554 1723 596; x_wconf 71' lang='lat' dir='ltr'><strong>certe</strong></span> <span class='ocrx_word' id='word_1_17' title='bbox 1752 536 1834 593; x_wconf 87' lang='lat' dir='ltr'><strong>vel</strong></span> <span class='ocrx_word' id='word_1_18' title='bbox 1863 536 1918 596; x_wconf 83' lang='grc' dir='ltr'>Λ</span> <span class='ocrx_word' id='word_1_19' title='bbox 1940 536 2068 591; x_wconf 88' lang='lat' dir='ltr'><strong>illud</strong></span> <span class='ocrx_word' id='word_1_20' title='bbox 2091 553 2478 607; x_wconf 88' lang='lat' dir='ltr'><strong>commemoro,</strong></span> <span class='ocrx_word' id='word_1_21' title='bbox 2507 540 2649 611; x_wconf 90' lang='lat' dir='ltr'><strong>quod</strong></span> <span class='ocrx_word' id='word_1_22' title='bbox 2675 538 2933 595; x_wconf 91' lang='lat' dir='ltr'><strong>Dominus</strong></span> <span class='ocrx_word' id='word_1_23' title='bbox 2960 550 3059 610; x_wconf 87' lang='lat' dir='ltr'><strong>per</strong></span> <span class='ocrx_word' id='word_1_24' title='bbox 3084 537 3255 595; x_wconf 84' lang='lat' dir='ltr'><strong>Eliam</strong></span> <span class='ocrx_word' id='word_1_25' title='bbox 3282 536 3517 609; x_wconf 84' lang='lat' dir='ltr'><strong>prophe-</strong></span> 
     </span>
    </p>
   </div>
   <div class='ocr_carea' id='block_1_5' title="bbox 244 631 1836 710">
    <p class='ocr_par' dir='ltr' id='par_1_5' title="bbox 244 631 1836 710">
     <span class='ocr_line' id='line_1_5' title="bbox 244 631 1836 710; baseline -0.008 -13"><span class='ocrx_word' id='word_1_26' title='bbox 244 641 495 710; x_wconf 87' lang='lat' dir='ltr'><strong>pulveris</strong></span> <span class='ocrx_word' id='word_1_27' title='bbox 522 639 589 695; x_wconf 91' lang='lat' dir='ltr'><strong>de</strong></span> <span class='ocrx_word' id='word_1_28' title='bbox 617 638 870 708; x_wconf 88' lang='lat' dir='ltr'><strong>sepulcro</strong></span> <span class='ocrx_word' id='word_1_29' title='bbox 906 638 1133 707; x_wconf 75' lang='lat' dir='ltr'><strong>jacentis</strong></span> <span class='ocrx_word' id='word_1_30' title='bbox 1164 635 1345 704; x_wconf 89' lang='lat' dir='ltr'><strong>largiri</strong></span> <span class='ocrx_word' id='word_1_31' title='bbox 1381 635 1669 705; x_wconf 79' lang='lat' dir='ltr'><strong>dignentur</strong></span> <span class='ocrx_word' id='word_1_32' title='bbox 1708 631 1836 686; x_wconf 68' lang='lat' dir='ltr'><strong>tedi-</strong></span> 
     </span>
    </p>
   </div>
   <div class='ocr_carea' id='block_1_6' title="bbox 248 724 1833 797">
    <p class='ocr_par' dir='ltr' id='par_1_6' title="bbox 248 724 1833 797">
     <span class='ocr_line' id='line_1_6' title="bbox 248 724 1833 797; baseline -0.007 -10"><span class='ocrx_word' id='word_1_33' title='bbox 248 735 358 797; x_wconf 86' lang='lat' dir='ltr'><strong>tui,</strong></span> <span class='ocrx_word' id='word_1_34' title='bbox 402 742 461 787; x_wconf 92' lang='lat' dir='ltr'><strong>ut</strong></span> <span class='ocrx_word' id='word_1_35' title='bbox 489 732 721 786; x_wconf 89' lang='lat' dir='ltr'><strong>delatum</strong></span> <span class='ocrx_word' id='word_1_36' title='bbox 749 746 779 784; x_wconf 89' lang='lat' dir='ltr'><strong>a</strong></span> <span class='ocrx_word' id='word_1_37' title='bbox 800 744 886 783; x_wconf 93' lang='lat' dir='ltr'><strong>me</strong></span> <span class='ocrx_word' id='word_1_38' title='bbox 924 743 1045 783; x_wconf 89' lang='lat' dir='ltr'><strong>cum</strong></span> <span class='ocrx_word' id='word_1_39' title='bbox 1074 726 1447 783; x_wconf 80' lang='lat' dir='ltr'><strong>benediCtione</strong></span> <span class='ocrx_word' id='word_1_40' title='bbox 1489 724 1833 792; x_wconf 81' lang='lat' dir='ltr'><strong>suscipiatur.</strong></span> 
     </span>
    </p>
   </div>
   <div class='ocr_carea' id='block_1_7' title="bbox 248 816 1833 892">
    <p class='ocr_par' dir='ltr' id='par_1_7' title="bbox 248 816 1833 892">
     <span class='ocr_line' id='line_1_7' title="bbox 248 816 1833 892; baseline -0.008 -13"><span class='ocrx_word' id='word_1_41' title='bbox 248 825 354 879; x_wconf 86' lang='lat' dir='ltr'><strong>Ille</strong></span> <span class='ocrx_word' id='word_1_42' title='bbox 394 838 520 878; x_wconf 91' lang='lat' dir='ltr'><strong>vero</strong></span> <span class='ocrx_word' id='word_1_43' title='bbox 548 825 787 888; x_wconf 89' lang='lat' dir='ltr'><strong>veniens,</strong></span> <span class='ocrx_word' id='word_1_44' title='bbox 816 837 933 892; x_wconf 66' lang='lat' dir='ltr'><strong>quae</strong></span> <span class='ocrx_word' id='word_1_45' title='bbox 955 820 1056 874; x_wconf 87' lang='lat' dir='ltr'><strong>sibi</strong></span> <span class='ocrx_word' id='word_1_46' title='bbox 1090 820 1299 874; x_wconf 91' lang='lat' dir='ltr'><strong>fuerant</strong></span> <span class='ocrx_word' id='word_1_47' title='bbox 1322 819 1592 888; x_wconf 89' lang='lat' dir='ltr'><strong>imperata</strong></span> <span class='ocrx_word' id='word_1_48' title='bbox 1621 816 1833 885; x_wconf 81' lang='lat' dir='ltr'><strong>ﬂagitat</strong></span> 
     </span>
    </p>
   </div>
   <div class='ocr_carea' id='block_1_8' title="bbox 249 911 1839 983">
    <p class='ocr_par' dir='ltr' id='par_1_8' title="bbox 249 911 1839 983">
     <span class='ocr_line' id='line_1_8' title="bbox 249 911 1839 983; baseline -0.008 -12"><span class='ocrx_word' id='word_1_49' title='bbox 249 932 320 971; x_wconf 88' lang='lat' dir='ltr'><strong>ae</strong></span> <span class='ocrx_word' id='word_1_50' title='bbox 353 916 596 983; x_wconf 87' lang='lat' dir='ltr'><strong>suscipit.</strong></span> <span class='ocrx_word' id='word_1_51' title='bbox 633 916 696 969; x_wconf 83' lang='lat' dir='ltr'><strong>Et</strong></span> <span class='ocrx_word' id='word_1_52' title='bbox 718 929 837 968; x_wconf 92' lang='lat' dir='ltr'><strong>cum</strong></span> <span class='ocrx_word' id='word_1_53' title='bbox 868 922 1117 981; x_wconf 85' lang='lat' dir='ltr'><strong>suscepta</strong></span> <span class='ocrx_word' id='word_1_54' title='bbox 1150 912 1291 966; x_wconf 90' lang='lat' dir='ltr'><strong>ferre</strong></span> <span class='ocrx_word' id='word_1_55' title='bbox 1334 911 1516 978; x_wconf 83' lang='lat' dir='ltr'><strong>vellet,</strong></span> <span class='ocrx_word' id='word_1_56' title='bbox 1549 918 1695 961; x_wconf 89' lang='lat' dir='ltr'><strong>tanto</strong></span> <span class='ocrx_word' id='word_1_57' title='bbox 1718 921 1839 977; x_wconf 82' lang='lat' dir='ltr'><strong>gra-</strong></span> 
     </span>
    </p>
   </div>
   <div class='ocr_carea' id='block_1_9' title="bbox 250 1002 1837 1077">
    <p class='ocr_par' dir='ltr' id='par_1_9' title="bbox 250 1002 1837 1077">
     <span class='ocr_line' id='line_1_9' title="bbox 250 1002 1837 1077; baseline -0.003 -16"><span class='ocrx_word' id='word_1_58' title='bbox 250 1020 418 1063; x_wconf 83' lang='lat' dir='ltr'><strong>vatur</strong></span> <span class='ocrx_word' id='word_1_59' title='bbox 449 1008 703 1077; x_wconf 87' lang='lat' dir='ltr'><strong>pondere,</strong></span> <span class='ocrx_word' id='word_1_60' title='bbox 736 1016 791 1061; x_wconf 90' lang='lat' dir='ltr'><strong>ut</strong></span> <span class='ocrx_word' id='word_1_61' title='bbox 817 1008 906 1060; x_wconf 82' lang='lat' dir='ltr'><strong>vix</strong></span> <span class='ocrx_word' id='word_1_62' title='bbox 933 1007 1197 1062; x_wconf 84' lang='lat' dir='ltr'><strong>cervicem</strong></span> <span class='ocrx_word' id='word_1_63' title='bbox 1228 1014 1408 1075; x_wconf 81' lang='lat' dir='ltr'><strong>posset</strong></span> <span class='ocrx_word' id='word_1_64' title='bbox 1434 1006 1663 1073; x_wconf 80' lang='lat' dir='ltr'><strong>erigere.</strong></span> <span class='ocrx_word' id='word_1_65' title='bbox 1686 1002 1837 1057; x_wconf 87' lang='lat' dir='ltr'><strong>Unde</strong></span> 
     </span>
    </p>
   </div>
   <div class='ocr_carea' id='block_1_10' title="bbox 251 1097 1833 1170">
    <p class='ocr_par' dir='ltr' id='par_1_10' title="bbox 251 1097 1833 1170">
     <span class='ocr_line' id='line_1_10' title="bbox 251 1097 1833 1170; baseline -0.004 -15"><span class='ocrx_word' id='word_1_66' title='bbox 251 1112 493 1155; x_wconf 87' lang='lat' dir='ltr'><strong>tremore</strong></span> <span class='ocrx_word' id='word_1_67' title='bbox 540 1114 729 1170; x_wconf 85' lang='lat' dir='ltr'><strong>magno</strong></span> <span class='ocrx_word' id='word_1_68' title='bbox 755 1114 1069 1164; x_wconf 91' lang='lat' dir='ltr'><strong>concussus,</strong></span> <span class='ocrx_word' id='word_1_69' title='bbox 1113 1098 1418 1164; x_wconf 90' lang='lat' dir='ltr'><strong>pavimento</strong></span> <span class='ocrx_word' id='word_1_70' title='bbox 1449 1097 1833 1165; x_wconf 78' lang='lat' dir='ltr'><strong>prosternitur,</strong></span> 
     </span>
    </p>
   </div>
   <div class='ocr_carea' id='block_1_11' title="bbox 251 1175 1840 1260">
    <p class='ocr_par' dir='ltr' id='par_1_11' title="bbox 251 1175 1840 1260">
     <span class='ocr_line' id='line_1_11' title="bbox 251 1175 1840 1260; baseline -0.002 -15"><span class='ocrx_word' id='word_1_71' title='bbox 251 1200 314 1245; x_wconf 87' lang='lat' dir='ltr'><strong>ct</strong></span> <span class='ocrx_word' id='word_1_72' title='bbox 346 1192 536 1245; x_wconf 85' lang='lat' dir='ltr'><strong>iterum</strong></span> <span class='ocrx_word' id='word_1_73' title='bbox 565 1206 685 1245; x_wconf 90' lang='lat' dir='ltr'><strong>cum</strong></span> <span class='ocrx_word' id='word_1_74' title='bbox 714 1191 963 1260; x_wconf 86' lang='lat' dir='ltr'><strong>Iacrymis</strong></span> <span class='ocrx_word' id='word_1_75' title='bbox 994 1175 1291 1244; x_wconf 82' lang='lat' dir='ltr'><strong>orationem</strong></span> <span class='ocrx_word' id='word_1_76' title='bbox 1325 1189 1573 1254; x_wconf 79' lang='lat' dir='ltr'><strong>fundens,</strong></span> <span class='ocrx_word' id='word_1_77' title='bbox 1603 1188 1840 1243; x_wconf 79' lang='lat' dir='ltr'><strong>surrexit</strong></span> 
     </span>
    </p>
   </div>
   <div class='ocr_carea' id='block_1_12' title="bbox 251 1279 1841 1349">
    <p class='ocr_par' dir='ltr' id='par_1_12' title="bbox 251 1279 1841 1349">
     <span class='ocr_line' id='line_1_12' title="bbox 251 1279 1841 1349; baseline 0.001 -16"><span class='ocrx_word' id='word_1_78' title='bbox 251 1281 568 1347; x_wconf 88' lang='lat' dir='ltr'><strong>incolumis,</strong></span> <span class='ocrx_word' id='word_1_79' title='bbox 594 1290 649 1335; x_wconf 76' lang='lat' dir='ltr'><strong>et</strong></span> <span class='ocrx_word' id='word_1_80' title='bbox 670 1294 941 1349; x_wconf 85' lang='lat' dir='ltr'><strong>acceptam</strong></span> <span class='ocrx_word' id='word_1_81' title='bbox 984 1281 1153 1335; x_wconf 86' lang='lat' dir='ltr'><strong>sensit</strong></span> <span class='ocrx_word' id='word_1_82' title='bbox 1196 1280 1423 1336; x_wconf 89' lang='lat' dir='ltr'><strong>abeundi</strong></span> <span class='ocrx_word' id='word_1_83' title='bbox 1462 1279 1659 1334; x_wconf 89' lang='lat' dir='ltr'><strong>habere</strong></span> <span class='ocrx_word' id='word_1_84' title='bbox 1689 1295 1747 1335; x_wconf 89' lang='lat' dir='ltr'><strong>se</strong></span> <span class='ocrx_word' id='word_1_85' title='bbox 1776 1280 1841 1334; x_wconf 89' lang='lat' dir='ltr'><strong>Ii-</strong></span> 
     </span>
    </p>
   </div>
   <div class='ocr_carea' id='block_1_13' title="bbox 252 1370 1838 1442">
    <p class='ocr_par' dir='ltr' id='par_1_13' title="bbox 252 1370 1838 1442">
     <span class='ocr_line' id='line_1_13' title="bbox 252 1370 1838 1442; baseline 0.001 -17"><span class='ocrx_word' id='word_1_86' title='bbox 252 1371 543 1425; x_wconf 79' lang='lat' dir='ltr'><strong>bertatem.</strong></span> <span class='ocrx_word' id='word_1_87' title='bbox 567 1373 728 1442; x_wconf 76' lang='lat'><strong>881</strong></span> <span class='ocrx_word' id='word_1_88' title='bbox 759 1372 921 1437; x_wconf 79' lang='lat' dir='ltr'><strong>Igitur</strong></span> <span class='ocrx_word' id='word_1_89' title='bbox 947 1379 1162 1439; x_wconf 89' lang='lat' dir='ltr'><strong>arrepto</strong></span> <span class='ocrx_word' id='word_1_90' title='bbox 1192 1370 1405 1436; x_wconf 80' lang='lat' dir='ltr'><strong>itinere,</strong></span> <span class='ocrx_word' id='word_1_91' title='bbox 1425 1372 1838 1427; x_wconf 88' lang='lat' dir='ltr'><strong>incandescente</strong></span> 
     </span>
    </p>
   </div>
   <div class='ocr_carea' id='block_1_14' title="bbox 252 1459 1838 1529">
    <p class='ocr_par' dir='ltr' id='par_1_14' title="bbox 252 1459 1838 1529">
     <span class='ocr_line' id='line_1_14' title="bbox 252 1459 1838 1529; baseline 0.002 -15"><span class='ocrx_word' id='word_1_92' title='bbox 252 1462 483 1514; x_wconf 88' lang='lat' dir='ltr'><strong>nimium</strong></span> <span class='ocrx_word' id='word_1_93' title='bbox 501 1461 637 1525; x_wconf 89' lang='lat' dir='ltr'><strong>sole,</strong></span> <span class='ocrx_word' id='word_1_94' title='bbox 663 1462 748 1513; x_wconf 89' lang='lat' dir='ltr'><strong>siti</strong></span> <span class='ocrx_word' id='word_1_95' title='bbox 775 1459 1080 1529; x_wconf 86' lang='lat' dir='ltr'><strong>corripitur.</strong></span> <span class='ocrx_word' id='word_1_96' title='bbox 1106 1460 1339 1515; x_wconf 82' lang='lat' dir='ltr'><strong>Veniens</strong></span> <span class='ocrx_word' id='word_1_97' title='bbox 1369 1472 1546 1515; x_wconf 86' lang='lat' dir='ltr'><strong>autem</strong></span> <span class='ocrx_word' id='word_1_98' title='bbox 1570 1462 1635 1515; x_wconf 87' lang='lat' dir='ltr'><strong>ad</strong></span> <span class='ocrx_word' id='word_1_99' title='bbox 1660 1461 1838 1517; x_wconf 87' lang='lat' dir='ltr'><strong>villam</strong></span> 
     </span>
    </p>
   </div>
   <div class='ocr_carea' id='block_1_15' title="bbox 250 1553 1842 1623">
    <p class='ocr_par' dir='ltr' id='par_1_15' title="bbox 250 1553 1842 1623">
     <span class='ocr_line' id='line_1_15' title="bbox 250 1553 1842 1623; baseline 0.002 -18"><span class='ocrx_word' id='word_1_100' title='bbox 250 1554 364 1607; x_wconf 72' lang='lat' dir='ltr'><strong>via:</strong></span> <span class='ocrx_word' id='word_1_101' title='bbox 414 1554 731 1621; x_wconf 81' lang='lat' dir='ltr'><strong>proximam,</strong></span> <span class='ocrx_word' id='word_1_102' title='bbox 780 1568 937 1606; x_wconf 88' lang='lat' dir='ltr'><strong>unam</strong></span> <span class='ocrx_word' id='word_1_103' title='bbox 988 1553 1223 1609; x_wconf 83' lang='lat' dir='ltr'><strong>casulam</strong></span> <span class='ocrx_word' id='word_1_104' title='bbox 1275 1554 1386 1607; x_wconf 92' lang='lat' dir='ltr'><strong>adit</strong></span> <span class='ocrx_word' id='word_1_105' title='bbox 1440 1570 1631 1622; x_wconf 88' lang='lat' dir='ltr'><strong>aquam</strong></span> <span class='ocrx_word' id='word_1_106' title='bbox 1676 1553 1842 1623; x_wconf 91' lang='lat' dir='ltr'><strong>depo-</strong></span> 
     </span>
    </p>
   </div>
   <div class='ocr_carea' id='block_1_16' title="bbox 253 1646 1841 1717">
    <p class='ocr_par' dir='ltr' id='par_1_16' title="bbox 253 1646 1841 1717">
     <span class='ocr_line' id='line_1_16' title="bbox 253 1646 1841 1717; baseline 0.001 -16"><span class='ocrx_word' id='word_1_107' title='bbox 253 1661 418 1701; x_wconf 89' lang='lat' dir='ltr'><strong>scens</strong></span> <span class='ocrx_word' id='word_1_108' title='bbox 444 1663 459 1699; x_wconf 87' lang='lat'><strong>:</strong></span> <span class='ocrx_word' id='word_1_109' title='bbox 495 1646 560 1700; x_wconf 92' lang='lat' dir='ltr'><strong>de</strong></span> <span class='ocrx_word' id='word_1_110' title='bbox 589 1660 693 1715; x_wconf 87' lang='lat' dir='ltr'><strong>qua</strong></span> <span class='ocrx_word' id='word_1_111' title='bbox 720 1648 1002 1716; x_wconf 83' lang='lat' dir='ltr'><strong>egrediens</strong></span> <span class='ocrx_word' id='word_1_112' title='bbox 1018 1647 1232 1715; x_wconf 84' lang='lat' dir='ltr'><strong>juvenis</strong></span> <span class='ocrx_word' id='word_1_113' title='bbox 1260 1647 1388 1701; x_wconf 89' lang='lat' dir='ltr'><strong>dare</strong></span> <span class='ocrx_word' id='word_1_114' title='bbox 1410 1663 1748 1717; x_wconf 85' lang='lat' dir='ltr'><strong>responsum,</strong></span> <span class='ocrx_word' id='word_1_115' title='bbox 1783 1656 1841 1703; x_wconf 89' lang='lat' dir='ltr'><strong>ut</strong></span> 
     </span>
    </p>
   </div>
   <div class='ocr_carea' id='block_1_17' title="bbox 254 1739 1841 1811">
    <p class='ocr_par' dir='ltr' id='par_1_17' title="bbox 254 1739 1841 1811">
     <span class='ocr_line' id='line_1_17' title="bbox 254 1739 1841 1811; baseline 0.003 -18"><span class='ocrx_word' id='word_1_116' title='bbox 254 1754 383 1793; x_wconf 88' lang='lat' dir='ltr'><strong>eum</strong></span> <span class='ocrx_word' id='word_1_117' title='bbox 408 1739 533 1793; x_wconf 82' lang='lat' dir='ltr'><strong>vidit</strong></span> <span class='ocrx_word' id='word_1_118' title='bbox 560 1740 609 1792; x_wconf 93' lang='lat' dir='ltr'><strong>in</strong></span> <span class='ocrx_word' id='word_1_119' title='bbox 644 1749 839 1795; x_wconf 91' lang='lat' dir='ltr'><strong>terram</strong></span> <span class='ocrx_word' id='word_1_120' title='bbox 868 1742 1093 1807; x_wconf 88' lang='lat' dir='ltr'><strong>corruit,</strong></span> <span class='ocrx_word' id='word_1_121' title='bbox 1119 1743 1393 1811; x_wconf 85' lang='lat' dir='ltr'><strong>factusque</strong></span> <span class='ocrx_word' id='word_1_122' title='bbox 1421 1752 1503 1798; x_wconf 67' lang='lat' dir='ltr'><strong>e~t</strong></span> <span class='ocrx_word' id='word_1_123' title='bbox 1534 1744 1671 1797; x_wconf 90' lang='lat' dir='ltr'><strong>sicut</strong></span> <span class='ocrx_word' id='word_1_124' title='bbox 1696 1759 1841 1797; x_wconf 91' lang='lat' dir='ltr'><strong>mor-</strong></span> 
     </span>
    </p>
   </div>
   <div class='ocr_carea' id='block_1_18' title="bbox 256 1832 1841 1906">
    <p class='ocr_par' dir='ltr' id='par_1_18' title="bbox 256 1832 1841 1906">
     <span class='ocr_line' id='line_1_18' title="bbox 256 1832 1841 1906; baseline 0.003 -21"><span class='ocrx_word' id='word_1_125' title='bbox 256 1841 404 1886; x_wconf 90' lang='lat' dir='ltr'><strong>tuus.</strong></span> <span class='ocrx_word' id='word_1_126' title='bbox 433 1832 830 1889; x_wconf 84' lang='lat' dir='ltr'><strong>Concurrentcs</strong></span> <span class='ocrx_word' id='word_1_127' title='bbox 872 1844 1049 1888; x_wconf 87' lang='lat' dir='ltr'><strong>autem</strong></span> <span class='ocrx_word' id='word_1_128' title='bbox 1081 1844 1329 1904; x_wconf 88' lang='lat' dir='ltr'><strong>parentes</strong></span> <span class='ocrx_word' id='word_1_129' title='bbox 1378 1836 1495 1906; x_wconf 82' lang='lat' dir='ltr'><strong>ejus</strong></span> <span class='ocrx_word' id='word_1_130' title='bbox 1548 1837 1841 1891; x_wconf 89' lang='lat' dir='ltr'><strong>calumnia-</strong></span> 
     </span>
    </p>
   </div>
   <div class='ocr_carea' id='block_1_19' title="bbox 1940 615 3520 705">
    <p class='ocr_par' dir='ltr' id='par_1_19' title="bbox 1940 615 3520 705">
     <span class='ocr_line' id='line_1_19' title="bbox 1940 615 3520 705; baseline 0.004 -23"><span class='ocrx_word' id='word_1_131' title='bbox 1940 637 2046 682; x_wconf 89' lang='lat' dir='ltr'><strong>tam</strong></span> <span class='ocrx_word' id='word_1_132' title='bbox 2077 615 2220 685; x_wconf 71' lang='lat' dir='ltr'><strong>Oiize</strong></span> <span class='ocrx_word' id='word_1_133' title='bbox 2248 633 2358 701; x_wconf 86' lang='lat' dir='ltr'><strong>regi</strong></span> <span class='ocrx_word' id='word_1_134' title='bbox 2394 633 2720 702; x_wconf 83' lang='lat' dir='ltr'><strong>pronuntiat,</strong></span> <span class='ocrx_word' id='word_1_135' title='bbox 2761 633 2945 690; x_wconf 89' lang='lat' dir='ltr'><strong>dicens</strong></span> <span class='ocrx_word' id='word_1_136' title='bbox 2979 651 2992 688; x_wconf 89' lang='lat'><strong>:</strong></span> <span class='ocrx_word' id='word_1_137' title='bbox 3029 634 3167 701; x_wconf 82' lang='lat' dir='ltr'><strong>Quia</strong></span> <span class='ocrx_word' id='word_1_138' title='bbox 3203 633 3520 705; x_wconf 71' lang='lat' dir='ltr'><strong>dereliquisti</strong></span> 
     </span>
    </p>
   </div>
   <div class='ocr_carea' id='block_1_20' title="bbox 1939 720 3518 793">
    <p class='ocr_par' dir='ltr' id='par_1_20' title="bbox 1939 720 3518 793">
     <span class='ocr_line' id='line_1_20' title="bbox 1939 720 3518 793; baseline 0.003 -19"><span class='ocrx_word' id='word_1_139' title='bbox 1939 720 2217 776; x_wconf 86' lang='lat' dir='ltr'><strong>Dominum</strong></span> <span class='ocrx_word' id='word_1_140' title='bbox 2249 723 2412 778; x_wconf 81' lang='lat' dir='ltr'><strong>Deum</strong></span> <span class='ocrx_word' id='word_1_141' title='bbox 2443 723 2631 793; x_wconf 79' lang='lat' dir='ltr'><strong>Israel,</strong></span> <span class='ocrx_word' id='word_1_142' title='bbox 2664 735 2711 781; x_wconf 85' lang='lat' dir='ltr'><strong>et</strong></span> <span class='ocrx_word' id='word_1_143' title='bbox 2739 726 3037 781; x_wconf 82' lang='lat' dir='ltr'><strong>consuluisti</strong></span> <span class='ocrx_word' id='word_1_144' title='bbox 3064 726 3214 780; x_wconf 85' lang='lat' dir='ltr'><strong>deum</strong></span> <span class='ocrx_word' id='word_1_145' title='bbox 3238 726 3473 779; x_wconf 76' lang='lat' dir='ltr'><strong>Acheron</strong></span> <span class='ocrx_word' id='word_1_146' title='bbox 3495 741 3518 791; x_wconf 80' lang='lat'><strong>,&#39;</strong></span> 
     </span>
    </p>
   </div>
   <div class='ocr_carea' id='block_1_21' title="bbox 1939 814 3519 885">
    <p class='ocr_par' dir='ltr' id='par_1_21' title="bbox 1939 814 3519 885">
     <span class='ocr_line' id='line_1_21' title="bbox 1939 814 3519 885; baseline 0.001 -19"><span class='ocrx_word' id='word_1_147' title='bbox 1939 814 2053 867; x_wconf 85' lang='lat' dir='ltr'><strong>ideo</strong></span> <span class='ocrx_word' id='word_1_148' title='bbox 2093 816 2156 867; x_wconf 87' lang='lat' dir='ltr'><strong>de</strong></span> <span class='ocrx_word' id='word_1_149' title='bbox 2189 815 2374 869; x_wconf 86' lang='lat' dir='ltr'><strong>lectulo</strong></span> <span class='ocrx_word' id='word_1_150' title='bbox 2415 818 2468 870; x_wconf 84' lang='lat' dir='ltr'><strong>in</strong></span> <span class='ocrx_word' id='word_1_151' title='bbox 2508 834 2603 883; x_wconf 82' lang='lat' dir='ltr'><strong>quo</strong></span> <span class='ocrx_word' id='word_1_152' title='bbox 2637 818 2909 871; x_wconf 82' lang='lat' dir='ltr'><strong>ascendiin</strong></span> <span class='ocrx_word' id='word_1_153' title='bbox 2950 834 3053 872; x_wconf 86' lang='lat' dir='ltr'><strong>non</strong></span> <span class='ocrx_word' id='word_1_154' title='bbox 3091 834 3384 885; x_wconf 84' lang='lat' dir='ltr'><strong>consurges,</strong></span> <span class='ocrx_word' id='word_1_155' title='bbox 3426 814 3519 869; x_wconf 83' lang='lat' dir='ltr'><strong>sed</strong></span> 
     </span>
    </p>
   </div>
   <div class='ocr_carea' id='block_1_22' title="bbox 1940 904 3517 977">
    <p class='ocr_par' dir='ltr' id='par_1_22' title="bbox 1940 904 3517 977">
     <span class='ocr_line' id='line_1_22' title="bbox 1940 904 3517 977; baseline 0.004 -22"><span class='ocrx_word' id='word_1_156' title='bbox 1940 914 2101 958; x_wconf 90' lang='lat' dir='ltr'><strong>morte</strong></span> <span class='ocrx_word' id='word_1_157' title='bbox 2121 906 2349 959; x_wconf 84' lang='lat' dir='ltr'><strong>morieris</strong></span> <span class='ocrx_word' id='word_1_158' title='bbox 2372 904 2423 977; x_wconf 91' lang='grc'><strong>(1</strong></span> <span class='ocrx_word' id='word_1_159' title='bbox 2441 904 2478 958; x_wconf 73' lang='grc' dir='ltr'><strong>μ</strong></span> <span class='ocrx_word' id='word_1_160' title='bbox 2496 906 2619 977; x_wconf 82' lang='lat' dir='ltr'><strong>Reg.</strong></span> <span class='ocrx_word' id='word_1_161' title='bbox 2645 908 2812 977; x_wconf 73' lang='lat'><strong>1,16).</strong></span> <span class='ocrx_word' id='word_1_162' title='bbox 2830 907 2962 962; x_wconf 87' lang='lat' dir='ltr'><strong>Nam</strong></span> <span class='ocrx_word' id='word_1_163' title='bbox 2980 908 3080 962; x_wconf 86' lang='lat' dir='ltr'><strong>iste</strong></span> <span class='ocrx_word' id='word_1_164' title='bbox 3095 916 3214 976; x_wconf 85' lang='lat' dir='ltr'><strong>post</strong></span> <span class='ocrx_word' id='word_1_165' title='bbox 3234 908 3517 961; x_wconf 78' lang='lat' dir='ltr'><strong>adventum</strong></span> 
     </span>
    </p>
   </div>
   <div class='ocr_carea' id='block_1_23' title="bbox 1939 995 3517 1069">
    <p class='ocr_par' dir='ltr' id='par_1_23' title="bbox 1939 995 3517 1069">
     <span class='ocr_line' id='line_1_23' title="bbox 1939 995 3517 1069; baseline 0.001 -20"><span class='ocrx_word' id='word_1_166' title='bbox 1939 995 2095 1049; x_wconf 89' lang='lat' dir='ltr'><strong>arioli</strong></span> <span class='ocrx_word' id='word_1_167' title='bbox 2136 997 2362 1051; x_wconf 90' lang='lat' dir='ltr'><strong>validius</strong></span> <span class='ocrx_word' id='word_1_168' title='bbox 2398 997 2545 1053; x_wconf 82' lang='lat' dir='ltr'><strong>febre</strong></span> <span class='ocrx_word' id='word_1_169' title='bbox 2589 1014 2900 1069; x_wconf 90' lang='lat' dir='ltr'><strong>succensus,</strong></span> <span class='ocrx_word' id='word_1_170' title='bbox 2942 999 3187 1068; x_wconf 89' lang='lat' dir='ltr'><strong>spiritum</strong></span> <span class='ocrx_word' id='word_1_171' title='bbox 3227 998 3517 1064; x_wconf 84' lang='lat' dir='ltr'><strong>exhalavit,</strong></span> 
     </span>
    </p>
   </div>
   <div class='ocr_carea' id='block_1_24' title="bbox 1941 1086 3521 1160">
    <p class='ocr_par' dir='ltr' id='par_1_24' title="bbox 1941 1086 3521 1160">
     <span class='ocr_line' id='line_1_24' title="bbox 1941 1086 3521 1160; baseline 0.002 -19"><span class='ocrx_word' id='word_1_172' title='bbox 1941 1086 2092 1156; x_wconf 89' lang='lat' dir='ltr'><strong>cujus</strong></span> <span class='ocrx_word' id='word_1_173' title='bbox 2134 1098 2256 1158; x_wconf 83' lang='lat' dir='ltr'><strong>post</strong></span> <span class='ocrx_word' id='word_1_174' title='bbox 2300 1089 2503 1144; x_wconf 89' lang='lat' dir='ltr'><strong>obitum</strong></span> <span class='ocrx_word' id='word_1_175' title='bbox 2548 1091 2873 1156; x_wconf 89' lang='lat' dir='ltr'><strong>interpositis</strong></span> <span class='ocrx_word' id='word_1_176' title='bbox 2916 1092 3098 1160; x_wconf 86' lang='lat' dir='ltr'><strong>paucis</strong></span> <span class='ocrx_word' id='word_1_177' title='bbox 3134 1090 3342 1156; x_wconf 90' lang='lat' dir='ltr'><strong>diebus,</strong></span> <span class='ocrx_word' id='word_1_178' title='bbox 3388 1104 3521 1159; x_wconf 91' lang='lat' dir='ltr'><strong>puer</strong></span> 
     </span>
    </p>
   </div>
   <div class='ocr_carea' id='block_1_25' title="bbox 1942 1180 3521 1254">
    <p class='ocr_par' dir='ltr' id='par_1_25' title="bbox 1942 1180 3521 1254">
     <span class='ocr_line' id='line_1_25' title="bbox 1942 1180 3521 1254; baseline 0.004 -22"><span class='ocrx_word' id='word_1_179' title='bbox 1942 1180 2079 1235; x_wconf 86' lang='lat' dir='ltr'><strong>alius</strong></span> <span class='ocrx_word' id='word_1_180' title='bbox 2101 1181 2262 1236; x_wconf 85' lang='lat' dir='ltr'><strong>simili</strong></span> <span class='ocrx_word' id='word_1_181' title='bbox 2297 1183 2540 1239; x_wconf 82' lang='lat' dir='ltr'><strong>laborare</strong></span> <span class='ocrx_word' id='word_1_182' title='bbox 2561 1187 2723 1254; x_wconf 70' lang='lat' dir='ltr'><strong>cmpit</strong></span> <span class='ocrx_word' id='word_1_183' title='bbox 2749 1186 3109 1240; x_wconf 88' lang='lat' dir='ltr'><strong>incommodo.</strong></span> <span class='ocrx_word' id='word_1_184' title='bbox 3137 1184 3285 1240; x_wconf 87' lang='lat' dir='ltr'><strong>Tunc</strong></span> <span class='ocrx_word' id='word_1_185' title='bbox 3313 1199 3413 1249; x_wconf 79' lang='lat' dir='ltr'><strong>ego</strong></span> <span class='ocrx_word' id='word_1_186' title='bbox 3441 1182 3521 1239; x_wconf 86' lang='lat' dir='ltr'><strong>eis</strong></span> 
     </span>
    </p>
   </div>
   <div class='ocr_carea' id='block_1_26' title="bbox 1943 1273 3520 1348">
    <p class='ocr_par' dir='ltr' id='par_1_26' title="bbox 1943 1273 3520 1348">
     <span class='ocr_line' id='line_1_26' title="bbox 1943 1273 3520 1348; baseline 0.002 -22"><span class='ocrx_word' id='word_1_187' title='bbox 1943 1273 2124 1342; x_wconf 89' lang='lat' dir='ltr'><strong>inqnio</strong></span> <span class='ocrx_word' id='word_1_188' title='bbox 2174 1290 2187 1328; x_wconf 94' lang='lat'>:</span> <span class='ocrx_word' id='word_1_189' title='bbox 2238 1274 2491 1331; x_wconf 82' lang='lat' dir='ltr'><strong>Accedite</strong></span> <span class='ocrx_word' id='word_1_190' title='bbox 2530 1277 2595 1331; x_wconf 87' lang='lat' dir='ltr'><strong>ad</strong></span> <span class='ocrx_word' id='word_1_191' title='bbox 2641 1277 2886 1348; x_wconf 87' lang='lat' dir='ltr'><strong>Martyris</strong></span> <span class='ocrx_word' id='word_1_192' title='bbox 2921 1277 3211 1343; x_wconf 88' lang='lat' dir='ltr'><strong>tumulum;</strong></span> <span class='ocrx_word' id='word_1_193' title='bbox 3242 1286 3294 1331; x_wconf 91' lang='lat' dir='ltr'><strong>et</strong></span> <span class='ocrx_word' id='word_1_194' title='bbox 3322 1273 3520 1345; x_wconf 88' lang='lat' dir='ltr'><strong>aliquid</strong></span> 
     </span>
    </p>
   </div>
   <div class='ocr_carea' id='block_1_27' title="bbox 1941 1364 3521 1438">
    <p class='ocr_par' dir='ltr' id='par_1_27' title="bbox 1941 1364 3521 1438">
     <span class='ocr_line' id='line_1_27' title="bbox 1941 1364 3521 1438; baseline 0.001 -20"><span class='ocrx_word' id='word_1_195' title='bbox 1941 1364 2134 1419; x_wconf 79' lang='lat' dir='ltr'><strong>exinde</strong></span> <span class='ocrx_word' id='word_1_196' title='bbox 2167 1365 2231 1419; x_wconf 90' lang='lat' dir='ltr'><strong>ad</strong></span> <span class='ocrx_word' id='word_1_197' title='bbox 2263 1376 2520 1436; x_wconf 64' lang='lat' dir='ltr'><strong>aegrotum</strong></span> <span class='ocrx_word' id='word_1_198' title='bbox 2563 1368 2862 1436; x_wconf 88' lang='lat' dir='ltr'><strong>deportate,</strong></span> <span class='ocrx_word' id='word_1_199' title='bbox 2896 1378 2950 1422; x_wconf 92' lang='lat' dir='ltr'><strong>et</strong></span> <span class='ocrx_word' id='word_1_200' title='bbox 2974 1368 3223 1422; x_wconf 88' lang='lat' dir='ltr'><strong>videbitis</strong></span> <span class='ocrx_word' id='word_1_201' title='bbox 3257 1366 3521 1438; x_wconf 87' lang='lat' dir='ltr'><strong>magnalia</strong></span> 
     </span>
    </p>
   </div>
   <div class='ocr_carea' id='block_1_28' title="bbox 1942 1454 3520 1529">
    <p class='ocr_par' dir='ltr' id='par_1_28' title="bbox 1942 1454 3520 1529">
     <span class='ocr_line' id='line_1_28' title="bbox 1942 1454 3520 1529; baseline 0.003 -21"><span class='ocrx_word' id='word_1_202' title='bbox 1942 1454 2057 1522; x_wconf 88' lang='lat' dir='ltr'><strong>Dei,</strong></span> <span class='ocrx_word' id='word_1_203' title='bbox 2088 1465 2248 1525; x_wconf 91' lang='lat' dir='ltr'><strong>atque</strong></span> <span class='ocrx_word' id='word_1_204' title='bbox 2272 1458 2601 1528; x_wconf 82' lang='lat' dir='ltr'><strong>cognoscetis</strong></span> <span class='ocrx_word' id='word_1_205' title='bbox 2627 1460 2751 1529; x_wconf 92' lang='lat' dir='ltr'><strong>quid</strong></span> <span class='ocrx_word' id='word_1_206' title='bbox 2800 1459 2869 1513; x_wconf 89' lang='lat' dir='ltr'><strong>sit</strong></span> <span class='ocrx_word' id='word_1_207' title='bbox 2896 1460 3037 1514; x_wconf 89' lang='lat' dir='ltr'><strong>inter</strong></span> <span class='ocrx_word' id='word_1_208' title='bbox 3067 1458 3267 1529; x_wconf 82' lang='lat' dir='ltr'><strong>justum</strong></span> <span class='ocrx_word' id='word_1_209' title='bbox 3298 1467 3353 1513; x_wconf 91' lang='lat' dir='ltr'><strong>et</strong></span> <span class='ocrx_word' id='word_1_210' title='bbox 3382 1458 3520 1526; x_wconf 86' lang='lat' dir='ltr'><strong>inju—</strong></span> 
     </span>
    </p>
   </div>
   <div class='ocr_carea' id='block_1_29' title="bbox 1941 1548 3521 1611">
    <p class='ocr_par' dir='ltr' id='par_1_29' title="bbox 1941 1548 3521 1611">
     <span class='ocr_line' id='line_1_29' title="bbox 1941 1548 3521 1611; baseline 0.003 -10"><span class='ocrx_word' id='word_1_211' title='bbox 1941 1555 2105 1611; x_wconf 91' lang='lat' dir='ltr'><strong>stum,</strong></span> <span class='ocrx_word' id='word_1_212' title='bbox 2128 1558 2181 1602; x_wconf 89' lang='lat' dir='ltr'><strong>et</strong></span> <span class='ocrx_word' id='word_1_213' title='bbox 2202 1548 2338 1604; x_wconf 84' lang='lat' dir='ltr'><strong>inter</strong></span> <span class='ocrx_word' id='word_1_214' title='bbox 2366 1550 2640 1606; x_wconf 80' lang='lat' dir='ltr'><strong>timentem</strong></span> <span class='ocrx_word' id='word_1_215' title='bbox 2672 1552 2837 1606; x_wconf 91' lang='lat' dir='ltr'><strong>Deum</strong></span> <span class='ocrx_word' id='word_1_216' title='bbox 2860 1560 2913 1605; x_wconf 91' lang='lat' dir='ltr'><strong>et</strong></span> <span class='ocrx_word' id='word_1_217' title='bbox 2939 1567 3040 1604; x_wconf 91' lang='lat' dir='ltr'><strong>non</strong></span> <span class='ocrx_word' id='word_1_218' title='bbox 3068 1552 3387 1606; x_wconf 91' lang='lat' dir='ltr'><strong>servientem</strong></span> <span class='ocrx_word' id='word_1_219' title='bbox 3422 1548 3521 1605; x_wconf 88' lang='lat' dir='ltr'><strong>illi.</strong></span> 
     </span>
    </p>
   </div>
   <div class='ocr_carea' id='block_1_30' title="bbox 1946 1640 3519 1712">
    <p class='ocr_par' dir='ltr' id='par_1_30' title="bbox 1946 1640 3519 1712">
     <span class='ocr_line' id='line_1_30' title="bbox 1946 1640 3519 1712; baseline 0.003 -21"><span class='ocrx_word' id='word_1_220' title='bbox 1946 1640 2275 1694; x_wconf 83' lang='lat' dir='ltr'><strong>Accedentes</strong></span> <span class='ocrx_word' id='word_1_221' title='bbox 2293 1652 2490 1707; x_wconf 91' lang='lat' dir='ltr'><strong>autem,</strong></span> <span class='ocrx_word' id='word_1_222' title='bbox 2513 1659 2799 1712; x_wconf 88' lang='lat' dir='ltr'><strong>parumper</strong></span> <span class='ocrx_word' id='word_1_223' title='bbox 2817 1644 3044 1712; x_wconf 83' lang='lat' dir='ltr'><strong>pulveris</strong></span> <span class='ocrx_word' id='word_1_224' title='bbox 3059 1643 3198 1698; x_wconf 84' lang='lat' dir='ltr'><strong>circa</strong></span> <span class='ocrx_word' id='word_1_225' title='bbox 3218 1644 3519 1711; x_wconf 88' lang='lat' dir='ltr'><strong>sepulcrum</strong></span> 
     </span>
    </p>
   </div>
   <div class='ocr_carea' id='block_1_31' title="bbox 1940 1732 3520 1807">
    <p class='ocr_par' dir='ltr' id='par_1_31' title="bbox 1940 1732 3520 1807">
     <span class='ocr_line' id='line_1_31' title="bbox 1940 1732 3520 1807; baseline 0.006 -24"><span class='ocrx_word' id='word_1_226' title='bbox 1940 1732 2170 1799; x_wconf 85' lang='lat' dir='ltr'><strong>jacentis</strong></span> <span class='ocrx_word' id='word_1_227' title='bbox 2209 1736 2556 1790; x_wconf 88' lang='lat' dir='ltr'><strong>sustulerunt.</strong></span> <span class='ocrx_word' id='word_1_228' title='bbox 2600 1738 2673 1791; x_wconf 90' lang='lat' dir='ltr'><strong>De</strong></span> <span class='ocrx_word' id='word_1_229' title='bbox 2708 1753 2813 1807; x_wconf 87' lang='lat' dir='ltr'><strong>quo</strong></span> <span class='ocrx_word' id='word_1_230' title='bbox 2843 1746 2901 1791; x_wconf 92' lang='lat' dir='ltr'><strong>ut</strong></span> <span class='ocrx_word' id='word_1_231' title='bbox 2932 1737 3108 1791; x_wconf 89' lang='lat' dir='ltr'><strong>hausit</strong></span> <span class='ocrx_word' id='word_1_232' title='bbox 3133 1737 3373 1794; x_wconf 85' lang='lat' dir='ltr'><strong>inﬁrmus</strong></span> <span class='ocrx_word' id='word_1_233' title='bbox 3400 1753 3520 1793; x_wconf 91' lang='lat' dir='ltr'><strong>cum</strong></span> 
     </span>
    </p>
   </div>
   <div class='ocr_carea' id='block_1_32' title="bbox 1945 1830 3526 1901">
    <p class='ocr_par' dir='ltr' id='par_1_32' title="bbox 1945 1830 3526 1901">
     <span class='ocr_line' id='line_1_32' title="bbox 1945 1830 3526 1901; baseline 0.006 -25"><span class='ocrx_word' id='word_1_234' title='bbox 1945 1839 2103 1893; x_wconf 88' lang='lat' dir='ltr'><strong>aqua,</strong></span> <span class='ocrx_word' id='word_1_235' title='bbox 2146 1830 2394 1895; x_wconf 88' lang='lat' dir='ltr'><strong>protinus</strong></span> <span class='ocrx_word' id='word_1_236' title='bbox 2434 1841 2709 1884; x_wconf 87' lang='lat' dir='ltr'><strong>assecutus</strong></span> <span class='ocrx_word' id='word_1_237' title='bbox 2751 1842 2832 1885; x_wconf 91' lang='lat' dir='ltr'><strong>est</strong></span> <span class='ocrx_word' id='word_1_238' title='bbox 2869 1832 3207 1899; x_wconf 85' lang='lat' dir='ltr'><strong>medicinam,</strong></span> <span class='ocrx_word' id='word_1_239' title='bbox 3240 1848 3526 1901; x_wconf 86' lang='lat' dir='ltr'><strong>recupera-</strong></span> 
     </span>
    </p>
   </div>
   <div class='ocr_carea' id='block_1_33' title="bbox 253 1912 1845 1997">
    <p class='ocr_par' dir='ltr' id='par_1_33' title="bbox 253 1924 1839 1997">
     <span class='ocr_line' id='line_1_33' title="bbox 253 1924 1839 1997; baseline 0.005 -20"><span class='ocrx_word' id='word_1_240' title='bbox 253 1924 457 1978; x_wconf 84' lang='lat' dir='ltr'><strong>bantur</strong></span> <span class='ocrx_word' id='word_1_241' title='bbox 484 1924 811 1990; x_wconf 88' lang='lat' dir='ltr'><strong>hominibus,</strong></span> <span class='ocrx_word' id='word_1_242' title='bbox 837 1936 1143 1982; x_wconf 84' lang='lat' dir='ltr'><strong>asserentes</strong></span> <span class='ocrx_word' id='word_1_243' title='bbox 1168 1938 1443 1997; x_wconf 87' lang='lat' dir='ltr'><strong>parentem</strong></span> <span class='ocrx_word' id='word_1_244' title='bbox 1468 1945 1621 1983; x_wconf 90' lang='lat' dir='ltr'><strong>suum</strong></span> <span class='ocrx_word' id='word_1_245' title='bbox 1653 1946 1839 1985; x_wconf 90' lang='lat' dir='ltr'><strong>eorum</strong></span> 
     </span>
    </p>
   </div>
   <div class='ocr_carea' id='block_1_34' title="bbox 1945 1912 3525 1997">
    <p class='ocr_par' dir='ltr' id='par_1_34' title="bbox 1951 1918 3525 1993">
     <span class='ocr_line' id='line_1_34' title="bbox 1951 1918 3525 1993; baseline 0.006 -23"><span class='ocrx_word' id='word_1_246' title='bbox 1951 1918 2123 1986; x_wconf 87' lang='lat' dir='ltr'><strong>tisque</strong></span> <span class='ocrx_word' id='word_1_247' title='bbox 2152 1919 2352 1973; x_wconf 91' lang='lat' dir='ltr'><strong>viribus</strong></span> <span class='ocrx_word' id='word_1_248' title='bbox 2378 1935 2439 1975; x_wconf 88' lang='lat' dir='ltr'><strong>ac</strong></span> <span class='ocrx_word' id='word_1_249' title='bbox 2461 1922 2711 1975; x_wconf 89' lang='lat' dir='ltr'><strong>restincta</strong></span> <span class='ocrx_word' id='word_1_250' title='bbox 2747 1923 2891 1977; x_wconf 89' lang='lat' dir='ltr'><strong>febre</strong></span> <span class='ocrx_word' id='word_1_251' title='bbox 2920 1924 3207 1977; x_wconf 84' lang='lat' dir='ltr'><strong>convaluit.</strong></span> <span class='ocrx_word' id='word_1_252' title='bbox 3244 1924 3525 1993; x_wconf 85' lang='lat' dir='ltr'><strong>lntelligite</strong></span> 
     </span>
    </p>
   </div>
   <div class='ocr_carea' id='block_1_35' title="bbox 257 2015 1839 2090">
    <p class='ocr_par' dir='ltr' id='par_1_35' title="bbox 257 2015 1839 2090">
     <span class='ocr_line' id='line_1_35' title="bbox 257 2015 1839 2090; baseline 0.007 -22"><span class='ocrx_word' id='word_1_253' title='bbox 257 2016 483 2084; x_wconf 80' lang='lat' dir='ltr'><strong>magicis</strong></span> <span class='ocrx_word' id='word_1_254' title='bbox 511 2015 712 2070; x_wconf 89' lang='lat' dir='ltr'><strong>artibus</strong></span> <span class='ocrx_word' id='word_1_255' title='bbox 738 2016 901 2072; x_wconf 89' lang='lat' dir='ltr'><strong>fuisse</strong></span> <span class='ocrx_word' id='word_1_256' title='bbox 932 2028 1294 2089; x_wconf 84' lang='lat' dir='ltr'><strong>peremptum,</strong></span> <span class='ocrx_word' id='word_1_257' title='bbox 1338 2030 1393 2075; x_wconf 92' lang='lat' dir='ltr'><strong>et</strong></span> <span class='ocrx_word' id='word_1_258' title='bbox 1440 2022 1839 2090; x_wconf 78' lang='lat' dir='ltr'><strong>apprehensum</strong></span> 
     </span>
    </p>
   </div>
   <div class='ocr_carea' id='block_1_36' title="bbox 254 2106 1844 2177">
    <p class='ocr_par' dir='ltr' id='par_1_36' title="bbox 254 2106 1844 2177">
     <span class='ocr_line' id='line_1_36' title="bbox 254 2106 1844 2177; baseline 0.004 -18"><span class='ocrx_word' id='word_1_259' title='bbox 254 2122 483 2177; x_wconf 90' lang='lat' dir='ltr'><strong>puerum</strong></span> <span class='ocrx_word' id='word_1_260' title='bbox 511 2106 861 2162; x_wconf 88' lang='lat' dir='ltr'><strong>elevaverunt</strong></span> <span class='ocrx_word' id='word_1_261' title='bbox 887 2123 1011 2163; x_wconf 90' lang='lat' dir='ltr'><strong>eum</strong></span> <span class='ocrx_word' id='word_1_262' title='bbox 1035 2110 1379 2166; x_wconf 85' lang='lat' dir='ltr'><strong>semivivum.</strong></span> <span class='ocrx_word' id='word_1_263' title='bbox 1415 2111 1486 2164; x_wconf 85' lang='lat' dir='ltr'><strong>At</strong></span> <span class='ocrx_word' id='word_1_264' title='bbox 1509 2112 1596 2166; x_wconf 90' lang='lat' dir='ltr'><strong>ille</strong></span> <span class='ocrx_word' id='word_1_265' title='bbox 1627 2112 1694 2166; x_wconf 91' lang='lat' dir='ltr'><strong>de</strong></span> <span class='ocrx_word' id='word_1_266' title='bbox 1728 2127 1844 2166; x_wconf 84' lang='lat' dir='ltr'><strong>ma-</strong></span> 
     </span>
    </p>
   </div>
   <div class='ocr_carea' id='block_1_37' title="bbox 252 2199 1842 2273">
    <p class='ocr_par' dir='ltr' id='par_1_37' title="bbox 252 2199 1842 2273">
     <span class='ocr_line' id='line_1_37' title="bbox 252 2199 1842 2273; baseline 0.004 -20"><span class='ocrx_word' id='word_1_267' title='bbox 252 2199 415 2254; x_wconf 89' lang='lat' dir='ltr'><strong>nibus</strong></span> <span class='ocrx_word' id='word_1_268' title='bbox 438 2214 621 2253; x_wconf 88' lang='lat' dir='ltr'><strong>eorum</strong></span> <span class='ocrx_word' id='word_1_269' title='bbox 644 2201 884 2269; x_wconf 84' lang='lat' dir='ltr'><strong>elapsus,</strong></span> <span class='ocrx_word' id='word_1_270' title='bbox 909 2204 1179 2270; x_wconf 89' lang='lat' dir='ltr'><strong>percussis</strong></span> <span class='ocrx_word' id='word_1_271' title='bbox 1206 2203 1419 2271; x_wconf 89' lang='lat' dir='ltr'><strong>palmis,</strong></span> <span class='ocrx_word' id='word_1_272' title='bbox 1452 2205 1615 2273; x_wconf 76' lang='lat' dir='ltr'><strong>coapit</strong></span> <span class='ocrx_word' id='word_1_273' title='bbox 1643 2204 1842 2259; x_wconf 83' lang='lat' dir='ltr'><strong>debac-</strong></span> 
     </span>
    </p>
   </div>
   <div class='ocr_carea' id='block_1_38' title="bbox 253 2290 1844 2365">
    <p class='ocr_par' dir='ltr' id='par_1_38' title="bbox 253 2290 1844 2365">
     <span class='ocr_line' id='line_1_38' title="bbox 253 2290 1844 2365; baseline 0.001 -18"><span class='ocrx_word' id='word_1_274' title='bbox 253 2290 471 2347; x_wconf 78' lang='lat' dir='ltr'><strong>chando</strong></span> <span class='ocrx_word' id='word_1_275' title='bbox 492 2290 723 2346; x_wconf 89' lang='lat' dir='ltr'><strong>clamare</strong></span> <span class='ocrx_word' id='word_1_276' title='bbox 744 2292 826 2346; x_wconf 91' lang='lat' dir='ltr'><strong>vel</strong></span> <span class='ocrx_word' id='word_1_277' title='bbox 856 2292 1038 2348; x_wconf 89' lang='lat' dir='ltr'><strong>dicere</strong></span> <span class='ocrx_word' id='word_1_278' title='bbox 1061 2293 1201 2363; x_wconf 90' lang='lat' dir='ltr'><strong>quod</strong></span> <span class='ocrx_word' id='word_1_279' title='bbox 1231 2296 1482 2365; x_wconf 86' lang='lat' dir='ltr'><strong>martyris</strong></span> <span class='ocrx_word' id='word_1_280' title='bbox 1507 2295 1708 2349; x_wconf 86' lang='lat' dir='ltr'><strong>Juliaui</strong></span> <span class='ocrx_word' id='word_1_281' title='bbox 1735 2297 1844 2349; x_wconf 88' lang='lat' dir='ltr'><strong>vir-</strong></span> 
     </span>
    </p>
   </div>
   <div class='ocr_carea' id='block_1_39' title="bbox 255 2384 1843 2456">
    <p class='ocr_par' dir='ltr' id='par_1_39' title="bbox 255 2384 1843 2456">
     <span class='ocr_line' id='line_1_39' title="bbox 255 2384 1843 2456; baseline 0.002 -18"><span class='ocrx_word' id='word_1_282' title='bbox 255 2393 374 2439; x_wconf 77' lang='lat' dir='ltr'><strong>tute</strong></span> <span class='ocrx_word' id='word_1_283' title='bbox 418 2397 752 2440; x_wconf 87' lang='lat' dir='ltr'><strong>exureretur.</strong></span> <span class='ocrx_word' id='word_1_284' title='bbox 783 2384 1020 2442; x_wconf 90' lang='lat' dir='ltr'><strong>Clericus</strong></span> <span class='ocrx_word' id='word_1_285' title='bbox 1068 2403 1195 2443; x_wconf 92' lang='lat' dir='ltr'><strong>vero</strong></span> <span class='ocrx_word' id='word_1_286' title='bbox 1236 2388 1350 2443; x_wconf 69' lang='lat' dir='ltr'><strong>haec</strong></span> <span class='ocrx_word' id='word_1_287' title='bbox 1387 2389 1632 2453; x_wconf 89' lang='lat' dir='ltr'><strong>audiens,</strong></span> <span class='ocrx_word' id='word_1_288' title='bbox 1671 2390 1843 2456; x_wconf 88' lang='lat' dir='ltr'><strong>posita</strong></span> 
     </span>
    </p>
   </div>
   <div class='ocr_carea' id='block_1_40' title="bbox 252 2478 1843 2551">
    <p class='ocr_par' dir='ltr' id='par_1_40' title="bbox 252 2478 1843 2551">
     <span class='ocr_line' id='line_1_40' title="bbox 252 2478 1843 2551; baseline 0.003 -19"><span class='ocrx_word' id='word_1_289' title='bbox 252 2493 418 2547; x_wconf 87' lang='lat' dir='ltr'><strong>super</strong></span> <span class='ocrx_word' id='word_1_290' title='bbox 447 2488 603 2549; x_wconf 90' lang='lat' dir='ltr'><strong>caput</strong></span> <span class='ocrx_word' id='word_1_291' title='bbox 626 2478 741 2549; x_wconf 90' lang='lat' dir='ltr'><strong>ejus</strong></span> <span class='ocrx_word' id='word_1_292' title='bbox 760 2481 976 2549; x_wconf 89' lang='lat' dir='ltr'><strong>capsula</strong></span> <span class='ocrx_word' id='word_1_293' title='bbox 998 2495 1118 2535; x_wconf 86' lang='lat' dir='ltr'><strong>cum</strong></span> <span class='ocrx_word' id='word_1_294' title='bbox 1145 2482 1459 2551; x_wconf 80' lang='lat' dir='ltr'><strong>pignoribus</strong></span> <span class='ocrx_word' id='word_1_295' title='bbox 1482 2481 1709 2545; x_wconf 88' lang='lat' dir='ltr'><strong>sanctis,</strong></span> <span class='ocrx_word' id='word_1_296' title='bbox 1737 2480 1843 2537; x_wconf 86' lang='lat' dir='ltr'><strong>fide</strong></span> 
     </span>
    </p>
   </div>
   <div class='ocr_carea' id='block_1_41' title="bbox 253 2571 1846 2643">
    <p class='ocr_par' dir='ltr' id='par_1_41' title="bbox 253 2571 1846 2643">
     <span class='ocr_line' id='line_1_41' title="bbox 253 2571 1846 2643; baseline 0.003 -20"><span class='ocrx_word' id='word_1_297' title='bbox 253 2571 447 2641; x_wconf 88' lang='lat' dir='ltr'><strong>plenus</strong></span> <span class='ocrx_word' id='word_1_298' title='bbox 470 2586 625 2627; x_wconf 90' lang='lat' dir='ltr'><strong>orare</strong></span> <span class='ocrx_word' id='word_1_299' title='bbox 655 2573 819 2643; x_wconf 63' lang='lat' dir='ltr'><strong>carpit</strong></span> <span class='ocrx_word' id='word_1_300' title='bbox 849 2571 1115 2628; x_wconf 87' lang='lat' dir='ltr'><strong>attentius</strong></span> <span class='ocrx_word' id='word_1_301' title='bbox 1140 2589 1154 2626; x_wconf 90' lang='lat'><strong>:</strong></span> <span class='ocrx_word' id='word_1_302' title='bbox 1190 2572 1304 2641; x_wconf 89' lang='lat' dir='ltr'><strong>ipse</strong></span> <span class='ocrx_word' id='word_1_303' title='bbox 1334 2586 1546 2641; x_wconf 88' lang='lat' dir='ltr'><strong>quoque</strong></span> <span class='ocrx_word' id='word_1_304' title='bbox 1594 2587 1716 2627; x_wconf 89' lang='lat' dir='ltr'><strong>cum</strong></span> <span class='ocrx_word' id='word_1_305' title='bbox 1748 2587 1846 2628; x_wconf 90' lang='lat' dir='ltr'><strong>vo-</strong></span> 
     </span>
    </p>
   </div>
   <div class='ocr_carea' id='block_1_42' title="bbox 256 2662 1844 2735">
    <p class='ocr_par' dir='ltr' id='par_1_42' title="bbox 256 2662 1844 2735">
     <span class='ocr_line' id='line_1_42' title="bbox 256 2662 1844 2735; baseline 0.002 -18"><span class='ocrx_word' id='word_1_306' title='bbox 256 2662 393 2717; x_wconf 81' lang='lat' dir='ltr'><strong>mitu</strong></span> <span class='ocrx_word' id='word_1_307' title='bbox 425 2663 738 2733; x_wconf 86' lang='lat' dir='ltr'><strong>sanguinem</strong></span> <span class='ocrx_word' id='word_1_308' title='bbox 770 2664 1205 2733; x_wconf 71' lang='lat' dir='ltr'><strong>dmmoniumque</strong></span> <span class='ocrx_word' id='word_1_309' title='bbox 1237 2663 1556 2733; x_wconf 90' lang='lat' dir='ltr'><strong>projiciens,</strong></span> <span class='ocrx_word' id='word_1_310' title='bbox 1590 2673 1844 2735; x_wconf 89' lang='lat' dir='ltr'><strong>purgatus</strong></span> 
     </span>
    </p>
   </div>
   <div class='ocr_carea' id='block_1_43' title="bbox 254 2752 1842 2826">
    <p class='ocr_par' dir='ltr' id='par_1_43' title="bbox 254 2752 1842 2826">
     <span class='ocr_line' id='line_1_43' title="bbox 254 2752 1842 2826; baseline 0.003 -19"><span class='ocrx_word' id='word_1_311' title='bbox 254 2752 540 2810; x_wconf 84' lang='lat' dir='ltr'><strong>abscessit.</strong></span> <span class='ocrx_word' id='word_1_312' title='bbox 562 2754 766 2811; x_wconf 88' lang='lat' dir='ltr'><strong>Dehinc</strong></span> <span class='ocrx_word' id='word_1_313' title='bbox 795 2755 1036 2811; x_wconf 85' lang='lat' dir='ltr'><strong>firmatus</strong></span> <span class='ocrx_word' id='word_1_314' title='bbox 1056 2756 1109 2810; x_wconf 89' lang='lat' dir='ltr'><strong>in</strong></span> <span class='ocrx_word' id='word_1_315' title='bbox 1140 2755 1245 2811; x_wconf 84' lang='lat' dir='ltr'><strong>fide</strong></span> <span class='ocrx_word' id='word_1_316' title='bbox 1270 2756 1519 2826; x_wconf 88' lang='lat' dir='ltr'><strong>portitor,</strong></span> <span class='ocrx_word' id='word_1_317' title='bbox 1544 2757 1648 2811; x_wconf 91' lang='lat' dir='ltr'><strong>iter</strong></span> <span class='ocrx_word' id='word_1_318' title='bbox 1674 2766 1842 2812; x_wconf 89' lang='lat' dir='ltr'><strong>totum</strong></span> 
     </span>
    </p>
   </div>
   <div class='ocr_carea' id='block_1_44' title="bbox 254 2845 1847 2918">
    <p class='ocr_par' dir='ltr' id='par_1_44' title="bbox 254 2845 1847 2918">
     <span class='ocr_line' id='line_1_44' title="bbox 254 2845 1847 2918; baseline 0.003 -16"><span class='ocrx_word' id='word_1_319' title='bbox 254 2859 379 2902; x_wconf 83' lang='lat' dir='ltr'><strong>eum</strong></span> <span class='ocrx_word' id='word_1_320' title='bbox 410 2845 632 2915; x_wconf 77' lang='lat' dir='ltr'><strong>psalmis</strong></span> <span class='ocrx_word' id='word_1_321' title='bbox 662 2855 714 2901; x_wconf 89' lang='lat' dir='ltr'><strong>et</strong></span> <span class='ocrx_word' id='word_1_322' title='bbox 740 2847 1029 2916; x_wconf 80' lang='lat' dir='ltr'><strong>gratiarum</strong></span> <span class='ocrx_word' id='word_1_323' title='bbox 1061 2848 1364 2903; x_wconf 91' lang='lat' dir='ltr'><strong>actionibus</strong></span> <span class='ocrx_word' id='word_1_324' title='bbox 1392 2862 1619 2918; x_wconf 89' lang='lat' dir='ltr'><strong>carpens</strong></span> <span class='ocrx_word' id='word_1_325' title='bbox 1654 2849 1719 2903; x_wconf 89' lang='lat' dir='ltr'><strong>ad</strong></span> <span class='ocrx_word' id='word_1_326' title='bbox 1778 2851 1847 2906; x_wconf 93' lang='lat' dir='ltr'><strong>lo-</strong></span> 
     </span>
    </p>
   </div>
   <div class='ocr_carea' id='block_1_45' title="bbox 256 2936 1844 3009">
    <p class='ocr_par' dir='ltr' id='par_1_45' title="bbox 256 2936 1844 3009">
     <span class='ocr_line' id='line_1_45' title="bbox 256 2936 1844 3009; baseline 0.002 -18"><span class='ocrx_word' id='word_1_327' title='bbox 256 2950 381 2991; x_wconf 91' lang='lat' dir='ltr'><strong>cum</strong></span> <span class='ocrx_word' id='word_1_328' title='bbox 415 2944 791 3005; x_wconf 70' lang='lat' dir='ltr'><strong>praaoptatum,</strong></span> <span class='ocrx_word' id='word_1_329' title='bbox 834 2936 1070 3009; x_wconf 85' lang='lat' dir='ltr'><strong>Martyre</strong></span> <span class='ocrx_word' id='word_1_330' title='bbox 1099 2936 1351 3005; x_wconf 89' lang='lat' dir='ltr'><strong>ducente,</strong></span> <span class='ocrx_word' id='word_1_331' title='bbox 1406 2938 1669 3007; x_wconf 87' lang='lat' dir='ltr'><strong>pervenit.</strong></span> <span class='ocrx_word' id='word_1_332' title='bbox 1725 2938 1844 2994; x_wconf 87' lang='lat' dir='ltr'><strong>Jam</strong></span> 
     </span>
    </p>
   </div>
   <div class='ocr_carea' id='block_1_46' title="bbox 258 3027 1839 3099">
    <p class='ocr_par' dir='ltr' id='par_1_46' title="bbox 258 3027 1839 3099">
     <span class='ocr_line' id='line_1_46' title="bbox 258 3027 1839 3099; baseline 0.001 -15"><span class='ocrx_word' id='word_1_333' title='bbox 258 3027 475 3094; x_wconf 79' lang='lat' dir='ltr'><strong>exinde,</strong></span> <span class='ocrx_word' id='word_1_334' title='bbox 503 3036 746 3096; x_wconf 90' lang='lat' dir='ltr'><strong>tempore</strong></span> <span class='ocrx_word' id='word_1_335' title='bbox 778 3028 1121 3097; x_wconf 88' lang='lat' dir='ltr'><strong>procedente,</strong></span> <span class='ocrx_word' id='word_1_336' title='bbox 1154 3029 1335 3099; x_wconf 89' lang='lat' dir='ltr'><strong>quanti</strong></span> <span class='ocrx_word' id='word_1_337' title='bbox 1367 3028 1439 3084; x_wconf 87' lang='lat' dir='ltr'><strong>ibi</strong></span> <span class='ocrx_word' id='word_1_338' title='bbox 1472 3032 1839 3099; x_wconf 87' lang='lat' dir='ltr'><strong>energumeui,</strong></span> 
     </span>
    </p>
   </div>
   <div class='ocr_carea' id='block_1_47' title="bbox 258 3117 1845 3192">
    <p class='ocr_par' dir='ltr' id='par_1_47' title="bbox 258 3117 1845 3192">
     <span class='ocr_line' id='line_1_47' title="bbox 258 3117 1845 3192; baseline 0.002 -19"><span class='ocrx_word' id='word_1_339' title='bbox 258 3117 560 3188; x_wconf 87' lang='lat' dir='ltr'><strong>frigoritici,</strong></span> <span class='ocrx_word' id='word_1_340' title='bbox 580 3119 662 3174; x_wconf 92' lang='lat' dir='ltr'><strong>vel</strong></span> <span class='ocrx_word' id='word_1_341' title='bbox 688 3118 922 3174; x_wconf 88' lang='lat' dir='ltr'><strong>diversis</strong></span> <span class='ocrx_word' id='word_1_342' title='bbox 944 3120 1147 3174; x_wconf 89' lang='lat' dir='ltr'><strong>morbis</strong></span> <span class='ocrx_word' id='word_1_343' title='bbox 1176 3119 1443 3190; x_wconf 89' lang='lat' dir='ltr'><strong>oppressi,</strong></span> <span class='ocrx_word' id='word_1_344' title='bbox 1466 3118 1715 3192; x_wconf 85' lang='lat' dir='ltr'><strong>Martyris</strong></span> <span class='ocrx_word' id='word_1_345' title='bbox 1737 3122 1845 3176; x_wconf 89' lang='lat' dir='ltr'><strong>vir-</strong></span> 
     </span>
    </p>
   </div>
   <div class='ocr_carea' id='block_1_48' title="bbox 261 3211 1843 3279">
    <p class='ocr_par' dir='ltr' id='par_1_48' title="bbox 261 3211 1843 3279">
     <span class='ocr_line' id='line_1_48' title="bbox 261 3211 1843 3279; baseline 0.003 -13"><span class='ocrx_word' id='word_1_346' title='bbox 261 3219 377 3267; x_wconf 91' lang='lat' dir='ltr'><strong>tute</strong></span> <span class='ocrx_word' id='word_1_347' title='bbox 406 3212 576 3266; x_wconf 86' lang='lat' dir='ltr'><strong>sanati</strong></span> <span class='ocrx_word' id='word_1_348' title='bbox 617 3220 762 3277; x_wconf 92' lang='lat' dir='ltr'><strong>sunt,</strong></span> <span class='ocrx_word' id='word_1_349' title='bbox 808 3226 909 3268; x_wconf 88' lang='lat' dir='ltr'><strong>nec</strong></span> <span class='ocrx_word' id='word_1_350' title='bbox 938 3212 1155 3267; x_wconf 88' lang='lat' dir='ltr'><strong>nomina</strong></span> <span class='ocrx_word' id='word_1_351' title='bbox 1180 3211 1423 3279; x_wconf 86' lang='lat' dir='ltr'><strong>retineri,</strong></span> <span class='ocrx_word' id='word_1_352' title='bbox 1457 3226 1559 3269; x_wconf 90' lang='lat' dir='ltr'><strong>nec</strong></span> <span class='ocrx_word' id='word_1_353' title='bbox 1586 3226 1843 3271; x_wconf 88' lang='lat' dir='ltr'><strong>numerus</strong></span> 
     </span>
    </p>
   </div>
   <div class='ocr_carea' id='block_1_49' title="bbox 262 3302 655 3373">
    <p class='ocr_par' dir='ltr' id='par_1_49' title="bbox 262 3302 655 3373">
     <span class='ocr_line' id='line_1_49' title="bbox 262 3302 655 3373; baseline -0.005 -14"><span class='ocrx_word' id='word_1_354' title='bbox 262 3302 435 3373; x_wconf 89' lang='lat' dir='ltr'><strong>potuit</strong></span> <span class='ocrx_word' id='word_1_355' title='bbox 457 3302 655 3373; x_wconf 85' lang='lat' dir='ltr'><strong>colligi.</strong></span> 
     </span>
    </p>
   </div>
   <div class='ocr_carea' id='block_1_50' title="bbox 280 3391 1260 3450">
    <p class='ocr_par' dir='ltr' id='par_1_50' title="bbox 280 3391 1260 3450">
     <span class='ocr_line' id='line_1_50' title="bbox 280 3391 1260 3450; baseline 0.003 -3"><span class='ocrx_word' id='word_1_356' title='bbox 280 3406 283 3407; x_wconf 71' lang='lat'><strong><em>&#39;</em></strong></span> <span class='ocrx_word' id='word_1_357' title='bbox 837 3391 1063 3450; x_wconf 82' lang='lat' dir='ltr'><strong>CAPUT</strong></span> <span class='ocrx_word' id='word_1_358' title='bbox 1099 3393 1260 3450; x_wconf 78' lang='lat' dir='ltr'><strong>XLV.</strong></span> 
     </span>
    </p>
   </div>
   <div class='ocr_carea' id='block_1_51' title="bbox 265 3503 1848 3581">
    <p class='ocr_par' dir='ltr' id='par_1_51' title="bbox 265 3503 1848 3581">
     <span class='ocr_line' id='line_1_51' title="bbox 265 3503 1848 3581; baseline 0.004 -20"><span class='ocrx_word' id='word_1_359' title='bbox 265 3503 344 3561; x_wconf 84' lang='lat' dir='ltr'><strong>De</strong></span> <span class='ocrx_word' id='word_1_360' title='bbox 365 3519 521 3577; x_wconf 81' lang='lat' dir='ltr'><strong>puero</strong></span> <span class='ocrx_word' id='word_1_361' title='bbox 559 3506 626 3560; x_wconf 80' lang='lat' dir='ltr'><strong>ad</strong></span> <span class='ocrx_word' id='word_1_362' title='bbox 663 3506 855 3563; x_wconf 85' lang='lat' dir='ltr'><strong>ariolos</strong></span> <span class='ocrx_word' id='word_1_363' title='bbox 877 3508 1052 3575; x_wconf 84' lang='lat' dir='ltr'><strong>ducto,</strong></span> <span class='ocrx_word' id='word_1_364' title='bbox 1084 3511 1253 3565; x_wconf 84' lang='lat' dir='ltr'><strong>etalio</strong></span> <span class='ocrx_word' id='word_1_365' title='bbox 1281 3510 1373 3581; x_wconf 84' lang='lat' dir='ltr'><strong>per</strong></span> <span class='ocrx_word' id='word_1_366' title='bbox 1398 3511 1637 3568; x_wconf 78' lang='lat' dir='ltr'><strong>virtutem</strong></span> <span class='ocrx_word' id='word_1_367' title='bbox 1664 3511 1848 3569; x_wconf 84' lang='lat' dir='ltr'><strong>Sancti</strong></span> 
     </span>
    </p>
   </div>
   <div class='ocr_carea' id='block_1_52' title="bbox 962 3590 1162 3636">
    <p class='ocr_par' dir='ltr' id='par_1_52' title="bbox 962 3590 1162 3636">
     <span class='ocr_line' id='line_1_52' title="bbox 962 3590 1162 3636; baseline 0.015 -3"><span class='ocrx_word' id='word_1_368' title='bbox 962 3590 1162 3636; x_wconf 83' lang='lat' dir='ltr'><strong>sanato.</strong></span> 
     </span>
    </p>
   </div>
   <div class='ocr_carea' id='block_1_53' title="bbox 338 3685 1849 3763">
    <p class='ocr_par' dir='ltr' id='par_1_53' title="bbox 338 3685 1849 3763">
     <span class='ocr_line' id='line_1_53' title="bbox 338 3685 1849 3763; baseline 0.007 -20"><span class='ocrx_word' id='word_1_369' title='bbox 338 3685 483 3743; x_wconf 82' lang='lat' dir='ltr'><strong>Inter</strong></span> <span class='ocrx_word' id='word_1_370' title='bbox 510 3686 713 3760; x_wconf 90' lang='lat' dir='ltr'><strong>reliqua</strong></span> <span class='ocrx_word' id='word_1_371' title='bbox 735 3704 864 3745; x_wconf 90' lang='lat' dir='ltr'><strong>vero</strong></span> <span class='ocrx_word' id='word_1_372' title='bbox 884 3689 1110 3760; x_wconf 89' lang='lat' dir='ltr'><strong>insignia</strong></span> <span class='ocrx_word' id='word_1_373' title='bbox 1131 3692 1595 3763; x_wconf 85' lang='lat' dir='ltr'><strong>suscipiendorum</strong></span> <span class='ocrx_word' id='word_1_374' title='bbox 1618 3696 1849 3753; x_wconf 83' lang='lat' dir='ltr'><strong>miracu-</strong></span> 
     </span>
    </p>
   </div>
   <div class='ocr_carea' id='block_1_54' title="bbox 268 3780 1849 3860">
    <p class='ocr_par' dir='ltr' id='par_1_54' title="bbox 268 3780 1849 3860">
     <span class='ocr_line' id='line_1_54' title="bbox 268 3780 1849 3860; baseline 0.007 -23"><span class='ocrx_word' id='word_1_375' title='bbox 268 3780 463 3850; x_wconf 87' lang='lat' dir='ltr'><strong>lorum,</strong></span> <span class='ocrx_word' id='word_1_376' title='bbox 488 3783 737 3851; x_wconf 90' lang='lat' dir='ltr'><strong>ponimus</strong></span> <span class='ocrx_word' id='word_1_377' title='bbox 758 3792 813 3837; x_wconf 92' lang='lat' dir='ltr'><strong>et</strong></span> <span class='ocrx_word' id='word_1_378' title='bbox 835 3783 1003 3850; x_wconf 87' lang='lat' dir='ltr'><strong>istud,</strong></span> <span class='ocrx_word' id='word_1_379' title='bbox 1030 3784 1171 3854; x_wconf 91' lang='lat' dir='ltr'><strong>quod</strong></span> <span class='ocrx_word' id='word_1_380' title='bbox 1203 3787 1515 3857; x_wconf 88' lang='lat' dir='ltr'><strong>insipientes</strong></span> <span class='ocrx_word' id='word_1_381' title='bbox 1541 3791 1774 3860; x_wconf 85' lang='lat' dir='ltr'><strong>corrigat</strong></span> <span class='ocrx_word' id='word_1_382' title='bbox 1792 3800 1849 3848; x_wconf 90' lang='lat' dir='ltr'><strong>et</strong></span> 
     </span>
    </p>
   </div>
   <div class='ocr_carea' id='block_1_55' title="bbox 269 3872 1844 3951">
    <p class='ocr_par' dir='ltr' id='par_1_55' title="bbox 269 3872 1844 3951">
     <span class='ocr_line' id='line_1_55' title="bbox 269 3872 1844 3951; baseline 0.006 -24"><span class='ocrx_word' id='word_1_383' title='bbox 269 3873 489 3927; x_wconf 83' lang='lat' dir='ltr'><strong>roboret</strong></span> <span class='ocrx_word' id='word_1_384' title='bbox 540 3872 829 3940; x_wconf 86' lang='lat' dir='ltr'><strong>sapientes.</strong></span> <span class='ocrx_word' id='word_1_385' title='bbox 865 3874 1028 3943; x_wconf 85' lang='lat' dir='ltr'><strong>Igitur</strong></span> <span class='ocrx_word' id='word_1_386' title='bbox 1060 3878 1267 3932; x_wconf 89' lang='lat' dir='ltr'><strong>Cautini</strong></span> <span class='ocrx_word' id='word_1_387' title='bbox 1305 3881 1541 3949; x_wconf 89' lang='lat' dir='ltr'><strong>episc0pi</strong></span> <span class='ocrx_word' id='word_1_388' title='bbox 1583 3892 1844 3951; x_wconf 89' lang='lat' dir='ltr'><strong>tempore,</strong></span> 
     </span>
    </p>
   </div>
   <div class='ocr_carea' id='block_1_56' title="bbox 268 3962 1848 4041">
    <p class='ocr_par' dir='ltr' id='par_1_56' title="bbox 268 3962 1848 4041">
     <span class='ocr_line' id='line_1_56' title="bbox 268 3962 1848 4041; baseline 0.008 -25"><span class='ocrx_word' id='word_1_389' title='bbox 268 3979 396 4033; x_wconf 87' lang='lat' dir='ltr'><strong>quo,</strong></span> <span class='ocrx_word' id='word_1_390' title='bbox 429 3962 796 4030; x_wconf 88' lang='lat' dir='ltr'><strong>ingruentibus</strong></span> <span class='ocrx_word' id='word_1_391' title='bbox 834 3966 1068 4033; x_wconf 86' lang='lat' dir='ltr'><strong>peccatis</strong></span> <span class='ocrx_word' id='word_1_392' title='bbox 1097 3969 1299 4036; x_wconf 91' lang='lat' dir='ltr'><strong>p0puli,</strong></span> <span class='ocrx_word' id='word_1_393' title='bbox 1340 3970 1580 4025; x_wconf 85' lang='lat' dir='ltr'><strong>Arverna</strong></span> <span class='ocrx_word' id='word_1_394' title='bbox 1605 3974 1754 4041; x_wconf 84' lang='lat' dir='ltr'><strong>regio</strong></span> <span class='ocrx_word' id='word_1_395' title='bbox 1781 3973 1848 4029; x_wconf 91' lang='lat' dir='ltr'><strong>ab</strong></span> 
     </span>
    </p>
   </div>
   <div class='ocr_carea' id='block_1_57' title="bbox 271 4052 1849 4124">
    <p class='ocr_par' dir='ltr' id='par_1_57' title="bbox 271 4052 1849 4124">
     <span class='ocr_line' id='line_1_57' title="bbox 271 4052 1849 4124; baseline 0.006 -15"><span class='ocrx_word' id='word_1_396' title='bbox 271 4052 479 4109; x_wconf 88' lang='lat' dir='ltr'><strong>excidio</strong></span> <span class='ocrx_word' id='word_1_397' title='bbox 520 4054 623 4107; x_wconf 89' lang='lat' dir='ltr'><strong>luis</strong></span> <span class='ocrx_word' id='word_1_398' title='bbox 663 4069 821 4123; x_wconf 89' lang='lat' dir='ltr'><strong>quam</strong></span> <span class='ocrx_word' id='word_1_399' title='bbox 856 4055 1208 4124; x_wconf 87' lang='lat' dir='ltr'><strong>inguinariam</strong></span> <span class='ocrx_word' id='word_1_400' title='bbox 1237 4069 1432 4116; x_wconf 89' lang='lat' dir='ltr'><strong>vocant</strong></span> <span class='ocrx_word' id='word_1_401' title='bbox 1472 4062 1849 4119; x_wconf 86' lang='lat' dir='ltr'><strong>devastabatur</strong></span> 
     </span>
    </p>
   </div>
   <div class='ocr_carea' id='block_1_58' title="bbox 272 4145 1850 4221">
    <p class='ocr_par' dir='ltr' id='par_1_58' title="bbox 272 4145 1850 4221">
     <span class='ocr_line' id='line_1_58' title="bbox 272 4145 1850 4221; baseline 0.009 -22"><span class='ocrx_word' id='word_1_402' title='bbox 272 4145 423 4221; x_wconf 81' lang='lat' dir='ltr'><strong>(Vid.</strong></span> <span class='ocrx_word' id='word_1_403' title='bbox 455 4146 598 4201; x_wconf 81' lang='lat' dir='ltr'><strong>Hist.</strong></span> <span class='ocrx_word' id='word_1_404' title='bbox 630 4147 668 4200; x_wconf 93' lang='lat' dir='ltr'><strong>l.</strong></span> <span class='ocrx_word' id='word_1_405' title='bbox 701 4163 772 4214; x_wconf 84' lang='lat' dir='ltr'><strong>tv,</strong></span> <span class='ocrx_word' id='word_1_406' title='bbox 801 4166 847 4202; x_wconf 81' lang='grc' dir='ltr'><strong>ε.</strong></span> <span class='ocrx_word' id='word_1_407' title='bbox 876 4147 989 4219; x_wconf 81' lang='grc'><strong>51),</strong></span> <span class='ocrx_word' id='word_1_408' title='bbox 1025 4166 1124 4220; x_wconf 85' lang='lat' dir='ltr'><strong>ego</strong></span> <span class='ocrx_word' id='word_1_409' title='bbox 1147 4152 1512 4210; x_wconf 89' lang='lat' dir='ltr'><strong>Brivatensem</strong></span> <span class='ocrx_word' id='word_1_410' title='bbox 1545 4156 1715 4211; x_wconf 88' lang='lat' dir='ltr'><strong>vicum</strong></span> <span class='ocrx_word' id='word_1_411' title='bbox 1756 4174 1850 4212; x_wconf 87' lang='lat' dir='ltr'><strong>ex-</strong></span> 
     </span>
    </p>
   </div>
   <div class='ocr_carea' id='block_1_59' title="bbox 275 4239 1849 4319">
    <p class='ocr_par' dir='ltr' id='par_1_59' title="bbox 275 4239 1849 4319">
     <span class='ocr_line' id='line_1_59' title="bbox 275 4239 1849 4319; baseline 0.008 -24"><span class='ocrx_word' id='word_1_412' title='bbox 275 4239 425 4310; x_wconf 89' lang='lat' dir='ltr'><strong>petii,</strong></span> <span class='ocrx_word' id='word_1_413' title='bbox 458 4239 663 4295; x_wconf 89' lang='lat' dir='ltr'><strong>scilicet</strong></span> <span class='ocrx_word' id='word_1_414' title='bbox 696 4250 754 4295; x_wconf 92' lang='lat' dir='ltr'><strong>ut</strong></span> <span class='ocrx_word' id='word_1_415' title='bbox 791 4242 880 4310; x_wconf 90' lang='lat' dir='ltr'><strong>qui</strong></span> <span class='ocrx_word' id='word_1_416' title='bbox 921 4245 1127 4299; x_wconf 89' lang='lat' dir='ltr'><strong>meritis</strong></span> <span class='ocrx_word' id='word_1_417' title='bbox 1168 4247 1325 4300; x_wconf 86' lang='lat' dir='ltr'><strong>tutari</strong></span> <span class='ocrx_word' id='word_1_418' title='bbox 1369 4249 1676 4319; x_wconf 87' lang='lat' dir='ltr'><strong>ncquibam,</strong></span> <span class='ocrx_word' id='word_1_419' title='bbox 1710 4251 1849 4307; x_wconf 83' lang='lat' dir='ltr'><strong>beati</strong></span> 
     </span>
    </p>
   </div>
   <div class='ocr_carea' id='block_1_60' title="bbox 273 4333 1851 4415">
    <p class='ocr_par' dir='ltr' id='par_1_60' title="bbox 273 4333 1851 4415">
     <span class='ocr_line' id='line_1_60' title="bbox 273 4333 1851 4415; baseline 0.01 -28"><span class='ocrx_word' id='word_1_420' title='bbox 273 4333 521 4404; x_wconf 85' lang='lat' dir='ltr'><strong>martyris</strong></span> <span class='ocrx_word' id='word_1_421' title='bbox 552 4335 746 4390; x_wconf 86' lang='lat' dir='ltr'><strong>Juliani</strong></span> <span class='ocrx_word' id='word_1_422' title='bbox 770 4336 1009 4393; x_wconf 89' lang='lat' dir='ltr'><strong>salvarer</strong></span> <span class='ocrx_word' id='word_1_423' title='bbox 1029 4342 1296 4409; x_wconf 66' lang='lat' dir='ltr'><strong>praesidio.</strong></span> <span class='ocrx_word' id='word_1_424' title='bbox 1338 4342 1393 4398; x_wconf 92' lang='lat' dir='ltr'><strong>In</strong></span> <span class='ocrx_word' id='word_1_425' title='bbox 1417 4360 1522 4415; x_wconf 92' lang='lat' dir='ltr'><strong>quo</strong></span> <span class='ocrx_word' id='word_1_426' title='bbox 1548 4346 1673 4400; x_wconf 88' lang='lat' dir='ltr'><strong>dum</strong></span> <span class='ocrx_word' id='word_1_427' title='bbox 1701 4361 1851 4402; x_wconf 88' lang='lat' dir='ltr'><strong>com-</strong></span> 
     </span>
    </p>
   </div>
   <div class='ocr_carea' id='block_1_61' title="bbox 274 4427 1850 4501">
    <p class='ocr_par' dir='ltr' id='par_1_61' title="bbox 274 4427 1850 4501">
     <span class='ocr_line' id='line_1_61' title="bbox 274 4427 1850 4501; baseline 0.01 -20"><span class='ocrx_word' id='word_1_428' title='bbox 274 4440 513 4482; x_wconf 88' lang='lat' dir='ltr'><strong>morarer</strong></span> <span class='ocrx_word' id='word_1_429' title='bbox 540 4427 681 4496; x_wconf 90' lang='lat' dir='ltr'><strong>vico,</strong></span> <span class='ocrx_word' id='word_1_430' title='bbox 715 4445 849 4485; x_wconf 89' lang='lat' dir='ltr'><strong>unus</strong></span> <span class='ocrx_word' id='word_1_431' title='bbox 889 4448 1019 4501; x_wconf 89' lang='lat' dir='ltr'><strong>puer</strong></span> <span class='ocrx_word' id='word_1_432' title='bbox 1058 4450 1124 4489; x_wconf 83' lang='lat' dir='ltr'><strong>ex</strong></span> <span class='ocrx_word' id='word_1_433' title='bbox 1168 4437 1366 4493; x_wconf 89' lang='lat' dir='ltr'><strong>nostris</strong></span> <span class='ocrx_word' id='word_1_434' title='bbox 1408 4439 1476 4494; x_wconf 89' lang='lat' dir='ltr'><strong>ab</strong></span> <span class='ocrx_word' id='word_1_435' title='bbox 1522 4441 1622 4494; x_wconf 82' lang='lat' dir='ltr'><strong>hoc</strong></span> <span class='ocrx_word' id='word_1_436' title='bbox 1663 4442 1850 4497; x_wconf 82' lang='lat' dir='ltr'><strong>morbo</strong></span> 
     </span>
    </p>
   </div>
   <div class='ocr_carea' id='block_1_62' title="bbox 276 4513 1851 4599">
    <p class='ocr_par' dir='ltr' id='par_1_62' title="bbox 276 4513 1851 4599">
     <span class='ocr_line' id='line_1_62' title="bbox 276 4513 1851 4599; baseline 0.009 -26"><span class='ocrx_word' id='word_1_437' title='bbox 276 4513 583 4589; x_wconf 85' lang='lat' dir='ltr'><strong>corripitur,</strong></span> <span class='ocrx_word' id='word_1_438' title='bbox 621 4521 990 4591; x_wconf 88' lang='lat' dir='ltr'><strong>reclinatoque</strong></span> <span class='ocrx_word' id='word_1_439' title='bbox 1012 4525 1078 4578; x_wconf 92' lang='lat' dir='ltr'><strong>ad</strong></span> <span class='ocrx_word' id='word_1_440' title='bbox 1106 4525 1355 4582; x_wconf 84' lang='lat' dir='ltr'><strong>lectulum</strong></span> <span class='ocrx_word' id='word_1_441' title='bbox 1388 4529 1583 4599; x_wconf 88' lang='lat' dir='ltr'><strong>capite,</strong></span> <span class='ocrx_word' id='word_1_442' title='bbox 1618 4533 1851 4599; x_wconf 82' lang='lat' dir='ltr'><strong>graviter</strong></span> 
     </span>
    </p>
   </div>
   <div class='ocr_carea' id='block_1_63' title="bbox 275 4613 1849 4679">
    <p class='ocr_par' dir='ltr' id='par_1_63' title="bbox 275 4613 1849 4679">
     <span class='ocr_line' id='line_1_63' title="bbox 275 4613 1849 4679; baseline 0.008 -15"><span class='ocrx_word' id='word_1_443' title='bbox 275 4622 533 4679; x_wconf 62' lang='lat' dir='ltr'><strong>aegrotare</strong></span> <span class='ocrx_word' id='word_1_444' title='bbox 562 4613 745 4679; x_wconf 71' lang='lat' dir='ltr'><strong>cmpit.</strong></span> <span class='ocrx_word' id='word_1_445' title='bbox 782 4613 908 4668; x_wconf 82' lang='lat' dir='ltr'><strong>Erat</strong></span> <span class='ocrx_word' id='word_1_446' title='bbox 936 4627 1113 4671; x_wconf 89' lang='lat' dir='ltr'><strong>autem</strong></span> <span class='ocrx_word' id='word_1_447' title='bbox 1146 4619 1309 4675; x_wconf 91' lang='lat' dir='ltr'><strong>febris</strong></span> <span class='ocrx_word' id='word_1_448' title='bbox 1349 4624 1562 4679; x_wconf 87' lang='lat' dir='ltr'><strong>assidua</strong></span> <span class='ocrx_word' id='word_1_449' title='bbox 1589 4640 1708 4679; x_wconf 89' lang='lat' dir='ltr'><strong>cum</strong></span> <span class='ocrx_word' id='word_1_450' title='bbox 1738 4634 1849 4679; x_wconf 82' lang='lat' dir='ltr'><strong>sto-</strong></span> 
     </span>
    </p>
   </div>
   <div class='ocr_carea' id='block_1_64' title="bbox 276 4701 1848 4782">
    <p class='ocr_par' dir='ltr' id='par_1_64' title="bbox 276 4701 1848 4782">
     <span class='ocr_line' id='line_1_64' title="bbox 276 4701 1848 4782; baseline 0.012 -27"><span class='ocrx_word' id='word_1_451' title='bbox 276 4701 446 4755; x_wconf 78' lang='lat' dir='ltr'><strong>maelii</strong></span> <span class='ocrx_word' id='word_1_452' title='bbox 486 4703 692 4771; x_wconf 88' lang='lat' dir='ltr'><strong>pituita,</strong></span> <span class='ocrx_word' id='word_1_453' title='bbox 735 4705 809 4759; x_wconf 89' lang='lat' dir='ltr'><strong>ita</strong></span> <span class='ocrx_word' id='word_1_454' title='bbox 850 4716 906 4760; x_wconf 94' lang='lat' dir='ltr'><strong>ut</strong></span> <span class='ocrx_word' id='word_1_455' title='bbox 944 4708 988 4763; x_wconf 89' lang='lat' dir='ltr'><strong>si</strong></span> <span class='ocrx_word' id='word_1_456' title='bbox 1025 4708 1218 4777; x_wconf 81' lang='lat' dir='ltr'><strong>aliquid</strong></span> <span class='ocrx_word' id='word_1_457' title='bbox 1246 4715 1534 4782; x_wconf 88' lang='lat' dir='ltr'><strong>acciperet,</strong></span> <span class='ocrx_word' id='word_1_458' title='bbox 1569 4718 1848 4774; x_wconf 79' lang='lat' dir='ltr'><strong>confestim</strong></span> 
     </span>
    </p>
   </div>
   <div class='ocr_carea' id='block_1_65' title="bbox 278 4794 1851 4880">
    <p class='ocr_par' dir='ltr' id='par_1_65' title="bbox 278 4794 1851 4880">
     <span class='ocr_line' id='line_1_65' title="bbox 278 4794 1851 4880; baseline 0.01 -31"><span class='ocrx_word' id='word_1_459' title='bbox 278 4794 555 4862; x_wconf 87' lang='lat' dir='ltr'><strong>rejiceret;</strong></span> <span class='ocrx_word' id='word_1_460' title='bbox 604 4811 701 4851; x_wconf 90' lang='lat' dir='ltr'><strong>nec</strong></span> <span class='ocrx_word' id='word_1_461' title='bbox 736 4807 853 4852; x_wconf 87' lang='lat' dir='ltr'><strong>erat</strong></span> <span class='ocrx_word' id='word_1_462' title='bbox 889 4800 936 4854; x_wconf 89' lang='lat' dir='ltr'><strong>ei</strong></span> <span class='ocrx_word' id='word_1_463' title='bbox 980 4801 1129 4856; x_wconf 87' lang='lat' dir='ltr'><strong>cibus</strong></span> <span class='ocrx_word' id='word_1_464' title='bbox 1164 4805 1509 4873; x_wconf 89' lang='lat' dir='ltr'><strong>confortatio,</strong></span> <span class='ocrx_word' id='word_1_465' title='bbox 1551 4808 1644 4864; x_wconf 87' lang='lat' dir='ltr'><strong>sed</strong></span> <span class='ocrx_word' id='word_1_466' title='bbox 1682 4811 1851 4880; x_wconf 88' lang='lat' dir='ltr'><strong>magis</strong></span> 
     </span>
    </p>
   </div>
   <div class='ocr_carea' id='block_1_66' title="bbox 280 4888 1849 4973">
    <p class='ocr_par' dir='ltr' id='par_1_66' title="bbox 280 4888 1849 4973">
     <span class='ocr_line' id='line_1_66' title="bbox 280 4888 1849 4973; baseline 0.01 -31"><span class='ocrx_word' id='word_1_467' title='bbox 280 4888 450 4942; x_wconf 80' lang='lat' dir='ltr'><strong>exitus</strong></span> <span class='ocrx_word' id='word_1_468' title='bbox 481 4888 783 4956; x_wconf 89' lang='lat' dir='ltr'><strong>putabatur.</strong></span> <span class='ocrx_word' id='word_1_469' title='bbox 828 4891 1065 4963; x_wconf 82' lang='lat' dir='ltr'><strong>Denique</strong></span> <span class='ocrx_word' id='word_1_470' title='bbox 1092 4898 1193 4951; x_wconf 87' lang='lat' dir='ltr'><strong>mei</strong></span> <span class='ocrx_word' id='word_1_471' title='bbox 1225 4902 1619 4973; x_wconf 84' lang='lat' dir='ltr'><strong>cumviderent</strong></span> <span class='ocrx_word' id='word_1_472' title='bbox 1648 4919 1766 4956; x_wconf 89' lang='lat' dir='ltr'><strong>eum</strong></span> <span class='ocrx_word' id='word_1_473' title='bbox 1797 4903 1849 4957; x_wconf 92' lang='lat' dir='ltr'><strong>in</strong></span> 
     </span>
    </p>
   </div>
   <div class='ocr_carea' id='block_1_67' title="bbox 277 4982 1848 5062">
    <p class='ocr_par' dir='ltr' id='par_1_67' title="bbox 277 4982 1848 5062">
     <span class='ocr_line' id='line_1_67' title="bbox 277 4982 1848 5062; baseline 0.008 -28"><span class='ocrx_word' id='word_1_474' title='bbox 277 4989 511 5035; x_wconf 89' lang='lat' dir='ltr'><strong>extrema</strong></span> <span class='ocrx_word' id='word_1_475' title='bbox 541 4982 745 5046; x_wconf 83' lang='lat' dir='ltr'><strong>vexari,</strong></span> <span class='ocrx_word' id='word_1_476' title='bbox 782 4984 1006 5038; x_wconf 89' lang='lat' dir='ltr'><strong>ariolum</strong></span> <span class='ocrx_word' id='word_1_477' title='bbox 1048 4990 1333 5055; x_wconf 88' lang='lat' dir='ltr'><strong>quemdam</strong></span> <span class='ocrx_word' id='word_1_478' title='bbox 1373 4994 1538 5062; x_wconf 75' lang='lat'><strong>882</strong></span> <span class='ocrx_word' id='word_1_479' title='bbox 1577 4994 1848 5046; x_wconf 86' lang='lat' dir='ltr'><strong>invocant.</strong></span> 
     </span>
    </p>
   </div>
   <div class='ocr_carea' id='block_1_68' title="bbox 277 5070 1856 5152">
    <p class='ocr_par' dir='ltr' id='par_1_68' title="bbox 277 5070 1856 5152">
     <span class='ocr_line' id='line_1_68' title="bbox 277 5070 1856 5152; baseline 0.008 -27"><span class='ocrx_word' id='word_1_480' title='bbox 277 5070 370 5125; x_wconf 91' lang='lat' dir='ltr'><strong>Ille</strong></span> <span class='ocrx_word' id='word_1_481' title='bbox 394 5084 520 5124; x_wconf 89' lang='lat' dir='ltr'><strong>vero</strong></span> <span class='ocrx_word' id='word_1_482' title='bbox 546 5070 731 5124; x_wconf 88' lang='lat' dir='ltr'><strong>venire</strong></span> <span class='ocrx_word' id='word_1_483' title='bbox 757 5086 861 5125; x_wconf 92' lang='lat' dir='ltr'><strong>non</strong></span> <span class='ocrx_word' id='word_1_484' title='bbox 884 5074 1135 5131; x_wconf 79' lang='lat' dir='ltr'><strong>diﬂ&#39;erens</strong></span> <span class='ocrx_word' id='word_1_485' title='bbox 1162 5083 1388 5135; x_wconf 89' lang='lat' dir='ltr'><strong>accessit</strong></span> <span class='ocrx_word' id='word_1_486' title='bbox 1410 5084 1473 5135; x_wconf 90' lang='lat' dir='ltr'><strong>ad</strong></span> <span class='ocrx_word' id='word_1_487' title='bbox 1497 5093 1776 5152; x_wconf 83' lang='lat' dir='ltr'><strong>argrotum,</strong></span> <span class='ocrx_word' id='word_1_488' title='bbox 1799 5091 1856 5138; x_wconf 89' lang='lat' dir='ltr'><strong>et</strong></span> 
     </span>
    </p>
   </div>
   <div class='ocr_carea' id='block_1_69' title="bbox 281 5171 1855 5232">
    <p class='ocr_par' dir='ltr' id='par_1_69' title="bbox 281 5171 1855 5232">
     <span class='ocr_line' id='line_1_69' title="bbox 281 5171 1855 5232; baseline 0.01 -15"><span class='ocrx_word' id='word_1_489' title='bbox 281 5172 443 5219; x_wconf 89' lang='lat' dir='ltr'><strong>artem</strong></span> <span class='ocrx_word' id='word_1_490' title='bbox 472 5178 621 5217; x_wconf 89' lang='lat' dir='ltr'><strong>suam</strong></span> <span class='ocrx_word' id='word_1_491' title='bbox 652 5178 903 5218; x_wconf 82' lang='lat' dir='ltr'><strong>exercere</strong></span> <span class='ocrx_word' id='word_1_492' title='bbox 930 5177 1174 5223; x_wconf 90' lang='lat' dir='ltr'><strong>conatur.</strong></span> <span class='ocrx_word' id='word_1_493' title='bbox 1209 5171 1602 5228; x_wconf 84' lang='lat' dir='ltr'><strong>lncantatiunes</strong></span> <span class='ocrx_word' id='word_1_494' title='bbox 1631 5176 1855 5232; x_wconf 84' lang='lat' dir='ltr'><strong>immur-</strong></span> 
     </span>
    </p>
   </div>
   <div class='ocr_carea' id='block_1_70' title="bbox 281 5254 1853 5336">
    <p class='ocr_par' dir='ltr' id='par_1_70' title="bbox 281 5254 1853 5336">
     <span class='ocr_line' id='line_1_70' title="bbox 281 5254 1853 5336; baseline 0.008 -27"><span class='ocrx_word' id='word_1_495' title='bbox 281 5264 471 5321; x_wconf 85' lang='lat' dir='ltr'><strong>murat,</strong></span> <span class='ocrx_word' id='word_1_496' title='bbox 510 5264 681 5310; x_wconf 90' lang='lat' dir='ltr'><strong>sortes</strong></span> <span class='ocrx_word' id='word_1_497' title='bbox 710 5254 898 5325; x_wconf 84' lang='lat' dir='ltr'><strong>jactat,</strong></span> <span class='ocrx_word' id='word_1_498' title='bbox 938 5256 1191 5326; x_wconf 87' lang='lat' dir='ltr'><strong>ligaturas</strong></span> <span class='ocrx_word' id='word_1_499' title='bbox 1222 5262 1362 5315; x_wconf 91' lang='lat' dir='ltr'><strong>collo</strong></span> <span class='ocrx_word' id='word_1_500' title='bbox 1399 5265 1693 5334; x_wconf 85' lang='lat' dir='ltr'><strong>suspendit,</strong></span> <span class='ocrx_word' id='word_1_501' title='bbox 1724 5283 1853 5336; x_wconf 89' lang='lat' dir='ltr'><strong>pro-</strong></span> 
     </span>
    </p>
   </div>
   <div class='ocr_carea' id='block_1_71' title="bbox 282 5343 1856 5423">
    <p class='ocr_par' dir='ltr' id='par_1_71' title="bbox 282 5343 1856 5423">
     <span class='ocr_line' id='line_1_71' title="bbox 282 5343 1856 5423; baseline 0.012 -26"><span class='ocrx_word' id='word_1_502' title='bbox 282 5343 438 5400; x_wconf 88' lang='lat' dir='ltr'><strong>mittit</strong></span> <span class='ocrx_word' id='word_1_503' title='bbox 462 5349 644 5404; x_wconf 89' lang='lat' dir='ltr'><strong>vivere</strong></span> <span class='ocrx_word' id='word_1_504' title='bbox 690 5364 849 5419; x_wconf 91' lang='lat' dir='ltr'><strong>quem</strong></span> <span class='ocrx_word' id='word_1_505' title='bbox 897 5350 1013 5420; x_wconf 92' lang='lat' dir='ltr'><strong>ipse</strong></span> <span class='ocrx_word' id='word_1_506' title='bbox 1057 5354 1451 5423; x_wconf 89' lang='lat' dir='ltr'><strong>mancipaverat</strong></span> <span class='ocrx_word' id='word_1_507' title='bbox 1499 5358 1677 5413; x_wconf 91' lang='lat' dir='ltr'><strong>morti.</strong></span> <span class='ocrx_word' id='word_1_508' title='bbox 1730 5359 1856 5417; x_wconf 66' lang='lat' dir='ltr'><strong>Hinc</strong></span> 
     </span>
    </p>
   </div>
   <div class='ocr_carea' id='block_1_72' title="bbox 285 5442 1854 5516">
    <p class='ocr_par' dir='ltr' id='par_1_72' title="bbox 285 5442 1854 5516">
     <span class='ocr_line' id='line_1_72' title="bbox 285 5442 1854 5516; baseline 0.015 -30"><span class='ocrx_word' id='word_1_509' title='bbox 285 5442 456 5488; x_wconf 85' lang='lat' dir='ltr'><strong>autem</strong></span> <span class='ocrx_word' id='word_1_510' title='bbox 503 5453 586 5493; x_wconf 89' lang='lat' dir='ltr'><strong>me</strong></span> <span class='ocrx_word' id='word_1_511' title='bbox 619 5442 803 5496; x_wconf 89' lang='lat' dir='ltr'><strong>nescio</strong></span> <span class='ocrx_word' id='word_1_512' title='bbox 836 5443 1163 5512; x_wconf 83' lang='lat' dir='ltr'><strong>agebantur;</strong></span> <span class='ocrx_word' id='word_1_513' title='bbox 1204 5462 1324 5516; x_wconf 81' lang='lat' dir='ltr'><strong>quae</strong></span> <span class='ocrx_word' id='word_1_514' title='bbox 1364 5463 1484 5503; x_wconf 90' lang='lat' dir='ltr'><strong>cum</strong></span> <span class='ocrx_word' id='word_1_515' title='bbox 1516 5451 1645 5507; x_wconf 82' lang='lat' dir='ltr'><strong>milii</strong></span> <span class='ocrx_word' id='word_1_516' title='bbox 1682 5452 1854 5509; x_wconf 85' lang='lat' dir='ltr'><strong>delata</strong></span> 
     </span>
    </p>
   </div>
   <div class='ocr_carea' id='block_1_73' title="bbox 286 5525 1856 5620">
    <p class='ocr_par' dir='ltr' id='par_1_73' title="bbox 286 5525 1856 5620">
     <span class='ocr_line' id='line_1_73' title="bbox 286 5525 1856 5620; baseline 0.017 -40"><span class='ocrx_word' id='word_1_517' title='bbox 286 5525 522 5598; x_wconf 83' lang='lat' dir='ltr'><strong>fuissent,</strong></span> <span class='ocrx_word' id='word_1_518' title='bbox 559 5533 924 5593; x_wconf 85' lang='lat' dir='ltr'><strong>amarissimus</strong></span> <span class='ocrx_word' id='word_1_519' title='bbox 951 5538 1168 5609; x_wconf 91' lang='lat' dir='ltr'><strong>reddor,</strong></span> <span class='ocrx_word' id='word_1_520' title='bbox 1207 5552 1260 5597; x_wconf 92' lang='lat' dir='ltr'><strong>et</strong></span> <span class='ocrx_word' id='word_1_521' title='bbox 1294 5558 1415 5599; x_wconf 90' lang='lat' dir='ltr'><strong>cum</strong></span> <span class='ocrx_word' id='word_1_522' title='bbox 1448 5549 1599 5616; x_wconf 83' lang='lat' dir='ltr'><strong>gravi</strong></span> <span class='ocrx_word' id='word_1_523' title='bbox 1629 5551 1856 5620; x_wconf 89' lang='lat' dir='ltr'><strong>suspirio</strong></span> 
     </span>
    </p>
   </div>
   <div class='ocr_carea' id='block_1_74' title="bbox 349 5688 1853 5769">
    <p class='ocr_par' dir='ltr' id='par_1_74' title="bbox 349 5688 1853 5769">
     <span class='ocr_line' id='line_1_74' title="bbox 349 5688 1853 5769; baseline 0.019 -29"><span class='ocrx_word' id='word_1_524' title='bbox 349 5697 373 5724; x_wconf 77' lang='grc'><strong>³·</strong></span> <span class='ocrx_word' id='word_1_525' title='bbox 404 5688 949 5769; x_wconf 60' lang='lat' dir='ltr'><strong>Demartvrariojam</strong></span> <span class='ocrx_word' id='word_1_526' title='bbox 974 5698 1226 5769; x_wconf 74' lang='lat' dir='ltr'><strong>diximus,</strong></span> <span class='ocrx_word' id='word_1_527' title='bbox 1262 5702 1347 5760; x_wconf 83' lang='lat' dir='ltr'><strong>hic</strong></span> <span class='ocrx_word' id='word_1_528' title='bbox 1378 5706 1518 5761; x_wconf 86' lang='lat' dir='ltr'><strong>idem</strong></span> <span class='ocrx_word' id='word_1_529' title='bbox 1550 5723 1671 5763; x_wconf 82' lang='lat' dir='ltr'><strong>esse</strong></span> <span class='ocrx_word' id='word_1_530' title='bbox 1699 5711 1853 5768; x_wconf 76' lang='lat' dir='ltr'><strong>vide-</strong></span> 
     </span>
    </p>
   </div>
   <div class='ocr_carea' id='block_1_75' title="bbox 290 5759 1850 5840">
    <p class='ocr_par' dir='ltr' id='par_1_75' title="bbox 290 5759 1850 5840">
     <span class='ocr_line' id='line_1_75' title="bbox 290 5759 1850 5840; baseline 0.019 -30"><span class='ocrx_word' id='word_1_531' title='bbox 290 5767 367 5840; x_wconf 64' lang='lat' dir='ltr'><strong>tur</strong></span> <span class='ocrx_word' id='word_1_532' title='bbox 389 5774 448 5813; x_wconf 85' lang='lat' dir='ltr'><strong>ac</strong></span> <span class='ocrx_word' id='word_1_533' title='bbox 478 5759 709 5840; x_wconf 72' lang='lat' dir='ltr'><strong>basilica:</strong></span> <span class='ocrx_word' id='word_1_534' title='bbox 740 5762 963 5840; x_wconf 77' lang='lat' dir='ltr'><strong>:L-dituns</strong></span> <span class='ocrx_word' id='word_1_535' title='bbox 983 5783 1075 5822; x_wconf 87' lang='lat' dir='ltr'><strong>seu</strong></span> <span class='ocrx_word' id='word_1_536' title='bbox 1097 5759 1297 5839; x_wconf 69' lang='lat' dir='ltr'><strong>castus,</strong></span> <span class='ocrx_word' id='word_1_537' title='bbox 1330 5759 1630 5832; x_wconf 13' lang='lat' dir='ltr'><strong>sivcﬁctiam</strong></span> <span class='ocrx_word' id='word_1_538' title='bbox 1649 5759 1850 5840; x_wconf 43' lang='lat' dir='ltr'><strong>ﬁcii}.</strong></span> 
     </span>
    </p>
   </div>
   <div class='ocr_carea' id='block_1_76' title="bbox 286 5828 1854 5959">
    <p class='ocr_par' dir='ltr' id='par_1_76' title="bbox 286 5828 1854 5959">
     <span class='ocr_line' id='line_1_76' title="bbox 286 5828 1854 5959; baseline 0.02 -77"><span class='ocrx_word' id='word_1_539' title='bbox 286 5828 761 5959; x_wconf 44' lang='lat' dir='ltr'><strong>ghgfuggandoque</strong></span> <span class='ocrx_word' id='word_1_540' title='bbox 797 5836 1016 5935; x_wconf 45' lang='lat' dir='ltr'><strong>abii-atlas</strong></span> <span class='ocrx_word' id='word_1_541' title='bbox 1034 5912 1038 5916; x_wconf 91' lang='lat'><em>_</em></span> <span class='ocrx_word' id='word_1_542' title='bbox 1058 5855 1119 5900; x_wconf 86' lang='lat' dir='ltr'><strong>se</strong></span> <span class='ocrx_word' id='word_1_543' title='bbox 1159 5828 1515 5921; x_wconf 70' lang='lat' dir='ltr'><strong>martyrarios</strong></span> <span class='ocrx_word' id='word_1_544' title='bbox 1543 5828 1854 5924; x_wconf 44' lang='lat' dir='ltr'><strong>aiiérﬁli</strong></span> 
     </span>
    </p>
   </div>
   <div class='ocr_carea' id='block_1_77' title="bbox 1947 2015 3528 2087">
    <p class='ocr_par' dir='ltr' id='par_1_77' title="bbox 1947 2015 3528 2087">
     <span class='ocr_line' id='line_1_77' title="bbox 1947 2015 3528 2087; baseline 0.004 -21"><span class='ocrx_word' id='word_1_545' title='bbox 1947 2026 2075 2079; x_wconf 89' lang='lat' dir='ltr'><strong>ergo</strong></span> <span class='ocrx_word' id='word_1_546' title='bbox 2099 2028 2260 2079; x_wconf 91' lang='lat' dir='ltr'><strong>nunc,</strong></span> <span class='ocrx_word' id='word_1_547' title='bbox 2287 2028 2319 2066; x_wconf 93' lang='grc' dir='ltr'>ο</span> <span class='ocrx_word' id='word_1_548' title='bbox 2344 2029 2530 2068; x_wconf 90' lang='lat' dir='ltr'><strong>omnes</strong></span> <span class='ocrx_word' id='word_1_549' title='bbox 2554 2015 2641 2084; x_wconf 91' lang='lat' dir='ltr'><strong>qui</strong></span> <span class='ocrx_word' id='word_1_550' title='bbox 2666 2015 2977 2085; x_wconf 84' lang='lat' dir='ltr'><strong>insipientes</strong></span> <span class='ocrx_word' id='word_1_551' title='bbox 3001 2018 3132 2070; x_wconf 90' lang='lat' dir='ltr'><strong>estis</strong></span> <span class='ocrx_word' id='word_1_552' title='bbox 3155 2016 3207 2071; x_wconf 91' lang='lat' dir='ltr'><strong>in</strong></span> <span class='ocrx_word' id='word_1_553' title='bbox 3230 2018 3447 2087; x_wconf 91' lang='lat' dir='ltr'><strong>populo,</strong></span> <span class='ocrx_word' id='word_1_554' title='bbox 3472 2027 3528 2073; x_wconf 87' lang='lat' dir='ltr'><strong>et</strong></span> 
     </span>
    </p>
   </div>
   <div class='ocr_carea' id='block_1_78' title="bbox 1949 2105 3529 2178">
    <p class='ocr_par' dir='ltr' id='par_1_78' title="bbox 1949 2105 3529 2178">
     <span class='ocr_line' id='line_1_78' title="bbox 1949 2105 3529 2178; baseline 0.004 -21"><span class='ocrx_word' id='word_1_555' title='bbox 1949 2116 2227 2172; x_wconf 67' lang='lat' dir='ltr'><strong>pomquam</strong></span> <span class='ocrx_word' id='word_1_556' title='bbox 2272 2105 2372 2159; x_wconf 90' lang='lat' dir='ltr'><strong>ista</strong></span> <span class='ocrx_word' id='word_1_557' title='bbox 2407 2107 2790 2173; x_wconf 88' lang='lat' dir='ltr'><strong>discusseritis,</strong></span> <span class='ocrx_word' id='word_1_558' title='bbox 2836 2108 3028 2164; x_wconf 81' lang='lat' dir='ltr'><strong>scitote</strong></span> <span class='ocrx_word' id='word_1_559' title='bbox 3068 2109 3192 2178; x_wconf 88' lang='lat' dir='ltr'><strong>quia</strong></span> <span class='ocrx_word' id='word_1_560' title='bbox 3239 2108 3368 2163; x_wconf 90' lang='lat' dir='ltr'><strong>nihil</strong></span> <span class='ocrx_word' id='word_1_561' title='bbox 3403 2116 3529 2164; x_wconf 92' lang='lat' dir='ltr'><strong>sunt</strong></span> 
     </span>
    </p>
   </div>
   <div class='ocr_carea' id='block_1_79' title="bbox 1946 2195 3526 2270">
    <p class='ocr_par' dir='ltr' id='par_1_79' title="bbox 1946 2195 3526 2270">
     <span class='ocr_line' id='line_1_79' title="bbox 1946 2195 3526 2270; baseline 0.008 -25"><span class='ocrx_word' id='word_1_562' title='bbox 1946 2210 2065 2264; x_wconf 65' lang='lat' dir='ltr'><strong>quas</strong></span> <span class='ocrx_word' id='word_1_563' title='bbox 2095 2195 2159 2248; x_wconf 90' lang='lat' dir='ltr'><strong>ad</strong></span> <span class='ocrx_word' id='word_1_564' title='bbox 2188 2196 2550 2251; x_wconf 88' lang='lat' dir='ltr'><strong>seducendum</strong></span> <span class='ocrx_word' id='word_1_565' title='bbox 2593 2199 2878 2253; x_wconf 84' lang='lat' dir='ltr'><strong>humanum</strong></span> <span class='ocrx_word' id='word_1_566' title='bbox 2910 2215 3078 2268; x_wconf 89' lang='lat' dir='ltr'><strong>genus</strong></span> <span class='ocrx_word' id='word_1_567' title='bbox 3115 2200 3359 2257; x_wconf 89' lang='lat' dir='ltr'><strong>diabolus</strong></span> <span class='ocrx_word' id='word_1_568' title='bbox 3392 2216 3526 2270; x_wconf 88' lang='lat' dir='ltr'><strong>ope-</strong></span> 
     </span>
    </p>
   </div>
   <div class='ocr_carea' id='block_1_80' title="bbox 1946 2287 3525 2363">
    <p class='ocr_par' dir='ltr' id='par_1_80' title="bbox 1946 2287 3525 2363">
     <span class='ocr_line' id='line_1_80' title="bbox 1946 2287 3525 2363; baseline 0.006 -24"><span class='ocrx_word' id='word_1_569' title='bbox 1946 2299 2116 2340; x_wconf 86' lang='lat' dir='ltr'><strong>ratur.</strong></span> <span class='ocrx_word' id='word_1_570' title='bbox 2154 2287 2279 2341; x_wconf 88' lang='lat' dir='ltr'><strong>ldeo</strong></span> <span class='ocrx_word' id='word_1_571' title='bbox 2311 2304 2503 2343; x_wconf 89' lang='lat' dir='ltr'><strong>moneo</strong></span> <span class='ocrx_word' id='word_1_572' title='bbox 2528 2300 2587 2342; x_wconf 92' lang='lat' dir='ltr'><strong>ut</strong></span> <span class='ocrx_word' id='word_1_573' title='bbox 2612 2291 2655 2343; x_wconf 91' lang='lat' dir='ltr'><strong>si</strong></span> <span class='ocrx_word' id='word_1_574' title='bbox 2687 2291 2804 2358; x_wconf 93' lang='lat' dir='ltr'><strong>quis</strong></span> <span class='ocrx_word' id='word_1_575' title='bbox 2832 2292 3029 2346; x_wconf 85' lang='lat' dir='ltr'><strong>vexillo</strong></span> <span class='ocrx_word' id='word_1_576' title='bbox 3057 2293 3233 2347; x_wconf 91' lang='lat' dir='ltr'><strong>crucis</strong></span> <span class='ocrx_word' id='word_1_577' title='bbox 3261 2294 3525 2363; x_wconf 89' lang='lat' dir='ltr'><strong>signatus,</strong></span> 
     </span>
    </p>
   </div>
   <div class='ocr_carea' id='block_1_81' title="bbox 1946 2375 3527 2454">
    <p class='ocr_par' dir='ltr' id='par_1_81' title="bbox 1946 2375 3527 2454">
     <span class='ocr_line' id='line_1_81' title="bbox 1946 2375 3527 2454; baseline 0.006 -25"><span class='ocrx_word' id='word_1_578' title='bbox 1946 2375 1991 2430; x_wconf 91' lang='lat' dir='ltr'><strong>si</strong></span> <span class='ocrx_word' id='word_1_579' title='bbox 2015 2379 2134 2445; x_wconf 89' lang='lat' dir='ltr'><strong>quis</strong></span> <span class='ocrx_word' id='word_1_580' title='bbox 2158 2378 2403 2447; x_wconf 86' lang='lat' dir='ltr'><strong>baptismi</strong></span> <span class='ocrx_word' id='word_1_581' title='bbox 2428 2379 2703 2436; x_wconf 82' lang='lat' dir='ltr'><strong>ablatione</strong></span> <span class='ocrx_word' id='word_1_582' title='bbox 2730 2382 3035 2448; x_wconf 83' lang='lat' dir='ltr'><strong>mundatus,</strong></span> <span class='ocrx_word' id='word_1_583' title='bbox 3062 2384 3107 2438; x_wconf 88' lang='lat' dir='ltr'><strong>si</strong></span> <span class='ocrx_word' id='word_1_584' title='bbox 3129 2385 3249 2454; x_wconf 90' lang='lat' dir='ltr'><strong>quis</strong></span> <span class='ocrx_word' id='word_1_585' title='bbox 3263 2393 3527 2440; x_wconf 85' lang='lat' dir='ltr'><strong>vetustate</strong></span> 
     </span>
    </p>
   </div>
   <div class='ocr_carea' id='block_1_82' title="bbox 1946 2470 3527 2546">
    <p class='ocr_par' dir='ltr' id='par_1_82' title="bbox 1946 2470 3527 2546">
     <span class='ocr_line' id='line_1_82' title="bbox 1946 2470 3527 2546; baseline 0.004 -21"><span class='ocrx_word' id='word_1_586' title='bbox 1946 2470 2186 2541; x_wconf 91' lang='lat' dir='ltr'><strong>deposita</strong></span> <span class='ocrx_word' id='word_1_587' title='bbox 2218 2474 2269 2526; x_wconf 93' lang='lat' dir='ltr'><strong>in</strong></span> <span class='ocrx_word' id='word_1_588' title='bbox 2300 2488 2440 2539; x_wconf 80' lang='lat' dir='ltr'><strong>novo</strong></span> <span class='ocrx_word' id='word_1_589' title='bbox 2471 2489 2613 2529; x_wconf 87' lang='lat' dir='ltr'><strong>nunc</strong></span> <span class='ocrx_word' id='word_1_590' title='bbox 2645 2475 2861 2530; x_wconf 87' lang='lat' dir='ltr'><strong>homine</strong></span> <span class='ocrx_word' id='word_1_591' title='bbox 2891 2474 3053 2545; x_wconf 88' lang='lat' dir='ltr'><strong>viget,</strong></span> <span class='ocrx_word' id='word_1_592' title='bbox 3084 2476 3207 2530; x_wconf 85' lang='lat' dir='ltr'><strong>talia</strong></span> <span class='ocrx_word' id='word_1_593' title='bbox 3241 2484 3527 2546; x_wconf 88' lang='lat' dir='ltr'><strong>postponat</strong></span> 
     </span>
    </p>
   </div>
   <div class='ocr_carea' id='block_1_83' title="bbox 1946 2566 3529 2641">
    <p class='ocr_par' dir='ltr' id='par_1_83' title="bbox 1946 2566 3529 2641">
     <span class='ocr_line' id='line_1_83' title="bbox 1946 2566 3529 2641; baseline 0.004 -23"><span class='ocrx_word' id='word_1_594' title='bbox 1946 2578 2010 2619; x_wconf 87' lang='lat' dir='ltr'><strong>ac</strong></span> <span class='ocrx_word' id='word_1_595' title='bbox 2039 2566 2301 2637; x_wconf 86' lang='lat' dir='ltr'><strong>negligat;</strong></span> <span class='ocrx_word' id='word_1_596' title='bbox 2335 2577 2539 2637; x_wconf 61' lang='lat' dir='ltr'><strong>quaerat</strong></span> <span class='ocrx_word' id='word_1_597' title='bbox 2564 2576 2740 2623; x_wconf 88' lang='lat' dir='ltr'><strong>autem</strong></span> <span class='ocrx_word' id='word_1_598' title='bbox 2766 2568 3057 2637; x_wconf 87' lang='lat' dir='ltr'><strong>patrocinia</strong></span> <span class='ocrx_word' id='word_1_599' title='bbox 3084 2582 3406 2641; x_wconf 85' lang='lat' dir='ltr'><strong>martyrum,</strong></span> <span class='ocrx_word' id='word_1_600' title='bbox 3432 2584 3529 2640; x_wconf 86' lang='lat' dir='ltr'><strong>per</strong></span> 
     </span>
    </p>
   </div>
   <div class='ocr_carea' id='block_1_84' title="bbox 1945 2661 3527 2735">
    <p class='ocr_par' dir='ltr' id='par_1_84' title="bbox 1945 2661 3527 2735">
     <span class='ocr_line' id='line_1_84' title="bbox 1945 2661 3527 2735; baseline 0.006 -25"><span class='ocrx_word' id='word_1_601' title='bbox 1945 2672 2079 2727; x_wconf 89' lang='lat' dir='ltr'><strong>quos</strong></span> <span class='ocrx_word' id='word_1_602' title='bbox 2105 2661 2391 2716; x_wconf 88' lang='lat' dir='ltr'><strong>sanitatum</strong></span> <span class='ocrx_word' id='word_1_603' title='bbox 2422 2663 2676 2718; x_wconf 87' lang='lat' dir='ltr'><strong>miracula</strong></span> <span class='ocrx_word' id='word_1_604' title='bbox 2699 2663 3042 2719; x_wconf 87' lang='lat' dir='ltr'><strong>celebrantur</strong></span> <span class='ocrx_word' id='word_1_605' title='bbox 3072 2682 3085 2718; x_wconf 92' lang='lat'>:</span> <span class='ocrx_word' id='word_1_606' title='bbox 3120 2666 3351 2734; x_wconf 89' lang='lat' dir='ltr'><strong>postulet</strong></span> <span class='ocrx_word' id='word_1_607' title='bbox 3370 2663 3527 2735; x_wconf 84' lang='lat' dir='ltr'><strong>adju-</strong></span> 
     </span>
    </p>
   </div>
   <div class='ocr_carea' id='block_1_85' title="bbox 1948 2749 3527 2824">
    <p class='ocr_par' dir='ltr' id='par_1_85' title="bbox 1948 2749 3527 2824">
     <span class='ocr_line' id='line_1_85' title="bbox 1948 2749 3527 2824; baseline 0.007 -22"><span class='ocrx_word' id='word_1_608' title='bbox 1948 2749 2082 2802; x_wconf 89' lang='lat' dir='ltr'><strong>toria</strong></span> <span class='ocrx_word' id='word_1_609' title='bbox 2124 2750 2517 2819; x_wconf 46' lang='lat' dir='ltr'><strong>‘confessorum,</strong></span> <span class='ocrx_word' id='word_1_610' title='bbox 2551 2755 2641 2824; x_wconf 89' lang='lat' dir='ltr'><strong>qui</strong></span> <span class='ocrx_word' id='word_1_611' title='bbox 2684 2754 2874 2810; x_wconf 91' lang='lat' dir='ltr'><strong>merito</strong></span> <span class='ocrx_word' id='word_1_612' title='bbox 2914 2755 3075 2812; x_wconf 89' lang='lat' dir='ltr'><strong>amici</strong></span> <span class='ocrx_word' id='word_1_613' title='bbox 3112 2764 3238 2812; x_wconf 88' lang='lat' dir='ltr'><strong>sunt</strong></span> <span class='ocrx_word' id='word_1_614' title='bbox 3273 2754 3527 2814; x_wconf 71' lang='lat' dir='ltr'><strong>dominici</strong></span> 
     </span>
    </p>
   </div>
   <div class='ocr_carea' id='block_1_86' title="bbox 1948 2843 3086 2915">
    <p class='ocr_par' dir='ltr' id='par_1_86' title="bbox 1948 2843 3086 2915">
     <span class='ocr_line' id='line_1_86' title="bbox 1948 2843 3086 2915; baseline 0.009 -21"><span class='ocrx_word' id='word_1_615' title='bbox 1948 2843 2269 2912; x_wconf 88' lang='lat' dir='ltr'><strong>nuncupati;</strong></span> <span class='ocrx_word' id='word_1_616' title='bbox 2296 2854 2351 2900; x_wconf 91' lang='lat' dir='ltr'><strong>et</strong></span> <span class='ocrx_word' id='word_1_617' title='bbox 2380 2861 2498 2915; x_wconf 70' lang='lat' dir='ltr'><strong>qua:</strong></span> <span class='ocrx_word' id='word_1_618' title='bbox 2521 2846 2770 2914; x_wconf 86' lang='lat' dir='ltr'><strong>voluerit,</strong></span> <span class='ocrx_word' id='word_1_619' title='bbox 2802 2848 3086 2904; x_wconf 89' lang='lat' dir='ltr'><strong>obtinebit.</strong></span> 
     </span>
    </p>
   </div>
   <div class='ocr_carea' id='block_1_87' title="bbox 2515 2955 2960 3016">
    <p class='ocr_par' dir='ltr' id='par_1_87' title="bbox 2515 2955 2960 3016">
     <span class='ocr_line' id='line_1_87' title="bbox 2515 2955 2960 3016; baseline 0.011 -6"><span class='ocrx_word' id='word_1_620' title='bbox 2515 2955 2739 3012; x_wconf 81' lang='lat' dir='ltr'><strong>CAPUT</strong></span> <span class='ocrx_word' id='word_1_621' title='bbox 2775 2956 2960 3016; x_wconf 82' lang='lat' dir='ltr'><strong>XLVI.</strong></span> 
     </span>
    </p>
   </div>
   <div class='ocr_carea' id='block_1_88' title="bbox 2089 3063 3383 3142">
    <p class='ocr_par' dir='ltr' id='par_1_88' title="bbox 2089 3063 3383 3142">
     <span class='ocr_line' id='line_1_88' title="bbox 2089 3063 3383 3142; baseline 0.009 -23"><span class='ocrx_word' id='word_1_622' title='bbox 2089 3063 2169 3120; x_wconf 85' lang='lat' dir='ltr'><strong>De</strong></span> <span class='ocrx_word' id='word_1_623' title='bbox 2194 3066 2323 3120; x_wconf 85' lang='lat' dir='ltr'><strong>rosis</strong></span> <span class='ocrx_word' id='word_1_624' title='bbox 2344 3066 2415 3119; x_wconf 84' lang='lat' dir='ltr'><strong>ad</strong></span> <span class='ocrx_word' id='word_1_625' title='bbox 2434 3068 2724 3138; x_wconf 85' lang='lat' dir='ltr'><strong>sepulcrum</strong></span> <span class='ocrx_word' id='word_1_626' title='bbox 2746 3072 2857 3142; x_wconf 86' lang='lat' dir='ltr'><strong>ejus</strong></span> <span class='ocrx_word' id='word_1_627' title='bbox 2884 3072 3126 3128; x_wconf 83' lang='lat' dir='ltr'><strong>divinitus</strong></span> <span class='ocrx_word' id='word_1_628' title='bbox 3147 3073 3383 3130; x_wconf 84' lang='lat' dir='ltr'><strong>ostensis.</strong></span> 
     </span>
    </p>
   </div>
   <div class='ocr_carea' id='block_1_89' title="bbox 2019 3174 3528 3257">
    <p class='ocr_par' dir='ltr' id='par_1_89' title="bbox 2019 3174 3528 3257">
     <span class='ocr_line' id='line_1_89' title="bbox 2019 3174 3528 3257; baseline 0.009 -29"><span class='ocrx_word' id='word_1_629' title='bbox 2019 3174 2095 3229; x_wconf 87' lang='lat' dir='ltr'><strong>Eo</strong></span> <span class='ocrx_word' id='word_1_630' title='bbox 2117 3184 2378 3248; x_wconf 90' lang='lat' dir='ltr'><strong>tempore,</strong></span> <span class='ocrx_word' id='word_1_631' title='bbox 2399 3193 2519 3234; x_wconf 91' lang='lat' dir='ltr'><strong>cum</strong></span> <span class='ocrx_word' id='word_1_632' title='bbox 2539 3190 2657 3249; x_wconf 89' lang='lat' dir='ltr'><strong>post</strong></span> <span class='ocrx_word' id='word_1_633' title='bbox 2677 3181 2881 3236; x_wconf 90' lang='lat' dir='ltr'><strong>obitum</strong></span> <span class='ocrx_word' id='word_1_634' title='bbox 2906 3184 3136 3239; x_wconf 86' lang='lat' dir='ltr'><strong>Proserii</strong></span> <span class='ocrx_word' id='word_1_635' title='bbox 3160 3186 3458 3257; x_wconf 82' lang='lat' dir='ltr'><strong>martyrsrii</strong></span> <span class='ocrx_word' id='word_1_636' title='bbox 3476 3195 3528 3254; x_wconf 80' lang='grc'><strong>⁸,</strong></span> 
     </span>
    </p>
   </div>
   <div class='ocr_carea' id='block_1_90' title="bbox 1872 3264 3527 3347">
    <p class='ocr_par' dir='ltr' id='par_1_90' title="bbox 1872 3264 3527 3347">
     <span class='ocr_line' id='line_1_90' title="bbox 1872 3264 3527 3347; baseline 0.008 -27"><span class='ocrx_word' id='word_1_637' title='bbox 1872 3279 1919 3345; x_wconf 76' lang='lat' dir='ltr'>c</span> <span class='ocrx_word' id='word_1_638' title='bbox 1957 3264 2199 3322; x_wconf 87' lang='lat' dir='ltr'><strong>Urbanus</strong></span> <span class='ocrx_word' id='word_1_639' title='bbox 2224 3270 2499 3338; x_wconf 90' lang='lat' dir='ltr'><strong>diaconus,</strong></span> <span class='ocrx_word' id='word_1_640' title='bbox 2532 3271 2693 3342; x_wconf 89' lang='lat' dir='ltr'><strong>hujus</strong></span> <span class='ocrx_word' id='word_1_641' title='bbox 2715 3274 2949 3331; x_wconf 77' lang='lat' dir='ltr'><strong>basilicae</strong></span> <span class='ocrx_word' id='word_1_642' title='bbox 2971 3276 3250 3332; x_wconf 88' lang='lat' dir='ltr'><strong>ordinatur</strong></span> <span class='ocrx_word' id='word_1_643' title='bbox 3276 3278 3527 3347; x_wconf 66' lang='lat' dir='ltr'><strong>aedituus,</strong></span> 
     </span>
    </p>
   </div>
   <div class='ocr_carea' id='block_1_91' title="bbox 1950 3360 3529 3443">
    <p class='ocr_par' dir='ltr' id='par_1_91' title="bbox 1950 3360 3529 3443">
     <span class='ocr_line' id='line_1_91' title="bbox 1950 3360 3529 3443; baseline 0.008 -27"><span class='ocrx_word' id='word_1_644' title='bbox 1950 3360 2093 3417; x_wconf 88' lang='lat' dir='ltr'><strong>mira</strong></span> <span class='ocrx_word' id='word_1_645' title='bbox 2109 3378 2197 3418; x_wconf 92' lang='lat' dir='ltr'><strong>res</strong></span> <span class='ocrx_word' id='word_1_646' title='bbox 2220 3364 2285 3419; x_wconf 87' lang='lat' dir='ltr'><strong>ad</strong></span> <span class='ocrx_word' id='word_1_647' title='bbox 2305 3366 2607 3434; x_wconf 86' lang='lat' dir='ltr'><strong>sepulcrum</strong></span> <span class='ocrx_word' id='word_1_648' title='bbox 2629 3367 2811 3423; x_wconf 88' lang='lat' dir='ltr'><strong>Sancti</strong></span> <span class='ocrx_word' id='word_1_649' title='bbox 2833 3371 3103 3440; x_wconf 87' lang='lat' dir='ltr'><strong>apparuit.</strong></span> <span class='ocrx_word' id='word_1_650' title='bbox 3122 3371 3254 3428; x_wconf 86' lang='lat' dir='ltr'><strong>Nam</strong></span> <span class='ocrx_word' id='word_1_651' title='bbox 3277 3372 3529 3443; x_wconf 80' lang='lat' dir='ltr'><strong>vigilante</strong></span> 
     </span>
    </p>
   </div>
   <div class='ocr_carea' id='block_1_92' title="bbox 1949 3454 3528 3536">
    <p class='ocr_par' dir='ltr' id='par_1_92' title="bbox 1949 3454 3528 3536">
     <span class='ocr_line' id='line_1_92' title="bbox 1949 3454 3528 3536; baseline 0.01 -27"><span class='ocrx_word' id='word_1_652' title='bbox 1949 3454 2174 3513; x_wconf 88' lang='lat' dir='ltr'><strong>diacono</strong></span> <span class='ocrx_word' id='word_1_653' title='bbox 2220 3458 2275 3513; x_wconf 90' lang='lat' dir='ltr'><strong>in</strong></span> <span class='ocrx_word' id='word_1_654' title='bbox 2313 3461 2476 3532; x_wconf 79' lang='lat'><strong>883</strong></span> <span class='ocrx_word' id='word_1_655' title='bbox 2520 3462 2715 3519; x_wconf 90' lang='lat' dir='ltr'><strong>lectulo</strong></span> <span class='ocrx_word' id='word_1_656' title='bbox 2763 3479 2862 3520; x_wconf 91' lang='lat' dir='ltr'><strong>suo</strong></span> <span class='ocrx_word' id='word_1_657' title='bbox 2910 3466 3122 3523; x_wconf 88' lang='lat' dir='ltr'><strong>auditus</strong></span> <span class='ocrx_word' id='word_1_658' title='bbox 3164 3476 3248 3525; x_wconf 91' lang='lat' dir='ltr'><strong>est</strong></span> <span class='ocrx_word' id='word_1_659' title='bbox 3297 3469 3528 3536; x_wconf 85' lang='lat' dir='ltr'><strong>sonitus,</strong></span> 
     </span>
    </p>
   </div>
   <div class='ocr_carea' id='block_1_93' title="bbox 1950 3549 3529 3625">
    <p class='ocr_par' dir='ltr' id='par_1_93' title="bbox 1950 3549 3529 3625">
     <span class='ocr_line' id='line_1_93' title="bbox 1950 3549 3529 3625; baseline 0.013 -26"><span class='ocrx_word' id='word_1_660' title='bbox 1950 3549 2101 3617; x_wconf 90' lang='lat' dir='ltr'><strong>quasi</strong></span> <span class='ocrx_word' id='word_1_661' title='bbox 2146 3550 2343 3606; x_wconf 86' lang='lat' dir='ltr'><strong>ostium</strong></span> <span class='ocrx_word' id='word_1_662' title='bbox 2394 3554 2627 3610; x_wconf 64' lang='lat' dir='ltr'><strong>basilicae</strong></span> <span class='ocrx_word' id='word_1_663' title='bbox 2682 3557 3026 3625; x_wconf 87' lang='lat' dir='ltr'><strong>panderetur.</strong></span> <span class='ocrx_word' id='word_1_664' title='bbox 3069 3559 3200 3617; x_wconf 86' lang='lat' dir='ltr'><strong>Post</strong></span> <span class='ocrx_word' id='word_1_665' title='bbox 3244 3562 3529 3619; x_wconf 90' lang='lat' dir='ltr'><strong>multarum</strong></span> 
     </span>
    </p>
   </div>
   <div class='ocr_carea' id='block_1_94' title="bbox 1947 3642 3529 3720">
    <p class='ocr_par' dir='ltr' id='par_1_94' title="bbox 1947 3642 3529 3720">
     <span class='ocr_line' id='line_1_94' title="bbox 1947 3642 3529 3720; baseline 0.009 -26"><span class='ocrx_word' id='word_1_666' title='bbox 1947 3654 2078 3696; x_wconf 91' lang='lat' dir='ltr'><strong>vero</strong></span> <span class='ocrx_word' id='word_1_667' title='bbox 2109 3642 2359 3698; x_wconf 89' lang='lat' dir='ltr'><strong>horarum</strong></span> <span class='ocrx_word' id='word_1_668' title='bbox 2391 3645 2647 3716; x_wconf 88' lang='lat' dir='ltr'><strong>spatium,</strong></span> <span class='ocrx_word' id='word_1_669' title='bbox 2674 3649 2879 3705; x_wconf 90' lang='lat' dir='ltr'><strong>audivit</strong></span> <span class='ocrx_word' id='word_1_670' title='bbox 2909 3652 3082 3720; x_wconf 91' lang='lat' dir='ltr'><strong>ipsum</strong></span> <span class='ocrx_word' id='word_1_671' title='bbox 3108 3651 3302 3708; x_wconf 88' lang='lat' dir='ltr'><strong>iterum</strong></span> <span class='ocrx_word' id='word_1_672' title='bbox 3332 3655 3529 3710; x_wconf 88' lang='lat' dir='ltr'><strong>claudi.</strong></span> 
     </span>
    </p>
   </div>
   <div class='ocr_carea' id='block_1_95' title="bbox 1957 3731 3534 3809">
    <p class='ocr_par' dir='ltr' id='par_1_95' title="bbox 1957 3731 3534 3809">
     <span class='ocr_line' id='line_1_95' title="bbox 1957 3731 3534 3809; baseline 0.01 -23"><span class='ocrx_word' id='word_1_673' title='bbox 1957 3731 2086 3787; x_wconf 90' lang='lat' dir='ltr'><strong>Post</strong></span> <span class='ocrx_word' id='word_1_674' title='bbox 2107 3733 2222 3789; x_wconf 79' lang='lat' dir='ltr'><strong>haec</strong></span> <span class='ocrx_word' id='word_1_675' title='bbox 2240 3749 2463 3805; x_wconf 86' lang='lat' dir='ltr'><strong>surgens</strong></span> <span class='ocrx_word' id='word_1_676' title='bbox 2483 3736 2550 3793; x_wconf 91' lang='lat' dir='ltr'><strong>de</strong></span> <span class='ocrx_word' id='word_1_677' title='bbox 2572 3747 2760 3805; x_wconf 89' lang='lat' dir='ltr'><strong>strato,</strong></span> <span class='ocrx_word' id='word_1_678' title='bbox 2787 3741 3124 3809; x_wconf 67' lang='lat' dir='ltr'><strong>praecedente</strong></span> <span class='ocrx_word' id='word_1_679' title='bbox 3153 3743 3353 3799; x_wconf 89' lang='lat' dir='ltr'><strong>lumine</strong></span> <span class='ocrx_word' id='word_1_680' title='bbox 3378 3759 3534 3800; x_wconf 87' lang='lat' dir='ltr'><strong>acce-</strong></span> 
     </span>
    </p>
   </div>
   <div class='ocr_carea' id='block_1_96' title="bbox 1950 3830 3532 3908">
    <p class='ocr_par' dir='ltr' id='par_1_96' title="bbox 1950 3830 3532 3908">
     <span class='ocr_line' id='line_1_96' title="bbox 1950 3830 3532 3908; baseline 0.007 -23"><span class='ocrx_word' id='word_1_681' title='bbox 1950 3830 2031 3886; x_wconf 87' lang='lat' dir='ltr'><strong>dit</strong></span> <span class='ocrx_word' id='word_1_682' title='bbox 2050 3833 2117 3887; x_wconf 90' lang='lat' dir='ltr'><strong>ad</strong></span> <span class='ocrx_word' id='word_1_683' title='bbox 2147 3834 2402 3888; x_wconf 91' lang='lat' dir='ltr'><strong>tumulum</strong></span> <span class='ocrx_word' id='word_1_684' title='bbox 2426 3835 2607 3889; x_wconf 87' lang='lat' dir='ltr'><strong>Sancti</strong></span> <span class='ocrx_word' id='word_1_685' title='bbox 2642 3852 2655 3890; x_wconf 91' lang='lat'>:</span> <span class='ocrx_word' id='word_1_686' title='bbox 2686 3836 2875 3891; x_wconf 88' lang='lat' dir='ltr'><strong>mirum</strong></span> <span class='ocrx_word' id='word_1_687' title='bbox 2905 3836 3070 3905; x_wconf 89' lang='lat' dir='ltr'><strong>dictu,</strong></span> <span class='ocrx_word' id='word_1_688' title='bbox 3092 3838 3224 3893; x_wconf 86' lang='lat' dir='ltr'><strong>vidit</strong></span> <span class='ocrx_word' id='word_1_689' title='bbox 3253 3840 3532 3908; x_wconf 88' lang='lat' dir='ltr'><strong>pavimen-</strong></span> 
     </span>
    </p>
   </div>
   <div class='ocr_carea' id='block_1_97' title="bbox 1952 3925 3527 3996">
    <p class='ocr_par' dir='ltr' id='par_1_97' title="bbox 1952 3925 3527 3996">
     <span class='ocr_line' id='line_1_97' title="bbox 1952 3925 3527 3996; baseline 0.006 -20"><span class='ocrx_word' id='word_1_690' title='bbox 1952 3933 2065 3977; x_wconf 91' lang='lat' dir='ltr'><strong>tum</strong></span> <span class='ocrx_word' id='word_1_691' title='bbox 2096 3926 2235 3978; x_wconf 89' lang='lat' dir='ltr'><strong>rosis</strong></span> <span class='ocrx_word' id='word_1_692' title='bbox 2262 3925 2611 3980; x_wconf 89' lang='lat' dir='ltr'><strong>rutilantibus</strong></span> <span class='ocrx_word' id='word_1_693' title='bbox 2632 3940 2752 3981; x_wconf 88' lang='lat' dir='ltr'><strong>esse</strong></span> <span class='ocrx_word' id='word_1_694' title='bbox 2774 3928 3120 3996; x_wconf 86' lang='lat' dir='ltr'><strong>respersum!</strong></span> <span class='ocrx_word' id='word_1_695' title='bbox 3156 3928 3322 3984; x_wconf 83' lang='lat' dir='ltr'><strong>Erant</strong></span> <span class='ocrx_word' id='word_1_696' title='bbox 3349 3940 3527 3986; x_wconf 87' lang='lat' dir='ltr'><strong>autem</strong></span> 
     </span>
    </p>
   </div>
   <div class='ocr_carea' id='block_1_98' title="bbox 1953 4017 3532 4087">
    <p class='ocr_par' dir='ltr' id='par_1_98' title="bbox 1953 4017 3532 4087">
     <span class='ocr_line' id='line_1_98' title="bbox 1953 4017 3532 4087; baseline 0.005 -17"><span class='ocrx_word' id='word_1_697' title='bbox 1953 4031 2158 4087; x_wconf 76' lang='lat' dir='ltr'><strong>magna:</strong></span> <span class='ocrx_word' id='word_1_698' title='bbox 2201 4017 2373 4083; x_wconf 89' lang='lat' dir='ltr'><strong>valde,</strong></span> <span class='ocrx_word' id='word_1_699' title='bbox 2413 4034 2534 4073; x_wconf 91' lang='lat' dir='ltr'><strong>cum</strong></span> <span class='ocrx_word' id='word_1_700' title='bbox 2581 4020 2867 4087; x_wconf 84' lang='lat' dir='ltr'><strong>fragrantia</strong></span> <span class='ocrx_word' id='word_1_701' title='bbox 2907 4021 3089 4075; x_wconf 89' lang='lat' dir='ltr'><strong>odoris</strong></span> <span class='ocrx_word' id='word_1_702' title='bbox 3128 4020 3394 4077; x_wconf 88' lang='lat' dir='ltr'><strong>immensi.</strong></span> <span class='ocrx_word' id='word_1_703' title='bbox 3424 4022 3478 4078; x_wconf 92' lang='lat' dir='ltr'><strong>In</strong></span> <span class='ocrx_word' id='word_1_704' title='bbox 3504 4022 3532 4062; x_wconf 77' lang='grc' dir='ltr'><strong>ιι</strong></span> 
     </span>
    </p>
   </div>
   <div class='ocr_carea' id='block_1_99' title="bbox 1954 4107 3533 4183">
    <p class='ocr_par' dir='ltr' id='par_1_99' title="bbox 1954 4107 3533 4183">
     <span class='ocr_line' id='line_1_99' title="bbox 1954 4107 3533 4183; baseline 0.004 -21"><span class='ocrx_word' id='word_1_705' title='bbox 1954 4107 2097 4177; x_wconf 85' lang='lat' dir='ltr'><strong>ipsas</strong></span> <span class='ocrx_word' id='word_1_706' title='bbox 2120 4122 2331 4177; x_wconf 91' lang='lat' dir='ltr'><strong>quoque</strong></span> <span class='ocrx_word' id='word_1_707' title='bbox 2349 4109 2571 4163; x_wconf 88' lang='lat' dir='ltr'><strong>cancelli</strong></span> <span class='ocrx_word' id='word_1_708' title='bbox 2588 4109 2873 4175; x_wconf 84' lang='lat' dir='ltr'><strong>celaturas,</strong></span> <span class='ocrx_word' id='word_1_709' title='bbox 2894 4110 3185 4165; x_wconf 89' lang='lat' dir='ltr'><strong>mirabatur</strong></span> <span class='ocrx_word' id='word_1_710' title='bbox 3201 4127 3352 4167; x_wconf 90' lang='lat' dir='ltr'><strong>rosas</strong></span> <span class='ocrx_word' id='word_1_711' title='bbox 3368 4113 3533 4183; x_wconf 90' lang='lat' dir='ltr'><strong>intus,</strong></span> 
     </span>
    </p>
   </div>
   <div class='ocr_carea' id='block_1_100' title="bbox 1954 4200 3537 4269">
    <p class='ocr_par' dir='ltr' id='par_1_100' title="bbox 1954 4200 3537 4269">
     <span class='ocr_line' id='line_1_100' title="bbox 1954 4200 3537 4269; baseline 0.005 -17"><span class='ocrx_word' id='word_1_712' title='bbox 1954 4214 2126 4254; x_wconf 88' lang='lat' dir='ltr'><strong>nonus</strong></span> <span class='ocrx_word' id='word_1_713' title='bbox 2155 4201 2296 4254; x_wconf 91' lang='lat' dir='ltr'><strong>enim</strong></span> <span class='ocrx_word' id='word_1_714' title='bbox 2334 4210 2447 4255; x_wconf 88' lang='lat' dir='ltr'><strong>erat</strong></span> <span class='ocrx_word' id='word_1_715' title='bbox 2477 4200 2709 4267; x_wconf 87' lang='lat' dir='ltr'><strong>mensis;</strong></span> <span class='ocrx_word' id='word_1_716' title='bbox 2741 4210 2794 4257; x_wconf 91' lang='lat' dir='ltr'><strong>et</strong></span> <span class='ocrx_word' id='word_1_717' title='bbox 2827 4200 2909 4257; x_wconf 75' lang='lat' dir='ltr'><strong>Ine</strong></span> <span class='ocrx_word' id='word_1_718' title='bbox 2941 4201 3010 4256; x_wconf 90' lang='lat' dir='ltr'><strong>ita</strong></span> <span class='ocrx_word' id='word_1_719' title='bbox 3039 4211 3193 4257; x_wconf 87' lang='lat' dir='ltr'><strong>erant</strong></span> <span class='ocrx_word' id='word_1_720' title='bbox 3223 4202 3441 4269; x_wconf 89' lang='lat' dir='ltr'><strong>virides,</strong></span> <span class='ocrx_word' id='word_1_721' title='bbox 3474 4218 3537 4260; x_wconf 84' lang='lat' dir='ltr'><strong>ac</strong></span> 
     </span>
    </p>
   </div>
   <div class='ocr_carea' id='block_1_101' title="bbox 1955 4291 3537 4360">
    <p class='ocr_par' dir='ltr' id='par_1_101' title="bbox 1955 4291 3537 4360">
     <span class='ocr_line' id='line_1_101' title="bbox 1955 4291 3537 4360; baseline 0.002 -15"><span class='ocrx_word' id='word_1_722' title='bbox 1955 4291 1999 4345; x_wconf 93' lang='lat' dir='ltr'><strong>si</strong></span> <span class='ocrx_word' id='word_1_723' title='bbox 2046 4291 2260 4345; x_wconf 89' lang='lat' dir='ltr'><strong>easdem</strong></span> <span class='ocrx_word' id='word_1_724' title='bbox 2314 4291 2477 4360; x_wconf 87' lang='lat' dir='ltr'><strong>ipsius</strong></span> <span class='ocrx_word' id='word_1_725' title='bbox 2528 4301 2746 4359; x_wconf 86' lang='lat' dir='ltr'><strong>putares</strong></span> <span class='ocrx_word' id='word_1_726' title='bbox 2802 4291 2949 4347; x_wconf 70' lang='lat' dir='ltr'><strong>hora:</strong></span> <span class='ocrx_word' id='word_1_727' title='bbox 2988 4302 3259 4348; x_wconf 87' lang='lat' dir='ltr'><strong>momento</strong></span> <span class='ocrx_word' id='word_1_728' title='bbox 3308 4303 3331 4333; x_wconf 70' lang='grc' dir='ltr'>ε</span> <span class='ocrx_word' id='word_1_729' title='bbox 3370 4295 3537 4349; x_wconf 87' lang='lat' dir='ltr'><strong>ramis</strong></span> 
     </span>
    </p>
   </div>
   <div class='ocr_carea' id='block_1_102' title="bbox 1954 4380 3537 4452">
    <p class='ocr_par' dir='ltr' id='par_1_102' title="bbox 1954 4380 3537 4452">
     <span class='ocr_line' id='line_1_102' title="bbox 1954 4380 3537 4452; baseline 0.003 -17"><span class='ocrx_word' id='word_1_730' title='bbox 1954 4380 2249 4435; x_wconf 85' lang='lat' dir='ltr'><strong>virentibus</strong></span> <span class='ocrx_word' id='word_1_731' title='bbox 2290 4396 2411 4436; x_wconf 91' lang='lat' dir='ltr'><strong>esse</strong></span> <span class='ocrx_word' id='word_1_732' title='bbox 2449 4382 2750 4450; x_wconf 89' lang='lat' dir='ltr'><strong>decerptas.</strong></span> <span class='ocrx_word' id='word_1_733' title='bbox 2788 4382 2937 4437; x_wconf 89' lang='lat' dir='ltr'><strong>Tunc</strong></span> <span class='ocrx_word' id='word_1_734' title='bbox 2974 4397 3093 4437; x_wconf 88' lang='lat' dir='ltr'><strong>cum</strong></span> <span class='ocrx_word' id='word_1_735' title='bbox 3141 4382 3325 4452; x_wconf 87' lang='lat' dir='ltr'><strong>grandi</strong></span> <span class='ocrx_word' id='word_1_736' title='bbox 3378 4398 3537 4439; x_wconf 83' lang='lat' dir='ltr'><strong>reve-</strong></span> 
     </span>
    </p>
   </div>
   <div class='ocr_carea' id='block_1_103' title="bbox 1956 4474 3537 4545">
    <p class='ocr_par' dir='ltr' id='par_1_103' title="bbox 1956 4474 3537 4545">
     <span class='ocr_line' id='line_1_103' title="bbox 1956 4474 3537 4545; baseline 0.004 -18"><span class='ocrx_word' id='word_1_737' title='bbox 1956 4474 2126 4527; x_wconf 86' lang='lat' dir='ltr'><strong>rentia</strong></span> <span class='ocrx_word' id='word_1_738' title='bbox 2156 4475 2412 4529; x_wconf 86' lang='lat' dir='ltr'><strong>collectas</strong></span> <span class='ocrx_word' id='word_1_739' title='bbox 2444 4475 2703 4530; x_wconf 88' lang='lat' dir='ltr'><strong>secretius</strong></span> <span class='ocrx_word' id='word_1_740' title='bbox 2733 4477 2932 4545; x_wconf 88' lang='lat' dir='ltr'><strong>posuit,</strong></span> <span class='ocrx_word' id='word_1_741' title='bbox 2963 4476 3143 4533; x_wconf 90' lang='lat' dir='ltr'><strong>multis</strong></span> <span class='ocrx_word' id='word_1_742' title='bbox 3171 4476 3364 4532; x_wconf 87' lang='lat' dir='ltr'><strong>exinde</strong></span> <span class='ocrx_word' id='word_1_743' title='bbox 3387 4476 3537 4533; x_wconf 82' lang='lat' dir='ltr'><strong>inﬁr-</strong></span> 
     </span>
    </p>
   </div>
   <div class='ocr_carea' id='block_1_104' title="bbox 1956 4565 3539 4638">
    <p class='ocr_par' dir='ltr' id='par_1_104' title="bbox 1956 4565 3539 4638">
     <span class='ocr_line' id='line_1_104' title="bbox 1956 4565 3539 4638; baseline 0.004 -21"><span class='ocrx_word' id='word_1_744' title='bbox 1956 4565 2058 4618; x_wconf 88' lang='lat' dir='ltr'><strong>mis</strong></span> <span class='ocrx_word' id='word_1_745' title='bbox 2113 4566 2496 4620; x_wconf 86' lang='lat' dir='ltr'><strong>medicamenta</strong></span> <span class='ocrx_word' id='word_1_746' title='bbox 2551 4566 2901 4623; x_wconf 91' lang='lat' dir='ltr'><strong>distribuens.</strong></span> <span class='ocrx_word' id='word_1_747' title='bbox 2960 4567 3092 4622; x_wconf 87' lang='lat' dir='ltr'><strong>Nam</strong></span> <span class='ocrx_word' id='word_1_748' title='bbox 3145 4581 3539 4638; x_wconf 88' lang='lat' dir='ltr'><strong>energumenus</strong></span> 
     </span>
    </p>
   </div>
   <div class='ocr_carea' id='block_1_105' title="bbox 1879 4658 3538 4742">
    <p class='ocr_par' dir='ltr' id='par_1_105' title="bbox 1879 4658 3538 4742">
     <span class='ocr_line' id='line_1_105' title="bbox 1879 4658 3538 4742; baseline 0.003 -31"><span class='ocrx_word' id='word_1_749' title='bbox 1879 4683 1931 4742; x_wconf 71' lang='grc' dir='ltr'><strong>Ι)</strong></span> <span class='ocrx_word' id='word_1_750' title='bbox 1959 4658 2170 4728; x_wconf 88' lang='lat' dir='ltr'><strong>quidam</strong></span> <span class='ocrx_word' id='word_1_751' title='bbox 2218 4674 2280 4713; x_wconf 85' lang='lat' dir='ltr'><strong>ex</strong></span> <span class='ocrx_word' id='word_1_752' title='bbox 2324 4659 2589 4713; x_wconf 80' lang='lat' dir='ltr'><strong>&#39;l‘uronico</strong></span> <span class='ocrx_word' id='word_1_753' title='bbox 2628 4659 2869 4727; x_wconf 90' lang='lat' dir='ltr'><strong>veniens,</strong></span> <span class='ocrx_word' id='word_1_754' title='bbox 2916 4668 2975 4714; x_wconf 91' lang='lat' dir='ltr'><strong>ut</strong></span> <span class='ocrx_word' id='word_1_755' title='bbox 3014 4661 3207 4716; x_wconf 79' lang='lat' dir='ltr'><strong>exinde</strong></span> <span class='ocrx_word' id='word_1_756' title='bbox 3242 4660 3538 4716; x_wconf 86' lang='lat' dir='ltr'><strong>delibutum</strong></span> 
     </span>
    </p>
   </div>
   <div class='ocr_carea' id='block_1_106' title="bbox 1959 4750 3464 4823">
    <p class='ocr_par' dir='ltr' id='par_1_106' title="bbox 1959 4750 3464 4823">
     <span class='ocr_line' id='line_1_106' title="bbox 1959 4750 3464 4823; baseline -0.001 -17"><span class='ocrx_word' id='word_1_757' title='bbox 1959 4760 2139 4821; x_wconf 91' lang='lat' dir='ltr'><strong>potum</strong></span> <span class='ocrx_word' id='word_1_758' title='bbox 2166 4752 2413 4823; x_wconf 88' lang='lat' dir='ltr'><strong>sumpsit,</strong></span> <span class='ocrx_word' id='word_1_759' title='bbox 2444 4757 2615 4822; x_wconf 82' lang='lat' dir='ltr'><strong>ejecto</strong></span> <span class='ocrx_word' id='word_1_760' title='bbox 2635 4752 2879 4808; x_wconf 83' lang='lat' dir='ltr'><strong>daemone</strong></span> <span class='ocrx_word' id='word_1_761' title='bbox 2909 4762 3161 4823; x_wconf 86' lang='lat' dir='ltr'><strong>purgatus</strong></span> <span class='ocrx_word' id='word_1_762' title='bbox 3187 4750 3464 4809; x_wconf 85' lang='lat' dir='ltr'><strong>abscessit.</strong></span> 
     </span>
    </p>
   </div>
   <div class='ocr_carea' id='block_1_107' title="bbox 2517 4883 2986 4941">
    <p class='ocr_par' dir='ltr' id='par_1_107' title="bbox 2517 4883 2986 4941">
     <span class='ocr_line' id='line_1_107' title="bbox 2517 4883 2986 4941; baseline 0.004 -2"><span class='ocrx_word' id='word_1_763' title='bbox 2517 4883 2745 4939; x_wconf 84' lang='lat' dir='ltr'><strong>CAPUT</strong></span> <span class='ocrx_word' id='word_1_764' title='bbox 2783 4883 2986 4941; x_wconf 80' lang='lat' dir='ltr'><strong>XLVII.</strong></span> 
     </span>
    </p>
   </div>
   <div class='ocr_carea' id='block_1_108' title="bbox 2410 4993 3067 5052">
    <p class='ocr_par' dir='ltr' id='par_1_108' title="bbox 2410 4993 3067 5052">
     <span class='ocr_line' id='line_1_108' title="bbox 2410 4993 3067 5052; baseline 0.006 -4"><span class='ocrx_word' id='word_1_765' title='bbox 2410 4993 2486 5049; x_wconf 84' lang='lat' dir='ltr'><strong>De</strong></span> <span class='ocrx_word' id='word_1_766' title='bbox 2513 4994 2725 5050; x_wconf 84' lang='lat' dir='ltr'><strong>muliere</strong></span> <span class='ocrx_word' id='word_1_767' title='bbox 2752 4997 3067 5052; x_wconf 85' lang='lat' dir='ltr'><strong>illuminata.</strong></span> 
     </span>
    </p>
   </div>
   <div class='ocr_carea' id='block_1_109' title="bbox 2032 5101 3539 5177">
    <p class='ocr_par' dir='ltr' id='par_1_109' title="bbox 2032 5101 3539 5177">
     <span class='ocr_line' id='line_1_109' title="bbox 2032 5101 3539 5177; baseline 0.008 -21"><span class='ocrx_word' id='word_1_768' title='bbox 2032 5101 2224 5157; x_wconf 84' lang='lat' dir='ltr'><strong>Mulier</strong></span> <span class='ocrx_word' id='word_1_769' title='bbox 2252 5112 2421 5159; x_wconf 88' lang='lat' dir='ltr'><strong>erata</strong></span> <span class='ocrx_word' id='word_1_770' title='bbox 2454 5105 2733 5160; x_wconf 88' lang='lat' dir='ltr'><strong>nativitate</strong></span> <span class='ocrx_word' id='word_1_771' title='bbox 2769 5120 2930 5171; x_wconf 83' lang='lat' dir='ltr'><strong>caeca,</strong></span> <span class='ocrx_word' id='word_1_772' title='bbox 2977 5122 3098 5177; x_wconf 68' lang='lat' dir='ltr'><strong>qua:</strong></span> <span class='ocrx_word' id='word_1_773' title='bbox 3131 5122 3193 5165; x_wconf 85' lang='lat' dir='ltr'><strong>se</strong></span> <span class='ocrx_word' id='word_1_774' title='bbox 3224 5108 3465 5166; x_wconf 90' lang='lat' dir='ltr'><strong>exhiberi</strong></span> <span class='ocrx_word' id='word_1_775' title='bbox 3505 5122 3539 5169; x_wconf 71' lang='grc' dir='ltr'>ι</span> 
     </span>
    </p>
   </div>
   <div class='ocr_carea' id='block_1_110' title="bbox 1961 5194 3539 5270">
    <p class='ocr_par' dir='ltr' id='par_1_110' title="bbox 1961 5194 3539 5270">
     <span class='ocr_line' id='line_1_110' title="bbox 1961 5194 3539 5270; baseline 0.008 -23"><span class='ocrx_word' id='word_1_776' title='bbox 1961 5194 2269 5261; x_wconf 86' lang='lat' dir='ltr'><strong>parentibus</strong></span> <span class='ocrx_word' id='word_1_777' title='bbox 2300 5194 2365 5248; x_wconf 91' lang='lat' dir='ltr'><strong>ad</strong></span> <span class='ocrx_word' id='word_1_778' title='bbox 2397 5194 2535 5249; x_wconf 92' lang='lat' dir='ltr'><strong>beati</strong></span> <span class='ocrx_word' id='word_1_779' title='bbox 2570 5196 2777 5251; x_wconf 82' lang='lat' dir='ltr'><strong>Martini</strong></span> <span class='ocrx_word' id='word_1_780' title='bbox 2809 5197 3063 5253; x_wconf 90' lang='lat' dir='ltr'><strong>tumulum</strong></span> <span class='ocrx_word' id='word_1_781' title='bbox 3092 5199 3376 5270; x_wconf 88' lang='lat' dir='ltr'><strong>deprecata</strong></span> <span class='ocrx_word' id='word_1_782' title='bbox 3405 5211 3489 5259; x_wconf 87' lang='lat' dir='ltr'><strong>est</strong></span> <span class='ocrx_word' id='word_1_783' title='bbox 3523 5220 3539 5261; x_wconf 89' lang='lat'><strong>:</strong></span> 
     </span>
    </p>
   </div>
   <div class='ocr_carea' id='block_1_111' title="bbox 1961 5287 3537 5364">
    <p class='ocr_par' dir='ltr' id='par_1_111' title="bbox 1961 5287 3537 5364">
     <span class='ocr_line' id='line_1_111' title="bbox 1961 5287 3537 5364; baseline 0.007 -23"><span class='ocrx_word' id='word_1_784' title='bbox 1961 5287 2052 5342; x_wconf 88' lang='lat' dir='ltr'><strong>ubi</strong></span> <span class='ocrx_word' id='word_1_785' title='bbox 2073 5303 2192 5342; x_wconf 90' lang='lat' dir='ltr'><strong>cum</strong></span> <span class='ocrx_word' id='word_1_786' title='bbox 2215 5288 2469 5353; x_wconf 85' lang='lat' dir='ltr'><strong>venisset,</strong></span> <span class='ocrx_word' id='word_1_787' title='bbox 2498 5297 2759 5358; x_wconf 90' lang='lat' dir='ltr'><strong>prostrata</strong></span> <span class='ocrx_word' id='word_1_788' title='bbox 2783 5306 2877 5361; x_wconf 92' lang='lat' dir='ltr'><strong>per</strong></span> <span class='ocrx_word' id='word_1_789' title='bbox 2899 5292 3130 5348; x_wconf 87' lang='lat' dir='ltr'><strong>triduum</strong></span> <span class='ocrx_word' id='word_1_790' title='bbox 3153 5295 3218 5349; x_wconf 88' lang='lat' dir='ltr'><strong>ad</strong></span> <span class='ocrx_word' id='word_1_791' title='bbox 3246 5296 3537 5364; x_wconf 83' lang='lat' dir='ltr'><strong>cancellos,</strong></span> 
     </span>
    </p>
   </div>
   <div class='ocr_carea' id='block_1_112' title="bbox 1962 5380 3541 5450">
    <p class='ocr_par' dir='ltr' id='par_1_112' title="bbox 1962 5380 3541 5450">
     <span class='ocr_line' id='line_1_112' title="bbox 1962 5380 3541 5450; baseline 0.011 -19"><span class='ocrx_word' id='word_1_792' title='bbox 1962 5380 2053 5449; x_wconf 91' lang='lat' dir='ltr'><strong>qui</strong></span> <span class='ocrx_word' id='word_1_793' title='bbox 2084 5389 2208 5435; x_wconf 88' lang='lat' dir='ltr'><strong>ante</strong></span> <span class='ocrx_word' id='word_1_794' title='bbox 2225 5383 2531 5450; x_wconf 78' lang='lat' dir='ltr'><strong>sepulcrum</strong></span> <span class='ocrx_word' id='word_1_795' title='bbox 2555 5386 2727 5440; x_wconf 89' lang='lat' dir='ltr'><strong>sancti</strong></span> <span class='ocrx_word' id='word_1_796' title='bbox 2758 5386 3024 5443; x_wconf 81' lang='lat' dir='ltr'><strong>Antistitis</strong></span> <span class='ocrx_word' id='word_1_797' title='bbox 3046 5388 3310 5446; x_wconf 87' lang='lat' dir='ltr'><strong>habentur</strong></span> <span class='ocrx_word' id='word_1_798' title='bbox 3335 5392 3541 5448; x_wconf 80' lang='lat' dir='ltr'><strong>extrln-</strong></span> 
     </span>
    </p>
   </div>
   <div class='ocr_carea' id='block_1_113' title="bbox 1964 5479 3538 5551">
    <p class='ocr_par' dir='ltr' id='par_1_113' title="bbox 1964 5479 3538 5551">
     <span class='ocr_line' id='line_1_113' title="bbox 1964 5479 3538 5551; baseline 0.011 -25"><span class='ocrx_word' id='word_1_799' title='bbox 1964 5487 2140 5538; x_wconf 86' lang='lat' dir='ltr'><strong>secus,</strong></span> <span class='ocrx_word' id='word_1_800' title='bbox 2172 5490 2490 5545; x_wconf 86' lang='lat' dir='ltr'><strong>responsum</strong></span> <span class='ocrx_word' id='word_1_801' title='bbox 2520 5479 2726 5548; x_wconf 89' lang='lat' dir='ltr'><strong>accepit</strong></span> <span class='ocrx_word' id='word_1_802' title='bbox 2757 5495 2851 5550; x_wconf 90' lang='lat' dir='ltr'><strong>per</strong></span> <span class='ocrx_word' id='word_1_803' title='bbox 2878 5484 3167 5551; x_wconf 84' lang='lat' dir='ltr'><strong>somnium,</strong></span> <span class='ocrx_word' id='word_1_804' title='bbox 3197 5485 3409 5541; x_wconf 87' lang='lat' dir='ltr'><strong>dicente</strong></span> <span class='ocrx_word' id='word_1_805' title='bbox 3434 5485 3538 5543; x_wconf 85' lang='lat' dir='ltr'><strong>sibi</strong></span> 
     </span>
    </p>
   </div>
   <div class='ocr_carea' id='block_1_114' title="bbox 1963 5568 3537 5648">
    <p class='ocr_par' dir='ltr' id='par_1_114' title="bbox 1963 5568 3537 5648">
     <span class='ocr_line' id='line_1_114' title="bbox 1963 5568 3537 5648; baseline 0.01 -29"><span class='ocrx_word' id='word_1_806' title='bbox 1963 5572 2150 5621; x_wconf 87' lang='lat' dir='ltr'><strong>sancto</strong></span> <span class='ocrx_word' id='word_1_807' title='bbox 2179 5568 2295 5622; x_wconf 91' lang='lat' dir='ltr'><strong>viro</strong></span> <span class='ocrx_word' id='word_1_808' title='bbox 2328 5585 2340 5621; x_wconf 91' lang='lat'><strong>:</strong></span> <span class='ocrx_word' id='word_1_809' title='bbox 2373 5568 2429 5624; x_wconf 85' lang='lat' dir='ltr'><strong>Si</strong></span> <span class='ocrx_word' id='word_1_810' title='bbox 2469 5568 2645 5625; x_wconf 90' lang='lat' dir='ltr'><strong>lumen</strong></span> <span class='ocrx_word' id='word_1_811' title='bbox 2694 5571 2938 5642; x_wconf 88' lang='lat' dir='ltr'><strong>recipere</strong></span> <span class='ocrx_word' id='word_1_812' title='bbox 2981 5573 3276 5643; x_wconf 85' lang='lat' dir='ltr'><strong>desideras,</strong></span> <span class='ocrx_word' id='word_1_813' title='bbox 3322 5578 3537 5648; x_wconf 81' lang='lat' dir='ltr'><strong>require</strong></span> 
     </span>
    </p>
   </div>
   <div class='ocr_carea' id='block_1_115' title="bbox 2030 5709 3528 5807">
    <p class='ocr_par' dir='ltr' id='par_1_115' title="bbox 2030 5709 3528 5807">
     <span class='ocr_line' id='line_1_115' title="bbox 2030 5709 3528 5807; baseline 0.009 -27"><span class='ocrx_word' id='word_1_814' title='bbox 2030 5724 2059 5764; x_wconf 71' lang='grc' dir='ltr'><strong>ι)</strong></span> <span class='ocrx_word' id='word_1_815' title='bbox 2087 5709 2231 5807; x_wconf 67' lang='lat' dir='ltr'><strong>litec,</strong></span> <span class='ocrx_word' id='word_1_816' title='bbox 2260 5742 2425 5807; x_wconf 83' lang='lat' dir='ltr'><strong>usque</strong></span> <span class='ocrx_word' id='word_1_817' title='bbox 2448 5727 2512 5807; x_wconf 65' lang='lat' dir='ltr'><strong>ad</strong></span> <span class='ocrx_word' id='word_1_818' title='bbox 2530 5730 2738 5807; x_wconf 62' lang='lat' dir='ltr'><strong>mensis,</strong></span> <span class='ocrx_word' id='word_1_819' title='bbox 2758 5728 2951 5787; x_wconf 88' lang='lat' dir='ltr'><strong>desunt</strong></span> <span class='ocrx_word' id='word_1_820' title='bbox 2978 5729 3032 5789; x_wconf 92' lang='lat' dir='ltr'><strong>in</strong></span> <span class='ocrx_word' id='word_1_821' title='bbox 3052 5730 3204 5790; x_wconf 85' lang='lat' dir='ltr'><strong>Colb.</strong></span> <span class='ocrx_word' id='word_1_822' title='bbox 3230 5731 3286 5805; x_wconf 76' lang='lat'><strong>2,</strong></span> <span class='ocrx_word' id='word_1_823' title='bbox 3318 5732 3528 5807; x_wconf 66' lang='lat' dir='ltr'><strong>Germ,</strong></span> 
     </span>
    </p>
   </div>
   <div class='ocr_carea' id='block_1_116' title="bbox 1961 5798 2584 5862">
    <p class='ocr_par' dir='ltr' id='par_1_116' title="bbox 1961 5798 2584 5862">
     <span class='ocr_line' id='line_1_116' title="bbox 1961 5798 2584 5862; baseline -0.002 -7"><span class='ocrx_word' id='word_1_824' title='bbox 1961 5798 2139 5862; x_wconf 85' lang='lat' dir='ltr'><strong>Gem.,</strong></span> <span class='ocrx_word' id='word_1_825' title='bbox 2172 5798 2337 5853; x_wconf 70' lang='lat' dir='ltr'><strong>Laud.</strong></span> <span class='ocrx_word' id='word_1_826' title='bbox 2370 5810 2421 5854; x_wconf 93' lang='lat' dir='ltr'><strong>et</strong></span> <span class='ocrx_word' id='word_1_827' title='bbox 2452 5799 2584 5855; x_wconf 87' lang='lat' dir='ltr'><strong>Bell.</strong></span> 
     </span>
    </p>
   </div>
   <div class='ocr_carea' id='block_1_117' title="bbox 1958 5870 3034 5947">
    <p class='ocr_par' dir='ltr' id='par_1_117' title="bbox 1958 5870 3034 5947">
     <span class='ocr_line' id='line_1_117' title="bbox 1958 5870 3034 5947; baseline 0.007 -21"><span class='ocrx_word' id='word_1_828' title='bbox 1958 5918 1983 5947; x_wconf 27' lang='grc' dir='ltr'><strong>ζ</strong></span> <span class='ocrx_word' id='word_1_829' title='bbox 2035 5880 2058 5909; x_wconf 71' lang='grc' dir='ltr'><strong>ε</strong></span> <span class='ocrx_word' id='word_1_830' title='bbox 2085 5870 2250 5940; x_wconf 82' lang='lat' dir='ltr'><strong>Edtti,</strong></span> <span class='ocrx_word' id='word_1_831' title='bbox 2276 5870 2519 5930; x_wconf 67' lang='lat' dir='ltr'><strong>eadem...</strong></span> <span class='ocrx_word' id='word_1_832' title='bbox 2543 5871 2671 5930; x_wconf 84' lang='lat' dir='ltr'><strong>hora</strong></span> <span class='ocrx_word' id='word_1_833' title='bbox 2697 5882 2745 5930; x_wconf 89' lang='lat' dir='ltr'><strong>et</strong></span> <span class='ocrx_word' id='word_1_834' title='bbox 2767 5886 3034 5934; x_wconf 81' lang='lat' dir='ltr'><strong>momento.</strong></span> 
     </span>
    </p>
   </div>
   <div class='ocr_carea' id='block_1_118' title="bbox 3447 5978 3475 5995">
    <p class='ocr_par' dir='ltr' id='par_1_118' title="bbox 3447 5978 3475 5995">
     <span class='ocr_line' id='line_1_118' title="bbox 3447 5978 3475 5995; baseline 0 0"><span class='ocrx_word' id='word_1_835' title='bbox 3447 5978 3475 5995; x_wconf 69' lang='grc' dir='ltr'><strong>’ν</strong></span> 
     </span>
    </p>
   </div>
  </div>
