4072 6346
534 315 637 372 827

1540 324 1599 382 S.
1644 322 1971 382 GREGORII
2014 323 2312 383 EPISCOI’I
2355 320 2781 381 TURONENSIS

3708 319 3823 379 828

532 440 805 502 basilicam
835 443 1004 500 sancti
1034 441 1251 512 Iuliani,
1280 442 1335 500 in
1363 456 1465 516 qua
1489 442 1616 501 dum
1645 446 1948 515 prmsidium
1977 446 2113 502 Mar-
2147 448 2195 509 Α
2218 442 2371 499 altari
2415 452 2619 500 sancto.
2666 439 2941 499 Accedens
2974 436 3001 478 ἀ
3040 446 3219 515 autem
3253 439 3321 496 ad
3360 452 3485 497 eum
3523 452 3664 496 unus
3690 453 3823 495 eum

534 536 669 609 tyris
709 544 935 609 expetas
965 536 1097 609 μί..
1130 535 1468 609 expetieris],
1512 538 1601 596 ille
1631 538 1946 609 conjunctus
1981 541 2117 595 Mar-

534 628 645 685 tino
668 629 843 685 visum
886 630 981 686 tibi
1023 630 1406 699 necessarium,
1450 631 1609 688 simul
1646 632 1946 687 orationum
1995 646 2117 688 sua-

531 738 651 779 rum
679 721 965 795 suffragiis,
994 723 1349 780 revocabunt.
1374 724 1679 798 Exsurgens
1700 734 1874 781 autem
1900 725 2113 795 mulier,

529 826 584 874 et
606 817 863 889 ignorans
889 818 1031 889 quod
1050 818 1102 873 in
1124 816 1393 876 Turonico
1411 819 1566 891 hujus
1595 821 1848 891 martyris
1878 820 2117 892 reliquias

530 918 860 981 tenerentur,
888 912 955 969 ad
980 911 1322 970 Sautonicam
1343 913 1529 971 urbem
1558 914 1757 984 dirigit.
1792 913 2062 969 Victorina
2090 922 2116 952 ιι

528 1005 729 1061 etenim
762 1004 1187 1069 materfamilias,
1231 1021 1296 1061 ex
1327 1004 1492 1063 nobili
1529 1006 1695 1077 stirpe
1722 1006 2021 1078 progenita,
2063 1006 2117 1063 in

528 1098 670 1153 villm
694 1112 803 1154 sua:
827 1098 1097 1156 territorio
1118 1100 1392 1156 basilicam
1422 1108 1814 1167 construxerat,
1838 1100 2117 1171 reliquias-

527 1202 633 1259 que
669 1190 807 1246 beati
849 1190 1097 1263 Martyris
1130 1191 1463 1247 condiderat.
1495 1192 1576 1247 Ad
1617 1192 1752 1247 hanc
1782 1207 1912 1264 ergo
1946 1192 2117 1248 aedem

527 1284 725 1340 mulier
750 1286 1036 1355 accedens,
1062 1297 1179 1342 orat
1210 1302 1305 1355 per
1334 1287 1590 1342 triduum.
1631 1287 1727 1343 Die
1752 1296 1929 1343 autem
1960 1287 2117 1344 tertia

531 1374 753 1432 advenit
797 1378 993 1433 natalis
1045 1380 1295 1451 Baptistae
1344 1380 1597 1437 dominici
1648 1397 1663 1437 :
1715 1388 1893 1437 stante
1938 1389 2117 1438 autem

525 1470 744 1539 populo,
802 1472 970 1546 884
1020 1482 1075 1530 et
1118 1474 1408 1531 lectionum
1467 1476 1715 1547 dogmata
1759 1479 2115 1549 auseultante,

525 1562 703 1618 subito
741 1580 984 1622 murmur
1024 1583 1276 1641 magnum
1325 1571 1515 1625 oritur.
1559 1570 1849 1644 Presbyter
1872 1587 1998 1627 vero
2026 1574 2117 1644 qui

524 1653 788 1711 solemnia
838 1658 1184 1732 celebrabat,
1246 1662 1602 1734 comprimere
1653 1679 1814 1719 voces
1853 1666 2115 1738 cupiens,

525 1746 827 1820 interrogat
846 1750 973 1821 quid
996 1752 1098 1809 hoc
1124 1762 1288 1810 esset.
1310 1754 1408 1811 Cui
1434 1770 1571 1811 unus
1592 1770 1659 1820 ex
1682 1756 1983 1813 astantibus
2006 1759 2115 1815 ait:

2221 535 2437 592 amissis
2468 535 2662 602 oculis,
2696 534 2831 590 alius
2860 548 3022 589 manu
3052 532 3262 600 debilis,
3297 532 3519 601 impleta
3542 532 3824 601 oratione.

2219 627 2308 683 hic
2354 628 2527 684 lucem
2567 628 2777 697 recepit
2812 636 2933 698 post
2972 624 3243 693 tenebras,
3289 638 3483 681 manus
3516 624 3608 682 ille
3655 638 3825 682 usum

2219 730 2339 793 post
2372 723 2478 777 otia
2524 721 2801 776 diuturna.
2855 720 3041 793 Mulier
3080 720 3269 785 etiam,
3328 718 3546 775 nomine
3582 717 3826 775 ditem:

2219 815 2234 887 [
2243 814 2389 873 Gem.
2423 813 2680 887 Acerna],
2711 829 2835 871 cum
2867 814 2973 870 lilia
3002 815 3071 869 ab
3094 813 3253 870 hoste
3275 812 3460 884 iniquo
3486 820 3709 878 vexata,
3750 810 3828 868 ad

2218 908 2323 967 hoc
2343 910 2511 967 altare
2536 918 2744 977 curata,
2772 924 2893 967 cum
2922 910 3076 980 prole
3094 923 3287 979 sospes
3311 909 3594 966 abscessit.
3628 907 3829 979 Frigo-

2218 1004 2360 1063 ritici
2390 1007 2551 1063 etiam
2579 1005 2634 1063 in
2656 1005 2750 1063 illo
2779 1006 2901 1063 loco
2926 1005 3172 1063 nonnulli
3194 1004 3383 1063 salvati
3408 1012 3557 1062 sunt.

2847 1120 3078 1178 CAPUT
3114 1119 3178 1178 L.

2649 1214 2729 1269 De
2753 1214 2856 1269 alio
2892 1228 3026 1269 caeco
3068 1212 3383 1269 illuminato.

2289 1305 2453 1379 885
2484 1304 2589 1363 Sed
2629 1306 2879 1377 quoniam
2918 1321 3024 1363 non
3068 1314 3153 1361 est
3192 1304 3507 1373 absurdum,
3547 1304 3595 1360 si
3625 1303 3830 1361 beatus

2218 1397 2461 1455 Julianus
2509 1412 2629 1455 cum
2674 1398 2884 1456 Joanne
2928 1407 3019 1456 aut
3060 1398 3289 1454 Martino
3333 1397 3474 1453 dona
3521 1396 3824 1453 sanitatum

2220 1492 2509 1565 impertiat,
2554 1508 2675 1549 cum
2718 1494 2914 1565 quibus
2943 1493 3114 1549 vietor
3158 1492 3339 1548 saeculi
3384 1493 3437 1547 in
3466 1490 3604 1548 casio
3649 1491 3827 1561 tripuo

2218 1584 2353 1652 diat,
2385 1586 2611 1642 referam
2639 1585 2813 1641 adhuc
2834 1586 3065 1657 qualiter
3091 1600 3212 1641 cum
3242 1584 3448 1640 Nicetio
3470 1582 3825 1655 Lugdunensi

2219 1681 2379 1737 simili
2418 1681 2617 1738 virtute
2644 1680 2904 1737 ﬂoruerit.
2958 1680 3121 1753 igitur
3151 1681 3289 1735 infra
3327 1679 3617 1735 terminum
3658 1678 3825 1734 Ieﬂ'i-

2221 1772 2641 1845 toriiTuronici,
2677 1773 2965 1831 Litomeris
3004 1773 3223 1845 quidam
3278 1772 3329 1827 in
3381 1772 3592 1828 honore
3643 1770 3825 1827 sancti

524 1837 768 1939 "9"“?
814 1844 1096 1902 ωίιοεεθτθ
1151 1862 1259 1903 ηοη
1309 1856 1507 1919 Ροιεειο
1552 1849 1675 1920 quia
1698 1850 1867 1907 νίΐῑυε
1906 1851 2117 1908 Domini
2148 1856 2469 1939 BMartyris
2512 1866 2785 1923 basilicam
2836 1866 3141 1936 mdiﬁcavit,
3190 1867 3245 1922 in
3289 1880 3391 1938 qua
3429 1880 3530 1922 nos
3572 1881 3639 1922 ex
3669 1880 3827 1924 more

523 1933 839 1992 miraculum
880 1940 1135 2010 prodidit.
1171 1942 1308 1999 Ecce
1346 1943 1491 2000 enim
1539 1944 1731 2001 mulier
1775 1946 1865 2002 illa
1903 1963 2022 2019 qua:
2057 1964 2116 2007 se

525 2038 723 2083 uncam
767 2031 1062 2089 testabatur
1091 2042 1287 2104 ortam,
1328 2045 1643 2109 erumpente
1680 2038 1749 2094 ab
1785 2041 1959 2098 oculis
1992 2057 2116 2099 san-

525 2117 711 2187 guine,
764 2120 937 2179 visum
1000 2126 1223 2197 recepit.
1278 2128 1428 2185 Tune
1481 2144 1669 2187 omnes
1727 2131 2119 2191 benedixerunt

526 2209 718 2282 Deum,
750 2226 1136 2285 cognoscentes
1165 2218 1365 2290 pariter
1388 2236 1509 2294 qua:
1531 2222 1741 2281 fuerant
1767 2232 1937 2295 gesta.

1071 2329 1297 2392 CAPUT
1337 2333 1570 2394 XLVIII.

588 2494 589 2497 η
658 2417 737 2477 De
764 2420 994 2493 reliquiis
1024 2440 1154 2495 quas
1182 2425 1237 2482 Ν
1241 2428 1461 2484 anninus
1489 2430 1752 2502 presbyter
1775 2430 1980 2489 detulit.

600 2508 878 2569 Nanninus
908 2511 937 2552 ιι
993 2515 1154 2586 igitur
1192 2519 1474 2593 presbyter
1507 2521 1701 2579 domus
1735 2522 2116 2593 Vibriaeensis,

526 2599 775 2673 Martyris
810 2604 973 2677 hujus
1007 2607 1230 2689 gloriosi
1266 2612 1521 2684 reliquias
1559 2615 1835 2688 expetivit,
1873 2630 2004 2689 quas
2051 2630 2120 2672 ex

524 2693 678 2777 jussu
702 2695 845 2753 beati
867 2698 1015 2765 Aviti
1036 2702 1307 2781 pontiﬁcis
1329 2716 1653 2779 assumptas,
1682 2704 1805 2767 cum
1834 2708 2119 2781 psallentis

529 2786 648 2841 tulit
680 2802 848 2859 usque
884 2790 951 2846 ad
990 2792 1264 2859 basilicam
1292 2798 1466 2855 sancti
1495 2798 1759 2870 Ferreoli,
1798 2816 1916 2871 quae
1952 2801 2117 2875 [Adde

528 2877 660 2951 non]
709 2884 896 2951 procul
924 2885 992 2940 ab
1022 2885 1141 2957 ipso
1171 2890 1293 2946 vico
1326 2891 1431 2947 sita
1468 2901 1553 2949 est
1590 2907 1607 2947 :
1652 2900 1709 2949 et
1742 2908 1863 2949 cum
1900 2893 1966 2949 ad
1998 2909 2117 2949 eam

527 2972 888 3043 pervenisset,
942 2991 1081 3035 unus
1124 2992 1191 3035 ex
1244 2986 1620 3054 energumenis
1673 2993 1756 3042 est
1808 2988 2113 3043 mundatus.

526 3067 830 3128 Procedens
860 3080 1039 3130 autem
1068 3075 1370 3146 psallendo,
1408 3094 1530 3136 cum
1569 3080 1636 3137 ad
1659 3082 1962 3138 medianam
1991 3097 2116 3153 per-

528 3162 768 3221 venisset
803 3163 991 3222 horam
1022 3176 1070 3237 α,
1113 3168 1270 3227 hoste
1313 3172 1559 3243 improbo
1582 3175 1784 3234 virtute
1809 3174 1991 3241 Sancti
2020 3174 2114 3234 de-

528 3255 707 3328 pulso,
730 3258 909 3329 puella
930 3260 1035 3317 alia
1056 3272 1278 3333 purgata
1298 3264 1571 3324 discessit.

1095 3397 1322 3457 CAPUT
1361 3401 1546 3461 XLIX.

530 3509 683 3580 Quod
721 3510 785 3569 de
820 3514 1051 3588 ejusdem
1088 3514 1320 3587 reliquiis
1352 3516 1503 3573 multi
1531 3516 1727 3586 inﬁrmi
1759 3520 1931 3575 sanati
1976 3528 2118 3581 sunt.

606 3623 882 3683 Accedens
912 3636 1092 3685 autem
1118 3627 1187 3685 ad
1216 3628 1393 3687 locum
1423 3630 1516 3690 ubi
1542 3630 1861 3699 oratorium,
1893 3633 2034 3705 quod
2064 3634 2120 3690 in

533 3714 791 3777 honorem
819 3719 1005 3778 Sancti
1030 3731 1428 3795 construxerat,
1459 3726 1641 3797 posuit
1668 3726 1785 3784 haec
1814 3727 2037 3798 pignora
2065 3727 2119 3784 in

602 3836 630 3906 ξ
659 3829 810 3906 Golb.
839 3832 1253 3906 a,_Vieturiana.
1276 3835 1471 3906 Laud.,
1499 3838 1789 3895 Victurina.

583 3898 629 3986 ,ξι
667 3902 825 3986 .Alii,
860 3898 1170 3986 Hannigus,
1223 3918 1319 3965 aut
1362 3898 1851 3986 Naningsni’orro
1900 3912 2120 3986 nomine

530 3969 766 4059 γίὺεὶοοὶ
785 3969 1033 4059 Ῡθιετρω
1054 3969 1525 4059 [jrivatemnulgo
1538 3982 2000 4059 yieille-Ijrioude,
2032 3984 2121 4041 hic

530 4040 799 4127 designari
838 4060 1022 4127 censet
1063 4040 1358 4127 Savaroin
1405 4040 1741 4127 originibus
1761 4040 2020 4127 Claram},
2066 4040 2123 4127 et

531 4116 747 4185 quidem
774 4118 993 4176 basilica
1017 4133 1191 4179 exstat
1208 4125 1259 4179 iu
1284 4124 1487 4181 honore
1501 4116 1673 4182 sancti
1704 4124 1943 4181 Ferreoli
1971 4116 2112 4181 haud

530 4190 761 4272 procula
780 4188 956 4272 γριθῇ
976 4193 1186 4249 Brivate
1208 4196 1328 4272 sita.
1346 4196 1843 4272 Verum_Nanninus
1858 4197 2113 4272 reliquias

528 4260 699 4340 sancti
731 4259 987 4340 lulianie
1013 4277 1150 4340 nova
1173 4266 1242 4340 ad
1266 4265 1515 4340 Veterem
1540 4268 1809 4324 Brivatem
1839 4259 2112 4336 deferens.

530 4330 1277 4414 sancti.Ferreoli-ecclesiam
1304 4338 1507 4414 habere
1515 4340 1741 4414 _obviam
1770 4354 1878 4414 non
1899 4340 2068 4410 potuit
2093 4330 2108 4394 Ξ

531 4401 575 4483 si
633 4401 846 4466 quidem
901 4402 1083 4461 Brivas
1116 4406 1262 4462 Nova
1309 4410 1449 4464 inter
1488 4410 1736 4467 Veterem
1781 4401 2021 4467 sita'est
2058 4420 2114 4466 et

2225 1959 2293 2015 ad
2326 1959 2750 2017 benedicendum
2794 1963 3035 2030 evocati,
3089 1960 3264 2017 sancti
3306 1959 3505 2017 Juliani
3542 1961 3820 2031 martyris,

2221 2067 2341 2109 eum
2390 2053 2581 2111 Nicetii
2622 2053 3031 2127 Lugdunensis,
3084 2054 3341 2127 reliquias
3408 2055 3817 2113 collocavimus.

2223 2145 2327 2201 Sed
2371 2162 2479 2203 non
2517 2148 2686 2203 multo
2721 2156 2843 2219 post
2875 2158 3115 2219 tempore
3142 2161 3315 2203 caesus
3344 2147 3662 2214 adveniens,
3692 2148 3823 2204 dum

2218 2236 2580 2311 886-890
2608 2237 2834 2294 fideliter
2859 2238 3154 2293 orationem
3188 2237 3341 2306 fudit,
3372 2238 3549 2294 visum
3582 2238 3827 2307 recipere

2220 2332 2434 2386 meruit.
2467 2329 2683 2387 Memini
2712 2330 2869 2401 hujus
2885 2330 3009 2386 caeci
3028 2330 3079 2386 in
3114 2331 3249 2388 libro
3277 2329 3410 2385 Vita:
3440 2330 3821 2387 sanctiNicetii

2224 2422 2388 2493 (Vita:
2418 2422 2637 2479 Patrum
2666 2440 2783 2496 cap.
2810 2422 2890 2493 8),
2924 2424 3046 2495 quia
3076 2422 3293 2495 dignum
3320 2432 3403 2479 est
3429 2432 3489 2480 ut
3512 2425 3820 2482 communis

2221 2517 2392 2575 virtus
2454 2519 2732 2591 utriusque
2777 2518 2948 2575 sancti
3008 2518 3208 2589 scripta
3269 2517 3489 2590 [Laud.,
3532 2517 3820 2591 scriptura]

2221 2621 2527 2671 connectat.
2578 2612 2720 2685 Ergo
2760 2612 2844 2667 his
2884 2612 3157 2668 miraculis
3200 2614 3371 2668 lector
3417 2613 3706 2669 intendens
3733 2612 3818 2669 in-

2222 2704 2467 2775 telligat,
2530 2719 2639 2760 non
2688 2705 2844 2761 aliter
2891 2704 2995 2760 nisi
3042 2713 3337 2777 martyrum
3382 2705 3816 2778 reliquorumque

2221 2798 2517 2855 amicorum
2544 2799 2635 2855 Dei
2664 2798 2947 2869 adjutoriis
2975 2814 3034 2856 se
3064 2813 3221 2871 posse
3248 2800 3461 2857 salvari.
3494 2800 3608 2872 Ego
3633 2812 3815 2858 autem

2224 2888 2437 2946 Domini
2486 2889 2919 2947 misericordiam
2974 2906 3069 2961 per
3118 2891 3265 2948 beati
3312 2892 3557 2963 martyris
3607 2892 3816 2950 Iuliani

2222 2981 2521 3052 patrocinia
2563 2983 2846 3053 deprecor,
2886 2991 2947 3040 ut
2991 2982 3283 3040 advocatus
3325 2983 3375 3038 in
3402 2984 3575 3040 causis
3598 2984 3813 3040 alumni

2219 3075 2448 3147 proprii,
2484 3089 2665 3133 coram
2696 3076 2925 3133 Domino
2969 3078 3227 3133 assistens
3256 3076 3491 3135 obtineat
3517 3085 3579 3133 ut
3612 3076 3821 3149 absque

2221 3169 2606 3244 impedimento
2642 3172 2865 3229 maculae
2892 3171 3048 3228 ullius
3092 3171 3250 3242 hujus
3279 3173 3404 3229 vitae
3438 3186 3656 3232 cursum
3688 3186 3817 3243 per-

2146 3265 2195 3332 c
2222 3280 2415 3336 agam,
2483 3276 2647 3337 atque
2689 3264 2776 3321 illa
2818 3281 2937 3337 qua:
2982 3268 3258 3341 confessus
3296 3282 3417 3323 sum
3460 3267 3515 3324 in
3553 3264 3817 3338 baptismo

2222 3355 2769 3427 irreprehensibiliter
2824 3367 3069 3431 teneam,
3140 3357 3369 3414 ﬁdeliter
3404 3371 3715 3425 exerceam,
3753 3370 3816 3413 ac

2221 3451 2448 3523 viriliter
2473 3465 2639 3522 usque
2660 3449 2728 3507 ad
2759 3449 3273 3509 consummationem
3303 3450 3464 3522 hujus
3488 3451 3611 3509 vita:
3634 3458 3812 3509 custo-

2222 3542 2390 3600 diam.
2428 3544 2619 3600 Amen.

2298 3636 2528 3712 Explicit
2574 3637 2701 3693 liber
2742 3638 3017 3706 secundus,
3059 3638 3125 3695 de
3156 3635 3339 3695 Gloria
3383 3638 3551 3695 sancti
3578 3636 3815 3710 martyris

2226 3729 2427 3787 Iuliani
2459 3732 2736 3803 peculiaris
2760 3732 2965 3804 patroni
2992 3732 3174 3788 nostri.

2226 3844 2506 3901 ecclesiam
2535 3846 2706 3902 sancti
2755 3845 3019 3903 Ferreoli.
3051 3845 3214 3901 Forte
3244 3842 3589 3901 Vibriacensis
3632 3844 3809 3901 deum

2225 3916 2312 3973 hic
2340 3916 2638 3987 appellatur
2666 3916 2854 3972 Vibrac
2882 3932 2978 3973 seu
3006 3916 3205 3981 Vibrat,
3237 3915 3386 3972 vicus
3413 3916 3663 3973 dimcesis
3688 3915 3809 3973 Cla-

2224 3986 2610 4057 romo’n’tensis,
2633 3996 2725 4043 aut
2745 3997 2893 4044 certe
2926 3987 3109 4043 Vebret
3134 3987 3187 4042 in
3212 3986 3401 4043 eadem
3428 3990 3672 4044 dimcesi.

2297 4068 2319 4097 ο
2343 4059 2432 4115 Sic
2457 4060 2643 4116 Germ.
2677 4069 2733 4116 et
2751 4060 2905 4116 Colb.
2941 4074 2990 4115 c.
3020 4060 3202 4124 Gem.,
3234 4060 3301 4112 ad
3332 4060 3677 4114 meridianam
3696 4074 3815 4127 per-

2224 4132 2438 4186 venisset
2466 4130 2672 4185 lteram.
2702 4130 2895 4188 Caeteri
2923 4146 3045 4187 eum
3078 4130 3250 4201 Edit.,
3280 4133 3607 4201 pervenisset,
3635 4145 3816 4195 coram

2224 4203 2384 4273 hoste.
2418 4202 2567 4271 Sur.,
2590 4204 2762 4273 palam
2793 4206 2970 4258 home.

2293 4272 2320 4311 ἀ
2352 4273 2503 4331 Gem.
2544 4292 2556 4327 :
2592 4272 2909 4345 Veniensque
2935 4276 3002 4329 ad
3032 4290 3143 4328 eum
3174 4289 3303 4330 unus
3331 4275 3521 4332 amisso
3550 4272 3814 4332 oculorum

2222 4360 2333 4402 usu.

534 4509 3813 4571 ΞΜ

1026 4624 1445 4789 sum
1519 4616 1985 4792 GEORGII
2056 4635 2672 4793 i‘lilllillNTII
2747 4634 3292 4794 curatur

1434 4881 2020 4997 EPISCOPI
2098 4883 2921 5049 TUBONENSIS

1562 5078 1567 5084 '
1930 5050 2397 5162 LIBER

548 5232 790 5367 DE
884 5231 1482 5371 GLORIA
1575 5238 2450 5375 BEATOBUM
2537 5238 3729 5381 CONFESSORUM.

1857 5433 2514 5462 CII—*—

1852 5516 2538 5700 ῆβτειεῐαιίο.

558 5734 1009 5815 και-892
1043 5739 1213 5802 Pudet
1262 5744 1537 5818 insipienti
1582 5754 1633 5815 δ,
1685 5744 1919 5817 reprobo
1971 5740 2326 5814 imperitoque
2376 5750 2538 5811 atque
2593 5738 2787 5805 inerti,
2832 5739 2958 5797 illud
3000 5736 3219 5813 aggredi
3272 5742 3416 5814 quod
3470 5753 3579 5801 non
3633 5740 3796 5811 potest

605 5888 631 5921 α
656 5878 851 5956 Laud.,
892 5895 1014 5942 cum
1036 5880 1176 5943 Edit.
1203 5883 1495 5958 plerisque,
1516 5884 1861 5961 insipientem,
1894 5889 2026 5957 ete.,
2048 5882 2102 5942 in
2142 5888 2334 5956 quarto
2361 5893 2508 5936 casu.
2534 5876 2656 5948 Ed.,
2682 5874 2838 5947 infra,
2862 5875 2999 5947 quod
3031 5892 3133 5933 non
3154 5893 3378 5948 possum.
