4072 6346
592 314 707 383 851’
1608 324 1669 382 S.
1710 322 2039 383 GREGORII
2073 320 2385 382 EPISCOPI
2424 323 2857 384 TURONENSIS
3830 330 3955 386 es:

592 444 746 501 Mons
767 442 911 501 enim
939 450 1058 500 erat
1083 441 1135 498 in
1156 440 1472 500 Gabalitano
1498 440 1790 511 territorio,
1817 451 2173 512 cognomento
2198 441 2256 504 Α
2279 448 2360 498 tra
2390 439 2628 496 haereses
2681 440 2803 506 fuit,
2831 438 2923 510 qui
2944 436 3128 496 vivere
3148 452 3211 497 se
3230 446 3356 513 post
3381 440 3629 499 tumulos
3660 454 3949 515 presen-

592 538 826 594 Helanus
849 548 897 607 I,
930 538 1106 593 lacum
1142 537 1345 593 habens
1379 551 1670 607 magnum:
1712 538 1779 591 ad
1825 551 1985 607 quem
2030 546 2182 594 certo
2287 534 2431 589 tibus
2473 532 2763 589 virtutibus
2801 530 3133 588 manifestat.
3182 532 3318 590 Nam
3362 535 3415 591 in
3449 534 3539 592 die
3574 537 3816 592 natalis
3858 537 3945 595 si

594 639 837 699 tempore
876 630 1162 685 multitudo
1200 630 1545 695 rusticorum,
1576 629 1727 696 quasi
1757 627 2012 683 libamina
2041 629 2181 685 lacui
2286 642 2409 684 cum
2458 627 2614 683 multi
2665 626 2862 683 infirmi
2939 627 3237 695 salventur,
3302 630 3665 700 energumeni
3736 640 3941 687 tam

592 722 669 779 illi
699 723 980 789 exhibens,
1015 725 1327 780 linteamina
1374 724 1706 794 projiciebat,
1750 738 1813 778 ac
1845 739 2051 793 pannos
2091 724 2180 793 qui
2286 731 2464 779 rotatu
2522 723 2702 778 valido
2748 737 2843 791 per
2889 731 3058 777 totam
3119 722 3404 779 ecclesiam
3456 725 3930 798 debacchantes,

590 814 658 868 ad
688 829 840 869 usum
870 816 1170 871 vestimenti
1201 818 1369 872 virilis
1404 818 1734 885 praebentur;
1772 818 2013 872 nonnulli
2043 816 2181 873 lana:
2285 824 2342 870 et
2381 815 2547 870 nimio
2587 814 2906 869 confitentes
2945 828 3005 869 se
3039 816 3281 885 torqueri
3320 815 3583 887 cruciatu,
3614 816 3849 873 elevati
3878 820 3930 877 ia

588 908 828 974 vellera;
874 910 1087 979 plurimi
1138 911 1299 967 etiam
1351 912 1550 967 formas
1594 911 1736 966 casei
1780 926 1843 966 ac
1890 926 2050 981 certe,
2094 913 2181 968 vel
2287 923 2431 975 aera,
2473 909 2697 981 lyclmos
2728 908 2915 1001 quiad
2947 908 3185 963 officiunt
3216 909 3435 964 luminis
3460 912 3925 984 succenduntur,

593 1004 765 1072 panis,
800 1003 1147 1074 diversasque
1190 1006 1423 1073 species,
1460 1006 1823 1074 unusquisque
1856 1004 2008 1073 juxta
2038 1004 2179 1060 vires
2285 1020 2445 1060 manu
2472 1004 2815 1060 verberantes
2844 1003 3161 1074 elfringunt;
3196 1005 3263 1060 de
3288 1020 3395 1075 quo
3427 1006 3635 1075 perfusi
3673 1006 3917 1111 liquore,

590 1108 740 1160 suas,
777 1111 897 1163 quas
940 1096 1283 1151 dinumerare
1328 1096 1636 1166 perlongum
1688 1104 1834 1165 puto.
1882 1096 2182 1152 Veniebant
2288 1098 2432 1152 illico
2474 1098 2783 1153 discedente
2813 1097 3081 1161 dtrmone,
3115 1112 3359 1166 persona:
3392 1108 3745 1168 purgantur;
3780 1101 3916 1153 scit-

586 1196 765 1241 antem
814 1204 935 1242 cum
987 1189 1239 1257 plaustris
1283 1202 1469 1259 pntum
1517 1188 1802 1259 cibumque
1846 1189 2176 1261 delerentes,
2286 1206 2391 1261 que
2433 1199 2561 1246 tunc
2599 1192 2825 1260 populus
2865 1199 2944 1245 tot
2991 1190 3235 1246 infirmos
3275 1206 3394 1246 esse
3441 1194 3758 1247 mundatos
3788 1203 3914 1263 quot

587 1286 882 1332 mactantes
946 1280 1231 1347 animalia,
1298 1291 1351 1335 et
1415 1295 1513 1350 per
1580 1280 1813 1335 triduum
1877 1282 2175 1352 epulantes.
2286 1284 2479 1339 viderit
2529 1285 2753 1355 lyclmos
2800 1284 3073 1339 effractns.
3117 1284 3229 1341 Sed
3279 1293 3335 1340 et
3383 1285 3571 1339 omnia
3622 1298 3767 1353 qua:
3816 1286 3912 1341 sub

586 1369 783 1437 Quarta
822 1372 985 1444 895
1022 1383 1203 1429 autem
1248 1375 1358 1440 die,
1401 1391 1522 1430 cum
1571 1376 1847 1433 discedere
1895 1379 2176 1448 deberent,
2289 1375 2491 1453 ditione
2542 1374 2774 1430 basilicas
2823 1372 2946 1444 ejus
2993 1373 3258 1428 habentur
3301 1374 3374 1428 ita
3424 1375 3506 1444 pia
3553 1377 3908 1445 protectione

586 1464 915 1533 anticipabat
954 1481 1047 1521 eos
1087 1476 1375 1535 tempestas
1411 1485 1529 1523 cum
1566 1473 1800 1524 tonitruo
1838 1481 1892 1526 et
1930 1488 2166 1527 corusca-

2286 1474 2592 1530 conservat,
2630 1480 2697 1519 ne
2728 1466 2923 1520 exinde
2958 1466 3247 1535 quidquam
3278 1465 3556 1520 auferatur
3587 1467 3663 1521 ab
3699 1467 3905 1537 aliquo.

590 1554 737 1608 tione
764 1554 971 1620 valida;
1008 1566 1062 1612 et
1104 1559 1156 1612 in
1199 1568 1402 1613 tantttm
1447 1562 1616 1616 imber
1655 1564 1841 1633 ingens
1882 1579 2003 1617 cum
2047 1564 2166 1631 lapi.

2289 1555 2420 1609 Nam
2469 1555 2653 1609 videas
2703 1556 2844 1611 inter
2886 1555 3071 1612 hostes
3128 1558 3340 1625 iniquos
3390 1573 3587 1627 greges
3632 1573 3901 1628 pecorum

586 1640 715 1697 dum
770 1646 1021 1701 violentia
1074 1647 1434 1705 descendebat
1464 1692 1477 1715 ,
1537 1660 1595 1705 ttt
1644 1654 1729 1707 vix
1781 1668 1840 1707 se
1896 1655 2178 1724 quisquam
2283 1648 2759 1718 jumentorumque
2804 1658 2857 1703 εί
2908 1648 3118 1712 ονίυιην
3169 1664 3271 1703 ηεθ
3318 1651 3529 1717 Ι³⁶³¹¹Ῑ¹¹¹τ⁴⁵
3561 1664 3593 1704 ³
3623 1665 3903 1721 ηυοίιυυι

586 1749 773 1791 eorum
828 1748 1038 1807 putaret
1098 1744 1345 1798 evadere.
1409 1742 1499 1799 Sic
1556 1743 1716 1799 ﬁebat
1777 1760 1874 1813 per
1942 1745 2180 1815 singulos
2288 1745 2513 1814 attingi,
2564 1758 2685 1798 cum
2736 1757 2835 1797 vox
2885 1742 3147 1797 sonuerit.
3210 1743 3549 1799 Confessoris
3606 1756 3751 1799 sunt
3796 1748 3900 1801 hac

585 1812 783 1897 annos,
815 1842 869 1887 ei
896 1833 1268 1890 involvebat“;-
1316 1836 1573 1905 insipiens
1612 1836 1839 1905 pnpulus
1887 1837 1937 1889 in
1971 1852 2175 1893 errore.
2212 1839 2257 1898 B
2290 1833 2524 1889 Eusebii.
2555 1833 2720 1903 llojus
2742 1832 2911 1887 sancti
2939 1832 3193 1903 reliquias
3222 1845 3395 1889 mater
3416 1850 3533 1890 mea
3568 1836 3626 1890 in
3654 1838 3899 1895 oratorio

587 1922 715 1977 Post
741 1926 907 1979 multa
938 1940 1064 1979 vero
1096 1938 1354 1996 tempora,
1389 1928 1602 1996 quidam
1635 1932 1887 1983 sacerdos
1916 1945 1979 1985 ex
2002 1929 2179 1985 urbe”
2288 1928 2480 1982 domus
2523 1944 2635 1981 sua:
2676 1926 2893 1981 locavit.
2934 1926 3154 1981 Factum
3196 1938 3276 1983 est
3315 1936 3493 1983 autem
3526 1929 3773 1997 quadam
3817 1933 3896 1987 die

585 2016 702 2085 ipsa
754 2019 1066 2089 episcopatu
1119 2032 1391 2091 assumpto
1448 2023 1677 2077 accessit
1715 2024 1779 2078 ad
1812 2024 2007 2086 locum,
2044 2040 2181 2092 [πω-
2288 2034 2382 2088 per
2413 2022 2644 2073 hiemem
2682 2019 2810 2072 dum
2851 2018 3212 2074 colloculione
3256 2020 3411 2074 hilari
3450 2036 3549 2091 pro
3582 2021 3893 2093 longinqui.

585 2107 890 2177 dicavit-tne
916 2112 1083 2167 turbis
1112 2122 1169 2167 ut
1198 2114 1521 2169 absisterent
1546 2116 1613 2169 ab
1639 2114 1740 2184 his,
1772 2131 1838 2171 ne
1863 2118 2073 2171 cmlesti
2102 2117 2180 2172 ira
2288 2120 2397 2167 tate
2439 2113 2610 2167 noctis
2655 2112 2856 2167 diutius
2896 2120 3025 2167 ante
3062 2112 3261 2179 locum,
3292 2115 3382 2184 qui
3416 2117 3582 2170 multa
3629 2116 3892 2186 lignorum

585 2213 1083 2261 consumerentur:
1124 2208 1217 2262 sed
1266 2222 1598 2279 nequaquam
1644 2209 1761 2278 ejus
1791 2209 2097 2279 praedicatio
2149 2225 2178 2267 a

591 2297 755 2350 cruda
792 2296 1090 2352 rusticitate
1117 2299 1493 2368 recipiebatur.
1524 2300 1673 2355 Tunc
1712 2303 2006 2370 inspirante
2034 2302 2181 2357 Divi-

584 2386 774 2453 nitate,
805 2389 1059 2445 sacerdos
1089 2388 1179 2444 Dei
1212 2392 1485 2446 basilicam
1516 2392 1566 2446 in
1592 2392 1795 2448 honore
1825 2394 1965 2449 beati
1994 2394 2177 2450 llilarii

585 2478 936 2535 Pictaviensis
978 2493 1003 2522 ε
1044 2484 1254 2539 eminus
1297 2485 1365 2540 ab
1411 2500 1504 2540 ora
1556 2487 1729 2556 stagni
1770 2487 2075 2555 aedificavit,
2125 2489 2178 2544 in

590 2586 694 2641 qua
742 2575 995 2643 reliquias
1042 2582 1159 2646 ejus
1210 2578 1428 2645 locavit,
1472 2580 1658 2636 dicens
1706 2584 1941 2653 populo:
1979 2584 2176 2656 Nolite,

584 2662 760 2734 ﬁlioli,
793 2668 956 2722 nolite
987 2683 1207 2737 peccare
1232 2680 1356 2726 ante
1388 2670 1710 2741 Dominum;
1750 2677 1891 2731 nulla
1920 2685 2006 2731 est
2032 2678 2176 2733 enim

586 2756 781 2827 religio
810 2759 861 2813 in
890 2768 1098 2830 stagno.
1132 2763 1306 2819 Nolite
1337 2765 1608 2821 maculare
1653 2766 1860 2824 animas
1887 2777 2092 2825 vestras
2124 2771 2177 2827 in

585 2846 669 2904 his
716 2850 904 2907 ritibus
952 2855 1125 2923 vanis,
1178 2855 1271 2912 sed
1322 2860 1497 2928 potius
1541 2864 1849 2931 cognoscite
1891 2864 2080 2931 Deum,
2120 2874 2177 2922 et

585 2942 765 2997 amicis
790 2943 909 3012 ejus
938 2948 1336 3004 venerationem
1367 2949 1658 3018 impendite
1686 2971 1698 3005 :
1738 2953 1961 3010 adorate
1995 2967 2175 3012 autem

584 3044 826 3089 sanctum
859 3035 1113 3093 Hilarium
1147 3038 1241 3095 Dei
1282 3040 1594 3108 antistitem,
1626 3044 1780 3115 cujus
1809 3045 1894 3102 hic
1935 3048 2176 3117 reliquitc

584 3136 712 3178 sunt
742 3128 1004 3197 cnutlitte;
1045 3130 1159 3201 ipse
1203 3134 1344 3189 enim
1379 3145 1553 3202 potest
1588 3153 1683 3205 pro
1712 3138 1865 3193 vobis
1902 3143 2042 3209 apud
2079 3141 2172 3196 Dei

2283 2213 2433 2261 strue
2462 2204 2791 2274 compositus
2824 2202 3020 2271 fuerat,
3048 2204 3335 2273 resideret,
3370 2206 3573 2261 familia
3614 2206 3732 2277 jam
3760 2208 3887 2263 dor-

2291 2295 2545 2364 mitaote,
2579 2297 2834 2362 surrexit,
2872 2304 2927 2351 et
2955 2310 3014 2350 se
3038 2295 3233 2351 lectulo
3264 2296 3402 2352 haud
3436 2299 3627 2366 procul
3671 2302 3743 2355 ab
3776 2301 3885 2369 ipso

2284 2384 2407 2455 igne
2451 2386 2671 2442 locavit.
2714 2386 3110 2442 Dormientibus
3140 2396 3320 2443 autem
3369 2391 3608 2456 cunctis,
3640 2391 3887 2448 scintilla

2284 2480 2620 2538 flammarum
2659 2478 2726 2534 ad
2756 2478 2933 2536 trabes
2974 2493 3144 2550 usque
3173 2481 3562 2550 conscendunt,
3593 2483 3666 2540 de
3692 2486 3885 2556 quibus

2282 2569 2620 2640 apprehensa
2652 2586 2755 2626 una
2784 2586 2993 2639 earum,
3025 2572 3201 2629 valide
3244 2576 3408 2644 carpit
3440 2576 3689 2632 ﬂammas
3735 2592 3882 2648 spar-

2280 2675 2410 2732 gere
2442 2676 2458 2715 :
2487 2660 2581 2716 sed
2608 2661 2773 2717 credo
2799 2663 2996 2719 virtute
3018 2662 3201 2719 Sancti
3240 2664 3412 2732 illius,
3448 2666 3608 2737 cujus
3635 2667 3878 2739 reliquis:

2284 2753 2595 2824 propinqua:
2636 2764 2813 2823 erant,
2842 2755 3053 2810 flamma
3092 2769 3278 2813 contra
3320 2771 3563 2814 naturam
3593 2760 3876 2818 desursll

2280 2842 2557 2899 incurvata
2598 2857 2961 2917 retorquetur.
3002 2845 3114 2902 Nec
3156 2849 3223 2902 ad
3267 2859 3479 2915 tectum,
3522 2858 3579 2905 ut
3615 2866 3741 2906 mos
3770 2860 3876 2915 est,

2278 2938 2605 3007 extenditur,
2638 2938 2733 2994 sed
2759 2940 3013 2995 deorsum
3054 2941 3171 2997 fluit
3194 2959 3208 3008 ;
3254 2951 3309 2997 ut
3336 2951 3539 3013 putares
3567 2956 3677 2997 non
3705 2943 3878 2999 flam-

2280 3046 2447 3098 mam,
2478 3031 2572 3087 setl
2602 3031 2798 3087 vellera
2829 3032 2966 3087 lana:
2993 3034 3063 3089 de
3090 3036 3245 3091 trabe
3278 3036 3504 3105 pendere
3547 3052 3565 3090 :
3602 3049 3708 3090 uec
3736 3050 3873 3091 exu-

2280 3123 2433 3178 rebat
2474 3124 2701 3190 trabem,
2740 3124 2841 3179 nisi
2885 3133 3088 3179 tantum
3132 3125 3330 3181 ardens
3370 3140 3465 3196 per
3506 3126 3679 3194 ipsam
3708 3140 3868 3197 vaga-

584 3218 1007 3276 misericordiam
1055 3223 1380 3280 intercessor
1426 3230 1697 3283 assistere.
1750 3229 1902 3285 Tunc
1931 3232 2166 3289 homines

2283 3217 2478 3283 batur,
2539 3217 2713 3273 donec
2760 3217 3135 3289 expergefacta
3182 3218 3623 3284 materfamilias,
3677 3220 3871 3274 vocatis

584 3310 893 3377 compuncti
946 3314 1143 3379 corde,
1197 3319 1441 3373 conversi
1491 3331 1616 3375 sunt
1658 3339 1673 3375 :
1713 3330 1771 3377 et
1810 3322 2175 3394 relinquentes

581 3395 783 3465 lacum,
816 3402 993 3454 omnia
1024 3418 1143 3473 qua:
1181 3405 1376 3461 ibidem
1412 3408 1677 3479 projicere
1720 3422 1877 3468 erant
1914 3416 2079 3483 soliti,
2108 3416 2174 3472 ad

583 3496 826 3543 sanctam
880 3491 1152 3550 basilicam
1206 3498 1584 3567 proferebant;
1649 3512 1703 3558 et
1754 3505 1831 3560 sic
1874 3506 1942 3560 ab
1989 3523 2179 3566 errore

582 3590 689 3648 quo
729 3580 891 3637 vincti
930 3583 1136 3641 fuerant
1179 3590 1401 3645 relaxati
1442 3602 1584 3648 sunt.
1637 3593 1742 3651 Sed
1790 3607 1845 3653 et
1886 3608 2175 3670 tempestas

582 3670 837 3745 deinceps
877 3692 907 3732 a
939 3678 1058 3735 loco
1098 3680 1188 3736 illo
1225 3683 1491 3753 prohibita
1527 3698 1637 3755 est;
1682 3706 1783 3746 nec
1818 3693 1957 3749 ultra
1992 3695 2044 3750 in
2075 3699 2175 3754 hac

581 3764 954 3858 solemnitate,
1000 3789 1120 3842 quae
1150 3776 1242 3831 Dei
1283 3791 1417 3845 erat,
1452 3784 1661 3851 nocuit,
1707 3797 1989 3858 postquam
2030 3790 2175 3850 beati

580 3851 917 3918 Confessoris
945 3860 1144 3920 ibidem
1169 3876 1294 3922 sunt
1325 3868 1569 3940 reliquiae
1598 3851 1894 3934 collocatas.

1204 3976 1431 4037 CAPUT
1468 3982 1556 4039 ΙΙΙ.

794 4094 872 4151 De
899 4106 1075 4152 sancto
1104 4097 1322 4156 Eusebio
1355 4100 1671 4160 Vercellemi
1698 4108 1958 4179 episcopo.

649 4204 914 4264 Eusebius
942 4224 1068 4267 vero
1093 4211 1449 4271 Vercellensis
1477 4219 1762 4291 episcopus
1807 4222 1833 4260 ιι
1885 4225 2009 4296 (Au.
2040 4225 2168 4297 570,

577 4295 603 4348 1
631 4298 792 4371 Aug.)
832 4315 1083 4375 magnum
1115 4305 1239 4363 huic
1263 4306 1465 4366 Hilario
1494 4312 1818 4403 adiutorium
1848 4318 2014 4391 896
2039 4295 2173 4380 con;-

648 4475 1200 4561 §Colb._2,.Hila_riu_s.
1218 4486 1363 4543 Clar.
1388 4504 1438 4555 a,
1462 4489 1699 4549 Elarum.
1728 4494 2172 4561 Bad.,Ilelarum:

576 4558 695 4614 quae
717 4563 819 4601 vox
856 4553 907 4604 in
934 4550 1102 4607 Laud.
1126 4556 1321 4612 detrita
1343 4550 1444 4614 est.

648 4614 675 4654 δ
713 4616 769 4699 [ἁ
803 4630 886 4699 est
913 4623 1199 4693 episcopus
1224 4626 1589 4699 Gabalitantts,
1619 4633 1775 4690 hodie
1801 4637 2155 4699 Mimatensis.
2192 4618 2247 4681 Ῐ)

649 4699 673 4728 ο
713 4690 1064 4767 suspicantur
1095 4690 1334 4751 nonnulli
1359 4698 1549 4755 falsum
1578 4690 1740 4759 fuisse
1774 4690 1952 4763 iniltac
1971 4690 2161 4767 Harii;

573 4758 1073 4838 tioneGrcgorium,
1100 4771 1188 4835 qui
1218 4770 1449 4825 Hilarum
1471 4758 1839 4832 Gabalitanum
1871 4796 1990 4834 cum
2018 4758 2159 4838 Hiia-

570 4830 1322 4911 rio_Pictav'eusi_confuderit:
1348 4846 1438 4897 sed
1463 4846 1576 4911 ejus
1600 4849 1676 4901 rei
1702 4830 2156 4911 .mttiini'si'réiiiﬁt

567 4904 851 4990 rationem,
879 4907 979 4989 nisi
1003 4912 1141 4990 quod
1166 4927 1223 4965 re
1247 4915 1357 4979 ipsa
1380 4904 1649 4990 exstiterit
1670 4904 2155 4990 episcopusfiaba:

572 4973 786 5059 litantis,
818 4973 1287 5059 notninellilarus,
1308 4986 1394 5059 qui
1420 4989 1490 5039 ttti
1512 4973 1727 5044 sanctus
1752 4973 1950 5048 coliiur
1964 5012 1976 5059 ;
2009 5000 2153 5052 veri-

566 5044 896 5130 sitniiiusque
918 5050 987 5103 sit
1009 5053 1124 5130 ejus
1152 5044 1337 5130 sancti'
1356 5059 1609 5127 reliquias
1641 5063 1776 5130 apud
1805 5044 2151 5123 Gabalitanos

568 5120 853 5194 esstitisse,
874 5136 1043 5194 quam
1071 5125 1435 5182 Pictaviensis.
1466 5120 1731 5185 Verum-si
1765 5145 1933 5190 sancti
1964 5120 2150 5194 llilarii

568 5185 917 5270 l’ictaviensis
962 5195 1166 5261 aliquot
1210 5198 1449 5268 reliquias
1494 5203 1631 5270 apud
1671 5185 2148 5265 Lem‘aiiéeé'iiih'c'

564 5256 997 5347 ltaltebantur,'_ttt
1018 5256 1218 5347 certum
1243 5256 1408 5347 estex
1434 5256 1600 5347 sani-ti
1626 5256 1977 5347 Ai-enitviii,’
1994 5256 2150 5347 quid:

565 5328 616 5414 ni
639 5339 689 5383 et
712 5334 952 5414 nonnihil
974 5350 1039 5389 ex
1066 5335 1129 5389 iis
1154 5340 1383 5406 potuerit
1404 5342 1646 5414 obtinere
1667 5328 2150 5414 episcovpus'filaha-

566 5397 763 5484 lorum,
790 5406 876 5469 qui
909 5418 1030 5469 eas,
1057 5419 1113 5484 ut
1138 5397 1258 5484 pote
1293 5412 1539 5484 acerrimi
1572 5397 2040 5484 Ιίιιρΐάθὼιῖξᾶτίδ,
2068 5422 2148 5476 in-

562 5468 816 5554 fidelium
844 5468 1227 5554 superstitiosis
1270 5483 1456 5536 ritibus
1501 5468 1835 5553 opposuerit
1865 5468 2145 5554 lieliq'nite

559 5548 888 5623 autem_tnnc
921 5557 973 5596 ut
1002 5547 1284 5623 plurimum
1312 5568 1414 5605 non
1447 5547 1590 5618 ossa,
1615 5557 1708 5610 sed
1738 5568 1938 5622 vestes,
1969 5547 2145 5623 pulvis

560 5611 869 5702 isepulcro
899 5611 1115 5684 erasus,
1148 5622 1324 5675 oleum
1357 5611 1638 5693 lampadis,
1668 5640 1759 5682 aut
1789 5611 2142 5702 quid's'itnile:

556 5678 890 5737 dit-eltantttr.

629 5749 823 5837 d‘lntelr
841 5770 955 5837 eos,
979 5758 1069 5837 qui
1091 5759 1348 5819 adversus
1373 5766 1815 5837 Arianosszeculo
1847 5789 1897 5827 tv
1920 5774 2142 5830 dimica-

555 5832 699 5894 runt,
720 5826 955 5887 celebris
976 5829 1073 5886 fuit
1094 5842 1310 5891 sanctus
1333 5838 1592 5897 Eusebius
1611 5830 1682 5898 ob
1702 5845 1866 5902 animi
1888 5826 2142 5907 constt—atti-

2280 3309 2671 3374 servientibus,
2700 3325 2836 3381 aqua
2859 3311 3197 3381 superposita
3218 3353 3233 3377 ,
3262 3311 3512 3368 restinxit
3542 3312 3866 3378 incendium,

2278 3402 2440 3472 897
2473 3417 2580 3473 qtto
2616 3401 2775 3458 facile
2802 3405 2976 3458 omnis
3000 3403 3194 3460 domus
3233 3404 3446 3461 cunctis
3482 3404 3867 3463 dormientibus

2283 3498 2437 3552 exarl
2467 3494 2750 3566 potuisset,
2779 3496 2827 3553 si
2857 3496 3028 3553 virtus
3054 3494 3206 3554 Beati
3232 3498 3515 3558 defuisset.

2894 3612 3124 3671 CAPUT
3164 3613 3254 3671 IV.

2312 3745 2393 3802 De
2432 3754 2606 3803 uncto
2636 3746 2865 3804 Murrina
2904 3746 3173 3825 Turonij
3204 3751 3463 3825 episcopo,
3509 3760 3561 3810 et
3599 3753 3826 3825 sepulcro

2856 3823 3024 3875 sancti
3053 3820 3282 3877 Gatiam'.

2350 3950 2633 4009 Gatianum
2665 3962 2689 3992 ο
2717 3955 2879 4011 etiam
2909 3957 3220 4028 episcopum
3249 3973 3280 4013 a
3308 3956 3567 4015 Romanis
3608 3961 3859 4032 episcopis

2276 4042 2345 4099 ad
2371 4045 2557 4102 urbem
2584 4046 2905 4103 Turonicam
2935 4051 3306 4105 transmissum
3328 4092 3343 4119 ,
3378 4053 3713 4122 primumque
3752 4052 3858 4108 Tu-

2273 4138 2473 4194 ronicis
2512 4142 2817 4209 pontilicem
2856 4141 3072 4209 datum,
3118 4143 3256 4198 fama
3286 4143 3493 4200 ferente
3518 4145 3856 4216 cognovimus

2275 4231 2426 4303 (Post
2454 4249 2542 4288 an.
2572 4233 2704 4300 250,
2739 4236 2806 4291 l8
2836 4221 3015 4307 Dea).
3056 4237 3140 4293 Ad
3185 4237 3338 4309 cujus
3367 4241 3629 4295 tumulum
3680 4239 3856 4295 beatus

2274 4323 2533 4383 Martinus
2571 4342 2693 4384 cum
2733 4329 2798 4384 ad
2848 4333 3149 4389 orationem
3193 4334 3462 4404 venisset,
3510 4343 3633 4405 post
3669 4334 3856 4390 effusas

2274 4503 2431 4584 tiam,
2451 4519 2661 4584 tuorum
2702 4508 3046 4584 suavitatem,
3071 4520 3124 4566 et
3148 4512 3439 4569 immensos
3475 4511 3703 4578 labores,
3725 4527 3853 4584 quos

2274 4588 2371 4656 pro
2402 4575 2526 4656 ﬁdei
2550 4576 2863 4635 defensione
2888 4575 3160 4637 suSIinuit.
3180 4584 3289 4656 ‘Alii
3322 4596 3614 4656 martyrem
3647 4575 3841 4651 dicunt,

2271 4645 2358 4698 alii
2399 4647 2784 4715 confessorem,
2829 4660 3114 4723 utrumque
3156 4654 3369 4709 titulum
3414 4645 3608 4710 merito
3630 4645 3843 4725 adeptus

2261 4726 2361 4778 est,
2391 4732 2697 4797 quanquam
2736 4737 2857 4797 eum
2889 4735 3007 4797 post
3038 4729 3254 4795 langum
3294 4730 3611 4797 martyrium
3640 4728 3690 4781 in
3728 4741 3847 4795 pace

2259 4788 2528 4854 quievisse
2548 4788 3155 4849 communior'vitleatur'
3165 4811 3286 4851 esse
3304 4788 3543 4852 veterum
3566 4788 3846 4854 sententia.

2258 4858 2341 4930 Ab
2364 4862 2572 4913 Artanis
2594 4873 2768 4917 tamen
2793 4864 3054 4930 lapidibus
3075 4869 3324 4922 obrutum
3346 4880 3400 4923 et
3422 4880 3669 4923 enectum
3697 4870 3846 4925 tradit

2257 4928 2543 5010 ejusﬂitm,
2568 4947 2692 5010 qua;
2711 4934 2761 4986 in
2786 4928 3010 4989 vetustis
3031 4936 3158 4991 Mss.
3182 4941 3438 5003 occurrit,
3462 4952 3669 5006 auctor,
3695 4954 3846 5010 quem

2259 5002 2499 5076 plerique
2530 5008 2696 5055 secuti
2728 5015 2873 5070 sunt,
2904 5012 3138 5062 maxime
3178 5023 3209 5063 e
3245 5002 3669 5076 recentioribusi
3710 5002 3841 5067 idem

2260 5069 2456 5125 habent
2482 5087 2761 5128 sermones
2788 5075 2991 5144 aliquot
3015 5079 3114 5132 sub
3139 5081 3309 5135 sancti
3331 5083 3600 5136 Ambrosii
3636 5069 3839 5138 nomine

2258 5144 2485 5212 vulgati,
2518 5145 2658 5212 quod
2694 5146 2859 5199 veteri
2892 5148 3148 5203 Ecclesiae
3181 5150 3538 5209 Vercellensis
3571 5154 3844 5211 traditione

2257 5210 2547 5291 lirtnatur.'
2571 5216 2644 5291 lle
2682 5214 2765 5270 his
2793 5217 2913 5273 vide
2936 5219 3241 5275 Ferreriutn
3272 5226 3442 5291 episc.
3481 5224 3704 5282 Vercell.
3736 5210 3842 5281 fuse

2254 5289 2311 5335 et
2338 5284 2546 5359 erudite
2576 5286 2953 5353 disserentem,
2990 5292 3078 5359 qui
3110 5293 3275 5347 multa
3302 5284 3371 5350 de
3409 5305 3598 5350 sancto
3624 5296 3841 5351 Eusebio

2254 5362 2307 5433 et
2336 5352 2452 5422 ejus
2480 5358 2882 5433 successoribus
2909 5352 3148 5433 collegit.
3180 5364 3437 5433 Sepultus
3465 5366 3566 5420 fuit
3595 5371 3648 5421 in
3674 5371 3839 5422 eccle-

2254 5424 2334 5504 sia
2362 5426 2842 5504 saneti_'l‘heonesti
2876 5424 3150 5504 martyris,
3185 5424 3305 5503 ιιιιέ
3340 5438 3557 5502 exinde,
3593 5439 3662 5493 ob
3689 5440 3839 5492 mira-

2250 5495 2913 5577 ευΙιηυηιῐτεῳιρειιὶᾳη),
2945 5495 3117 5558 sancti
3138 5495 3361 5560 Eusebii
3393 5495 3682 5565 dictat'fuit.
3717 5508 3838 5577 Ejus

2246 5563 2456 5689 attempt;
2482 5563 2921 5651 Mirty'rulogium
2956 5578 3134 5642 Betim,
3170 5587 3227 5632 et
3263 5580 3393 5647 alia,
3423 5563 3839 5637 commemorans

2288 5651 2335 5689 te
2468 5652 2662 5689 ustus-tt.

2288 5636 2335 5689 ie
2369 5640 2386 5689 l
2420 5636 2662 5708 Augusti.

2323 5714 2345 5741 °
2378 5708 2527 5790 Colb.
2558 5721 2683 5790 tut._,
2716 5713 2857 5790 Vict.
2878 5726 2929 5769 et
2957 5716 3097 5771 Clar.
3126 5735 3225 5785 m.,
3251 5720 3582 5780 Gratianum.
3608 5724 3755 5780 Colb.
3780 5736 3830 5790 a,

2421 5780 2470 5831 h.
2565 5774 2717 5869 liud"
2744 5785 3038 5869 Haliartum.
3062 5774 3286 5869 Clausa,

2248 5848 2385 5905 Bell.
2417 5860 2472 5907 et
2498 5852 2651 5910 Colb.
2684 5848 2737 5927 ί),
2770 5857 2823 5913 in
2845 5858 3047 5933 iudice,
3079 5848 3305 5921 Catiani.
