4094 6556
515 411 581 474 M

1529 398 1586 454 S.
1627 394 1905 453 CYRILLI
1946 382 2417 449 ALEXANDRINI
2454 389 2774 447 ARCHIEP.

3698 389 3771 446 η

516 525 695 584 minus
746 523 933 596 probe,
990 531 1087 575 nec
1135 516 1271 572 citra
1322 515 1510 569 vilium
1564 512 1908 579 intellexerit,
1949 511 2078 581 quid

2199 508 2569 581 ίπιλήπτως,εί
2599 506 2692 561 ἐπὶ
2722 504 2847 563 νοῦν
2871 507 2993 579 ἥκοι
3014 502 3106 561 τὸν
3125 502 3337 576 ἐτέρου,
3360 502 3415 558 τί
3437 503 3499 559 τὸ
3524 501 3769 574 λυποῦνς

514 619 646 676 mali
693 626 794 680 est,
844 615 891 670 si
938 609 992 668 id
1026 625 1134 666 non
1168 608 1321 673 mihi,
1352 608 1445 662 sed
1469 606 1622 661 alteri
1647 607 1700 659 in
1725 612 1959 659 mentem
1990 618 2083 658 ve-

515 708 699 766 nerit?
747 704 996 774 Quinimo
1020 715 1237 766 sensus,
1270 713 1332 753 ac
1353 696 1750 753 declarationes
1780 693 2083 765 complures

513 800 885 869 dilucidasque
939 794 1200 851 adbibere
1255 791 1347 861 qui
1404 790 1617 846 tandem
1663 803 1769 843 non
1822 786 2083 857 praestat?

511 892 666 960 Quod
712 905 837 946 cum
881 887 953 943 ita
999 886 1091 950 sit,
1144 881 1356 938 tametsi
1409 888 1538 935 ante
1584 893 1683 934 nos
1711 892 1815 932 non
1844 877 1999 946 pauci
2028 876 2081 930 in

512 998 701 1041 sacros
780 979 1073 1052 prophetas
1143 973 1563 1031 commentarios
1612 971 1916 1031 ediderunt,
1982 969 2083 1023 hac

515 1076 735 1147 quidem
771 1074 839 1129 de
868 1084 1029 1127 causa
1057 1083 1161 1123 non
1191 1065 1506 1126 tacebimus,
1538 1064 1846 1132 potiusque,
1878 1060 2084 1115 inertia!

518 1166 733 1238 repulsa
783 1164 1032 1238 mollitie,
1080 1173 1241 1228 quam
1290 1157 1442 1210 nobis
1476 1168 1687 1224 quoque
1725 1152 1951 1223 gratiam
1983 1151 2085 1203 im-

514 1230 820 1327 pe'rtiverit,
869 1252 961 1322 qui
994 1230 1258 1321 profunda
1316 1255 1370 1299 et
1402 1244 1610 1299 occulta
1642 1241 1929 1305 illuminat,
1961 1254 2083 1293 eam

516 1349 726 1403 caeteris
768 1346 929 1401 etiam
982 1342 1304 1413 prodemus;
1357 1350 1623 1391 memores
1670 1333 1811 1387 illius
1840 1330 2080 1386 Christi:

523 1456 542 1487 ι
563 1436 747 1492 Gratis
780 1432 1085 1503 accepistis,
1124 1429 1295 1499 gratis
1326 1428 1451 1479 date
1477 1425 1518 1478 ’.
1550 1442 1569 1475 ι
1606 1421 1892 1477 Ordientes
1925 1419 2087 1489 igitur

516 1529 733 1582 beatum
802 1522 1115 1592 prophetam
1169 1516 1364 1572 Oseam
1442 1511 1725 1581 perspicue
1784 1519 2082 1575 exponere,

517 1618 672 1689 prius
714 1614 1025 1669 docebimus
1067 1610 1207 1679 quod
1260 1611 1326 1659 ait
1357 1604 1580 1657 aliorum
1609 1613 1820 1669 quoque
1856 1598 2083 1668 prophe-

519 1723 693 1766 tarum
730 1708 898 1763 libros
934 1705 1186 1776 pertinet.
1222 1699 1335 1755 Mos
1367 1695 1634 1767 siquidem
1678 1692 1981 1747 communis
2005 1696 2088 1743 est

517 1801 780 1865 omnium,
814 1797 967 1851 facile
991 1796 1151 1849 verba
1174 1807 1271 1846 sua
1302 1791 1369 1844 ad
1401 1790 1452 1844 id
1478 1786 1619 1857 quod
1647 1781 1868 1853 Spiritui
1899 1789 2087 1835 sancto

517 1892 723 1964 placuit
755 1887 1167 1944 accommodare
1229 1898 1293 1937 ac
1354 1877 1742 1936 transl‘ormare
1783 1892 1798 1929 :
1850 1880 1907 1926 ut
1951 1885 2087 1925 non-
2119 1872 2159 1929 Β

518 1995 790 2052 nunquam
819 1996 883 2035 ex
921 1977 1183 2043 historia,
1232 1974 1343 2028 sive
1390 1987 1455 2027 ex
1506 1970 1665 2023 rebus
1705 1979 1923 2022 sensum
1966 1978 2084 2017 mo-

518 2075 800 2136 ventibus,
853 2080 908 2125 et
983 2078 1237 2137 tanquam
1320 2064 1372 2117 in
1437 2067 1725 2130 conspectu
1787 2055 1973 2126 positis
2030 2060 2085 2108 et

522 2162 830 2227 transactis,
850 2160 1129 2215 commode
1157 2157 1222 2211 ad
1243 2156 1431 2210 intima
1458 2151 1815 2223 spiritualium
1846 2149 2087 2203 redeant:

527 2266 915 2319 nonnunquam
947 2262 1075 2302 vero
1100 2256 1196 2316 per
1222 2245 1475 2313 ambages
1526 2239 1960 2303 obscurissimas,
2004 2250 2090 2290 res

522 2350 575 2401 in
604 2359 820 2400 sensum
854 2341 1114 2395 cadentes
1146 2339 1441 2405 attingant.
1467 2331 1931 2402 Frequentissime
1964 2329 2089 2381 item

520 2450 784 2509 personas
831 2435 1117 2497 inducunt,
1164 2438 1218 2482 et
1259 2429 1647 2488 lamentantur,
1680 2432 1735 2478 el.
1764 2421 2090 2486 exclamant,

521 2540 574 2584 et
599 2526 996 2597 praeteritorum
1022 2521 1407 2581 meminerunt,
1431 2526 1486 2571 et
1513 2516 1687 2569 futura
1714 2513 2091 2583 praenuntiant.

522 2619 871 2688 Quapropter
911 2612 1124 2684 singula
1167 2610 1316 2665 clare
1364 2619 1418 2663 et
1448 2607 1687 2661 studiose
1714 2604 2093 2668 discernenda,

525 2711 1028 2776 sententiarumque
1078 2704 1236 2767 ordo,
1282 2712 1747 2772 personarumque
1792 2694 2092 2749 dill‘erentia

524 2801 833 2859 necessario
875 2795 1220 2852 observanda
1270 2802 1354 2849 est
1384 2809 1398 2846 :
1430 2793 1513 2846 sic
1554 2789 1697 2844 enim
1747 2788 1927 2858 plane,
1959 2786 2095 2840 citra

522 2892 896 2951 confusionem
965 2898 1019 2945 et
1064 2901 1278 2945 omnem
1344 2885 1566 2941 omnino
1612 2880 1977 2937 diﬂicultatem
2031 2881 2097 2934 de

524 2988 594 3043 iis
645 2999 889 3055 agemus.
940 2982 1149 3051 Opinor
1194 2989 1377 3034 autem
1424 2976 1667 3047 quaedam
1714 2973 1864 3045 prius
1908 2972 2096 3043 expla-

526 3080 729 3145 nanda,
748 3091 865 3146 qua:
882 3072 1178 3129 Israelitico
1201 3068 1465 3141 sanguine
1495 3067 1738 3122 oriundis
1764 3066 2094 3130 acciderunt,

527 3186 596 3227 ne
624 3170 887 3225 lectorum
926 3166 1142 3220 animus
1178 3162 1547 3233 perturbetur,
1591 3159 1716 3213 dum
1754 3171 1897 3211 nunc
1947 3156 2097 3210 audit
2123 3202 2167 3259 υ

2149 3242 2168 3262 Δ

524 3262 804 3333 prraim,
835 3267 888 3313 et
918 3255 1104 3321 Israel,
1152 3264 1315 3324 atque
1362 3253 1527 3309 etiam
1578 3250 1917 3314 Samariam;
1955 3264 2096 3302 nunc

525 3353 747 3419 ludam,
778 3360 834 3406 et
863 3346 1166 3415 Beniamin,
1211 3345 1407 3415 quibus
1447 3340 1725 3397 vocabulis
1769 3340 1912 3396 sacri
1966 3354 2097 3409 pro—

529 3447 705 3517 phetat
771 3440 1102 3499 creberrime
1159 3445 1403 3491 utuntur.
1457 3433 1524 3488 Ut
1586 3432 1753 3502 igitur
1808 3431 2097 3486 manifeste

530 3536 742 3607 singula
776 3534 981 3597 norint,
1022 3530 1324 3586 attendant.
1374 3526 1664 3581 Paternum
1710 3539 1931 3595 regnum
1968 3523 2096 3576 olim

536 3626 932 3698 Hierosolymis
958 3623 1349 3679 administrans
1372 3618 1650 3684 Salomon,
1686 3616 1829 3671 fama
1861 3614 2100 3669 celebra-

529 3734 642 3779 tum
688 3721 816 3775 illud
881 3726 936 3773 et
988 3713 1310 3771 admirabile
1376 3710 1631 3780 templum
1681 3708 1789 3761 Deo
1862 3704 2101 3760 exaediﬁ-

528 3817 692 3872 cavit.
726 3812 830 3879 Qui
864 3808 1113 3880 quamvis
1153 3805 1465 3859 divitiarum
1506 3800 1793 3871 splendore
1847 3807 1903 3852 et
1934 3812 2101 3868 pecu-

532 3909 633 3962 niae
698 3904 853 3974 copia
924 3897 1454 3960 excellentissimus,
1531 3894 1586 3947 in
1639 3897 1915 3946 senectute
1974 3888 2101 3942 dum

528 4009 639 4054 non
691 3995 807 4049 vult
858 3991 1134 4048 ollendere
1182 3986 1453 4049 mulieres,
1507 3984 1672 4038 Deum
1720 3979 1981 4044 olfendit,
2036 3992 2141 4033 eoi

528 4090 692 4147 modo
748 4087 801 4159 3
837 4100 944 4156 quo
998 4096 1158 4138 sacra
1205 4080 1360 4134 nobis
1397 4075 1675 4146 Scriptura
1714 4088 2105 4129 commemora-

530 4184 633 4250 bit,
664 4182 818 4252 cujus
848 4180 963 4233 haec
989 4184 1119 4231 sunt
1147 4172 1311 4228 verba
1339 4188 1353 4226 :
1391 4188 1411 4223 ι
1437 4170 1503 4225 Ει
1539 4183 1629 4223 rex
1662 4167 1936 4223 adamavit
1980 4181 2101 4221 mu-

532 4278 695 4331 lieres
727 4272 1060 4340 alienigenas
1092 4265 1309 4331 multas,
1342 4263 1505 4317 liliam
1531 4275 1746 4331 quoque
1781 4258 2102 4325 Pharaonis,

532 4378 591 4426 et
618 4364 963 4429 Moabitidas,
997 4370 1052 4417 et
1079 4355 1500 4419 Ammonitidas,
1533 4365 1586 4409 et
1612 4354 1885 4419 Sidonias,
1919 4363 1971 4407 et
2002 4351 2109 4407 He-

536 4463 729 4523 thazas,
778 4466 835 4511 et
881 4450 1230 4508 Amorrbaeas
1259 4451 1323 4504 de
1354 4446 1622 4517 gentibus,
1657 4448 1724 4501 de
1749 4446 1945 4516 quibus
1974 4447 2109 4501 dixit

2184 605 2399 660 Μᾶλλον
2429 603 2510 671 δὲ,
2544 601 2662 665 πῶς
2684 603 2786 656 οὐκ
2821 600 3043 673 ἄμεινον
3072 598 3366 674 ἀμφιλαφῆ
3398 596 3497 652 καὶ
3519 598 3769 669 εὐκρινε-

2186 697 2384 769 στέραν
2451 694 2551 767 τὴν
2593 691 2704 748 τῶν
2757 692 3045 764 νοημάτων
3106 690 3357 760 γίνεσθαι
3417 688 3770 761 παράθεσιν;

2187 787 2418 853 Οὐκοῦν,
2458 786 2563 841 κᾶν
2612 787 2662 839 οί
2696 784 2885 838 πολλοὶ
2937 782 3249 853 γεγράφασι
3294 780 3401 854 πρὸ
3442 779 3640 851 ήμῶν,
3699 778 3770 833 τὰ

2186 877 2247 929 ἄν
2305 879 2418 939 τοῖς
2485 872 2663 943 ἁγίοις
2732 872 3041 943 προφήταις
3111 866 3596 941 διερμηνεύοντες,
3648 866 3771 936 οὐχὶ

2183 966 2387 1040 ταύτης
2452 965 2638 1019 ἕνεκεν
2712 964 2812 1033 τῆς
2881 962 3061 1025 αἰτίας
3123 961 3498 1031 σιωπήσομεν.
3564 958 3769 1012 Διωσό-

2188 1059 2330 1131 μεθα
2353 1057 2411 1111 δὲ
2445 1056 2644 1129 μᾶλλον
2675 1055 2751 1119 ὼς
2791 1053 2999 1125 ἀδρανῆ
3030 1053 3121 1106 τὸν
3147 1052 3306 1106 ὃκνον
3328 1091 3343 1114 ,
3372 1052 3467 1105 καί
3495 1051 3671 1121 ήνπερ
3701 1048 3768 1102 ἃν

2185 1152 2279 1206 καὶ
2307 1152 2438 1222 ήμῖν
2468 1150 2647 1212 αὐτοῖς
2696 1146 2903 1218 ἐπιδοίη
2951 1146 3113 1217 χάριν
3158 1148 3187 1199 ὀ
3230 1145 3569 1217 ἀπολάμπων
3594 1142 3768 1215 βαθέα

2186 1242 2281 1295 καὶ
2336 1240 2653 1312 ἀπόκρυφα,
2681 1239 2885 1307 ταύτην
2920 1238 3016 1292 καὶ
3064 1237 3273 1308 ἑτέροις
3322 1236 3563 1307 φανερὰν
3596 1252 3770 1289 κατασ

2189 1336 2476 1406 στήσομεν,
2515 1332 2850 1404 μεμνημένοι
2877 1331 3126 1399 λέγοντος
3153 1329 3249 1383 τοῦ
3294 1330 3533 1401 Χριστοῦ
3555 1345 3570 1361 σ
3607 1347 3625 1379 ι
3656 1331 3769 1380 Δω-

2191 1428 2317 1499 ρεάν
2352 1426 2593 1491 ἐλάόετε,
2634 1424 2843 1496 δωρεὰν
2873 1425 3012 1478 δότε.
3048 1442 3066 1475 ι
3116 1423 3439 1495 Ἀρχόμενος
3464 1423 3642 1476 τοίνυν
3668 1421 3767 1490 τῆς

2187 1520 2264 1581 είς
2292 1518 2379 1571 τὸν
2414 1517 2681 1588 μακάριον
2713 1518 2995 1586 προφήτην
3031 1515 3188 1585 Ὠσηὲ
3218 1513 3421 1583 σαφοῦς
3449 1512 3766 1586 ἑρμηνείας,

2189 1611 2362 1662 ἐκεῖνο
2390 1606 2801 1677 προεκθήσομαι
2828 1606 2922 1658 καὶ
2955 1605 3083 1675 περὶ
3110 1603 3219 1656 τῶν
3258 1602 3430 1658 ἄλλων
3474 1600 3767 1674 προφητῶν

2192 1706 2538 1777 συγγραφῆς.
2600 1705 2763 1768 Ἔθος
2813 1704 2924 1774 γὰρ
2983 1703 3230 1765 ἅπασιν,
3285 1701 3376 1764 οὓς
3423 1700 3489 1754 ἂν
3545 1700 3767 1753 ἕκαστοι

2190 1801 2424 1852 ποιοῖντο
2445 1799 2656 1866 λόγους,
2692 1796 3086 1867 μεταπλάττειν
3117 1792 3352 1856 εὐκόλως
3381 1793 3472 1846 ἐπὶ
3493 1792 3554 1844 τὸ
3579 1790 3770 1845 δοκοῦν

2188 1887 2265 1957 τῷ
2301 1888 2439 1958 ἁγίῳ
2472 1887 2771 1957 Πνεύματι,
2806 1888 2881 1950 ὡς
2930 1885 3061 1937 ποτὲ
3108 1885 3205 1954 μὲν
3254 1884 3317 1935 ὲκ
3360 1882 3457 1952 τῆς
3492 1879 3767 1951 ἱστορίας,

2188 1981 2306 2050 ἦτοι
2333 1980 2441 2032 τῶν
2468 1979 2766 2049 αἰσθητῶν,
2792 1978 2886 2031 καὶ
2911 1976 3072 2030 οίονεί
3104 1992 3221 2037 πως
3251 1976 3307 2027 ἐν
3330 1973 3451 2041 ὕψει
3476 1972 3767 2042 κειμένων,

2189 2072 2283 2123 καὶ
2337 2071 2637 2141 γεγονότων
2685 2070 3027 2142 πραγμάτων
3061 2068 3356 2136 ἀναφοιτᾷν
3408 2065 3646 2128 εὐκόλως
3691 2064 3769 2126 είς

2190 2162 2437 2216 ὲσώτατα
2478 2162 2823 2233 πνευματικά
2846 2177 2861 2194 ο
2899 2159 3028 2213 ποτὲ
3062 2159 3118 2211 δὲ
3147 2154 3213 2213 αὖ
3252 2156 3628 2211 καθικνεῖσθαι
3667 2157 3761 2210 πά-

2190 2252 2292 2316 λιν,
2325 2252 2418 2305 καὶ¹
2452 2252 2585 2305 πολὺ
2605 2252 2671 2324 δὴ
2692 2252 2812 2306 λίαν
2834 2250 3193 2321 ἀσυμφανῶς,
3221 2251 3313 2302 ἐπὶ
3338 2249 3405 2302 τὰ
3439 2250 3495 2301 ὲν
3519 2248 3771 2317 αἰσθήσει

2193 2343 2511 2415 πράγματα.
2561 2343 2794 2411 Πλείστη
2846 2342 2902 2394 δὲ
2938 2342 3036 2411 ὅση
3082 2341 3211 2412 παρ’
3248 2340 3431 2401 αὐτοῖς
3475 2339 3571 2391 καὶ
3594 2339 3627 2407 ή
3657 2336 3773 2387 τῶν

2193 2433 2501 2506 προσώπων
2540 2431 2861 2503 ὲπεισφορά,
2899 2427 3251 2501 σχετλιασμοί
3284 2444 3379 2493 τε,
3415 2426 3510 2479 καὶ
3546 2426 3768 2493 ἀναφω-

2193 2526 2398 2595 νήσεις,
2419 2525 2514 2579 καὶ
2544 2525 2649 2577 τῶν
2670 2524 2771 2596 ήδη
2793 2521 3200 2594 παρῳχηκότων
3237 2521 3271 2591 ἡ
3298 2520 3506 2590 μνήμη,
3537 2517 3631 2571 καὶ
3663 2516 3775 2570 τῶν

2166 2617 2468 2689 ,ἐσομένων
2514 2614 2904 2688 προάγγελσις.
2949 2615 3041 2667 Δεῖ
3083 2612 3150 2684 δὴ
3201 2607 3296 2666 οὖν
3344 2611 3553 2665 ἕκαστα
3584 2606 3773 2677 σαφῶς

2195 2705 2664 2778 φιλοκρινοῦντας,
2695 2706 2786 2759 καὶ
2801 2704 2902 2775 τὴν
2929 2702 3036 2757 τῶν
3059 2702 3348 2774 νοημάτων
3370 2696 3543 2763 τάξιν,
3567 2697 3661 2752 καὶ
3676 2695 3777 2767 τὴν

2193 2799 2303 2853 τῶν
2328 2797 2637 2871 προσώπων
2676 2794 2939 2867 διαφοράν
2977 2792 3293 2863 ἀναγκαίως
3327 2791 3639 2862 ἐπιτηρεῖν⁹
3675 2804 3775 2840 σα-

2197 2889 2302 2961 φὴς
2332 2889 2443 2961 γὰρ
2460 2888 2632 2952 οὕτως
2668 2888 2821 2959 ἡμῖν,
2850 2886 2945 2941 καὶ
2970 2887 3299 2956 ἀσύγχυτος,
3342 2883 3438 2938 καὶ
3459 2881 3779 2953 δυσχερείας

2196 2982 2416 3054 ἀπάσης
2463 2979 2886 3051 ἀπηλλαγμένος
2939 2977 3093 3032 ἔσται
3144 2994 3248 3030 που
3281 2975 3501 3039 πάντως
3540 2975 3569 3028 ὀ
3596 2972 3775 3041 λόγος.

2196 3072 2409 3144 Χρῆναι
2442 3070 2499 3125 δὲ
2533 3069 2938 3141 ὑπολαμϐάνω,
2977 3065 3475 3140 προαφηγήσασθαί
3506 3080 3626 3119 τινα
3666 3063 3782 3116 τῶν

2200 3160 2624 3232 ωμόεΰηκότων
2659 3162 2773 3222 τοῖς
2811 3159 2871 3226 ἐξ
2904 3158 3136 3229 αἵματος
3171 3155 3421 3230 Ἰσραὴλ,
3451 3156 3539 3209 ῐνα
3570 3155 3646 3227 μὴ
3680 3171 3783 3208 τα-

2203 3252 2447 3324 ράττοιτο
2474 3251 2582 3305 τῶν
2612 3248 3007 3321 ἐντευξομένων
3033 3251 3061 3303 ὀ
3092 3246 3241 3314 νοῦς,
3276 3248 3408 3302 ποτὲ
3441 3247 3541 3319 μὲν
3566 3247 3782 3301 ἀκούων

2211 3344 2469 3415 Ἐφραῒμ,
2504 3344 2621 3396 καὶ·
2643 3341 2860 3413 Ἰσραὴλ
2882 3382 2897 3407 ,
2956 3340 3053 3395 καὶ
3098 3340 3280 3412 μέντοι
3319 3341 3415 3394 καὶ
3443 3337 3779 3411 Σαμάρειαν’

2213 3437 2409 3490 Ἰούδαν
2444 3452 2501 3488 τε
2532 3432 2624 3501 αὖ,
2658 3434 2755 3488 καὶ
2800 3432 3076 3503 Βενιαμίν.
3123 3431 3359 3502 Πλείστη
3391 3429 3501 3502 γάρ
3532 3431 3634 3499 ὅση
3671 3428 3784 3481 τῶν

2198 3525 2456 3579 τοιούτων
2500 3524 2779 3593 ὀνομάτων
2821 3520 2970 3592 παρὰ
3014 3521 3125 3584 τοῖς
3175 3520 3352 3589 ἁγίοις
3397 3519 3704 3590 προφήταις
3746 3520 3779 3585 ἡ

2204 3619 2413 3689 μνήμη.
2441 3619 2557 3669 Ἵνα
2586 3616 2765 3668 τοίνυν
2788 3615 2979 3667 είδεῖεν
3009 3613 3217 3667 ἕκαστα
3247 3610 3453 3680 σαφῶς,
3478 3611 3783 3664 ἀκουόντων

2200 3710 2283 3762 ὅτι
2307 3708 2403 3779 τὴν
2430 3708 2524 3760 τοῦ
2553 3706 2757 3778 πατρὸς
2784 3705 3060 3777 βασιλείαν
3090 3706 3368 3776 περιέπων
3392 3703 3531 3757 κατά
3550 3706 3779 3770 καιροὺς

2202 3801 2259 3855 ὲν
2289 3802 2399 3864 τοῖς
2443 3799 2842 3870 Ἱεροσολύμοις
2866 3799 2895 3851 ὀ
2923 3795 3196 3869 Σολομὼν,
3223 3796 3544 3866 ἀνεδείματο
3572 3793 3670 3865 μὲν
3702 3793 3781 3861 τῷ

2203 3889 2323 3961 Θεῷ
2370 3890 2461 3944 τὸν
2507 3890 2790 3961 διαϐόητον
2851 3891 3057 3943 ἐκεῖνον
3104 3891 3197 3943 καὶ
3237 3889 3563 3956 ἀξιάγαστον
3610 3885 3781 3942 νεών.

2218 3983 2377 4039 Ἀλλὰ
2399 3984 2575 4038 καίτοι
2605 3983 2726 4037 λίαν
2750 3981 2991 4053 γεγονὼς
3018 3972 3327 4051 διαπρεπὴς
3350 3979 3439 4032 διά
3462 3996 3521 4031 τε
3554 3977 3786 4033 πλούτου

2204 4077 2595 4151 λαμπρότητα,
2626 4076 2722 4132 καὶ
2752 4074 3072 4145 περιουσίαν
3118 4072 3417 4143 χρημάτων
3441 4112 3458 4137 ,
3503 4072 3584 4135 είς
3611 4072 3789 4144 γῆρας

2206 4168 2507 4241 ἐληλακὼς,
2526 4168 2615 4223 διά
2630 4184 2713 4222 τοι
2732 4168 2832 4239 τὴν
2845 4166 2925 4228 είς
2943 4165 3207 4233 γυναῖκας
3228 4161 3360 4215 αίδὼ
3379 4163 3789 4235 προσκέκρουκε

2205 4266 2285 4337 τῷ
2312 4265 2451 4337 Θεῷ.
2477 4264 2587 4319 Kal
2612 4264 2764 4323 ποῖος
2796 4256 2945 4327 αὐτῷ
2980 4255 3171 4324 γέγονε
3200 4252 3578 4324 πλημμελείας
3606 4256 3636 4307 ό
3660 4257 3788 4327 τρό.

2209 4376 2329 4422 πος,
2363 4358 2426 4411 τὸ
2462 4354 2605 4427 ἱερὸν
2655 4354 2786 4423 ἡμῖν
2819 4348 3167 4419 ἀφηγήσεται
3215 4346 3457 4417 Γράμμα
3478 4364 3492 4378 ο
3538 4347 3652 4417 ἔχει
3680 4349 3789 4418 γὰρ

2208 4450 2400 4510 οὕτως·
2436 4465 2455 4498 ι
2492 4445 2603 4499 Kal
2628 4447 2657 4497 ὀ
2697 4440 2949 4513 βασιλεὺς
2980 4437 3137 4492 ἔλαϐε
3183 4440 3445 4508 γυναῖκας
3480 4437 3789 4508 ἀλλοτρίας,

536 4551 803 4604 Dominus
857 4546 984 4600 (iliis
1042 4541 1250 4599 Israel:
1282 4538 1400 4595 Non
1455 4537 1830 4606 ingrediemini
1881 4537 1947 4589 ad
1992 4551 2099 4600 easl

2214 4537 2307 4591 καὶ
2333 4537 2433 4606 τὴν
2464 4534 2737 4604 θυγατέρα
2777 4530 2973 4602 Φαραὼ
2994 4571 3010 4596 ,
3043 4529 3427 4593 Μωαϐίτιδας,
3473 4530 3792 4599 Ἀμμανίτι-

533 4651 710 4707 neque
750 4637 815 4692 de
858 4634 967 4691 illis
1016 4631 1389 4702 ingredientur
1440 4628 1509 4682 ad
1556 4634 1784 4689 vestras,
1838 4639 1904 4679 ne
1950 4623 2111 4678 inelio

536 4739 670 4786 nent
704 4728 868 4783 corda
899 4735 1081 4780 vestra
1107 4731 1232 4794 post
1260 4719 1401 4776 idola
1443 4732 1562 4773 sua.
1600 4715 1696 4771 His
1727 4730 1912 4770 amore
1941 4729 2109 4784 copu-

534 4820 680 4877 latus
726 4824 811 4873 est
868 4812 1145 4870 Salomon.
1198 4811 1264 4866 Et
1310 4816 1467 4865 erant
1503 4806 1554 4862 ei
1596 4820 1793 4862 uxores
1843 4804 2111 4874 principes

540 4909 922 4980 septingenta,
955 4913 1011 4959 et
1046 4902 1362 4959 concubinae
1397 4906 1669 4954 trecentae.
1710 4897 1779 4952 Et
1820 4897 1994 4949 lactus
2029 4903 2113 4948 est

541 5003 598 5059 in
633 5010 878 5069 tempore
911 4993 1206 5053 senectutis
1235 4992 1514 5055 Salomon,
1544 4998 1599 5044 et
1622 4988 1957 5042 declinarunt
1994 4999 2115 5037 mu-

539 5095 702 5147 lieres
730 5086 1045 5155 alienigenae
1076 5096 1170 5138 cor
1197 5081 1318 5152 ejus
1348 5089 1470 5150 post
1497 5078 1628 5133 deos
1659 5075 1889 5140 alienos,
1920 5082 1975 5128 et
2005 5090 2108 5129 non

538 5191 659 5237 erat
680 5195 775 5236 cor
800 5178 916 5249 ejus
945 5175 1243 5248 perfectum
1276 5188 1398 5229 cum
1431 5172 1658 5227 Domino
1690 5170 1800 5224 Deo
1822 5183 1942 5234 suo,
1972 5169 2111 5225 sicut

540 5288 638 5331 cor
670 5271 837 5327 David
873 5270 1044 5342 patris
1073 5267 1213 5338 ejus.
1262 5265 1331 5319 Et
1361 5262 1653 5318 ambulavit
1691 5260 1947 5316 Salomon
1988 5269 2112 5333 post

541 5367 798 5422 Astarten
838 5358 1293 5417 abominationem
1341 5354 1713 5418 Sidoniorum,
1746 5359 1800 5407 et
1832 5363 1952 5421 post
1984 5350 2115 5405 Baal

544 5460 747 5517 idolum
794 5455 1027 5511 ﬁliorum
1070 5453 1323 5507 Ammon.
1362 5448 1429 5503 Et
1462 5445 1591 5503 fecit
1620 5446 1874 5501 Salomon
1915 5446 2113 5501 malum

544 5563 729 5605 curam
783 5543 1035 5607 Domino,
1080 5549 1136 5595 et
1178 5554 1286 5595 non
1322 5537 1615 5593 ambulavit
1656 5544 1777 5607 post
1807 5534 2113 5601 Dominum,

544 5650 608 5697 ut
653 5635 822 5692 David
867 5643 1023 5703 pater
1046 5632 1185 5704 ejus.
1215 5630 1368 5687 Tunc
1395 5629 1683 5685 aedificavit
1718 5627 1976 5684 Salomon
2014 5641 2114 5684 ex-

618 5814 641 5845 ¹
673 5810 862 5865 Malth.
889 5824 944 5873 κ,
972 5808 1026 5863 8.

2213 4628 2308 4690 δας
2333 4669 2346 4691 ,
2374 4625 2549 4698 Σύρας
2570 4665 2585 4690 ,
2613 4624 2708 4677 καὶ
2749 4621 3052 4692 Ἰδουμαίας
3072 4662 3087 4683 ,
3116 4622 3382 4684 Χετταίας
3404 4662 3419 4683 ,
3453 4620 3545 4673 καὶ
3590 4620 3790 4694 Ἄμορ-

2218 4717 2399 4790 ραίας,
2434 4716 2499 4769 ὲκ
2526 4714 2635 4767 τῶν
2682 4713 2853 4767 ὲθνῶν
2901 4705 2976 4765 ὧν
3024 4713 3225 4766 ἀπεῖπε
3268 4710 3473 4781 Κύριος
3516 4713 3629 4775 τοῖς
3655 4713 3790 4775 υίοίς

2228 4803 2463 4877 ἰσραήλο
2494 4800 2612 4857 Οὐκ
2633 4800 3005 4855 εἰσελεύσεσθε
3035 4801 3116 4865 εἰς
3141 4800 3359 4863 αὐτοὺς,
3395 4802 3487 4855 καὶ
3509 4800 3662 4856 αὐτοὶ
3688 4801 3790 4855 οὐκ

2216 4895 2615 4951 εἰσελεύσονται
2640 4897 2719 4958 είς
2743 4894 2910 4965 ὑμᾶς,
2944 4892 3030 4946 ἵνα
3068 4892 3144 4963 μὴ
3184 4890 3473 4945 ὲκκλίνωσι
3519 4893 3620 4956 τὰς
3651 4910 3790 4964 καρ-

2216 4988 2335 5051 δίας
2379 4986 2535 5059 ὑμῶν
2578 4986 2752 5041 ὀπίσω
2799 4984 2909 5039 τῶν
2967 4983 3203 5039 εἰδώλων
3250 4982 3453 5037 αὐτῶν·
3491 4985 3571 5048 είς
3622 4984 3791 5048 αὑτὰς

2215 5078 2479 5151 ἐκολλήθη
2512 5076 2793 5148 Σολομὼν,
2828 5074 2922 5130 τοῦ
2965 5075 3272 5146 ἀγαπῆσαι.
3312 5075 3423 5128 Kal
3455 5070 3593 5147 ἦσαν
3641 5076 3790 5146 αὐτῷ

2214 5174 2470 5243 γυναῖκες
2499 5170 2760 5240 ἄρχουσαι
2784 5167 3125 5227 ἑπτακόσιαι,
3158 5166 3252 5219 καὶ
3275 5164 3544 5219 παλλακαὶ
3574 5167 3792 5237 τριακό-

2218 5281 2349 5318 σιαι.
2381 5262 2490 5315 Kal
2514 5261 2745 5331 ἐγενήθη
2777 5260 2835 5312 ἐν
2857 5257 2934 5329 τῷ
2956 5257 3135 5328 ’καιρῷ
3172 5258 3361 5328 γήρως
3399 5255 3668 5325 Σολομὼν,
3699 5257 3792 5309 καὶ

2210 5353 2490 5420 ἐξέκλιναν
2519 5354 2575 5405 αί
2606 5352 2862 5420 γυναῖκες
2882 5350 2938 5401 αί
2961 5348 3237 5419 ἀλλότριαι
3261 5346 3361 5418 τὴν
3383 5346 3611 5418 καρδίαν
3629 5347 3794 5399 αὐτοῦ

2212 5444 2388 5498 ὀπίσω
2418 5439 2555 5496 θεῶν
2576 5442 2800 5513 ἑτέρων.
2831 5440 2941 5494 Kal
2972 5440 3071 5493 οὐκ
3096 5434 3166 5510 ἦν
3205 5441 3241 5509 ή
3281 5437 3477 5509 καρδία
3507 5437 3672 5490 αὐτοῦ
3703 5455 3790 5489 τε⁶

2212 5535 2333 5589 λεία
2370 5533 2507 5605 μετά
2546 5533 2753 5605 Κυρίου
2794 5531 2888 5585 τοῦ
2918 5529 3051 5583 Θεοῦ
3082 5528 3247 5584 αὐτοῦ
3270 5568 3285 5593 ,
3316 5525 3498 5590 καθὼς
3535 5529 3568 5598 ὴ
3597 5518 3793 5598 καρδία

2214 5625 2376 5680 Δασὶδ
2421 5623 2515 5678 τοῦ
2571 5623 2777 5694 πατρὸς
2838 5619 3025 5677 αὐτοῦ.
3070 5618 3183 5673 Kal
3230 5614 3497 5688 ἐπορεύθη
3543 5613 3796 5688 Σολομὼν
