  <div class='ocr_page' id='page_1' title='image "/cluster/home/n/w/nwhite01/storage/ocr_20150623/71/hvd.32044019207885/014.png"; bbox 0 0 4094 6552; ppageno 0'>
   <div class='ocr_carea' id='block_1_1' title="bbox 300 427 3555 495">
    <p class='ocr_par' dir='ltr' id='par_1_1' title="bbox 300 427 3555 495">
     <span class='ocr_line' id='line_1_1' title="bbox 300 427 3555 495; baseline -0.003 -2"><span class='ocrx_word' id='word_1_1' title='bbox 300 437 365 493; x_wconf 66' lang='lat' dir='ltr'><strong>lli</strong></span> <span class='ocrx_word' id='word_1_2' title='bbox 1211 433 1766 495; x_wconf 75' lang='lat' dir='ltr'><strong>COMMENTARIUS</strong></span> <span class='ocrx_word' id='word_1_3' title='bbox 1801 435 1872 492; x_wconf 77' lang='lat' dir='ltr'><strong>IN</strong></span> <span class='ocrx_word' id='word_1_4' title='bbox 1908 433 2136 493; x_wconf 77' lang='lat' dir='ltr'><strong>OSEAM</strong></span> <span class='ocrx_word' id='word_1_5' title='bbox 2175 432 2618 492; x_wconf 77' lang='lat' dir='ltr'><strong>PROPHETAM.</strong></span> <span class='ocrx_word' id='word_1_6' title='bbox 3487 427 3555 484; x_wconf 72' lang='grc' dir='ltr'>Η</span> 
     </span>
    </p>
   </div>
   <div class='ocr_carea' id='block_1_2' title="bbox 294 541 1881 619">
    <p class='ocr_par' dir='ltr' id='par_1_2' title="bbox 294 545 1875 619">
     <span class='ocr_line' id='line_1_2' title="bbox 294 545 1875 619; baseline 0.001 -19"><span class='ocrx_word' id='word_1_7' title='bbox 294 545 469 601; x_wconf 79' lang='grc' dir='ltr'>ὀπίσω</span> <span class='ocrx_word' id='word_1_8' title='bbox 516 545 616 616; x_wconf 83' lang='grc' dir='ltr'>τῆς</span> <span class='ocrx_word' id='word_1_9' title='bbox 679 545 976 618; x_wconf 73' lang='grc' dir='ltr'><strong>Ἀστάρτης</strong></span> <span class='ocrx_word' id='word_1_10' title='bbox 1031 547 1398 619; x_wconf 75' lang='grc' dir='ltr'>βδελύγματος</span> <span class='ocrx_word' id='word_1_11' title='bbox 1449 549 1750 616; x_wconf 78' lang='grc' dir='ltr'><strong>Σιδωνίων,</strong></span> <span class='ocrx_word' id='word_1_12' title='bbox 1780 551 1875 603; x_wconf 77' lang='grc' dir='ltr'>καὶ</span> 
     </span>
    </p>
   </div>
   <div class='ocr_carea' id='block_1_3' title="bbox 1986 541 3554 619">
    <p class='ocr_par' dir='ltr' id='par_1_3' title="bbox 1986 541 3554 605">
     <span class='ocr_line' id='line_1_3' title="bbox 1986 541 3554 605; baseline -0.003 -3"><span class='ocrx_word' id='word_1_13' title='bbox 1986 550 2182 604; x_wconf 86' lang='lat' dir='ltr'><strong>celsum</strong></span> <span class='ocrx_word' id='word_1_14' title='bbox 2231 549 2466 602; x_wconf 73' lang='lat' dir='ltr'><strong>(ibatnos</strong></span> <span class='ocrx_word' id='word_1_15' title='bbox 2501 546 2645 600; x_wconf 83' lang='lat' dir='ltr'><strong>idolo</strong></span> <span class='ocrx_word' id='word_1_16' title='bbox 2689 541 2862 605; x_wconf 73' lang='lat' dir='ltr'><strong>Moab,</strong></span> <span class='ocrx_word' id='word_1_17' title='bbox 2893 553 2942 596; x_wconf 89' lang='lat' dir='ltr'><strong>et</strong></span> <span class='ocrx_word' id='word_1_18' title='bbox 2975 541 3100 597; x_wconf 86' lang='lat' dir='ltr'><strong>Baal</strong></span> <span class='ocrx_word' id='word_1_19' title='bbox 3137 542 3280 599; x_wconf 85' lang='lat' dir='ltr'><strong>idolo</strong></span> <span class='ocrx_word' id='word_1_20' title='bbox 3314 541 3554 598; x_wconf 85' lang='lat' dir='ltr'><strong>ﬁliorum</strong></span> 
     </span>
    </p>
   </div>
   <div class='ocr_carea' id='block_1_4' title="bbox 295 638 1876 714">
    <p class='ocr_par' dir='ltr' id='par_1_4' title="bbox 295 638 1876 714">
     <span class='ocr_line' id='line_1_4' title="bbox 295 638 1876 714; baseline 0.003 -22"><span class='ocrx_word' id='word_1_21' title='bbox 295 639 468 693; x_wconf 81' lang='grc' dir='ltr'>ὀπίσω</span> <span class='ocrx_word' id='word_1_22' title='bbox 499 638 591 692; x_wconf 85' lang='grc' dir='ltr'>τοῦ</span> <span class='ocrx_word' id='word_1_23' title='bbox 623 640 799 704; x_wconf 83' lang='grc' dir='ltr'>Βάαλ,</span> <span class='ocrx_word' id='word_1_24' title='bbox 828 639 1046 694; x_wconf 88' lang='grc' dir='ltr'>εἰδώλου</span> <span class='ocrx_word' id='word_1_25' title='bbox 1079 641 1214 694; x_wconf 85' lang='grc' dir='ltr'>υἱῶν</span> <span class='ocrx_word' id='word_1_26' title='bbox 1261 642 1461 713; x_wconf 80' lang='grc' dir='ltr'>Ἀμών.</span> <span class='ocrx_word' id='word_1_27' title='bbox 1494 643 1606 696; x_wconf 82' lang='grc' dir='ltr'>Καὶ</span> <span class='ocrx_word' id='word_1_28' title='bbox 1651 643 1876 714; x_wconf 85' lang='grc' dir='ltr'>ἐποίησε</span> 
     </span>
    </p>
   </div>
   <div class='ocr_carea' id='block_1_5' title="bbox 297 728 1879 804">
    <p class='ocr_par' dir='ltr' id='par_1_5' title="bbox 297 728 1879 804">
     <span class='ocr_line' id='line_1_5' title="bbox 297 728 1879 804; baseline 0.003 -23"><span class='ocrx_word' id='word_1_29' title='bbox 297 728 548 800; x_wconf 85' lang='grc' dir='ltr'>Σολομὼν</span> <span class='ocrx_word' id='word_1_30' title='bbox 578 730 639 782; x_wconf 82' lang='grc' dir='ltr'>τὸ</span> <span class='ocrx_word' id='word_1_31' title='bbox 661 731 893 801; x_wconf 79' lang='grc' dir='ltr'>πονηρὸν</span> <span class='ocrx_word' id='word_1_32' title='bbox 915 731 1144 785; x_wconf 86' lang='grc' dir='ltr'>ἐνώπιον</span> <span class='ocrx_word' id='word_1_33' title='bbox 1171 733 1496 804; x_wconf 70' lang='grc' dir='ltr'>Κυρίου,καὶ</span> <span class='ocrx_word' id='word_1_34' title='bbox 1519 733 1618 786; x_wconf 78' lang='grc' dir='ltr'>οὐκ</span> <span class='ocrx_word' id='word_1_35' title='bbox 1646 733 1879 804; x_wconf 82' lang='grc' dir='ltr'>ἐπορεύ-</span> 
     </span>
    </p>
   </div>
   <div class='ocr_carea' id='block_1_6' title="bbox 297 819 1879 894">
    <p class='ocr_par' dir='ltr' id='par_1_6' title="bbox 297 819 1879 894">
     <span class='ocr_line' id='line_1_6' title="bbox 297 819 1879 894; baseline 0.003 -22"><span class='ocrx_word' id='word_1_36' title='bbox 297 819 363 891; x_wconf 82' lang='grc' dir='ltr'><strong>θη</strong></span> <span class='ocrx_word' id='word_1_37' title='bbox 405 820 581 874; x_wconf 81' lang='grc' dir='ltr'>ὀπίσω</span> <span class='ocrx_word' id='word_1_38' title='bbox 632 821 837 891; x_wconf 83' lang='grc' dir='ltr'>Κυρίου</span> <span class='ocrx_word' id='word_1_39' title='bbox 861 861 874 884; x_wconf 89' lang='grc'><strong>,</strong></span> <span class='ocrx_word' id='word_1_40' title='bbox 909 821 984 886; x_wconf 82' lang='grc' dir='ltr'><strong>ὡς</strong></span> <span class='ocrx_word' id='word_1_41' title='bbox 1029 823 1194 875; x_wconf 75' lang='grc' dir='ltr'>Δαόὶδ</span> <span class='ocrx_word' id='word_1_42' title='bbox 1227 824 1255 875; x_wconf 99' lang='lat'><strong>6</strong></span> <span class='ocrx_word' id='word_1_43' title='bbox 1298 823 1481 894; x_wconf 79' lang='grc' dir='ltr'>πατὴρ</span> <span class='ocrx_word' id='word_1_44' title='bbox 1519 823 1707 877; x_wconf 82' lang='grc' dir='ltr'>αὐτοῦ.</span> <span class='ocrx_word' id='word_1_45' title='bbox 1747 825 1879 878; x_wconf 86' lang='grc' dir='ltr'>Τότε</span> 
     </span>
    </p>
   </div>
   <div class='ocr_carea' id='block_1_7' title="bbox 297 910 1879 987">
    <p class='ocr_par' dir='ltr' id='par_1_7' title="bbox 297 910 1879 987">
     <span class='ocr_line' id='line_1_7' title="bbox 297 910 1879 987; baseline 0.003 -24"><span class='ocrx_word' id='word_1_46' title='bbox 297 911 614 982; x_wconf 79' lang='grc' dir='ltr'>ᾠκοδόμησε</span> <span class='ocrx_word' id='word_1_47' title='bbox 639 910 888 981; x_wconf 83' lang='grc' dir='ltr'>Σολομὼν</span> <span class='ocrx_word' id='word_1_48' title='bbox 915 912 1116 983; x_wconf 73' lang='grc' dir='ltr'>ὑψηλὸν</span> <span class='ocrx_word' id='word_1_49' title='bbox 1136 913 1213 983; x_wconf 81' lang='grc' dir='ltr'><strong>τῷ</strong></span> <span class='ocrx_word' id='word_1_50' title='bbox 1237 913 1445 984; x_wconf 83' lang='grc' dir='ltr'>Χαμὼς</span> <span class='ocrx_word' id='word_1_51' title='bbox 1464 915 1664 987; x_wconf 79' lang='grc' dir='ltr'><strong>εἰδώλῳ</strong></span> <span class='ocrx_word' id='word_1_52' title='bbox 1685 916 1879 979; x_wconf 69' lang='lat' dir='ltr'><strong>Muide,</strong></span> 
     </span>
    </p>
   </div>
   <div class='ocr_carea' id='block_1_8' title="bbox 297 1001 1882 1080">
    <p class='ocr_par' dir='ltr' id='par_1_8' title="bbox 297 1001 1882 1080">
     <span class='ocr_line' id='line_1_8' title="bbox 297 1001 1882 1080; baseline 0.003 -24"><span class='ocrx_word' id='word_1_53' title='bbox 297 1003 393 1056; x_wconf 72' lang='grc' dir='ltr'>καὶ</span> <span class='ocrx_word' id='word_1_54' title='bbox 425 1001 502 1072; x_wconf 82' lang='grc' dir='ltr'>τῷ</span> <span class='ocrx_word' id='word_1_55' title='bbox 535 1003 680 1056; x_wconf 82' lang='grc' dir='ltr'>Βάαλ</span> <span class='ocrx_word' id='word_1_56' title='bbox 717 1003 921 1075; x_wconf 78' lang='grc' dir='ltr'><strong>εἰδώλῳ</strong></span> <span class='ocrx_word' id='word_1_57' title='bbox 965 1005 1094 1057; x_wconf 86' lang='grc' dir='ltr'>υἰῶν</span> <span class='ocrx_word' id='word_1_58' title='bbox 1135 1004 1334 1077; x_wconf 81' lang='grc' dir='ltr'>Ἀμὼν,</span> <span class='ocrx_word' id='word_1_59' title='bbox 1367 1007 1463 1060; x_wconf 73' lang='grc' dir='ltr'>καὶ</span> <span class='ocrx_word' id='word_1_60' title='bbox 1498 1010 1564 1078; x_wconf 81' lang='grc' dir='ltr'>τῇ</span> <span class='ocrx_word' id='word_1_61' title='bbox 1611 1008 1882 1080; x_wconf 83' lang='grc' dir='ltr'>Ἀστάρτῃ</span> 
     </span>
    </p>
   </div>
   <div class='ocr_carea' id='block_1_9' title="bbox 301 1092 1881 1170">
    <p class='ocr_par' dir='ltr' id='par_1_9' title="bbox 301 1092 1881 1170">
     <span class='ocr_line' id='line_1_9' title="bbox 301 1092 1881 1170; baseline 0.006 -27"><span class='ocrx_word' id='word_1_62' title='bbox 301 1092 631 1162; x_wconf 80' lang='grc' dir='ltr'>βδελύγματι</span> <span class='ocrx_word' id='word_1_63' title='bbox 687 1095 977 1152; x_wconf 87' lang='grc' dir='ltr'>Σιδωνίων.</span> <span class='ocrx_word' id='word_1_64' title='bbox 1037 1097 1146 1151; x_wconf 72' lang='grc' dir='ltr'>Καὶ</span> <span class='ocrx_word' id='word_1_65' title='bbox 1189 1097 1362 1162; x_wconf 76' lang='grc' dir='ltr'>οὕτως</span> <span class='ocrx_word' id='word_1_66' title='bbox 1405 1101 1631 1170; x_wconf 84' lang='grc' dir='ltr'>ἐποίησε</span> <span class='ocrx_word' id='word_1_67' title='bbox 1679 1102 1881 1164; x_wconf 83' lang='grc' dir='ltr'>πάσαις</span> 
     </span>
    </p>
   </div>
   <div class='ocr_carea' id='block_1_10' title="bbox 296 1186 1882 1262">
    <p class='ocr_par' dir='ltr' id='par_1_10' title="bbox 296 1186 1882 1262">
     <span class='ocr_line' id='line_1_10' title="bbox 296 1186 1882 1262; baseline 0.006 -27"><span class='ocrx_word' id='word_1_68' title='bbox 296 1186 418 1247; x_wconf 83' lang='grc' dir='ltr'>ταῖς</span> <span class='ocrx_word' id='word_1_69' title='bbox 474 1186 718 1252; x_wconf 72' lang='grc' dir='ltr'>γυναιξὶν</span> <span class='ocrx_word' id='word_1_70' title='bbox 769 1187 933 1240; x_wconf 82' lang='grc' dir='ltr'>αὑτοῦ</span> <span class='ocrx_word' id='word_1_71' title='bbox 988 1190 1111 1251; x_wconf 89' lang='grc' dir='ltr'>ταῖς</span> <span class='ocrx_word' id='word_1_72' title='bbox 1154 1189 1494 1260; x_wconf 79' lang='grc' dir='ltr'>ἀλλοτρίαις,</span> <span class='ocrx_word' id='word_1_73' title='bbox 1548 1192 1604 1244; x_wconf 85' lang='grc' dir='ltr'><strong>αἳ</strong></span> <span class='ocrx_word' id='word_1_74' title='bbox 1645 1192 1882 1262; x_wconf 83' lang='grc' dir='ltr'>ἐθυμίων</span> 
     </span>
    </p>
   </div>
   <div class='ocr_carea' id='block_1_11' title="bbox 300 1277 1883 1353">
    <p class='ocr_par' dir='ltr' id='par_1_11' title="bbox 300 1277 1883 1353">
     <span class='ocr_line' id='line_1_11' title="bbox 300 1277 1883 1353; baseline 0.004 -26"><span class='ocrx_word' id='word_1_75' title='bbox 300 1277 396 1328; x_wconf 71' lang='grc' dir='ltr'>καὶ</span> <span class='ocrx_word' id='word_1_76' title='bbox 430 1277 583 1329; x_wconf 80' lang='grc' dir='ltr'>έθυον</span> <span class='ocrx_word' id='word_1_77' title='bbox 613 1281 724 1341; x_wconf 83' lang='grc' dir='ltr'>τοῖς</span> <span class='ocrx_word' id='word_1_78' title='bbox 775 1279 1014 1343; x_wconf 80' lang='grc' dir='ltr'><strong>εἰδώλοις</strong></span> <span class='ocrx_word' id='word_1_79' title='bbox 1061 1281 1259 1335; x_wconf 78' lang='grc' dir='ltr'>αὐτῶν.</span> <span class='ocrx_word' id='word_1_80' title='bbox 1290 1283 1398 1335; x_wconf 71' lang='grc' dir='ltr'>Καὶ</span> <span class='ocrx_word' id='word_1_81' title='bbox 1448 1283 1690 1353; x_wconf 79' lang='grc' dir='ltr'><strong>ὠργίσθη</strong></span> <span class='ocrx_word' id='word_1_82' title='bbox 1727 1283 1883 1352; x_wconf 83' lang='grc' dir='ltr'><strong>θυμῷ</strong></span> 
     </span>
    </p>
   </div>
   <div class='ocr_carea' id='block_1_12' title="bbox 301 1367 1884 1444">
    <p class='ocr_par' dir='ltr' id='par_1_12' title="bbox 301 1367 1884 1444">
     <span class='ocr_line' id='line_1_12' title="bbox 301 1367 1884 1444; baseline 0.005 -25"><span class='ocrx_word' id='word_1_83' title='bbox 301 1367 503 1438; x_wconf 80' lang='grc' dir='ltr'>Κύριος</span> <span class='ocrx_word' id='word_1_84' title='bbox 523 1369 616 1421; x_wconf 74' lang='grc' dir='ltr'><strong>ἐπὶ</strong></span> <span class='ocrx_word' id='word_1_85' title='bbox 632 1369 939 1439; x_wconf 86' lang='grc' dir='ltr'>Σολομῶνα,</span> <span class='ocrx_word' id='word_1_86' title='bbox 959 1373 1040 1424; x_wconf 86' lang='grc' dir='ltr'><strong>ὅτι</strong></span> <span class='ocrx_word' id='word_1_87' title='bbox 1067 1373 1306 1436; x_wconf 77' lang='grc' dir='ltr'><strong>ἐξέκλινε</strong></span> <span class='ocrx_word' id='word_1_88' title='bbox 1333 1375 1545 1444; x_wconf 60' lang='grc' dir='ltr'>καρδίαδ</span> <span class='ocrx_word' id='word_1_89' title='bbox 1582 1373 1747 1428; x_wconf 80' lang='grc' dir='ltr'>αὐτοῦ</span> <span class='ocrx_word' id='word_1_90' title='bbox 1777 1376 1884 1427; x_wconf 84' lang='grc' dir='ltr'><strong>ἀπὸ</strong></span> 
     </span>
    </p>
   </div>
   <div class='ocr_carea' id='block_1_13' title="bbox 303 1460 1884 1536">
    <p class='ocr_par' dir='ltr' id='par_1_13' title="bbox 303 1460 1884 1536">
     <span class='ocr_line' id='line_1_13' title="bbox 303 1460 1884 1536; baseline 0.004 -24"><span class='ocrx_word' id='word_1_91' title='bbox 303 1460 511 1528; x_wconf 85' lang='grc' dir='ltr'>Κυρίου</span> <span class='ocrx_word' id='word_1_92' title='bbox 564 1461 802 1532; x_wconf 80' lang='grc' dir='ltr'>Ἰσραὴλ,</span> <span class='ocrx_word' id='word_1_93' title='bbox 838 1462 929 1515; x_wconf 77' lang='grc' dir='ltr'>τοῦ</span> <span class='ocrx_word' id='word_1_94' title='bbox 969 1464 1225 1532; x_wconf 79' lang='grc' dir='ltr'><strong>ὀφθέντος</strong></span> <span class='ocrx_word' id='word_1_95' title='bbox 1259 1466 1407 1536; x_wconf 81' lang='grc' dir='ltr'><strong>αὑτῷ</strong></span> <span class='ocrx_word' id='word_1_96' title='bbox 1438 1467 1516 1532; x_wconf 74' lang='grc' dir='ltr'>δὶς</span> <span class='ocrx_word' id='word_1_97' title='bbox 1544 1506 1558 1530; x_wconf 92' lang='grc'><strong>,</strong></span> <span class='ocrx_word' id='word_1_98' title='bbox 1593 1468 1686 1518; x_wconf 73' lang='grc' dir='ltr'>καὶ</span> <span class='ocrx_word' id='word_1_99' title='bbox 1715 1467 1884 1518; x_wconf 78' lang='grc' dir='ltr'>ἐντει-</span> 
     </span>
    </p>
   </div>
   <div class='ocr_carea' id='block_1_14' title="bbox 301 1548 1884 1630">
    <p class='ocr_par' dir='ltr' id='par_1_14' title="bbox 301 1548 1884 1630">
     <span class='ocr_line' id='line_1_14' title="bbox 301 1548 1884 1630; baseline 0.005 -29"><span class='ocrx_word' id='word_1_100' title='bbox 301 1548 540 1619; x_wconf 84' lang='grc' dir='ltr'>λαμένου</span> <span class='ocrx_word' id='word_1_101' title='bbox 584 1551 732 1622; x_wconf 84' lang='grc' dir='ltr'><strong>αὐτῷ</strong></span> <span class='ocrx_word' id='word_1_102' title='bbox 787 1552 926 1623; x_wconf 80' lang='grc' dir='ltr'>ὑπὲρ</span> <span class='ocrx_word' id='word_1_103' title='bbox 966 1555 1059 1607; x_wconf 82' lang='grc' dir='ltr'><strong>τοῦ</strong></span> <span class='ocrx_word' id='word_1_104' title='bbox 1105 1555 1265 1624; x_wconf 83' lang='grc' dir='ltr'>λόγου</span> <span class='ocrx_word' id='word_1_105' title='bbox 1295 1558 1508 1623; x_wconf 80' lang='grc' dir='ltr'>τούτου,</span> <span class='ocrx_word' id='word_1_106' title='bbox 1559 1559 1884 1630; x_wconf 80' lang='grc' dir='ltr'><strong>τοπαράπαν</strong></span> 
     </span>
    </p>
   </div>
   <div class='ocr_carea' id='block_1_15' title="bbox 308 1641 1882 1719">
    <p class='ocr_par' dir='ltr' id='par_1_15' title="bbox 308 1641 1882 1719">
     <span class='ocr_line' id='line_1_15' title="bbox 308 1641 1882 1719; baseline 0.006 -26"><span class='ocrx_word' id='word_1_107' title='bbox 308 1641 385 1712; x_wconf 82' lang='grc' dir='ltr'>μὴ</span> <span class='ocrx_word' id='word_1_108' title='bbox 429 1643 760 1713; x_wconf 75' lang='grc' dir='ltr'>πορευθῆναι</span> <span class='ocrx_word' id='word_1_109' title='bbox 811 1645 985 1698; x_wconf 82' lang='grc' dir='ltr'>ὀπίσω</span> <span class='ocrx_word' id='word_1_110' title='bbox 1028 1646 1166 1699; x_wconf 84' lang='grc' dir='ltr'>θεῶν</span> <span class='ocrx_word' id='word_1_111' title='bbox 1199 1648 1444 1719; x_wconf 83' lang='grc' dir='ltr'>ἐτέρων·</span> <span class='ocrx_word' id='word_1_112' title='bbox 1489 1650 1583 1701; x_wconf 73' lang='grc' dir='ltr'>καὶ</span> <span class='ocrx_word' id='word_1_113' title='bbox 1620 1649 1882 1718; x_wconf 76' lang='grc' dir='ltr'>φυλάξαι,</span> 
     </span>
    </p>
   </div>
   <div class='ocr_carea' id='block_1_16' title="bbox 305 1731 1879 1807">
    <p class='ocr_par' dir='ltr' id='par_1_16' title="bbox 305 1731 1879 1807">
     <span class='ocr_line' id='line_1_16' title="bbox 305 1731 1879 1807; baseline 0.001 -23"><span class='ocrx_word' id='word_1_114' title='bbox 305 1732 402 1784; x_wconf 73' lang='grc' dir='ltr'>καὶ</span> <span class='ocrx_word' id='word_1_115' title='bbox 452 1733 672 1800; x_wconf 82' lang='grc' dir='ltr'>ποιῆσαι</span> <span class='ocrx_word' id='word_1_116' title='bbox 702 1731 736 1784; x_wconf 71' lang='grc' dir='ltr'><strong>ά</strong></span> <span class='ocrx_word' id='word_1_117' title='bbox 763 1733 1064 1786; x_wconf 81' lang='grc' dir='ltr'>ἐνετείλατο</span> <span class='ocrx_word' id='word_1_118' title='bbox 1118 1735 1266 1804; x_wconf 80' lang='grc' dir='ltr'>αὑτῴ</span> <span class='ocrx_word' id='word_1_119' title='bbox 1308 1737 1336 1788; x_wconf 85' lang='grc' dir='ltr'><strong>ό</strong></span> <span class='ocrx_word' id='word_1_120' title='bbox 1367 1735 1571 1807; x_wconf 84' lang='grc' dir='ltr'>Κύριος</span> <span class='ocrx_word' id='word_1_121' title='bbox 1617 1737 1645 1787; x_wconf 87' lang='grc' dir='ltr'><strong>ό</strong></span> <span class='ocrx_word' id='word_1_122' title='bbox 1693 1736 1879 1798; x_wconf 73' lang='grc' dir='ltr'>Θεός.»</span> 
     </span>
    </p>
   </div>
   <div class='ocr_carea' id='block_1_17' title="bbox 313 1817 1884 1890">
    <p class='ocr_par' dir='ltr' id='par_1_17' title="bbox 313 1817 1884 1890">
     <span class='ocr_line' id='line_1_17' title="bbox 313 1817 1884 1890; baseline 0.001 -18"><span class='ocrx_word' id='word_1_123' title='bbox 313 1820 563 1889; x_wconf 81' lang='grc' dir='ltr'>Ἀπάσης</span> <span class='ocrx_word' id='word_1_124' title='bbox 596 1821 691 1890; x_wconf 82' lang='grc' dir='ltr'>μὲν</span> <span class='ocrx_word' id='word_1_125' title='bbox 721 1817 812 1874; x_wconf 80' lang='grc' dir='ltr'>οὖν</span> <span class='ocrx_word' id='word_1_126' title='bbox 853 1821 1114 1875; x_wconf 80' lang='grc' dir='ltr'><strong>ἐπέκεινα</strong></span> <span class='ocrx_word' id='word_1_127' title='bbox 1155 1823 1470 1886; x_wconf 81' lang='grc' dir='ltr'>δυσσεϐείας</span> <span class='ocrx_word' id='word_1_128' title='bbox 1497 1824 1564 1878; x_wconf 81' lang='grc' dir='ltr'>τὰ</span> <span class='ocrx_word' id='word_1_129' title='bbox 1596 1824 1690 1876; x_wconf 81' lang='grc' dir='ltr'>τοῦ</span> <span class='ocrx_word' id='word_1_130' title='bbox 1725 1823 1884 1875; x_wconf 86' lang='grc' dir='ltr'>Σολο-</span> 
     </span>
    </p>
   </div>
   <div class='ocr_carea' id='block_1_18' title="bbox 1980 634 3557 705">
    <p class='ocr_par' dir='ltr' id='par_1_18' title="bbox 1980 634 3557 705">
     <span class='ocr_line' id='line_1_18' title="bbox 1980 634 3557 705; baseline -0.005 -10"><span class='ocrx_word' id='word_1_131' title='bbox 1980 642 2235 705; x_wconf 82' lang='lat' dir='ltr'><strong>Ammon,</strong></span> <span class='ocrx_word' id='word_1_132' title='bbox 2283 649 2337 693; x_wconf 93' lang='lat' dir='ltr'><strong>et</strong></span> <span class='ocrx_word' id='word_1_133' title='bbox 2383 640 2610 692; x_wconf 84' lang='lat' dir='ltr'><strong>Astartac</strong></span> <span class='ocrx_word' id='word_1_134' title='bbox 2641 634 3028 689; x_wconf 87' lang='lat' dir='ltr'><strong>abominationi</strong></span> <span class='ocrx_word' id='word_1_135' title='bbox 3064 634 3434 691; x_wconf 89' lang='lat' dir='ltr'><strong>Sidoniorum.</strong></span> <span class='ocrx_word' id='word_1_136' title='bbox 3458 636 3557 690; x_wconf 79' lang='lat' dir='ltr'><strong>At-</strong></span> 
     </span>
    </p>
   </div>
   <div class='ocr_carea' id='block_1_19' title="bbox 1980 726 3556 802">
    <p class='ocr_par' dir='ltr' id='par_1_19' title="bbox 1980 726 3556 802">
     <span class='ocr_line' id='line_1_19' title="bbox 1980 726 3556 802; baseline -0.001 -18"><span class='ocrx_word' id='word_1_137' title='bbox 1980 749 2086 802; x_wconf 92' lang='lat' dir='ltr'><strong>que</strong></span> <span class='ocrx_word' id='word_1_138' title='bbox 2119 733 2170 785; x_wconf 92' lang='lat' dir='ltr'><strong>in</strong></span> <span class='ocrx_word' id='word_1_139' title='bbox 2207 734 2346 785; x_wconf 83' lang='lat' dir='ltr'><strong>hunc</strong></span> <span class='ocrx_word' id='word_1_140' title='bbox 2382 729 2597 784; x_wconf 78' lang='lat' dir='ltr'><strong>niodum</strong></span> <span class='ocrx_word' id='word_1_141' title='bbox 2645 727 2773 781; x_wconf 86' lang='lat' dir='ltr'><strong>fecit</strong></span> <span class='ocrx_word' id='word_1_142' title='bbox 2823 727 3086 781; x_wconf 84' lang='lat' dir='ltr'><strong>universis</strong></span> <span class='ocrx_word' id='word_1_143' title='bbox 3129 728 3389 783; x_wconf 80' lang='lat' dir='ltr'><strong>uxoribus</strong></span> <span class='ocrx_word' id='word_1_144' title='bbox 3440 726 3556 782; x_wconf 86' lang='lat' dir='ltr'><strong>suis</strong></span> 
     </span>
    </p>
   </div>
   <div class='ocr_carea' id='block_1_20' title="bbox 1982 818 3556 893">
    <p class='ocr_par' dir='ltr' id='par_1_20' title="bbox 1982 818 3556 893">
     <span class='ocr_line' id='line_1_20' title="bbox 1982 818 3556 893; baseline -0.003 -16"><span class='ocrx_word' id='word_1_145' title='bbox 1982 824 2336 893; x_wconf 80' lang='lat' dir='ltr'><strong>alienigenis,</strong></span> <span class='ocrx_word' id='word_1_146' title='bbox 2401 836 2518 891; x_wconf 65' lang='lat' dir='ltr'><strong>qum</strong></span> <span class='ocrx_word' id='word_1_147' title='bbox 2575 819 2862 873; x_wconf 84' lang='lat' dir='ltr'><strong>adolebant</strong></span> <span class='ocrx_word' id='word_1_148' title='bbox 2929 818 3126 883; x_wconf 87' lang='lat' dir='ltr'><strong>thura,</strong></span> <span class='ocrx_word' id='word_1_149' title='bbox 3192 829 3247 874; x_wconf 87' lang='lat' dir='ltr'><strong>et.</strong></span> <span class='ocrx_word' id='word_1_150' title='bbox 3304 819 3556 874; x_wconf 87' lang='lat' dir='ltr'><strong>immola-</strong></span> 
     </span>
    </p>
   </div>
   <div class='ocr_carea' id='block_1_21' title="bbox 1983 912 3553 982">
    <p class='ocr_par' dir='ltr' id='par_1_21' title="bbox 1983 912 3553 982">
     <span class='ocr_line' id='line_1_21' title="bbox 1983 912 3553 982; baseline -0.004 -9"><span class='ocrx_word' id='word_1_151' title='bbox 1983 920 2111 973; x_wconf 86' lang='lat' dir='ltr'><strong>bant</strong></span> <span class='ocrx_word' id='word_1_152' title='bbox 2133 918 2234 972; x_wconf 89' lang='lat' dir='ltr'><strong>diis</strong></span> <span class='ocrx_word' id='word_1_153' title='bbox 2255 917 2384 972; x_wconf 80' lang='lat' dir='ltr'><strong>suis.</strong></span> <span class='ocrx_word' id='word_1_154' title='bbox 2413 917 2476 971; x_wconf 91' lang='lat' dir='ltr'><strong>Et</strong></span> <span class='ocrx_word' id='word_1_155' title='bbox 2501 917 2671 970; x_wconf 89' lang='lat' dir='ltr'><strong>iratus</strong></span> <span class='ocrx_word' id='word_1_156' title='bbox 2697 925 2776 969; x_wconf 90' lang='lat' dir='ltr'><strong>est</strong></span> <span class='ocrx_word' id='word_1_157' title='bbox 2803 913 3061 968; x_wconf 90' lang='lat' dir='ltr'><strong>Dominus</strong></span> <span class='ocrx_word' id='word_1_158' title='bbox 3089 912 3384 978; x_wconf 89' lang='lat' dir='ltr'><strong>Salomoni,</strong></span> <span class='ocrx_word' id='word_1_159' title='bbox 3413 912 3553 982; x_wconf 80' lang='lat' dir='ltr'><strong>quod</strong></span> 
     </span>
    </p>
   </div>
   <div class='ocr_carea' id='block_1_22' title="bbox 1983 1003 3556 1072">
    <p class='ocr_par' dir='ltr' id='par_1_22' title="bbox 1983 1003 3556 1072">
     <span class='ocr_line' id='line_1_22' title="bbox 1983 1003 3556 1072; baseline -0.006 -9"><span class='ocrx_word' id='word_1_160' title='bbox 1983 1012 2308 1066; x_wconf 86' lang='lat' dir='ltr'><strong>declinasset</strong></span> <span class='ocrx_word' id='word_1_161' title='bbox 2339 1025 2432 1063; x_wconf 91' lang='lat' dir='ltr'><strong>cor</strong></span> <span class='ocrx_word' id='word_1_162' title='bbox 2470 1023 2623 1062; x_wconf 91' lang='lat' dir='ltr'><strong>suum</strong></span> <span class='ocrx_word' id='word_1_163' title='bbox 2656 1024 2683 1060; x_wconf 91' lang='lat' dir='ltr'><strong>a</strong></span> <span class='ocrx_word' id='word_1_164' title='bbox 2710 1006 2938 1061; x_wconf 88' lang='lat' dir='ltr'><strong>Domino</strong></span> <span class='ocrx_word' id='word_1_165' title='bbox 2970 1006 3076 1058; x_wconf 90' lang='lat' dir='ltr'><strong>Deo</strong></span> <span class='ocrx_word' id='word_1_166' title='bbox 3105 1003 3295 1066; x_wconf 89' lang='lat' dir='ltr'><strong>lsrael,</strong></span> <span class='ocrx_word' id='word_1_167' title='bbox 3332 1005 3422 1072; x_wconf 87' lang='lat' dir='ltr'><strong>qui</strong></span> <span class='ocrx_word' id='word_1_168' title='bbox 3459 1020 3556 1072; x_wconf 91' lang='lat' dir='ltr'><strong>ap-</strong></span> 
     </span>
    </p>
   </div>
   <div class='ocr_carea' id='block_1_23' title="bbox 1984 1095 3557 1170">
    <p class='ocr_par' dir='ltr' id='par_1_23' title="bbox 1984 1095 3557 1170">
     <span class='ocr_line' id='line_1_23' title="bbox 1984 1095 3557 1170; baseline -0.003 -18"><span class='ocrx_word' id='word_1_169' title='bbox 1984 1109 2238 1170; x_wconf 76' lang='lat' dir='ltr'><strong>paruerat</strong></span> <span class='ocrx_word' id='word_1_170' title='bbox 2281 1102 2330 1156; x_wconf 89' lang='lat' dir='ltr'><strong>ei</strong></span> <span class='ocrx_word' id='word_1_171' title='bbox 2386 1101 2646 1162; x_wconf 88' lang='lat' dir='ltr'><strong>secundo,</strong></span> <span class='ocrx_word' id='word_1_172' title='bbox 2709 1109 2763 1153; x_wconf 87' lang='lat' dir='ltr'><strong>et</strong></span> <span class='ocrx_word' id='word_1_173' title='bbox 2809 1103 3139 1166; x_wconf 84' lang='lat' dir='ltr'><strong>praeceperat.</strong></span> <span class='ocrx_word' id='word_1_174' title='bbox 3191 1095 3239 1150; x_wconf 92' lang='lat' dir='ltr'><strong>ei</strong></span> <span class='ocrx_word' id='word_1_175' title='bbox 3288 1095 3353 1149; x_wconf 89' lang='lat' dir='ltr'><strong>de</strong></span> <span class='ocrx_word' id='word_1_176' title='bbox 3395 1095 3557 1150; x_wconf 77' lang='lat' dir='ltr'><strong>verbo</strong></span> 
     </span>
    </p>
   </div>
   <div class='ocr_carea' id='block_1_24' title="bbox 1985 1183 3559 1259">
    <p class='ocr_par' dir='ltr' id='par_1_24' title="bbox 1985 1183 3559 1259">
     <span class='ocr_line' id='line_1_24' title="bbox 1985 1183 3559 1259; baseline -0.005 -15"><span class='ocrx_word' id='word_1_177' title='bbox 1985 1191 2108 1253; x_wconf 85' lang='lat' dir='ltr'><strong>hoc,</strong></span> <span class='ocrx_word' id='word_1_178' title='bbox 2161 1200 2218 1244; x_wconf 92' lang='lat' dir='ltr'><strong>ut</strong></span> <span class='ocrx_word' id='word_1_179' title='bbox 2260 1189 2476 1259; x_wconf 88' lang='lat' dir='ltr'><strong>penitus</strong></span> <span class='ocrx_word' id='word_1_180' title='bbox 2526 1203 2632 1242; x_wconf 91' lang='lat' dir='ltr'><strong>non</strong></span> <span class='ocrx_word' id='word_1_181' title='bbox 2681 1194 2999 1256; x_wconf 76' lang='lat' dir='ltr'><strong>sequeretur</strong></span> <span class='ocrx_word' id='word_1_182' title='bbox 3054 1185 3184 1238; x_wconf 88' lang='lat' dir='ltr'><strong>deos</strong></span> <span class='ocrx_word' id='word_1_183' title='bbox 3235 1183 3462 1246; x_wconf 88' lang='lat' dir='ltr'><strong>alienos,</strong></span> <span class='ocrx_word' id='word_1_184' title='bbox 3502 1193 3559 1238; x_wconf 88' lang='lat' dir='ltr'><strong>et.</strong></span> 
     </span>
    </p>
   </div>
   <div class='ocr_carea' id='block_1_25' title="bbox 1986 1275 3556 1347">
    <p class='ocr_par' dir='ltr' id='par_1_25' title="bbox 1986 1275 3556 1347">
     <span class='ocr_line' id='line_1_25' title="bbox 1986 1275 3556 1347; baseline -0.002 -12"><span class='ocrx_word' id='word_1_185' title='bbox 1986 1283 2310 1344; x_wconf 75' lang='lat' dir='ltr'><strong>custodiret,</strong></span> <span class='ocrx_word' id='word_1_186' title='bbox 2357 1296 2421 1336; x_wconf 88' lang='lat' dir='ltr'><strong>ac</strong></span> <span class='ocrx_word' id='word_1_187' title='bbox 2467 1281 2664 1334; x_wconf 83' lang='lat' dir='ltr'><strong>faceret</strong></span> <span class='ocrx_word' id='word_1_188' title='bbox 2708 1294 2829 1347; x_wconf 62' lang='lat' dir='ltr'><strong>quae</strong></span> <span class='ocrx_word' id='word_1_189' title='bbox 2885 1278 3162 1332; x_wconf 81' lang='lat' dir='ltr'><strong>mandavit</strong></span> <span class='ocrx_word' id='word_1_190' title='bbox 3209 1277 3257 1332; x_wconf 87' lang='lat' dir='ltr'><strong>ei</strong></span> <span class='ocrx_word' id='word_1_191' title='bbox 3297 1275 3556 1332; x_wconf 73' lang='lat' dir='ltr'><strong>Dominus</strong></span> 
     </span>
    </p>
   </div>
   <div class='ocr_carea' id='block_1_26' title="bbox 1989 1365 3558 1437">
    <p class='ocr_par' dir='ltr' id='par_1_26' title="bbox 1989 1365 3558 1437">
     <span class='ocr_line' id='line_1_26' title="bbox 1989 1365 3558 1437; baseline -0.002 -13"><span class='ocrx_word' id='word_1_192' title='bbox 1989 1372 2130 1428; x_wconf 88' lang='lat' dir='ltr'><strong>Deus</strong></span> <span class='ocrx_word' id='word_1_193' title='bbox 2151 1373 2190 1426; x_wconf 84' lang='grc'><strong>³.</strong></span> <span class='ocrx_word' id='word_1_194' title='bbox 2231 1391 2250 1423; x_wconf 74' lang='grc' dir='ltr'>ι</span> <span class='ocrx_word' id='word_1_195' title='bbox 2305 1372 2531 1428; x_wconf 82' lang='lat' dir='ltr'><strong>Omnem</strong></span> <span class='ocrx_word' id='word_1_196' title='bbox 2561 1385 2688 1437; x_wconf 87' lang='lat' dir='ltr'><strong>ergo</strong></span> <span class='ocrx_word' id='word_1_197' title='bbox 2713 1369 3038 1437; x_wconf 84' lang='lat' dir='ltr'><strong>impietatem</strong></span> <span class='ocrx_word' id='word_1_198' title='bbox 3073 1369 3360 1423; x_wconf 88' lang='lat' dir='ltr'><strong>conunissa</strong></span> <span class='ocrx_word' id='word_1_199' title='bbox 3394 1384 3420 1419; x_wconf 92' lang='lat' dir='ltr'><strong>a</strong></span> <span class='ocrx_word' id='word_1_200' title='bbox 3457 1365 3558 1421; x_wconf 85' lang='lat' dir='ltr'><strong>Sa-</strong></span> 
     </span>
    </p>
   </div>
   <div class='ocr_carea' id='block_1_27' title="bbox 1989 1458 3554 1533">
    <p class='ocr_par' dir='ltr' id='par_1_27' title="bbox 1989 1458 3554 1533">
     <span class='ocr_line' id='line_1_27' title="bbox 1989 1458 3554 1533; baseline -0.004 -18"><span class='ocrx_word' id='word_1_201' title='bbox 1989 1467 2201 1518; x_wconf 90' lang='lat' dir='ltr'><strong>lomone</strong></span> <span class='ocrx_word' id='word_1_202' title='bbox 2230 1464 2341 1533; x_wconf 87' lang='lat' dir='ltr'><strong>jam</strong></span> <span class='ocrx_word' id='word_1_203' title='bbox 2382 1478 2508 1517; x_wconf 87' lang='lat' dir='ltr'><strong>sene</strong></span> <span class='ocrx_word' id='word_1_204' title='bbox 2541 1461 2779 1515; x_wconf 87' lang='lat' dir='ltr'><strong>facinora</strong></span> <span class='ocrx_word' id='word_1_205' title='bbox 2824 1469 3170 1529; x_wconf 80' lang='lat' dir='ltr'><strong>superarunt.</strong></span> <span class='ocrx_word' id='word_1_206' title='bbox 3224 1459 3360 1524; x_wconf 84' lang='lat' dir='ltr'><strong>Quid</strong></span> <span class='ocrx_word' id='word_1_207' title='bbox 3410 1458 3554 1510; x_wconf 89' lang='lat' dir='ltr'><strong>enim</strong></span> 
     </span>
    </p>
   </div>
   <div class='ocr_carea' id='block_1_28' title="bbox 1990 1550 3558 1618">
    <p class='ocr_par' dir='ltr' id='par_1_28' title="bbox 1990 1550 3558 1618">
     <span class='ocr_line' id='line_1_28' title="bbox 1990 1550 3558 1618; baseline -0.005 -8"><span class='ocrx_word' id='word_1_208' title='bbox 1990 1570 2097 1611; x_wconf 89' lang='lat' dir='ltr'><strong>tam</strong></span> <span class='ocrx_word' id='word_1_209' title='bbox 2148 1555 2370 1610; x_wconf 77' lang='lat' dir='ltr'><strong>nefariis</strong></span> <span class='ocrx_word' id='word_1_210' title='bbox 2423 1555 2721 1609; x_wconf 70' lang='lat' dir='ltr'><strong>sceleribus</strong></span> <span class='ocrx_word' id='word_1_211' title='bbox 2773 1551 3056 1607; x_wconf 84' lang='lat' dir='ltr'><strong>odiosius?</strong></span> <span class='ocrx_word' id='word_1_212' title='bbox 3118 1561 3211 1605; x_wconf 89' lang='lat' dir='ltr'><strong>aut</strong></span> <span class='ocrx_word' id='word_1_213' title='bbox 3261 1550 3382 1618; x_wconf 88' lang='lat' dir='ltr'><strong>quis</strong></span> <span class='ocrx_word' id='word_1_214' title='bbox 3425 1551 3558 1604; x_wconf 81' lang='lat' dir='ltr'><strong>Satis</strong></span> 
     </span>
    </p>
   </div>
   <div class='ocr_carea' id='block_1_29' title="bbox 1987 1642 3557 1718">
    <p class='ocr_par' dir='ltr' id='par_1_29' title="bbox 1987 1642 3557 1718">
     <span class='ocr_line' id='line_1_29' title="bbox 1987 1642 3557 1718; baseline -0.008 -14"><span class='ocrx_word' id='word_1_215' title='bbox 1987 1649 2220 1718; x_wconf 85' lang='lat' dir='ltr'><strong>explicet</strong></span> <span class='ocrx_word' id='word_1_216' title='bbox 2244 1662 2405 1717; x_wconf 88' lang='lat' dir='ltr'><strong>quam</strong></span> <span class='ocrx_word' id='word_1_217' title='bbox 2442 1647 2514 1700; x_wconf 88' lang='lat' dir='ltr'><strong>sit</strong></span> <span class='ocrx_word' id='word_1_218' title='bbox 2540 1645 2788 1715; x_wconf 91' lang='lat' dir='ltr'><strong>impium,</strong></span> <span class='ocrx_word' id='word_1_219' title='bbox 2823 1644 3027 1698; x_wconf 89' lang='lat' dir='ltr'><strong>honore</strong></span> <span class='ocrx_word' id='word_1_220' title='bbox 3052 1653 3106 1695; x_wconf 84' lang='lat' dir='ltr'><strong>et</strong></span> <span class='ocrx_word' id='word_1_221' title='bbox 3135 1642 3404 1696; x_wconf 86' lang='lat' dir='ltr'><strong>cbaritate</strong></span> <span class='ocrx_word' id='word_1_222' title='bbox 3429 1654 3557 1709; x_wconf 80' lang='lat' dir='ltr'><strong>erga</strong></span> 
     </span>
    </p>
   </div>
   <div class='ocr_carea' id='block_1_30' title="bbox 1989 1733 3560 1803">
    <p class='ocr_par' dir='ltr' id='par_1_30' title="bbox 1989 1733 3560 1803">
     <span class='ocr_line' id='line_1_30' title="bbox 1989 1733 3560 1803; baseline -0.005 -9"><span class='ocrx_word' id='word_1_223' title='bbox 1989 1756 2152 1794; x_wconf 89' lang='lat' dir='ltr'><strong>unum</strong></span> <span class='ocrx_word' id='word_1_224' title='bbox 2200 1747 2255 1793; x_wconf 91' lang='lat' dir='ltr'><strong>et</strong></span> <span class='ocrx_word' id='word_1_225' title='bbox 2287 1747 2479 1793; x_wconf 91' lang='lat' dir='ltr'><strong>natura</strong></span> <span class='ocrx_word' id='word_1_226' title='bbox 2533 1752 2597 1792; x_wconf 87' lang='lat' dir='ltr'><strong>ac</strong></span> <span class='ocrx_word' id='word_1_227' title='bbox 2627 1753 2754 1791; x_wconf 86' lang='lat' dir='ltr'><strong>vere</strong></span> <span class='ocrx_word' id='word_1_228' title='bbox 2800 1737 2962 1791; x_wconf 92' lang='lat' dir='ltr'><strong>Deum</strong></span> <span class='ocrx_word' id='word_1_229' title='bbox 3008 1742 3334 1803; x_wconf 88' lang='lat' dir='ltr'><strong>contempta,</strong></span> <span class='ocrx_word' id='word_1_230' title='bbox 3388 1733 3560 1801; x_wconf 81' lang='lat' dir='ltr'><strong>ipsius</strong></span> 
     </span>
    </p>
   </div>
   <div class='ocr_carea' id='block_1_31' title="bbox 1990 1825 3560 1898">
    <p class='ocr_par' dir='ltr' id='par_1_31' title="bbox 1990 1825 3560 1898">
     <span class='ocr_line' id='line_1_31' title="bbox 1990 1825 3560 1898; baseline -0.006 -13"><span class='ocrx_word' id='word_1_231' title='bbox 1990 1831 2156 1886; x_wconf 92' lang='lat' dir='ltr'><strong>solius</strong></span> <span class='ocrx_word' id='word_1_232' title='bbox 2204 1829 2580 1885; x_wconf 76' lang='lat' dir='ltr'><strong>excellentiam</strong></span> <span class='ocrx_word' id='word_1_233' title='bbox 2643 1828 3068 1898; x_wconf 90' lang='lat' dir='ltr'><strong>dignitatemque</strong></span> <span class='ocrx_word' id='word_1_234' title='bbox 3098 1825 3401 1880; x_wconf 71' lang='lat' dir='ltr'><strong>dmmonum</strong></span> <span class='ocrx_word' id='word_1_235' title='bbox 3438 1840 3560 1894; x_wconf 90' lang='lat' dir='ltr'><strong>gre-</strong></span> 
     </span>
    </p>
   </div>
   <div class='ocr_carea' id='block_1_32' title="bbox 306 1903 1881 1995">
    <p class='ocr_par' dir='ltr' id='par_1_32' title="bbox 306 1911 1881 1986">
     <span class='ocr_line' id='line_1_32' title="bbox 306 1911 1881 1986; baseline 0.002 -22"><span class='ocrx_word' id='word_1_236' title='bbox 306 1911 516 1981; x_wconf 71' lang='grc' dir='ltr'>μῶντοζ</span> <span class='ocrx_word' id='word_1_237' title='bbox 546 1911 603 1964; x_wconf 88' lang='grc' dir='ltr'><strong>ἐν</strong></span> <span class='ocrx_word' id='word_1_238' title='bbox 646 1912 806 1982; x_wconf 83' lang='grc' dir='ltr'>γήρει</span> <span class='ocrx_word' id='word_1_239' title='bbox 835 1912 1179 1984; x_wconf 81' lang='grc' dir='ltr'><strong>τολμήματα.</strong></span> <span class='ocrx_word' id='word_1_240' title='bbox 1206 1914 1270 1966; x_wconf 88' lang='grc' dir='ltr'>Τί</span> <span class='ocrx_word' id='word_1_241' title='bbox 1307 1914 1414 1986; x_wconf 86' lang='grc' dir='ltr'><strong>γὰρ</strong></span> <span class='ocrx_word' id='word_1_242' title='bbox 1447 1915 1512 1968; x_wconf 87' lang='grc' dir='ltr'>ἂν</span> <span class='ocrx_word' id='word_1_243' title='bbox 1539 1916 1748 1984; x_wconf 88' lang='grc' dir='ltr'>γένοιτο</span> <span class='ocrx_word' id='word_1_244' title='bbox 1780 1915 1881 1968; x_wconf 80' lang='grc' dir='ltr'>τῶν</span> 
     </span>
    </p>
   </div>
   <div class='ocr_carea' id='block_1_33' title="bbox 1986 1903 3558 1995">
    <p class='ocr_par' dir='ltr' id='par_1_33' title="bbox 1991 1911 3558 1995">
     <span class='ocr_line' id='line_1_33' title="bbox 1991 1911 3558 1995; baseline -0.006 -18"><span class='ocrx_word' id='word_1_245' title='bbox 1991 1925 2167 1995; x_wconf 88' lang='lat' dir='ltr'><strong>gibus,</strong></span> <span class='ocrx_word' id='word_1_246' title='bbox 2206 1924 2315 1977; x_wconf 90' lang='lat' dir='ltr'><strong>imo</strong></span> <span class='ocrx_word' id='word_1_247' title='bbox 2373 1936 2503 1976; x_wconf 90' lang='lat' dir='ltr'><strong>vero</strong></span> <span class='ocrx_word' id='word_1_248' title='bbox 2553 1921 2820 1990; x_wconf 85' lang='lat' dir='ltr'><strong>lapidibus</strong></span> <span class='ocrx_word' id='word_1_249' title='bbox 2868 1929 3030 1988; x_wconf 90' lang='lat' dir='ltr'><strong>atque</strong></span> <span class='ocrx_word' id='word_1_250' title='bbox 3071 1917 3230 1988; x_wconf 78' lang='lat' dir='ltr'><strong>lignis</strong></span> <span class='ocrx_word' id='word_1_251' title='bbox 3279 1911 3558 1970; x_wconf 71' lang='lat' dir='ltr'><strong>tribuere?</strong></span> 
     </span>
    </p>
   </div>
   <div class='ocr_carea' id='block_1_34' title="bbox 305 2001 1885 2077">
    <p class='ocr_par' dir='ltr' id='par_1_34' title="bbox 305 2001 1885 2077">
     <span class='ocr_line' id='line_1_34' title="bbox 305 2001 1885 2077; baseline 0.003 -23"><span class='ocrx_word' id='word_1_252' title='bbox 305 2001 478 2066; x_wconf 74' lang='grc' dir='ltr'>οὕτως</span> <span class='ocrx_word' id='word_1_253' title='bbox 517 2003 759 2056; x_wconf 76' lang='grc' dir='ltr'><strong>ἐκτόπων</strong></span> <span class='ocrx_word' id='word_1_254' title='bbox 801 2004 1290 2075; x_wconf 82' lang='grc' dir='ltr'><strong>πλημμελημάτων</strong></span> <span class='ocrx_word' id='word_1_255' title='bbox 1319 2007 1380 2058; x_wconf 79' lang='grc' dir='ltr'>τὸ</span> <span class='ocrx_word' id='word_1_256' title='bbox 1420 2007 1885 2077; x_wconf 86' lang='grc' dir='ltr'>δυσαχθέστερον;</span> 
     </span>
    </p>
   </div>
   <div class='ocr_carea' id='block_1_35' title="bbox 305 2089 1889 2166">
    <p class='ocr_par' dir='ltr' id='par_1_35' title="bbox 305 2089 1889 2166">
     <span class='ocr_line' id='line_1_35' title="bbox 305 2089 1889 2166; baseline 0.024 -34"><span class='ocrx_word' id='word_1_257' title='bbox 305 2089 378 2142; x_wconf 78' lang='grc' dir='ltr'><strong>Ἢ</strong></span> <span class='ocrx_word' id='word_1_258' title='bbox 404 2089 519 2152; x_wconf 85' lang='grc' dir='ltr'><strong>πῶς</strong></span> <span class='ocrx_word' id='word_1_259' title='bbox 547 2090 609 2142; x_wconf 83' lang='grc' dir='ltr'>οὐ</span> <span class='ocrx_word' id='word_1_260' title='bbox 642 2089 780 2161; x_wconf 83' lang='grc' dir='ltr'>πέρα</span> <span class='ocrx_word' id='word_1_261' title='bbox 813 2091 972 2160; x_wconf 80' lang='grc' dir='ltr'>λόγου</span> <span class='ocrx_word' id='word_1_262' title='bbox 1027 2093 1245 2157; x_wconf 72' lang='grc' dir='ltr'>παντὸς,</span> <span class='ocrx_word' id='word_1_263' title='bbox 1297 2094 1560 2165; x_wconf 58' lang='lat' dir='ltr'><strong>Moram</strong></span> <span class='ocrx_word' id='word_1_264' title='bbox 1597 2096 1693 2166; x_wconf 77' lang='grc' dir='ltr'><strong>μὲν</strong></span> <span class='ocrx_word' id='word_1_265' title='bbox 1725 2098 1889 2166; x_wconf 75' lang='grc' dir='ltr'>τιμῆς</span> 
     </span>
    </p>
   </div>
   <div class='ocr_carea' id='block_1_36' title="bbox 304 2183 1890 2259">
    <p class='ocr_par' dir='ltr' id='par_1_36' title="bbox 304 2183 1890 2259">
     <span class='ocr_line' id='line_1_36' title="bbox 304 2183 1890 2259; baseline 0.004 -24"><span class='ocrx_word' id='word_1_266' title='bbox 304 2183 402 2236; x_wconf 72' lang='grc' dir='ltr'>καὶ</span> <span class='ocrx_word' id='word_1_267' title='bbox 430 2183 652 2254; x_wconf 80' lang='grc' dir='ltr'><strong>ἀγάπης</strong></span> <span class='ocrx_word' id='word_1_268' title='bbox 695 2185 792 2255; x_wconf 81' lang='grc' dir='ltr'>τῆς</span> <span class='ocrx_word' id='word_1_269' title='bbox 822 2187 904 2248; x_wconf 81' lang='grc' dir='ltr'><strong>εἰς</strong></span> <span class='ocrx_word' id='word_1_270' title='bbox 955 2187 1052 2239; x_wconf 81' lang='grc' dir='ltr'>τὸν</span> <span class='ocrx_word' id='word_1_271' title='bbox 1093 2189 1187 2240; x_wconf 85' lang='grc' dir='ltr'>’ένα</span> <span class='ocrx_word' id='word_1_272' title='bbox 1219 2189 1310 2240; x_wconf 77' lang='grc' dir='ltr'>καὶ</span> <span class='ocrx_word' id='word_1_273' title='bbox 1357 2187 1514 2256; x_wconf 80' lang='grc' dir='ltr'>φύσει</span> <span class='ocrx_word' id='word_1_274' title='bbox 1556 2189 1648 2241; x_wconf 76' lang='grc' dir='ltr'><strong>καὶ</strong></span> <span class='ocrx_word' id='word_1_275' title='bbox 1675 2189 1890 2259; x_wconf 77' lang='grc' dir='ltr'>άληθῶς</span> 
     </span>
    </p>
   </div>
   <div class='ocr_carea' id='block_1_37' title="bbox 303 2275 1889 2351">
    <p class='ocr_par' dir='ltr' id='par_1_37' title="bbox 303 2275 1889 2351">
     <span class='ocr_line' id='line_1_37' title="bbox 303 2275 1889 2351; baseline 0.004 -24"><span class='ocrx_word' id='word_1_276' title='bbox 303 2277 432 2328; x_wconf 73' lang='grc' dir='ltr'>ὄντα</span> <span class='ocrx_word' id='word_1_277' title='bbox 466 2275 620 2340; x_wconf 82' lang='grc' dir='ltr'>Θεὸν,</span> <span class='ocrx_word' id='word_1_278' title='bbox 672 2276 730 2329; x_wconf 87' lang='grc' dir='ltr'>τὸ</span> <span class='ocrx_word' id='word_1_279' title='bbox 779 2276 835 2328; x_wconf 86' lang='grc' dir='ltr'><strong>δέ</strong></span> <span class='ocrx_word' id='word_1_280' title='bbox 879 2277 1027 2348; x_wconf 81' lang='grc' dir='ltr'>αὐτῷ</span> <span class='ocrx_word' id='word_1_281' title='bbox 1082 2279 1177 2332; x_wconf 76' lang='grc' dir='ltr'>καὶ</span> <span class='ocrx_word' id='word_1_282' title='bbox 1237 2280 1383 2350; x_wconf 81' lang='grc' dir='ltr'>μόνῳ</span> <span class='ocrx_word' id='word_1_283' title='bbox 1419 2280 1620 2351; x_wconf 83' lang='grc' dir='ltr'>προσὸν</span> <span class='ocrx_word' id='word_1_284' title='bbox 1674 2279 1889 2350; x_wconf 83' lang='grc' dir='ltr'>ἀξίωμα</span> 
     </span>
    </p>
   </div>
   <div class='ocr_carea' id='block_1_38' title="bbox 303 2368 1889 2445">
    <p class='ocr_par' dir='ltr' id='par_1_38' title="bbox 303 2368 1889 2445">
     <span class='ocr_line' id='line_1_38' title="bbox 303 2368 1889 2445; baseline 0.004 -26"><span class='ocrx_word' id='word_1_285' title='bbox 303 2369 396 2420; x_wconf 76' lang='grc' dir='ltr'><strong>καὶ</strong></span> <span class='ocrx_word' id='word_1_286' title='bbox 432 2368 538 2421; x_wconf 80' lang='grc' dir='ltr'><strong>τῶν</strong></span> <span class='ocrx_word' id='word_1_287' title='bbox 581 2368 871 2439; x_wconf 85' lang='grc' dir='ltr'>δαιμονίων</span> <span class='ocrx_word' id='word_1_288' title='bbox 930 2372 1228 2442; x_wconf 75' lang='grc' dir='ltr'>ἀπονέμειν</span> <span class='ocrx_word' id='word_1_289' title='bbox 1274 2373 1533 2442; x_wconf 81' lang='grc' dir='ltr'><strong>ἀγέλαις,</strong></span> <span class='ocrx_word' id='word_1_290' title='bbox 1589 2374 1788 2445; x_wconf 85' lang='grc' dir='ltr'>μᾶλλον</span> <span class='ocrx_word' id='word_1_291' title='bbox 1833 2374 1889 2427; x_wconf 77' lang='grc' dir='ltr'>δὲ</span> 
     </span>
    </p>
   </div>
   <div class='ocr_carea' id='block_1_39' title="bbox 303 2461 1887 2535">
    <p class='ocr_par' dir='ltr' id='par_1_39' title="bbox 303 2461 1887 2535">
     <span class='ocr_line' id='line_1_39' title="bbox 303 2461 1887 2535; baseline 0.001 -21"><span class='ocrx_word' id='word_1_292' title='bbox 303 2461 469 2525; x_wconf 82' lang='grc' dir='ltr'>λίθοις</span> <span class='ocrx_word' id='word_1_293' title='bbox 496 2462 755 2515; x_wconf 85' lang='grc' dir='ltr'>ἀνάπτειν</span> <span class='ocrx_word' id='word_1_294' title='bbox 785 2463 879 2516; x_wconf 73' lang='grc' dir='ltr'>καὶ</span> <span class='ocrx_word' id='word_1_295' title='bbox 907 2462 1114 2528; x_wconf 78' lang='grc' dir='ltr'>ξύλοις;</span> <span class='ocrx_word' id='word_1_296' title='bbox 1151 2464 1364 2535; x_wconf 81' lang='grc' dir='ltr'>Ἐπειδὴ</span> <span class='ocrx_word' id='word_1_297' title='bbox 1396 2465 1451 2518; x_wconf 84' lang='grc' dir='ltr'>δὲ</span> <span class='ocrx_word' id='word_1_298' title='bbox 1469 2464 1581 2535; x_wconf 77' lang='grc' dir='ltr'>ἥλω</span> <span class='ocrx_word' id='word_1_299' title='bbox 1612 2482 1887 2535; x_wconf 84' lang='grc' dir='ltr'>πεφρονη-</span> 
     </span>
    </p>
   </div>
   <div class='ocr_carea' id='block_1_40' title="bbox 303 2552 1888 2626">
    <p class='ocr_par' dir='ltr' id='par_1_40' title="bbox 303 2552 1888 2626">
     <span class='ocr_line' id='line_1_40' title="bbox 303 2552 1888 2626; baseline 0.002 -21"><span class='ocrx_word' id='word_1_300' title='bbox 303 2552 416 2614; x_wconf 82' lang='grc' dir='ltr'><strong>κώς</strong></span> <span class='ocrx_word' id='word_1_301' title='bbox 463 2571 520 2606; x_wconf 88' lang='grc' dir='ltr'><strong>τε</strong></span> <span class='ocrx_word' id='word_1_302' title='bbox 558 2555 652 2606; x_wconf 77' lang='grc' dir='ltr'>καὶ</span> <span class='ocrx_word' id='word_1_303' title='bbox 694 2555 896 2625; x_wconf 81' lang='grc' dir='ltr'>δράσας</span> <span class='ocrx_word' id='word_1_304' title='bbox 929 2555 964 2608; x_wconf 77' lang='grc' dir='ltr'><strong>ἃ.</strong></span> <span class='ocrx_word' id='word_1_305' title='bbox 1017 2555 1150 2625; x_wconf 82' lang='grc' dir='ltr'><strong>μηδέ</strong></span> <span class='ocrx_word' id='word_1_306' title='bbox 1195 2555 1352 2626; x_wconf 85' lang='grc' dir='ltr'>θέμις</span> <span class='ocrx_word' id='word_1_307' title='bbox 1383 2559 1557 2609; x_wconf 86' lang='grc' dir='ltr'>εἰπεῖν</span> <span class='ocrx_word' id='word_1_308' title='bbox 1583 2597 1599 2622; x_wconf 91' lang='grc'><strong>,</strong></span> <span class='ocrx_word' id='word_1_309' title='bbox 1654 2559 1748 2610; x_wconf 58' lang='grc' dir='ltr'>καὶ</span> <span class='ocrx_word' id='word_1_310' title='bbox 1777 2561 1888 2620; x_wconf 79' lang='grc' dir='ltr'>τοῖς</span> 
     </span>
    </p>
   </div>
   <div class='ocr_carea' id='block_1_41' title="bbox 302 2645 1888 2719">
    <p class='ocr_par' dir='ltr' id='par_1_41' title="bbox 302 2645 1888 2719">
     <span class='ocr_line' id='line_1_41' title="bbox 302 2645 1888 2719; baseline 0.003 -22"><span class='ocrx_word' id='word_1_311' title='bbox 302 2645 477 2709; x_wconf 78' lang='grc' dir='ltr'>οὕτως</span> <span class='ocrx_word' id='word_1_312' title='bbox 503 2648 748 2716; x_wconf 73' lang='grc' dir='ltr'>αἰσχροῖς</span> <span class='ocrx_word' id='word_1_313' title='bbox 787 2647 1251 2718; x_wconf 81' lang='grc' dir='ltr'>πλημμελήμασιν</span> <span class='ocrx_word' id='word_1_314' title='bbox 1281 2648 1462 2719; x_wconf 72' lang='grc' dir='ltr'>ἔνοχος</span> <span class='ocrx_word' id='word_1_315' title='bbox 1489 2648 1726 2717; x_wconf 84' lang='grc' dir='ltr'>γεγονὼς</span> <span class='ocrx_word' id='word_1_316' title='bbox 1757 2667 1888 2702; x_wconf 86' lang='grc' dir='ltr'>κατ-</span> 
     </span>
    </p>
   </div>
   <div class='ocr_carea' id='block_1_42' title="bbox 305 2737 1884 2809">
    <p class='ocr_par' dir='ltr' id='par_1_42' title="bbox 305 2737 1884 2809">
     <span class='ocr_line' id='line_1_42' title="bbox 305 2737 1884 2809; baseline 0.004 -20"><span class='ocrx_word' id='word_1_317' title='bbox 305 2738 578 2808; x_wconf 74' lang='grc' dir='ltr'>εφωρᾶτο,</span> <span class='ocrx_word' id='word_1_318' title='bbox 641 2737 825 2790; x_wconf 73' lang='grc' dir='ltr'>λοιπὸν</span> <span class='ocrx_word' id='word_1_319' title='bbox 866 2738 968 2809; x_wconf 77' lang='grc' dir='ltr'>ἔφη</span> <span class='ocrx_word' id='word_1_320' title='bbox 1001 2740 1138 2806; x_wconf 83' lang='grc' dir='ltr'>πρὸς</span> <span class='ocrx_word' id='word_1_321' title='bbox 1167 2741 1328 2793; x_wconf 80' lang='grc' dir='ltr'>αὐτὸν</span> <span class='ocrx_word' id='word_1_322' title='bbox 1352 2743 1381 2794; x_wconf 87' lang='grc' dir='ltr'><strong>ό</strong></span> <span class='ocrx_word' id='word_1_323' title='bbox 1412 2741 1520 2793; x_wconf 87' lang='grc' dir='ltr'>τῶν</span> <span class='ocrx_word' id='word_1_324' title='bbox 1545 2742 1681 2794; x_wconf 82' lang='grc' dir='ltr'>ὅλων</span> <span class='ocrx_word' id='word_1_325' title='bbox 1710 2742 1842 2804; x_wconf 83' lang='grc' dir='ltr'>Θεός</span> <span class='ocrx_word' id='word_1_326' title='bbox 1872 2758 1884 2768; x_wconf 91' lang='grc'>·</span> 
     </span>
    </p>
   </div>
   <div class='ocr_carea' id='block_1_43' title="bbox 309 2823 1880 2901">
    <p class='ocr_par' dir='ltr' id='par_1_43' title="bbox 309 2823 1880 2901">
     <span class='ocr_line' id='line_1_43' title="bbox 309 2823 1880 2901; baseline 0.003 -23"><span class='ocrx_word' id='word_1_327' title='bbox 309 2845 328 2878; x_wconf 71' lang='grc' dir='ltr'>ι</span> <span class='ocrx_word' id='word_1_328' title='bbox 377 2827 516 2879; x_wconf 82' lang='grc' dir='ltr'>Ἀνθ’</span> <span class='ocrx_word' id='word_1_329' title='bbox 543 2823 618 2880; x_wconf 82' lang='grc' dir='ltr'>ὧν</span> <span class='ocrx_word' id='word_1_330' title='bbox 656 2829 875 2895; x_wconf 83' lang='grc' dir='ltr'>ἐγένετο</span> <span class='ocrx_word' id='word_1_331' title='bbox 907 2829 1080 2883; x_wconf 82' lang='grc' dir='ltr'>ταῦτα</span> <span class='ocrx_word' id='word_1_332' title='bbox 1117 2830 1255 2900; x_wconf 84' lang='grc' dir='ltr'>μετὰ</span> <span class='ocrx_word' id='word_1_333' title='bbox 1291 2829 1407 2895; x_wconf 78' lang='grc' dir='ltr'>σοῦ,</span> <span class='ocrx_word' id='word_1_334' title='bbox 1445 2833 1538 2884; x_wconf 77' lang='grc' dir='ltr'>καὶ</span> <span class='ocrx_word' id='word_1_335' title='bbox 1564 2833 1665 2885; x_wconf 85' lang='grc' dir='ltr'>οὐκ</span> <span class='ocrx_word' id='word_1_336' title='bbox 1693 2833 1880 2901; x_wconf 75' lang='grc' dir='ltr'>ἐφύλαο</span> 
     </span>
    </p>
   </div>
   <div class='ocr_carea' id='block_1_44' title="bbox 303 2918 1890 2994">
    <p class='ocr_par' dir='ltr' id='par_1_44' title="bbox 303 2918 1890 2994">
     <span class='ocr_line' id='line_1_44' title="bbox 303 2918 1890 2994; baseline 0.004 -23"><span class='ocrx_word' id='word_1_337' title='bbox 303 2918 402 2983; x_wconf 83' lang='grc' dir='ltr'><strong>ξας</strong></span> <span class='ocrx_word' id='word_1_338' title='bbox 452 2920 550 2983; x_wconf 81' lang='grc' dir='ltr'><strong>τὰς</strong></span> <span class='ocrx_word' id='word_1_339' title='bbox 587 2920 802 2983; x_wconf 84' lang='grc' dir='ltr'>ἐντολάς</span> <span class='ocrx_word' id='word_1_340' title='bbox 840 2938 940 2991; x_wconf 88' lang='grc' dir='ltr'><strong>μου</strong></span> <span class='ocrx_word' id='word_1_341' title='bbox 1009 2921 1104 2975; x_wconf 70' lang='grc' dir='ltr'><strong>καί⁵</strong></span> <span class='ocrx_word' id='word_1_342' title='bbox 1136 2921 1202 2974; x_wconf 78' lang='grc' dir='ltr'><strong>τά</strong></span> <span class='ocrx_word' id='word_1_343' title='bbox 1252 2922 1650 2993; x_wconf 81' lang='grc' dir='ltr'>προστάγματά</span> <span class='ocrx_word' id='word_1_344' title='bbox 1678 2941 1778 2994; x_wconf 87' lang='grc' dir='ltr'><strong>μου</strong></span> <span class='ocrx_word' id='word_1_345' title='bbox 1800 2965 1813 2987; x_wconf 86' lang='grc'><strong>,</strong></span> <span class='ocrx_word' id='word_1_346' title='bbox 1855 2923 1890 2977; x_wconf 79' lang='grc' dir='ltr'>ἃ</span> 
     </span>
    </p>
   </div>
   <div class='ocr_carea' id='block_1_45' title="bbox 304 3011 1889 3086">
    <p class='ocr_par' dir='ltr' id='par_1_45' title="bbox 304 3011 1889 3086">
     <span class='ocr_line' id='line_1_45' title="bbox 304 3011 1889 3086; baseline 0.002 -22"><span class='ocrx_word' id='word_1_347' title='bbox 304 3011 658 3081; x_wconf 75' lang='grc' dir='ltr'>ἐνετειλάμην</span> <span class='ocrx_word' id='word_1_348' title='bbox 689 3027 791 3075; x_wconf 91' lang='grc' dir='ltr'>σοι,</span> <span class='ocrx_word' id='word_1_349' title='bbox 822 3013 1168 3083; x_wconf 76' lang='grc' dir='ltr'>διαρῤήσσων</span> <span class='ocrx_word' id='word_1_350' title='bbox 1192 3013 1468 3085; x_wconf 80' lang='grc' dir='ltr'>διαρῤήξω</span> <span class='ocrx_word' id='word_1_351' title='bbox 1489 3016 1586 3086; x_wconf 81' lang='grc' dir='ltr'>τὴν</span> <span class='ocrx_word' id='word_1_352' title='bbox 1617 3015 1889 3085; x_wconf 83' lang='grc' dir='ltr'>βασιλείαν</span> 
     </span>
    </p>
   </div>
   <div class='ocr_carea' id='block_1_46' title="bbox 303 3101 1888 3174">
    <p class='ocr_par' dir='ltr' id='par_1_46' title="bbox 303 3101 1888 3174">
     <span class='ocr_line' id='line_1_46' title="bbox 303 3101 1888 3174; baseline 0.003 -21"><span class='ocrx_word' id='word_1_353' title='bbox 303 3102 370 3153; x_wconf 82' lang='grc' dir='ltr'><strong>ἐκ</strong></span> <span class='ocrx_word' id='word_1_354' title='bbox 404 3102 582 3171; x_wconf 79' lang='grc' dir='ltr'>χειρός</span> <span class='ocrx_word' id='word_1_355' title='bbox 615 3119 730 3166; x_wconf 92' lang='grc' dir='ltr'>σου,</span> <span class='ocrx_word' id='word_1_356' title='bbox 759 3104 852 3154; x_wconf 75' lang='grc' dir='ltr'><strong>καὶ</strong></span> <span class='ocrx_word' id='word_1_357' title='bbox 878 3101 1036 3155; x_wconf 83' lang='grc' dir='ltr'>δώσω</span> <span class='ocrx_word' id='word_1_358' title='bbox 1065 3103 1234 3174; x_wconf 77' lang='grc' dir='ltr'>αὐτὴν</span> <span class='ocrx_word' id='word_1_359' title='bbox 1269 3102 1345 3173; x_wconf 86' lang='grc' dir='ltr'>τῷ</span> <span class='ocrx_word' id='word_1_360' title='bbox 1374 3103 1549 3174; x_wconf 75' lang='grc' dir='ltr'>δούλῳ</span> <span class='ocrx_word' id='word_1_361' title='bbox 1594 3122 1709 3160; x_wconf 91' lang='grc' dir='ltr'>σου.</span> <span class='ocrx_word' id='word_1_362' title='bbox 1742 3106 1888 3174; x_wconf 75' lang='grc' dir='ltr'>Πλὴν</span> 
     </span>
    </p>
   </div>
   <div class='ocr_carea' id='block_1_47' title="bbox 304 3193 1889 3266">
    <p class='ocr_par' dir='ltr' id='par_1_47' title="bbox 304 3193 1889 3266">
     <span class='ocr_line' id='line_1_47' title="bbox 304 3193 1889 3266; baseline 0.002 -21"><span class='ocrx_word' id='word_1_363' title='bbox 304 3193 362 3245; x_wconf 72' lang='grc' dir='ltr'><strong>ἐν</strong></span> <span class='ocrx_word' id='word_1_364' title='bbox 393 3195 513 3256; x_wconf 78' lang='grc' dir='ltr'>ταῖς</span> <span class='ocrx_word' id='word_1_365' title='bbox 555 3195 789 3265; x_wconf 78' lang='grc' dir='ltr'><strong>ἡμέραις</strong></span> <span class='ocrx_word' id='word_1_366' title='bbox 822 3211 914 3247; x_wconf 89' lang='grc' dir='ltr'><strong>σου</strong></span> <span class='ocrx_word' id='word_1_367' title='bbox 949 3196 1010 3247; x_wconf 83' lang='grc' dir='ltr'>οὐ</span> <span class='ocrx_word' id='word_1_368' title='bbox 1040 3196 1252 3266; x_wconf 87' lang='grc' dir='ltr'>ποιήσω</span> <span class='ocrx_word' id='word_1_369' title='bbox 1292 3197 1458 3260; x_wconf 79' lang='grc' dir='ltr'>αὐτὰ,</span> <span class='ocrx_word' id='word_1_370' title='bbox 1483 3197 1570 3250; x_wconf 79' lang='grc' dir='ltr'>διὰ</span> <span class='ocrx_word' id='word_1_371' title='bbox 1603 3197 1766 3250; x_wconf 74' lang='grc' dir='ltr'>Δαϐιδ</span> <span class='ocrx_word' id='word_1_372' title='bbox 1799 3198 1889 3249; x_wconf 70' lang='grc' dir='ltr'>τὸν</span> 
     </span>
    </p>
   </div>
   <div class='ocr_carea' id='block_1_48' title="bbox 1990 2009 3556 2084">
    <p class='ocr_par' dir='ltr' id='par_1_48' title="bbox 1990 2009 3556 2084">
     <span class='ocr_line' id='line_1_48' title="bbox 1990 2009 3556 2084; baseline -0.004 -16"><span class='ocrx_word' id='word_1_373' title='bbox 1990 2015 2251 2078; x_wconf 79' lang='lat' dir='ltr'><strong>Quoniam</strong></span> <span class='ocrx_word' id='word_1_374' title='bbox 2302 2028 2428 2069; x_wconf 92' lang='lat' dir='ltr'><strong>vero</strong></span> <span class='ocrx_word' id='word_1_375' title='bbox 2464 2025 2519 2069; x_wconf 89' lang='lat' dir='ltr'><strong>et</strong></span> <span class='ocrx_word' id='word_1_376' title='bbox 2563 2014 2820 2084; x_wconf 86' lang='lat' dir='ltr'><strong>cogitare,</strong></span> <span class='ocrx_word' id='word_1_377' title='bbox 2859 2021 2912 2068; x_wconf 90' lang='lat' dir='ltr'><strong>et</strong></span> <span class='ocrx_word' id='word_1_378' title='bbox 2961 2010 3142 2067; x_wconf 80' lang='lat' dir='ltr'><strong>facere</strong></span> <span class='ocrx_word' id='word_1_379' title='bbox 3189 2011 3336 2065; x_wconf 90' lang='lat' dir='ltr'><strong>dictu</strong></span> <span class='ocrx_word' id='word_1_380' title='bbox 3389 2009 3556 2063; x_wconf 88' lang='lat' dir='ltr'><strong>etiam</strong></span> 
     </span>
    </p>
   </div>
   <div class='ocr_carea' id='block_1_49' title="bbox 1992 2103 3559 2174">
    <p class='ocr_par' dir='ltr' id='par_1_49' title="bbox 1992 2103 3559 2174">
     <span class='ocr_line' id='line_1_49' title="bbox 1992 2103 3559 2174; baseline -0.004 -13"><span class='ocrx_word' id='word_1_381' title='bbox 1992 2107 2152 2172; x_wconf 67' lang='lat' dir='ltr'><strong>foeda,</strong></span> <span class='ocrx_word' id='word_1_382' title='bbox 2202 2115 2257 2160; x_wconf 86' lang='lat' dir='ltr'><strong>et</strong></span> <span class='ocrx_word' id='word_1_383' title='bbox 2296 2108 2431 2161; x_wconf 87' lang='lat' dir='ltr'><strong>adeo</strong></span> <span class='ocrx_word' id='word_1_384' title='bbox 2464 2106 2710 2174; x_wconf 87' lang='lat' dir='ltr'><strong>turpibus</strong></span> <span class='ocrx_word' id='word_1_385' title='bbox 2741 2104 3036 2160; x_wconf 90' lang='lat' dir='ltr'><strong>obstrictus</strong></span> <span class='ocrx_word' id='word_1_386' title='bbox 3067 2103 3280 2159; x_wconf 85' lang='lat' dir='ltr'><strong>delictis</strong></span> <span class='ocrx_word' id='word_1_387' title='bbox 3305 2117 3559 2171; x_wconf 87' lang='lat' dir='ltr'><strong>comper-</strong></span> 
     </span>
    </p>
   </div>
   <div class='ocr_carea' id='block_1_50' title="bbox 1993 2194 3556 2266">
    <p class='ocr_par' dir='ltr' id='par_1_50' title="bbox 1993 2194 3556 2266">
     <span class='ocr_line' id='line_1_50' title="bbox 1993 2194 3556 2266; baseline -0.003 -15"><span class='ocrx_word' id='word_1_388' title='bbox 1993 2208 2078 2253; x_wconf 89' lang='lat' dir='ltr'><strong>tus</strong></span> <span class='ocrx_word' id='word_1_389' title='bbox 2135 2206 2239 2265; x_wconf 90' lang='lat' dir='ltr'><strong>est,</strong></span> <span class='ocrx_word' id='word_1_390' title='bbox 2291 2198 2545 2266; x_wconf 87' lang='lat' dir='ltr'><strong>deinceps</strong></span> <span class='ocrx_word' id='word_1_391' title='bbox 2594 2198 2661 2249; x_wconf 90' lang='lat' dir='ltr'><strong>ab</strong></span> <span class='ocrx_word' id='word_1_392' title='bbox 2714 2197 3088 2251; x_wconf 85' lang='lat' dir='ltr'><strong>universorum</strong></span> <span class='ocrx_word' id='word_1_393' title='bbox 3148 2194 3256 2249; x_wconf 91' lang='lat' dir='ltr'><strong>Deo</strong></span> <span class='ocrx_word' id='word_1_394' title='bbox 3313 2194 3556 2248; x_wconf 78' lang='lat' dir='ltr'><strong>audivit:</strong></span> 
     </span>
    </p>
   </div>
   <div class='ocr_carea' id='block_1_51' title="bbox 1997 2283 3560 2355">
    <p class='ocr_par' dir='ltr' id='par_1_51' title="bbox 1997 2283 3560 2355">
     <span class='ocr_line' id='line_1_51' title="bbox 1997 2283 3560 2355; baseline -0.002 -16"><span class='ocrx_word' id='word_1_395' title='bbox 1997 2308 2014 2339; x_wconf 74' lang='grc' dir='ltr'>ι</span> <span class='ocrx_word' id='word_1_396' title='bbox 2048 2287 2181 2355; x_wconf 82' lang='lat' dir='ltr'><strong>Quia</strong></span> <span class='ocrx_word' id='word_1_397' title='bbox 2239 2288 2352 2341; x_wconf 70' lang='lat' dir='ltr'><strong>tunc</strong></span> <span class='ocrx_word' id='word_1_398' title='bbox 2407 2287 2543 2339; x_wconf 87' lang='lat' dir='ltr'><strong>facta</strong></span> <span class='ocrx_word' id='word_1_399' title='bbox 2598 2295 2726 2340; x_wconf 88' lang='lat' dir='ltr'><strong>sunt</strong></span> <span class='ocrx_word' id='word_1_400' title='bbox 2781 2295 2977 2350; x_wconf 82' lang='lat' dir='ltr'><strong>tecum,</strong></span> <span class='ocrx_word' id='word_1_401' title='bbox 3040 2294 3094 2339; x_wconf 88' lang='lat' dir='ltr'><strong>et</strong></span> <span class='ocrx_word' id='word_1_402' title='bbox 3136 2299 3241 2338; x_wconf 90' lang='lat' dir='ltr'><strong>non</strong></span> <span class='ocrx_word' id='word_1_403' title='bbox 3274 2283 3560 2339; x_wconf 88' lang='lat' dir='ltr'><strong>custodisti</strong></span> 
     </span>
    </p>
   </div>
   <div class='ocr_carea' id='block_1_52' title="bbox 1991 2374 3557 2448">
    <p class='ocr_par' dir='ltr' id='par_1_52' title="bbox 1991 2374 3557 2448">
     <span class='ocr_line' id='line_1_52' title="bbox 1991 2374 3557 2448; baseline -0.004 -15"><span class='ocrx_word' id='word_1_404' title='bbox 1991 2391 2257 2448; x_wconf 69' lang='lat' dir='ltr'><strong>praecepta</strong></span> <span class='ocrx_word' id='word_1_405' title='bbox 2304 2393 2418 2430; x_wconf 78' lang='lat' dir='ltr'><strong>mea</strong></span> <span class='ocrx_word' id='word_1_406' title='bbox 2466 2385 2520 2430; x_wconf 88' lang='lat' dir='ltr'><strong>et</strong></span> <span class='ocrx_word' id='word_1_407' title='bbox 2571 2375 2817 2428; x_wconf 83' lang='lat' dir='ltr'><strong>mandata</strong></span> <span class='ocrx_word' id='word_1_408' title='bbox 2853 2390 2991 2438; x_wconf 87' lang='lat' dir='ltr'><strong>mea,</strong></span> <span class='ocrx_word' id='word_1_409' title='bbox 3020 2389 3137 2444; x_wconf 66' lang='lat' dir='ltr'><strong>quae</strong></span> <span class='ocrx_word' id='word_1_410' title='bbox 3158 2376 3404 2429; x_wconf 86' lang='lat' dir='ltr'><strong>mandavi</strong></span> <span class='ocrx_word' id='word_1_411' title='bbox 3440 2374 3557 2438; x_wconf 87' lang='lat' dir='ltr'><strong>tibi,</strong></span> 
     </span>
    </p>
   </div>
   <div class='ocr_carea' id='block_1_53' title="bbox 1991 2465 3558 2533">
    <p class='ocr_par' dir='ltr' id='par_1_53' title="bbox 1991 2465 3558 2533">
     <span class='ocr_line' id='line_1_53' title="bbox 1991 2465 3558 2533; baseline -0.003 -12"><span class='ocrx_word' id='word_1_412' title='bbox 1991 2469 2226 2524; x_wconf 88' lang='lat' dir='ltr'><strong>avellens</strong></span> <span class='ocrx_word' id='word_1_413' title='bbox 2263 2467 2486 2520; x_wconf 77' lang='lat' dir='ltr'><strong>avellant</strong></span> <span class='ocrx_word' id='word_1_414' title='bbox 2533 2480 2756 2533; x_wconf 78' lang='lat' dir='ltr'><strong>regnum</strong></span> <span class='ocrx_word' id='word_1_415' title='bbox 2815 2466 2882 2518; x_wconf 88' lang='lat' dir='ltr'><strong>de</strong></span> <span class='ocrx_word' id='word_1_416' title='bbox 2930 2481 3088 2518; x_wconf 90' lang='lat' dir='ltr'><strong>manu</strong></span> <span class='ocrx_word' id='word_1_417' title='bbox 3143 2475 3252 2518; x_wconf 86' lang='lat' dir='ltr'><strong>tua.</strong></span> <span class='ocrx_word' id='word_1_418' title='bbox 3311 2475 3363 2519; x_wconf 91' lang='lat' dir='ltr'><strong>et</strong></span> <span class='ocrx_word' id='word_1_419' title='bbox 3424 2465 3558 2519; x_wconf 84' lang='lat' dir='ltr'><strong>dabo</strong></span> 
     </span>
    </p>
   </div>
   <div class='ocr_carea' id='block_1_54' title="bbox 1992 2555 3557 2613">
    <p class='ocr_par' dir='ltr' id='par_1_54' title="bbox 1992 2555 3557 2613">
     <span class='ocr_line' id='line_1_54' title="bbox 1992 2555 3557 2613; baseline -0.004 0"><span class='ocrx_word' id='word_1_420' title='bbox 1992 2560 2123 2613; x_wconf 83' lang='lat' dir='ltr'><strong>illud</strong></span> <span class='ocrx_word' id='word_1_421' title='bbox 2177 2573 2335 2612; x_wconf 82' lang='lat' dir='ltr'><strong>servo</strong></span> <span class='ocrx_word' id='word_1_422' title='bbox 2379 2567 2489 2611; x_wconf 88' lang='lat' dir='ltr'><strong>tuo.</strong></span> <span class='ocrx_word' id='word_1_423' title='bbox 2536 2557 2916 2611; x_wconf 84' lang='lat' dir='ltr'><strong>Verumtamen</strong></span> <span class='ocrx_word' id='word_1_424' title='bbox 2960 2555 3012 2608; x_wconf 87' lang='lat' dir='ltr'><strong>in</strong></span> <span class='ocrx_word' id='word_1_425' title='bbox 3056 2556 3244 2609; x_wconf 86' lang='lat' dir='ltr'><strong>diebus</strong></span> <span class='ocrx_word' id='word_1_426' title='bbox 3295 2556 3398 2608; x_wconf 90' lang='lat' dir='ltr'><strong>tuis</strong></span> <span class='ocrx_word' id='word_1_427' title='bbox 3454 2570 3557 2608; x_wconf 93' lang='lat' dir='ltr'><strong>non</strong></span> 
     </span>
    </p>
   </div>
   <div class='ocr_carea' id='block_1_55' title="bbox 1993 2647 3559 2719">
    <p class='ocr_par' dir='ltr' id='par_1_55' title="bbox 1993 2647 3559 2719">
     <span class='ocr_line' id='line_1_55' title="bbox 1993 2647 3559 2719; baseline -0.004 -15"><span class='ocrx_word' id='word_1_428' title='bbox 1993 2650 2180 2705; x_wconf 82' lang='lat' dir='ltr'><strong>faciam</strong></span> <span class='ocrx_word' id='word_1_429' title='bbox 2209 2651 2332 2714; x_wconf 88' lang='lat' dir='ltr'><strong>hoc,</strong></span> <span class='ocrx_word' id='word_1_430' title='bbox 2358 2658 2576 2719; x_wconf 89' lang='lat' dir='ltr'><strong>propter</strong></span> <span class='ocrx_word' id='word_1_431' title='bbox 2605 2647 2772 2701; x_wconf 90' lang='lat' dir='ltr'><strong>David</strong></span> <span class='ocrx_word' id='word_1_432' title='bbox 2822 2655 3028 2716; x_wconf 87' lang='lat' dir='ltr'><strong>patrem</strong></span> <span class='ocrx_word' id='word_1_433' title='bbox 3063 2654 3232 2699; x_wconf 88' lang='lat' dir='ltr'><strong>tuum.</strong></span> <span class='ocrx_word' id='word_1_434' title='bbox 3287 2647 3358 2700; x_wconf 90' lang='lat' dir='ltr'><strong>De</strong></span> <span class='ocrx_word' id='word_1_435' title='bbox 3401 2661 3559 2699; x_wconf 90' lang='lat' dir='ltr'><strong>manu</strong></span> 
     </span>
    </p>
   </div>
   <div class='ocr_carea' id='block_1_56' title="bbox 1993 2737 3559 2806">
    <p class='ocr_par' dir='ltr' id='par_1_56' title="bbox 1993 2737 3559 2806">
     <span class='ocr_line' id='line_1_56' title="bbox 1993 2737 3559 2806; baseline -0.003 -13"><span class='ocrx_word' id='word_1_436' title='bbox 1993 2741 2086 2796; x_wconf 86' lang='lat' dir='ltr'><strong>lilii</strong></span> <span class='ocrx_word' id='word_1_437' title='bbox 2126 2741 2200 2794; x_wconf 90' lang='lat' dir='ltr'><strong>tui</strong></span> <span class='ocrx_word' id='word_1_438' title='bbox 2238 2739 2478 2795; x_wconf 88' lang='lat' dir='ltr'><strong>auferam</strong></span> <span class='ocrx_word' id='word_1_439' title='bbox 2516 2739 2664 2792; x_wconf 87' lang='lat' dir='ltr'><strong>illud.</strong></span> <span class='ocrx_word' id='word_1_440' title='bbox 2708 2737 3083 2792; x_wconf 84' lang='lat' dir='ltr'><strong>Verumtamen</strong></span> <span class='ocrx_word' id='word_1_441' title='bbox 3123 2747 3289 2790; x_wconf 90' lang='lat' dir='ltr'><strong>totum</strong></span> <span class='ocrx_word' id='word_1_442' title='bbox 3337 2751 3559 2806; x_wconf 88' lang='lat' dir='ltr'><strong>regnum</strong></span> 
     </span>
    </p>
   </div>
   <div class='ocr_carea' id='block_1_57' title="bbox 1993 2827 3556 2898">
    <p class='ocr_par' dir='ltr' id='par_1_57' title="bbox 1993 2827 3556 2898">
     <span class='ocr_line' id='line_1_57' title="bbox 1993 2827 3556 2898; baseline -0.004 -12"><span class='ocrx_word' id='word_1_443' title='bbox 1993 2848 2095 2887; x_wconf 92' lang='lat' dir='ltr'><strong>non</strong></span> <span class='ocrx_word' id='word_1_444' title='bbox 2142 2832 2198 2897; x_wconf 69' lang='grc'><strong>4</strong></span> <span class='ocrx_word' id='word_1_445' title='bbox 2241 2829 2512 2896; x_wconf 83' lang='lat' dir='ltr'><strong>auferam;</strong></span> <span class='ocrx_word' id='word_1_446' title='bbox 2564 2838 2836 2898; x_wconf 89' lang='lat' dir='ltr'><strong>sceptrum</strong></span> <span class='ocrx_word' id='word_1_447' title='bbox 2890 2843 3051 2881; x_wconf 89' lang='lat' dir='ltr'><strong>unum</strong></span> <span class='ocrx_word' id='word_1_448' title='bbox 3105 2829 3243 2881; x_wconf 88' lang='lat' dir='ltr'><strong>dabo</strong></span> <span class='ocrx_word' id='word_1_449' title='bbox 3293 2827 3406 2882; x_wconf 84' lang='lat' dir='ltr'><strong>filio</strong></span> <span class='ocrx_word' id='word_1_450' title='bbox 3446 2837 3556 2887; x_wconf 89' lang='lat' dir='ltr'><strong>tuo,</strong></span> 
     </span>
    </p>
   </div>
   <div class='ocr_carea' id='block_1_58' title="bbox 1991 2918 3554 2993">
    <p class='ocr_par' dir='ltr' id='par_1_58' title="bbox 1991 2918 3554 2993">
     <span class='ocr_line' id='line_1_58' title="bbox 1991 2918 3554 2993; baseline -0.004 -18"><span class='ocrx_word' id='word_1_451' title='bbox 1991 2934 2209 2993; x_wconf 88' lang='lat' dir='ltr'><strong>propter</strong></span> <span class='ocrx_word' id='word_1_452' title='bbox 2269 2921 2434 2976; x_wconf 88' lang='lat' dir='ltr'><strong>David</strong></span> <span class='ocrx_word' id='word_1_453' title='bbox 2492 2935 2706 2976; x_wconf 84' lang='lat' dir='ltr'><strong>servum</strong></span> <span class='ocrx_word' id='word_1_454' title='bbox 2765 2935 2984 2982; x_wconf 90' lang='lat' dir='ltr'><strong>meum,</strong></span> <span class='ocrx_word' id='word_1_455' title='bbox 3049 2930 3102 2973; x_wconf 91' lang='lat' dir='ltr'><strong>et</strong></span> <span class='ocrx_word' id='word_1_456' title='bbox 3141 2929 3362 2988; x_wconf 85' lang='lat' dir='ltr'><strong>propter</strong></span> <span class='ocrx_word' id='word_1_457' title='bbox 3393 2918 3554 2973; x_wconf 80' lang='lat' dir='ltr'><strong>Jeru-</strong></span> 
     </span>
    </p>
   </div>
   <div class='ocr_carea' id='block_1_59' title="bbox 1991 3007 3557 3078">
    <p class='ocr_par' dir='ltr' id='par_1_59' title="bbox 1991 3007 3557 3078">
     <span class='ocr_line' id='line_1_59' title="bbox 1991 3007 3557 3078; baseline -0.003 -14"><span class='ocrx_word' id='word_1_458' title='bbox 1991 3012 2179 3076; x_wconf 80' lang='lat' dir='ltr'><strong>salem,</strong></span> <span class='ocrx_word' id='word_1_459' title='bbox 2241 3009 2428 3064; x_wconf 91' lang='lat' dir='ltr'><strong>urbem</strong></span> <span class='ocrx_word' id='word_1_460' title='bbox 2471 3023 2630 3078; x_wconf 89' lang='lat' dir='ltr'><strong>quam</strong></span> <span class='ocrx_word' id='word_1_461' title='bbox 2685 3008 2821 3077; x_wconf 90' lang='lat' dir='ltr'><strong>elegi</strong></span> <span class='ocrx_word' id='word_1_462' title='bbox 2857 3007 2898 3058; x_wconf 68' lang='grc'><strong>⁸.</strong></span> <span class='ocrx_word' id='word_1_463' title='bbox 2946 3026 2965 3058; x_wconf 79' lang='grc' dir='ltr'>ι</span> <span class='ocrx_word' id='word_1_464' title='bbox 3019 3008 3310 3076; x_wconf 85' lang='lat' dir='ltr'><strong>Postquam</strong></span> <span class='ocrx_word' id='word_1_465' title='bbox 3370 3010 3557 3071; x_wconf 91' lang='lat' dir='ltr'><strong>enim,</strong></span> 
     </span>
    </p>
   </div>
   <div class='ocr_carea' id='block_1_60' title="bbox 1991 3100 3561 3171">
    <p class='ocr_par' dir='ltr' id='par_1_60' title="bbox 1991 3100 3561 3171">
     <span class='ocr_line' id='line_1_60' title="bbox 1991 3100 3561 3171; baseline -0.002 -13"><span class='ocrx_word' id='word_1_466' title='bbox 1991 3114 2048 3158; x_wconf 88' lang='lat' dir='ltr'><strong>ut</strong></span> <span class='ocrx_word' id='word_1_467' title='bbox 2097 3103 2242 3167; x_wconf 91' lang='lat' dir='ltr'><strong>dixi,</strong></span> <span class='ocrx_word' id='word_1_468' title='bbox 2308 3114 2492 3155; x_wconf 91' lang='lat' dir='ltr'><strong>amore</strong></span> <span class='ocrx_word' id='word_1_469' title='bbox 2547 3101 2831 3154; x_wconf 90' lang='lat' dir='ltr'><strong>mulierum</strong></span> <span class='ocrx_word' id='word_1_470' title='bbox 2900 3100 3111 3167; x_wconf 85' lang='lat' dir='ltr'><strong>victus,</strong></span> <span class='ocrx_word' id='word_1_471' title='bbox 3171 3103 3419 3171; x_wconf 88' lang='lat' dir='ltr'><strong>quamvis</strong></span> <span class='ocrx_word' id='word_1_472' title='bbox 3472 3117 3561 3157; x_wconf 88' lang='lat' dir='ltr'><strong>sa-</strong></span> 
     </span>
    </p>
   </div>
   <div class='ocr_carea' id='block_1_61' title="bbox 1991 3192 3549 3265">
    <p class='ocr_par' dir='ltr' id='par_1_61' title="bbox 1991 3192 3549 3265">
     <span class='ocr_line' id='line_1_61' title="bbox 1991 3192 3549 3265; baseline -0.001 -16"><span class='ocrx_word' id='word_1_473' title='bbox 1991 3194 2358 3265; x_wconf 87' lang='lat' dir='ltr'><strong>pientissimus</strong></span> <span class='ocrx_word' id='word_1_474' title='bbox 2417 3192 2710 3256; x_wconf 88' lang='lat' dir='ltr'><strong>Salomon,</strong></span> <span class='ocrx_word' id='word_1_475' title='bbox 2781 3193 2869 3247; x_wconf 83' lang='lat' dir='ltr'><strong>Dei</strong></span> <span class='ocrx_word' id='word_1_476' title='bbox 2941 3207 3196 3265; x_wconf 88' lang='lat' dir='ltr'><strong>regnum,</strong></span> <span class='ocrx_word' id='word_1_477' title='bbox 3251 3209 3355 3264; x_wconf 88' lang='lat' dir='ltr'><strong>qua</strong></span> <span class='ocrx_word' id='word_1_478' title='bbox 3415 3211 3549 3250; x_wconf 91' lang='lat' dir='ltr'><strong>ausu</strong></span> 
     </span>
    </p>
   </div>
   <div class='ocr_carea' id='block_1_62' title="bbox 305 3285 1881 3360">
    <p class='ocr_par' dir='ltr' id='par_1_62' title="bbox 305 3285 1880 3360">
     <span class='ocr_line' id='line_1_62' title="bbox 305 3285 1880 3360; baseline 0.004 -23"><span class='ocrx_word' id='word_1_479' title='bbox 305 3285 522 3356; x_wconf 75' lang='grc' dir='ltr'>πατέρα</span> <span class='ocrx_word' id='word_1_480' title='bbox 558 3303 672 3341; x_wconf 86' lang='grc' dir='ltr'>σου.</span> <span class='ocrx_word' id='word_1_481' title='bbox 723 3287 817 3340; x_wconf 88' lang='grc' dir='ltr'><strong>Ἐκ</strong></span> <span class='ocrx_word' id='word_1_482' title='bbox 862 3288 1046 3357; x_wconf 79' lang='grc' dir='ltr'>χειρὸς</span> <span class='ocrx_word' id='word_1_483' title='bbox 1098 3287 1216 3340; x_wconf 83' lang='grc' dir='ltr'>υἰοῦ</span> <span class='ocrx_word' id='word_1_484' title='bbox 1266 3306 1359 3342; x_wconf 93' lang='grc' dir='ltr'><strong>σου</strong></span> <span class='ocrx_word' id='word_1_485' title='bbox 1407 3289 1646 3360; x_wconf 78' lang='grc' dir='ltr'>λήψομαι</span> <span class='ocrx_word' id='word_1_486' title='bbox 1690 3291 1880 3360; x_wconf 79' lang='grc' dir='ltr'>αὑτήν.</span> 
     </span>
    </p>
   </div>
   <div class='ocr_carea' id='block_1_63' title="bbox 1986 3285 3560 3360">
    <p class='ocr_par' dir='ltr' id='par_1_63' title="bbox 1989 3285 3560 3355">
     <span class='ocr_line' id='line_1_63' title="bbox 1989 3285 3560 3355; baseline 0.001 -16"><span class='ocrx_word' id='word_1_487' title='bbox 1989 3294 2044 3340; x_wconf 88' lang='lat' dir='ltr'><strong>et</strong></span> <span class='ocrx_word' id='word_1_488' title='bbox 2091 3294 2319 3349; x_wconf 90' lang='lat' dir='ltr'><strong>conatu,</strong></span> <span class='ocrx_word' id='word_1_489' title='bbox 2360 3293 2570 3339; x_wconf 85' lang='lat' dir='ltr'><strong>tantum</strong></span> <span class='ocrx_word' id='word_1_490' title='bbox 2618 3299 2722 3337; x_wconf 88' lang='lat' dir='ltr'><strong>non</strong></span> <span class='ocrx_word' id='word_1_491' title='bbox 2768 3285 3006 3350; x_wconf 88' lang='lat' dir='ltr'><strong>discidit,</strong></span> <span class='ocrx_word' id='word_1_492' title='bbox 3058 3286 3178 3355; x_wconf 83' lang='lat' dir='ltr'><strong>ipsi,</strong></span> <span class='ocrx_word' id='word_1_493' title='bbox 3211 3296 3266 3341; x_wconf 81' lang='lat' dir='ltr'><strong>et</strong></span> <span class='ocrx_word' id='word_1_494' title='bbox 3297 3286 3392 3340; x_wconf 91' lang='lat' dir='ltr'><strong>soli</strong></span> <span class='ocrx_word' id='word_1_495' title='bbox 3427 3301 3560 3341; x_wconf 86' lang='lat' dir='ltr'><strong>con--</strong></span> 
     </span>
    </p>
   </div>
   <div class='ocr_carea' id='block_1_64' title="bbox 305 3374 1883 3448">
    <p class='ocr_par' dir='ltr' id='par_1_64' title="bbox 305 3374 1883 3448">
     <span class='ocr_line' id='line_1_64' title="bbox 305 3374 1883 3448; baseline 0.002 -21"><span class='ocrx_word' id='word_1_496' title='bbox 305 3375 476 3444; x_wconf 70' lang='grc' dir='ltr'>Πλὴν,</span> <span class='ocrx_word' id='word_1_497' title='bbox 507 3375 636 3446; x_wconf 76' lang='grc' dir='ltr'>ὃλην</span> <span class='ocrx_word' id='word_1_498' title='bbox 661 3376 759 3446; x_wconf 83' lang='grc' dir='ltr'>τὴν</span> <span class='ocrx_word' id='word_1_499' title='bbox 789 3374 1063 3444; x_wconf 82' lang='grc' dir='ltr'>βασιλείαν</span> <span class='ocrx_word' id='word_1_500' title='bbox 1094 3376 1155 3429; x_wconf 82' lang='grc' dir='ltr'>οὐ</span> <span class='ocrx_word' id='word_1_501' title='bbox 1187 3378 1261 3447; x_wconf 84' lang='grc' dir='ltr'>μὴ</span> <span class='ocrx_word' id='word_1_502' title='bbox 1290 3376 1440 3430; x_wconf 77' lang='grc' dir='ltr'>λάϐω</span> <span class='ocrx_word' id='word_1_503' title='bbox 1465 3394 1479 3410; x_wconf 78' lang='grc' dir='ltr'><strong><em>ο</em></strong></span> <span class='ocrx_word' id='word_1_504' title='bbox 1516 3381 1791 3448; x_wconf 81' lang='grc' dir='ltr'>σκῆπτρον</span> <span class='ocrx_word' id='word_1_505' title='bbox 1826 3379 1883 3430; x_wconf 85' lang='grc' dir='ltr'>ἓν</span> 
     </span>
    </p>
   </div>
   <div class='ocr_carea' id='block_1_65' title="bbox 301 3462 1883 3534">
    <p class='ocr_par' dir='ltr' id='par_1_65' title="bbox 301 3462 1883 3534">
     <span class='ocr_line' id='line_1_65' title="bbox 301 3462 1883 3534; baseline 0.001 -18"><span class='ocrx_word' id='word_1_506' title='bbox 301 3462 461 3516; x_wconf 76' lang='grc' dir='ltr'>δώσω</span> <span class='ocrx_word' id='word_1_507' title='bbox 497 3463 576 3534; x_wconf 77' lang='grc' dir='ltr'>τῷ</span> <span class='ocrx_word' id='word_1_508' title='bbox 606 3464 708 3534; x_wconf 79' lang='grc' dir='ltr'><strong>υἱῷ</strong></span> <span class='ocrx_word' id='word_1_509' title='bbox 747 3481 840 3518; x_wconf 91' lang='grc' dir='ltr'><strong>σου</strong></span> <span class='ocrx_word' id='word_1_510' title='bbox 865 3505 880 3530; x_wconf 84' lang='grc'><strong>,</strong></span> <span class='ocrx_word' id='word_1_511' title='bbox 937 3464 1026 3516; x_wconf 84' lang='grc' dir='ltr'><strong>διά</strong></span> <span class='ocrx_word' id='word_1_512' title='bbox 1076 3465 1239 3518; x_wconf 77' lang='grc' dir='ltr'><strong>Δαὸὶδ</strong></span> <span class='ocrx_word' id='word_1_513' title='bbox 1284 3465 1374 3518; x_wconf 81' lang='grc' dir='ltr'>τὸν</span> <span class='ocrx_word' id='word_1_514' title='bbox 1400 3464 1586 3518; x_wconf 84' lang='grc' dir='ltr'>δοῦλόν</span> <span class='ocrx_word' id='word_1_515' title='bbox 1617 3483 1740 3534; x_wconf 89' lang='grc' dir='ltr'>μου,</span> <span class='ocrx_word' id='word_1_516' title='bbox 1791 3467 1883 3517; x_wconf 79' lang='grc' dir='ltr'><strong>καὶ</strong></span> 
     </span>
    </p>
   </div>
   <div class='ocr_carea' id='block_1_66' title="bbox 295 3554 1880 3629">
    <p class='ocr_par' dir='ltr' id='par_1_66' title="bbox 295 3554 1880 3629">
     <span class='ocr_line' id='line_1_66' title="bbox 295 3554 1880 3629; baseline 0.002 -23"><span class='ocrx_word' id='word_1_517' title='bbox 295 3554 395 3622; x_wconf 36' lang='grc' dir='ltr'>,διὰ</span> <span class='ocrx_word' id='word_1_518' title='bbox 436 3555 784 3627; x_wconf 80' lang='grc' dir='ltr'>Ἰερουσαλὴμ</span> <span class='ocrx_word' id='word_1_519' title='bbox 810 3559 908 3629; x_wconf 83' lang='grc' dir='ltr'>τὴν</span> <span class='ocrx_word' id='word_1_520' title='bbox 933 3558 1107 3621; x_wconf 85' lang='grc' dir='ltr'>πόλιν,</span> <span class='ocrx_word' id='word_1_521' title='bbox 1133 3557 1199 3629; x_wconf 76' lang='grc' dir='ltr'>ἣν</span> <span class='ocrx_word' id='word_1_522' title='bbox 1236 3557 1585 3627; x_wconf 81' lang='grc' dir='ltr'>ἐξελεξάμην.</span> <span class='ocrx_word' id='word_1_523' title='bbox 1620 3575 1637 3608; x_wconf 77' lang='grc' dir='ltr'>ι</span> <span class='ocrx_word' id='word_1_524' title='bbox 1668 3557 1880 3628; x_wconf 77' lang='grc' dir='ltr'>Ἐπειδὴ</span> 
     </span>
    </p>
   </div>
   <div class='ocr_carea' id='block_1_67' title="bbox 305 3648 1877 3719">
    <p class='ocr_par' dir='ltr' id='par_1_67' title="bbox 305 3648 1877 3719">
     <span class='ocr_line' id='line_1_67' title="bbox 305 3648 1877 3719; baseline 0.003 -21"><span class='ocrx_word' id='word_1_525' title='bbox 305 3648 438 3717; x_wconf 69' lang='grc' dir='ltr'>γὰρ,</span> <span class='ocrx_word' id='word_1_526' title='bbox 487 3649 564 3710; x_wconf 82' lang='grc' dir='ltr'>ὡς</span> <span class='ocrx_word' id='word_1_527' title='bbox 602 3648 759 3717; x_wconf 82' lang='grc' dir='ltr'>ἔφην,</span> <span class='ocrx_word' id='word_1_528' title='bbox 786 3649 886 3718; x_wconf 84' lang='grc' dir='ltr'><strong>τῆς</strong></span> <span class='ocrx_word' id='word_1_529' title='bbox 917 3652 996 3713; x_wconf 82' lang='grc' dir='ltr'><strong>εἰς</strong></span> <span class='ocrx_word' id='word_1_530' title='bbox 1028 3652 1290 3718; x_wconf 84' lang='grc' dir='ltr'>γυναῖκας</span> <span class='ocrx_word' id='word_1_531' title='bbox 1317 3649 1609 3719; x_wconf 83' lang='grc' dir='ltr'>ἐπιθυμίας</span> <span class='ocrx_word' id='word_1_532' title='bbox 1634 3648 1877 3719; x_wconf 77' lang='grc' dir='ltr'>ἡττώμε-</span> 
     </span>
    </p>
   </div>
   <div class='ocr_carea' id='block_1_68' title="bbox 303 3741 1882 3812">
    <p class='ocr_par' dir='ltr' id='par_1_68' title="bbox 303 3741 1882 3812">
     <span class='ocr_line' id='line_1_68' title="bbox 303 3741 1882 3812; baseline 0.001 -21"><span class='ocrx_word' id='word_1_533' title='bbox 303 3755 417 3802; x_wconf 80' lang='grc' dir='ltr'>νος,</span> <span class='ocrx_word' id='word_1_534' title='bbox 445 3741 620 3793; x_wconf 86' lang='grc' dir='ltr'>καίτοι</span> <span class='ocrx_word' id='word_1_535' title='bbox 647 3741 807 3810; x_wconf 84' lang='grc' dir='ltr'>σοφὸς</span> <span class='ocrx_word' id='word_1_536' title='bbox 835 3742 910 3795; x_wconf 80' lang='grc' dir='ltr'>ὢν</span> <span class='ocrx_word' id='word_1_537' title='bbox 940 3743 1098 3811; x_wconf 79' lang='grc' dir='ltr'>ἄγαν,</span> <span class='ocrx_word' id='word_1_538' title='bbox 1128 3745 1158 3796; x_wconf 88' lang='lat'><strong>6</strong></span> <span class='ocrx_word' id='word_1_539' title='bbox 1192 3741 1440 3812; x_wconf 84' lang='grc' dir='ltr'>Σολομὼν</span> <span class='ocrx_word' id='word_1_540' title='bbox 1471 3743 1747 3812; x_wconf 78' lang='grc' dir='ltr'>μονονουχὶ</span> <span class='ocrx_word' id='word_1_541' title='bbox 1788 3743 1882 3794; x_wconf 80' lang='grc' dir='ltr'><strong>καὶ</strong></span> 
     </span>
    </p>
   </div>
   <div class='ocr_carea' id='block_1_69' title="bbox 301 3829 1879 3904">
    <p class='ocr_par' dir='ltr' id='par_1_69' title="bbox 301 3829 1879 3904">
     <span class='ocr_line' id='line_1_69' title="bbox 301 3829 1879 3904; baseline 0.001 -22"><span class='ocrx_word' id='word_1_542' title='bbox 301 3829 428 3882; x_wconf 77' lang='grc' dir='ltr'>ὅσον</span> <span class='ocrx_word' id='word_1_543' title='bbox 457 3830 580 3899; x_wconf 73' lang='grc' dir='ltr'>ἣκει</span> <span class='ocrx_word' id='word_1_544' title='bbox 605 3832 780 3885; x_wconf 81' lang='grc' dir='ltr'>εἰπεῖν</span> <span class='ocrx_word' id='word_1_545' title='bbox 807 3834 887 3894; x_wconf 86' lang='grc' dir='ltr'><strong>εἰς</strong></span> <span class='ocrx_word' id='word_1_546' title='bbox 918 3833 1336 3904; x_wconf 84' lang='grc' dir='ltr'>ἐγχειρημάτων</span> <span class='ocrx_word' id='word_1_547' title='bbox 1371 3832 1620 3902; x_wconf 82' lang='grc' dir='ltr'>δύναμιν,</span> <span class='ocrx_word' id='word_1_548' title='bbox 1655 3831 1752 3902; x_wconf 82' lang='grc' dir='ltr'>τὴν</span> <span class='ocrx_word' id='word_1_549' title='bbox 1787 3831 1879 3884; x_wconf 73' lang='grc' dir='ltr'>τοῦ</span> 
     </span>
    </p>
   </div>
   <div class='ocr_carea' id='block_1_70' title="bbox 299 3921 1882 3999">
    <p class='ocr_par' dir='ltr' id='par_1_70' title="bbox 299 3921 1882 3999">
     <span class='ocr_line' id='line_1_70' title="bbox 299 3921 1882 3999; baseline 0.002 -26"><span class='ocrx_word' id='word_1_550' title='bbox 299 3921 442 3999; x_wconf 84' lang='grc' dir='ltr'>Θεοῦ</span> <span class='ocrx_word' id='word_1_551' title='bbox 473 3921 751 3990; x_wconf 76' lang='grc' dir='ltr'>βασιλείαν</span> <span class='ocrx_word' id='word_1_552' title='bbox 779 3923 1088 3998; x_wconf 79' lang='grc' dir='ltr'>διέρρηξεν,</span> <span class='ocrx_word' id='word_1_553' title='bbox 1124 3925 1363 3988; x_wconf 86' lang='grc' dir='ltr'>εἰδώλοις</span> <span class='ocrx_word' id='word_1_554' title='bbox 1391 3925 1644 3979; x_wconf 83' lang='grc' dir='ltr'>ἀνάπτων</span> <span class='ocrx_word' id='word_1_555' title='bbox 1668 3925 1763 3994; x_wconf 80' lang='grc' dir='ltr'>τὴν</span> <span class='ocrx_word' id='word_1_556' title='bbox 1785 3925 1882 3977; x_wconf 85' lang='grc' dir='ltr'><strong>αὑ-</strong></span> 
     </span>
    </p>
   </div>
   <div class='ocr_carea' id='block_1_71' title="bbox 297 4013 1877 4087">
    <p class='ocr_par' dir='ltr' id='par_1_71' title="bbox 297 4013 1877 4087">
     <span class='ocr_line' id='line_1_71' title="bbox 297 4013 1877 4087; baseline 0.001 -22"><span class='ocrx_word' id='word_1_557' title='bbox 297 4013 376 4084; x_wconf 87' lang='grc' dir='ltr'>τῷ</span> <span class='ocrx_word' id='word_1_558' title='bbox 434 4014 530 4065; x_wconf 75' lang='grc' dir='ltr'><strong>καὶ</strong></span> <span class='ocrx_word' id='word_1_559' title='bbox 576 4014 722 4085; x_wconf 85' lang='grc' dir='ltr'>μόνῳ</span> <span class='ocrx_word' id='word_1_560' title='bbox 764 4017 1224 4087; x_wconf 80' lang='grc' dir='ltr'>πρεπωδεστάτην</span> <span class='ocrx_word' id='word_1_561' title='bbox 1273 4018 1440 4086; x_wconf 87' lang='grc' dir='ltr'>τιμήν</span> <span class='ocrx_word' id='word_1_562' title='bbox 1472 4033 1528 4070; x_wconf 85' lang='grc' dir='ltr'><strong>τε</strong></span> <span class='ocrx_word' id='word_1_563' title='bbox 1569 4015 1661 4070; x_wconf 74' lang='grc' dir='ltr'><strong>καὶ</strong></span> <span class='ocrx_word' id='word_1_564' title='bbox 1701 4013 1877 4081; x_wconf 80' lang='grc' dir='ltr'>δόξαν,</span> 
     </span>
    </p>
   </div>
   <div class='ocr_carea' id='block_1_72' title="bbox 295 4105 1880 4181">
    <p class='ocr_par' dir='ltr' id='par_1_72' title="bbox 295 4105 1880 4181">
     <span class='ocr_line' id='line_1_72' title="bbox 295 4105 1880 4181; baseline 0.002 -24"><span class='ocrx_word' id='word_1_565' title='bbox 295 4105 581 4176; x_wconf 82' lang='grc' dir='ltr'>ταύτῃτοι,</span> <span class='ocrx_word' id='word_1_566' title='bbox 612 4107 707 4159; x_wconf 79' lang='grc' dir='ltr'>καὶ</span> <span class='ocrx_word' id='word_1_567' title='bbox 735 4108 876 4177; x_wconf 90' lang='grc' dir='ltr'>μάλα</span> <span class='ocrx_word' id='word_1_568' title='bbox 900 4109 1146 4173; x_wconf 80' lang='grc' dir='ltr'>εἰκότως,</span> <span class='ocrx_word' id='word_1_569' title='bbox 1174 4108 1564 4181; x_wconf 79' lang='grc' dir='ltr'>διαρῤηγνύναι</span> <span class='ocrx_word' id='word_1_570' title='bbox 1593 4108 1724 4172; x_wconf 79' lang='grc' dir='ltr'>Θεὸς</span> <span class='ocrx_word' id='word_1_571' title='bbox 1777 4109 1880 4161; x_wconf 87' lang='grc' dir='ltr'>ἐπ-</span> 
     </span>
    </p>
   </div>
   <div class='ocr_carea' id='block_1_73' title="bbox 298 4192 1878 4264">
    <p class='ocr_par' dir='ltr' id='par_1_73' title="bbox 298 4192 1878 4264">
     <span class='ocr_line' id='line_1_73' title="bbox 298 4192 1878 4264; baseline 0.004 -21"><span class='ocrx_word' id='word_1_572' title='bbox 298 4192 522 4261; x_wconf 87' lang='grc' dir='ltr'>ηπείλει</span> <span class='ocrx_word' id='word_1_573' title='bbox 553 4193 652 4264; x_wconf 83' lang='grc' dir='ltr'>τὴν</span> <span class='ocrx_word' id='word_1_574' title='bbox 686 4194 961 4264; x_wconf 86' lang='grc' dir='ltr'>βασιλείαν</span> <span class='ocrx_word' id='word_1_575' title='bbox 1003 4197 1186 4261; x_wconf 79' lang='grc' dir='ltr'>αὐτοῦ,</span> <span class='ocrx_word' id='word_1_576' title='bbox 1219 4200 1328 4260; x_wconf 86' lang='grc' dir='ltr'>τοῖς</span> <span class='ocrx_word' id='word_1_577' title='bbox 1375 4197 1510 4261; x_wconf 85' lang='grc' dir='ltr'>ῐσοις</span> <span class='ocrx_word' id='word_1_578' title='bbox 1543 4197 1878 4260; x_wconf 88' lang='grc' dir='ltr'>άντιλυπῶν,</span> 
     </span>
    </p>
   </div>
   <div class='ocr_carea' id='block_1_74' title="bbox 297 4283 1877 4360">
    <p class='ocr_par' dir='ltr' id='par_1_74' title="bbox 297 4283 1877 4360">
     <span class='ocr_line' id='line_1_74' title="bbox 297 4283 1877 4360; baseline 0.003 -25"><span class='ocrx_word' id='word_1_579' title='bbox 297 4283 446 4336; x_wconf 75' lang='grc' dir='ltr'>κατὰ</span> <span class='ocrx_word' id='word_1_580' title='bbox 490 4284 552 4336; x_wconf 81' lang='grc' dir='ltr'>τὸ</span> <span class='ocrx_word' id='word_1_581' title='bbox 594 4287 652 4337; x_wconf 86' lang='grc' dir='ltr'><strong>ἐν</strong></span> <span class='ocrx_word' id='word_1_582' title='bbox 708 4285 786 4355; x_wconf 83' lang='grc' dir='ltr'>τῷ</span> <span class='ocrx_word' id='word_1_583' title='bbox 831 4287 1086 4357; x_wconf 78' lang='grc' dir='ltr'>προφήτῃ</span> <span class='ocrx_word' id='word_1_584' title='bbox 1138 4289 1532 4360; x_wconf 84' lang='grc' dir='ltr'>γεγραμμένον</span> <span class='ocrx_word' id='word_1_585' title='bbox 1594 4288 1877 4358; x_wconf 78' lang='grc' dir='ltr'><strong>Ἰεζεχιήλο</strong></span> 
     </span>
    </p>
   </div>
   <div class='ocr_carea' id='block_1_75' title="bbox 303 4372 1882 4449">
    <p class='ocr_par' dir='ltr' id='par_1_75' title="bbox 303 4372 1882 4449">
     <span class='ocr_line' id='line_1_75' title="bbox 303 4372 1882 4449; baseline 0.006 -25"><span class='ocrx_word' id='word_1_586' title='bbox 303 4391 322 4424; x_wconf 68' lang='grc' dir='ltr'><strong><em>ο</em></strong></span> <span class='ocrx_word' id='word_1_587' title='bbox 360 4372 563 4437; x_wconf 80' lang='grc' dir='ltr'>Καθὼς</span> <span class='ocrx_word' id='word_1_588' title='bbox 594 4375 874 4446; x_wconf 84' lang='grc' dir='ltr'>ἐποίησας,</span> <span class='ocrx_word' id='word_1_589' title='bbox 907 4377 1078 4440; x_wconf 79' lang='grc' dir='ltr'>οὕτως</span> <span class='ocrx_word' id='word_1_590' title='bbox 1105 4379 1256 4432; x_wconf 71' lang='grc' dir='ltr'>ἔσται</span> <span class='ocrx_word' id='word_1_591' title='bbox 1283 4397 1394 4432; x_wconf 87' lang='grc' dir='ltr'>σοι·</span> <span class='ocrx_word' id='word_1_592' title='bbox 1426 4379 1488 4432; x_wconf 83' lang='grc' dir='ltr'>τὸ</span> <span class='ocrx_word' id='word_1_593' title='bbox 1527 4380 1882 4449; x_wconf 84' lang='grc' dir='ltr'>ἀνταπόδομά</span> 
     </span>
    </p>
   </div>
   <div class='ocr_carea' id='block_1_76' title="bbox 296 4457 1880 4532">
    <p class='ocr_par' dir='ltr' id='par_1_76' title="bbox 296 4457 1880 4532">
     <span class='ocr_line' id='line_1_76' title="bbox 296 4457 1880 4532; baseline 0.004 -23"><span class='ocrx_word' id='word_1_594' title='bbox 296 4473 418 4520; x_wconf 89' lang='grc' dir='ltr'>σου,</span> <span class='ocrx_word' id='word_1_595' title='bbox 453 4459 942 4530; x_wconf 70' lang='grc' dir='ltr'>ἀνταποδοθήσεται</span> <span class='ocrx_word' id='word_1_596' title='bbox 975 4457 1065 4523; x_wconf 71' lang='grc' dir='ltr'>εἰς’</span> <span class='ocrx_word' id='word_1_597' title='bbox 1087 4462 1332 4532; x_wconf 78' lang='grc' dir='ltr'>κεφαλήν</span> <span class='ocrx_word' id='word_1_598' title='bbox 1363 4479 1476 4515; x_wconf 91' lang='grc' dir='ltr'>σου.</span> <span class='ocrx_word' id='word_1_599' title='bbox 1509 4481 1526 4513; x_wconf 76' lang='grc' dir='ltr'>ι</span> <span class='ocrx_word' id='word_1_600' title='bbox 1575 4462 1790 4532; x_wconf 82' lang='grc' dir='ltr'>Ἐπειδὴ</span> <span class='ocrx_word' id='word_1_601' title='bbox 1824 4463 1880 4515; x_wconf 83' lang='grc' dir='ltr'>δὲ</span> 
     </span>
    </p>
   </div>
   <div class='ocr_carea' id='block_1_77' title="bbox 295 4549 1879 4623">
    <p class='ocr_par' dir='ltr' id='par_1_77' title="bbox 295 4549 1879 4623">
     <span class='ocr_line' id='line_1_77' title="bbox 295 4549 1879 4623; baseline 0.005 -22"><span class='ocrx_word' id='word_1_602' title='bbox 295 4549 517 4602; x_wconf 80' lang='grc' dir='ltr'>άπεὸίω</span> <span class='ocrx_word' id='word_1_603' title='bbox 547 4549 798 4618; x_wconf 84' lang='grc' dir='ltr'>Σολομὼν</span> <span class='ocrx_word' id='word_1_604' title='bbox 817 4591 831 4614; x_wconf 93' lang='grc'><strong>,</strong></span> <span class='ocrx_word' id='word_1_605' title='bbox 864 4551 1123 4621; x_wconf 85' lang='grc' dir='ltr'>κέκληται</span> <span class='ocrx_word' id='word_1_606' title='bbox 1157 4552 1290 4623; x_wconf 78' lang='grc' dir='ltr'>πρὸς</span> <span class='ocrx_word' id='word_1_607' title='bbox 1333 4553 1605 4622; x_wconf 88' lang='grc' dir='ltr'>βασιλείαν</span> <span class='ocrx_word' id='word_1_608' title='bbox 1637 4558 1665 4609; x_wconf 89' lang='lat'><strong>6</strong></span> <span class='ocrx_word' id='word_1_609' title='bbox 1696 4557 1752 4623; x_wconf 83' lang='grc' dir='ltr'>ἐξ</span> <span class='ocrx_word' id='word_1_610' title='bbox 1783 4558 1879 4608; x_wconf 71' lang='grc' dir='ltr'><strong>αὗ-</strong></span> 
     </span>
    </p>
   </div>
   <div class='ocr_carea' id='block_1_78' title="bbox 1988 3376 3560 3447">
    <p class='ocr_par' dir='ltr' id='par_1_78' title="bbox 1988 3376 3560 3447">
     <span class='ocr_line' id='line_1_78' title="bbox 1988 3376 3560 3447; baseline 0.003 -20"><span class='ocrx_word' id='word_1_611' title='bbox 1988 3376 2450 3430; x_wconf 89' lang='lat' dir='ltr'><strong>venientissimum</strong></span> <span class='ocrx_word' id='word_1_612' title='bbox 2516 3376 2813 3441; x_wconf 85' lang='lat' dir='ltr'><strong>honorem,</strong></span> <span class='ocrx_word' id='word_1_613' title='bbox 2880 3386 3042 3446; x_wconf 88' lang='lat' dir='ltr'><strong>atque</strong></span> <span class='ocrx_word' id='word_1_614' title='bbox 3111 3377 3334 3447; x_wconf 88' lang='lat' dir='ltr'><strong>gloriam</strong></span> <span class='ocrx_word' id='word_1_615' title='bbox 3403 3377 3560 3432; x_wconf 87' lang='lat' dir='ltr'><strong>idolis</strong></span> 
     </span>
    </p>
   </div>
   <div class='ocr_carea' id='block_1_79' title="bbox 1985 3464 3559 3534">
    <p class='ocr_par' dir='ltr' id='par_1_79' title="bbox 1985 3464 3559 3534">
     <span class='ocr_line' id='line_1_79' title="bbox 1985 3464 3559 3534; baseline 0 -15"><span class='ocrx_word' id='word_1_616' title='bbox 1985 3479 2336 3529; x_wconf 89' lang='lat' dir='ltr'><strong>conservans,</strong></span> <span class='ocrx_word' id='word_1_617' title='bbox 2397 3464 2622 3530; x_wconf 89' lang='lat' dir='ltr'><strong>idcirco,</strong></span> <span class='ocrx_word' id='word_1_618' title='bbox 2664 3473 2718 3518; x_wconf 91' lang='lat' dir='ltr'><strong>et</strong></span> <span class='ocrx_word' id='word_1_619' title='bbox 2749 3465 2968 3534; x_wconf 90' lang='lat' dir='ltr'><strong>quidem</strong></span> <span class='ocrx_word' id='word_1_620' title='bbox 3003 3466 3325 3530; x_wconf 89' lang='lat' dir='ltr'><strong>rectissime,</strong></span> <span class='ocrx_word' id='word_1_621' title='bbox 3361 3465 3559 3520; x_wconf 85' lang='lat' dir='ltr'><strong>discis-</strong></span> 
     </span>
    </p>
   </div>
   <div class='ocr_carea' id='block_1_80' title="bbox 1984 3555 3557 3625">
    <p class='ocr_par' dir='ltr' id='par_1_80' title="bbox 1984 3555 3557 3625">
     <span class='ocr_line' id='line_1_80' title="bbox 1984 3555 3557 3625; baseline 0.001 -16"><span class='ocrx_word' id='word_1_622' title='bbox 1984 3571 2100 3610; x_wconf 89' lang='lat' dir='ltr'><strong>sum</strong></span> <span class='ocrx_word' id='word_1_623' title='bbox 2123 3555 2186 3608; x_wconf 90' lang='lat' dir='ltr'><strong>iri</strong></span> <span class='ocrx_word' id='word_1_624' title='bbox 2238 3569 2464 3625; x_wconf 89' lang='lat' dir='ltr'><strong>regnum</strong></span> <span class='ocrx_word' id='word_1_625' title='bbox 2507 3555 2625 3625; x_wconf 88' lang='lat' dir='ltr'><strong>ejus</strong></span> <span class='ocrx_word' id='word_1_626' title='bbox 2665 3555 2806 3610; x_wconf 90' lang='lat' dir='ltr'><strong>Deus</strong></span> <span class='ocrx_word' id='word_1_627' title='bbox 2844 3558 3242 3620; x_wconf 82' lang='lat' dir='ltr'><strong>comminatur,</strong></span> <span class='ocrx_word' id='word_1_628' title='bbox 3295 3571 3391 3624; x_wconf 89' lang='lat' dir='ltr'><strong>par</strong></span> <span class='ocrx_word' id='word_1_629' title='bbox 3442 3558 3557 3625; x_wconf 82' lang='lat' dir='ltr'><strong>pari</strong></span> 
     </span>
    </p>
   </div>
   <div class='ocr_carea' id='block_1_81' title="bbox 1986 3644 3561 3714">
    <p class='ocr_par' dir='ltr' id='par_1_81' title="bbox 1986 3644 3561 3714">
     <span class='ocr_line' id='line_1_81' title="bbox 1986 3644 3561 3714; baseline 0.002 -15"><span class='ocrx_word' id='word_1_630' title='bbox 1986 3645 2261 3712; x_wconf 87' lang='lat' dir='ltr'><strong>referens,</strong></span> <span class='ocrx_word' id='word_1_631' title='bbox 2317 3655 2376 3700; x_wconf 91' lang='lat' dir='ltr'><strong>ut</strong></span> <span class='ocrx_word' id='word_1_632' title='bbox 2433 3647 2693 3714; x_wconf 89' lang='lat' dir='ltr'><strong>scriptum</strong></span> <span class='ocrx_word' id='word_1_633' title='bbox 2743 3654 2830 3701; x_wconf 90' lang='lat' dir='ltr'><strong>est</strong></span> <span class='ocrx_word' id='word_1_634' title='bbox 2881 3646 2934 3700; x_wconf 92' lang='lat' dir='ltr'><strong>in</strong></span> <span class='ocrx_word' id='word_1_635' title='bbox 2988 3644 3315 3701; x_wconf 82' lang='lat' dir='ltr'><strong>Ezechiele:</strong></span> <span class='ocrx_word' id='word_1_636' title='bbox 3354 3664 3373 3697; x_wconf 75' lang='grc' dir='ltr'>ι</span> <span class='ocrx_word' id='word_1_637' title='bbox 3407 3646 3561 3702; x_wconf 75' lang='lat' dir='ltr'><strong>Sicut</strong></span> 
     </span>
    </p>
   </div>
   <div class='ocr_carea' id='block_1_82' title="bbox 1984 3737 3558 3804">
    <p class='ocr_par' dir='ltr' id='par_1_82' title="bbox 1984 3737 3558 3804">
     <span class='ocr_line' id='line_1_82' title="bbox 1984 3737 3558 3804; baseline 0.001 -12"><span class='ocrx_word' id='word_1_638' title='bbox 1984 3737 2180 3804; x_wconf 83' lang='lat' dir='ltr'><strong>fecisti,</strong></span> <span class='ocrx_word' id='word_1_639' title='bbox 2232 3738 2313 3794; x_wconf 90' lang='lat' dir='ltr'><strong>sic</strong></span> <span class='ocrx_word' id='word_1_640' title='bbox 2357 3739 2462 3792; x_wconf 90' lang='lat' dir='ltr'><strong>erit</strong></span> <span class='ocrx_word' id='word_1_641' title='bbox 2511 3738 2647 3793; x_wconf 88' lang='lat' dir='ltr'><strong>tibi:</strong></span> <span class='ocrx_word' id='word_1_642' title='bbox 2683 3739 2966 3792; x_wconf 88' lang='lat' dir='ltr'><strong>retributio</strong></span> <span class='ocrx_word' id='word_1_643' title='bbox 3010 3747 3097 3792; x_wconf 87' lang='lat' dir='ltr'><strong>tua</strong></span> <span class='ocrx_word' id='word_1_644' title='bbox 3148 3739 3475 3792; x_wconf 89' lang='lat' dir='ltr'><strong>retribuetur</strong></span> <span class='ocrx_word' id='word_1_645' title='bbox 3503 3739 3558 3793; x_wconf 89' lang='lat' dir='ltr'><strong>in</strong></span> 
     </span>
    </p>
   </div>
   <div class='ocr_carea' id='block_1_83' title="bbox 1984 3829 3562 3900">
    <p class='ocr_par' dir='ltr' id='par_1_83' title="bbox 1984 3829 3562 3900">
     <span class='ocr_line' id='line_1_83' title="bbox 1984 3829 3562 3900; baseline 0.002 -18"><span class='ocrx_word' id='word_1_646' title='bbox 1984 3838 2144 3896; x_wconf 91' lang='lat' dir='ltr'><strong>caput</strong></span> <span class='ocrx_word' id='word_1_647' title='bbox 2173 3839 2320 3883; x_wconf 87' lang='lat' dir='ltr'><strong>tuum</strong></span> <span class='ocrx_word' id='word_1_648' title='bbox 2358 3829 2400 3884; x_wconf 84' lang='lat'><strong>&#39;.</strong></span> <span class='ocrx_word' id='word_1_649' title='bbox 2444 3849 2462 3882; x_wconf 74' lang='grc' dir='ltr'>ι</span> <span class='ocrx_word' id='word_1_650' title='bbox 2529 3829 2793 3884; x_wconf 88' lang='lat' dir='ltr'><strong>Defuncto</strong></span> <span class='ocrx_word' id='word_1_651' title='bbox 2855 3829 3184 3894; x_wconf 91' lang='lat' dir='ltr'><strong>Salomone,</strong></span> <span class='ocrx_word' id='word_1_652' title='bbox 3241 3829 3383 3884; x_wconf 88' lang='lat' dir='ltr'><strong>filius</strong></span> <span class='ocrx_word' id='word_1_653' title='bbox 3440 3829 3562 3900; x_wconf 82' lang='lat' dir='ltr'><strong>ejus</strong></span> 
     </span>
    </p>
   </div>
   <div class='ocr_carea' id='block_1_84' title="bbox 1985 3921 3560 3991">
    <p class='ocr_par' dir='ltr' id='par_1_84' title="bbox 1985 3921 3560 3991">
     <span class='ocr_line' id='line_1_84' title="bbox 1985 3921 3560 3991; baseline 0.003 -17"><span class='ocrx_word' id='word_1_654' title='bbox 1985 3921 2226 3975; x_wconf 78' lang='lat' dir='ltr'><strong>Boboam</strong></span> <span class='ocrx_word' id='word_1_655' title='bbox 2263 3922 2329 3976; x_wconf 89' lang='lat' dir='ltr'><strong>ad</strong></span> <span class='ocrx_word' id='word_1_656' title='bbox 2371 3937 2596 3991; x_wconf 88' lang='lat' dir='ltr'><strong>regnum</strong></span> <span class='ocrx_word' id='word_1_657' title='bbox 2632 3931 2853 3976; x_wconf 85' lang='lat' dir='ltr'><strong>vocatus</strong></span> <span class='ocrx_word' id='word_1_658' title='bbox 2876 3931 2978 3976; x_wconf 89' lang='lat' dir='ltr'><strong>est.</strong></span> <span class='ocrx_word' id='word_1_659' title='bbox 3013 3921 3163 3976; x_wconf 90' lang='lat' dir='ltr'><strong>Tunc</strong></span> <span class='ocrx_word' id='word_1_660' title='bbox 3196 3931 3320 3977; x_wconf 88' lang='lat' dir='ltr'><strong>tunc</strong></span> <span class='ocrx_word' id='word_1_661' title='bbox 3354 3923 3560 3978; x_wconf 85' lang='lat' dir='ltr'><strong>divisus</strong></span> 
     </span>
    </p>
   </div>
   <div class='ocr_carea' id='block_1_85' title="bbox 1983 4014 3558 4085">
    <p class='ocr_par' dir='ltr' id='par_1_85' title="bbox 1983 4014 3558 4085">
     <span class='ocr_line' id='line_1_85' title="bbox 1983 4014 3558 4085; baseline 0.003 -17"><span class='ocrx_word' id='word_1_662' title='bbox 1983 4025 2072 4081; x_wconf 59' lang='lat' dir='ltr'><strong>est,</strong></span> <span class='ocrx_word' id='word_1_663' title='bbox 2088 4014 2272 4080; x_wconf 89' lang='lat' dir='ltr'><strong>lsrael,</strong></span> <span class='ocrx_word' id='word_1_664' title='bbox 2293 4023 2348 4070; x_wconf 89' lang='lat' dir='ltr'><strong>et</strong></span> <span class='ocrx_word' id='word_1_665' title='bbox 2376 4015 2443 4070; x_wconf 85' lang='lat' dir='ltr'><strong>ab</strong></span> <span class='ocrx_word' id='word_1_666' title='bbox 2466 4015 2854 4085; x_wconf 82' lang='lat' dir='ltr'><strong>Hierosolymis</strong></span> <span class='ocrx_word' id='word_1_667' title='bbox 2876 4016 3061 4071; x_wconf 89' lang='lat' dir='ltr'><strong>decem</strong></span> <span class='ocrx_word' id='word_1_668' title='bbox 3099 4015 3271 4071; x_wconf 87' lang='lat' dir='ltr'><strong>tribus</strong></span> <span class='ocrx_word' id='word_1_669' title='bbox 3296 4016 3558 4072; x_wconf 85' lang='lat' dir='ltr'><strong>discesse-</strong></span> 
     </span>
    </p>
   </div>
   <div class='ocr_carea' id='block_1_86' title="bbox 1984 4106 3554 4175">
    <p class='ocr_par' dir='ltr' id='par_1_86' title="bbox 1984 4106 3554 4175">
     <span class='ocr_line' id='line_1_86' title="bbox 1984 4106 3554 4175; baseline 0.002 -15"><span class='ocrx_word' id='word_1_670' title='bbox 1984 4115 2130 4168; x_wconf 88' lang='lat' dir='ltr'><strong>runt,</strong></span> <span class='ocrx_word' id='word_1_671' title='bbox 2161 4121 2264 4158; x_wconf 87' lang='lat' dir='ltr'><strong>una</strong></span> <span class='ocrx_word' id='word_1_672' title='bbox 2294 4120 2414 4160; x_wconf 91' lang='lat' dir='ltr'><strong>cum</strong></span> <span class='ocrx_word' id='word_1_673' title='bbox 2441 4106 2660 4160; x_wconf 90' lang='lat' dir='ltr'><strong>dimidia</strong></span> <span class='ocrx_word' id='word_1_674' title='bbox 2697 4107 2861 4172; x_wconf 92' lang='lat' dir='ltr'><strong>tribu,</strong></span> <span class='ocrx_word' id='word_1_675' title='bbox 2903 4106 3295 4175; x_wconf 81' lang='lat' dir='ltr'><strong>Epltraimitica</strong></span> <span class='ocrx_word' id='word_1_676' title='bbox 3328 4108 3554 4163; x_wconf 84' lang='lat' dir='ltr'><strong>scilicet.</strong></span> 
     </span>
    </p>
   </div>
   <div class='ocr_carea' id='block_1_87' title="bbox 1983 4195 3557 4266">
    <p class='ocr_par' dir='ltr' id='par_1_87' title="bbox 1983 4195 3557 4266">
     <span class='ocr_line' id='line_1_87' title="bbox 1983 4195 3557 4266; baseline 0.003 -17"><span class='ocrx_word' id='word_1_677' title='bbox 1983 4195 2060 4249; x_wconf 83' lang='lat' dir='ltr'><strong>Ex</strong></span> <span class='ocrx_word' id='word_1_678' title='bbox 2095 4195 2290 4264; x_wconf 85' lang='lat' dir='ltr'><strong>Joseph</strong></span> <span class='ocrx_word' id='word_1_679' title='bbox 2322 4196 2585 4264; x_wconf 90' lang='lat' dir='ltr'><strong>siquidem</strong></span> <span class='ocrx_word' id='word_1_680' title='bbox 2644 4197 2891 4266; x_wconf 91' lang='lat' dir='ltr'><strong>prognati</strong></span> <span class='ocrx_word' id='word_1_681' title='bbox 2939 4195 3196 4264; x_wconf 89' lang='lat' dir='ltr'><strong>Ephraim</strong></span> <span class='ocrx_word' id='word_1_682' title='bbox 3242 4208 3297 4253; x_wconf 89' lang='lat' dir='ltr'><strong>et</strong></span> <span class='ocrx_word' id='word_1_683' title='bbox 3344 4197 3557 4254; x_wconf 79' lang='lat' dir='ltr'><strong>Manas-</strong></span> 
     </span>
    </p>
   </div>
   <div class='ocr_carea' id='block_1_88' title="bbox 1981 4286 3554 4362">
    <p class='ocr_par' dir='ltr' id='par_1_88' title="bbox 1981 4286 3554 4362">
     <span class='ocr_line' id='line_1_88' title="bbox 1981 4286 3554 4362; baseline 0.005 -20"><span class='ocrx_word' id='word_1_684' title='bbox 1981 4301 2102 4350; x_wconf 82' lang='lat' dir='ltr'><strong>ses,</strong></span> <span class='ocrx_word' id='word_1_685' title='bbox 2151 4287 2473 4342; x_wconf 84' lang='lat' dir='ltr'><strong>auctoritate</strong></span> <span class='ocrx_word' id='word_1_686' title='bbox 2513 4297 2568 4340; x_wconf 84' lang='lat' dir='ltr'><strong>et</strong></span> <span class='ocrx_word' id='word_1_687' title='bbox 2620 4287 2892 4342; x_wconf 84' lang='lat' dir='ltr'><strong>voluntate</strong></span> <span class='ocrx_word' id='word_1_688' title='bbox 2937 4286 3126 4352; x_wconf 84' lang='lat' dir='ltr'><strong>Jacob,</strong></span> <span class='ocrx_word' id='word_1_689' title='bbox 3158 4291 3316 4359; x_wconf 90' lang='lat' dir='ltr'><strong>primi</strong></span> <span class='ocrx_word' id='word_1_690' title='bbox 3362 4294 3554 4362; x_wconf 87' lang='lat' dir='ltr'><strong>patris,</strong></span> 
     </span>
    </p>
   </div>
   <div class='ocr_carea' id='block_1_89' title="bbox 1983 4379 3551 4454">
    <p class='ocr_par' dir='ltr' id='par_1_89' title="bbox 1983 4379 3551 4454">
     <span class='ocr_line' id='line_1_89' title="bbox 1983 4379 3551 4454; baseline 0.005 -21"><span class='ocrx_word' id='word_1_691' title='bbox 1983 4395 2081 4449; x_wconf 91' lang='lat' dir='ltr'><strong>pro</strong></span> <span class='ocrx_word' id='word_1_692' title='bbox 2134 4395 2239 4434; x_wconf 87' lang='lat' dir='ltr'><strong>una</strong></span> <span class='ocrx_word' id='word_1_693' title='bbox 2288 4381 2428 4434; x_wconf 86' lang='lat' dir='ltr'><strong>tribu</strong></span> <span class='ocrx_word' id='word_1_694' title='bbox 2488 4379 2889 4448; x_wconf 90' lang='lat' dir='ltr'><strong>reputabantur.</strong></span> <span class='ocrx_word' id='word_1_695' title='bbox 2930 4381 3072 4436; x_wconf 80' lang='lat' dir='ltr'><strong>Dixit</strong></span> <span class='ocrx_word' id='word_1_696' title='bbox 3108 4384 3249 4436; x_wconf 91' lang='lat' dir='ltr'><strong>enim</strong></span> <span class='ocrx_word' id='word_1_697' title='bbox 3281 4383 3551 4454; x_wconf 83' lang='lat' dir='ltr'><strong>Josepbo:</strong></span> 
     </span>
    </p>
   </div>
   <div class='ocr_carea' id='block_1_90' title="bbox 1989 4471 3554 4542">
    <p class='ocr_par' dir='ltr' id='par_1_90' title="bbox 1989 4471 3554 4542">
     <span class='ocr_line' id='line_1_90' title="bbox 1989 4471 3554 4542; baseline 0.004 -19"><span class='ocrx_word' id='word_1_698' title='bbox 1989 4490 2006 4523; x_wconf 76' lang='grc' dir='ltr'>ι</span> <span class='ocrx_word' id='word_1_699' title='bbox 2039 4472 2199 4527; x_wconf 91' lang='lat' dir='ltr'><strong>Nunc</strong></span> <span class='ocrx_word' id='word_1_700' title='bbox 2246 4471 2412 4542; x_wconf 88' lang='lat' dir='ltr'><strong>igitur</strong></span> <span class='ocrx_word' id='word_1_701' title='bbox 2453 4471 2506 4524; x_wconf 87' lang='lat' dir='ltr'><strong>bi</strong></span> <span class='ocrx_word' id='word_1_702' title='bbox 2550 4472 2654 4525; x_wconf 88' lang='lat' dir='ltr'><strong>duo</strong></span> <span class='ocrx_word' id='word_1_703' title='bbox 2682 4471 2778 4526; x_wconf 85' lang='lat' dir='ltr'><strong>ﬁlii</strong></span> <span class='ocrx_word' id='word_1_704' title='bbox 2815 4472 2906 4535; x_wconf 91' lang='lat' dir='ltr'><strong>tui,</strong></span> <span class='ocrx_word' id='word_1_705' title='bbox 2944 4473 3034 4542; x_wconf 87' lang='lat' dir='ltr'><strong>qui</strong></span> <span class='ocrx_word' id='word_1_706' title='bbox 3067 4473 3174 4526; x_wconf 83' lang='lat' dir='ltr'><strong>nati</strong></span> <span class='ocrx_word' id='word_1_707' title='bbox 3210 4482 3334 4527; x_wconf 89' lang='lat' dir='ltr'><strong>sunt</strong></span> <span class='ocrx_word' id='word_1_708' title='bbox 3367 4475 3460 4529; x_wconf 88' lang='lat' dir='ltr'><strong>tibi</strong></span> <span class='ocrx_word' id='word_1_709' title='bbox 3498 4475 3554 4529; x_wconf 93' lang='lat' dir='ltr'><strong>in</strong></span> 
     </span>
    </p>
   </div>
   <div class='ocr_carea' id='block_1_91' title="bbox 1983 4557 3553 4635">
    <p class='ocr_par' dir='ltr' id='par_1_91' title="bbox 1983 4557 3553 4635">
     <span class='ocr_line' id='line_1_91' title="bbox 1983 4557 3553 4635; baseline 0.004 -22"><span class='ocrx_word' id='word_1_710' title='bbox 1983 4557 2244 4630; x_wconf 65' lang='lat' dir='ltr'><strong>Egypto,</strong></span> <span class='ocrx_word' id='word_1_711' title='bbox 2288 4572 2575 4629; x_wconf 84' lang='lat' dir='ltr'><strong>antequam</strong></span> <span class='ocrx_word' id='word_1_712' title='bbox 2627 4561 2866 4616; x_wconf 88' lang='lat' dir='ltr'><strong>venirem</strong></span> <span class='ocrx_word' id='word_1_713' title='bbox 2912 4565 2978 4616; x_wconf 87' lang='lat' dir='ltr'><strong>ad</strong></span> <span class='ocrx_word' id='word_1_714' title='bbox 3035 4572 3086 4617; x_wconf 91' lang='lat' dir='ltr'><strong>te</strong></span> <span class='ocrx_word' id='word_1_715' title='bbox 3131 4564 3183 4628; x_wconf 81' lang='lat' dir='ltr'><strong>in</strong></span> <span class='ocrx_word' id='word_1_716' title='bbox 3237 4563 3553 4635; x_wconf 61' lang='lat' dir='ltr'><strong>Egyptum,</strong></span> 
     </span>
    </p>
   </div>
   <div class='ocr_carea' id='block_1_92' title="bbox 294 4638 1881 4721">
    <p class='ocr_par' dir='ltr' id='par_1_92' title="bbox 294 4638 1878 4717">
     <span class='ocr_line' id='line_1_92' title="bbox 294 4638 1878 4717; baseline 0.006 -26"><span class='ocrx_word' id='word_1_717' title='bbox 294 4638 418 4704; x_wconf 82' lang='grc' dir='ltr'>τοῦ,</span> <span class='ocrx_word' id='word_1_718' title='bbox 455 4640 756 4706; x_wconf 86' lang='grc' dir='ltr'>τουτέστιν,</span> <span class='ocrx_word' id='word_1_719' title='bbox 794 4642 822 4692; x_wconf 88' lang='grc' dir='ltr'><strong>ό</strong></span> <span class='ocrx_word' id='word_1_720' title='bbox 862 4641 1115 4712; x_wconf 75' lang='grc' dir='ltr'>Ῥοϐοάμ.</span> <span class='ocrx_word' id='word_1_721' title='bbox 1146 4644 1187 4694; x_wconf 84' lang='grc' dir='ltr'>Τ</span> <span class='ocrx_word' id='word_1_722' title='bbox 1192 4644 1279 4696; x_wconf 90' lang='grc' dir='ltr'><strong>ότε</strong></span> <span class='ocrx_word' id='word_1_723' title='bbox 1308 4643 1391 4716; x_wconf 79' lang='grc' dir='ltr'>δὴ,</span> <span class='ocrx_word' id='word_1_724' title='bbox 1415 4646 1536 4698; x_wconf 85' lang='grc' dir='ltr'>τότε</span> <span class='ocrx_word' id='word_1_725' title='bbox 1553 4646 1878 4717; x_wconf 78' lang='grc' dir='ltr'>κατασχίζε-</span> 
     </span>
    </p>
   </div>
   <div class='ocr_carea' id='block_1_93' title="bbox 1986 4638 3556 4721">
    <p class='ocr_par' dir='ltr' id='par_1_93' title="bbox 1989 4652 3556 4721">
     <span class='ocr_line' id='line_1_93' title="bbox 1989 4652 3556 4721; baseline 0.004 -16"><span class='ocrx_word' id='word_1_726' title='bbox 1989 4653 2092 4706; x_wconf 91' lang='lat' dir='ltr'><strong>mei</strong></span> <span class='ocrx_word' id='word_1_727' title='bbox 2146 4661 2310 4716; x_wconf 83' lang='lat' dir='ltr'><strong>sunt,</strong></span> <span class='ocrx_word' id='word_1_728' title='bbox 2363 4652 2620 4721; x_wconf 86' lang='lat' dir='ltr'><strong>Ephraim</strong></span> <span class='ocrx_word' id='word_1_729' title='bbox 2661 4661 2717 4708; x_wconf 88' lang='lat' dir='ltr'><strong>et</strong></span> <span class='ocrx_word' id='word_1_730' title='bbox 2751 4652 3029 4709; x_wconf 76' lang='lat' dir='ltr'><strong>Manasses</strong></span> <span class='ocrx_word' id='word_1_731' title='bbox 3080 4655 3219 4709; x_wconf 90' lang='lat' dir='ltr'><strong>sicut</strong></span> <span class='ocrx_word' id='word_1_732' title='bbox 3260 4655 3445 4711; x_wconf 80' lang='lat' dir='ltr'><strong>Ruben</strong></span> <span class='ocrx_word' id='word_1_733' title='bbox 3500 4667 3556 4712; x_wconf 82' lang='lat' dir='ltr'><strong>et</strong></span> 
     </span>
    </p>
   </div>
   <div class='ocr_carea' id='block_1_94' title="bbox 294 4731 1883 4810">
    <p class='ocr_par' dir='ltr' id='par_1_94' title="bbox 294 4731 1883 4810">
     <span class='ocr_line' id='line_1_94' title="bbox 294 4731 1883 4810; baseline 0.007 -28"><span class='ocrx_word' id='word_1_734' title='bbox 294 4747 388 4783; x_wconf 85' lang='grc' dir='ltr'>ται</span> <span class='ocrx_word' id='word_1_735' title='bbox 424 4731 610 4784; x_wconf 77' lang='grc' dir='ltr'>λοιπὸν</span> <span class='ocrx_word' id='word_1_736' title='bbox 643 4733 672 4783; x_wconf 84' lang='grc' dir='ltr'>ὁ</span> <span class='ocrx_word' id='word_1_737' title='bbox 723 4733 958 4803; x_wconf 81' lang='grc' dir='ltr'>Ἰσραὴλ,</span> <span class='ocrx_word' id='word_1_738' title='bbox 999 4736 1091 4787; x_wconf 79' lang='grc' dir='ltr'>καὶ</span> <span class='ocrx_word' id='word_1_739' title='bbox 1151 4736 1485 4804; x_wconf 83' lang='grc' dir='ltr'>άποφοιτῶσι</span> <span class='ocrx_word' id='word_1_740' title='bbox 1519 4739 1617 4808; x_wconf 80' lang='grc' dir='ltr'>μὲν</span> <span class='ocrx_word' id='word_1_741' title='bbox 1660 4741 1883 4810; x_wconf 86' lang='grc' dir='ltr'>Ἰεροσο-</span> 
     </span>
    </p>
   </div>
   <div class='ocr_carea' id='block_1_95' title="bbox 294 4820 1878 4897">
    <p class='ocr_par' dir='ltr' id='par_1_95' title="bbox 294 4820 1878 4897">
     <span class='ocr_line' id='line_1_95' title="bbox 294 4820 1878 4897; baseline 0.006 -25"><span class='ocrx_word' id='word_1_742' title='bbox 294 4820 489 4891; x_wconf 83' lang='grc' dir='ltr'>λύμων</span> <span class='ocrx_word' id='word_1_743' title='bbox 515 4823 568 4872; x_wconf 90' lang='grc' dir='ltr'><strong>αἱ</strong></span> <span class='ocrx_word' id='word_1_744' title='bbox 597 4821 728 4874; x_wconf 81' lang='grc' dir='ltr'>δέκα</span> <span class='ocrx_word' id='word_1_745' title='bbox 761 4823 959 4890; x_wconf 79' lang='grc' dir='ltr'>φυλαὶ,</span> <span class='ocrx_word' id='word_1_746' title='bbox 989 4823 1084 4876; x_wconf 73' lang='grc' dir='ltr'>καὶ</span> <span class='ocrx_word' id='word_1_747' title='bbox 1116 4824 1178 4876; x_wconf 85' lang='grc' dir='ltr'>τὸ</span> <span class='ocrx_word' id='word_1_748' title='bbox 1204 4825 1373 4894; x_wconf 74' lang='grc' dir='ltr'>ἥμισυ</span> <span class='ocrx_word' id='word_1_749' title='bbox 1409 4827 1580 4896; x_wconf 81' lang='grc' dir='ltr'>φυλῆς</span> <span class='ocrx_word' id='word_1_750' title='bbox 1623 4827 1878 4897; x_wconf 78' lang='grc' dir='ltr'>Ἐφραῖμ.</span> 
     </span>
    </p>
   </div>
   <div class='ocr_carea' id='block_1_96' title="bbox 295 4911 1880 4991">
    <p class='ocr_par' dir='ltr' id='par_1_96' title="bbox 295 4911 1880 4991">
     <span class='ocr_line' id='line_1_96' title="bbox 295 4911 1880 4991; baseline 0.007 -28"><span class='ocrx_word' id='word_1_751' title='bbox 295 4911 731 4980; x_wconf 74' lang='grc' dir='ltr'>Κατελογίζοντο</span> <span class='ocrx_word' id='word_1_752' title='bbox 787 4915 896 4987; x_wconf 83' lang='grc' dir='ltr'><strong>γάρ</strong></span> <span class='ocrx_word' id='word_1_753' title='bbox 952 4916 1031 4979; x_wconf 84' lang='grc' dir='ltr'><strong>εἰς</strong></span> <span class='ocrx_word' id='word_1_754' title='bbox 1065 4916 1193 4987; x_wconf 87' lang='grc' dir='ltr'>μίαν</span> <span class='ocrx_word' id='word_1_755' title='bbox 1258 4918 1428 4988; x_wconf 83' lang='grc' dir='ltr'>φυλὴν</span> <span class='ocrx_word' id='word_1_756' title='bbox 1457 4920 1507 4970; x_wconf 85' lang='grc' dir='ltr'><strong>οἰ</strong></span> <span class='ocrx_word' id='word_1_757' title='bbox 1565 4920 1624 4983; x_wconf 83' lang='grc' dir='ltr'>ἐξ</span> <span class='ocrx_word' id='word_1_758' title='bbox 1684 4921 1880 4991; x_wconf 78' lang='grc' dir='ltr'>Ἰωσὴφ</span> 
     </span>
    </p>
   </div>
   <div class='ocr_carea' id='block_1_97' title="bbox 294 5005 1879 5079">
    <p class='ocr_par' dir='ltr' id='par_1_97' title="bbox 294 5005 1879 5079">
     <span class='ocr_line' id='line_1_97' title="bbox 294 5005 1879 5079; baseline 0.005 -24"><span class='ocrx_word' id='word_1_759' title='bbox 294 5005 588 5072; x_wconf 84' lang='grc' dir='ltr'>γεγονότες</span> <span class='ocrx_word' id='word_1_760' title='bbox 615 5007 723 5058; x_wconf 77' lang='grc' dir='ltr'>υἱοὶ</span> <span class='ocrx_word' id='word_1_761' title='bbox 771 5006 1013 5078; x_wconf 80' lang='grc' dir='ltr'>Ἐφραῖμ</span> <span class='ocrx_word' id='word_1_762' title='bbox 1061 5026 1120 5061; x_wconf 87' lang='grc' dir='ltr'><strong>τε</strong></span> <span class='ocrx_word' id='word_1_763' title='bbox 1152 5009 1244 5062; x_wconf 74' lang='grc' dir='ltr'>καὶ</span> <span class='ocrx_word' id='word_1_764' title='bbox 1269 5010 1584 5079; x_wconf 81' lang='grc' dir='ltr'>Μανασσῆς,</span> <span class='ocrx_word' id='word_1_765' title='bbox 1609 5010 1766 5063; x_wconf 82' lang='grc' dir='ltr'>τοῦτο</span> <span class='ocrx_word' id='word_1_766' title='bbox 1787 5011 1879 5063; x_wconf 80' lang='grc' dir='ltr'><strong>τοῦ</strong></span> 
     </span>
    </p>
   </div>
   <div class='ocr_carea' id='block_1_98' title="bbox 296 5097 1877 5173">
    <p class='ocr_par' dir='ltr' id='par_1_98' title="bbox 296 5097 1877 5173">
     <span class='ocr_line' id='line_1_98' title="bbox 296 5097 1877 5173; baseline 0.004 -24"><span class='ocrx_word' id='word_1_767' title='bbox 296 5097 647 5168; x_wconf 86' lang='grc' dir='ltr'>προπάτορος</span> <span class='ocrx_word' id='word_1_768' title='bbox 697 5098 889 5152; x_wconf 82' lang='grc' dir='ltr'>Ἰακὼὸ</span> <span class='ocrx_word' id='word_1_769' title='bbox 939 5103 1162 5170; x_wconf 82' lang='grc' dir='ltr'>κρατεῖν</span> <span class='ocrx_word' id='word_1_770' title='bbox 1214 5100 1590 5171; x_wconf 78' lang='grc' dir='ltr'>ἐθελήσαντος.</span> <span class='ocrx_word' id='word_1_771' title='bbox 1646 5101 1877 5173; x_wconf 75' lang='grc' dir='ltr'>Εἴρηται</span> 
     </span>
    </p>
   </div>
   <div class='ocr_carea' id='block_1_99' title="bbox 295 5187 1876 5262">
    <p class='ocr_par' dir='ltr' id='par_1_99' title="bbox 295 5187 1876 5262">
     <span class='ocr_line' id='line_1_99' title="bbox 295 5187 1876 5262; baseline 0.004 -22"><span class='ocrx_word' id='word_1_772' title='bbox 295 5188 411 5259; x_wconf 85' lang='grc' dir='ltr'><strong>γάρ</strong></span> <span class='ocrx_word' id='word_1_773' title='bbox 429 5205 512 5241; x_wconf 90' lang='grc' dir='ltr'><strong>τοι</strong></span> <span class='ocrx_word' id='word_1_774' title='bbox 547 5189 683 5260; x_wconf 80' lang='grc' dir='ltr'>πρὸς</span> <span class='ocrx_word' id='word_1_775' title='bbox 704 5191 796 5244; x_wconf 85' lang='grc' dir='ltr'>τὸν</span> <span class='ocrx_word' id='word_1_776' title='bbox 840 5192 1060 5262; x_wconf 85' lang='grc' dir='ltr'>Ἰωσήφ·</span> <span class='ocrx_word' id='word_1_777' title='bbox 1098 5210 1116 5243; x_wconf 75' lang='grc' dir='ltr'>ι</span> <span class='ocrx_word' id='word_1_778' title='bbox 1150 5191 1264 5245; x_wconf 80' lang='grc' dir='ltr'>Νῦν</span> <span class='ocrx_word' id='word_1_779' title='bbox 1288 5187 1381 5246; x_wconf 75' lang='grc' dir='ltr'>οὖν</span> <span class='ocrx_word' id='word_1_780' title='bbox 1413 5194 1461 5246; x_wconf 87' lang='grc' dir='ltr'><strong>οἰ</strong></span> <span class='ocrx_word' id='word_1_781' title='bbox 1488 5193 1581 5246; x_wconf 88' lang='grc' dir='ltr'>δύο</span> <span class='ocrx_word' id='word_1_782' title='bbox 1610 5193 1713 5246; x_wconf 85' lang='grc' dir='ltr'>υἱοί</span> <span class='ocrx_word' id='word_1_783' title='bbox 1747 5210 1839 5246; x_wconf 92' lang='grc' dir='ltr'><strong>σου</strong></span> <span class='ocrx_word' id='word_1_784' title='bbox 1861 5236 1876 5260; x_wconf 96' lang='grc'><strong>,</strong></span> 
     </span>
    </p>
   </div>
   <div class='ocr_carea' id='block_1_100' title="bbox 294 5281 1877 5357">
    <p class='ocr_par' dir='ltr' id='par_1_100' title="bbox 294 5281 1877 5357">
     <span class='ocr_line' id='line_1_100' title="bbox 294 5281 1877 5357; baseline 0.004 -24"><span class='ocrx_word' id='word_1_785' title='bbox 294 5283 342 5334; x_wconf 85' lang='lat' dir='ltr'><strong>o!</strong></span> <span class='ocrx_word' id='word_1_786' title='bbox 369 5281 655 5351; x_wconf 84' lang='grc' dir='ltr'>γενόμενοί</span> <span class='ocrx_word' id='word_1_787' title='bbox 679 5300 760 5336; x_wconf 92' lang='grc' dir='ltr'><strong>σοι</strong></span> <span class='ocrx_word' id='word_1_788' title='bbox 783 5284 841 5336; x_wconf 85' lang='grc' dir='ltr'><strong>ἐν</strong></span> <span class='ocrx_word' id='word_1_789' title='bbox 867 5285 1148 5356; x_wconf 81' lang='grc' dir='ltr'>Αἰγύπτῳ,</span> <span class='ocrx_word' id='word_1_790' title='bbox 1185 5287 1291 5357; x_wconf 79' lang='grc' dir='ltr'>πρὸ</span> <span class='ocrx_word' id='word_1_791' title='bbox 1315 5285 1408 5339; x_wconf 81' lang='grc' dir='ltr'>τοῦ</span> <span class='ocrx_word' id='word_1_792' title='bbox 1438 5284 1614 5339; x_wconf 84' lang='grc' dir='ltr'>ἐλθεῖν</span> <span class='ocrx_word' id='word_1_793' title='bbox 1645 5302 1713 5356; x_wconf 88' lang='grc' dir='ltr'><strong>με</strong></span> <span class='ocrx_word' id='word_1_794' title='bbox 1741 5286 1877 5356; x_wconf 78' lang='grc' dir='ltr'>πρὸς</span> 
     </span>
    </p>
   </div>
   <div class='ocr_carea' id='block_1_101' title="bbox 297 5373 1874 5448">
    <p class='ocr_par' dir='ltr' id='par_1_101' title="bbox 297 5373 1874 5448">
     <span class='ocr_line' id='line_1_101' title="bbox 297 5373 1874 5448; baseline 0.003 -23"><span class='ocrx_word' id='word_1_795' title='bbox 297 5373 357 5425; x_wconf 75' lang='grc' dir='ltr'>σὲ</span> <span class='ocrx_word' id='word_1_796' title='bbox 385 5375 469 5435; x_wconf 85' lang='grc' dir='ltr'><strong>είς</strong></span> <span class='ocrx_word' id='word_1_797' title='bbox 494 5374 787 5439; x_wconf 75' lang='grc' dir='ltr'>Αἴγυπτον,</span> <span class='ocrx_word' id='word_1_798' title='bbox 822 5373 942 5444; x_wconf 86' lang='grc' dir='ltr'>ἐμοί</span> <span class='ocrx_word' id='word_1_799' title='bbox 967 5377 1104 5441; x_wconf 85' lang='grc' dir='ltr'>εἰσι,</span> <span class='ocrx_word' id='word_1_800' title='bbox 1150 5376 1388 5446; x_wconf 82' lang='grc' dir='ltr'>Ἐφραῒμ</span> <span class='ocrx_word' id='word_1_801' title='bbox 1412 5417 1426 5439; x_wconf 86' lang='grc'><strong>,</strong></span> <span class='ocrx_word' id='word_1_802' title='bbox 1462 5376 1557 5430; x_wconf 79' lang='lat' dir='ltr'><strong>xal.</strong></span> <span class='ocrx_word' id='word_1_803' title='bbox 1584 5377 1874 5448; x_wconf 81' lang='grc' dir='ltr'>Μανασσῆ,</span> 
     </span>
    </p>
   </div>
   <div class='ocr_carea' id='block_1_102' title="bbox 293 5462 1876 5536">
    <p class='ocr_par' dir='ltr' id='par_1_102' title="bbox 293 5462 1876 5536">
     <span class='ocr_line' id='line_1_102' title="bbox 293 5462 1876 5536; baseline 0.005 -22"><span class='ocrx_word' id='word_1_804' title='bbox 293 5462 371 5524; x_wconf 78' lang='grc' dir='ltr'>ὡς</span> <span class='ocrx_word' id='word_1_805' title='bbox 418 5464 513 5516; x_wconf 77' lang='grc' dir='ltr'>καὶ</span> <span class='ocrx_word' id='word_1_806' title='bbox 550 5464 811 5535; x_wconf 76' lang='grc' dir='ltr'>Ἱόυῦἡμ,</span> <span class='ocrx_word' id='word_1_807' title='bbox 844 5466 937 5518; x_wconf 79' lang='grc' dir='ltr'><strong>καὶ</strong></span> <span class='ocrx_word' id='word_1_808' title='bbox 967 5465 1211 5536; x_wconf 85' lang='grc' dir='ltr'>Συμεὼν,</span> <span class='ocrx_word' id='word_1_809' title='bbox 1241 5466 1453 5520; x_wconf 82' lang='grc' dir='ltr'>ἔσονταί</span> <span class='ocrx_word' id='word_1_810' title='bbox 1487 5483 1628 5536; x_wconf 78' lang='grc' dir='ltr'>μοι.»</span> <span class='ocrx_word' id='word_1_811' title='bbox 1665 5467 1876 5522; x_wconf 79' lang='grc' dir='ltr'>Οὐκοῦν</span> 
     </span>
    </p>
   </div>
   <div class='ocr_carea' id='block_1_103' title="bbox 295 5552 1872 5626">
    <p class='ocr_par' dir='ltr' id='par_1_103' title="bbox 295 5552 1872 5626">
     <span class='ocr_line' id='line_1_103' title="bbox 295 5552 1872 5626; baseline 0.004 -22"><span class='ocrx_word' id='word_1_812' title='bbox 295 5552 350 5604; x_wconf 85' lang='grc' dir='ltr'><strong>αἰ</strong></span> <span class='ocrx_word' id='word_1_813' title='bbox 382 5552 483 5621; x_wconf 76' lang='grc' dir='ltr'>μὲν</span> <span class='ocrx_word' id='word_1_814' title='bbox 508 5552 638 5606; x_wconf 88' lang='grc' dir='ltr'>δέκα</span> <span class='ocrx_word' id='word_1_815' title='bbox 667 5555 830 5623; x_wconf 82' lang='grc' dir='ltr'><strong>φυλαί</strong></span> <span class='ocrx_word' id='word_1_816' title='bbox 855 5555 948 5607; x_wconf 80' lang='grc' dir='ltr'><strong>καὶ</strong></span> <span class='ocrx_word' id='word_1_817' title='bbox 981 5555 1043 5608; x_wconf 83' lang='grc' dir='ltr'>τὸ</span> <span class='ocrx_word' id='word_1_818' title='bbox 1070 5557 1238 5626; x_wconf 72' lang='grc' dir='ltr'>ἥμισυ</span> <span class='ocrx_word' id='word_1_819' title='bbox 1265 5557 1363 5626; x_wconf 81' lang='grc' dir='ltr'>τῆς</span> <span class='ocrx_word' id='word_1_820' title='bbox 1394 5558 1552 5626; x_wconf 81' lang='grc' dir='ltr'>μιᾶς,</span> <span class='ocrx_word' id='word_1_821' title='bbox 1593 5557 1872 5610; x_wconf 88' lang='grc' dir='ltr'>τουτέστιν</span> 
     </span>
    </p>
   </div>
   <div class='ocr_carea' id='block_1_104' title="bbox 307 5643 1870 5720">
    <p class='ocr_par' dir='ltr' id='par_1_104' title="bbox 307 5643 1870 5720">
     <span class='ocr_line' id='line_1_104' title="bbox 307 5643 1870 5720; baseline 0.004 -25"><span class='ocrx_word' id='word_1_822' title='bbox 307 5643 573 5715; x_wconf 81' lang='grc' dir='ltr'>Ἐφραῒμ,</span> <span class='ocrx_word' id='word_1_823' title='bbox 608 5645 890 5716; x_wconf 80' lang='grc' dir='ltr'>άπῴχοντο</span> <span class='ocrx_word' id='word_1_824' title='bbox 925 5647 1026 5717; x_wconf 84' lang='grc' dir='ltr'><strong>μέν</strong></span> <span class='ocrx_word' id='word_1_825' title='bbox 1058 5651 1138 5710; x_wconf 88' lang='grc' dir='ltr'><strong>εἰς</strong></span> <span class='ocrx_word' id='word_1_826' title='bbox 1170 5647 1266 5719; x_wconf 79' lang='grc' dir='ltr'>τὴν</span> <span class='ocrx_word' id='word_1_827' title='bbox 1317 5648 1649 5720; x_wconf 85' lang='grc' dir='ltr'>Σαμάρειαν,</span> <span class='ocrx_word' id='word_1_828' title='bbox 1679 5647 1783 5712; x_wconf 77' lang='grc' dir='ltr'><strong>ἔξω</strong></span> <span class='ocrx_word' id='word_1_829' title='bbox 1814 5648 1870 5701; x_wconf 80' lang='grc' dir='ltr'>δὲ</span> 
     </span>
    </p>
   </div>
   <div class='ocr_carea' id='block_1_105' title="bbox 371 5815 1397 5889">
    <p class='ocr_par' dir='ltr' id='par_1_105' title="bbox 371 5815 1397 5889">
     <span class='ocr_line' id='line_1_105' title="bbox 371 5815 1397 5889; baseline 0.008 -17"><span class='ocrx_word' id='word_1_830' title='bbox 371 5819 392 5849; x_wconf 89' lang='grc'><strong><em>³</em></strong></span> <span class='ocrx_word' id='word_1_831' title='bbox 417 5815 478 5872; x_wconf 83' lang='lat' dir='ltr'><strong>Ill</strong></span> <span class='ocrx_word' id='word_1_832' title='bbox 511 5819 640 5889; x_wconf 71' lang='lat' dir='ltr'><strong>Reg.</strong></span> <span class='ocrx_word' id='word_1_833' title='bbox 675 5838 752 5888; x_wconf 72' lang='grc' dir='ltr'>χι,</span> <span class='ocrx_word' id='word_1_834' title='bbox 793 5823 935 5878; x_wconf 85' lang='lat' dir='ltr'><strong>I-lO.</strong></span> <span class='ocrx_word' id='word_1_835' title='bbox 1012 5825 1032 5856; x_wconf 64' lang='grc' dir='ltr'>δ</span> <span class='ocrx_word' id='word_1_836' title='bbox 1059 5824 1185 5880; x_wconf 87' lang='lat' dir='ltr'><strong>ibid.</strong></span> <span class='ocrx_word' id='word_1_837' title='bbox 1213 5826 1397 5880; x_wconf 82' lang='lat' dir='ltr'><strong>ll-l5.</strong></span> 
     </span>
    </p>
   </div>
   <div class='ocr_carea' id='block_1_106' title="bbox 1987 4742 3556 4812">
    <p class='ocr_par' dir='ltr' id='par_1_106' title="bbox 1987 4742 3556 4812">
     <span class='ocr_line' id='line_1_106' title="bbox 1987 4742 3556 4812; baseline 0.003 -18"><span class='ocrx_word' id='word_1_838' title='bbox 1987 4742 2222 4812; x_wconf 89' lang='lat' dir='ltr'><strong>Symeon</strong></span> <span class='ocrx_word' id='word_1_839' title='bbox 2270 4743 2663 4810; x_wconf 86' lang='lat' dir='ltr'><strong>reputabuntur</strong></span> <span class='ocrx_word' id='word_1_840' title='bbox 2705 4743 2834 4795; x_wconf 87' lang='lat' dir='ltr'><strong>mihi</strong></span> <span class='ocrx_word' id='word_1_841' title='bbox 2863 4742 2948 4794; x_wconf 76' lang='grc'><strong>⁸.»</strong></span> <span class='ocrx_word' id='word_1_842' title='bbox 2996 4743 3180 4811; x_wconf 86' lang='lat' dir='ltr'><strong>Itaque</strong></span> <span class='ocrx_word' id='word_1_843' title='bbox 3229 4743 3410 4798; x_wconf 91' lang='lat' dir='ltr'><strong>decem</strong></span> <span class='ocrx_word' id='word_1_844' title='bbox 3457 4747 3556 4798; x_wconf 80' lang='lat' dir='ltr'><strong>tri-</strong></span> 
     </span>
    </p>
   </div>
   <div class='ocr_carea' id='block_1_107' title="bbox 1987 4831 3555 4900">
    <p class='ocr_par' dir='ltr' id='par_1_107' title="bbox 1987 4831 3555 4900">
     <span class='ocr_line' id='line_1_107' title="bbox 1987 4831 3555 4900; baseline 0.001 -16"><span class='ocrx_word' id='word_1_845' title='bbox 1987 4832 2106 4895; x_wconf 93' lang='lat' dir='ltr'><strong>bus,</strong></span> <span class='ocrx_word' id='word_1_846' title='bbox 2147 4840 2202 4885; x_wconf 90' lang='lat' dir='ltr'><strong>et</strong></span> <span class='ocrx_word' id='word_1_847' title='bbox 2234 4832 2390 4886; x_wconf 90' lang='lat' dir='ltr'><strong>unius</strong></span> <span class='ocrx_word' id='word_1_848' title='bbox 2431 4831 2732 4895; x_wconf 89' lang='lat' dir='ltr'><strong>dimidium,</strong></span> <span class='ocrx_word' id='word_1_849' title='bbox 2779 4831 2880 4885; x_wconf 88' lang='lat' dir='ltr'><strong>hoc</strong></span> <span class='ocrx_word' id='word_1_850' title='bbox 2910 4840 3014 4896; x_wconf 91' lang='lat' dir='ltr'><strong>est,</strong></span> <span class='ocrx_word' id='word_1_851' title='bbox 3053 4832 3330 4900; x_wconf 85' lang='lat' dir='ltr'><strong>Ephraim,</strong></span> <span class='ocrx_word' id='word_1_852' title='bbox 3364 4833 3416 4886; x_wconf 91' lang='lat' dir='ltr'><strong>iu</strong></span> <span class='ocrx_word' id='word_1_853' title='bbox 3449 4833 3555 4888; x_wconf 83' lang='lat' dir='ltr'><strong>Sa-</strong></span> 
     </span>
    </p>
   </div>
   <div class='ocr_carea' id='block_1_108' title="bbox 1986 4921 3552 4992">
    <p class='ocr_par' dir='ltr' id='par_1_108' title="bbox 1986 4921 3552 4992">
     <span class='ocr_line' id='line_1_108' title="bbox 1986 4921 3552 4992; baseline 0.003 -17"><span class='ocrx_word' id='word_1_854' title='bbox 1986 4921 2210 4975; x_wconf 84' lang='lat' dir='ltr'><strong>mariam</strong></span> <span class='ocrx_word' id='word_1_855' title='bbox 2262 4929 2669 4986; x_wconf 76' lang='lat' dir='ltr'><strong>concesserunt,</strong></span> <span class='ocrx_word' id='word_1_856' title='bbox 2727 4921 2972 4976; x_wconf 63' lang='lat' dir='ltr'><strong>alienata;</strong></span> <span class='ocrx_word' id='word_1_857' title='bbox 3016 4937 3045 4975; x_wconf 90' lang='lat' dir='ltr'><strong>a</strong></span> <span class='ocrx_word' id='word_1_858' title='bbox 3089 4937 3254 4992; x_wconf 83' lang='lat' dir='ltr'><strong>regno</strong></span> <span class='ocrx_word' id='word_1_859' title='bbox 3290 4924 3552 4980; x_wconf 77' lang='lat' dir='ltr'><strong>Roboam.</strong></span> 
     </span>
    </p>
   </div>
   <div class='ocr_carea' id='block_1_109' title="bbox 1984 5011 3553 5084">
    <p class='ocr_par' dir='ltr' id='par_1_109' title="bbox 1984 5011 3553 5084">
     <span class='ocr_line' id='line_1_109' title="bbox 1984 5011 3553 5084; baseline 0.004 -18"><span class='ocrx_word' id='word_1_860' title='bbox 1984 5012 2296 5066; x_wconf 88' lang='lat' dir='ltr'><strong>Mansernnt</strong></span> <span class='ocrx_word' id='word_1_861' title='bbox 2338 5023 2517 5067; x_wconf 90' lang='lat' dir='ltr'><strong>autem</strong></span> <span class='ocrx_word' id='word_1_862' title='bbox 2560 5011 2948 5084; x_wconf 87' lang='lat' dir='ltr'><strong>Hierosolymis</strong></span> <span class='ocrx_word' id='word_1_863' title='bbox 3001 5014 3090 5084; x_wconf 90' lang='lat' dir='ltr'><strong>qui</strong></span> <span class='ocrx_word' id='word_1_864' title='bbox 3149 5015 3202 5068; x_wconf 90' lang='lat' dir='ltr'><strong>in</strong></span> <span class='ocrx_word' id='word_1_865' title='bbox 3236 5016 3378 5070; x_wconf 81' lang='lat' dir='ltr'><strong>tribu</strong></span> <span class='ocrx_word' id='word_1_866' title='bbox 3416 5015 3553 5072; x_wconf 83' lang='lat' dir='ltr'><strong>Juda</strong></span> 
     </span>
    </p>
   </div>
   <div class='ocr_carea' id='block_1_110' title="bbox 1981 5101 3552 5172">
    <p class='ocr_par' dir='ltr' id='par_1_110' title="bbox 1981 5101 3552 5172">
     <span class='ocr_line' id='line_1_110' title="bbox 1981 5101 3552 5172; baseline 0.005 -18"><span class='ocrx_word' id='word_1_867' title='bbox 1981 5112 2033 5157; x_wconf 86' lang='lat' dir='ltr'><strong>et</strong></span> <span class='ocrx_word' id='word_1_868' title='bbox 2081 5101 2363 5172; x_wconf 75' lang='lat' dir='ltr'><strong>Benjamin</strong></span> <span class='ocrx_word' id='word_1_869' title='bbox 2405 5103 2847 5158; x_wconf 86' lang='lat' dir='ltr'><strong>numerabantur.</strong></span> <span class='ocrx_word' id='word_1_870' title='bbox 2883 5105 2982 5157; x_wconf 83' lang='lat' dir='ltr'><strong>Ast</strong></span> <span class='ocrx_word' id='word_1_871' title='bbox 3033 5121 3156 5172; x_wconf 81' lang='lat' dir='ltr'><strong>rege</strong></span> <span class='ocrx_word' id='word_1_872' title='bbox 3205 5115 3260 5160; x_wconf 87' lang='lat' dir='ltr'><strong>et</strong></span> <span class='ocrx_word' id='word_1_873' title='bbox 3289 5107 3424 5161; x_wconf 89' lang='lat' dir='ltr'><strong>duce</strong></span> <span class='ocrx_word' id='word_1_874' title='bbox 3453 5109 3552 5162; x_wconf 82' lang='lat' dir='ltr'><strong>de-</strong></span> 
     </span>
    </p>
   </div>
   <div class='ocr_carea' id='block_1_111' title="bbox 1982 5193 3554 5262">
    <p class='ocr_par' dir='ltr' id='par_1_111' title="bbox 1982 5193 3554 5262">
     <span class='ocr_line' id='line_1_111' title="bbox 1982 5193 3554 5262; baseline 0.003 -14"><span class='ocrx_word' id='word_1_875' title='bbox 1982 5195 2155 5248; x_wconf 90' lang='lat' dir='ltr'><strong>stituti</strong></span> <span class='ocrx_word' id='word_1_876' title='bbox 2196 5193 2287 5262; x_wconf 93' lang='lat' dir='ltr'><strong>qui</strong></span> <span class='ocrx_word' id='word_1_877' title='bbox 2319 5203 2474 5247; x_wconf 89' lang='lat' dir='ltr'><strong>erant</strong></span> <span class='ocrx_word' id='word_1_878' title='bbox 2523 5193 2576 5246; x_wconf 92' lang='lat' dir='ltr'><strong>in</strong></span> <span class='ocrx_word' id='word_1_879' title='bbox 2625 5193 2895 5259; x_wconf 82' lang='lat' dir='ltr'><strong>Samaria,</strong></span> <span class='ocrx_word' id='word_1_880' title='bbox 2939 5209 3058 5249; x_wconf 91' lang='lat' dir='ltr'><strong>cum</strong></span> <span class='ocrx_word' id='word_1_881' title='bbox 3099 5195 3434 5252; x_wconf 83' lang='lat' dir='ltr'><strong>Roboamum</strong></span> <span class='ocrx_word' id='word_1_882' title='bbox 3487 5204 3554 5254; x_wconf 85' lang='lat' dir='ltr'><strong>de</strong></span> 
     </span>
    </p>
   </div>
   <div class='ocr_carea' id='block_1_112' title="bbox 1985 5284 3555 5353">
    <p class='ocr_par' dir='ltr' id='par_1_112' title="bbox 1985 5284 3555 5353">
     <span class='ocr_line' id='line_1_112' title="bbox 1985 5284 3555 5353; baseline 0.003 -15"><span class='ocrx_word' id='word_1_883' title='bbox 1985 5284 2385 5340; x_wconf 88' lang='lat' dir='ltr'><strong>incursionibus</strong></span> <span class='ocrx_word' id='word_1_884' title='bbox 2418 5293 2726 5353; x_wconf 83' lang='lat' dir='ltr'><strong>suspectum</strong></span> <span class='ocrx_word' id='word_1_885' title='bbox 2756 5285 3038 5350; x_wconf 85' lang='lat' dir='ltr'><strong>baberent,</strong></span> <span class='ocrx_word' id='word_1_886' title='bbox 3067 5297 3120 5339; x_wconf 93' lang='lat' dir='ltr'><strong>et</strong></span> <span class='ocrx_word' id='word_1_887' title='bbox 3145 5303 3267 5342; x_wconf 88' lang='lat' dir='ltr'><strong>cum</strong></span> <span class='ocrx_word' id='word_1_888' title='bbox 3293 5290 3555 5344; x_wconf 85' lang='lat' dir='ltr'><strong>uxoribus</strong></span> 
     </span>
    </p>
   </div>
   <div class='ocr_carea' id='block_1_113' title="bbox 1978 5375 3551 5444">
    <p class='ocr_par' dir='ltr' id='par_1_113' title="bbox 1978 5375 3551 5444">
     <span class='ocr_line' id='line_1_113' title="bbox 1978 5375 3551 5444; baseline 0.003 -14"><span class='ocrx_word' id='word_1_889' title='bbox 1978 5375 2277 5444; x_wconf 89' lang='lat' dir='ltr'><strong>liberisque</strong></span> <span class='ocrx_word' id='word_1_890' title='bbox 2316 5376 2545 5430; x_wconf 81' lang='lat' dir='ltr'><strong>exitium</strong></span> <span class='ocrx_word' id='word_1_891' title='bbox 2580 5386 2982 5444; x_wconf 79' lang='lat' dir='ltr'><strong>exspectarent,</strong></span> <span class='ocrx_word' id='word_1_892' title='bbox 3020 5377 3305 5434; x_wconf 84' lang='lat' dir='ltr'><strong>Jeroboam</strong></span> <span class='ocrx_word' id='word_1_893' title='bbox 3337 5394 3551 5435; x_wconf 85' lang='lat' dir='ltr'><strong>servum</strong></span> 
     </span>
    </p>
   </div>
   <div class='ocr_carea' id='block_1_114' title="bbox 1980 5467 3549 5541">
    <p class='ocr_par' dir='ltr' id='par_1_114' title="bbox 1980 5467 3549 5541">
     <span class='ocr_line' id='line_1_114' title="bbox 1980 5467 3549 5541; baseline 0.003 -19"><span class='ocrx_word' id='word_1_894' title='bbox 1980 5467 2308 5533; x_wconf 87' lang='lat' dir='ltr'><strong>Salomonis,</strong></span> <span class='ocrx_word' id='word_1_895' title='bbox 2361 5467 2455 5538; x_wconf 88' lang='lat' dir='ltr'><strong>qui</strong></span> <span class='ocrx_word' id='word_1_896' title='bbox 2505 5469 2557 5522; x_wconf 92' lang='lat' dir='ltr'><strong>in</strong></span> <span class='ocrx_word' id='word_1_897' title='bbox 2606 5467 2900 5541; x_wconf 68' lang='lat' dir='ltr'><strong>Egyptum</strong></span> <span class='ocrx_word' id='word_1_898' title='bbox 2948 5471 3013 5525; x_wconf 88' lang='lat' dir='ltr'><strong>ad</strong></span> <span class='ocrx_word' id='word_1_899' title='bbox 3058 5470 3305 5526; x_wconf 85' lang='lat' dir='ltr'><strong>Susacim</strong></span> <span class='ocrx_word' id='word_1_900' title='bbox 3367 5487 3549 5541; x_wconf 80' lang='lat' dir='ltr'><strong>regem</strong></span> 
     </span>
    </p>
   </div>
   <div class='ocr_carea' id='block_1_115' title="bbox 1979 5559 3552 5632">
    <p class='ocr_par' dir='ltr' id='par_1_115' title="bbox 1979 5559 3552 5632">
     <span class='ocr_line' id='line_1_115' title="bbox 1979 5559 3552 5632; baseline 0.003 -20"><span class='ocrx_word' id='word_1_901' title='bbox 1979 5559 2310 5627; x_wconf 87' lang='lat' dir='ltr'><strong>perlugerat,</strong></span> <span class='ocrx_word' id='word_1_902' title='bbox 2363 5560 2712 5626; x_wconf 90' lang='lat' dir='ltr'><strong>accersitum,</strong></span> <span class='ocrx_word' id='word_1_903' title='bbox 2754 5562 2938 5616; x_wconf 87' lang='lat' dir='ltr'><strong>statim</strong></span> <span class='ocrx_word' id='word_1_904' title='bbox 2986 5562 3282 5632; x_wconf 87' lang='lat' dir='ltr'><strong>principem</strong></span> <span class='ocrx_word' id='word_1_905' title='bbox 3331 5577 3552 5617; x_wconf 78' lang='lat' dir='ltr'><strong>creave—</strong></span> 
     </span>
    </p>
   </div>
   <div class='ocr_carea' id='block_1_116' title="bbox 1979 5649 3546 5722">
    <p class='ocr_par' dir='ltr' id='par_1_116' title="bbox 1979 5649 3546 5722">
     <span class='ocr_line' id='line_1_116' title="bbox 1979 5649 3546 5722; baseline 0.004 -18"><span class='ocrx_word' id='word_1_906' title='bbox 1979 5658 2127 5715; x_wconf 87' lang='lat' dir='ltr'><strong>runt,</strong></span> <span class='ocrx_word' id='word_1_907' title='bbox 2152 5657 2208 5704; x_wconf 85' lang='lat' dir='ltr'><strong>et</strong></span> <span class='ocrx_word' id='word_1_908' title='bbox 2235 5649 2386 5718; x_wconf 80' lang='lat' dir='ltr'><strong>regni</strong></span> <span class='ocrx_word' id='word_1_909' title='bbox 2432 5661 2647 5722; x_wconf 89' lang='lat' dir='ltr'><strong>sceptro</strong></span> <span class='ocrx_word' id='word_1_910' title='bbox 2694 5653 2970 5710; x_wconf 87' lang='lat' dir='ltr'><strong>hominem</strong></span> <span class='ocrx_word' id='word_1_911' title='bbox 3019 5654 3304 5710; x_wconf 85' lang='lat' dir='ltr'><strong>scelestum</strong></span> <span class='ocrx_word' id='word_1_912' title='bbox 3347 5655 3546 5710; x_wconf 86' lang='lat' dir='ltr'><strong>condo-</strong></span> 
     </span>
    </p>
   </div>
   <div class='ocr_carea' id='block_1_117' title="bbox 1477 5826 2541 5896">
    <p class='ocr_par' dir='ltr' id='par_1_117' title="bbox 1477 5826 2541 5896">
     <span class='ocr_line' id='line_1_117' title="bbox 1477 5826 2541 5896; baseline 0.003 -15"><span class='ocrx_word' id='word_1_913' title='bbox 1477 5827 1497 5859; x_wconf 85' lang='lat'><strong>&#39;</strong></span> <span class='ocrx_word' id='word_1_914' title='bbox 1531 5827 1724 5884; x_wconf 78' lang='lat' dir='ltr'><strong>Ezecli.</strong></span> <span class='ocrx_word' id='word_1_915' title='bbox 1761 5843 1855 5894; x_wconf 87' lang='lat' dir='ltr'><strong>xu,</strong></span> <span class='ocrx_word' id='word_1_916' title='bbox 1890 5826 1973 5880; x_wconf 82' lang='lat' dir='ltr'><strong>ll.</strong></span> <span class='ocrx_word' id='word_1_917' title='bbox 2052 5829 2072 5859; x_wconf 81' lang='grc'>⁸</span> <span class='ocrx_word' id='word_1_918' title='bbox 2099 5828 2234 5884; x_wconf 78' lang='lat' dir='ltr'><strong>Gen.</strong></span> <span class='ocrx_word' id='word_1_919' title='bbox 2273 5843 2456 5896; x_wconf 76' lang='lat' dir='ltr'><strong>XLVIII,</strong></span> <span class='ocrx_word' id='word_1_920' title='bbox 2490 5831 2541 5884; x_wconf 82' lang='grc'><strong>5.</strong></span> 
     </span>
    </p>
   </div>
  </div>
