4094 6632
532 463 601 520 13
1549 468 1605 523 S.
1647 466 1921 523 CYRILLI
1961 466 2431 523 ALEXANDRINI
2472 467 2792 525 ARCHIEP.
3716 478 3784 528 16

531 576 855 633 corarunt'.
898 575 1027 631 Erat
1078 583 1258 631 autem
1311 574 1598 633 Jeroboam
1655 580 1723 635 de
1784 588 1987 648 monte,
2050 592 2091 637 et

2207 583 2307 654 τῆς
2333 582 2571 655 Ῥοσοάμ
2600 585 2857 652 γεγόνασι
2898 583 3196 653 βασιλείας,
3237 584 3693 658 ἀπομεμενήκασι
3726 588 3783 643 δὲ

529 668 671 725 tribu
725 667 1005 739 Epliraim.
1054 667 1170 724 Rex
1228 670 1556 725 constitutus
1583 671 1648 726 de
1680 679 1877 727 caetero
1915 687 2101 728 secum

526 762 900 831 pertractavit,
938 776 1174 832 quonam
1203 763 1363 817 modo
1395 777 1621 834 regnum
1650 779 1805 818 suum
1834 765 2103 822 stabiliret

525 860 686 923 atque
704 854 1072 921 conﬁrmaret,
1093 863 1146 908 et
1161 868 1349 909 eorum
1375 855 1466 924 qui
1484 869 1543 910 se
1563 855 1839 927 elegerant
1854 856 2100 912 voluntas

526 947 594 998 ad
627 944 773 998 aliud
816 945 1102 1000 consilium
1136 946 1523 1014 capessendum
1566 960 1634 1001 ne
1669 956 2096 1003 converteretur.

522 1032 727 1087 Deinde
750 1047 870 1086 cum
896 1033 1127 1098 timeret,
1157 1048 1226 1087 ne
1249 1034 1388 1089 forte
1410 1033 1730 1105 religionum
1758 1050 1787 1090 a
1812 1035 1928 1103 lege
1964 1052 2100 1105 prae-

521 1125 873 1194 scriptarum,
898 1124 955 1179 et
969 1124 1228 1179 festorum
1248 1141 1366 1196 quae
1381 1126 1769 1196 Hierosolymis
1783 1141 2100 1197 perageren—

522 1225 613 1271 tur
636 1218 948 1273 recordatus
973 1218 1138 1274 Israel
1160 1220 1263 1285 ,ad
1290 1229 1468 1274 vetera
1491 1220 1737 1274 instituta
1768 1233 2094 1288 recurreret,

522 1306 574 1379 5
587 1318 639 1363 et
656 1307 913 1363 Roboami
924 1308 1049 1381 jugo
1066 1310 1129 1365 de
1142 1310 1348 1381 integro
1361 1309 1887 1377 subjiceretur,'duos
1900 1312 2097 1367 vitulos

520 1418 712 1459 aureos
732 1403 1028 1458 fabricatus
1073 1403 1577 1466 est,etaddivinum
1618 1402 1820 1457 cultum
1853 1404 1903 1456 in
1921 1406 2097 1459 excel-

521 1510 638 1550 sum
658 1496 945 1550 ascendere
975 1494 1229 1549 lsraelem
1245 1494 1574 1560 faciens,eos
1604 1494 1856 1563 precibus
1875 1495 2096 1551 etvicti-

518 1585 624 1639 mis
650 1586 891 1640 venerari
924 1585 1235 1655 suppliciter
1259 1584 1442 1654 jussit.
1465 1604 1483 1637 ι
1522 1583 1590 1638 Ει
1620 1584 1823 1654 posuit,
1848 1603 1867 1636 ι
1902 1586 2093 1655 inquit,

524 1696 542 1728 ι
568 1693 733 1731 unum
751 1678 965 1747 quidem
1000 1676 1325 1747 in‘Galgala,
1356 1677 1518 1731 alium
1565 1676 1617 1731 in
1652 1676 1784 1740 Dan,
1823 1695 1841 1727 ι
1870 1679 2094 1734 urbibus

519 1772 574 1825 in
619 1771 1005 1827 Samaritarum
1061 1772 1336 1843 provincia
1420 1782 1544 1827 ante
1592 1772 1725 1826 alias
1769 1772 2091 1829 illustribus.

516 1862 703 1934 Itaque
725 1865 910 1919 decem
946 1868 1135 1931 tritius,
1168 1875 1221 1920 et
1251 1865 1469 1919 dimidia
1493 1864 1666 1918 tribus
1705 1863 1961 1933 Ephraim
1995 1867 2092 1920 du-

2210 676 2267 729 ἑν
2298 678 2408 739 τοῖς
2457 675 2853 748 Ἰεροσολύμοις
2880 679 2929 731 oi
2954 679 3018 731 ὲκ
3048 677 3220 748 φυλῆς
3260 678 3450 745 Ἰούδα,
3481 681 3575 732 ml
3605 680 3784 734 Βενιαο

2211 768 2323 838 μίν.
2368 767 2586 840 Ἐπειδὴ
2631 768 2689 822 δὲ
2735 768 3079 823 ἀϐασίλευτοι
3117 787 3177 823 τε
3242 770 3336 824 ml
3380 771 3784 844 ἀστρατήγητοι

2210 859 2465 932 μένοντες
2521 862 2570 915 oi
2601 862 2658 915 ὲν
2707 862 2994 934 Σαμαρείᾳ
3034 862 3134 926 τάς
3176 863 3241 915 ἐκ
3271 863 3367 916 τοῦ
3406 861 3642 934 Ῥοϐοάμ
3685 866 3785 933 ἑφ-

2206 952 2356 1016 όδους
2378 953 2717 1018 ἐπώπτευον,
2742 954 2837 1007 καὶ
2866 954 3092 1017 ἑαυτοὺς
3111 954 3175 1025 δὴ
3210 955 3353 1025 μάλα
3376 958 3488 1018 τοῖς
3511 954 3783 1022 φιλτάτοις

2206 1043 2609 1098 συνδιόλλυσθαι
2647 1044 3024 1116 προσεδόκων,
3063 1044 3512 1115 μεταπέμπονται
3542 1045 3632 1097 τὸν
3680 1045 3780 1097 Ἰε-

2208 1138 2433 1210 ροδοάμ.
2472 1139 2703 1208 Οίκέτης
2730 1138 2787 1191 δὲ
2811 1132 2967 1200 οὗτος
3021 1132 3092 1208 ἦν
3121 1136 3484 1208 Σολομῶντος,
3544 1135 3783 1207 ἀποδρὰς

2203 1232 2284 1293 είς
2330 1230 2770 1301 Αίγυπτονπρδς
2814 1230 3129 1301 Σουσακεὶμ
3169 1230 3409 1300 βασιλέα.
3442 1228 3551 1282 Καὶ
3584 1229 3648 1300 δὴ
3689 1228 3783 1283 ml

2203 1322 2425 1375 ἐλθόντα
2456 1323 2966 1393 κεχειροτονήκασιν
3013 1321 3176 1384 εὐθὺς
3216 1322 3296 1385 είς
3321 1321 3642 1390 ἡγούμενον,
3685 1319 3783 1374 καὶ

2207 1415 2471 1485 σκήπτρῳ
2511 1415 2608 1483 τῆς
2661 1413 2936 1483 βασιλείας
2984 1414 3316 1484 τετιμήκασι
3362 1412 3452 1466 τὸν
3481 1412 3777 1481 ἀλιτήριον.

2202 1506 2312 1557 Kal
2366 1501 2433 1575 ἦν
2486 1505 2772 1577 Ἰεροόοάμ
2836 1503 2896 1569 ἐξ
2941 1504 3101 1577 ὅρους
3173 1504 3268 1557 ml
3308 1502 3479 1573 φυλῆς
3522 1501 3778 1572 Ἐφραῒμ.

2216 1597 2433 1666 Ἐπειδὴ
2481 1597 2537 1649 δὲ
2602 1598 3013 1668 κεχειροτόνητο
3066 1596 3354 1666 βασιλεὺς,
3411 1595 3784 1665 ὲξεμηχανᾶτο

2201 1689 2407 1752 λοιπὸν,
2441 1690 2567 1743 τίνα
2588 1689 2787 1760 τρόπον
2814 1689 2963 1759 αὐτῷ
2985 1688 3053 1741 τά
3081 1688 3180 1758 τῆς
3205 1688 3478 1758 βασιλείας
3503 1687 3781 1756 στήσεται,

2201 1782 2295 1835 καὶ
2331 1782 2388 1833 ὲν
2425 1781 2626 1852 βεϐαίῳ
2669 1784 2839 1851 μενεῖ,
2860 1782 2962 1835 καὶ
2989 1781 3099 1834 τῶν
3125 1779 3618 1850 χειροτονησάντων
3645 1775 3784 1846 γνώ-

2205 1891 2309 1943 μης
2343 1874 2403 1926 ού
2435 1872 2834 1943 μεθισταμένης
2867 1875 2944 1935 είς
2973 1873 3166 1943 ἑτέραν
3194 1873 3318 1924 τινὰ
3359 1871 3555 1941 βουλήν
3591 1886 3649 1923 τε
3690 1870 3785 1923 καὶ

516 1958 729 2028 pliciter
769 1958 1101 2013 defecerunt.
1158 1956 1272 2011 Non
1345 1956 1516 2012 solum
1557 1959 1702 2012 enim
1751 1958 1819 2012 ab
1849 1957 2091 2013 Hieroso-

2202 1965 2411 2035 σκέψιν.
2462 1961 2595 2018 Εἶτα
2643 1964 2827 2028 δεδιὼς
2862 1965 2934 2036 μὴ
2968 1964 3075 2034 ἄρα
3117 1982 3234 2026 πως
3262 1964 3360 2035 τῆς
3391 1964 3449 2014 ὲν
3496 1960 3647 2033 νόμῳ
3690 1961 3784 2014 λα-

516 2049 567 2119 ly
578 2049 699 2113 mis,
736 2048 826 2103 sed
846 2049 1009 2103 etiam
1042 2049 1107 2103 ab
1126 2048 1241 2118 ipsa
1256 2048 1458 2118 pietate
1479 2063 1604 2120 erga
1625 2049 1795 2105 Deum
1826 2060 2100 2105 transver-

519 2138 619 2193 sim
643 2138 910 2204 abierunt,
956 2140 1155 2194 vitulos
1201 2152 1394 2194 aureos
1435 2140 1742 2207 adorantes,
1792 2141 2098 2196 sacrifican-

515 2242 817 2300 tesque,‘ct
867 2232 1124 2301 operibus
1183 2246 1443 2286 manuum
1517 2247 1737 2288 suarum
1778 2233 2094 2296 servientes,

515 2326 653 2380 sicut
698 2330 956 2391 scriptum
986 2333 1069 2381 est
1092 2327 1134 2381 ⁸.
1169 2326 1270 2393 Qui
1301 2335 1479 2381 autem
1512 2325 1863 2399 Jerosolymis
1887 2342 2099 2381 reman-

518 2428 723 2480 serant,
770 2416 957 2483 Judas,
1017 2419 1260 2488 inquam,
1290 2428 1343 2474 et
1377 2417 1692 2490 Benjamin,
1736 2421 1954 2474 oracula
1986 2418 2097 2471 Μο-

514 2509 591 2565 sis
630 2509 861 2579 quadam
908 2510 1261 2564 veneratione
1323 2510 1807 2578 prosequebantur,
1858 2510 2093 2563 illorum-

513 2617 618 2669 que
690 2601 958 2655 rationem
1027 2599 1318 2655 ducebant.
1388 2598 1777 2654 Sacriﬁcabant
1848 2600 1990 2655 enim
2042 2601 2095 2654 in

516 2692 750 2763 templo:
802 2701 1175 2747 verumtamen
1225 2690 1475 2746 charitati
1528 2691 1584 2745 in
1628 2689 1797 2747 Deum
1848 2707 1955 2745 non
2002 2705 2097 2759 per

511 2788 693 2839 omnia
721 2784 1089 2847 adhaerebant,
1110 2783 1253 2853 quod
1282 2796 1336 2837 et
1363 2783 1510 2854 ipsos
1542 2785 1830 2853 apostasis,
1866 2799 1964 2838 seu
1996 2784 2093 2838 den

511 2876 672 2932 fectio
720 2876 997 2932 diviserat.
1033 2875 1423 2931 Sacriﬁcabant
1461 2891 1692 2947 namque
1728 2876 1887 2931 idolis
1930 2892 2095 2947 super

510 2985 726 3024 omnem
767 2969 959 3023 collem
1000 2968 1303 3034 sublimem,
1347 2977 1401 3023 et
1440 2969 1543 3023 sub
1593 2968 1742 3023 omni
1774 2968 1917 3038 ligno
1942 2968 2091 3023 fron-

510 3062 664 3123 doso,
707 3060 860 3129 juxta
924 3074 1110 3115 vocem
1160 3060 1435 3129 prophetae
1464 3060 1506 3113 ⁹.
1549 3060 1682 3112 Cum
1730 3059 1893 3128 igitur
1938 3061 2091 3114 audis

509 3162 726 3208 sanctos
755 3152 1050 3223 pr0pbetas
1077 3152 1433 3206 nominantes
1452 3151 1637 3216 lsrael,
1670 3151 1783 3205 sive
1815 3152 2089 3221 Eplirziim,

510 3243 806 3299 Samaritas
858 3243 1139 3312 intellige;
1199 3259 1325 3297 eum
1400 3242 1590 3299 Judam
1658 3252 1709 3296 et
1774 3242 2086 3310 Benjamin,

2206 2056 2413 2129 τρείας,
2471 2057 2563 2112 ml
2597 2057 2703 2111 τῶν
2736 2060 2792 2111 ἐν
2824 2061 2936 2121 τοῖς
2980 2057 3373 2129 Ἰεροσολύμοις
3430 2056 3785 2127 ἐπιτελουμέ-

2209 2168 2314 2202 νων
2372 2149 2578 2221 ἑορτῶν
2639 2151 2719 2213 είς
2789 2149 3095 2220 ἀνάμνησιν
3132 2148 3395 2219 ’ἐνεχθεὶς
3446 2149 3475 2200 ό
3533 2148 3780 2219 Ἰσραὴλ,

2208 2242 2599 2313 παλινδρομεῖν
2647 2241 2826 2295 ἕλοιτο
2881 2244 2962 2305 είς
2998 2241 3060 2294 τὸ
3117 2241 3176 2293 ὲν
3225 2241 3463 2312 ἀρχαῖς,
3534 2239 3630 2292 καὶ
3671 2241 3785 2303 τοῖς

2218 2332 2456 2403 Ῥοϐοάμ
2522 2332 2843 2404 ύπενεχθείη
2890 2333 3112 2400 ζυγοῖς,
3157 2329 3252 2385 δύο
3294 2328 3555 2400 δαμάλεις
3613 2329 3783 2400 ἐργά-

2206 2425 2361 2489 ζεται
2431 2428 2671 2494 χρυσᾶς,
2722 2426 2814 2478 ml
2869 2425 3007 2496 πρὸς
3076 2424 3138 2476 τὸ
3205 2421 3369 2484 σέϐας
3442 2418 3785 2485 ἀναϐιϐάζων

2204 2516 2297 2569 τὸν
2338 2516 2573 2587 Ἰσραὴλ,
2606 2516 2827 2569 ἐκέλευε
2853 2516 3177 2588 προσκυνεῖν
3204 2514 3395 2577 αὐταῖς
3424 2512 3523 2565 κα)⁸
3559 2512 3785 2564 ὁλοκαυ-

2202 2605 2348 2662 τοῦν.
2389 2626 2409 2660 ι
2444 2607 2555 2661 Καὶ
2584 2608 2835 2671 ἀπέθετο,
2870 2626 2889 2659 ι
2917 2607 3069 2679 φησι,
3102 2624 3121 2658 ι
3151 2605 3248 2675 τὴν
3280 2604 3380 2676 μὲν
3402 2606 3480 2667 είς
3508 2602 3781 2671 Γάλγαλα,

2203 2697 2302 2767 τὴν
2331 2697 2387 2751 δὲ
2411 2699 2493 2761 είς
2522 2697 2649 2751 Δάν.
2687 2716 2706 2749 ι
2743 2698 2935 2763 Πόλεις
2980 2697 3089 2770 γὰρ
3121 2692 3281 2751 αὗται
3319 2695 3782 2768 περιφανέστεραι

2202 2787 2311 2842 τῶν
2339 2788 2533 2854 ἄλλων,
2569 2790 2626 2841 αἳ
2669 2786 2808 2861 ἦσαν
2850 2791 2909 2842 ὲν
2959 2788 3111 2860 χώρᾳ
3151 2788 3526 2860 Σαμαρειτῶν.
3570 2784 3782 2840 Οὐκοῦν

2200 2877 2351 2948 διττὴ
2378 2878 2566 2948 γέγονε
2591 2879 2701 2933 τῶν
2728 2878 2859 2933 δέκα
2902 2878 3086 2949 φυλῶν
3120 2881 3161 2951 ,ή
3204 2880 3525 2942 ἀπόστασις,
3552 2879 3647 2931 καὶ
3685 2877 3777 2931 τοῦ

2202 2970 2432 3041 ἡμίσους
2464 2971 2635 3043 φυλῆς
2674 2971 2933 3042 Ἐφραῖμ.
2981 2970 3276 3041 Ἐξῴχοντο
3302 2969 3430 3041 γὰρ,
3462 2969 3583 3041 οὐχὶ
3620 2968 3780 3040 μόνον

2200 3067 2307 3117 τῶν
2346 3063 2751 3137 Ἰεροσολύμων,
2782 3062 2917 3116 ἀλλὰ
2950 3062 3041 3115 ml
3081 3063 3251 3134 αὐτῆς
3283 3062 3383 3133 τῆς
3415 3062 3494 3126 εἰς
3525 3061 3656 3116 Θεὸν
3686 3061 3777 3114 εύ-

2202 3155 2437 3220 σεϐείας,
2485 3155 2749 3226 δαμάλεσι
2784 3155 3215 3228 προσκυνοῦντες
3261 3159 3512 3228 χρυσαῖς,
3557 3155 3779 3221 θύοντές

2198 3247 2401 3313 τε,·καὶ
2442 3246 2795 3318 λατρεύοντες
2833 3250 2947 3311 τοῖς
3001 3248 3182 3320 ἔργοις
3202 3248 3312 3301 τῶν
3336 3248 3534 3320 χειρῶν
3576 3247 3774 3312 αὐτῶν,

507 3352 603 3392 eos
668 3338 759 3407 qui
826 3334 1179 3405 Jerosolymis
1238 3332 1857 3391 rcmanserunt.‘Erant
1908 3345 2089 3391 autem

2199 3337 2342 3392 καθὰ
2369 3339 2701 3409 γέγραπται.
2745 3340 2808 3391 Ol
2851 3338 2907 3391 δέ
2957 3355 3021 3407 γε
3054 3339 3537 3409 ἀπομεμενηκότες
3578 3339 3636 3391 ἐν
3667 3340 3778 3400 τοῖς

507 3429 782 3498 prophetae
817 3428 959 3497 apud
1001 3443 1116 3492 eos,
1157 3428 1452 3484 indiscrete
1502 3434 1614 3483 tum
1659 3429 1727 3484 de
1775 3428 1843 3485 iis
1890 3429 1984 3499 qui
2034 3430 2087 3484 in

506 3521 766 3587 Samaria,
808 3530 917 3575 tum
962 3521 1028 3576 de
1060 3521 1123 3577 iis
1171 3521 1263 3591 qui
1291 3520 1641 3593 Jerosolymis
1686 3522 2085 3578 vaticinantes:

504 3628 733 3683 quorum
755 3613 1241 3686 aliiJerosolymis,
1301 3615 1391 3669 alii
1444 3615 1498 3669 in
1569 3614 1965 3669 Samaritarum
2006 3631 2089 3669 re-

504 3707 662 3778 gione
691 3707 1016 3773 habitantes,
1050 3708 1144 3763 Dei
1170 3722 1447 3763 sermones
1478 3706 1823 3763 audientibus
1846 3719 2091 3776 apporta-

503 3800 656 3855 bant.
693 3800 985 3855 Sciendum
1008 3808 1208 3866 autem,
1240 3809 1364 3870 post
1389 3800 1603 3855 avulsas
1631 3801 1814 3855 decem
1844 3800 2014 3854 tribus
2036 3811 2088 3854 et

508 3892 789 3947 dimidiam
836 3893 1033 3945 tribum
1074 3890 1329 3960 prraim
1354 3890 1790 3961 abJerosolymis
1832 3899 2088 3957 utrosque

505 3983 737 4053 propriis
796 3984 1008 4055 regibus
1074 3997 1198 4037 esse
1255 3998 1402 4048 usos,
1472 3982 1635 4052 idque
1697 3982 1763 4036 ad
1840 3981 2087 4036 ultimam

505 4093 674 4145 usque
728 4077 1093 4147 captivitatem
1137 4075 1389 4141 obtinuit,
1419 4091 1449 4130 a
1482 4088 1587 4145 qua
1618 4086 1670 4129 et
1691 4072 2083 4144 Jerosolymam

504 4167 645 4238 Cyro
673 4176 948 4237 regnante,
985 4178 1039 4222 et
1064 4168 1296 4222 reditum
1348 4168 1453 4223 illis
1504 4167 1848 4237 permittente
1882 4168 2086 4221 reversi

505 4269 655 4325 sunt,
727 4260 863 4313 duce
899 4275 961 4313 ac
998 4258 1243 4330 principe
1277 4258 1609 4314 Zorobabele
1645 4258 1953 4314 Salatltielis
1980 4258 2087 4313 {ilio

504 4350 725 4406 detribu
756 4350 914 4413 Juda,
946 4360 1001 4404 et
1049 4368 1264 4405 summo
1308 4350 1598 4406 sacerdote
1638 4348 1764 4403 Jesu
1799 4350 1905 4403 tilio
1933 4351 2089 4405 Jose-

503 4441 699 4497 dec”.
743 4441 878 4496 Tum
940 4458 1155 4512 quoque
1215 4444 1474 4512 templum
1558 4440 1974 4504 reaadiiicarunt,
2031 4451 2086 4496 et

502 4535 649 4589 omni
668 4534 873 4589 sublata
901 4535 1193 4597 discordia,
1227 4538 1327 4589 sub
1359 4550 1466 4588 uno
1490 4534 1718 4603 imperio
1734 4531 2086 4602 Jcrosolymis

502 4626 775 4681 vixerunt.
794 4627 1015 4693 Quoties
1044 4637 1225 4680 autem
1262 4625 1495 4681 diversis
1533 4626 1864 4695 temporibus
1889 4625 1940 4679 in
1972 4640 2085 4677 ser-

2202 3428 2614 3501 Ἰεροσολύμοις,
2659 3428 2860 3493 Ἰούδας
2888 3446 2971 3495 τε,
2999 3429 3166 3499 φημὶ,
3200 3430 3294 3482 ml
3337 3429 3614 3499 Βενιαμὶν,
3641 3426 3776 3483 αἰδὼ

2193 3521 2291 3592 μέν
2332 3537 2452 3575 τινα
2495 3521 2591 3575 ml
2636 3519 2793 3590 λόγον
2819 3520 2931 3574 τῶν
2959 3520 3045 3573 διὰ
3086 3520 3328 3584 Μωσέως
3370 3520 3651 3574 ἐποιοῦντο
3682 3520 3771 3572 θε-

2192 3616 2537 3685 σπισμάτων.
2570 3613 2767 3667 Ἕθυον
2808 3612 2916 3684 γὰρ
2948 3614 3008 3665 ὲν
3049 3612 3126 3683 τῷ
3164 3612 3311 3683 ναῷ·
3357 3612 3619 3683 πλὴνοούχ
3651 3613 3770 3689 ὀλο-

2187 3708 2405 3777 τρόπως
2444 3707 2545 3778 τῆς
2595 3709 2676 3771 είς
2708 3706 2841 3760 Θεὸν
2885 3706 3107 3777 ἀγάπης
3154 3706 3439 3778 ὲξείχοντο,
3474 3709 3773 3781 κατεμερί-

2190 3799 2342 3864 ζοντο
2397 3801 2455 3853 δὲ
2506 3802 2600 3854 ml
2646 3801 2806 3854 αὐτοὶ
2852 3801 2990 3872 πρὸς
3038 3801 3359 3855 ἀπόστασιν.
3412 3802 3609 3855 Ἕθυον
3662 3802 3772 3872 γὰρ

2190 3891 2429 3954 εἰδώλοις
2480 3892 2572 3945 ἐπὶ
2619 3892 2803 3946 πάντα
2857 3892 3045 3963 βουνὸν
3093 3893 3314 3965 ὑψηλὸν,
3367 3893 3463 3946 καὶ
3515 3894 3774 3948 ὑποκάτω

2190 3982 2395 4045 παντὸς
2419 3982 2574 4047 ξύλου
2601 3982 2894 4045 ἀλσώδους,
2934 3984 3075 4037 κατά
3100 3983 3196 4053 τὴν
3221 3982 3314 4036 τοῦ
3345 3989 3626 4055 προφήτου
3654 4002 3767 4053 φω-

2189 4072 2305 4142 νήν.
2356 4072 2526 4127 Ὅταν
2586 4072 2764 4127 τοίνυν
2826 4074 3034 4147 ἀκούῃς
3085 4074 3192 4128 τῶν
3242 4076 3413 4144 ἀγίων
3474 4077 3770 4147 προφητῶν

2189 4162 2560 4234 ὀνομαζόντων
2590 4165 2681 4219 τὸν
2723 4166 2960 4237 Ἰσραὴλ,
2988 4167 3105 4236 ῆτοι
3134 4164 3222 4218 τὸν
3260 4167 3519 4237 Ἐφραῖμ,
3551 4169 3670 4221 τότε
3703 4168 3767 4239 δή

2192 4270 2281 4323 μοι
2313 4255 2422 4307 νόει
2454 4256 2580 4319 τοὺς
2622 4257 2679 4309 ἐν
2718 4259 2785 4328 τῇ
2830 4256 3134 4328 Σαμαρείᾳο
3186 4257 3312 4310 ὅταν
3350 4258 3406 4310 δὲ
3442 4258 3533 4311 τὸν
3570 4257 3770 4311 Ἰούδαν

2188 4346 2283 4400 καὶ
2312 4346 2594 4418 Βενιαμὶν,
2638 4348 2768 4412 τοὺς
2800 4349 3204 4419 ἀπομείναντας
3249 4349 3309 4402 ὲν
3356 4349 3765 4421 Ἰεροσολύμοις.

2188 4435 2370 4493 Ἦσαν
2400 4440 2456 4493 δὲ
2493 4440 2768 4512 προφῆται
2800 4442 2931 4511 παρ’
2971 4440 3175 4505 αὐτοῖς,
3207 4440 3536 4514 ἀδιακρίτως
3560 4442 3687 4511 περί
3709 4459 3766 4494 τε

2188 4532 2296 4585 τῶν
2322 4532 2378 4585 ὲν
2420 4535 2487 4603 τῇ
2529 4533 2812 4602 Σαμαρείᾳ
2857 4533 2950 4586 ml
2990 4532 3099 4587 τῶν
3133 4535 3190 4586 ὲν
3227 4536 3339 4596 τοῖς
3377 4534 3767 4605 Ἰεροσολύμοις

2191 4623 2645 4695 προφητεύοντες.
2675 4622 2785 4677 Καὶ
2811 4624 2860 4675 οἱ
2900 4624 2998 4693 μὲν
3028 4626 3086 4678 ὲν
3115 4628 3227 4690 τοῖς
3273 4624 3683 4696 Ἰεροσολύμοις,
3717 4628 3766 4677 oi

501 4720 730 4774 vitutem
794 4720 993 4773 redacti
1022 4719 1388 4774 sintseorsum
1406 4717 1593 4773 decem
1621 4718 1815 4781 tribus,
1846 4716 1901 4772 et
1924 4716 2086 4772 dimi-

2199 4716 2247 4768 δὲ
2293 4716 2393 4787 τὴν
2450 4715 2808 4787 Σαμαρειτῶν
2855 4718 3130 4781 οἰκοῦντες
3170 4718 3387 4789 χώραν,
3439 4717 3567 4781 τοὺς
3619 4719 3768 4787 παρά

504 4810 589 4864 dia
643 4811 812 4865 tribus
872 4810 1147 4880 Ephraim,
1200 4821 1252 4865 et
1285 4808 1375 4879 qui
1404 4807 1711 4863 incolebant
1758 4807 2079 4873 Jerusalem,

502 4901 662 4966 Juda,
693 4911 748 4956 et
776 4900 1080 4971 Benjamin,
1104 4901 1267 4957 exliis
1293 4916 1412 4971 qua!
1433 4902 1961 4974 sequunturliquido
1988 4918 2082 4970 pa-

505 4993 656 5048 tebit.
688 4993 924 5051 Necesse
950 5010 1112 5066 porro
1130 4994 1231 5049 fuit
1262 4994 1423 5050 etiam
1450 5004 1693 5066 tempora
1709 4994 1903 5053 litteris
1926 5010 2081 5048 ηιθυ-

2191 4806 2327 4861 Θεοῦ
2354 4809 2464 4871 τοῖς
2493 4807 2864 4878 ἀκροωμένοις
2888 4807 3191 4878 διεκόμιζον
3221 4807 3431 4875 λόγους.
3471 4808 3664 4861 Ἰστέον
3686 4807 3762 4872 δὲ,

2189 4903 2270 4955 ὅτι
2302 4899 2437 4971 μετά
2460 4899 2519 4953 τὸ
2546 4900 2926 4972 ἀπορραγῆναι
2954 4900 3063 4954 τῶν
3105 4900 3489 4971 Ἰεροσολύμων
3513 4899 3609 4962 τὰς
3633 4898 3765 4952 δέκα

2190 4992 2383 5063 φυλὰς,
2417 4990 2511 5044 ml
2539 4990 2601 5044 τὸ
2629 4992 2798 5062 ἥμισυ
2829 4989 2999 5063 φυλῆς
3054 4990 3315 5062 Ἐφρατμ,
3350 4990 3498 5053 ἰδίοις
3526 4989 3765 5060 ἐχρῶντο

504 5086 640 5149 dari,
665 5084 866 5155 quibus
882 5086 1256 5155 unusquisque
1284 5094 1593 5141 sanctorum
1610 5086 1666 5156 6
1694 5086 2080 5155 prephetarum

2199 5082 2472 5155 βασιλεῦσι
2497 5083 2591 5137 ml
2620 5084 2669 5135 οἱ
2700 5085 2758 5136 ὲν
2785 5085 2850 5153 τῇ
2880 5082 3186 5154 Σαμαρείᾳ,
3214 5082 3309 5136 ml
3336 5083 3402 5139 οί,
3426 5084 3483 5135 ὲν
3507 5085 3619 5145 τοῖς
3664 5082 3763 5134 Ἰε-

503 5178 715 5231 locutus
741 5186 844 5243 est,
872 5187 934 5231 ut
958 5187 1148 5233 exacte
1182 5193 1547 5242 nosceremus,
1575 5177 1721 5248 quali
1756 5192 1934 5231 rerum
1965 5187 2077 5230 sta-

2199 5176 2526 5247 οοσολύμοις.
2566 5174 2687 5227 Καὶ
2722 5171 2879 5226 τοῦτο
2910 5173 3250 5243 κεκράτηκεν
3282 5172 3409 5241 ἄχρι
3438 5169 3633 5241 καιροῦ
3662 5169 3763 5239 τῆς

503 5276 583 5332 tu,
607 5275 663 5323 et
684 5284 920 5338 quonam
972 5270 1134 5326 modo
1173 5270 1238 5323 iis
1286 5270 1626 5333 habentibus,
1680 5268 1774 5323 Dei
1818 5269 1975 5323 \erba
2009 5268 2077 5321 ad

2199 5267 2499 5328 τελευταίας
2556 5263 2967 5335 αἰχμαλωσίας,
3012 5263 3246 5318 ὅτεοκαὶ
3288 5262 3658 5333 ύπενόστησαν
3704 5263 3763 5314 ἐν

502 5374 599 5416 eos
628 5361 771 5417 facta
796 5362 923 5417 sint.
1510 5358 1523 5369 “

2199 5357 2639 5430 Ἰεροσολύμοις(
2666 5356 2858 5427 ’Κύρου
2904 5357 3339 5429 κεκρατηκότος,
3391 5356 3486 5409 ml
3542 5356 3762 5420 ἀνέντος

474 5453 688 5517 ,αὐτοῖς
715 5453 814 5523 τὴν
842 5450 1176 5523 άποδρομὴν,
1205 5450 1613 5519 καθηγουμένου
1652 5450 1748 5520 μὲν
1778 5448 2078 5521 Ζοροϐάϐελ
2118 5447 2210 5501 τοῦ
2280 5447 2571 5518 Σαλαθιὴλ,
2638 5447 2697 5511 ὃς
2733 5442 2802 5519 ἦν
2844 5449 2908 5502 ὲκ
2955 5447 3129 5518 φυλῆς
3173 5446 3363 5514 Ἰούδα,
3396 5445 3765 5519 ίερατεύοντος

502 5544 563 5600 δὲ
608 5544 781 5616 Ἰησοῦ
814 5542 907 5599 τοῦ
955 5543 1218 5597 Ἰωσεδὲκ.
1268 5542 1401 5595 Τότε
1453 5542 1544 5595 καὶ
1590 5542 1676 5594 τὸν
1716 5541 1841 5593 ναὸν
1902 5540 2273 5611 άνεδείμαντο,
2344 5540 2438 5595 ml
2500 5538 2607 5594 ὑπὸ
2644 5540 2771 5611 μίαν
2835 5542 3123 5608 γεγόνασιν
3155 5537 3350 5609 ἀρχὴν,
3385 5536 3482 5591 ml
3512 5541 3767 5609 κατῳκή-

506 5656 667 5695 κασιν
714 5639 774 5692 ὲν
833 5637 1246 5710 Ἰεροσολύμοις,
1278 5635 1542 5707 διχονοίας
1583 5634 1799 5705 ἀπάσης
1866 5633 2235 5705 ἐξῃρημένης.
2267 5634 2431 5688 Ὅσαι
2493 5633 2549 5687 δὲ
2620 5632 2759 5687 κατὰ
2805 5632 3031 5704 καιροὺς
3075 5629 3444 5701 αἱχμαλωσίαι
3477 5631 3764 5700 γεγόνασιν

501 5728 611 5786 ἀνὰ
662 5730 825 5801 μέρος
872 5729 980 5782 τῶν
1026 5729 1156 5781 δέκα
1205 5725 1407 5795 φυλῶν,
1439 5726 1533 5780 ml
1575 5726 1755 5796 μέντοι
1813 5725 1908 5778 ml
1956 5726 2046 5778 τοῦ
2088 5727 2330 5797 ἡμίσεως
2389 5725 2562 5797 φυλῆς
2600 5725 2859 5798 Ἐφραῖμ,
2891 5726 2986 5780 ml
3054 5722 3164 5777 τῶν
3194 5724 3251 5777 ὲν
3303 5723 3417 5789 τοῖς
3471 5723 3768 5795 Ἰεροσολύ-

577 5913 596 5943 "
631 5911 688 5965 Ill
726 5911 853 5981 Reg.
892 5927 967 5977 χι,
1006 5910 1115 5977 20';
1154 5927 1248 5977 xu,
1290 5908 1497 5979 lscqq.
1576 5909 1595 5939 ⁸
1633 5907 1792 5963 liii-lt.
1839 5925 1887 5975 ι’,
1929 5911 2012 5963 15.

2199 5919 2201 5952 i
2239 5908 2373 5977 Reg.
2406 5922 2514 5970 xw,
2543 5907 2613 5959 25
2642 5924 2654 5973 ;
2684 5905 2880 5962 Ιειιριιι.
2929 5920 3013 5969 ιιι,
3049 5904 3134 5960 15.
3218 5908 3260 5938 ’⁸
3301 5906 3319 5957 1
3360 5904 3513 5959 Esdr.
3551 5919 3610 5969 tt,
3652 5904 3758 5959 1.2!.
