4094 6550
268 398 330 452 Π
1183 399 1735 458 COMMENTARIUS
1774 399 1840 455 IN
1878 400 2107 458 OSEAM
2146 399 2592 457 PROPIIETAM.
3468 397 3538 457 Η

266 528 410 586 μοις,
458 514 632 571 Ἰούδα
655 506 737 585 τε,
762 519 924 591 φημὶ,
967 520 1060 574 καὶ
1091 520 1369 599 Βενιαμὶν,
1404 519 1614 591 προῖὼν
1660 521 1689 573 ό
1752 518 1910 588 λόγος
1946 518 2205 584 ἐπιδείξει
2252 518 2461 589 σαφῶς.
2528 516 2895 591 Ἀνάγραπτοι
2937 516 2995 571 δέ
3036 516 3326 587 γεγόνασιν
3372 516 3541 587 ἀναγο

266 606 439 672 καίως
482 609 580 664 καὶ
623 610 674 664 oi
724 612 923 683 χρόνοι,
965 612 1088 667 καθ’
1126 610 1220 678 οὓς
1262 613 1492 677 ἕκαστος
1530 612 1643 667 τῶν
1678 610 1850 680 ἁγίων
1888 611 2150 683 λελάληκε
2217 611 2537 684 προφητῶν,
2588 612 2654 665 ἵν’
2702 609 2977 683 ειδείημεν
3028 612 3275 684 ἀκριϐῶς
3320 612 3378 665 ἐν
3411 612 3539 684 ποίᾳ

264 697 372 750 τινὶ
417 701 749 757 καταστάσει
801 702 913 757 τῶν
956 704 1298 777 πραγμάτων
1340 705 1629 775 κειμένων,
1666 703 1788 757 τίνα
1834 720 1893 757 τε
1929 702 2132 775 τρόπον
2196 704 2447 775 ἐχόντων,
2474 705 2523 758 οἱ
2557 703 2709 776 παρὰ
2733 702 2869 758 Θεοῦ
2900 702 3038 775 πρὸς
3062 704 3260 768 αὐτοὺς
3284 703 3539 773 γεγόνασι

252 788 439 877 λόγοι.

586 920 971 1011 ΤΟΜΟΣ
1059 922 1532 1011 ΠΡΩΤΟΣ.

870 1056 1125 1112 ΚΕΦΑΛ.
1162 1054 1244 1113 A'.

340 1165 530 1234 Λόγος
562 1167 785 1236 Κυρίου
818 1168 887 1236 ὃς
923 1170 1176 1240 ἐγενήθη
1212 1171 1363 1239 πρὸς
1403 1169 1582 1239 Ὠσηὲ
1610 1168 1718 1224 τὸν
1744 1168 1851 1224 τοῦ

272 1257 466 1326 Βεηρί,
509 1258 581 1313 ἐν
622 1259 872 1329 ἡμέραις
928 1261 1130 1323 Ὀζίου’
1171 1264 1269 1317 καὶ
1330 1263 1590 1334 Ἰωάθαμ,
1656 1261 1848 1332 Ἀχὰζῖ

282 1348 564 1420 Ἐζεκίου,
600 1352 913 1417 βασιλέων
970 1355 1158 1409 Ἰούδα
1203 1356 1301 1409 καὶ
1334 1356 1405 1410 ἐν
1449 1355 1698 1425 ἡμέραις
1745 1355 1852 1411 Ἰε-

264 1440 490 1510 ροϐοὰμ
518 1442 653 1496 υἱοῦ
710 1443 874 1510 Ἰωὰς
897 1446 1206 1513 ,βασιλέως
1244 1446 1352 1502 τοῦ
1404 1446 1672 1517 Ἰσραήλ.

339 1534 417 1587 A'.
466 1534 805 1606 Προερητεύει
852 1538 1082 1593 τοίνυνό
1110 1540 1377 1611 μακάριος
1421 1539 1580 1611 Ὠσηὲ
1627 1540 1685 1592 ἐν
1714 1536 1852 1610 ὴμέ-

272 1640 394 1693 ραις
440 1624 636 1691 Ὀςίου,
664 1628 758 1680 καὶ
789 1629 1045 1697 Ἰωάθαμ,
1076 1631 1172 1685 καὶ
1201 1631 1392 1702 ’Δχὰζ,
1433 1632 1529 1685 καὶ
1583 1630 1848 1701 Ἐζεχίου,

272 1714 535 1785 βασιλέων
596 1718 783 1773 Ἰούδα·
834 1722 926 1774 καὶ
972 1722 1029 1776 ἐν
1075 1723 1311 1796 ἡμέραις
1370 1722 1675 1794 Ἰεροϐοὰμ,
1733 1721 1852 1775 υίοῦ

284 1805 438 1869 Ἰωὰς
471 1807 737 1879 βασιλέως
772 1811 1013 1883 Ἰσραήλ.
1047 1814 1156 1867 Καὶ
1184 1814 1212 1866 ὁ
1244 1816 1342 1885 μὲν
1370 1814 1559 1885 χρόνος
1590 1814 1689 1884 τῆς
1719 1830 1855 1885 προ-

272 1898 502 1967 φητείας
535 1901 698 1973 μέχρι
721 1902 913 1957 τούτου
945 1908 1144 1959 νοεῖται
1179 1905 1368 1960 λαϐὼν
1396 1907 1497 1977 τὴν
1521 1906 1851 1978 παράτασιν.

269 1991 392 2063 Χρὴ
435 1992 512 2057 δὲ,
567 1991 741 2065 οἶμαι,
778 1996 847 2051 τὰ
893 1998 979 2067 ἐφ’
1011 1999 1228 2070 ἑκάστῳ
1281 1998 1468 2053 λοιπὸν
1520 1999 1853 2069 ἀφηγεῖσθαι

273 2083 481 2153 σαφῶς,
515 2085 587 2149 ὡς
630 2087 697 2141 ἂν
732 2086 944 2160 ἔχωμεν
974 2090 1198 2155 ἐννοεῖν,
1247 2090 1500 2163 καθάπερ
1534 2092 1635 2164 ἤδη
1674 2095 1858 2165 προεῖ-

272 2193 397 2239 πον,
422 2178 599 2231 όποῖοί
625 2196 768 2243 τινες
791 2180 842 2232 οἱ
871 2181 1061 2235 τοιοίδε
1094 2181 1374 2250 γεγόνασιο
1400 2183 1630 2255 πότερον
1661 2183 1855 2254 ἀγαθοί

1877 891 1927 949 Α

2252 916 2667 1010 TOMUS
2742 918 3197 1011 PRIMUS

2625 1044 2778 1102 CAP.
2810 1045 2848 1101 Ι.

2024 1157 2188 1216 Vens.
2215 1161 2266 1215 1.
2297 1159 2519 1215 Verbum
2537 1160 2745 1215 Domini
2759 1161 2899 1226 quod
2920 1162 3119 1231 factum
3140 1174 3212 1217 est
3236 1166 3304 1220 ad
3319 1165 3448 1222 Osee
3472 1169 3541 1235 ﬁ-

1953 1250 2080 1305 lium
2091 1250 2245 1305 Beeri
2258 1251 2312 1304 in
2329 1251 2509 1306 diebus
2525 1249 2694 1319 Oziw,
2709 1261 2756 1306 et
2776 1252 3041 1320 Joallzam,
3068 1253 3260 1321 Achaz,
3281 1256 3539 1325 Ezechias,

1954 1358 2133 1412 regum
2157 1339 2323 1408 Iuda,
2363 1352 2412 1397 et
2464 1342 2519 1397 in
2561 1342 2744 1398 diebus
2788 1341 3072 1407 Je‘roboam
3110 1345 3211 1413 ﬁlii
3244 1346 3378 1403 Joas
3406 1352 3539 1421 regis

1954 1432 2151 1491 Israel.

2024 1523 2068 1580 Ι.
2094 1523 2438 1580 Vaticinatur
2457 1525 2636 1594 itaque
2652 1526 2846 1582 beatus
2871 1525 3040 1583 Oseas
3058 1529 3112 1584 in
3141 1528 3334 1597 diebus
3367 1529 3535 1595 Ozite,

1955 1628 2010 1673 et
2031 1617 2305 1681 Joatbam,
2341 1627 2396 1674 et
2424 1618 2638 1683 Acbaz,
2671 1629 2726 1673 et
2763 1618 3033 1684 Ezechiae,
3063 1636 3248 1692 regum
3283 1621 3442 1691 Juda,
3483 1636 3541 1680 et

1957 1713 2008 1767 in
2036 1711 2225 1767 diebus
2249 1708 2536 1767 Jeroboam
2562 1711 2653 1765 lilii
2678 1710 2807 1768 .Ioas
2838 1712 2979 1781 regis
3007 1712 3195 1769 Israel.
3223 1714 3291 1769 Et
3327 1725 3539 1787 tempus

1956 1804 2425 1875 quidemvaticiuii
2445 1804 2724 1874 hucusque
2737 1805 3056 1874 productum
3074 1806 3412 1879 intelligitur.
3432 1810 3537 1865 Ar-

1958 1898 2128 1952 bitror
2179 1905 2362 1952 autem
2418 1896 2607 1951 ordine
2658 1898 2724 1952 de
2758 1897 2985 1967 singulis
3023 1900 3354 1954 narrandum
3386 1900 3541 1956 lucu-

1958 1989 2177 2057 lentius,
2231 1998 2289 2043 ut
2333 2004 2561 2045 noscere
2604 1990 2897 2059 possimus,
2933 1991 3393 2059 quemadmodum
3420 1994 3536 2063 jam

1957 2082 2225 2149 dicebam,
2282 2084 2471 2155 quales
2501 2085 2555 2138 bi
2594 2100 2751 2154 reges
2796 2082 3014 2151 fuerint,
3058 2093 3249 2140 utrum
3295 2085 3546 2142 videlicet

1959 2174 2110 2241 boni,
2158 2188 2213 2230 et
2274 2175 2412 2231 bene
2467 2191 2595 2246 erga
2639 2176 2806 2231 Deum
2857 2175 3101 2242 animati,
3152 2192 3219 2231 an
3275 2177 3455 2246 potius
3488 2176 3542 2231 in

272 2284 332 2319 τε
394 2268 490 2321 καλ¹
535 2267 680 2323 εὖνοι
714 2271 852 2341 πρὸς
884 2271 1037 2336 Θεὸν,
1074 2272 1111 2343 ἢ
1148 2273 1277 2342 γοῦν
1307 2275 1729 2341 ἀπονενευκότες
1761 2278 1856 2331 ἐπὶ

1970 2269 2293 2324 contrarium
2310 2269 2568 2336 abierint,
2598 2277 2655 2325 et
2674 2284 2793 2341 quae
2822 2269 3049 2340 singulis
3078 2280 3191 2324 tum
3215 2271 3266 2325 in
3297 2271 3542 2325 Samaria

272 2358 336 2411 τὸ
372 2358 447 2430 μὴ
493 2358 667 2422 οὕτως
696 2358 854 2431 ἕχον·
894 2363 988 2415 καὶ
1017 2361 1142 2416 τίνα
1183 2361 1252 2416 τὰ
1302 2363 1390 2432 ἐφ’
1437 2364 1688 2427 ἑκάστοις
1720 2380 1860 2435 συμ-

274 2448 571 2521 ϐεϐηκότα,
618 2453 733 2515 τοῖς
774 2469 832 2506 τε
863 2452 921 2506 ἐν
952 2455 1020 2525 τῇ
1056 2454 1342 2526 Σαμαρείᾳ
1385 2455 1483 2510 καὶ
1524 2458 1638 2519 τοῖς
1659 2457 1718 2509 ἐν
1744 2458 1859 2519 τοῖς

286 2538 700 2611 Ἰεροσολύμοις.
735 2542 1008 2612 Εἰσόμεθα
1037 2542 1147 2615 γὰρ
1170 2538 1295 2612 ὧδε,
1328 2544 1424 2599 καὶ⁵
1454 2544 1572 2599 λίαν
1598 2545 1858 2610 εὐκόλως,

274 2629 507 2702 ὅποιπερ
534 2628 599 2683 ἂν
640 2628 818 2702 βλέπῃ
849 2632 948 2701 τῆς
981 2633 1316 2703 προφητείας
1351 2635 1380 2688 ό
1413 2634 1636 2698 σκοπός.
1671 2634 1863 2688 Τελευ-

277 2724 427 2786 ταῖος
478 2721 577 2792 μὲν
627 2718 720 2777 οῦν
752 2721 1067 2793 ὠνόμασται
1116 2724 1399 2795 Ἰεροϐοάμ
1449 2727 1478 2779 ὁ
1526 2725 1623 2779 τοῦ
1687 2727 1861 2792 Ἰωὰς,

279 2813 531 2884 βασιλεὺς
576 2813 816 2885 Ἰσραὴλ,
848 2812 1042 2883 γέγονε
1083 2815 1139 2868 δὲ
1174 2814 1280 2886 πρὸ
1325 2814 1600 2886 Ἀζαρίου,
1643 2816 1738 2870 τοῦ
1771 2818 1865 2871 καὶ

290 2906 489 2971 Ὀζίου.
536 2906 734 2964 Ἰστέον
758 2906 834 2973 δὲ,
865 2907 946 2960 ὅτι
981 2906 1166 2978 ἔτερος
1190 2908 1323 2979 ἡμῖν
1355 2908 1507 2981 παρὰ
1527 2909 1619 2962 τὸν
1648 2907 1865 2979 πρῶτόν

278 2999 448 3062 ἐστιν,
478 2997 537 3061 ὃς
570 2999 627 3051 ἐν
654 3000 866 3069 καιροῖς
890 2998 1083 3066 γέγονε
1133 2997 1399 3069 βασιλέως
1456 3000 1711 3070 Ῥοϐοὰμ,
1745 3000 1865 3054 υἱοῦ

282 3088 615 3161 Σολομῶνος,
641 3088 783 3160 πλὴν
819 3089 1102 3159 ίσότροπος
1130 3088 1345 3161 ἐκείνῳ,
1386 3090 1480 3143 καὶ
1504 3091 1586 3154 είς
1613 3090 1867 3144 ἀσέϐειαν

283 3180 551 3252 ἐμφερής.
592 3179 910 3250 Γέγραπται
931 3180 1061 3251 ιγὰρ
1105 3179 1203 3232 ὡδὶ
1251 3180 1381 3252 περὶ
1419 3179 1630 3234 αὐτοῦ⁹
1685 3200 1705 3233 ι
1775 3181 1868 3236 Ἐν

282 3272 392 3325 ἔτει
441 3272 913 3343 πεντεκαιδεκάτῳ
939 3272 1047 3342 ίτοῦ
1094 3273 1377 3343 Ἀμασίου,
1416 3272 1530 3327 υίοῦ
1576 3271 1728 3339 Ἰωὰς
1777 3274 1870 3345 βα-

286 3348 477 3430 σῖλέως
518 3365 710 3433 Ἰούδα,
740 3365 1087 3419 ἐϐασίλευσεν
1129 3364 1413 3436 Ἰεροϐοὰμ
1435 3364 1551 3428 υἱὸς
1596 3365 1749 3429 Ἰωὰς
1776 3366 1870 3420 ἐπὶ

297 3458 514 3530 Ἰσραὴλ
558 3461 617 3513 ἐν
664 3457 969 3530 Σαμαρείᾳ,
993 3457 1405 3529 τεσσαράκοντα
1471 3458 1567 3511 καὶ
1611 3456 1672 3510 ἓν
1726 3456 1866 3521 ἔτος.

286 3552 398 3603 Καὶ
417 3552 636 3622 ἐποίησε
658 3550 717 3604 τὸ
746 3550 981 3622 πονηρὸν
1002 3549 1233 3604 ἐνώπιον
1254 3549 1484 3620 Κυρίου.
1510 3549 1625 3603 Οὐκ
1655 3550 1865 3621 ἀπέστη
1895 3596 1937 3653 C

288 3643 398 3696 ἀπὸ
425 3642 615 3697 πασῶν
636 3642 921 3715 ἁμαρτιῶν
956 3641 1237 3713 Ἰεροϐοὰμ
1279 3639 1630 3705 υίοῦΝαϐὰτ,
1678 3641 1740 3707 ὃς
1780 3642 1871 3709 ἐξ·

285 3740 503 3810 ήμαρτε
549 3737 640 3791 τὸν
704 3726 938 3809 Ἰσραήλ.
993 3754 1014 3787 ι
1067 3736 1251 3806 Ὁρᾷς,
1282 3735 1431 3799 ὅπως
1473 3734 1724 3807 ζηλωτὴς
1756 3735 1869 3789 τῶν

286 3828 497 3882 ἐκείνου
539 3826 754 3899 τρόπων
800 3826 1014 3895 γέγονε,
1045 3824 1143 3897 τὴν
1175 3825 1298 3897 ῐσην
1346 3824 1537 3896 ὥσπερ
1582 3824 1867 3896 ἀμαξητὸν

288 3920 601 3991 ἐρχόμενος,
635 3918 727 3971 καὶ
754 3918 917 3971 οἱονεὶ
948 3916 1089 3970 κατὰ
1123 3916 1287 3981 πόδας
1315 3917 1414 3988 τῆς
1443 3917 1656 3972 ἐκείνου
1674 3918 1872 3972 δυσσε-

287 4011 443 4074 ϐείας
488 4008 681 4063 ἐλθών.
733 4005 868 4062 Εἶτα
914 4008 967 4061 τί
1016 4025 1149 4080 φησι
1186 4008 1244 4062 τὸ
1288 4010 1530 4081 Γράμμα
1578 4008 1640 4063 τὸ
1693 4011 1869 4081 ίερόν;

297 4124 316 4155 ι
369 4104 456 4156 Ἐν
482 4101 590 4156 ἔτει
629 4101 858 4172 εἰκοστῷ
887 4103 979 4155 καὶ
1014 4101 1227 4172 ἑϐδόμῳ
1258 4101 1354 4155 τοῦ
1398 4101 1681 4173 Ἰεροϐοὰμ
1715 4101 1873 4173 βασυ-

290 4196 427 4259 λέως
469 4196 706 4266 Ἰσραὴλ,
738 4193 1087 4248 ἐϐασίλευσεν
1132 4193 1390 4265 Ἀζαρίας
1428 4193 1543 4258 υίὸς
1587 4193 1870 4263 Ἀμασίου,

294 4287 555 4360 βασιλέως
598 4287 786 4351 Ἰούδα,
819 4286 877 4349 ὃς
906 4286 1199 4339 ἑκκαίδεκα
1232 4284 1366 4339 ἐτῶν
1396 4281 1486 4358 ἦν,
1521 4287 1578 4337 ἐν
1606 4285 1685 4355 τῷ
1717 4285 1873 4355 βασι-

291 4381 468 4435 λεύειν
506 4380 685 4435 αὐτόν.
716 4379 826 4433 Καὶ
855 4378 946 4431 δύο
976 4377 1071 4431 καὶ
1116 4378 1453 4448 πεντήκοντα
1481 4376 1573 4448 ἔτη
1603 4377 1876 4429 ἐϐασίλευ-

296 4494 387 4530 σεν
416 4478 475 4529 ἐν
515 4471 889 4545 Ἰερουσαλήμ.
922 4470 1033 4524 Καὶ
1059 4468 1229 4539 ὖνομα
1266 4470 1332 4538 τῇ
1377 4468 1545 4539 μητρὶ
1570 4466 1737 4521 αὐτοῦ
1780 4468 1877 4521 Ἱε-

293 4568 449 4640 χελία
503 4567 561 4632 ἐξ
626 4563 1000 4635 Ἰερουσαλήμ.
1063 4561 1175 4613 Καὶ
1231 4559 1452 4631 ἐποίησε
1510 4559 1567 4613 τὸ
1610 4558 1766 4623 εὺθὲς
1818 4561 1875 4613 ἐν

295 4659 595 4730 ὀφθαλμοῖς
623 4658 852 4728 Κυρίου,
893 4656 1035 4708 κατὰ
1068 4653 1250 4707 πάντα
1278 4653 1379 4706 ὅσα
1407 4651 1661 4722 ἐποίησεν
1706 4652 1878 4723 Ἀμα-

299 4754 420 4816 σίας
447 4752 476 4803 ὁ
506 4750 684 4822 πατὴρ
715 4747 880 4803 αὐτοῦ
899 4764 913 4777 ’
945 4746 1086 4816 πλὴν
1117 4744 1187 4797 τὰ
1215 4743 1395 4815 ὑψηλὰ
1418 4743 1518 4797 οὐκ
1548 4743 1759 4815 ἐξῆρεν·
1798 4744 1877 4797 ἐτι

296 4844 409 4915 γὰρ
446 4841 474 4895 ὁ
501 4841 627 4903 λαὸς
682 4836 934 4902 ἐθυσίαζε
984 4836 1078 4889 καὶ.
1121 4834 1322 4905 ἐθυμία
1364 4835 1424 4888 ἐν
1471 4836 1585 4896 τοῖς
1630 4833 1874 4905 ὑψηλοῖς.

1963 2367 2073 2412 tum
2117 2357 2473 2430 Jerosolymis
2520 2361 2871 2429 regnantibus
2922 2362 3224 2416 evenerint.
3273 2360 3349 2415 Ita
3398 2362 3545 2418 enim

1958 2461 2196 2516 quonam
2254 2450 2535 2518 prophetia
2580 2450 2843 2515 collimet,
2891 2451 3038 2506 nullo
3071 2453 3287 2522 negotio
3338 2453 3549 2525 perspi-

1960 2540 2187 2595 ciemus.
2238 2538 2524 2595 Postremo
2553 2540 2716 2612 igitur
2755 2541 2877 2596 loco
2923 2543 3234 2597 nominatus
3255 2552 3338 2598 est
3388 2542 3546 2600 Jeru-

1961 2628 2145 2696 boam,
2194 2628 2339 2685 ﬁlius
2381 2628 2530 2696 Joas,
2558 2646 2652 2686 rex
2693 2631 2877 2698 Israel,
2938 2634 3032 2704 qui
3089 2632 3364 2698 Azariam,
3413 2634 3549 2689 alius

1963 2714 2173 2789 Oziam,
2204 2719 2519 2774 antecessit.
2550 2719 2706 2777 Scire
2736 2720 2864 2777 licet
2909 2724 3054 2777 hunc
3112 2724 3275 2778 alium
3316 2724 3482 2779 fuisse
3514 2739 3546 2778 a

1966 2809 2162 2879 primo,
2210 2811 2306 2880 qui
2355 2811 2687 2881 temporibus
2734 2815 2877 2886 regis
2918 2814 3204 2880 Roboami,
3267 2816 3360 2869 ﬁlii
3393 2815 3548 2871 Salo-

1968 2900 2165 2966 monis,
2204 2901 2367 2957 vixit:
2406 2910 2585 2959 tamen
2621 2905 2859 2961 moribus
2903 2905 3119 2970 iisdem,
3169 2913 3225 2960 et
3269 2906 3551 2976 impietate

1967 2987 2196 3044 similem
2220 2989 2285 3047 ¹¹.
2316 2987 2407 3046 Sic
2422 2992 2786 3064 enimdeipso
2809 2995 3070 3064 scriptum
3097 3004 3303 3050 exstat:
3332 3013 3349 3047 ι
3379 2993 3433 3050 In
3454 3013 3551 3052 an-

1970 3095 2039 3134 no
2073 3080 2282 3138 decimo
2300 3082 2489 3151 quinto
2510 3084 2763 3151 Amasiac,
2798 3084 2889 3139 ﬁlii
2917 3083 3062 3151 Joas,
3097 3086 3238 3155 regis
3271 3084 3555 3156 Juda,.re-

1969 3171 2156 3243 gnavit
2187 3171 2480 3230 Jeroboam
2512 3174 2794 3231 ﬁliusJoas
2825 3192 2986 3247 super
3010 3176 3171 3233 Israel
3198 3177 3251 3233 in
3282 3177 3552 3245 Samaria,

1969 3279 2145 3321 annos
2170 3282 2336 3322 unum
2370 3277 2426 3323 et
2450 3268 2835 3340 quadraginta.
2880 3270 2949 3327 Et.
2978 3269 3104 3326 fecit
3129 3270 3330 3325 malum
3370 3288 3554 3328 coram

1971 3360 2221 3416 Domino.
2265 3360 2381 3416 Non
2430 3361 2655 3416 recessit
2695 3362 2763 3416 ab
2803 3361 3056 3418 omnibus
3123 3362 3358 3434 peccatis
3400 3361 3556 3417 Jero-

1971 3450 2132 3505 boam
2167 3448 2266 3521 ﬁlii
2287 3450 2494 3514 Nadab,
2533 3450 2623 3519 qui
2675 3465 2900 3521 peccare
2944 3452 3074 3509 fecit
3100 3452 3320 3507 Israel.»
3360 3451 3556 3507 Cernis

1973 3557 2079 3612 quo
2101 3551 2259 3612 pacto
2295 3556 2476 3597 mores
2506 3540 2651 3597 illius
2696 3544 3064 3610 expresserit,
3088 3544 3255 3599 veluti
3281 3544 3325 3599 si
3350 3559 3445 3614 per
3466 3558 3555 3599 or-

1974 3635 2139 3689 bitam
2163 3634 2431 3698 eamdem,
2454 3641 2512 3689 et
2544 3649 2640 3705 per
2660 3634 2885 3704 vestigia
2935 3635 3235 3706 impietatis
3267 3635 3387 3706 ejus
3414 3635 3559 3690 ince-

1972 3727 2145 3782 deret.
2174 3727 2313 3794 Quid
2351 3726 2580 3796 amplius
2622 3741 2779 3781 sacra
2817 3726 3098 3796 Scriptura
3150 3727 3307 3782 dicit?
3338 3746 3359 3779 ι
3397 3728 3561 3782 Anno

1973 3818 2234 3873 vicesimo
2282 3817 2514 3886 septimo
2568 3816 2859 3873 Jeroboam
2904 3817 3045 3887 regis
3076 3815 3267 3884 Israel,
3307 3818 3553 3887 regnavit

1974 3908 2198 3963 Azarias
2225 3908 2363 3963 ﬁlius
2395 3907 2631 3963 Amasis:
2676 3907 2818 3978 regis
2852 3905 3016 3971 Iuda,
3072 3921 3244 3960 annos
3286 3916 3444 3962 natus
3470 3921 3556 3962 se-

1974 4002 2176 4058 decim.
2216 4001 2362 4055 Duos
2398 4014 2562 4069 supra
2600 3999 2989 4070 quinquaginta
3039 3999 3357 4069 regnavitiu
3396 3997 3556 4053 Jeru-

1973 4096 2163 4152 salem.
2194 4092 2399 4150 Nomen
2418 4094 2609 4147 matris
2633 4092 2751 4162 ejus
2773 4092 3012 4148 Jechelia
3039 4093 3107 4148 de
3136 4091 3457 4148 Jerusalem.
3490 4089 3558 4146 Et

1973 4188 2105 4245 fecit
2131 4188 2275 4259 quod
2312 4197 2521 4242 rectum
2546 4195 2663 4240 erat
2688 4201 2870 4240 coram
2908 4186 3157 4253 Domino,
3190 4184 3346 4253 juxta
3374 4184 3556 4240 omnia

1974 4298 2095 4352 quae
2130 4281 2258 4335 fecit
2294 4287 2448 4351 pater
2482 4278 2620 4348 ejus.
2668 4275 3054 4332 Verumtamen
3093 4277 3307 4332 excelsa
3332 4291 3442 4330 non
3474 4286 3559 4331 est

1975 4375 2296 4430 demolitus:
2319 4372 2496 4427 adhuc
2525 4370 2669 4426 enim
2714 4368 2945 4439 populus
2961 4367 3305 4424 sacriﬁcabat
3337 4378 3390 4423 et
3421 4368 3555 4422 ado-

1975 4467 2120 4522 lebat
2150 4466 2431 4519 iucensmn
2457 4464 2511 4517 in
2531 4462 2779 4517 excelsis.
2806 4461 2871 4516 Et
2898 4460 3167 4532 percussit
3197 4460 3461 4515 Dominus
3481 4474 3559 4515 re-

1976 4571 2097 4625 gem
2131 4565 2186 4610 et
2211 4554 2310 4607 fuit
2332 4553 2580 4621 leprosus
2610 4566 2780 4621 usque
2807 4552 2862 4606 in
2899 4550 3041 4606 diem
3073 4550 3259 4604 mortis
3289 4564 3401 4605 Suae
3430 4548 3496 4603 ¹³.
3534 4566 3553 4599 ι

1978 4646 2108 4701 Pius
2163 4654 2220 4699 et
2257 4644 2352 4698 Dei
2388 4642 2569 4697 cultor
2622 4641 2725 4696 fuit
2792 4642 2975 4706 Ozias,
3009 4640 3175 4710 l[sed
3209 4654 3322 4693 non
3370 4653 3560 4707 usque-

1979 4749 2218 4806 quaque.
2246 4753 2263 4786 ι
2306 4732 2429 4788 Non
2462 4732 2613 4788 enim
2649 4731 2941 4787 demolitus
2974 4740 3060 4787 est
3097 4730 3326 4790 excelsa.
3348 4730 3557 4799 inquit;

1980 4828 2074 4882 sed
2104 4824 2483 4881 sacriﬁcabant
2510 4824 2565 4879 in
2604 4823 2730 4889 illis,
2758 4830 2813 4878 et
2847 4823 3182 4878 daemonibus
3202 4820 3405 4875 hostias
3427 4819 3563 4876 οσο-

299 4912 411 4987 Καὶ
434 4930 610 5002 ἥψατο
642 4928 846 5001 Κύριος
877 4925 969 4980 τοῦ
1002 4923 1285 4996 βασιλέως,
1309 4923 1401 4977 καὶ
1430 4918 1500 4995 ἦν
1534 4922 1868 4995 λελεπρωμέ·

1982 4919 2176 4974 rebant
2199 4916 2459 4974 seducti.»
2485 4916 2835 4972 Postmodum
2865 4913 3217 4970 transversim
3245 4922 3397 4967 actus
3422 4912 3558 4966 Aza-

297 5043 386 5090 νος
432 5026 539 5088 ἕως
568 5023 781 5095 ἡμέρας
826 5020 1057 5075 θανάτου
1080 5015 1266 5072 αὐτοῦ.
1303 5036 1320 5067 ι
1360 5015 1605 5087 Εὐσεϐὴς
1658 5017 1755 5087 μὲν
1784 5017 1878 5071 καὶ

300 5116 546 5185 φιλόθεος
575 5115 777 5180 Ὀζίας,
805 5111 946 5184 πλὴν
973 5112 1071 5181 οὐχ
1103 5108 1545 5180 όλοτρόπως.ιοὺ
1580 5109 1690 5180 γὰρ
1720 5127 1879 5181 περι-

299 5206 413 5262 εἷλε
445 5205 516 5260 τὰ
547 5203 746 5276 ὑψηλὰ,
780 5204 965 5275 φησιν,
1007 5203 1121 5257 ἀλλ’
1163 5201 1403 5272 ἐθυμίων
1444 5200 1503 5253 ἐν
1530 5202 1735 5269 αὐτοῖς,
1784 5203 1879 5257 καὶ

297 5303 415 5364 τοῖς
441 5295 737 5369 δαιμονίοις
765 5294 1042 5366 προσῆγον
1062 5293 1251 5356 θυσίας
1263 5293 1313 5345 οἱ
1337 5290 1697 5364 πλανώμενοι.
1713 5289 1877 5349 »Εἶτα

298 5387 656 5458 παρενεχθεὶς
697 5382 971 5454 Ἀζαρίας,
1004 5384 1170 5454 ἤγουν
1199 5384 1227 5435 ὁ
1273 5380 1474 5445 Ὀζίας,
1511 5383 1591 5445 είς
1616 5383 1879 5448 ἐκτύπους

300 5479 530 5541 ἐννοίας,
560 5476 714 5549 ᾠήθη
746 5476 974 5547 πρέπειν
1001 5476 1069 5545 τῇ
1108 5476 1210 5544 τῆς
1236 5472 1515 5543 βασιλείας
1539 5472 1662 5545 δόξῃ
1692 5476 1786 5529 καὶ
1817 5475 1879 5529 τὸ

302 5570 502 5642 χρῆναι
556 5566 799 5638 πληροῦν
843 5568 913 5621 τὰ
951 5566 1314 5637 νενομισμένα
1360 5563 1441 5636 τῷ
1472 5564 1611 5636 Θεῷ,
1646 5566 1739 5620 καὶ
1769 5566 1878 5619 λει-

302 5658 560 5733 τουργίας
599 5655 921 5728 ἀντέχεσθαι
964 5656 1063 5726 τῆς
1088 5656 1258 5727 ἱερᾶς.
1302 5655 1408 5715 Καὶ
1435 5655 1500 5726 δὴ
1548 5656 1641 5709 καὶ
1667 5654 1866 5711 τέθυκε

1983 5010 2113 5075 rias,
2148 5010 2262 5065 sive
2288 5007 2466 5074 Ozias,
2494 5022 2617 5064 esse
2641 5022 2707 5064 ex
2734 5006 2897 5078 regali
2914 5005 3181 5078 dignitate
3205 5003 3440 5065 censuit,
3469 5018 3562 5058 sa-

1985 5102 2093 5159 cris
2140 5101 2350 5173 legibus
2408 5102 2518 5156 Deo
2571 5098 2817 5154 instituta
2864 5097 3037 5163 obire,
3090 5106 3145 5151 et
3202 5093 3563 5150 ministerium

1984 5210 2198 5251 sacrum
2253 5207 2556 5264 capessere.
2607 5190 2711 5246 Per
2747 5204 2808 5245 se
2839 5202 3058 5259 quoque
3109 5184 3454 5252 sacriﬁcavit,
3495 5183 3565 5239 le-

1985 5302 2106 5359 gem
2135 5301 2168 5340 a
2190 5284 2343 5351 Mose
2377 5284 2541 5339 latam
2587 5282 2865 5354 ignorans.
2904 5278 3079 5335 Simul
3129 5288 3319 5334 autem
3340 5276 3410 5331 ad
3436 5276 3564 5330 fun-

1984 5382 2221 5436 ctionem
2241 5377 2583 5447 sacram,sibi
2610 5378 2927 5447 neutiquam
2945 5373 3358 5432 convenientem
3377 5382 3565 5425 ascen-

1985 5474 2063 5529 dit
2085 5471 2166 5538 ιδ,
2195 5492 2213 5525 ι
2246 5472 2529 5528 Percussit
2599 5485 2725 5526 eum
2778 5468 3061 5533 Dominus,
3116 5463 3310 5536 inquit,
3347 5470 3404 5517 et
3446 5468 3569 5515 erat

1986 5567 2234 5635 leprosus
2261 5577 2431 5634 usque
2459 5563 2514 5618 in
2545 5561 2688 5617 diem
2734 5558 2926 5616 mortis
2955 5572 3064 5615 sum
3088 5557 3154 5610 ’³.
3192 5574 3211 5607 ι
3246 5551 3564 5608 lmmundus

1987 5655 2149 5727 igitur
2183 5656 2478 5712 secundum
2529 5655 2699 5725 legem
2750 5660 2867 5707 erat
2908 5651 3177 5723 leprosus,
3203 5654 3261 5701 et
3302 5641 3559 5713 hujusce-

379 5827 422 5859 “
459 5825 522 5883 III
553 5826 683 5898 Reg.
712 5842 773 5894 ιι,
807 5826 897 5883 26.
979 5829 1019 5862 η
1055 5826 1119 5884 IV
1149 5827 1280 5898 Reg.
1332 5843 1443 5897 xiv,
1471 5827 1560 5896 23,
1598 5826 1687 5882 24.
1773 5824 1815 5857 ¹³
1840 5822 1868 5879 I‘

1970 5826 2073 5894 leg.
2127 5838 2216 5891 xv,
2259 5822 2377 5878 1-5.
2458 5821 2500 5854 ιι
2535 5820 2580 5876 ιι
2601 5819 2723 5879 Par.
2752 5819 2840 5888 ιε,
2877 5818 2929 5873 ι.
3006 5816 3049 5847 ιι
3086 5812 3150 5869 Iv
3187 5812 3319 5885 Reg.
3357 5826 3459 5881 xv,
3491 5806 3546 5867 ιι.
