4094 6606
562 423 630 478 I9
1588 420 1646 476 S.
1683 418 1963 479 CYBILLI
2002 420 2474 479 ALEXANDRINI
2508 416 2834 477 ARCHIEP.
3740 423 3818 479 20

558 543 703 598 molli
732 539 922 596 morbo
952 538 1193 611 impliciti
1240 539 1432 594 castris
1456 540 1833 610 ejiciebantur.
1861 540 1951 597 Sic
1984 543 2116 608 enim

2236 542 2300 594 δι’
2320 540 2533 601 ἑαυτοῦ,
2552 538 2662 593 τῶν
2687 539 2775 593 διὰ
2798 535 3040 602 Μωσέως
3066 536 3337 609 ἀλογήσας
3363 536 3564 608 νόμων.
3595 538 3813 614 Ἐπειδὴ

558 636 699 690 Deus
725 634 793 689 ad
826 648 1102 688 sacrorum
1123 632 1399 707 doctorem
1431 632 1612 688 Mosen
1638 651 1649 687 :
1692 653 1709 685 ι
1742 632 1986 704 Loquere
2009 634 2131 689 [iliis

556 726 742 790 Israel,
795 726 1015 795 ejiciant
1055 735 1207 781 extra
1249 734 1426 780 castra
1491 741 1705 780 omnem
1753 725 2043 794 leprosum,
2068 736 2121 780 et

554 814 753 870 ﬂuxmn
780 816 1001 871 seminis
1034 816 1357 886 patientem;
1394 822 1447 869 et
1469 831 1681 870 omnem
1712 816 2048 871 immundum
2076 816 2127 870 in

556 907 738 961 anima
768 908 833 959 ⁸⁸.
866 926 884 959 ι
932 907 1159 961 Punitus
1177 916 1261 961 est
1289 916 1469 961 autem
1492 907 1701 972 morbo,
1736 922 1901 963 ausus
1922 906 2125 973 illicita,

551 1012 608 1057 et
636 1017 815 1073 regem
873 1002 966 1072 qui
1020 1018 1226 1057 sacram
1280 1002 1596 1071 dignitatem
1654 1003 1924 1056 invaserat
1980 990 2129 1073 igno-

551 1092 719 1146 minia
769 1092 912 1147 Deus
942 1092 1343 1146 condemnavit.
1385 1090 1522 1157 Quia
1558 1106 1688 1145 vero
1722 1090 2018 1159 prophetia:
2049 1091 2129 1145 vis

552 1196 662 1237 non
697 1185 762 1237 ad
793 1183 967 1238 Solum
997 1182 1211 1249 Judam,
1239 1183 1341 1237 hoc.
1358 1193 1460 1249 est,
1525 1182 1614 1253 qui
1640 1183 1945 1236 incolehant
1976 1182 2128 1238 Jero-

549 1274 832 1347 soiymam,
881 1277 975 1332 sed
1016 1276 1176 1331 etiam
1214 1275 1280 1330 ad
1322 1275 1482 1329 Israel
1519 1275 1774 1345 pertinet,
1819 1276 2035 1339 hocest,
2060 1276 2126 1330 ad

551 1370 736 1425 decem
763 1372 935 1425 tribus
958 1372 1010 1425 in
1053 1369 1580 1430 Samaria,dicamus
1608 1374 1821 1437 oportet
1843 1368 1909 1424 de
1937 1369 2001 1423 iis
2034 1368 2125 1436 qui

554 1477 719 1533 regno
746 1463 944 1519 ibidem
988 1462 1346 1533 praefuerunt,
1380 1462 1714 1531 temporibus
1760 1461 1989 1527 Azariae,
2032 1461 2125 1530 qui

549 1562 605 1608 et
625 1552 802 1620 Ozias,
836 1565 891 1612 et
920 1556 1114 1627 quibus
1144 1572 1237 1611 eos
1274 1555 1670 1611 calamitatibus
1714 1554 1945 1626 opprimi
1999 1569 2128 1609 con-

551 1647 881 1718 tigerit,cum
903 1647 1141 1719 profana:
1159 1648 1477 1704 idololatriae
1500 1647 1643 1702 velut
1666 1645 1918 1701 insolenti
1939 1645 2128 1701 morbo

549 1737 815 1794 debilitati
873 1748 1073 1794 essent.
1133 1738 1250 1794 Jam
1313 1739 1480 1807 igitur
1518 1738 1833 1793 vicesimum
1874 1746 2125 1793 octavum

549 1846 752 1885 annum
797 1840 1059 1900 regnante
1094 1830 1245 1894 Ozia,
1307 1846 1404 1886 seu
1446 1830 1662 1894 Azaria,
1729 1829 1865 1884 alius
1903 1829 2126 1883 Azarias

550 1918 692 1974 ﬁlius
736 1917 1020 1975 Jerohoam
1076 1919 1288 1977 Israelis
1337 1936 1563 1990 regnum
1602 1919 1779 1974 tenuit
1844 1918 2125 1973 mensibus

550 2027 668 2065 sex.
699 2009 799 2077 Qui
833 2021 1118 2081 postquam
1156 2020 1212 2065 et
1239 2011 1352 2082 ipse
1383 2013 1435 2066 in
1477 2012 1560 2064 via
1598 2010 1770 2080 patris
1833 2010 1915 2064 sui
1944 2011 2127 2065 ambu-

548 2101 699 2168 lavit,
756 2103 997 2173 fecitque
1046 2102 1244 2158 malum
1289 2117 1470 2157 coram
1514 2100 1763 2165 Domino,
1803 2100 2123 2172 quihusdam

548 2194 860 2248 domesticis
915 2193 1029 2247 suis
1079 2193 1311 2248 traditus
1358 2201 1443 2247 est
1478 2192 1833 2263 jugulandus,
1865 2200 1919 2247 et
1946 2191 2120 2261 periit.

546 2283 878 2340 Procedente
909 2285 1249 2355 postmodum
1280 2293 1542 2355 tempore,
1588 2299 1730 2338 anno
1774 2283 2050 2339 tricesimo
2069 2291 2125 2339 et

545 2386 735 2433 oetavo
764 2377 911 2449 regni
952 2376 1118 2444 Oziae,
1152 2392 1339 2431 rursus
1364 2375 1583 2445 ungitur
1606 2391 1768 2447 super
1807 2376 1967 2431 Israel
2016 2375 2128 2431 Sel-

546 2472 678 2535 lum,
725 2477 781 2524 et
802 2478 988 2540 regnat
1018 2484 1203 2524 mense
1232 2483 1361 2534 uno,
1396 2481 1627 2536 moxque
1677 2482 1707 2519 a
1755 2465 1984 2522 Manaim
2015 2466 2124 2522 ﬁlio

544 2562 690 2617 Gaze
718 2562 786 2617 de
805 2561 1007 2615 Thersa
1047 2560 1395 2615 interimitur.
1427 2556 1707 2628 Signiﬁcat
1722 2565 1900 2611 autem
1942 2557 2120 2612 divina

547 2651 827 2721 Scriptura
860 2653 1047 2706 ambos
1098 2650 1267 2705 fuisse
1294 2649 1363 2705 de
1391 2649 1654 2719 sanguine
1691 2647 1851 2713 Jehu,
1898 2659 1953 2703 et
1982 2649 2123 2706 tilios

546 2744 665 2815 cjns
704 2745 793 2814 qui
824 2744 1022 2798 occidit
1054 2742 1261 2807 Achab,
1304 2750 1359 2796 et
1384 2740 1586 2795 liberos
1616 2738 1752 2807 ejus,
1784 2750 1840 2795 et
1861 2738 2117 2806 Iezabel;

546 2839 631 2892 cui
670 2837 829 2893 etiam
860 2835 1107 2904 promisit
1141 2834 1308 2889 Deus:
1342 2853 1359 2885 ι
1391 2833 1510 2888 Filii
1546 2833 1623 2888 tui
1656 2846 1830 2903 usque
1860 2832 1927 2886 ad
1958 2847 2123 2901 quar-

546 2941 655 2982 tam
675 2928 1079 2994 generationem
1097 2926 1532 2994 sedebuntsuper
1556 2924 1977 2979 thronumtuum
2002 2924 2066 2979 ".
2094 2942 2114 2976 ι

543 3021 806 3092 Regnavit
825 3022 987 3090 igitur
1021 3019 1251 3074 Manaim
1281 3032 1442 3088 super
1470 3017 1636 3072 Israel
1677 3032 1800 3071 cum
1826 3017 2119 3072 occidisset

546 3114 770 3179 Selium,
803 3131 821 3165 ι
854 3112 917 3166 Ει
939 3112 1065 3167 feeit
1094 3109 1318 3176 malum,
1342 3108 1535 3177 inquit,
1571 3125 1589 3157 ι
1629 3108 1681 3161 in
1698 3106 1868 3161 oculis
1884 3106 2116 3162 Domini.

2232 632 2289 685 δὲ
2342 630 2684 702 ἀναϐέϐηκεν
2731 631 2811 695 εἱς
2855 629 2956 702 τὴν
2984 628 3279 700 οὐδαμόθεν
3313 628 3465 700 αὐτῷ
3494 629 3813 702 πρέπουσαν

2230 724 2589 795 λειτουργίαν,
2625 723 2769 795 φημὶ
2799 723 2884 794 δὴ,
2941 721 3040 793 τὴν
3080 720 3251 793 ἱεράν,
3302 741 3321 774 ι
3376 720 3614 791 Ἥψατο,
3656 724 3811 794 φησὶ,

2229 815 2434 885 Κύριος
2475 813 2675 881 αὑτοῦ,
2727 814 2823 869 καὶ
2871 809 2940 886 ἢν
2989 813 3404 886 λελεπρωμένος
3450 812 3555 877 ἕως
3602 815 3813 886 ἡμέρας

2231 906 2464 961 θανάτου
2498 906 2689 962 αὑτοῦ.
2729 924 2748 959 ι
2799 905 3134 977 Ἀκάθαρτος
3175 905 3273 977 μὲν
3315 902 3410 959 οὖν
3438 905 3582 959 κατὰ
3613 906 3812 977 νόμους

2229 1001 2258 1053 ὀ
2314 999 2535 1072 λεπρὸς,
2575 1000 2669 1053 καὶ
2701 997 3094 1069 άπεπέμποντο
3138 998 3237 1067 τῆς
3270 997 3619 1069 παρεμϐολῆς
3646 999 3695 1051 οἱ
3732 998 3813 1068 τῷ

2229 1090 2414 1161 τοιῷδε
2467 1090 2628 1145 πάθει
2663 1088 3108 1160 κατειλημμένοι.
3150 1090 3320 1160 Ἔφη.
3345 1088 3455 1159 γάρ
3502 1105 3633 1142 ποτε
3681 1088 3814 1153 Θεὸς

2230 1184 2369 1255 πρὸς
2405 1182 2495 1237 τὸν
2534 1182 2856 1253 ἱεροφάντην
2903 1179 3137 1235 Μωσέα-
3181 1197 3201 1231 ι
3237 1179 3483 1250 Δάλησον
3530 1181 3642 1243 τοῖς
3675 1182 3813 1244 υἱοῖς

2242 1275 2477 1347 Ἰσραὴλ,
2509 1274 2605 1327 καὶ
2650 1271 3190 1340 ὲξαποστειλάτωσαν
3224 1272 3288 1324 ὲκ
3323 1270 3422 1342 τῆς
3459 1270 3812 1343 παρεμϐολῆς

2230 1366 2407 1420 πάντα
2463 1363 2664 1435 λεπρδν
2695 1364 2788 1416 καὶ
2823 1361 3108 1434 γονορῤοῆ,
3142 1360 3238 1415 καὶ
3277 1361 3456 1415 πάντα
3501 1359 3810 1430 ἀκάθαρτον

2228 1458 2320 1511 ἐπὶ
2346 1458 2513 1528 ψυχῇ.
2561 1475 2577 1506 ι
2628 1455 2957 1522 Ἐπετιμᾶτο
2987 1452 3042 1505 δὲ
3080 1454 3148 1523 τῇ
3185 1452 3345 1523 νόσῳ,
3392 1451 3743 1524 τετολμηκὼς
3772 1451 3809 1506 ἃ

2231 1548 2305 1617 μὴ
2340 1547 2517 1618 θέμις,
2550 1546 2646 1598 καὶ
2695 1543 2919 1615 ἀτιμίαν
2965 1542 3057 1596 τοῦ
3094 1542 3360 1612 βασιλέως
3403 1542 3812 1618 κατεψηφίσατο

2228 1638 2381 1704 Θεὸς,
2417 1636 2516 1708 τὴν
2563 1636 2713 1709 ἱεράν
2750 1635 3097 1708 ἁρπάσαντος
3126 1634 3304 1701 δόξαν.
3357 1633 3572 1706 Ἐπειδὴ
3618 1634 3811 1706 δὲιτῆς

2229 1728 2566 1800 προφητείας
2595 1728 2628 1799 ή
2656 1726 2884 1796 δύναμις
2912 1725 3012 1779 οὐκ
3037 1726 3117 1787 εἱς
3147 1726 3305 1796 μόνον
3336 1725 3521 1796 βλέπει
3550 1725 3642 1780 τὸν
3676 1724 3809 1779 Ἰού-

2227 1818 2343 1884 δαν,
2366 1819 2634 1883 τουτέστι,
2662 1819 2787 1881 τοὺς
2817 1818 2876 1871 ὲν
2906 1819 3021 1880 τοῖς
3061 1817 3478 1888 Ἱεροσολύμοις,
3509 1818 3725 1890 ἔρχεται
3752 1818 3812 1873 δὲ

2158 1883 2198 1942 Β
2227 1883 2335 1965 καί
2361 1912 2452 1964 ἐπὶ
2488 1910 2578 1964 τὸν
2620 1908 2859 1981 Ἰσραὴλ,
2885 1883 3150 1975 τουτέστι,
3209 1908 3310 1974 τὰς
3337 1883 3473 1964 δέκα
3711 1911 3811 1976 τὰς

2225 2006 2284 2058 ὲν
2313 2007 2377 2074 τῇ
2424 2003 2727 2075 Σαμαρείᾳο
2764 2002 2896 2073 φέρε
2944 2001 3199 2072 λέγωμεν
3226 2002 3540 2071 ἀναγκαίως
3568 2004 3693 2067 τοὺς
3721 2002 3810 2056 ἐπ’

2224 2097 2385 2151 αὐτὸν
2430 2095 2879 2168 βεϐασιλευκότας
2909 2096 2970 2148 ἐν
2997 2095 3237 2167 ἡμέραις
3280 2095 3552 2167 Ἀζαρίου,
3584 2094 3679 2149 τοῦ
3715 2093 3811 2150 καὶ

2238 2190 2433 2254 Ὀζίου,
2489 2190 2583 2241 καὶ
2615 2187 2796 2251 ποίαις
2820 2187 3015 2250 αὐτοὺς
3034 2189 3338 2260 συμφοραῖς
3361 2187 3703 2259 συμϐέϐηκεν
3735 2189 3815 2241 ὲν-

2225 2281 2445 2345 αλῶναι,
2468 2279 3000 2353 κατηρῤωστηκότας
3026 2279 3272 2344 ἐκτόπως
3291 2280 3390 2352 τὴν
3414 2279 3639 2351 βέϐηλον
3659 2280 3812 2335 εἰδω-

2224 2377 2530 2450 λολατρίαν.
2559 2374 2695 2445 Ἤδη
2719 2375 2898 2428 τοίνυν
2927 2372 3169 2427 εἰκοστὸν
3198 2372 3293 2425 καὶ
3312 2370 3495 2439 ὃγδοον
3512 2370 3630 2435 ἔτος
3643 2372 3701 2424 ὲν
3732 2369 3811 2442 τῷ

2229 2468 2532 2540 βασιλεύειν
2578 2467 2793 2538 ἔχοντος
2832 2465 3033 2531 Ὀζίου,
3060 2463 3156 2518 τοῦ
3201 2464 3295 2517 καὶ
3332 2461 3607 2534 Ἀζαρίου,
3646 2462 3806 2526 Ἀζαο

2226 2566 2349 2638 ρίας
2396 2566 2602 2638 ἕτερος,
2652 2564 2745 2619 τοῦ
2798 2562 3107 2636 Ἰεροϐοάμ,
3154 2558 3538 2633 βεϐασίλευκεν
3579 2553 3675 2609 ἐπὶ
3717 2552 3807 2606 τὸν

2235 2657 2450 2729 Ἰσραὴλ
2481 2658 2655 2728 μῆνας
2683 2656 2765 2720 ἓξ.
2812 2654 3032 2726 Ἐπειδὴ
3063 2653 3158 2707 καὶ
3190 2651 3353 2715 αὐτὸς
3384 2651 3442 2703 ὲν
3486 2646 3591 2719 ὀδῷ
3635 2644 3809 2700 πεπό-

2224 2765 2413 2820 ρευται
2440 2747 2536 2802 τοῦ
2560 2747 2787 2819 πατρὸς,
2812 2747 2906 2801 καὶ
2926 2746 3151 2816 εποίησε
3181 2743 3241 2798 τὸ
3267 2740 3502 2814 πονηρὸν
3530 2740 3588 2793 ὲν
3616 2735 3806 2806 ὀφθαλ-

2225 2843 2346 2911 μοῖς
2374 2839 2603 2910 Κυρίου,
2634 2837 2843 2893 δέδοταί
2890 2854 3000 2890 τισι
3033 2835 3147 2890 τῶν
3183 2834 3401 2889 οἰκείων
3443 2833 3525 2896 εἱς
3568 2827 3806 2900 σφαγὴν»

2222 2931 2317 2984 καὶ
2342 2931 2410 3002 δὴ
2436 2930 2729 2985 διόλλυται.
2759 2929 3050 3000 Προϊόντος
3075 2926 3133 2981 δὲ
3162 2921 3256 2980 τοῦ
3290 2924 3483 2997 καιροῦ
3511 2920 3718 2984 λοιπὸν,
3749 2920 3808 2975 ὲν

2221 3023 2332 3076 ἔτει
2360 3022 2669 3095 τριακοστῷ
2696 3022 2792 3075 καὶ
2824 3020 2995 3090 ὀγδόῳ
3031 3018 3310 3089 βασιλείας
3360 3016 3559 3082 Ὀζίου,
3596 3013 3808 3085 χρίεται

2220 3116 2383 3169 πάλιν
2431 3116 2524 3168 ἐπὶ
2572 3114 2662 3168 τὸν
2724 3113 2994 3186 Ἰσραὴλό
3028 3110 3274 3184 Σελούμ·
3327 3110 3421 3164 καὶ
3455 3107 3805 3179 βεϐασίλευκε

542 3207 662 3262 Non
710 3205 932 3261 recessit
979 3204 1045 3259 ab
1072 3202 1323 3259 omnibus
1384 3201 1625 3271 peccatis
1679 3200 1966 3255 Jeroboam
2020 3199 2113 3254 ﬁlii

2223 3208 2391 3278 μηνὸς
2435 3207 2673 3279 ἡμέρας.
2733 3206 3029 3277 Ἀνῄρηται
3070 3204 3180 3275 γὰρ
3225 3202 3388 3266 εὐθὺς
3438 3202 3542 3255 ὑπό
3578 3198 3806 3269 Μαναῖμ

543 3299 751 3361 Nadab,
800 3296 889 3363 qui
930 3308 1156 3366 peccare
1187 3293 1313 3346 fecit
1346 3289 1510 3345 Israel
1545 3290 1608 3343 ¹⁸.
1644 3309 1663 3343 ι
1697 3291 1975 3360 Regnante
2012 3306 2113 3345 au-

544 3405 649 3447 tem
669 3388 918 3453 Manaim,
936 3402 999 3441 ac
1022 3384 1256 3454 Deums
1275 3382 1582 3439 olfendente
1602 3382 1749 3450 quod
1769 3382 2115 3435 vehementer

540 3483 800 3538 falsorum
817 3481 1036 3534 deorum
1057 3476 1257 3531 cultum
1277 3483 1596 3538 sectaretur,
1613 3473 1749 3529 Phul
1764 3471 2111 3542 Assyriorum

541 3590 634 3629 rex
667 3588 789 3626 cum
820 3570 1016 3626 infesto
1064 3566 1307 3623 exercitu
1344 3566 1624 3635 ingressus
1660 3573 1745 3620 est
1782 3562 2107 3618 Samariam.

538 3667 637 3722 Cui
665 3682 785 3721 cum
814 3664 1071 3718 resistere
1101 3659 1334 3714 Manaim
1359 3673 1464 3712 non
1498 3666 1705 3726 posset,
1744 3658 1931 3727 grandi
1952 3671 2113 3725 pecu-

540 3763 628 3816 nia
659 3766 939 3814 numerata
972 3767 1243 3809 recessum
1283 3761 1336 3806 et
1372 3766 1555 3821 pacem
1582 3749 1867 3819 persuasit.
1897 3748 2111 3805 Mortuo

540 3850 771 3905 Manaim
805 3860 951 3901 anno
1008 3844 1176 3898 altero
1213 3852 1266 3898 et
1306 3841 1753 3913 quinquagesimo
1795 3838 1958 3907 Oziaz,
1992 3850 2113 3911 post

538 3952 820 3995 excessum
849 3935 1019 4003 patris
1051 3932 1277 4001 ungitur
1297 3932 1350 3986 in
1386 3946 1564 4000 regem
1596 3929 1953 4001 Jerosolymis
1984 3931 2112 3987 Joa-

543 4032 711 4092 tham,
734 4028 921 4095 dequo
937 4024 1191 4093 scriptum
1218 4021 1666 4094 legimusthecit
1688 4024 1829 4094 quod
1858 4023 2109 4094 placitum

540 4129 658 4176 erat
686 4131 870 4171 coram
917 4114 1165 4178 Domino,
1209 4113 1505 4167 secundum
1548 4114 1728 4168 omnia
1762 4129 1882 4183 quze
1911 4114 2112 4170 fecerat

540 4221 690 4281 pater
710 4209 845 4277 ejus.
879 4205 1257 4260 Verumtamen
1276 4203 1490 4259 excelsa
1512 4221 1615 4260 non
1650 4206 1873 4261 abstulit
1896 4223 1913 4261 :
1936 4206 2112 4262 adhuc

538 4301 766 4376 populus
824 4296 1163 4364 immolabat,
1192 4305 1247 4351 et
1299 4296 1547 4351 adolebat
1604 4298 1883 4353 incensum
1916 4300 1968 4352 in
2012 4313 2111 4352 ex-

538 4396 699 4449 celsis
735 4392 798 4443 “.
840 4409 860 4442 ι
897 4389 1071 4459 Super
1106 4386 1270 4442 Israel
1299 4398 1477 4443 autem
1502 4396 1694 4443 unctus
1714 4398 1798 4442 est
1822 4388 2107 4456 Phaceias,

541 4486 681 4541 filius
745 4480 1002 4537 Manaim.
1046 4499 1064 4531 ι
1107 4479 1370 4549 Regnavit
1413 4487 1617 4544 autem,
1675 4478 1873 4547 inquit,
1937 4494 2109 4535 annos

2222 3299 2338 3353 υἱοῦ
2389 3299 2538 3369 Γαζῆ
2598 3296 2692 3353 τοῦ
2762 3300 2828 3354 ὲκ
2881 3297 3100 3368 Θερσίν.
3170 3295 3584 3366 Ἐπεσημήνατο
3633 3293 3691 3347 δὲ
3744 3293 3806 3346 τὸ

2220 3392 2460 3462 Γράμμα
2484 3391 2545 3443 τὸ
2580 3391 2743 3462 ἱερὸν,
2778 3391 2861 3444 ὅτι
2895 3389 3185 3459 γεγόνασιν
3224 3388 3350 3454 υἱοὶ,
3404 3388 3498 3440 καὶ
3538 3384 3597 3449 ἐξ
3641 3385 3806 3455 αἱμα.-

2218 3479 2461 3555 τοςῆσαν
2487 3481 2899 3555 ἀμφότεροιτοῦ
2932 3482 3056 3545 Ἰοὺ,
3075 3480 3133 3545 ὃς
3150 3480 3436 3534 ἀπέκτεινε
3459 3478 3547 3531 τὸν
3575 3474 3804 3547 ’Δχαὰϐ,

2220 3574 2315 3628 καὶ
2353 3576 2479 3638 τοὺς
2518 3574 2667 3637 υἱοὺς
2696 3572 2884 3638 αὑτοῦ,
2917 3571 3012 3625 καὶ
3034 3572 3134 3641 τὴν
3182 3567 3439 3634 Ἰεζάϐελ,
3472 3560 3517 3636 ᾧ
3572 3568 3670 3622 καὶ⁵
3701 3568 3802 3621 ὑπ-

2219 3669 2405 3739 έσχετο
2438 3669 2480 3719 -6
2525 3666 2677 3730 Θεὸς,
2719 3664 2924 3733 λέγων’
2959 3682 2976 3714 ο
3013 3664 3128 3716 Υἱοὶ
3175 3663 3428 3734 τέταρτοι
3472 3660 3804 3731 καθήσονται

2220 3760 2311 3813 ἐπὶ
2335 3759 2427 3812 τοῦ
2459 3758 2671 3829 θρόνου.
2709 3776 2727 3806 ι
2766 3755 3133 3810 Βεϐασίλευκε
3178 3754 3358 3808 τοίνυν
3400 3754 3429 3807 ὀ
3455 3752 3683 3823 Μαναῒμ
3710 3752 3805 3806 ἐπὶ

2217 3851 2308 3905 τὸν
2343 3849 2579 3921 Ἰσραὴλ,
2609 3847 2921 3911 ἀπεκτονὼς
2946 3847 3037 3901 τόν
3066 3847 3297 3916 Σελοὺμ,
3331 3864 3349 3897 ι
3380 3845 3488 3899 Καὶ
3520 3843 3796 3912 ἐποίησε.»

2218 3939 2374 4011 φησὶ,
2402 3958 2420 3990 ι
2454 3938 2513 3990 τὸ
2539 3936 2773 4009 πονηρὸν
2801 3939 2858 3989 ἐν
2881 3935 3179 4007 ὀφθαλμοῖς
3200 3935 3429 4004 Κυρίου.
3455 3935 3568 3988 Οὐκ
3593 3934 3800 4003 ἀπέστη

2217 4029 2324 4082 ἀπὸ
2368 4023 2557 4083 πασῶν
2604 4027 2889 4099 ἁμαρτιῶν
2953 4027 3235 4099 Ἱεροϐοάμ
3298 4026 3413 4080 υἱοῦ
3474 4023 3697 4089 Ναϐὰτ,
3741 4023 3801 4088 ὃς

2216 4122 2493 4192 ἐξήμαρτε
2540 4120 2633 4173 τὸν
2688 4119 2923 4191 Ἰσραήλ.
2984 4139 3003 4172 ι
3060 4118 3441 4183 Βασιλεύοντος
3497 4117 3555 4171 δὲ
3609 4118 3798 4185 αὑτοῦ,

2218 4213 2360 4283 φημὶ
2391 4212 2475 4281 δὴ,
2515 4211 2610 4265 τοῦ
2646 4211 2895 4282 Μαναῖμ,
2927 4211 3022 4264 καὶ
3064 4209 3185 4281 θεῷ
3229 4209 3681 4281 προσκρούοντος,
3711 4211 3802 4266 διὰ

2215 4305 2276 4358 τὸ
2289 4303 2647 4376 προσκεῖσθαι
2674 4303 2791 4357 λίαν
2817 4307 2937 4367 ταῖς
2960 4304 3069 4359 τῶν
3094 4302 3326 4357 εἰδώλων
3340 4302 3799 4374 ψευδολατρείαις,

2217 4395 2715 4467 καταστρατεύεται
2780 4397 2880 4467 τῆς
2960 4396 3273 4467 Σαμαρείας
3337 4395 3480 4449 (bos/3t
3545 4394 3798 4465 βασιλεὺς

2230 4490 2548 4562 Ἀσσυρίων.
2592 4490 2688 4544 Ὃν
2726 4488 3041 4561 ἀμύνασθαι
3072 4492 3184 4552 τοῖς
3212 4487 3399 4551 ὅπλοις
3445 4488 3545 4543 οὐκ
3589 4486 3729 4559 ἔχων
3771 4487 3801 4538 6

533 4581 691 4642 duos,
713 4584 768 4631 et
790 4574 919 4630 fecit
952 4572 1150 4627 malum
1199 4586 1381 4627 coram
1423 4570 1668 4637 Domino,
1697 4570 2107 4642 eonjuravitque

2220 4579 2458 4650 Μαναῖμ,
2508 4578 2725 4642 πολλοῖς
2771 4578 3058 4633 ἀναπείθει
3108 4579 3387 4650 χρήμασιν
3431 4578 3798 4648 ἀποφοιτῆσαι

536 4670 791 4724 adversus
819 4681 940 4721 eum
1000 4663 1212 4719 Phacee
1248 4665 1390 4718 ﬁlius
1439 4664 1695 4720 Itomelia:
1744 4666 1852 4721 dux
1884 4664 2021 4733 ejus,
2053 4676 2109 4721 et

533 4761 800 4831 percussit
839 4774 959 4813 eum
982 4759 1035 4812 in
1063 4757 1401 4825 Samaria,et
1442 4758 1687 4827 regnavit
1724 4773 1821 4829 pro
1853 4775 1918 4814 eo
1945 4774 2109 4829 super

535 4854 718 4911 Israel.
738 4853 800 4908 Et
834 4853 961 4908 fecit
984 4853 1181 4907 malum
1201 4866 1384 4905 coram
1405 4850 1651 4915 Domino,
1672 4860 1726 4905 et
1754 4868 1857 4907 non
1884 4853 2104 4907 recessit

532 4962 564 5001 ι
591 4947 825 5016 peccatis
856 4944 1142 5000 Jerohoam
1194 4942 1287 4997 lilii
1325 4941 1518 5006 Nabal,
1575 4942 1666 5013 qui
1718 4957 1943 5011 peccare
1976 4944 2107 4999 fecit

532 5036 700 5094 Israel
737 5038 839 5092 “.t
878 5037 990 5092 Sub
1039 5037 1142 5091 hoc
1185 5049 1313 5105 rege
1346 5035 1588 5090 ascendit
1623 5034 2106 5104 Theglatphalasar

535 5143 629 5183 rex
659 5128 1029 5200 Assyriorum,
1059 5136 1133 5191 et,
1169 5126 1220 5181 vi
1266 5135 1529 5196 occupata
1561 5126 1812 5181 universa
1837 5126 2103 5193 Samaria,

533 5216 786 5271 lsraelem
822 5216 1096 5271 transtulit
1126 5217 1178 5270 in
1228 5216 1500 5287 Assyrios.
1535 5215 1777 5272 Mortuus
1810 5226 1895 5272 est
1927 5227 2105 5274 autem

540 5314 588 5359 et
618 5303 827 5360 Phacee
870 5319 969 5375 per
1012 5306 1236 5361 insidias
1260 5305 1435 5371 Oscae,
1462 5305 1555 5360 lilii
1586 5307 1702 5372 Eia,
1721 5307 1812 5377 qui
1840 5317 1895 5363 et
1917 5322 2108 5380 regna-

538 5395 609 5448 rit
630 5411 726 5465 pro
751 5410 816 5451 eo
848 5410 989 5452 anno
1019 5396 1274 5451 vicesimo
1324 5396 1575 5451 Joatham
1616 5396 1707 5452 lilii
1752 5398 2014 5455 Azariam
2052 5401 2107 5456 In

537 5485 721 5541 diebus
752 5486 876 5552 illis,
900 5486 1097 5556 inquit,
1125 5488 1291 5559 coepit
1316 5488 1578 5545 Dominus
1606 5489 1819 5546 mittere
1841 5490 1892 5545 in
1916 5489 2108 5547 Judam

535 5573 698 5629 Rasin
724 5589 900 5647 regem
940 5577 1132 5650 Syrize,
1169 5589 1223 5633 et
1248 5580 1460 5636 Phacee
1500 5580 1668 5636 tilium
1700 5580 1954 5638 Romelize
1983 5585 2049 5636 ".
2085 5602 2104 5636 ι

534 5664 808 5734 Quoloeo
858 5684 1039 5726 sermo
1065 5681 1363 5729 retrorsum
1423 5675 1582 5730 redit.
1651 5674 1900 5731 Diximus
1964 5676 2106 5731 enim

2215 4671 2313 4743 τῆς
2351 4673 2475 4741 γῆς,
2504 4671 2598 4724 καὶ
2644 4669 2802 4724 λῦσαι
2829 4669 2928 4742 τὴν
2970 4671 3171 4742 μάχην.
3218 4669 3435 4741 Ἐπειδὴ
3473 4670 3530 4723 δὲ
3559 4668 3799 4722 τετελεύ-

2211 4780 2381 4834 τηκεν
2411 4764 2440 4816 6
2484 4762 2713 4834 Μαναῒμ
2745 4765 2803 4817 ὲν
2828 4763 2938 4817 ἔτει
2968 4763 3153 4817 λοιπὸν
3181 4763 3532 4834 πεντηκοστῷ
3558 4763 3653 4816 καὶ
3684 4763 3798 4817 δευ-

2211 4854 2355 4926 τέρῳ
2405 4856 2509 4923 τῆς
2550 4852 2795 4924 βασιλεία
2860 4853 3056 4919 Ὀζίου,
3101 4853 3314 4925 χρίεται
3355 4852 3519 4907 πάλιν
3557 4853 3649 4907 ἐπὶ
3696 4854 3795 4924 μὲν

2211 4946 2303 4999 τὸν
2345 4946 2573 5013 Ἰούδαν,
2600 4945 2695 5000 καὶ
2722 4947 2779 5000 ἐν
2815 4946 3209 5018 Ἱεροσολύμοις
3246 4945 3485 5017 Ἰωάθαμ
3529 4944 3669 5017 μετὰ
3696 4948 3797 5018 τὴν

2211 5037 2305 5093 τοῦ
2355 5038 2559 5109 πατρὸς
2614 5037 2905 5110 τελευτὴν,
2962 5037 3091 5109 περὶ
3149 5028 3211 5091 οὗ
3277 5038 3624 5112 γέγραπται,
3713 5039 3797 5092 ὅτι

2218 5151 2238 5185 ι
2306 5132 2558 5204 Ἐποίησε
2600 5132 2660 5186 τὸ
2695 5132 2850 5197 εὐθὲς
2913 5133 2971 5186 ἐν
3018 5131 3319 5204 ὀφθαλμοῖς
3380 5133 3608 5203 Κυρίου,
3654 5131 3797 5187 κατά

2214 5223 2392 5278 πάντα
2424 5224 2527 5279 ὅσα
2570 5224 2825 5297 ἐποίησεν
2869 5223 3051 5290 Ὀζίας
3096 5225 3124 5278 6
3174 5226 3357 5297 πατὴρ
3386 5224 3571 5281 αὑτοῦ.
3642 5224 3790 5296 Πλὴν

2208 5316 2276 5370 τά
2309 5315 2490 5387 ὀψηλά
2520 5318 2622 5370 οὐκ
2649 5315 2864 5387 ὲξῆρεψ
2894 5315 2975 5371 ἔτι
3004 5318 3033 5371 6
3056 5316 3182 5381 λαὸς
3209 5315 3486 5383 ὲθυσίαζε,
3528 5316 3625 5372 καὶ
3667 5317 3795 5373 ἐθυ-

2208 5409 2313 5481 μία
2354 5412 2414 5463 ὲν
2454 5413 2564 5475 τοῖς
2590 5409 2837 5482 ὑψηλοῖς.
2875 5430 2895 5464 ι
2952 5412 3077 5467 Ἐπὶ
3113 5411 3172 5467 δέ
3201 5430 3265 5482 γε
3293 5411 3387 5466 τὸν
3428 5412 3649 5483 Ἰσραὴλ
3687 5414 3796 5468 Φα-

2210 5499 2342 5564 κέας
2365 5501 2478 5565 υίὸς
2502 5500 2595 5555 τοῦ
2632 5502 2882 5572 Μαναῖμ,
2922 5518 2943 5554 ι
2982 5502 3346 5557 Βεϐασίλευκε
3376 5500 3455 5565 δὲ,
3488 5502 3675 5577 φησὶν,
3697 5501 3791 5576 ἔτη

2208 5591 2323 5657 δύο,
2355 5592 2449 5647 καὶ
2488 5592 2711 5662 ἐποίησε
2758 5592 2820 5646 τὸ
2853 5594 3087 5665 πονηρὸν
3124 5595 3184 5647 ὲν
3213 5592 3513 5663 ὀφθαλμοῖς
3558 5594 3791 5665 Κυρίου.

2208 5676 2344 5736 Εἶτα
2375 5684 2740 5756 συνεστράφη,
2786 5683 2943 5756 φησὶ,
2975 5684 3065 5736 ἐπ’
3094 5682 3256 5737 αὑτὸν
3315 5683 3513 5749 Φακεὲ,
3558 5683 3673 5747 υίὸς
3699 5682 3791 5737 τοῦ

610 5849 655 5885 ⁸⁸
674 5848 833 5906 Num.
872 5865 929 5919 v,
963 5849 1019 5908 2.
1096 5851 1137 5886 "
1163 5850 1227 5908 IV
1257 5850 1387 5922 Reg.
1422 5868 1509 5923 xv,
1545 5853 1627 5909 I2.
1709 5855 1749 5887 ⁸⁸
1788 5853 1857 5909 1V
1892 5853 2025 5927 Reg.
2057 5871 2116 5911 xv

2224 5857 2329 5913 1-8.
2418 5856 2455 5889 "
2483 5858 2609 5915 ibid.
2643 5858 2833 5915 52-33.
2912 5861 2956 5892 ¹⁰
2990 5858 3117 5917 ibid.
3156 5858 3343 5918 2336.
3403 5860 3447 5892 ³¹
3486 5861 3618 5917 ibid.
3658 5862 3750 5918 57.
