4094 6552
300 373 374 431 ιιι
1182 338 1185 341 ’
1224 375 1776 436 COMMENTARIUS
1809 378 1875 435 nv
1915 377 2147 435 ossam
2187 379 2627 438 PROPHETAM.
3494 377 3575 435 ea

318 487 622 558 Ῥομελίου,
666 489 695 543 6
726 490 1015 562 τριστάτης
1042 491 1226 548 αὑτοῦ.
1259 494 1371 548 Καὶ
1409 496 1678 562 ἐπάταξεν
1724 496 1886 551 αὐτὸν

1996 504 2262 551 mortuum
2322 496 2552 564 Pbacee,
2594 496 2737 553 Osca
2782 497 2890 552 lilio
2944 496 3097 555 Elam
3139 495 3564 568 conjurationem

185 660 190 665 ὓ
307 580 367 632 ἐν
406 579 714 652 Σαμαρείᾳ,
763 581 858 634 καὶ
889 580 1271 651 βεϐασίλευκεν
1315 584 1430 639 ἀντ’
1458 586 1624 640 αὑτοῦ
1664 587 1757 640 ἐπὶ
1799 586 1891 639 τὸν

320 669 563 741 Ἰσραὴλ,
600 673 695 726 καὶ
723 670 945 743 ἐποίησε
979 672 1040 726 τὸ
1080 673 1313 746 πονηρὸν
1355 677 1415 730 ἐν
1444 676 1739 749 ὀφθαλμοῖς
1781 679 1893 732 Κυ-

312 760 452 833 ρίου,
502 763 594 816 καὶ
622 762 722 817 οὐκ
761 763 973 836 ἀπέστη
1012 764 1121 819 ἀπὸ
1153 766 1266 821 τῶν
1290 768 1574 841 ἁμαρτιῶν
1612 770 1893 841 ἰεροϐοὰμ

310 852 430 907 υἰοῦ
478 854 699 919 Ναϐὰτ,
742 854 803 919 ὃς
858 855 1132 929 ἐξήμαρτε
1191 859 1284 915 τὸν
1352 862 1589 934 Ἰσραήλ.
1648 882 1668 916 ι
1716 861 1891 915 Αὐτοῦ

314 944 686 1015 βασιλεύοντος
724 945 892 1018 ἀνέϐη
937 949 1366 1026 Θεγλαϐαλασὰρ
1398 952 1654 1023 βασιλεὺς
1698 955 1891 1008 Ἀσσυο-

312 1033 462 1105 ρίων,
494 1033 553 1097 δς
587 1036 769 1091 πᾶσαν
816 1036 952 1091 ἐλὼν
991 1039 1133 1094 κατὰ
1161 1042 1364 1113 κράτος
1410 1044 1510 1115 τὴν
1550 1043 1889 1115 Σαμάρειαν,

312 1123 560 1194 ἀπῴκισε
598 1125 692 1179 τὸν
744 1128 962 1201 Ἰσραὴλ
1010 1133 1090 1195 εἰς
1132 1132 1470 1205 Ἀσσυρίους.
1524 1116 1891 1207 Τετελεύτηκε

308 1216 367 1271 δέ
410 1218 503 1271 καὶ
547 1217 579 1271 6
630 1220 828 1284 Φακεὲ,
882 1224 1193 1297 συστροφὴν
1233 1226 1319 1279 ἐπ’
1359 1227 1526 1281 αὐτὸν
1567 1231 1891 1300 ποιήσαντος

323 1309 481 1381 ἀσηέ
508 1312 605 1365 τοῦ
639 1314 759 1367 υἰοῦ
798 1316 952 1385 Ἦλὰ,
975 1317 1033 1382 ὃς
1060 1318 1154 1373 καὶ
1182 1320 1535 1375 ἐϐασίλευσεν
1558 1323 1674 1375 ἀντ’
1700 1322 1887 1388 αὐτοῦ,

309 1402 368 1454 ἐν
394 1402 503 1457 ἔτει
531 1405 767 1476 εἰκοστῷ
820 1408 1058 1481 Ίωάθαμ
1095 1410 1212 1464 υίοῦ
1256 1411 1531 1485 Ἀζαρίου.
1581 1431 1600 1465 ι
1659 1412 1797 1468 Ἀλλ’
1833 1416 1890 1467 ἐν

308 1497 429 1559 ταῖς
465 1496 701 1568 ἡμέραις
731 1499 989 1564 ἐκείναις,
1023 1503 1205 1573 φησὶν,
1233 1503 1436 1577 ἦρξατο
1459 1504 1661 1575 Κύριος
1692 1504 1889 1570 ἐξαπο-

310 1586 554 1643 στέλλειν
582 1590 640 1643 ἐν
688 1591 858 1645 Ἰούδα
895 1593 987 1646 τὸν
1024 1594 1269 1648 Ῥαασὼν
1299 1595 1523 1665 βασιλέα
1552 1596 1772 1667 Συρίας,
1796 1596 1890 1651 καὶ

309 1676 401 1731 τὸν
424 1679 600 1733 Φακεέ
624 1681 739 1735 υίδν
782 1682 1082 1756 Ῥομελίου.
1109 1704 1127 1738 ι
1148 1687 1363 1740 Ἀνόπιν
1393 1689 1523 1758 ἡμῖν
1548 1690 1606 1742 ἐν
1627 1687 1835 1753 τούτοις
1860 1689 1890 1743 6

310 1767 469 1839 λόγος
492 1772 726 1844 ἔρχεται.
764 1776 1016 1848 Ἔφαμεν
1036 1776 1166 1851 γὰρ,
1191 1779 1273 1832 ὅτι
1300 1778 1688 1851 τετελεύτηκεν
1733 1780 1762 1832 6
1783 1780 1890 1833 Φα-

313 1861 427 1927 κεὲ,
485 1864 641 1936 Ὠσηέ
666 1865 761 1920 τοῦ
786 1867 903 1922 υἰοῦ
949 1868 1080 1924 Ἦλά
1105 1870 1432 1943 σύστρεμμα
1473 1873 1570 1926 καὶ
1598 1872 1888 1944 ἐπιϐουλὴν

312 1953 401 2006 ἐπ’
427 1954 589 2009 αὐτόν
624 1974 749 2012 τινα
778 1960 1172 2032 ποιησαμένου.
1214 1962 1361 2034 Πλὴν
1389 1964 1447 2016 ἐν
1478 1964 1691 2035 χρόνοις
1724 1964 1889 2019 αὐτοῦ

310 2045 557 2114 γεγονὸς,
603 2049 685 2113 εἰς
734 2050 898 2119 μέσον
940 2052 1066 2121 ἄγει
1116 2054 1379 2125 διήγημα.
1432 2075 1451 2107 ι
1490 2054 1729 2127 Ἤρξατο
1756 2057 1888 2129 γάρ,

312 2137 465 2206 φησὶ,
497 2137 702 2210 Κύβος
731 2141 789 2194 ἐν
811 2145 931 2206 ταῖς
952 2143 1190 2214 ἡμέραις
1217 2146 1455 2209 ἐκείναις
1482 2146 1891 2211 ἐξαποστέλλειν

313 2229 372 2280 ἐν
436 2229 609 2285 Ἰούδα
658 2232 750 2286 τὸν
807 2234 1053 2289 Ῥαασὼν
1126 2235 1353 2305 βασιλέα
1397 2237 1617 2309 Συρίας,
1668 2240 1891 2294 καὶτὸν

310 2319 485 2373 Φακεέ
514 2321 630 2374 υίὸν
671 2324 969 2394 Ῥομελίου.
1008 2345 1027 2377 ι
1059 2326 1233 2379 Φακεέ
1268 2328 1377 2399 γὰρ
1409 2331 1437 2382 6
1475 2330 1569 2382 τοῦ
1610 2330 1890 2401 Ῥομελίου

312 2411 693 2485 πεπολέμηκεν
722 2416 798 2480 ὡς
827 2418 1058 2489 ὁμόρους
1090 2419 1250 2484 ὄντας
1269 2421 1397 2484 τοὺς
1433 2420 1887 2491 Ἱεροσολυμίτας.

323 2505 544 2579 Ἐπειδὴ
584 2508 641 2562 δὲ
680 2508 860 2580 δεινὴν
892 2511 988 2565 καὶ
1032 2512 1337 2582 ἄθραυστον
1388 2512 1583 2566 ἐθεᾶτο
1622 2512 1721 2584 τὴν
1749 2512 1893 2567 άντί-

312 2612 523 2662 στασιν,
564 2598 847 2655 ἀναπείθει
889 2601 979 2656 τὸν
1014 2602 1262 2657 Ῥαασὼν
1281 2603 1373 2657 τὸν
1403 2602 1628 2674 βασιλέα
1648 2602 1758 2657 τῶν
1784 2603 1890 2657 Σύ·-

314 2704 446 2759 ρων,
489 2686 751 2745 σύνοπλον
779 2692 930 2764 αὐτῷ
967 2693 1220 2763 γενέσθαι
1258 2692 1354 2748 καὶ
1401 2692 1767 2767 συλλήπτορα,
1799 2694 1892 2747 καὶ

313 2778 837 2853 συνεκπολιορκῆσαι
894 2780 993 2849 τὴν
1066 2782 1440 2856 Ἰερουσαλήμ.
1496 2783 1892 2855 Συνεστηκότος

308 2868 375 2941 δὴ
418 2865 513 2925 οῦν
558 2872 656 2926 τοῦ
721 2874 979 2946 πολέμου,
1026 2874 1384 2946 τετελεύτηκε
1434 2876 1534 2946 μὲν
1577 2876 1819 2948 Ἰωάθαμ
1864 2878 1893 2931 6

312 2959 427 3024 υίὸς
472 2962 743 3033 Ἀζαρίου.
784 2964 1095 3037 Διαδέχεται
1117 2964 1172 3019 δέ
1194 2965 1293 3037 τὴν
1325 2964 1602 3035 βασιλείαν
1634 2964 1844 3037 ’Ἀχατζ
1864 2966 1894 3019 6

309 3052 426 3116 υἰὸς
448 3052 640 3121 αὑτοῦ,
663 3056 900 3128 πονηρὸς
922 3054 997 3110 ὣν
1033 3056 1173 3126 ἄγαν
1222 3057 1318 3110 καὶ
1345 3056 1756 3127 εἰδωλολάτρης,
1798 3056 1893 3110 καὶ

1992 597 2045 644 et
2072 589 2298 645 insidias
2328 590 2380 645 in
2427 590 2573 643 illum
2605 597 2978 659 comparanle.
3011 588 3116 644 Sed
3169 590 3311 661 quod
3358 598 3567 657 tempo-

1990 681 2140 736 ribus
2187 680 2303 749 ejus
2353 681 2571 745 accidit,
2601 680 2654 735 in
2710 679 2945 735 medium
3005 682 3351 741 narrationis.
3392 681 3563 736 addu-

1990 773 2121 829 cit.r
2155 771 2339 843 Coepit
2366 772 2532 838 enim,
2581 772 2781 843 inquit,
2814 770 3072 825 Dominus
3121 771 3335 827 mittere
3379 771 3569 831 diebus

1992 862 2097 918 illis
2121 863 2171 918 in
2189 860 2378 917 Iudam
2410 863 2611 918 Rbasin
2642 876 2821 934 regem
2846 859 3055 932 Syriae,
3076 868 3132 915 et
3168 861 3379 935 Pbacee
3402 861 3583 926 ﬁlium,

1992 955 2269 1011 Romelire.
2303 975 2323 1009 ι
2357 954 2569 1011 Pliacee
2607 969 2843 1023 namque
2886 954 3157 1011 Romelie.
3194 954 3331 1009 ﬁlius
3354 953 3570 1009 ieroso-

1991 1044 2229 1115 lymitas.
2294 1055 2549 1116 tanquam
2590 1044 3046 1107 ﬁnitimosarmis
3080 1043 3371 1099 lacessivit.
3403 1042 3575 1099 Cum-t

1991 1150 2098 1206 que
2130 1140 2351 1204 acriter,
2383 1147 2437 1192 et
2466 1135 2696 1191 infracto
2747 1136 2944 1191 robore
2974 1134 3074 1191 sibi
3105 1135 3289 1190 resiSti
3339 1134 3567 1202 videret,

1992 1226 2194 1282 Rhasin
2225 1226 2507 1299 Syriorum
2539 1242 2716 1298 regem
2740 1226 2807 1283 ad
2838 1242 2995 1291 arma
3017 1241 3196 1282 secum
3221 1223 3569 1298 Jerosolymaa

1990 1319 2362 1388 expugnandae
2390 1318 3008 1388 consociandaimpnlit.
3041 1317 3187 1373 Bello
3212 1319 3378 1389 igitur
3406 1317 3577 1372 ador-.

1993 1418 2142 1473 nato,
2203 1407 2454 1464 Joatbam
2521 1409 2733 1465 Azariaa
2788 1409 2930 1464 lilius
2962 1410 3195 1477 decedit,
3225 1418 3280 1466 et
3341 1423 3566 1479 regnum

1988 1500 2169 1554 Acliaz
2205 1499 2343 1555 ﬁlius
2369 1497 2482 1567 ejus
2521 1499 2715 1569 accipit
2755 1500 2824 1565 “,
2852 1501 3014 1555 homo
3049 1498 3485 1568 improbissimus
3510 1506 3569 1552 et

1990 1590 2297 1658 idololatra,
2319 1591 2561 1662 adeoque
2592 1593 2656 1645 ad
2673 1605 2911 1646 errorem
2957 1591 3130 1646 insani
3164 1590 3425 1646 idolorum
3456 1589 3571 1644 cul-

1992 1692 2077 1738 tus
2116 1681 2320 1747 ebrius,
2361 1692 2421 1737 ut
2445 1692 2500 1738 et
2531 1683 2694 1737 lilium
2721 1699 2878 1738 suum
2906 1697 3003 1752 per
3026 1685 3200 1753 ignem
3226 1682 3567 1748 transferret,

1990 1782 2045 1828 et
2098 1774 2164 1829 ad
2222 1773 2453 1845 quodvis
2496 1783 2692 1829 tetrum
2734 1775 2943 1831 facinus
2981 1774 3297 1839 declinaret,
3344 1784 3400 1828 et
3442 1774 3571 1829 ado-

1989 1866 2125 1922 leret
2150 1866 2428 1922 incensum
2454 1867 2507 1920 in
2536 1866 2784 1933 excelsis,
2821 1876 2876 1921 et
2930 1866 3030 1921 sub
3067 1866 3214 1922 omni
3244 1865 3391 1937 ligno
3421 1864 3571 1920 fron-

1990 1960 2146 2025 doso,
2204 1960 2343 2015 sicut
2383 1960 2441 2030 9
2483 1961 2742 2030 scriptum
2788 1968 2870 2015 est
2903 1960 2970 2013 υ.
3004 1958 3371 2013 Conturbatus
3408 1956 3572 2025 igitur

1989 2052 2187 2120 Achaz,
2222 2052 2567 2123 collectisque
2607 2052 2872 2107 universis
2907 2050 3112 2107 divitiis
3141 2065 3260 2121 quae
3312 2050 3365 2104 in
3409 2049 3570 2104 domo

1990 2144 2201 2199 Domini
2233 2143 2671 2212 inveniebantur,
2732 2156 2829 2214 per
2853 2143 3069 2199 nuntios
3093 2142 3158 2197 ad
3202 2142 3566 2213 Tlieglatpha-

1990 2236 2137 2291 lasar
2159 2251 2341 2306 regem
2371 2237 2718 2308 Assyriorum
2749 2236 2940 2291 salutis
2960 2235 3263 2290 obtinendae
3286 2248 3448 2290 causa
3479 2247 3570 2289 eas

1993 2327 2314 2382 transmisit.
2375 2327 2631 2398 Assyrius
2691 2328 2854 2397 igitur
2900 2336 3095 2383 contra
3127 2325 3334 2381 Rbasin
3386 2338 3568 2395 regem

1992 2418 2187 2474 bellum
2211 2418 2394 2484 sumit,
2449 2417 2769 2473 Damascum
2814 2418 2989 2488 Syriae
3034 2417 3370 2485 metropolim
3400 2416 3567 2486 capit,

1990 2509 2194 2566 Rhasin
2248 2509 2522 2566 interficit.
2581 2510 2762 2566 Acbaz
2818 2512 3162 2579 postmodum
3216 2508 3568 2580 Jerosolymis

1991 2600 2337 2669 Damascum,
2402 2601 2681 2674 Assyrium
2740 2602 2980 2667 visurus,
3028 2601 3325 2659 descendit.
3389 2601 3461 2656 lbi
3512 2601 3568 2657 in

1992 2691 2230 2749 delubris
2267 2691 2530 2748 idolorum
2564 2708 2684 2747 cum
2721 2691 2893 2750 altare
2934 2708 3073 2749 novo
3121 2693 3354 2763 quodam
3391 2700 3445 2747 et
3488 2692 3573 2747 in-

1991 2783 2195 2839 usitato
2240 2784 2403 2839 modo
2434 2793 2811 2840 constructum
2846 2784 3089 2849 vidisset,
3139 2798 3205 2839 eo
3245 2797 3575 2854 magnopere

1994 2874 2315 2940 delectatus,
2375 2873 2603 2929 formam
2651 2876 2770 2947 ejus
2806 2890 2902 2933 seu
2958 2872 3240 2944 exemplar
3282 2875 3348 2928 ad
3385 2872 3575 2929 Uriam

1994 2965 2335 3022 sacerdotem
2387 2963 2782 3038 Jerosolymam
2826 2964 2995 3030 misit,
3049 2972 3105 3020 et
3134 2962 3311 3019 simile
3334 2961 3585 3025 construi

1989 3056 2168 3127 jussit.
2198 3059 2316 3123 Quo
2345 3055 2493 3113 illato
2529 3059 2581 3112 in
2627 3057 2845 3112 domum
2880 3056 3113 3121 Domini,
3146 3063 3201 3111 et
3234 3064 3440 3110 tantum
3468 3070 3581 3115 non.

311 3141 671 3213 καταμεθύων
691 3143 831 3200 οὕτω
849 3145 982 3217 πρὸς
1019 3146 1286 3216 πλάνησιν
1315 3146 1674 3218 εἰδωλομανῆ,
1695 3146 1770 3211 ὡς
1789 3149 1887 3202 καὶ

1996 3157 2176 3219 spreto
2200 3162 2263 3203 ac
2289 3158 2602 3219 contempto
2627 3148 2768 3217 quod
2816 3146 2993 3203 Moses
3021 3146 3114 3202 Dei
3140 3146 3419 3201 voluntate
3443 3145 3577 3200 fece-

310 3232 401 3287 τὸν
426 3234 558 3287 ἴδιον
578 3235 691 3289 υἱὸν
712 3237 990 3307 διαγαγεῖν
1010 3238 1067 3291 ἐν
1093 3238 1246 3310 πυρὶ,
1270 3238 1363 3292 καὶ
1401 3243 1539 3311 πρὸς
1566 3242 1675 3294 πᾶν
1713 3239 1889 3295 ὁτιοῦν

313 3324 608 3379 άπονεῦσαι
682 3327 790 3382 τῶν
857 3328 1137 3394 ἐκτόπων,
1224 3330 1319 3382 καὶ
1389 3329 1588 3402 θυμιᾷν
1657 3331 1716 3384 ἐν
1778 3334 1891 3394 τοῖς

314 3415 557 3486 ὑψηλοῖς,
624 3418 720 3472 καὶ
792 3420 1049 3474 ὑποκάτω
1102 3420 1303 3484 παντὸς
1356 3420 1510 3485 ξύλου
1580 3421 1847 3485 ἁλσώδους
1874 3462 1889 3487 ,

315 3508 456 3562 κατὰ
516 3508 577 3562 τὸ
648 3509 1055 3581 γεγραμμένον.
1112 3510 1561 3582 Τεοορυϐημένος
1609 3511 1672 3582 δὴ
1721 3509 1812 3565 οὖν
1864 3512 1892 3563 6

320 3597 543 3669 ’Δχατζ,
578 3599 756 3653 πάντα
808 3599 1150 3669 συνενεγκὼν
1199 3601 1290 3653 τὸν
1334 3601 1563 3654 πλοῦτον
1603 3601 1693 3654 τὸν
1737 3604 1891 3673 εὑρε-

314 3686 476 3743 Θέντα
501 3691 557 3745 ἐν
573 3690 707 3762 οἴκῳ
725 3692 953 3763 Κυρίου,
976 3691 1293 3745 ἀποστέλλει
1315 3691 1452 3763 πρὸς
1468 3692 1892 3765 Θεγλαϐαλασὰρ

317 3781 543 3853 βασιλέα
583 3783 903 3855 Ἀσσυρίων,
938 3784 1031 3837 καὶ
1062 3782 1330 3847 σώζεσθαι
1364 3784 1429 3837 δι’
1456 3783 1619 3837 αὑτοῦ
1653 3786 1895 3854 παρεκά-

315 3874 741 3940 λει.¹οπλίζεται
788 3876 969 3930 τοίνυν
1004 3875 1286 3946 Ἀσσύριος
1335 3875 1474 3929 κατὰ
1518 3876 1618 3945 τῆς
1653 3875 1896 3930 Ῥαασὼν

318 3967 618 4037 βασιλείας,
645 3969 739 4023 καὶ
767 3969 977 4040 δέχεται
1003 3969 1101 4039 μὲν
1122 3968 1223 4042 τὴν
1246 3968 1556 4039 Δαμασκὸν,
1582 3969 1617 4039 ἥ
1646 3971 1762 4022 ἐστι
1794 3986 1897 4040 μη-

316 4059 571 4129 τρόπολις
601 4059 700 4129 τῆς
728 4060 945 4130 Συρίας,
978 4062 1193 4132 ἀναιρεῖ
1235 4060 1291 4114 δέ
1335 4060 1426 4113 τὸν
1462 4060 1726 4115 Ῥαασών.
1764 4057 1897 4116 Εἶτα

317 4148 562 4202 κάτεισιν
588 4150 791 4220 ’Ἀχατζ
819 4151 883 4204 ἐκ
908 4150 1016 4203 τῶν
1051 4150 1435 4222 Ἰεροσολύμων
1474 4152 1553 4215 εἰς
1584 4152 1895 4223 Δαμασκὸν,

318 4241 583 4312 ὀψόμενος
608 4241 698 4294 τὸν
732 4240 1033 4312 Ἀσσύριον.
1053 4242 1140 4295 Ἐν
1172 4242 1229 4298 δὲ
1269 4245 1381 4306 τοῖς
1413 4242 1521 4297 τῶν
1549 4243 1783 4298 εἰδώλων
1810 4262 1900 4297 τε-

322 4333 508 4403 μένεσι
537 4333 917 4406 θυσιαστήριον
969 4334 1250 4405 ἑωρακὼς,
1281 4336 1625 4407 καινοπρεπῆ
1658 4354 1777 4391 τινα
1808 4338 1901 4392 καὶ

319 4427 465 4499 ἀήθη
508 4426 853 4498 κατασκευὴν
905 4425 1043 4497 ἔχον.
1084 4428 1177 4481 καὶ
1224 4427 1411 4499 ἡσθεὶς
1437 4429 1525 4483 ἐπ’
1566 4430 1715 4501 αύτῷ
1757 4430 1898 4497 λίαν,

1994 3252 2094 3308 rat,
2151 3254 2317 3310 super
2365 3256 2431 3298 eo
2476 3240 2744 3298 sacriﬁcia
2791 3239 3052 3295 solemnia
3095 3238 3393 3310 perpetrari
3423 3254 3576 3293 man-

1992 3333 2156 3389 davit.
2192 3332 2315 3387 Alia
2376 3343 2575 3402 prater
2600 3332 2713 3387 hanc
2752 3331 2804 3386 in
2876 3332 3095 3401 templo,
3155 3347 3252 3402 pro
3312 3330 3577 3386 arbitratu

1993 3423 2414 3489 inconsiderate,
2440 3430 2495 3477 et
2530 3420 2640 3478 Deo
2679 3422 2847 3477 invito
2886 3423 3121 3478 novavit.
3171 3422 3308 3489 Quin
3354 3432 3408 3476 et
3444 3432 3573 3474 tcm-

1992 3513 2212 3580 poribus
2241 3512 2379 3582 ejus,
2407 3512 2701 3567 etiamnum
2731 3513 2943 3568 vivente
2977 3512 3115 3567 Osee
3138 3512 3247 3566 lilio
3281 3511 3427 3566 Elam
3451 3524 3577 3580 rege

1992 3602 2175 3668 Israel,
2203 3602 2444 3657 ascendit
2467 3602 2811 3657 Salmanasar
2841 3619 2929 3655 rex
2947 3602 3291 3673 Assyriorum
3316 3601 3578 3655 adversus

1994 3694 2182 3759 lsrael,
2235 3703 2555 3765 vastataque
2585 3692 2854 3757 Samaria,
2903 3694 2967 3749 ad
3041 3702 3255 3749 montes
3289 3701 3342 3747 et
3390 3692 3579 3746 iluvios

1994 3786 2271 3841 Medorum
2302 3786 2471 3855 ipsum
2506 3786 2794 3840 transtulit.
2831 3772 2973 3841 Osee
2995 3801 3209 3856 quoque
3242 3786 3361 3840 neci
3404 3784 3576 3851 dedit,

1995 3876 2136 3945 quod
2165 3891 2356 3929 inanaa
2393 3874 2654 3946 (signum
2687 3874 3081 3944 subjectionis)
3122 3889 3225 3927 non
3288 3872 3576 3937 attulisset,

1997 3972 2129 4039 quin
2201 3968 2379 4036 potius
2444 3966 2667 4037 Aigypti
2721 3982 2897 4037 regem
2951 3967 3150 4020 auxilio
3213 3972 3461 4020 vocasset
3504 3965 3573 4020 ’⁵.

1999 4062 2180 4116 Acbaz
2210 4076 2240 4115 e
2262 4060 2397 4114 vivis
2425 4068 2697 4128 exempto,
2737 4059 2981 4129 regnavit
3012 4058 3269 4112 Ezechias
3294 4056 3435 4112 ﬁlius
3461 4056 3580 4125 ejus

2000 4167 2164 4220 super
2192 4149 2383 4205 Judam
2409 4150 2462 4205 in
2492 4146 2813 4204 Jerusalem.
2838 4147 2933 4202 llic
2954 4147 3056 4201 fuit
3077 4148 3160 4201 vir
3188 4149 3329 4217 pius,
3353 4146 3583 4218 etjusti-

2005 4245 2091 4298 tia:
2128 4257 2287 4313 quam
2349 4240 2804 4304 studiosissimus,
2850 4249 2910 4292 ut
2958 4238 3279 4294 immensum
3318 4250 3583 4309 quantum

2002 4348 2165 4402 supra
2193 4331 2329 4386 alios
2358 4331 2411 4385 in
2436 4331 2520 4385 liis
2546 4330 3017 4400 excelleret.rlpse
3041 4329 3254 4385 excelsa
3276 4330 3579 4399 dissipavit,

2004 4433 2060 4478 et
2077 4423 2227 4476 lucos
2248 4420 2496 4486 succidit,
2526 4429 2581 4474 et
2601 4430 2718 4473 erat
2736 4418 2995 4473 Dominus
3011 4433 3131 4473 cum
3157 4434 3221 4474 eo
3235 4419 3426 4474 ¹⁵.›Εο
3454 4433 3582 4490 rege

320 4516 623 4587 ἐκτύπωμα
654 4514 854 4579 λαϐὼν,
875 4516 1196 4570 ἀποστέλλει
1225 4517 1362 4589 πρὸς
1394 4518 1598 4590 υὺρίαν
1627 4519 1717 4573 τὸν
1752 4521 1894 4592 ἱερέα

2008 4513 2253 4570 ascendit
2306 4511 2658 4568 Senacherim
2713 4527 2807 4566 rex
2834 4510 3177 4582 Assyriorum
3210 4510 3279 4565 ad
3333 4512 3583 4567 civitates

321 4606 381 4659 ἐν
435 4608 549 4668 τοῖς
584 4604 1010 4677 Ἱεροσολύμοις,
1063 4606 1160 4660 καὶ
1204 4606 1269 4681 δὴ
1313 4608 1433 4661 κατ’
1465 4608 1598 4662 αὐτὸ
1648 4609 1903 4678 γενέσθαι

323 4698 709 4771 προστέταχεν.
757 4696 1096 4766 Εἰσενεγκὼν
1142 4699 1201 4753 δὲ
1246 4700 1304 4753 ἐν
1350 4700 1484 4772 οίκῳ
1534 4702 1769 4777 Κυρίου,
1808 4702 1902 4757 καὶ

327 4790 608 4862 μονονουχὶ
638 4788 732 4844 καὶ
758 4789 1031 4860 ἀτιμάσας
1078 4788 1140 4844 τὸ
1186 4791 1323 4846 κατὰ
1367 4791 1621 4863 βούλησιν
1649 4793 1785 4847 Θεοῦ
1815 4794 1904 4848 διὰ

323 4882 566 4946 Μωσέως
597 4883 984 4954 γεγενημένον,
1011 4883 1098 4935 ἐπ’
1129 4881 1278 4954 αύτῷ
1318 4882 1560 4956 πληροῦν
1586 4882 1656 4938 τὰ
1687 4900 1903 4954 νενομιεο

327 4970 500 5042 σμένα
531 4970 887 5043 προστέταχε.
910 4971 1023 5025 Καὶ
1046 4970 1208 5042 ἐτερα
1230 4969 1287 5024 δέ
1320 4970 1457 5043 πρὸς
1484 4971 1693 5036 τούτοις
1715 4988 1905 5025 κεκαι-

324 5061 624 5133 νούργηκεν
665 5063 723 5116 ἐν
753 5061 831 5134 τῷ
853 5061 987 5133 ναῷ,
1016 5061 1156 5116 κατὰ
1180 5060 1241 5115 τδ
1271 5060 1422 5133 αὐτῷ
1457 5061 1668 5129 δοκοῦν,
1713 5063 1904 5134 ἀπερι-

329 5156 598 5222 σκέπτως,
628 5157 723 5209 καί⁵
763 5155 1078 5227 άπᾳδόντως
1105 5153 1247 5227 Θεῷ.
1266 5153 1427 5209 Ἀλλά
1458 5155 1553 5210 καὶ
1577 5156 1635 5210 ἐν
1660 5157 1772 5219 τοῖς
1804 5154 1901 5209 αὑ-

326 5247 420 5302 τοῦ
474 5249 709 5319 καιροῖς,
735 5247 816 5301 ἐτι
866 5246 1066 5312 ζῶντος
1100 5247 1260 5321 Ὠσηέ
1306 5247 1424 5303 υἰοῦ
1458 5247 1591 5303 Ἡλά
1641 5246 1904 5319 βασιλέως

340 5339 575 5413 Ἰσραὴλ,
604 5340 768 5411 ἀνέϐη
817 5342 847 5394 6
894 5340 1262 5413 Σαλμανασὰρ
1314 5341 1567 5413 βασιλεὺς
1602 5341 1905 5413 Ἀσσυρίων

327 5432 422 5485 ἐπὶ
451 5432 542 5485 τὸν
571 5432 807 5504 Ἰσραὴλ,
835 5432 892 5496 ὃς
920 5430 1275 5506 καταδῃὼσας
1303 5431 1400 5505 τὴν
1418 5433 1749 5505 Σαμάρειαν,
1779 5448 1906 5503 μετ-

327 5521 513 5595 ῴκησε
535 5524 625 5580 τὸν
649 5524 865 5598 Ἰσραὴλ
878 5527 936 5580 ἐν
957 5526 1130 5597 δρεσι,
1149 5526 1241 5580 καὶ
1262 5529 1530 5598 ποταμοῖς
1551 5525 1658 5579 τῶν
1680 5527 1900 5596 Μήδων.

344 5614 654 5671 Ἀπέκτεινε
680 5618 737 5672 δὲ
765 5617 859 5673 καὶ
881 5618 1042 5673 αὐτὸν
1065 5618 1245 5691 Ὢσηέ’
1262 5619 1374 5675 Καὶ
1397 5618 1485 5674 διὰ
1508 5619 1665 5673 ποίαν
1690 5620 1867 5674 αἰτίαν
1890 5636 1903 5685 ;

405 5806 450 5840 ⁸⁸
491 5804 555 5861 ιν
592 5806 731 5875 lleg.
776 5821 888 5873 ινι,
924 5805 977 5858 2.
1058 5803 1251 5861 "ibid.
1278 5804 1330 5860 4.
1407 5805 1452 5839 ’³
1490 5802 1558 5861 ιγ
1596 5802 1724 5874 llcg.
1767 5816 1898 5871 xvtt,
1934 5802 1955 5857 l
1988 5817 2140 5872 seqq.

2008 4605 2208 4663 Iudaea:
2234 4604 2490 4670 munitas,
2513 4618 2647 4674 quas
2668 4605 2901 4669 obsedit,
2918 4612 2971 4659 et
2995 4604 3131 4659 citra
3153 4603 3389 4659 laborem
3414 4603 3581 4674 cepit.

2005 4696 2159 4753 Tunc
2196 4698 2322 4751 item
2355 4695 2630 4751 Rabsaces
2658 4695 3011 4766 Jerosolymis
3039 4696 3281 4760 insultat,
3310 4705 3365 4751 et
3408 4696 3583 4765 impu-

2005 4790 2140 4845 dens
2185 4802 2248 4843 os
2279 4796 2468 4842 contra
2504 4787 2671 4841 Deum
2731 4788 3001 4855 aperiens,
3040 4785 3584 4845 maledicentissimas

2008 4878 2126 4936 illas
2158 4894 2318 4934 voces
2360 4879 2579 4934 emittit.
2600 4875 2753 4930 Tunc
2778 4891 2993 4947 quoque
3016 4877 3121 4932 leto
3156 4877 3279 4932 data
3304 4892 3369 4931 ex
3386 4876 3583 4933 castris

2008 4971 2362 5044 Assyriorum
2390 4980 2607 5027 centum
2660 4971 2934 5040 octoginta
2966 4970 3208 5041 quinque
3239 4970 3424 5038 millia,
3474 4986 3584 5031 una

2010 5074 2171 5121 nocte
2190 5076 2352 5118 manu
2376 5062 2552 5133 angeli
2586 5061 2855 5117 confecta.
2879 5060 3006 5117 Haec
3029 5062 3234 5119 utiliter
3264 5063 3315 5118 in
3342 5076 3585 5134 praesens

2010 5156 2152 5211 dicta
2175 5164 2337 5211 sunt:
2363 5155 2555 5225 cuique
2574 5155 2717 5210 enim
2744 5154 2968 5210 istorum
2992 5169 3215 5210 casuum
3237 5156 3585 5225 propheticus

2011 5248 2102 5303 hic
2160 5263 2343 5303 sermo
2369 5248 2503 5303 scite
2525 5248 2895 5317 quadraverit.
2933 5248 3085 5304 Nunc
3106 5250 3250 5304 enim
3284 5249 3583 5305 Samaritas

2008 5339 2291 5411 increpat:
2316 5354 2458 5395 nunc
2479 5338 2875 5412 .lerosolymitis
2898 5339 3146 5397 hostilem
3171 5340 3458 5396 adventum
3481 5341 3585 5395 mi-

2007 5442 2189 5489 natur:
2204 5433 2546 5505 captivitates
2561 5434 3157 5505 praeuuntiat,timorem
3173 5435 3577 5508 praesigniﬁca't,

2009 5525 2269 5581 auxilium
2290 5527 2588 5595 promittit:
2610 5526 2677 5581 ad
2695 5531 3103 5584 conversionem
3122 5529 3312 5583 invitat
3341 5542 3461 5582 :nec
3477 5526 3581 5581 ulla

2011 5614 2063 5669 in
2088 5615 2189 5670 hac
2216 5614 2497 5684 prophetia
2525 5617 2889 5685 praetermissa
2917 5626 3000 5675 est
3036 5618 3193 5683 ratio,
3236 5616 3442 5672 ullusve
3472 5632 3591 5681 mor.

2219 5800 2264 5832 ’⁵
2294 5799 2359 5857 ιν
2395 5797 2525 5868 Reg.
2553 5815 2713 5866 xvttt,
2746 5800 2803 5863 4.
