4094 6550
528 359 604 423 93
1551 380 1608 437 s.
1649 376 1925 438 CYRlLlJ
1960 374 2431 436 ALEXANDBINI
2469 376 2793 437 ARCHIEP.
3710 379 3782 437 ιιι

531 494 762 560 dus,quo
783 502 907 548 Innc
922 507 1106 552 errore
1121 497 1356 567 deceptis
1375 501 1581 556 consuli
1607 505 1812 559 debuit.
1831 505 1914 558 Ait
1933 519 2083 573 ergo:

2205 506 2325 557 Ὀτι
2358 504 2432 575 μὴ
2467 504 2907 575 προσκεκόμικεν
2934 501 3081 573 αύτῷ
3109 498 3170 555 τδ
3201 499 3405 571 μαναά,
3437 500 3622 570 φησὶν,
3659 500 3687 553 6
3711 497 3781 573 ἦν

530 583 794 654 συμόολον
826 588 1101 661 ὑποταγῆς
1123 608 1135 621 ·
1171 591 1355 646 ἐκάλει
1380 595 1659 666 δὲμᾶλλον
1683 601 1762 661 είς
1786 598 2104 668 ἐπικουρίαν
2140 607 2231 651 τδν
2254 600 2568 667 Αἰγυπτίων
2634 598 2928 670 τύραννον;
2973 592 3106 650 Εἶτα
3146 596 3288 650 κατά
3334 593 3496 648 τοῦτο
3525 594 3777 664 τελευτή-

531 690 721 741 σαντος
749 679 840 733 τοῦ
862 680 1088 752 Ἀχταζ,
1124 683 1507 755 βεϐασίλευκεν
1538 688 1787 761 Ἐζεχίας
1810 690 1921 753 υίὸς
1948 689 2112 744 αὐτοῦ
2153 690 2246 743 ἐπὶ
2294 691 2386 745 τὸν
2453 690 2653 744 Ἰούδαν
2699 693 2757 744 ἓν
2790 689 3166 759 Ἰερουσαλήμ.
3227 704 3247 737 ι
3274 680 3447 749 Οὗτος
3486 684 3596 756 γὰρ
3639 685 3779 756 ἀνὴρ

527 769 746 853 γέγονεν
788 772 1035 843 εὗσεὸὴς,
1064 778 1156 830 καὶ
1188 777 1296 830 τῶν
1344 781 1426 832 ὅτι
1477 781 1710 851 μάλιστα
1759 780 2103 853 δικαιοσύνης
2140 782 2602 853 ἐπιμελουμένων,
2631 782 2708 845 ὡς
2777 781 3110 851 ἀσύγκριτον
3158 778 3303 849 ἔχειν
3333 775 3484 847 παρὰ
3513 778 3639 838 τοὺς
3681 775 3777 829 ἀλ-

527 848 651 919 λους
694 859 792 931 τὴν
831 862 887 915 ἔν
916 878 978 931 γε
1027 863 1200 937 τούτῳ
1246 848 1523 938 διαφοράν.
1561 888 1578 920 ι
1606 870 1779 934 Αὐτὸς
1808 871 2023 925 καθεῖλε
2055 848 2123 926 τὰ
2162 848 2373 942 ὑψηλὰ,
2402 848 2496 925 καὶ
2539 848 2608 926 τά
2653 872 2814 943 ἄλση,
2854 848 3009 940 mai,
3058 848 3303 939 ἐξέκοψε.
3333 866 3445 921 Καὶ
3475 863 3544 937 ἦν
3572 866 3777 937 Κύριος

529 952 646 1017 μετ’
676 951 860 1007 αὑτοῦ,
902 973 919 1005 ι
947 954 1121 1009 Αὐτοῦ
1169 956 1545 1027 βασιλεύοντος
1588 962 1755 1033 ἀνέϐη
1787 960 2143 1034 Σεναχερεὶμ,
2188 964 2437 1034 βασιλεὺς
2469 962 2791 1034 Ἀσσυρίων,
2814 960 2906 1014 ἐπὶ
2932 962 3033 1025 τάς
3060 961 3246 1024 πόλεις
3265 961 3363 1031 τῆς
3397 959 3654 1023 Ἰουδαίας
3677 958 3777 1022 τὰς

524 1036 742 1115 ὀχυράς.
776 1049 886 1102 Καὶ
918 1050 1301 1123 πολιορκήσας,
1335 1049 1478 1107 εἷλεν
1526 1055 1747 1126 ἀμοχθί.
1808 1058 1940 1110 Τότε
1972 1058 2065 1111 καὶ
2103 1060 2130 1111 6
2183 1058 2463 1127 Ῥαψάκης
2511 1056 2694 1120 αὐτοῖς
2761 1058 2875 1120 τοῖς
2923 1051 3315 1127 Ἰεροσολύμοις
3364 1055 3628 1126 ὲπιπηδᾷ,
3680 1056 3771 1108 καὶ

523 1137 803 1192 ἀπύλωτον
826 1141 1074 1211 ἀνοιγνὺς
1100 1144 1240 1198 κατὰ
1264 1146 1399 1199 Θεοῦ
1420 1146 1480 1200 τὸ
1508 1144 1700 1217 στόμα,
1762 1148 1862 1211 τάς
1916 1148 2397 1219 παμὸλασφήμους
2463 1149 2676 1213 ὲκείνας
2719 1149 2902 1219 ἀνίησι
2959 1146 3163 1217 φωνάς.
3196 1147 3329 1200 Τότε
3363 1148 3457 1200 καὶ
3487 1145 3773 1199 πεπτώκαο

526 1240 609 1280 σιν
636 1228 699 1280 ἐκ
730 1230 829 1300 τῆς
861 1232 1213 1304 παρεμϐολῆς
1237 1234 1346 1288 τῶν
1380 1237 1677 1307 Ἀσσυρίων
1699 1234 1891 1292 ἑκατὸν
1948 1240 2275 1311 ὀγδοήκοντα
2325 1240 2486 1293 πέντε
2538 1239 2791 1310 χιλιάδες,
2864 1241 2935 1291 ἐν’
2980 1238 3079 1308 μιᾷ
3113 1237 3291 1300 νυκτὶ,
3348 1236 3582 1306 ἀγγέλου
3631 1236 3775 1309 χειρὶ

522 1318 1121 1391 δαπανώμεναι.Ταῦτα
1138 1326 1423 1396 χρησίμως
1437 1326 1649 1397 εἴρηται
1667 1329 1801 1398 πρὸς
1836 1329 1898 1382 τὸ
1954 1330 2413 1401 παρόν.Ἐκάστῳ
2446 1329 2555 1402 γάρ
2618 1329 2728 1382 τῶν
2762 1327 3189 1399 συμϐεϐηκότων
3221 1328 3583 1399 ἐφαρμόσειεν
3624 1328 3772 1382 εὐτέ-

523 1429 663 1484 χνως
693 1414 791 1485 τῆς
820 1419 1152 1489 προφητείας
1179 1423 1206 1474 ὁ
1233 1422 1405 1489 λόγοςι
1432 1422 1567 1474 Ποτὲ
1604 1423 1702 1492 μὲν
1732 1424 1838 1494 γὰρ
1905 1426 2131 1495 ἐπιτιμᾷ
2186 1428 2301 1489 τοῖς
2353 1427 2412 1477 ὲν
2462 1423 2781 1495 Σαμαρείᾳσ
2830 1422 2959 1475 ποτὲ
3003 1420 3059 1473 δὲ
3114 1423 3226 1486 τοῖς
3281 1423 3338 1474 ὲν
3385 1421 3773 1491 Ἱεροσολύμοις

523 1504 736 1558 ἀπειλεί
776 1506 870 1571 τὰς
918 1509 1157 1578 ἐφόδους,
1224 1513 1661 1583 προαπαγγέλλει
1712 1515 1809 1577 τὰς
1854 1516 2250 1584 αἰχμαλωσίας,
2324 1515 2774 1586 προκαταμηνύει
2820 1515 2911 1567 τὸν
2963 1515 3162 1584 φόϐον
3232 1513 3630 1583 ἐπαγγέλλεται
3674 1514 3770 1584 τὴν

522 1602 870 1671 ἐπιχωρίαν·
905 1605 1060 1658 καλεῖ
1087 1607 1223 1677 πρὸς
1260 1609 1627 1681 ἐπιστροφήν·
1676 1606 1771 1663 καὶ
1816 1611 1990 1675 οὐδεὶς
2023 1614 2088 1683 τῇ
2130 1612 2436 1683 προφητείᾳ
2499 1609 2916 1665 καταλέλειπται
2980 1610 3136 1679 λόγος
3176 1604 3210 1680 ἢ
3252 1610 3449 1681 τρόπος
3469 1607 3576 1662 τῶν
3603 1609 3771 1677 ἀναγ-

520 1697 690 1751 καίων
734 1700 813 1761 είς
856 1699 1051 1770 ὄνησιν
1081 1704 1192 1765 τοῖς
1237 1704 1546 1774 τοτηνικάδε
1597 1705 2055 1777 πεπλανημένοις.
2096 1707 2297 1761 Τοίνυν
2319 1707 2513 1779 φησίν·

595 1832 697 1908 ιο
723 1837 886 1896 νειις.
909 1841 962 1894 2.
992 1839 1315 1910 Principium
1342 1844 1589 1900 sermonis
1612 1845 1916 1900 Domini'ad
1939 1844 2087 1900 Osee.

519 1928 592 1983 Et
619 1931 755 1984 dixit
786 1931 1040 1987 Dominus
1069 1934 1137 1986 ad
1172 1932 1322 1990 Osee.

589 2056 653 2118 ll.
680 2063 1022 2135 incipitenim
1044 2066 1184 2122 Deus
1206 2069 1257 2122 in
1276 2070 1534 2138 prapheta
1551 2070 1790 2125 revelare
1809 2070 2086 2141 mysteria,

520 2160 812 2212 secundum
847 2156 974 2212 illud
1004 2154 1208 2229 utique,
1247 2160 1388 2229 quod
1420 2161 1488 2215 ab
1520 2160 1624 2215 alio
1659 2162 1919 2232 pronheta
1957 2163 2089 2218 satis

520 2255 709 2315 aperte
742 2247 943 2301 dictum
986 2244 1071 2303 est
1108 2268 1119 2303 ε
1153 2268 1172 2301 ι
1226 2249 1401 2321 Super
1431 2251 1734 2306 custodiam
1782 2252 1952 2307 meum
1985 2258 2089 2307 sla-

516 2338 607 2401 ho,
634 2347 688 2392 et
711 2336 999 2393 ascendam
1037 2336 1199 2409 super
1233 2350 1460 2412 petram,
1497 2353 1552 2396 et
1573 2344 1995 2413 contemplahor,
2030 2342 2088 2398 ut

512 2428 721 2484 videam
751 2430 878 2500 quid
907 2430 1161 2508 loquetur
1189 2432 1242 2486 in
1282 2448 1367 2488 me
1408 2434 1668 2488 Dominus
1696 2432 1943 2489 Deus”.r
1986 2436 2089 2489 Re-

513 2519 653 2574 velat
690 2522 832 2577 enim
874 2520 1245 2578 universorum
1276 2522 1437 2589 Deus,
1472 2524 1597 2577 dum
1638 2526 1843 2579 sanctis
1883 2527 2089 2580 t‘nlu‘r‘o-

514 2626 634 2665 rum
665 2612 912 2666 notitiam
939 2613 990 2667 in
1017 2614 1255 2667 animum
1293 2615 1554 2669 immittit.
1588 2614 1739 2671 Un'de
1766 2618 1952 2671 beatus
1985 2617 2085 2671 Da-

514 2703 600 2757 vid
634 2721 649 2758 :
685 2706 711 2756 ι
742 2704 971 2760 Audiam
993 2705 1119 2776 quid
1156 2707 1407 2777 loquatur
1434 2708 1487 2761 in
1518 2721 1601 2761 me
1629 2706 1887 2761 Dominus
1920 2698 2083 2775 Deus,

512 2794 768 2859 quoniam
792 2794 1040 2864 loquetur
1056 2794 1313 2865 pacem'iri
1340 2796 1544 2865 plebem
1566 2813 1715 2851 suam
1735 2786 1800 2851 ίθ.
1838 2818 1855 2850 ι
1885 2794 2082 2853 Eodem

514 2884 673 2937 modo
702 2894 756 2939 et
786 2885 976 2941 beatus
1004 2880 1296 2942 Zacharias
1330 2888 1567 2957 loquitur
1603 2910 1615 2944 :
1662 2908 1681 2941 ι
1715 2890 1779 2944 Ει
1808 2888 2085 2960 respondit

513 2975 758 3046 angelus,
790 2974 1013 3047 loquens
1064 2979 1119 3033 in
1164 2995 1248 3034 me
1266 2980 1333 3035 "’.
1370 2998 1389 3033 ι
1420 2978 1833 3036 Consueverunt
1888 2982 2084 3051 quippe

512 3068 687 3147 sancti
722 3068 1003 3138 prophetae"
1030 3070 1122 3125 Dei
1147 3086 1454 3127 sermonem
1491 3072 1761 3142 appellare
1808 3073 2079 3144 angelum,

511 3152 697 3227 utpote
728 3162 1135 3216 annuutiantem
1169 3162 1322 3232 ipsis,
1352 3172 1404 3218 et
1430 3163 1867 3220 manifestantem
1888 3166 2072 3219 volun-

2120 1809 2169 1864 Α

2281 1844 2461 1914 Ἀρχὴ
2492 1843 2678 1915 λόγου
2701 1845 2921 1914 Κυρίου
2949 1844 3019 1898 ἐν
3051 1842 3242 1911 Ὠσηέ.
3268 1842 3379 1899 Καὶ
3398 1838 3529 1897 εἷπε
3555 1842 3771 1909 Κύριος

2197 1936 2346 2005 πρὸς
2380 1936 2576 2004 Ὤσηέ.

2265 2072 2339 2126 B'.
2385 2074 2643 2141 Ἀ’ρχεται
2673 2071 2771 2142 μὲν
2800 2070 2907 2142 γὰρ
2937 2071 2993 2122 ὲν
3021 2068 3097 2138 τῷ
3130 2068 3380 2139 προφήτῃ
3403 2060 3533 2128 Θεὸς
3562 2064 3772 2118 ἀποκα-

2194 2163 2414 2216 λύπτειν
2466 2163 2762 2233 μυστήρια,
2791 2162 2909 2215 κατ’
2941 2152 3115 2212 ἐκεῖνό
3163 2174 3266 2209 που
3320 2156 3557 2219 πάντως,
3592 2152 3655 2205 τὸ
3701 2151 3770 2205 δι’

2195 2241 2381 2325 ἐτέρου
2417 2255 2695 2326 προφήτου
2722 2254 2905 2322 σαφῶς
2934 2252 3248 2323 εἰρημένον·
3281 2270 3298 2302 ι
3323 2246 3444 2301 Ἐπὶ
3473 2245 3572 2316 τῆς
3598 2246 3767 2315 φυλα·

2195 2344 2295 2414 κῆς
2332 2356 2432 2413 μου
2461 2344 2752 2414 στήσομαι,
2780 2342 2873 2396 καὶ
2919 2340 3255 2413 ἐπιϐήσομαι
3294 2341 3386 2391 ἐπὶ
3416 2338 3643 2407 πέτραν,
3676 2334 3770 2390 καὶ

2194 2432 2590 2487 ἀποσκοπεύσω
2620 2433 2715 2487 τοῦ
2750 2434 2875 2486 ίδεῖν
2905 2433 2957 2486 τί
2985 2432 3208 2503 λαλήσει
3248 2434 3304 2484 ὲν
3342 2429 3465 2500 ἐμοὶ
3505 2426 3709 2499 Κύριος
3740 2426 3771 2479 6

2193 2524 2343 2587 Θεός.
2374 2516 2820 2577 »λ’Ᾱποκαλύπτει
2847 2526 2954 2591 γάρ
2985 2524 3096 2584 τοῖς
3127 2522 3319 2589 ἁγίοις,
3355 2505 3433 2583 είς
3460 2518 3582 2597 νοῦν
3607 2518 3769 2579 ἐνιεὶς

2192 2618 2299 2670 τῶν
2330 2618 2599 2688 ἐσομένων
2626 2618 2724 2689 τὴν
2755 2617 2954 2685 γνῶσιν
2982 2616 3011 2669 δ
3036 2616 3143 2669 τῶν
3176 2610 3311 2669 ὅλων
3337 2609 3617 2676 Θεὸς.1(αὶ“
3637 2609 3773 2678 γοῦν

2191 2714 2229 2765 6'
2256 2712 2523 2783 μακάριός
2566 2718 2703 2781 φησι
2729 2698 2909 2763 Δαδίδο
2949 2728 2967 2760 ι
2992 2705 3318 2776 Ἀκούσομαι
3359 2704 3413 2757 τί
3455 2703 3677 2773 λαλήσει
3711 2703 3769 2753 ὲν

2191 2803 2314 2873 ἐμοὶ
2340 2802 2540 2873 Κύριος
2564 2802 2591 2853 6
2625 2801 2777 2864 Θεὸς,
2800 2801 2882 2853 ὅτι
2915 2798 3138 2870 λαλήσει
3164 2792 3384 2869 εἰρήνην
3411 2793 3503 2848 ἐπὶ
3530 2793 3621 2846 τὸν
3641 2791 3773 2844 λαὸν

2191 2893 2375 2946 αὑτοῦ.
2411 2912 2428 2944 ι
2461 2892 2624 2946 Οὐδὲν
2650 2891 2706 2944 δὲ
2732 2882 2894 2963 ἦττον
2918 2890 3049 2962 ήμῖν
3077 2889 3170 2942 καὶ
3199 2889 3226 2940 6
3265 2887 3531 2958 μακάριος
3554 2884 3769 2955 προφή-

2189 3001 2288 3053 της
2324 2983 2594 3054 Ζαχαρίας
2627 2980 2721 3035 διὰ·
2736 2981 2845 3034 τῶν
2873 2980 3003 3034 ἴσων
3028 2978 3244 3053 ἔρχεται
3267 2979 3470 3048 λόγων
3497 2975 3600 3046 ἔφη
3621 2975 3728 3045 γάρ
3747 2987 3764 3004 ⁸

2196 3091 2213 3123 ι
2248 3073 2355 3124 Καὶ
2401 3070 2672 3142 ἀπεκρίθη
2724 3073 2752 3124 6
2797 3068 3027 3139 ἄγγελος
3074 3072 3102 3123 6
3153 3068 3331 3122 λαλῶν
3359 3070 3416 3122 ὲν
3446 3066 3591 3138 ὲμοί.
3624 3085 3644 3118 ι
3678 3065 3770 3118 Ἐν

2189 3161 2298 3215 ἔθει
2326 3163 2434 3235 γὰρ
2467 3158 2535 3234 ἦν
2560 3165 2668 3226 τοῖς
2717 3164 2774 3215 ὲν
2822 3163 2999 3230 ἀγίοις
3027 3162 3332 3233 προφήταις
3373 3159 3601 3229 ἄγγελον
3631 3157 3766 3210 ἀπο·

514 3261 676 3304 tatem
709 3248 801 3305 Dei
835 3250 1029 3308 Patris.
1062 3254 1213 3320 Quod
1256 3256 1382 3309 item
1424 3256 1684 3326 propheta
1719 3255 1887 3311 lsaias
1920 3265 2083 3311 testa-

2190 3258 2376 3311 καλεῖν
2405 3234 2495 3310 τὸν
2525 3254 2619 3309 τοῦ
2651 3255 2786 3309 Θεοῦ
2821 3252 2999 3323 λόγον,
3041 3254 3118 3316 ὡς
3143 3252 3553 3322 ἀπαγγέλλοντά
3580 3267 3637 3303 τε
3663 3249 3763 3303 αὐ-

513 3352 644 3397 tur:
679 3359 699 3395 ι
754 3342 888 3411 Quia
918 3359 1131 3400 omnem
1163 3345 1359 3401 stolam
1413 3348 1799 3415 congregatam'
1844 3347 1987 3412 dolo,
2033 3356 2087 3403 et

512 3436 892 3491 reslimentum
937 3438 1061 3492 cum
1101 3438 1522 3495 commutatione
1556 3440 1861 3502 restituent,
1904 3448 1956 3494 et
2000 3454 2087 3493 vo-

511 3526 646 3592 lent,
679 3528 722 3584 si
759 3527 978 3583 fuerunt
1014 3529 1135 3600 igne
1166 3530 1456 3593 combusti,
1493 3530 1620 3599 quia
1658 3545 1789 3599 puer
1816 3538 1975 3584 natus
2004 3540 2087 3584 est

512 3619 688 3686 nobis,
715 3628 769 3674 et
802 3628 1030 3674 vocatur
1060 3636 1254 3675 nomen
1287 3619 1424 3689 ejus,
1456 3623 1638 3691 magni
1673 3620 1884 3676 consilii
1908 3622 2085 3691 Ange-

511 3710 595 3765 lus
637 3711 705 3764 ³⁸.
748 3729 768 3764 ι
806 3711 996 3766 Fuisse
1037 3723 1216 3767 autem
1267 3722 1504 3777 tenuem,
1564 3728 1667 3768 nec
1721 3724 1830 3767 tam
1879 3712 2080 3768 claram

512 3802 899 3858 revelationem
938 3804 992 3857 in
1024 3804 1247 3868 sanctis,
1274 3819 1374 3858 nec
1403 3802 1608 3874 lingua,
1643 3816 1695 3859 et
1722 3806 1900 3860 verbis
1935 3822 2084 3861 more

511 3904 699 3949 nostro
728 3900 1086 3955 constantem,
1116 3893 1270 3962 plane
1309 3893 1464 3948 ﬁdem
1498 3894 1653 3949 nobis
1682 3890 1843 3949 faciet
1889 3892 2083 3950 Paulus

512 3973 795 4037 scribens:
836 4001 854 4034 ι
886 3983 965 4035 An
994 3983 1420 4050 experimentum
1466 3984 1707 4051 qumritis
1733 3983 1848 4051 ejus
1887 3985 1980 4055 qui
2029 3986 2080 4037 in

513 4090 599 4128 tne
627 4070 861 4143 loquitur
883 4073 1132 4129 Christus
1157 4074 1236 4128 "?
1288 4093 1306 4127 ι
1353 4074 1711 4140 Quamobrem
1746 4076 1941 4139 dicere,
1989 4077 2080 4130 Dei

511 4167 733 4220 verbum
771 4164 971 4219 factum
1006 4158 1067 4219 iit
1111 4164 1270 4229 Osca,
1304 4180 1424 4220 meo
1453 4166 1668 4233 quidem
1696 4167 1899 4235 judicio
1940 4165 2082 4220 aliud

512 4256 647 4312 nihil
692 4264 796 4321 eet,
843 4272 1004 4326 quam
1046 4256 1388 4312 audientibus
1434 4258 1759 4326 signiﬁcare,
1802 4256 2084 4310 revelatio-

512 4364 633 4401 nem
660 4348 930 4403 factamin
962 4346 1121 4413 Osca,
1170 4357 1224 4403 et
1269 4346 1573 4403 futurorum
1628 4346 1873 4401 notitiam
1923 4348 1971 4401 ei
2020 4348 2083 4401 il-

514 4440 715 4496 luxisse
762 4441 937 4495 instar
976 4440 1217 4505 luminis,
1271 4455 1375 4495 non
1433 4439 1618 4494 oculos
1668 4438 1938 4507 corporis,
1988 4440 2083 4495 scd

2184 3354 2296 3413 τοῖς
2338 3348 2435 3403 καὶ
2472 3347 2678 3416 ὲναργῆ
2707 3345 3048 3400 καθιστῶντα
3079 3344 3177 3412 τὴν
3215 3341 3464 3413 βούλησιν
3491 3338 3584 3394 τοῦ
3629 3335 3765 3392 Θεοῦ

2187 3441 2277 3491 καί
2297 3436 2526 3508 Πατρός.
2546 3435 2855 3505 Ἐπιμαρτυ
2865 3434 3017 3505 ρήσει
3040 3432 3094 3484 δὲ
3115 3431 3288 3499 λέγων
3309 3430 3402 3483 καὶ
3427 3432 3455 3482 6
3481 3429 3767 3499 προφήτης

2196 3528 2426 3591 Ἡσαΐας
2458 3527 2587 3595 περὶ
2630 3525 2796 3579 αὐτοῦ
2822 3540 2834 3553 ·
2889 3522 3040 3577 «Ὅτι
3084 3524 3265 3575 πᾶσαν
3313 3520 3505 3590 στολὴν
3545 3521 3766 3572 ἑπισυν·

2185 3619 2431 3688 ηγμένην
2476 3616 2634 3685 δόλῳ,
2676 3614 2815 3685 μετά
2865 3611 3212 3681 καταλλαγῆς
3255 3610 3612 3673 ἀποτίσουσι,
3668 3609 3763 3662 καὶ

2185 3708 2502 3780 θελήσουσιν
2536 3709 2583 3759 εί
2620 3705 2959 3775 ἐγενήθησαν
3000 3703 3511 3775 πυρίκαυστοι.Ὂτι
3556 3700 3765 3754 παιδίον

2184 3800 2446 3870 ἐγεννήθη
2476 3799 2632 3869 ἡμῖν,
2666 3797 2759 3850 καὶ
2795 3794 3040 3849 καλεῖται
3076 3794 3138 3847 τὸ
3175 3794 3346 3863 ὄνομα
3374 3794 3557 3859 αὐτοῦ,
3593 3794 3763 3862 μεγά·

2183 3894 2281 3964 λης
2314 3891 2509 3963 βουλῆς
2542 3886 2989 3957 ’ἌγγελοςοιὍτι
3019 3884 3165 3958 δὲέἦν
3195 3887 3347 3958 ἰσχνὴ
3385 3887 3481 3941 καὶ
3509 3888 3763 3958 ἀσυμφα-

2184 3986 2281 4056 νὴς
2319 3987 2377 4037 ἐν
2405 3985 2516 4047 τοῖς
2559 3982 2733 4051 ἁγίοις
2765 3984 2797 4050 ἡ
2837 3980 3195 4050 ἀποκάλυψις,
3236 3980 3330 4033 καὶ
3371 3980 3491 4049 οὐχὶ
3548 3979 3759 4051 γλώττῃ

2184 4078 2279 4130 καὶ
2328 4077 2535 4146 ῥήμασι
2563 4077 2678 4135 τοῖς
2709 4072 2831 4127 καθ’
2862 4072 3011 4143 ἡμᾶς
3038 4070 3455 4141 ἐπιτελουμένη,
3487 4070 3762 4140 πληροφο-

2186 4169 2340 4239 ρήσει
2375 4166 2602 4237 γράφων
2628 4164 2656 4217 6
2678 4162 2909 4227 Παῦλος·
2944 4183 2961 4215 ι
2978 4164 3046 4216 Ἢ
3073 4161 3302 4234 δοκιμὴν
3330 4162 3543 4233 ζητεῖτε
3564 4164 3622 4214 ὲν
3640 4163 3762 4230 ἐμοὶ

2183 4257 2469 4321 λαλοῦντος
2519 4256 2791 4327 Χριστοῦς
2821 4275 2839 4307 ι
2871 4254 3077 4309 Οὐκοῦν
3116 4253 3176 4306 τὸ
3218 4256 3276 4307 ὲν
3314 4252 3471 4323 Ὠσηὲ
3510 4252 3760 4321 γενέσθαι

2183 4346 2273 4400 τὸν
2295 4346 2387 4400 τοῦ
2423 4346 2557 4399 Θεοῦ
2588 4344 2764 4413 λόγον,
2803 4346 2888 4417 είη
2918 4344 3003 4410 ἂν,
3034 4343 3110 4406 ὠς
3139 4342 3327 4414 ἔμοιγε
3346 4343 3575 4413 πάρεστι
3598 4345 3760 4405 νοεῖν,

2184 4439 2371 4509 ἕτερον
2413 4436 2563 4490 οὐδὲν
2604 4440 2714 4499 τοῖς
2755 4434 3126 4505 ἀκροωμένοις
3155 4436 3581 4505 κατασημαῖνον,
3616 4433 3649 4505 ἦ
3679 4435 3759 4487 ὅτι

514 4540 747 4585 mentem
788 4540 842 4586 et
870 4545 965 4585 cor
1012 4531 1353 4587 illustrantis.
1393 4532 1627 4586 Rursum
1656 4530 1799 4599 quod
1837 4530 2033 4585 dicitur
2064 4550 2078 4586 :

2188 4531 2408 4599 γέγονεν
2456 4528 2796 4597 ἀποκάλυψις
2836 4531 2893 4581 ὲν
2933 4527 3110 4597 Ὠσηὲ,
3140 4528 3233 4580 καὶ⁸
3276 4528 3386 4580 τῶν
3416 4528 3687 4595 ἐσομένων
3725 4526 3759 4594 ή

516 4642 532 4673 ι
570 4618 634 4678 Et
660 4622 796 4678 dixit
823 4622 1084 4678 Dominus
1119 4624 1184 4677 ad
1219 4622 1375 4691 Osee,
1417 4643 1437 4676 ι
1489 4623 1589 4678 hoc
1641 4622 1797 4678 nobis
1841 4623 2083 4693 cogitan—

2190 4621 2391 4691 γνῶσις
2436 4620 2612 4689 φωτὸς
2658 4620 2956 4690 ὲνέστραψε
2987 4618 3161 4689 δίκην,
3188 4618 3246 4673 ού
3284 4617 3535 4687 σώματος
3563 4616 3762 4686 ὀφθαλο

513 4716 637 4767 dum
669 4713 913 4781 suhjicit.
944 4714 1095 4781 Quod
1129 4715 1271 4770 enim
1320 4716 1636 4786 jubebatur,
1682 4731 1786 4769 non
1833 4716 2083 4771 omnibus

2190 4715 2347 4785 μοὺς,
2383 4713 2519 4768 ἀλλά
2549 4714 2674 4769 νοῦν
2712 4713 2805 4767 καὶ
2834 4713 3060 4783 καρδίαν
3093 4709 3661 4782 καταλαμπρύνοντος.
3687 4709 3762 4762 Τδ

510 4802 737 4860 lecturis
771 4820 1054 4861 commune
1097 4816 1234 4873 erat,
1281 4823 1377 4862 nec
1423 4804 1840 4877 proponebatur,
1890 4804 1948 4861 ut
1991 4808 2082 4876 qui

2188 4807 2240 4861 δὲ
2276 4807 2339 4878 δὴ
2377 4807 2540 4876 φάναι
2569 4806 2751 4867 πάλιν,
2788 4822 2805 4857 ι
2835 4804 2946 4858 Καὶ
2975 4800 3095 4858 εἶπε
3128 4798 3330 4875 Κύριος
3360 4801 3495 4872 πρὸς
3528 4802 3704 4871 Ὠσηὲ,
3736 4819 3758 4852 ι

510 4897 709 4951 vellent
752 4898 1061 4966 aliquando,
1098 4898 1150 4952 id
1193 4898 1429 4953 facerent
1468 4917 1481 4953 :
1524 4898 1615 4952 sed
1656 4899 1946 4967 separatim
1982 4899 2082 4952 soli

2188 4898 2325 4969 πρὸς
2370 4896 2577 4961 ἑννοίας
2618 4898 2768 4967 ἡμᾶς
2812 4898 3076 4966 ἀποφέρει
3126 4894 3398 4957 τοιαύτας.
3450 4893 3523 4947 τὸ
3570 4894 3762 4963 γάρτοι

509 4982 664 5043 Osca:
692 4987 896 5043 dictum
926 5000 1029 5045 est.
1073 4988 1184 5045 Nec
1230 4990 1375 5045 enim
1428 4990 1879 5056 quemadmodum
1934 4990 2082 5044 cem-

2188 4988 2653 5059 προστεταγμένον
2696 4978 2759 5041 ού
2804 4987 2980 5040 κοινὸν
3012 4986 3182 5039 ἅπασι
3215 4987 3327 5048 τοίς
3356 4983 3761 5054 ἐντευξομένοις

512 5093 672 5134 mune
711 5089 765 5133 et
801 5081 932 5135 utile
974 5082 1299 5152 praeceptum
1346 5092 1429 5137 est
1460 5082 1585 5135 illud
1632 5101 1644 5137 :
1699 5100 1719 5134 ι
1781 5080 1905 5137 nec
1957 5082 2083 5137 dicit

2188 5074 2265 5149 ἦν,
2294 5078 2431 5133 Οῦτε
2468 5080 2576 5151 μὴν
2616 5078 2907 5150 προῦκειτο
2946 5072 3058 5142 τοῖς
3097 5076 3339 5130 ἐθέλουσι
3368 5074 3759 5144 ἀποπεραῖνειν

513 5171 795 5234 Dominus,
838 5171 999 5228 Juxta
1033 5173 1149 5227 vias
1189 5174 1424 5243 gentium
1464 5174 1628 5228 nolite
1672 5174 1881 5229 discere
1922 5192 1935 5228 :
1970 5185 2022 5228 et
2058 5190 2088 5228 a

510 5263 678 5333 signis
704 5262 824 5319 eteli
853 5264 1017 5320 nolite
1052 5274 1293 5319 metuere
1317 5258 1390 5332 me;
1434 5285 1452 5319 ›
1499 5266 1577 5319 sic
1630 5272 1806 5335 potest
1857 5264 2081 5335 intelligi

509 5354 672 5411 etiam
719 5355 919 5412 bonum
966 5354 1022 5412 et
1072 5346 1383 5428 frugiferum
1414 5356 1534 5412 e'Sse
1581 5354 1830 5428 accipere
1852 5358 2076 5413 uxdrem

509 5446 878 5513 fornicariam,
907 5461 960 5504 et
992 5449 1128 5504 iilios
1166 5450 1555 5505 fornicatioiiis.
1584 5449 1778 5504 Verum
1814 5450 1944 5504 illud
1978 5452 2082 5505 uti-

510 5536 635 5592 liter
667 5538 735 5592 ad
783 5553 972 5594 omnes
1013 5538 1281 5607 pertinere
1333 5546 1551 5607 potest:
1590 5542 1691 5594 hoc
1745 5540 1959 5608 proprie
2013 5541 2080 5593 ad

489 5616 688 5682 solum
714 5626 1030 5698 prophetam
1060 5646 1088 5681 a
1120 5626 1229 5683 Deo
1269 5628 1372 5683 diei
1412 5628 1678 5685 comenit.
1731 5630 1828 5685 Est
1876 5638 2078 5696 autem,

586 5783 787 5838 Hahae.
812 5798 867 5847 ιι,
900 5784 960 5838 1.
1037 5783 1081 5817 ³⁸
1113 5783 1254 5841 Psal.
1295 5801 1514 5854 Lxmv,
1552 5786 1603 5840 9.
1682 5788 1725 5818 ’⁷
1754 5784 1979 5841 Lichan".
2004 5798 2041 5848 ι,
2079 5789 2083 5833 1

2210 5786 2253 5818 "
2286 5785 2390 5841 lsa.
2424 5801 2496 5851 ιι,
2529 5783 2584 5851 6,‘
2611 5785 2662 5840 7.
2740 5786 2782 5819 ⁸³
2813 5784 2851 5840 ll
2887 5780 3012 5839 Cur.
3043 5800 3136 5853 χιι,
3181 5785 3232 5838 ’5.

2184 5170 2342 5223 αὑτὸν
2373 5171 2510 5223 κατά
2534 5170 2776 5240 καιρούς.
2796 5169 2935 5224 Ἀλλ’
2968 5168 3149 5232 ίδικῶς
3193 5169 3287 5222 καὶ
3315 5167 3452 5239 πρὸς
3484 5169 3645 5238 μόνον
3678 5168 3758 5220 εί-

2192 5274 2321 5328 ρητο
2343 5259 2435 5313 τὸν
2464 5259 2643 5329 Ὼτηέ.
2673 5260 2748 5313 Οὐ
2775 5258 2907 5328 γὰρ,
2945 5257 3131 5329 ὥσπερ
3162 5257 3281 5310 ἐστὶ
3309 5255 3484 5310 κοινὸν
3526 5257 3618 5309 καὶ
3663 5258 3761 5308 ἑπο

2182 5350 2389 5421 ωφελὲς
2420 5351 2808 5423 παράγγελμα,
2839 5350 2920 5417 τὺ,
2957 5369 2977 5401 ι
3006 5350 3142 5404 Τάδε
3172 5349 3320 5419 λέγει
3349 5347 3573 5419 Κύριος,
3604 5347 3761 5401 Κατά

2184 5446 2280 5507 τὰς
2312 5444 2461 5507 ὁδοὺς
2491 5445 2595 5499 τῶν
2626 5443 2794 5497 ὲθνῶν
2828 5443 2902 5516 μὴ
2930 5442 3249 5511 μανθάνετε,
3284 5442 3376 5495 καὶ
3397 5432 3503 5495 ἀπὸ
3530 5439 3637 5509 τῶν
3661 5455 3760 5510 σηι-

2188 5537 2352 5609 μείων
2400 5537 2495 5590 τοῦ
2543 5537 2772 5608 ούρανοῦ
2828 5536 2901 5609 μή
2948 5535 3213 5606 φοὸεἰσθε·
3247 5554 3266 5586 ι
3299 5533 3471 5597 οὕτως
3494 5532 3560 5587 ἂν
3591 5534 3763 5585 νοοῖτο

2186 5628 2351 5681 καλόν
2371 5645 2429 5681 τε
2472 5628 2566 5682 καὶ
2588 5626 2909 5701 ὀνησιφόρον
2940 5628 3000 5682 τδ
3021 5626 3203 5681 λασεὶν
3224 5628 3458 5696 γυναῖκα
3480 5624 3758 5695 πορνείας,

3311 5784 3353 5813 ³⁰
3384 5780 3584 5837 Jerem.
3614 5795 3671 5845 ιι,
3700 5777 3755 5832 2.
