4094 6550
315 378 388 437 25
1242 376 1797 435 COMMENTARIUS
1832 375 1898 433 IN
1936 375 2164 433 OSEAM
2206 375 2652 434 PROPIIETA‘M.
3500 372 3577 429 ‘36

317 497 411 551 καὶ
457 493 624 548 τέκνα
674 490 1105 563 πορνείας.’Ᾱλλ’
1128 491 1306 545 ἐκεῖνο
1355 492 1451 563 μὲν
1494 492 1778 563 χρησίμως
1818 492 1897 554 εἰς

2001 493 2209 562 opinor,
2242 493 2385 562 quod
2418 492 2514 559 ait,
2548 500 2607 547 et
2636 510 2654 543 ι
2696 491 2834 547 dixit
2858 489 3100 559 adOsee,
3131 508 3150 542 ι
3179 488 3400 562 perinde
3438 502 3501 542 ac
3526 487 3572 541 si

315 589 565 651 ἅπαντας
593 584 768 656 διήκοι
803 582 888 637 ἄν·
920 582 1078 635 τοῦτό
1102 598 1167 651 γε
1200 584 1308 653 μὴν
1355 584 1537 647 ἰδικῶς
1563 583 1699 655 πρὸς
1736 582 1895 652 μόνον

2003 585 2146 637 dicat
2175 585 2435 648 fortasse,
2467 582 2582 637 Non
2621 583 2687 636 ad
2729 597 2920 638 omnes
2967 582 3282 652 simpliciter
3335 579 3461 635 talis
3487 587 3576 633 est

315 676 381 732 ἂν
410 677 612 748 πρέποι
643 675 733 729 τὸν
753 673 1037 745 προφήτην
1064 674 1319 743 λέγεσθαι
1351 675 1500 747 παρὰ
1521 675 1676 728 Θεοῦ.
1702 673 1893 740 Τοῦτο,

2002 690 2201 740 sermo,
2248 676 2341 730 sed
2388 675 2455 729 ad
2489 672 2681 729 Oscam
2716 671 2908 728 solum.
2942 669 3060 727 Non
3100 674 3245 728 enim
3300 671 3471 741 turpis
3519 678 3578 722 et

317 766 491 839 οἶμαι,
522 769 666 832 lati,
703 767 794 819 καὶ
828 785 845 817 ι
879 762 1015 818 Eine
1064 766 1201 836 πρὸς
1234 766 1411 837 Ὠσηὲ,
1444 785 1463 819 ι
1509 767 1691 836 ὅμοιον
1734 766 1809 828 ὼς
1847 766 1895 818 εἰ

2001 767 2314 836 voluptaria:
2345 769 2466 823 vitae
2484 766 2665 822 multis
2680 765 2795 821 ﬂeri
2807 765 3147 820 occasionem
3164 764 3443 833 oportebat
3471 763 3513 830 ι
3525 761 3570 830 ι

316 861 479 929 τυχὸν
502 858 664 927 λέγοι·
692 859 765 909 Οὐ
809 857 946 926 πρὸς
978 857 1185 920 πάντας
1216 856 1401 919 ἁπλῶς
1426 857 1456 908 ὁ
1488 855 1691 911 τοιόσδε
1717 855 1894 924 λόγος,

2001 857 2563 925 quoddispensatorie
2596 855 2663 910 ad
2715 869 2879 907 unum
2910 852 3182 921 quondam
3213 852 3417 905 dictum
3466 859 3572 905 est.

317 952 455 1005 ἀλλὰ
501 953 637 1022 πρὸς
678 952 838 1021 μόνον
888 951 981 1002 τὸν
1010 951 1190 1019 Ὠσηέ.
1224 952 1296 1004 Οὐ
1329 951 1437 1021 γὰρ
1466 950 1573 1004 ἔδει
1621 948 1895 1020 πρόφασιν

2002 947 2140 1012 Quid
2169 964 2299 1017 ergo
2327 948 2404 1002 ait
2436 949 2501 1002 ad
2530 950 2742 1003 beatum
2774 944 2999 1004 Oscam!

317 1044 544 1113 αἰσχρᾶς
575 1058 635 1095 τε
670 1042 761 1094 καὶ
786 1039 1070 1109 φιληδόνου
1102 1040 1246 1107 ζωῆς
1315 1042 1571 1109 γενέσθαι
1638 1040 1874 1108 πολλοῖς,
1906 1039 1968 1093 τὸ
2006 1042 2360 1111 οἰκονομικῶς
2407 1043 2543 1114 πρὸς
2589 1042 2687 1096 ἕνα
2722 1041 2863 1096 κατὰ
2906 1040 3137 1109 καιροὺς
3176 1037 3480 1110 εἰρημένον.
3507 1030 3574 1088 '1"

316 1132 407 1191 οὖν
434 1135 536 1203 ἔφη
573 1138 601 1189 ό
633 1134 764 1198 Θεὸς
792 1136 929 1207 πρὸς
959 1134 1049 1189 τὸν
1081 1137 1350 1207 μακάριον
1389 1135 1579 1206 Ὢσηές

384 1224 605 1292 Βάὃιζε,
653 1226 802 1282 λαϐὲ
844 1227 1083 1294 σεαυτῷ
1131 1229 1385 1297 γυναῖκα
1428 1228 1736 1297 πορνείας,
1794 1226 1893 1281 καί

312 1318 495 1373 τέκνα
530 1320 833 1388 πορνείας,
880 1322 1030 1375 διότι
1076 1322 1531 1390 ἐκπορνεύουσα
1574 1320 1897 1389 ἐκπορνεύ-

312 1427 408 1465 σει
442 1412 483 1479 ἡ
519 1412 595 1480 γῆ
624 1413 745 1466 ἀπὸ
795 1414 1048 1468 ὄπισθεν
1092 1414 1198 1468 τοῦ
1241 1414 1481 1482 Κυρίου.
1511 1413 1627 1467 Καὶ
1647 1411 1896 1480 ἐπορεύ-

313 1506 405 1568 θη,
438 1504 535 1557 καί
583 1504 762 1560 ἔλαϐε
807 1507 921 1573 τὴν
971 1508 1189 1576 Γόμερ,
1238 1504 1531 1575 θυγατέρα
1575 1505 1909 1573 deﬂuam-,-

312 1594 407 1645 καί
438 1592 759 1655 συνέλαϐε.
790 1595 885 1651 καί
913 1598 1119 1653 ἔτεκεν
1150 1595 1313 1661 αὺτῷ
1347 1598 1498 1651 vler

2069 1218 2235 1275 Vens.
2264 1221 2317 1275 3.
2377 1219 2555 1286 Vade,
2586 1219 2763 1288 accipe
2803 1219 2896 1272 tibi
2935 1234 3149 1272 uxorem
3185 1219 3573 1287 fornicationi”

1997 1322 2045 1368 et
2074 1312 2213 1382 ﬁlios
2240 1312 2625 1380 fornicationis,
2652 1311 2775 1381 quia
2799 1311 3071 1378 {ornicans
3086 1310 3433 1379 fornicabilur
3466 1321 3571 1363 ter-

1999 1420 2058 1457 ra
2085 1419 2116 1456 a
2147 1402 2272 1456 Deo.
2296 1400 2362 1454 Et
2388 1403 2541 1467 abiit,
2573 1412 2620 1455 et
2648 1403 2843 1471 accepit
2875 1399 3065 1455 Canter
3086 1402 3258 1471 ﬁliam
3284 1401 3572 1466 Debelaim,

1997 1506 2046 1550 et
2073 1496 2327 1562 concepit,
2352 1504 2412 1549 et.
2433 1495 2631 1564 peperit
2665 1495 2711 1548 ei
2744 1493 2935 1562 ﬁlium.

383 1683 463 1738 1".
509 1686 702 1750 Οὐδεὶς
726 1690 878 1758 ἡμᾶς
905 1688 1187 1742 ἀναπείσει
1214 1688 1390 1756 λόγος,
1422 1689 1803 1758 παραιτεῖσθαι
1833 1688 1895 1741 τδ

2070 1669 2156 1725 ΙΙΙ.
2193 1670 2349 1725 Nullo
2377 1669 2531 1724 nobis
2556 1679 2872 1740 argumento
2901 1667 3307 1739 persuadebitur
3329 1666 3573 1735 Scriptu-

312 1773 467 1846 Γράμ
477 1793 573 1846 μα,
589 1776 684 1829 καὶ
703 1774 802 1848 τῆς
828 1780 1069 1851 ἱστορίας
1091 1780 1150 1832 τὸ
1173 1780 1378 1831 εἰκαῖον
1394 1778 1905 1848 καταψηφίζεσθαι,

312 1868 405 1919 καὶ
435 1866 602 1921 αὐτοῦ
629 1870 725 1923 τοῦ
750 1872 1076 1942 πράγματος
1098 1870 1409 1941 καθορίζειν
1434 1870 1494 1923 τὸ
1521 1871 1776 1935 ἀκαλλὲς,
1802 1871 1897 1925 καὶ

308 1958 515 2013 οἴεσθαι
548 1962 693 2015 κατά
716 1975 890 2027 τινας,
922 1961 1003 2032 μὴ·
1032 1961 1204 2025 οὕτως
1246 1961 1581 2031 πεπρᾶχθαι,
1618 1962 1754 2032 μήτε
1790 1961 1905 2032 μὴν

309 2052 676 2122 παρειλῆφθαι
712 2051 849 2122 πρὸς
883 2052 1082 2122 γάμον,
1111 2050 1228 2123 ἦτοι
1276 2052 1494 2106 σύνοδον
1524 2053 1768 2124 γαμικὴν
1798 2052 1897 2123 τὴν

308 2143 512 2214 Γόμερ,
543 2145 678 2197 ὅπου
702 2144 801 2197 καὶ
822 2142 1082 2214 σύλληψιν
1107 2143 1432 2214 γεγενῆσθαί
1459 2161 1595 2214 φησι
1629 2143 1899 2215 τὸΤράμ-

310 2253 390 2305 μα
415 2236 476 2288 τὸ
512 2236 674 2308 ἱερὸν,
707 2236 801 2288 καὶ
830 2234 936 2306 μὴν
965 2237 1061 2288 καὶ
1091 2236 1367 2302 ἀπότεξιν,
1406 2235 1683 2306 μέμνηταί
1710 2252 1770 2288 τε
1800 2234 1897 2288 καὶ

305 2326 569 2398 ὀνόματος
592 2327 687 2379 τοῦ
715 2327 951 2391 παιδίου,
985 2328 1077 2380 καὶ
1114 2327 1205 2381 τὸν
1236 2328 1331 2380 τοῦ
1358 2328 1578 2395 γυναίου
1613 2326 1758 2395 λέγει
1791 2344 1897 2380 πα-

303 2418 460 2487 τέρα,
492 2416 587 2469 καὶ
620 2416 754 2469 αὐτὸ
783 2414 841 2467 δὲ
868 2414 1004 2487 πρὸς
1028 2414 1239 2478 τούτοις
1277 2414 1371 2469 τοῦ
1416 2414 1643 2485 γυναίου
1675 2414 1738 2466 τὸ
1778 2413 1897 2467 ὅνο-

310 2526 404 2578 μα.
425 2506 640 2578 Ἐπειδὴ
686 2506 740 2560 δὲ
791 2507 1088 2574 ἀναγκαῖον
1117 2500 1186 2576 ἦν
1210 2507 1512 2576 ὁμολογεῖν,
1542 2508 1610 2576 τῇ
1651 2505 1760 2558 τῶν
1794 2521 1895 2556 πε-

308 2599 643 2670 πραγμένων
683 2598 912 2669 ἀληθείᾳ
964 2599 1241 2651 συνειπεῖν
1275 2581 1583 2666 ἑλομένους,
1624 2596 1707 2649 ὅτι
1740 2593 1895 2648 ταῦθ’

306 2691 479 2756 οὕτως
499 2693 719 2761 γέγονεν
745 2690 983 2761 ἀληθῶς,
1011 2690 1144 2762 φέρε
1175 2690 1300 2752 τοὺς
1331 2690 1440 2742 τῶν
1477 2688 1896 2743 κατασκώπτειν

307 2784 575 2837 εἰωθότων
609 2782 950 2854 παραθέντες
993 2782 1206 2851 λόγους,
1235 2781 1358 2835 τότε
1385 2781 1572 2834 λοιπὸν
1600 2780 1896 2851 ἐπαγάγω-

311 2895 410 2947 μεν
442 2877 533 2930 ἐπὶ
573 2877 765 2947 καιροῦ
793 2876 901 2945 τῆς
933 2876 1245 2945 οἰκονομίας
1271 2874 1373 2943 τὴν
1398 2874 1695 2943 ἀφήγησιν.
1730 2874 1895 2941 Λογι-

306 2972 405 3043 ῧίῳ
443 2971 541 3042 μὲν
561 2966 655 3023 οὖν
681 2969 932 3039 ἐνέτυχον
964 2968 1167 3038 ἀνδρὸς
1180 2968 1282 3020 οὐκ
1309 2968 1544 3037 ἀσήμου,
1574 2965 1896 3036 διατρανοῦν

1998 1779 2112 1818 ram
2152 1764 2453 1831 repudiare,
2489 1773 2543 1817 et
2574 1763 2854 1817 historiam
2884 1764 3138 1817 vanitatis
3190 1765 3569 1824 condemnare.

1996 1865 2052 1909 et
2079 1869 2192 1909 rem
2224 1855 2397 1924 ipsam
2430 1853 2790 1908 inhonestatis
2820 1867 3138 1922 coarguere,
3164 1860 3481 1921 putareque,
3514 1862 3572 1907 ut

1998 1946 2239 2015 quidam,
2290 1961 2397 2000 non
2428 1945 2502 1998 ita
2554 1954 2781 2014 gestam,
2836 1960 3009 2010 neque
3048 1944 3114 1998 ad
3166 1944 3399 2012 nuptias,
3458 1943 3572 1998 sive
3620 1982 3627 1987 ι

2001 2034 2331 2089 matrimonii
2379 2034 2826 2089 consuetudinem
2875 2033 3136 2087 adscitam
3180 2047 3299 2087 esse
3350 2031 3570 2098 Gomer,

1998 2125 2212 2193 quando
2257 2133 2311 2178 et
2351 2132 2694 2193 conceptum,
2732 2132 2787 2177 et
2843 2131 3056 2191 partum
3113 2131 3358 2175 secutum
3416 2137 3569 2177 sacra

2000 2216 2279 2284 Scriptura
2313 2215 2491 2279 docet,
2521 2215 2876 2283 meminitque
2903 2224 2956 2268 et
2990 2214 3222 2269 nominis
3248 2214 3361 2279 lilii,
3396 2222 3450 2267 et
3480 2231 3572 2284 pa~

2001 2316 2137 2361 trem
2170 2306 2338 2374 ipsius
2369 2305 2697 2359 muliercqu
2729 2303 3050 2358 nominatim
3079 2303 3355 2371 exprimit,
3393 2313 3448 2359 et
3482 2304 3571 2358 in-

1996 2412 2159 2467 super
2188 2397 2356 2465 ipsam
2394 2396 2612 2450 nomine
2643 2394 2899 2463 appellat.
2932 2392 3069 2459 Quia
3098 2408 3227 2447 vero
3258 2408 3436 2448 rerum
3479 2408 3574 2467 ge-

1995 2496 2201 2543 starum
2234 2488 2449 2541 veritati
2482 2486 2743 2541 assentiri
2788 2485 3051 2549 volentes,
3100 2486 3347 2538 contiteri
3390 2501 3575 2541 neces.

1995 2580 2141 2634 sario
2170 2580 2391 2644 debent,
2419 2578 2534 2633 haec
2569 2577 2634 2631 ad
2669 2577 2811 2631 hunc
2843 2579 3058 2630 modum
3090 2589 3217 2631 vere
3261 2576 3573 2645 contigisse,

1996 2685 2096 2742 age
2124 2685 2308 2725 eorum
2340 2668 2535 2739 quibus
2562 2668 2804 2723 solemne
2849 2676 2933 2722 est
2980 2665 3302 2720 calumniari
3354 2667 3576 2721 rationi-

1996 2764 2098 2819 bus
2126 2762 2438 2833 propositis,
2467 2770 2653 2831 postea
2701 2759 3018 2814 teconomia:
3071 2758 3431 2812 narrationem
3480 2771 3575 2825 op-

1997 2868 2227 2925 portune
2250 2854 2655 2923 subjungamus.
2689 2852 2858 2909 incidi
2902 2852 3064 2922 igitur
3112 2851 3165 2904 in
3218 2850 3576 2920 disputatiun-

1996 2948 2179 3002 culam‘
2210 2947 2311 3000 viri
2337 2944 2616 3015 cujusdam
2666 2926 2786 2997 non.
2818 2942 3058 3006 obscuri,
3097 2940 3188 3011 qui
3227 2939 3367 2994 hunc
3401 2939 3575 2993 locum

307 3031 583 3125 ἐθέλοντος
620 3061 689 3115 τὰ
910 3061 1001 3113 τὸν
1041 3031 1242 3112 τόπον·
1275 3059 1335 3122 ὃς
1364 3031 1462 3128 της
1497 3031 1760 3130 ἱστορίας,
1803 3058 1898 3112 καὶ

2001 3039 2289 3110 explanare
2324 3046 2647 3101 conaretur,
2698 3047 2752 3091 et
2800 3036 3082 3090 historiam
3138 3031 3577 3100 aiiirmantesque

306 3157 415 3210 τῶν
449 3155 592 3209 οὕτω
620 3152 945 3223 γεγενῆσθαι
975 3152 1264 3220 λεγόντων,
1310 3152 1371 3204 οὐ
1403 3151 1635 3223 μετρίαν
1662 3154 1899 3205 ἐποιεῖτο

306 3249 407 3319 τὴν
440 3248 802 3318 κατὰρῤησιν,
842 3245 951 3299 δεῖν
979 3260 1037 3299 τε
1069 3244 1311 3314 ἔφασκεν
1357 3242 1608 3312 ἐναργῶς
1633 3244 1721 3295 ἐπ’
1747 3241 1901 3313 αὐτῷ

306 3338 370 3409 δὴ
396 3336 571 3407 τούτῳ
601 3335 677 3406 τῷ
707 3335 986 3405 κεφαλαίῳ
1025 3334 1261 3404 μάλιστα
1289 3334 1528 3397 δεδιότας
1556 3332 1731 3398 οὐδὲν,
1766 3332 1898 3385 ἀνιιι⁸

309 3431 534 3499 κραγεῖν
576 3428 677 3499 τῆς
702 3428 1032 3498 ἐγκρατείας
1060 3427 1187 3489 τοὺς
1215 3426 1469 3496 ὲραστὰςο
1512 3445 1531 3477 ι
1563 3425 1638 3478 Τὸ
1664 3424 1899 3495 γράμμα

311 3520 640 3574 ἀποκτείνει.
673 3539 692 3571 ι
715 3521 962 3590 Ἐρήμην
1010 3518 1121 3590 γὰρ
1170 3517 1359 3590 ὥσπερ
1415 3517 1771 3589 κατατρέχων
1802 3516 1898 3569 τοῦ

312 3615 637 3685 γράμματος
662 3652 677 3677 ,
733 3612 828 3666 καὶ
878 3610 1044 3664 οἱονεὶ
1098 3609 1241 3663 κατὰ
1295 3609 1532 3681 πρανοῦς
1584 3608 1897 3679 ἐρχόμενος,

309 3703 551 3757 τοιούσδε
593 3702 746 3766 τινὰς
782 3701 1050 3755 συνετίθει
1088 3701 1300 3768 λόγους.
1332 3700 1537 3769 Μωσῆς
1581 3699 1709 3769 γὰρ,
1767 3697 1900 3767 ἔφα-

315 3812 466 3859 υκεν,
507 3795 536 3846 ό
563 3794 847 3856 θεσπέσιος
875 3790 1272 3863 προσετάττετό
1303 3806 1434 3843 ποτε
1454 3790 1551 3860 τῆς
1581 3788 1899 3857 Αἰγυπτίων

310 3886 552 3951 ωυλείας
603 3885 1010 3956 λελυτρωμένον
1049 3880 1406 3952 ἀποκομίζειν
1448 3882 1539 3934 τὸν
1577 3880 1791 3951 Ἰσραὴλ
1820 3883 1901 3944 εἰς

312 3980 413 4050 τὴν
460 3980 626 4033 πάλαι
668 3980 783 4042 τοῖς
819 3975 1090 4049 πατράσιν
1133 3974 1549 4045 ἐπηγγελμένην
1582 3973 1746 4042 ἁγίαν
1773 3973 1897 4044 γῆν,

315 4073 459 4141 φημὶ
497 4071 561 4142 δὴ
607 4071 705 4139 τὴν
742 4070 843 4141 τῆς
873 4067 1226 4137 ἐπαγγελίας·
1258 4066 1396 4121 ἀλλὰ
1423 4066 1519 4119 καὶ
1549 4067 1578 4119 ὁ
1612 4066 1900 4137 προφήτης

327 4163 593 4235 Ἱερεμίας
622 4165 821 4234 ἢκουσε
851 4160 985 4215 Θεοῦ
1013 4160 1260 4229 λέγοντος
1291 4156 1556 4229 ἐναργῶς
1602 4176 1621 4209 ι
1651 4156 1768 4229 Πρὸ
1805 4156 1899 4210 τοῦ

319 4274 387 4328 με
417 4255 618 4311 πλάσαι
652 4273 711 4309 σε
758 4256 818 4308 ὲν
849 4253 1058 4325 κοιλία,
1092 4250 1391 4321 ἐπίσταμαί
1435 4267 1514 4316 σε,
1552 4250 1644 4304 καὶ
1671 4249 1775 4321 πρὸ
1805 4248 1899 4302 τοῦ

318 4366 378 4401 σε
409 4346 644 4414 ἐξελθεῖν
669 4349 733 4399 ὲκ
764 4346 997 4417 μήτρας,
1014 4343 1223 4414 ἠγίακά
1253 4358 1332 4405 σε,
1359 4343 1646 4412 προφήτην
1672 4343 1749 4405 εἰς
1771 4341 1898 4411 ἔθνη
1932 4374 1974 4428 D

316 4439 537 4494 τέθεικά
565 4454 645 4491 σε.
678 4455 698 4488 ι
736 4435 864 4498 Πῶς
888 4428 980 4489 οὖν
1007 4435 1109 4488 οὐκ
1138 4432 1477 4502 ἁξιάγαστοι,
1508 4433 1695 4502 φησιν,
1726 4432 1775 4484 οἱ
1802 4431 1898 4485 καὶ

314 4530 413 4601 τὴν
444 4529 589 4582 οὕτω
617 4525 821 4598 σεπτὴν
846 4525 939 4579 καὶ
965 4523 1253 4593 παγκάλην
1293 4522 1569 4577 διακονίαν
1602 4522 1898 4592 παραιτού-

322 4636 491 4693 μενοι·
526 4622 620 4674 καὶ
651 4618 751 4691 τὴν
780 4616 1037 4689 μέλλησιν
1064 4618 1164 4670 οὐκ
1194 4617 1654 4686 ἀπαναινόμενοι;
1705 4616 1763 4670 'O
1797 4616 1899 4687 μὲν

317 4712 428 4785 γὰρ
450 4711 677 4781 ἔφασκε⁶
711 4730 729 4763 ι
757 4710 978 4780 Δέομαι,
1007 4708 1199 4779 Κύριε,
1236 4707 1580 4778 προχείρισαι
1617 4706 1775 4761 ἄλλον
1801 4706 1897 4759 δυ-

317 4806 551 4875 νάμενον
577 4804 636 4857 ὃν
667 4801 1005 4864 ἀποστελεῖς.
1037 4820 1056 4852 ι
1076 4800 1134 4854 '0
1159 4800 1216 4854 δὲ
1243 4799 1340 4872 τὴν
1380 4801 1608 4872 νεότητα
1641 4799 1897 4872 προϊσχό-

325 4915 502 4968 μενος.
533 4895 869 4951 ὲκδυσωπεῖν
900 4894 1160 4965 ἐπειρᾶτο
1190 4892 1343 4948 Θεόν.
1363 4892 1526 4946 Ἀλλὰ
1562 4893 1657 4946 καὶ
1695 4894 1725 4945 ό
1764 4907 1899 4963 προ-

320 4985 517 5056 φήτης,
548 4984 733 5054 φησιν,
752 4981 1009 5053 Ἰεξεχιὴλ
1038 4982 1096 5034 ὲν
1126 4980 1394 5051 βολδίτοις
1424 4981 1634 5053 κόπρου
1680 4980 1906 5053 ἀνθρωσ

318 5076 481 5147 πίνης
513 5076 711 5146 ἄρτους
732 5073 911 5145 ἑαυτῷ
937 5073 1161 5145 ποιῆσαι
1188 5074 1685 5145 προστεταγμένος,
1716 5071 1905 5126 δεδυσ-

316 5168 560 5238 φόρηκεν
586 5167 648 5220 ού
687 5183 785 5234 μικ
802 5164 934 5236 ρῶς,
983 5164 1185 5236 ἥκουσέ
1205 5182 1267 5217 τε
1293 5164 1380 5218 διὰ
1402 5163 1578 5219 τοῦτο·
1616 5182 1635 5215 ι
1658 5164 1787 5218 Ἰδοὺ
1818 5163 1902 5218 δέ·-

315 5258 468 5315 δωκά
501 5276 582 5313 σοι
630 5258 850 5329 penem
883 5256 1018 5327 βοῶν
1063 5258 1185 5311 ἀντὶ
1219 5254 1478 5327 βοὶδίτων
1521 5254 1898 5326 ἀνθρωπίνων,

316 5355 415 5409 καὶ
444 5353 704 5424 ὀπτήσεις
730 5354 855 5415 τοὺς
884 5349 1080 5421 ἄρτους
1110 5360 1205 5402 σου
1238 5350 1324 5402 ἐπ’
1363 5348 1561 5402 αὐτῶν.
1594 5368 1614 5400 ι
1648 5346 1758 5403 Καὶ
1792 5346 1900 5419 μὴν

318 5448 415 5500 καὶ
440 5444 580 5499 αὐτὰ
601 5444 631 5496 ὁ
657 5443 942 5505 θεσπέσιος
970 5434 1199 5511 Πέτρος,
1228 5440 1317 5494 ὅτε
1342 5440 1444 5510 τῆς
1478 5440 1672 5511 ὀθόνης
1712 5438 1900 5494 καθιεο

328 5538 498 5607 μένης
528 5532 588 5599 ἐξ
616 5532 869 5605 ούρανοῦ,
899 5531 958 5583 ιν
1054 5530 1230 5584 πάντα
1273 5531 1581 5601 ἐγέγραπτο
1613 5528 1681 5584 τὰ
1704 5528 1900 5599 τετράε-

323 5628 460 5682 τοδα
503 5628 597 5681 καὶ
623 5627 693 5679 τὰ.
725 5626 920 5695 κτήνη,
956 5622 1091 5681 Θεοῦ
1110 5622 1378 5703 λέγοντος
1413 5622 1664 5692 ηκουσενυ
1695 5639 1714 5671 ι
1738 5621 1895 5673 Ἀναο

398 5801 437 5834 ⁸⁸
475 5802 515 5857 ιι
553 5802 675 5858 Cor.
720 5817 802 5869 ιιι,
844 5802 896 5856 6.

1003 5798 1047 5833 "
1088 5802 1257 5858 Exod.
1301 5818 1383 5867 ιιι,
1417 5801 1467 5857 8.
1548 5803 1589 5833 ³³
1616 5800 1727 5857 Jcr.
1769 5810 1805 5865 ι,
1846 5799 1900 5853 5.
1977 5797 2021 5830 ³⁸
2058 5793 2227 5850 Exod.
2267 5807 2341 5860 tv,
2375 5792 2459 5847 i3.

2000 3133 2050 3186 id
2082 3148 2140 3186 re
2171 3134 2284 3201 ipsa
2327 3129 2418 3184 tali
2456 3130 2624 3184 modo
2645 3128 2866 3191 factum,
2904 3142 3008 3181 non
3044 3125 3232 3179 leviter
3281 3124 3575 3193 reprehen-

1998 3224 2174 3287 deret,
2209 3229 2588 3290 assereretque
2634 3218 2810 3288 planis
2855 3218 3063 3281 verbis,
3105 3230 3267 3284 super
3302 3216 3406 3269 hoc
3459 3213 3578 3283 ipso

1998 3317 2172 3385 capite
2205 3317 2323 3370 sine
2355 3315 2463 3368 nilo
2501 3314 2693 3367 timore
2737 3310 3172 3376 exclamandum,
3232 3306 3579 3363 continentia:

2000 3408 2352 3470 amatoribus,
2383 3424 2401 3456 ι
2439 3404 2642 3458 Littera
2673 3403 2951 3459 occidit".
2986 3421 3002 3453 ι
3037 3401 3199 3467 Quasi
3226 3400 3368 3454 enim
3396 3400 3580 3454 deser-

2002 3510 2055 3553 to
2085 3501 2151 3552 ab
2178 3498 2288 3568 ipsa
2318 3498 2626 3552 vadimonio
2655 3496 2978 3565 scripturam
3012 3497 3320 3557 incursans,
3347 3509 3410 3547 ac
3435 3490 3580 3547 velut

2001 3587 2327 3657 praecipitem
2364 3602 2580 3656 urgens,
2616 3586 2986 3656 hujuscemodi
3027 3584 3401 3639 conclusiones
3428 3591 3578 3637 texe-

2000 3684 2112 3737 bat.
2131 3680 2342 3751 Moyses
2364 3682 2508 3736 enim
2540 3680 2777 3745 divinus,
2803 3680 3002 3741 aiebat,
3030 3678 3287 3732 Israelem
3318 3677 3385 3730 ab
3403 3673 3578 3746 IEgy-

2000 3777 2110 3845 ptia
2149 3775 2410 3829 servitute
2437 3773 2564 3828 olim
2600 3773 2933 3827 vindicatum
2983 3771 3035 3824 in
3072 3779 3271 3823 terram
3310 3777 3578 3828 sanctam,

2001 3869 2246 3938 patribus
2282 3866 2629 3936 promissam,
2678 3865 2732 3919 in
2786 3872 2991 3917 terram
3039 3860 3437 3931 promissionis,
3493 3857 3579 3912 iu-

2002 3975 2187 4030 quam,
2214 3959 2502 4029 deportare
2532 3957 2716 4026 jussus
2760 3964 2843 4012 est
2889 3956 2958 4010 ³².
3015 3954 3153 4022 Quin
3213 3962 3269 4008 et
3315 3950 3582 4007 Jereniias

2007 4056 2171 4108 Deum
2203 4050 2487 4107 manifeste
2514 4051 2777 4105 dicentem
2812 4048 3039 4112 audivit,
3074 4064 3094 4099 ι
3119 4044 3436 4112 Priusquam
3470 4040 3581 4095 for-

2003 4161 2207 4202 marem
2240 4145 2366 4200 tein
2408 4152 2584 4205 utero,
2616 4141 2739 4197 novi
2775 4148 2857 4207 te;
2892 4147 3253 4221 etant‘qnam
3289 4135 3471 4191 exires
3516 4131 3581 4186 de

2002 4238 2187 4302 vulva,
2236 4233 2572 4292 sanctiﬁcavi
2640 4242 2711 4287 te.
2758 4231 2824 4286 Et
2862 4232 3181 4302 prophetam
3229 4228 3280 4282 in
3330 4225 3582 4297 gentibus

2004 4331 2124 4386 dedi
2187 4337 2238 4382 te
2264 4327 2330 4382 ³³.
2397 4346 2416 4380 ι
2492 4326 2770 4391 Quomodo
2839 4324 3001 4392 igitur
3057 4337 3162 4376 non
3222 4319 3580 4374 admiratione

2004 4421 2174 4493 digni,
2206 4421 2398 4490 inquit,
2429 4418 2520 4487 qui
2552 4417 2686 4470 adeo
2721 4415 3111 4479 venerandum,
3153 4424 3210 4467 et
3258 4408 3581 4466 honestissi-

2004 4530 2151 4571 mum
2189 4527 2408 4582 prorsus
2440 4506 2799 4563 ministerium
2845 4514 3185 4570 aversantur,
3228 4509 3284 4555 et
3335 4498 3579 4555 cunctari

2005 4622 2110 4662 non
2137 4601 2427 4659 verentur?
2460 4600 2555 4654 Ille
2577 4597 2982 4666 eniinJioyses,
3016 4594 3196 4649 aiebat
3222 4610 3237 4646 :
3273 4610 3291 4643 ι
3322 4591 3579 4652 Obsecro,

2006 4696 2256 4761 Domine,
2292 4692 2471 4759 delige
2505 4690 2671 4745 alium
2700 4689 2977 4750 idoneum,
3007 4699 3165 4754 quem
3206 4684 3386 4737 mittes
3430 4681 3493 4733 ³⁸.
3555 4698 3578 4732 ι

2003 4785 2156 4841 Alius
2186 4784 2523 4854 juventutem
2555 4778 2920 4849 prietendens,
2949 4790 3177 4831 exorare
3226 4774 3393 4828 Deum
3438 4773 3579 4827 nite-

2006 4876 2182 4930 batur.
2218 4872 2356 4940 Quiu
2383 4881 2439 4926 et
2466 4871 2726 4940 propheta
2775 4866 3048 4935 Ezechiel,
3095 4866 3151 4921 iu
3199 4877 3441 4921 stercore
3478 4865 3582 4919 hu-

2007 4980 2166 5020 ιιιιιιιο
2184 4978 2350 5034 panes
2380 4964 2480 5018 sibi
2513 4961 2697 5016 facere
2718 4960 2922 5028 jussus,
2956 4972 3061 5014 non
3093 4956 3436 5011 mediocriter
3466 4972 3577 5010 mo-

2002 5059 2140 5114 leste
2176 5058 2305 5121 fert,
2335 5064 2392 5110 et
2436 5055 2637 5110 idcirco
2670 5053 2819 5106 audit
2850 5070 2866 5106 :
2916 5070 2935 5103 ι
2974 5049 3113 5105 Ecce
3144 5047 3265 5103 dedi
3316 5047 3411 5102 tibi
3444 5057 3581 5101 stero

2003 5169 2129 5209 cora
2160 5153 2321 5208 boum
2353 5149 2463 5219 12
2489 5163 2585 5217 pro
2615 5146 2877 5210 humano,
2908 5153 2966 5199 et
3012 5156 3215 5211 coques
3246 5155 3415 5209 panes
3464 5149 3580 5194 tuos

2006 5246 2062 5301 in
2092 5245 2174 5298 eis
2202 5244 2269 5298 ³⁸.
2311 5261 2332 5296 ι
2364 5242 2587 5309 insuper
2655 5247 2711 5294 et
2740 5238 2896 5293 divus
2936 5236 3049 5305 ipse
3096 5234 3309 5297 Petrus,
3368 5232 3584 5302 quando

2004 5340 2174 5395 linteo
2210 5338 2277 5392 de
2305 5335 2447 5392 emlo
2475 5332 2769 5399 submisso,
2802 5331 2855 5385 in
2887 5344 2997 5401 quo
3044 5327 3224 5383 omnia
3280 5325 3572 5396 quadrupe-

2006 5429 2091 5483 dia
2130 5436 2186 5483 et
2218 5425 2464 5495 iumenta
2493 5422 2875 5485 cernebantur,
2924 5420 3089 5473 Deum
3121 5419 3389 5474 dicentem
3430 5414 3577 5468 audi-

2009 5522 2085 5575 vit
2112 5538 2124 5573 :
2158 5538 2178 5572 ι
2212 5517 2407 5587 Surge,
2438 5515 2621 5580 Petre;
2653 5512 2856 5576 occide,
2879 5520 2933 5565 et
2959 5510 3219 5564 manduca
3249 5508 3315 5574 ³⁸,
3352 5525 3373 5559 ι
3427 5518 3575 5559 recu-

2005 5612 2164 5676 savit,
2197 5609 2282 5665 his
2332 5607 2510 5663 verbis
2567 5622 2582 5660 :
2635 5622 2655 5658 ι
2712 5602 3083 5673 Nequaquam,
3143 5599 3393 5665 Domine,
3452 5594 3579 5667 quia

2574 5792 2618 5823 κ
2651 5788 2845 5847 Ειεοίι.
2901 5793 2975 5855 tv,
3012 5787 3096 5841 15.
3157 5784 3202 5817 ³⁸
3234 5783 3355 5839 Act.
3386 5795 3443 5849 ι,
3482 5776 3575 5837 13.
