4094 6562
506 364 576 423 27

1524 360 1581 419 S.
1621 361 1902 420 CYRILLI
1940 358 2413 417 ALEXANDRIN!
2454 356 2775 414 ARCHIEP.

3686 361 3759 420 28

508 494 783 551 nunquam
842 476 1049 535 comedi
1100 489 1262 534 omne
1320 492 1640 547 commune,
1692 488 1785 535 aut
1842 480 2077 535 immun-

2186 476 2333 541 στάς,
2380 473 2575 545 Πέτρε,
2609 473 2789 538 θῦσον,
2826 471 2921 527 καὶ
2955 469 3117 540 φάγεο
3151 486 3170 521 ι
3215 470 3540 543 παρῃτεῖτο,
3572 474 3757 542 φησὶν,

509 574 634 625 dum
669 569 735 635 ⁸⁷,
772 586 792 622 ι
822 583 995 638 neque
1020 568 1261 639 ingressa
1288 579 1371 625 est
1397 570 1454 625 in
1485 584 1547 625 os
1581 584 1759 626 meum
1799 570 1904 625 ulla
1953 584 2082 624 caro

510 659 952 733 profana.0seas
993 668 1172 716 autem
1221 660 1406 716 audito
1466 675 1525 717 se
1580 676 1702 717 cum
1762 661 2081 717 muliercula

511 752 794 806 inhonesta
824 760 879 806 et
906 749 1220 814 fornicaria,
1256 759 1311 805 et
1352 750 1516 805 vitam
1573 751 1785 806 vivente
1828 765 2085 806 exsecra-

512 840 672 896 bilem
705 842 901 897 debere
935 841 1199 911 copulari,
1242 856 1356 896 rem
1387 856 1493 897 non
1538 843 1890 912 deprecatur;
1950 857 2084 898 cun-

512 935 805 990 ctationem
854 933 1052 989 nullam
1088 933 1355 1001 admittit;
1400 948 1506 988 non
1548 934 1649 990 sibi
1695 934 1837 989 istud
1882 934 2084 990 remitti

512 1026 825 1096 suppliciter
852 1035 1000 1090 orat;
1032 1025 1151 1094 sed,
1186 1034 1244 1081 ut
1270 1026 1537 1097 quispiam
1590 1027 2081 1097 petulantissimus,

515 1129 720 1173 tantum
756 1135 859 1173 non
891 1120 1312 1189 promptissime,
1341 1120 1457 1174 sine
1491 1135 1663 1185 mora,
1696 1122 2083 1191 propemodum

516 1210 569 1263 in
606 1224 717 1264 rem
744 1207 965 1273 involat,
1002 1207 1295 1278 voluptate,
1328 1209 1511 1273 credo,
1544 1209 1871 1265 muliercqu
1903 1210 2082 1265 l'rueno

513 1300 595 1352 «Ia:
627 1307 933 1367 superatus.
969 1297 1170 1354 Deinde
1206 1300 1506 1354 orationem
1557 1314 1678 1354 cum
1732 1300 1968 1355 absurdo
2021 1302 2085 1355 li-

515 1389 690 1453 niens,
723 1405 888 1459 pauca
916 1394 1183 1460 quaedam,
1212 1399 1268 1445 et
1315 1389 1507 1461 frigida
1558 1391 1822 1462 adjungit.
1856 1391 2087 1447 Simulat

514 1482 660 1537 enim
689 1497 747 1536 se
776 1482 1048 1552 prophetae
1069 1481 1424 1553 patrocinari,
1472 1492 1527 1538 et
1577 1483 1671 1550 ait,
1703 1483 1994 1554 plurimum
2025 1499 2085 1540 se

515 1571 690 1641 ipsum
717 1583 1100 1629 excusaturum
1129 1575 1322 1638 fuisse,
1354 1575 1397 1629 si
1450 1573 1617 1630 Deum
1654 1575 2083 1631 commistionem

514 1677 831 1733 corpoream
868 1666 1152 1721 mandasse
1185 1669 1503 1735 putavisset.

587 1847 695 1904 Sed
718 1848 970 1917 quoniam
1004 1859 1123 1903 erat
1151 1846 1431 1917 spirituale
1474 1846 1731 1916 quiddam
1775 1847 1916 1916 quod
1957 1861 2082 1916 age-

514 1940 691 2006 batur,
722 1956 790 1995 ex
824 1940 989 1994 multa
1032 1954 1157 2009 erga
1207 1940 1373 1993 Deum
1404 1938 1669 1993 charitate
1703 1941 2084 2009 propemodum

516 2029 657 2085 ultro
688 2032 754 2084 ad
794 2032 843 2085 id
876 2032 1016 2096 quod
1042 2030 1253 2101 jussum
1284 2036 1401 2086 erat
1431 2031 1816 2100 praestandum,
1856 2031 2086 2099 prophe-

516 2128 624 2172 tam
645 2119 1009 2175 descendisse.
1039 2119 1326 2184 Praeterea,
1352 2118 1545 2185 inquit,
1570 2118 1914 2172 continentiae
1950 2120 2086 2172 Deus

518 2213 661 2268 haud
695 2213 955 2268 voluisset
981 2214 1271 2282 quidquam
1300 2210 1564 2266 committi
1594 2210 1719 2275 tale,
1753 2220 1812 2265 ut
1836 2212 1920 2266 vir
1967 2221 2086 2266 tan-

518 2316 604 2362 tus
630 2308 763 2361 adeo
815 2306 1057 2375 turpibus
1099 2305 1535 2376 detestandisque
1574 2303 1960 2373 complexibus,
2012 2306 2086 2358 fe-

516 2398 674 2452 mina:
728 2395 904 2465 hujus,
952 2397 1195 2467 inquam,
1244 2398 1495 2453 obscenae
1537 2405 1593 2451 et
1630 2395 1928 2451 foruicariae
1958 2411 2086 2452 con-

516 2489 889 2543 taminaretur.
930 2487 1221 2544 Historiam
1247 2498 1426 2544 autem
1458 2502 1744 2557 enervans,
1788 2496 1841 2543 et
1872 2502 1990 2543 eam
2030 2488 2084 2542 in

513 2593 710 2635 sensus
734 2578 1041 2649 spirituales
1084 2576 1478 2648 quodammodo
1526 2576 1935 2642 transformans,
1979 2576 2087 2633 Go-

516 2685 635 2726 mer
669 2668 967 2726 alllrmabat
992 2683 1114 2724 esse
1142 2677 1326 2739 typum
1353 2668 1568 2733 animae,
1604 2682 1722 2738 quae
1770 2668 1871 2724 sibi
1920 2668 2084 2724 vitam

516 2761 853 2817 inhonestam
885 2776 949 2815 ac
976 2768 1183 2829 turpem
1214 2759 1443 2830 delegit;
1480 2760 1794 2831 prophetam
1818 2761 2087 2816 sustinere

520 2852 817 2923 imaginem
853 2850 968 2920 eius
995 2851 1084 2921 qui
1112 2850 1179 2906 de
1212 2849 1349 2906 caalo
1395 2859 1503 2919 est,
1548 2849 1653 2906 hoc
1690 2859 1793 2915 est,
1812 2847 1973 2906 Verbi
2019 2865 2086 2906 ex

515 2944 680 3000 Patre
714 2962 729 3000 :
761 2944 850 3009 qui
878 2946 1089 3016 quidem
1116 2944 1402 2999 animabus
1435 2944 1635 2999 nostris
1668 2944 1827 2999 modo
1856 2945 1958 3000 sub
1999 2944 2085 3000 in-

519 3036 869 3106 telligentiam
925 3036 1294 3090 tantummodo
1338 3036 1562 3091 cadente
1609 3035 1909 3107 copulatus,
1963 3036 2087 3092 vita:

516 3129 698 3199 probae
725 3142 788 3182 ac
819 3136 1020 3181 sancta:
1038 3127 1241 3182 semina
1268 3126 1458 3197 injicit.
1477 3126 1541 3181 Et
1562 3127 1642 3181 hze
1670 3128 1884 3196 quidem
1913 3129 1964 3181 in
1996 3127 2085 3182 illa

516 3225 785 3289 oratione,
810 3239 912 3293 qua
944 3223 1265 3293 persuadere
1289 3223 1478 3292 voluit,
1527 3223 1875 3294 probationes
1914 3226 1982 3281 ab
2021 3239 2087 3280 eo

516 3317 832 3387 excogitatae
884 3324 1027 3371 sunt.
1075 3314 1225 3384 Cepit
1272 3324 1448 3371 autem
1507 3331 1592 3371 me
1641 3315 1925 3373 admiratio
1978 3333 2085 3374 non

517 3406 756 3476 vulgaris
798 3422 813 3461 :
854 3405 1109 3475 primum,
1152 3404 1294 3474 quod
1324 3419 1448 3459 vera
1488 3404 1690 3460 sentire
1716 3416 2084 3472 contemnens,

518 3512 681 3550 ausus
729 3505 813 3551 cst
860 3494 1060 3558 dicere,
1110 3494 1343 3549 litteram
1373 3496 1656 3561 occidere;
1692 3496 1906 3562 deinde,
1943 3496 2085 3559 quod

516 3586 817 3641 introduxit
846 3586 1084 3658 Moysen,
1116 3597 1170 3640 et
1206 3601 1343 3655 quos
1366 3589 1525 3641 modo
1552 3588 1966 3651 nominavimus,
1995 3588 2083 3655 qui

518 3678 835 3736 coelestibus
860 3677 1094 3733 oraculis
1126 3677 1504 3743 reclamarint;
1543 3677 1682 3745 quod
1714 3688 1894 3732 autem
1946 3679 2083 3733 divi-

518 3773 603 3827 nis
639 3770 904 3823 mandatis
934 3783 992 3823 se
1034 3782 1307 3837 opponere
1353 3768 1467 3821 ausi
1517 3778 1669 3821 extra
1718 3769 1929 3838 culpam
1978 3786 2083 3826 non

519 3863 759 3925 fuerunt,
789 3860 928 3914 male
980 3860 1165 3914 tacuit.
1196 3858 1485 3913 Sacrorum
1533 3875 1765 3929 namque
1811 3862 2083 3916 doctorem

518 3955 737 4026 Moysen
774 3952 1276 4021 subterfugientem,
1318 3962 1371 4006 et
1416 3952 1482 4005 ad
1522 3951 1822 4007 obeundum
1874 3955 2088 4009 missio-

522 4063 643 4103 nem
676 4046 1141 4117 tergiversantem,
1170 4044 1219 4098 ei
1255 4044 1447 4112 linguae
1467 4045 1773 4099 tarditatem
1791 4046 2082 4100 obtenden-

520 4150 647 4203 tem,
676 4150 734 4192 ut
767 4137 1043 4192 infirmum
1069 4136 1122 4191 in
1158 4136 1260 4191 ﬁde
1302 4136 1645 4205 reprehendit
1674 4136 1834 4203 Deus,
1883 4138 1934 4191 in
1974 4138 2087 4193 haec

518 4233 680 4286 verba
714 4245 729 4284 :
767 4228 867 4300 l3
894 4248 913 4281 ι
941 4230 1072 4294 Quis
1100 4228 1243 4283 dedit
1272 4243 1333 4281 os
1370 4227 1606 4297 homini}?
1632 4237 1685 4282 et
1712 4229 1832 4293 quis
1854 4228 2084 4284 fabrica-

518 4324 593 4377 vit
620 4332 822 4375 mutum
854 4327 909 4374 et
937 4320 1180 4385 surdum,
1212 4318 1480 4374 videntem
1525 4326 1580 4372 et
1629 4320 1865 4373 οπεουωῖ
1908 4336 2086 4376 nonne

515 4430 615 4484 ego
641 4412 904 4468 Dominus
934 4410 1112 4466 Deus?
1146 4410 1314 4480 Perge
1338 4412 1528 4481 igitur,
1560 4419 1614 4464 et
1637 4425 1735 4481 ego
1768 4411 2000 4480 aperiam
2023 4428 2085 4466 os

2113 3169 2159 3232 C

2183 566 2326 620 οῦτω
2346 566 2518 635 λέγων
2536 582 2550 597 ο
2586 584 2605 617 ι
2629 565 2930 636 Μηδαμῶς,
2952 562 3147 635 Κύριε,
3165 562 3527 636 ὃτιρύδὲποτε
3558 562 3760 633 ἔφαγον

2183 660 2294 712 πᾶν
2324 629 2520 719 κοινὸν.
2565 657 2599 727 ἢ
2649 629 2979 728 ἀκάθαρτον,
3103 653 3224 707 οὐδὲ
3246 629 3522 724 ἐἰσῆλθεν
3574 629 3762 722 εἰς-τὸ

2186 750 2359 821 στόμα
2393 767 2495 820 μου
2522 750 2630 803 πᾶν
2652 748 2820 819 κρέας
2854 747 3099 819 βέϐηλον.
3120 746 3276 818 Ὠσηὲ
3305 745 3362 799 δὲ
3394 745 3652 811 ἀκούσας,
3678 747 3760 802 ὅτι

2184 844 2392 914 γυναίῳ
2423 840 2788 896 συνάπτεσθαι
2832 841 2913 895 δεῖ
2952 838 3186 910 αἰσχρῷ,
3214 839 3309 893 καὶ
3355 839 3756 910 πορνευομένῳ,

2185 936 2280 989 καί
2311 935 2581 1004 ἐπάρατον
2609 933 2782 1004 ἔχοντι
2806 932 2971 1003 ζωήν,
2997 932 3059 984 οὐ
3086 932 3436 1001 παραιτεῖται
3459 930 3520 983 τὸ
3546 930 3758 1002 χρῆμα,

2185 1024 2286 1079 οὐκ
2311 1025 2466 1079 ὄκνον
2492 1026 2784 1095 ἐνδέχεται,
2822 1024 2883 1076 ού
2911 1024 3177 1095 προσάγει
3208 1023 3308 1093 τὴν
3337 1023 3637 1094 ἱκετηρίαν,
3663 1024 3762 1077 άν-

2186 1122 2364 1175 εῖσθαι
2415 1120 2751 1192 παρακαλῶν
2774 1134 2789 1150 θ
2819 1118 2936 1172 ἀλλ’
2965 1112 3055 1171 οἶά
3096 1135 3180 1181 τις
3216 1117 3325 1172 τῶν
3355 1116 3767 1185 ἀσελγεστάτων

2187 1213 2604 1285 προχειρότατα,
2643 1212 2735 1265 καὶ
2768 1210 3055 1281 ἀμελλητὶ,
3092 1209 3375 1280 μονονουχὶ
3403 1209 3498 1263 καὶ
3528 1210 3762 1280 ἁρπάζει

2185 1308 2247 1360 τὸ
2276 1306 2484 1378 χρῆμα,
2507 1304 2650 1376 τάχα
2678 1322 2778 1357 που
2807 1303 2906 1374 τῆς
2931 1304 3011 1367 εἰς
3038 1302 3101 1356 τὸ
3130 1300 3353 1372 γύναιον
3376 1301 3570 1372 ἡδονῆς
3593 1300 3764 1372 ήττώ-

2190 1414 2368 1469 μενος.
2413 1392 2550 1451 Εἶτα
2587 1395 2929 1450 κατακλείων
2979 1395 3060 1459 εἰς
3103 1393 3335 1449 ἀτοπίαν
3378 1394 3505 1457 τοὺς
3549 1392 3760 1461 λόγους,

2185 1489 2497 1563 προσετίθει
2528 1488 2737 1553 τούτοις
2770 1488 2925 1557 ὀλίγα
2965 1489 3101 1543 ἄττα
3138 1486 3235 1541 καὶ
3267 1486 3471 1558 ψυχρά.
3513 1486 3759 1557 Σκήπτε-

2185 1602 2276 1639 ται
2308 1582 2407 1655 μὲν
2438 1582 2547 1654 γάρ
2574 1580 2653 1652 τῷ
2679 1581 2937 1654 προφήτῃ
2968 1580 3306 1651 συνηγορεῖν,
3333 1580 3427 1633 καὶ
3465 1578 3627 1633 πάλιν
3655 1595 3761 1649 φη-

2190 1676 2294 1740 σὶν,
2319 1675 2401 1728 ὅτι
2450 1673 2707 1745 πλείστην
2740 1671 2807 1727 ἂν
2847 1672 3140 1742 ἐποιήσατο
3184 1669 3284 1741 τὴν
3326 1668 3677 1741 παραίτησιν,
3712 1670 3761 1722 εί

2190 1765 2509 1838 σωματικὴν
2535 1765 2805 1836 ἠπίστατο
2838 1763 3121 1818 κοινωνίαν
3146 1761 3448 1833 προστάξαι
3476 1759 3628 1815 Θεόν.

2269 1855 2487 1927 Ἐπειδὴ
2535 1854 2592 1908 δὲ
2632 1849 2701 1924 ἦν
2752 1852 3120 1924 πνευματικόν
3164 1868 3221 1905 τι
3268 1850 3331 1904 τὸ
3374 1850 3668 1923 δρώμενον,
3699 1849 3765 1902 ὲκ

2186 1948 2388 2019 πολλῆς
2422 1948 2561 2017 ἄγαν
2592 1945 2887 2015 φιλοθεῒας,
2924 1943 3205 2015 μονονουχὶ
3236 1941 3331 1996 καί
3358 1939 3653 2012 αὐτόμολος
3673 1940 3765 1992 ἐπὶ

2184 2040 2244 2094 τὸ
2286 2041 2417 2111 δρᾷν
2459 2038 2678 2109 ἔρχεται
2707 2035 2767 2089 τὸ
2797 2031 3458 2106 κεκελευσμένον.”Αλλως
3495 2048 3579 2096 τε,
3607 2030 3761 2101 φησι,

2184 2132 2283 2184 οὐκ
2313 2130 2378 2184 ἂν
2404 2131 2433 2183 ὀ
2468 2128 2569 2199 τῆς
2598 2128 2922 2197 ἐγκρατείας
2964 2125 3095 2189 Θεὸς
3132 2122 3363 2195 ἠθέλησέ
3414 2139 3467 2175 τι
3511 2121 3763 2191 γενέσθαι

2183 2222 2445 2285 τοιοῦτον,
2463 2221 2541 2285 ὡς
2568 2220 2735 2290 ἄνδρα
2768 2218 3020 2273 τοσοῦτον
3048 2217 3301 2287 αἰσχραῖς
3320 2213 3493 2277 οὕτως
3521 2214 3614 2268 καὶ
3644 2213 3762 2283 βδε-

2184 2313 2519 2385 λυρωτάταις
2572 2309 3027 2381 καταμιαίνεσθαι
3088 2306 3450 2377 συμπλοκαῖς,
3504 2307 3625 2368 ταῖς
3684 2305 3764 2367 εἰς

2184 2407 2436 2474 γυναῖκα,
2468 2404 2632 2476 φημὶ,
2669 2402 2764 2456 καὶ
2792 2400 2950 2455 τοῦτο
2995 2399 3285 2471 μαχλῶσαν
3329 2398 3425 2451 καὶ
3461 2413 3763 2467 πεπορνευ-

2189 2497 2373 2569 μένηντ
2403 2494 2810 2550 Μεταπλάττων
2841 2494 2898 2547 δὲ
2934 2492 3123 2561 ῶσπερ
3150 2490 3249 2561 τῆς
3281 2488 3519 2560 ἱστορίας
3548 2488 3647 2558 τὴν
3670 2487 3763 2540 δύ-

2186 2606 2351 2661 ναμιν
2376 2588 2456 2651 εἰς
2479 2587 2689 2650 ἐννοίας
2719 2583 3117 2656 πνευματικὰς,
3146 2581 3352 2651 ἔφασκε
3379 2578 3479 2651 μὲν
3507 2573 3765 2645 εἶναιτὴν

2184 2680 2363 2753 Γόμερ
2388 2681 2469 2744 εἰς
2499 2678 2669 2733 τύπον
2699 2676 2899 2748 ψυχῆς,
2930 2673 3171 2747 αἰσχρῶς
3193 2674 3286 2727 καί
3304 2673 3554 2743 ἀσέμνως
3576 2669 3768 2740 διαζῆν

2184 2770 2468 2845 ᾑρημένης
2489 2787 2505 2804 ο
2549 2769 2637 2823 τὸν
2678 2768 2737 2823 δέ
2782 2784 2845 2836 γε
2877 2766 3163 2840 προφήτην
3190 2764 3375 2819 εἰκόνα
3403 2760 3645 2834 πληροῦν
3669 2759 3766 2816 τοῦ

2183 2861 2391 2918 ἀνωθεν
2440 2860 2536 2915 καὶ
2587 2859 2646 2928 ἐξ
2696 2856 2951 2931 ούρανοῦ,
2996 2855 3267 2921 τουτέστι,
3294 2852 3390 2909 τοῦ
3438 2855 3504 2908 εκ
3556 2850 3765 2921 Πατρὸς

2184 2950 2320 3006 Θεοῦ
2343 2952 2517 3021 Λόγου
2537 2965 2553 2982 ⁸
2582 2950 2643 3015 ὃς
2666 2952 2789 3015 ταῖς
2819 2947 3114 3021 ᾑμετέραις
3134 2946 3332 3018 ψυχαῖς
3365 2944 3767 3014 συναπτόμενος

2185 3046 2501 3119 νοητῶς,τά
2542 3046 2641 3117 τῆς
2690 3046 2981 3117 φιλαρέτου
3030 3042 3179 3113 ζωῆς
3225 3041 3400 3113 ἐνίησι
3452 3041 3761 3111 σπέρματα.

2187 3138 2297 3191 Καὶ
2312 3137 2486 3191 ταῦτα
2506 3136 2607 3206 μὲν
2626 3135 2727 3206 τῆς
2747 3134 2955 3188 ἐκείνου
2974 3130 3355 3199 πιθανολογίας
3377 3129 3445 3185 τά
3462 3129 3522 3183 εύ
3532 3129 3761 3200 ρέματα.

2189 3227 2521 3300 Τεθαύμακα
2549 3228 2607 3282 δὲ
2627 3227 2686 3281 ού
2715 3227 2952 3298 μετρίως
2982 3223 3113 3294 ἐγὼ,
3145 3222 3361 3295 πρῶτον
3394 3221 3517 3294 μὲν,
3546 3222 3629 3275 ὅτι
3656 3220 3764 3274 τῶν

2188 3321 2268 3385 εἰς
2301 3320 2555 3392 ἀλήθειαν
2593 3318 2890 3390 ἀφειδήσας
2926 3314 3167 3381 ἐννοιῶν,
3204 3313 3536 3384 τετόλμηκεν
3569 3313 3764 3373 εἰπεῖν,

2187 3412 2269 3466 ὅτι
2310 3412 2371 3465 τὸ
2419 3412 2653 3484 γράμμα
2701 3408 3033 3465 ἀποκτείνει.
3070 3404 3203 3461 Εἶτα
3248 3405 3386 3479 πρὸς
3430 3404 3657 3468 τούτοις,
3683 3404 3766 3457 ὄτι

2188 3504 2523 3575 παρεκόμισε
2576 3504 2673 3574 μὲν
2715 3503 2842 3566 τοὺς
2886 3501 3028 3571 ἀμφὶ
3066 3501 3156 3553 τὸν
3184 3498 3406 3563 Μωσέα,
3433 3497 3528 3551 καὶ
3554 3490 3629 3549 ὧν
3664 3497 3765 3547 ὲπ-

2187 3594 2541 3667 εμνήσθημεν
2579 3594 2803 3666 ἀρτίως,
2832 3594 2941 3655 τοῖς
2973 3590 3178 3646 ἀνωθεν
3212 3587 3764 3661 κεχρησμῳδημένοις

2186 3688 2592 3759 ἀντειρηκότας·
2619 3688 2701 3741 ὅτι
2725 3687 2781 3740 δὲ
2806 3688 2916 3750 τοῖς
2941 3685 3106 3749 θείοις
3132 3684 3495 3756 θεσπίσμασιν
3516 3682 3763 3737 ἀντιϐλέ-

2185 3781 2283 3846 ψαι
2311 3779 2702 3850 τετολμηκότες
2733 3778 2834 3831 οὐκ
2865 3777 2969 3843 ἔξω
2999 3778 3289 3847 γεγόνασιν
3316 3776 3515 3839 αἰτίας,
3542 3775 3763 3845 σεσίγη-

2186 3890 2281 3927 κεν
2310 3872 2410 3925 ούκ
2440 3870 2636 3941 ὀρθῶς.
2666 3868 3106 3940 Παραιτούμενον
3136 3868 3233 3938 μὲν
3263 3867 3370 3938 γὰρ
3394 3866 3484 3920 τὸν
3512 3866 3761 3937 ἱεροφάν-

2186 3980 2284 4033 την
2312 3961 2532 4026 Μωσέα,
2564 3960 2658 4013 καὶ
2683 3959 2942 4013 ὀκνοῦντα
2970 3958 3068 4027 τὴν
3098 3956 3398 4027 ἀποστολὴν
3420 3996 3434 4021 ,
3489 3958 3582 4010 καὶ
3626 3973 3761 4025 προ-

2186 4053 2471 4124 ϊσχόμενον
2516 4051 2613 4122 τὴν
2652 4049 3115 4123 βραδυγλωσσίαν,
3163 4049 3239 4113 ὡς
3291 4048 3617 4102 ἀσθενοῦντα
3637 4050 3763 4119 περὶ

2186 4143 2285 4212 τὴν
2328 4142 2510 4194 πίστιν
2556 4140 2752 4211 ἤλεγχε
2793 4140 2947 4202 Θεὸς,
2986 4138 3129 4193 οὕτω
3159 4137 3359 4206 λέγων’
3421 4157 3438 4187 ι
3469 4137 3563 4200 Τίς
3596 4138 3759 4191 ἔδωκε

2188 4232 2364 4301 στόμα
2391 4230 2698 4302 ἀνθρώπῳ;
2736 4229 2830 4284 καὶ
2857 4229 2940 4293 τίς
2964 4228 3186 4299 ἐποίησε
3215 4228 3497 4297 δύσκωφον
3528 4228 3621 4281 καὶ
3651 4246 3759 4282 κω-

2188 4322 2307 4391 φὸν,
2341 4321 2610 4391 βλέποντα
2641 4320 2735 4374 καί
2762 4320 2997 4389 τυφλόνς
3032 4319 3133 4374 ούκ
3177 4320 3288 4389 ἐγὼ
3314 4320 3515 4393 Κύριος
3543 4323 3571 4375 ὀ
3597 4321 3761 4388 Θεός;

2187 4414 2297 4468 Καὶ
2324 4414 2440 4477 νῦν,
2473 4414 2729 4485 πορεύου,
2764 4413 2857 4467 καὶ
2888 4410 3000 4481 ἐγὼ
3042 4410 3241 4476 ἀνοίξω
3286 4412 3348 4466 τὸ
3393 4413 3567 4483 στόμα
3596 4431 3709 4467 σου.
3733 4432 3755 4467 ι

516 4517 663 4561 tuum
697 4506 761 4559 ³⁸.
798 4523 817 4557 ι
853 4503 929 4559 Eu
952 4505 1128 4559 adhuc
1155 4514 1461 4566 recusante,
1509 4510 1563 4557 et
1604 4517 1782 4556 moras
1812 4511 2081 4569 nectente,

2199 4502 2585 4572 Ἀναδυομένου
2605 4503 2661 4556 δὲ
2694 4502 2835 4573 μετά
2857 4502 3035 4567 τοῦτο,
3056 4502 3151 4556 καὶ
3180 4502 3459 4573 μέλλοντος
3474 4503 3577 4567 ἔτι,
3598 4522 3616 4555 ι
3640 4504 3761 4575 Ὠρ-

519 4614 541 4650 ι
583 4595 752 4650 Iratus
779 4604 887 4659 est,
926 4613 945 4647 ι
997 4593 1190 4664 inquit,
1249 4611 1270 4645 ι
1325 4592 1583 4647 Dominus
1631 4592 1685 4647 in
1740 4590 1979 4664 Moysen,
2029 4603 2088 4650 et

514 4689 650 4745 dixit
682 4702 699 4741 :
735 4686 851 4743 Non
879 4700 1006 4743 ecce
1033 4686 1213 4741 Aaron
1262 4683 1432 4739 frater
1457 4683 1617 4739 tuus?
1647 4682 1774 4740 Scio
1819 4686 1959 4756 quod
2005 4684 2087 4742 lo-

512 4794 688 4852 quens
722 4778 970 4849 loquetur
999 4778 1112 4847 ipse
1150 4776 1245 4831 tibi
1280 4776 1345 4831 ".
1400 4792 1420 4828 ι
1465 4774 1720 4845 Rursum,
1761 4792 1886 4834 cum
1932 4776 2087 4835 Jere-

518 4872 652 4925 nias
682 4867 1130 4923 inconsideratius
1168 4854 1394 4921 dixisset
1445 4880 1505 4920 se
1539 4864 1811 4935 iuniorem
1863 4882 1987 4924 esse
2030 4878 2087 4924 et

514 4962 727 5018 nescire
758 4959 924 5029 loqui,
973 4958 1324 5014 nihilominus
1360 4957 1411 5013 ei
1459 4956 1603 5013 Deus
1658 4956 1730 5012 ita
1776 4958 2015 5014 occurrit
2067 4975 2083 5015 :

520 5071 542 5106 ι
574 5052 690 5107 Noli
733 5052 939 5117 dicere,
974 5051 1097 5122 quia
1131 5049 1321 5105 Junior
1367 5065 1467 5121 ego
1515 5064 1658 5115 sum,
1712 5050 1967 5121 quoniam
2017 5049 2085 5107 ad

512 5158 725 5212 omnes,
766 5144 832 5199 ad
863 5158 1001 5215 quos
1039 5158 1140 5214 ego
1192 5143 1400 5197 mittam
1438 5151 1491 5196 te
1547 5142 1671 5208 ibis,
1720 5150 1777 5197 et
1834 5140 2083 5198 universa

513 5253 631 5305 qua:
663 5237 986 5293 mandavero
1022 5235 1116 5290 tibi
1149 5234 1385 5306 loqueris
1413 5234 1478 5289 ⁸ο.
1522 5251 1541 5286 ι
1579 5231 1696 5288 Non
1746 5232 1889 5287 enim
1933 5233 2080 5288 onmi

513 5314 752 5398 periculo
785 5330 1034 5395 vacabat,
1070 5330 1271 5391 dicere,
1305 5336 1397 5381 aut
1420 5325 1609 5382 saltem
1639 5326 1898 5395 cogitare,
1934 5340 2083 5381 sum-

514 5434 659 5472 mum
704 5418 985 5473 consilium
1010 5434 1037 5472 a
1072 5427 1219 5472 recta
1260 5417 1469 5472 ratione
1497 5419 1799 5478 aberrasse,
1831 5414 1957 5470 dum
1997 5416 2086 5485 ju-

512 5523 701 5563 venem
727 5510 794 5565 ad
822 5510 1146 5566 vaticinandi
1179 5507 1411 5564 officium
1465 5516 1637 5561 vocat.
1685 5506 1947 5563 Similiter
1982 5508 2085 5564 Pe-

515 5610 633 5654 IIIIS
663 5597 876 5671 accepit
906 5600 1123 5672 quidem
1154 5614 1362 5669 vocem,
1394 5599 1558 5656 linteo
1588 5599 1656 5655 de
1682 5596 1823 5655 celo
1847 5599 2078 5657 submis-

2183 4592 2367 4663 γίσθη,
2418 4597 2571 4663 φησι,
2620 4592 2826 4665 Κύριος
2855 4592 2950 4645 ἐπὶ
3004 4592 3230 4664 Μωσῆν,
3277 4592 3370 4647 καὶ
3417 4588 3604 4647 εἰπενο
3649 4596 3764 4648 Οὐκ

2187 4682 2298 4738 ἰδοῦ
2338 4683 2548 4755 Ἀαρὼν
2566 4686 2595 4739 ὀ
2617 4683 2844 4753 ἀδελφός
2873 4701 2997 4751 σου;
3032 4684 3332 4754 ἐπίσταμαι
3355 4684 3438 4738 ὅτι
3466 4684 3642 4740 λαλῶν
3664 4686 3783 4740 λαφ·

2185 4776 2338 4847 λήσει
2387 4776 2549 4841 αὐτός
2599 4793 2703 4833 σοι.
2734 4776 3040 4849 »Ἱερεμίου
3068 4776 3126 4830 δὲ
3162 4776 3325 4831 πάλιν
3367 4777 3761 4849 προαλέστερον

2185 4868 2485 4940 εἰρηκότος.
2511 4869 2593 4923 ὅτι
2612 4866 2894 4940 Νεώτερος
2924 4866 3035 4936 ἐγώ
3065 4868 3200 4938 εἰμι,
3222 4867 3316 4921 καὶ
3338 4866 3440 4921 ούκ
3463 4866 3763 4936 ἐπίσταμαι

2190 4958 2394 5025 λαλεῖν,
2422 4959 2574 5014 οὐδὲν
2602 4954 2763 5030 ἦττον
2797 4959 3012 5031 ὑπήντα
3033 4958 3185 5023 Θεὸς,
3207 4958 3380 5028 λέγων
3402 4976 3416 4991 ·
3450 4978 3470 5011 ι
3501 4959 3592 5022 Μὴ
3616 4960 3761 5028 λέγε,

2188 5050 2270 5104 δτι
2295 5048 2577 5121 Νεὼτερος
2608 5049 2720 5120 ἐγώ
2746 5053 2881 5123 εἰμι,
2911 5051 2995 5104 ὃτι
3025 5050 3161 5122 πρὸς
3193 5051 3399 5115 πάντας
3430 5050 3523 5116 οὓς
3561 5051 3627 5107 ἂν
3651 5050 3764 5121 ἐγὼ

2188 5140 2533 5208 ἐξαποστελῶ
2560 5159 2640 5207 σε,
2670 5142 2931 5213 πορεύσῃ,
2964 5140 3060 5195 καὶ
3090 5142 3231 5196 κατὰ
3259 5142 3437 5197 πάντα
3460 5143 3561 5197 ὅσα
3590 5143 3657 5198 ἂν
3678 5146 3764 5197 ὲν-

2188 5229 2451 5300 τείλωμαί
2486 5247 2589 5293 σοι,
2618 5231 2891 5303 λαλήσεις.
2938 5252 2957 5285 ι
2991 5232 3066 5287 Ού
3094 5232 3201 5304 γὰρ
3228 5226 3296 5304 ἦν
3323 5232 3461 5297 ὅλως
3483 5234 3763 5288 ἀκίνδυνον

2188 5321 2382 5389 εἰπεῖν,
2416 5322 2584 5391 ήγουν
2613 5324 2861 5394 ἐννοῆσαι
2896 5324 3076 5394 μόνον,
3107 5325 3190 5378 ὅτι
3219 5323 3477 5394 λογισμοῦ
3503 5323 3598 5377 τοῦ
3628 5323 3763 5394 πρέ-

2189 5429 2381 5478 ποντος
2435 5415 2469 5485 ή
2522 5415 2800 5487 ὑπερτάτη
2848 5415 3011 5487 βουλὴ
3054 5416 3414 5488 διημάρτηκε,
3446 5419 3563 5469 νέον
3597 5415 3763 5490 ἄνδρα

2188 5506 2426 5562 καλοῦσα
2474 5507 2609 5580 πρὸς
2656 5508 3013 5580 προφητείαν.
3033 5508 3264 5581 Ὁμοίως
3287 5509 3316 5563 ὀ
3343 5508 3626 5572 θεσπέσιος
3651 5506 3760 5561 Πέ-

2187 5617 2312 5669 τρος
2338 5603 2537 5672 ἤκουσε
2562 5598 2683 5673 μὲν,
2710 5600 2806 5673 τὴς
2834 5601 3021 5674 ὀθόνης
3050 5600 3378 5674 καθιεμένης
3415 5599 3475 5665 ἐξ
3500 5597 3753 5675 ούρανοῦ·

580 5775 625 5808 ιτ
661 5776 785 5835 Act.
827 5793 881 5847 π,
920 5777 1002 5832 ιι.
1081 5777 1125 5810 ιι
1150 5776 1321 5834 Exod.
1358 5793 1433 5833 ιν.
1479 5777 1563 5846 ιι,
1606 5778 1686 5834 ιιι.
1782 5779 1825 5813 υ
1868 5778 1994 5835 ibid.
2040 5781 2084 5836 ll

2202 5781 2244 5815 ³⁸
2277 5778 2475 5836 Jerem.
2510 5795 2548 5845 ι,
2594 5778 2643 5835 7.
