4094 6548
327 371 402 428 Q9
1247 365 1802 426 COMMENTARIUS
1834 365 1900 420 IN
1940 363 2171 422 OSEAM
2212 364 2655 424 PROPHETAH.
3525 368 3597 424 50

334 487 667 553 ιἈναστὰς,
695 485 894 558 Πέτρε,
946 484 1143 552 θῦσον,
1199 487 1294 540 καὶ
1339 487 1498 555 φάγε.
1529 504 1548 537 ι
1586 483 1804 555 Ἐπειδὴ
1858 482 1914 536 δὲ

2024 498 2078 536 so
2109 506 2120 540 :
2159 503 2179 536 ι
2213 484 2412 554 Surge,
2441 482 2624 546 Petre,
2652 479 2862 547 occide,
2894 488 2950 536 et
2977 478 3242 536 manduca
3270 478 3336 535 δι.
3371 496 3391 533 ι
3445 480 3599 548 Quo-

341 570 648 644 Ἱουδαῖκῶς
694 578 1062 649 ἁνακεκράγει
1088 577 1167 642 τὸ,
1206 597 1223 629 ι
1251 577 1554 649 Μηδαμῶς,
1606 576 1798 648 Κύριε,
1833 575 1914 628 ὄτι

329 671 590 725 οὐδέποτε
637 670 837 740 ἔφαγον
875 669 1071 735 κοινὸν,
1113 670 1147 739 ἢ
1197 670 1522 741 ἁκάθαρτον’
1560 687 1578 721 ι
1619 669 1917 737 ἐπετιμᾶτο

333 765 696 835 παραχρῆμα,
723 762 816 816 καὶ
842 763 917 826 ὡς
942 764 1056 826 τοῖς
1099 762 1261 825 θείοις
1293 763 1602 832 σκέμμασιν
1632 760 1916 831 ἀντιφέρε-

338 855 462 910 σθαι
487 855 719 926 τολμῶν,
738 855 936 925 ἤκουεν
967 853 1213 924 ἐναργῶς
1231 872 1277 906 ⁵(
1294 856 1361 907 “A
1395 856 1422 906 6
1450 854 1581 918 Θεὸς
1600 853 1914 924 ἐκαθάρισε,

338 945 404 998 σὺ
442 945 515 1015 μή
542 943 740 996 κοίνου.
779 961 799 993 ι
837 943 900 995 Et
931 943 1043 1013 γὰρ
1071 943 1166 996 καὶ
1195 942 1443 1013 ἐλέγχειν
1466 942 1653 1014 ήθελεν
1681 943 1857 1013 ήπίως
1888 945 1916 996 6

338 1035 442 1088 τῶν
477 1035 613 1088 ὅλων
657 1033 811 1098 Θεὸς,
853 1035 948 1087 καὶ
991 1034 1091 1087 οὐκ
1137 1034 1297 1099 εὐθὺς
1326 1036 1402 1100 ὡς
1442 1036 1819 1105 άντειρηκόσιν
1853 1035 1914 1088 ού

340 1125 574 1196 μετρίως
611 1123 1043 1193 ἐξεπικραίνετο,
1076 1125 1189 1178 ἀλλ’
1218 1127 1317 1179 οὐκ
1347 1125 1452 1191 ἔξω
1489 1127 1710 1196 γέγονεν
1739 1126 1917 1189 αἰτίας

333 1218 514 1281 αὐτοῖς
543 1221 575 1288 ή
609 1220 958 1288 παραίτησις.
993 1219 1206 1290 Χρῆναι
1250 1220 1307 1272 δέ
1351 1237 1492 1290 φημι
1538 1223 1658 1283 ταῖς
1712 1219 1916 1274 ἄνωθεν

331 1307 532 1378 ψήφοις
566 1310 835 1381 ἀμελλητὶ
863 1311 1127 1381 νέμοντας
1153 1311 1213 1364 τὸ
1242 1311 1418 1382 ὀρθῶς
1461 1311 1554 1365 καὶ
1579 1311 1917 1383 ἀδιαϐλήτως

333 1403 497 1473 ἔχειν,
545 1404 938 1476 ἀποπεραίνειν
982 1404 1298 1472 ἐπείγεσθαι
1351 1405 1413 1457 τὸ
1468 1404 1916 1473 κεκελευσμένον,

333 1494 438 1548 κᾶν
491 1496 540 1547 εί
572 1495 646 1566 μή
691 1496 897 1567 σφόδρα
941 1496 1002 1549 τὸ
1029 1496 1220 1566 χρῆμα
1244 1499 1363 1559 ταῖς
1391 1497 1688 1567 ἡμετέραις
1717 1497 1917 1569 ἀνδάνῃ

332 1585 553 1657 ψυχαῖς.
591 1583 716 1641 υἷόν
766 1588 819 1640 τί
867 1605 1030 1659 φημι·
1054 1588 1400 1659 Προστέταχε
1448 1588 1526 1659 τῷ
1557 1588 1728 1642 Σαοὺλ
1755 1591 1782 1642 6
1805 1589 1917 1643 τῶν

333 1679 470 1732 ὅλων
515 1678 667 1745 Θεὸς,
698 1679 1010 1748 ἀποσφάξαι
1049 1680 1141 1733 τὸν
1175 1681 1376 1748 Ἀγαγ,
1409 1680 1483 1744 ὠς
1515 1681 1702 1735 ἀνόσια
1728 1681 1918 1752 δεδρα-

336 1771 468 1824 κότα
511 1770 653 1826 κατὰ
693 1771 800 1826 τῶν
839 1769 897 1837 ἐξ
949 1771 1344 1843 Ἰσραήλ.Ἀλλ’
1386 1771 1541 1843 ᾠήθη
1581 1772 1642 1825 τὸ
1683 1773 1918 1844 χρηστὸν

2019 575 2162 628 niam
2192 583 2372 629 autem
2404 581 2462 627 ut
2493 571 2712 628 Judaens
2736 571 3076 627 exclamabat
3110 589 3126 626 :
3167 590 3185 624 ι
3225 569 3596 642 Nequaquam,

2019 665 2265 732 Domine,
2302 664 2426 735 quia
2457 677 2731 733 nunquam
2771 662 2976 716 comedi
3005 677 3316 728 commune,
3365 671 3457 717 aut
3497 661 3601 716 im-

2017 761 2274 815 mundum
2306 759 2582 830 quidpiam
2616 757 2684 823 ¹⁸¹,
2722 775 2741 808 ›
2773 757 2917 812 illico
2942 763 3026 810 est
3067 755 3405 825 objurgatus,
3453 763 3502 809 et
3542 765 3600 808 ut

2019 852 2203 907 divino
2235 851 2515 921 proposito
2555 848 2821 904 obsistere
2865 863 2972 901 non
3026 846 3408 910 reformidans,
3453 844 3600 900 clare

2018 943 2222 997 audivit
2251 959 2267 997 :
2303 961 2322 996 ι
2356 942 2507 1009 Quod
2541 941 2679 995 Deus
2713 939 3042 1010 purificavit,
3085 947 3140 991 ιιι
3182 951 3469 991 commune
3531 950 3601 991 ne

2018 1033 2222 1090 dixeris
2256 1033 2321 1087 ⁸³.
2361 1052 2380 1084 ι
2418 1033 2674 1100 Quamvis
2719 1032 2861 1087 enim
2917 1032 3059 1085 Deus
3122 1030 3496 1084 universorum
3545 1037 3600 1082 et

2021 1132 2301 1178 mansuete
2335 1123 2730 1192 reprehendere
2764 1121 2956 1187 voluit,
3003 1133 3057 1176 et
3090 1137 3193 1174 non
3249 1120 3410 1183 illico,
3442 1127 3502 1173 ut
3544 1118 3600 1173 in

2024 1216 2380 1270 refractarios
2426 1214 2799 1270 vehementius
2842 1224 2921 1268 est
2976 1213 3371 1276 exacerbatus,
3420 1220 3600 1264 tamen

2018 1322 2205 1362 eorum
2242 1306 2565 1360 detrectatio
2592 1305 2747 1375 culpa
2775 1320 2878 1358 non
2905 1303 3101 1357 caruit.
3131 1301 3396 1370 Oportere
3419 1312 3600 1356 autem

2018 1399 2269 1455 existimo
2304 1399 2448 1453 omni
2486 1412 2636 1453 mora
2681 1397 3011 1467 posthabita,
3049 1395 3328 1450 crelestem
3382 1404 3602 1450 senten-

2020 1492 2148 1546 tiam
2176 1501 2386 1547 rectam
2413 1500 2576 1560 atque
2609 1489 2990 1559 inculpabilem
3019 1497 3339 1554 statuentes,
3391 1488 3456 1542 ad
3485 1485 3603 1554 jus-

2020 1600 2078 1639 sa
2101 1585 2444 1654 exsequenda
2476 1598 2788 1654 properare,
2813 1582 3023 1636 etiamsi
3057 1596 3142 1636 res
3175 1580 3372 1635 animis
3403 1579 3602 1635 nostris

2017 1693 2210 1747 parum
2243 1677 2507 1732 arriserit.
2535 1675 2704 1742 Quale
2734 1685 2837 1741 est,
2863 1673 3109 1744 inquam,
3140 1672 3282 1742 quod
3317 1673 3602 1726 universo-

2023 1785 2140 1824 rum
2179 1769 2319 1824 Deus
2349 1770 2414 1824 de
2441 1770 2586 1840 Agag
2628 1768 2946 1833 occidendo,
2985 1775 3040 1819 ut
3071 1766 3162 1836 qui
3214 1765 3268 1820 in
3323 1763 3602 1819 lsraelitas

336 1865 422 1916 ἐπ’
457 1862 606 1934 αὐτῷ
651 1863 1021 1934 βουλεύεσθαι,
1070 1865 1166 1917 καὶ
1212 1865 1429 1934 φειδοῦς
1479 1866 1630 1935 ἠξίου
1675 1866 1765 1918 τὸν
1799 1869 1916 1928 ταῖς

2025 1861 2253 1918 nefanda
2289 1861 2506 1916 molitus
2553 1871 2720 1922 esset,
2770 1858 2921 1915 Sauli
2965 1857 3264 1923 mandavit,
3309 1857 3400 1930 qui
3448 1855 3606 1912 beni-

335 1955 538 2023 ψήφοις
562 1955 1111 2023 καταδεδικασμένον.
1145 1957 1482 2028 Προσκρούει
1517 1958 1574 2010 δέ
1603 1953 1694 2012 οῦν
1718 1957 1921 2030 ταύτῃ-

335 2063 415 2098 τοι
445 2045 524 2116 τῷ
551 2045 693 2116 Θεῷ,
724 2047 818 2100 καὶ
847 2046 1009 2116 μάλα.
1030 2047 1283 2118 Ἐκήδετο
1323 2049 1386 2118 δὴ
1433 2045 1525 2103 οὖν
1551 2050 1642 2103 τοῦ
1672 2051 1920 2104 τεθνάναι

337 2138 837 2210 προστεταγμένου,
872 2139 1153 2208 μονονουχὶ
1182 2139 1584 2210 διακεκραγὼς,
1615 2143 1710 2196 καὶ
1749 2143 1921 2210 λέγων

334 2231 403 2284 δι’
431 2230 597 2284 αὑτοῦ
645 2229 740 2282 τοῦ
786 2229 1132 2299 πράγματος,
1163 2230 1244 2282 ὅτι
1299 2230 1374 2302 μὴ
1401 2232 1616 2287 δικαίαν
1649 2234 1737 2286 ἐπ’
1773 2234 1922 2306 αὐτῷ

335 2322 433 2394 τὴν
476 2322 656 2392 ψῆφον
699 2322 932 2374 ἐποιεῖτο
979 2320 1130 2384 Θεός.
1159 2321 1376 2393 Ταύτης
1406 2323 1569 2378 ἕνεκα
1612 2326 1712 2396 τῆς
1742 2327 1920 2390 αἰτίας

339 2415 586 2468 ἐλυπεῖτο
621 2413 718 2485 μὲν
761 2411 903 2476 λίαν,
939 2412 1033 2465 καὶ
1075 2414 1474 2484 συνηγανάκτει
1512 2415 1630 2488 Θεῷ
1661 2419 1689 2469 6
1738 2419 1918 2487 μακά-

343 2524 453 2576 ριος
476 2506 750 2577 Σαμουήλ.
779 2508 889 2562 Kal
913 2507 1250 2576 ἀποσφάττει
1285 2508 1383 2578 μὲν
1407 2508 1498 2561 τὸν
1528 2510 1710 2578 Ἀγαγ
1733 2511 1916 2576 αὐτὸς,

339 2597 624 2666 ἐπιφωνῶν
646 2597 742 2662 τὰς
773 2598 972 2663 αἰτίας·
1004 2618 1022 2650 ι
1046 2598 1186 2652 Ἀνθ’
1209 2592 1284 2653 ὧν
1315 2599 1446 2670 γάρ,
1479 2601 1665 2671 φησιν,
1691 2602 1920 2670 ήτέκνωο

340 2707 399 2743 σε
428 2692 690 2758 γυναῖκας
717 2691 748 2759 ή
779 2690 1024 2760 ῥομφαία
1056 2708 1172 2756 σου,
1195 2690 1368 2755 οὕτως
1392 2692 1829 2762 άτεκνωθήσεται
1855 2695 1920 2748 ἐκ

337 2780 664 2852 γυναικῶνή
691 2782 872 2853 μήτηρ
891 2798 1006 2839 σου.
1034 2802 1053 2835 ι
1079 2782 1524 2854 Προαπαγγέλλει
1551 2783 1607 2836 δέ
1625 2782 1701 2854 τῷ
1722 2784 1917 2850 Σαοὺλ,

336 2872 418 2924 ὅτι
447 2872 543 2925 καὶ
572 2872 672 2942 τῆς
703 2873 980 2943 βασιλείας
1030 2873 1426 2946 ἐξοισθήσεται,
1466 2874 1561 2928 καὶ
1595 2876 1796 2947 πικράς
1820 2875 1920 2947 τῆς

336 2965 625 3035 παρακοῆς
656 2966 903 3020 ἀποτίσει
928 2966 1104 3030 δίκας.

406 3055 469 3107 Εἰ
500 3055 556 3108 δέ
591 3056 696 3127 χρὴ
741 3056 878 3127 πρὸς
913 3056 1089 3127 τούτῳ
1122 3055 1217 3111 καὶ
1250 3056 1443 3128 ἐτέρας
1483 3059 1630 3128 ἡμᾶς
1679 3059 1919 3129 ἱστορίας

2022 1956 2179 2024 gnius
2211 1955 2263 2009 in
2291 1969 2412 2008 eum
2443 1952 2857 2015 consulendum,
2904 1959 2960 2005 et
2991 1949 3148 2004 venia
3198 1949 3416 2018 dignum
3468 1962 3601 2003 cen-

2021 2046 2150 2110 suit,
2187 2059 2346 2114 quem
2381 2043 2564 2099 divina
2597 2043 2893 2098 auctoritas
2925 2041 3279 2097 damnaverat
3324 2041 3390 2095 “.
3425 2039 3605 2108 Quare

2023 2153 2126 2192 non
2164 2137 2353 2192 leviter
2380 2136 2545 2190 Deum
2571 2133 2818 2190 offendit.
2852 2134 3054 2189 Curam
3077 2133 3242 2202 igitur
3264 2133 3430 2203 gessit
3463 2131 3599 2200 ejus,

2021 2231 2109 2298 qui
2148 2233 2283 2283 mori
2310 2228 2500 2297 jussus
2533 2227 2730 2290 fuerat,
2759 2235 2968 2281 tantum
3002 2240 3108 2280 non
3139 2225 3402 2290 clamans,
3433 2233 3484 2278 et
3518 2223 3602 2278 di-

2022 2334 2150 2372 cens
2214 2318 2358 2372 facto
2421 2319 2574 2385 ipso,
2640 2317 2882 2386 iniquam
2951 2316 3274 2372 sententiam
3345 2316 3604 2372 adversus

2022 2411 2195 2478 ipsum
2231 2411 2415 2465 tulisse
2443 2409 2631 2465 Deum.
2685 2408 2834 2462 Hanc
2871 2408 2940 2463 ob
2983 2421 3200 2463 causam
3251 2397 3605 2461 contristatus

2024 2516 2372 2573 magnopere,
2404 2510 2459 2556 et
2484 2518 2588 2556 una
2622 2517 2746 2556 cum
2777 2501 2888 2556 Deo
2922 2500 3235 2569 indignatus
3282 2507 3364 2554 est
3416 2500 3606 2554 beatus

2021 2594 2263 2661 Samuel,
2309 2594 2622 2662 occiditque
2654 2594 2768 2663 ipsa
2805 2608 2901 2648 sua
2949 2608 3109 2646 manu
3147 2590 3321 2662 Agag,
3383 2605 3604 2645 causam

2019 2686 2482 2757 superadjiciens:
2515 2704 2534 2739 ι
2575 2683 2728 2740 Sicut
2753 2685 3102 2754 fecitabsque
3133 2683 3319 2738 liberis
3351 2680 3607 2736 mulieres

2020 2779 2228 2850 gladius
2257 2788 2402 2844 tuus,
2433 2778 2513 2833 sic
2545 2777 2752 2847 absque
2798 2777 2986 2832 liberis
3031 2776 3134 2831 erit
3177 2775 3319 2830 inter
3353 2772 3608 2829 mulieres

2021 2880 2194 2927 mater
2214 2882 2302 2926 tua
2317 2870 2386 2925 ⁸⁵.
2411 2889 2430 2923 ›
2450 2870 2783 2925 Praanuntiat
2812 2877 2994 2923 autem
3029 2865 3176 2922 Sauli
3204 2879 3368 2936 regno
3392 2863 3605 2935 pulsum

2020 2964 2106 3027 iri,
2176 2973 2232 3019 et
2281 2963 2506 3018 acerbas
2552 2961 2909 3018 contumaciae
2952 2974 3140 3031 poenas
3185 2957 3606 3030 persoluturum.

2091 3054 2244 3122 Quod
2286 3054 2330 3109 si
2359 3055 2577 3122 insuper
2609 3053 2833 3108 alterius
2899 3051 3143 3107 historia:
3197 3049 3486 3104 intexenda
3523 3058 3608 3104 est

338 3151 696 3217 παρενεγκεῖν
742 3149 1038 3219 ἀφήγησιν,
1069 3150 1125 3201 ἐν
1173 3152 1240 3221 τῇ
1282 3148 1440 3221 τρίτῃ
1471 3150 1780 3220 γέγραπται
1807 3152 1918 3205 τῶν

2024 3147 2284 3212 narratio,
2312 3147 2364 3200 in
2402 3146 2561 3200 tertio
2614 3145 2825 3214 Regum
2883 3144 3143 3213 scriptum
3183 3155 3286 3208 est,
3318 3141 3607 3210 aliquando

337 3236 655 3302 Βασιλειῶν,
701 3240 781 3293 ὃτι
816 3239 1280 3310 κατεστρατεύετό
1314 3257 1444 3294 ποτε
1475 3241 1581 3295 τῶν
1611 3242 1668 3308 ἐξ
1705 3242 1921 3314 Ἰσραὴλ

335 3331 365 3384 6
399 3331 572 3402 Ἀδέρ,
599 3334 627 3385 6
665 3332 851 3403 Σύρων
885 3332 1207 3403 ἡγούμενος,
1238 3333 1357 3403 ἦτοι
1389 3332 1660 3402 βασιλεύς.
1708 3335 1922 3388 Ἀλύον-

335 3439 427 3483 τος
466 3422 522 3474 δέ
567 3422 629 3474 ού
662 3423 877 3494 μικρῶς
927 3425 1018 3477 τοῦ
1055 3425 1280 3494 Ἀχαὰϐ,
1317 3425 1375 3488 ὃς
1423 3422 1490 3496 ἦν
1531 3426 1784 3496 βασιλεὺς
1820 3431 1922 3482 Ἰσ-

342 3513 502 3582 ραὴλ,
535 3515 627 3567 καὶ
665 3513 898 3578 δεδιότος
925 3515 1022 3586 τὴν
1058 3515 1264 3585 ἔφοδον,
1297 3516 1601 3572 ἀλώσεσθαί
1629 3537 1686 3572 τε
1715 3522 1815 3574 οὐκ
1843 3522 1923 3584 εἰς

342 3602 557 3671 μακρὰν
600 3606 944 3674 πανστρατιᾷ
997 3605 1508 3676 προσδοκήσαντος,
1553 3609 1924 3678 ἐπηγγέλλετο

337 3692 424 3745 διὰ
465 3695 738 3765 προφήτου
771 3694 930 3760 Θεὸς,
983 3696 1330 3766 παραδώσειν
1381 3699 1532 3770 αὐτῷ
1579 3700 1670 3753 τὸν
1703 3702 1919 3772 ἐχθρόν.

339 3779 470 3836 Εἶτα
498 3784 676 3838 λαϐὼν
718 3786 945 3850 ἐκεῖνος,
989 3787 1140 3856 ήξίου
1190 3789 1406 3858 φειδοῦς
1459 3791 1610 3862 παρὰ
1642 3793 1702 3845 τὸ
1732 3793 1924 3846 δοκοῦν

338 3875 415 3946 τῷ
459 3876 597 3947 Θεῷ.
638 3878 747 3931 Καὶ
791 3878 842 3932 τί
880 3879 1018 3948 μετὰ
1073 3880 1231 3934 τοῦτο
1265 3883 1325 3935 τὸ
1359 3884 1598 3954 Γράμμα
1643 3885 1705 3938 τὸ
1744 3887 1923 3957 ἱερὸν;

345 3987 363 4018 ι
393 3969 502 4021 Kal
549 3969 836 4041 ἄνθρωπος
885 3965 965 4036 εἷς
1013 3972 1080 4026 ἐκ
1136 3973 1242 4026 τῶν
1295 3975 1426 4027 υίῶν
1483 3977 1592 4028 τῶν
1629 3979 1924 4048 προφητῶν

339 4053 460 4112 εἷπε
503 4058 638 4130 πρὸς
678 4059 768 4113 τὸν
809 4060 1037 4130 πλησίον
1065 4063 1228 4116 αὐτοῦ
1261 4066 1320 4117 ἐν
1363 4064 1508 4136 λόγῳ
1547 4067 1773 4137 Κυρίου’
1817 4068 1929 4120 Πά-

341 4149 500 4212 ταξον
526 4149 590 4220 δή
630 4167 720 4220 με.
748 4152 857 4204 Kal.
888 4153 988 4206 οὐκ
1017 4153 1281 4224 ήθὲλησεν
1312 4155 1340 4206 6
1373 4156 1660 4225 ἄνθρωπος
1686 4160 1926 4225 πατάξαι

340 4241 523 4296 αὐτόν.
554 4242 665 4296 Καὶ
713 4238 834 4299 εἷπε
864 4246 1000 4315 πρὸς
1025 4247 1209 4300 αὐτόν’
1257 4248 1398 4301 Ἀνθ’
1426 4243 1502 4305 ὧν
1538 4252 1639 4305 οὐκ
1688 4253 1927 4323 ἤκουσας

340 4333 439 4404 τῆς
470 4332 654 4403 φωνῆς
677 4335 905 4405 Κυρίου,
933 4335 1042 4388 ἰδοὺ
1071 4338 1135 4390 σὺ
1167 4338 1491 4410 ἀποτρέχεις
1522 4341 1615 4394 ἀπ’
1643 4342 1801 4414 ἐμοῦ,
1833 4343 1927 4396 καὶ

342 4424 573 4488 πατάξει
604 4441 664 4477 σε
694 4425 850 4479 λέων.
880 4427 989 4481 Kal
1029 4428 1272 4499 ἀπῆλθεν
1320 4431 1416 4484 ἀπ’
1461 4432 1651 4496 αὑτοῦ,
1698 4435 1792 4488 καὶ
1836 4436 1928 4487 εὑ-

2021 3249 2208 3296 contra
2237 3237 2509 3292 lsraelitas
2538 3234 2643 3307 14
2669 3236 2811 3289 Ader
2847 3233 3112 3304 Syrorum
3138 3231 3463 3302 principem,
3491 3232 3608 3286 sive

2023 3345 2230 3400 regem,
2266 3329 2662 3398 expeditionem
2699 3328 3032 3396 suscepisse.
3058 3325 3248 3382 Moesta
3274 3336 3455 3385 autem
3497 3340 3606 3379 non

2022 3422 2367 3477 mediocriter
2394 3420 2584 3475 Achab
2615 3435 2741 3489 rege
2780 3419 2970 3486 lsrael,
3025 3428 3077 3474 et
3116 3419 3395 3473 incursum
3429 3419 3607 3472 hosti-

2023 3516 2126 3571 lem
2152 3523 2443 3580 metuente,
2471 3529 2570 3568 nec
2614 3513 2783 3566 multo
2813 3522 2936 3582 post
2964 3527 3086 3566 cum
3117 3511 3368 3565 omnibus
3386 3510 3497 3564 suis
3521 3525 3610 3564 co-

2022 3612 2125 3682 piis
2153 3611 2202 3664 in
2223 3618 2541 3679 potestatem
2563 3616 2848 3660 venturum
2869 3605 3101 3660 hostium
3124 3604 3464 3669 formidante,
3488 3617 3610 3672 pro-

2025 3701 2174 3756 misit
2191 3715 2285 3770 per
2309 3697 2623 3769 prophetam
2647 3696 2809 3760 Deus,
2841 3710 2900 3749 se
2927 3695 3002 3748 illi
3030 3695 3238 3749 hostem
3257 3694 3607 3748 traditurum.

2024 3792 2194 3858 Quem
2226 3806 2350 3844 cum
2375 3787 2693 3856 accepisset,
2721 3787 2796 3840 illi
2824 3787 3154 3855 parcendum
3189 3785 3399 3848 statuit,
3447 3799 3609 3840 secus

2025 3901 2184 3955 quam
2221 3883 2449 3936 Domino
2486 3882 2784 3949 placuerat.
2830 3879 2894 3933 Et
2930 3879 3056 3948 quid
3098 3887 3220 3948 post
3275 3878 3390 3932 hrec
3451 3876 3604 3933 Scri-

2025 3987 2186 4048 ptura
2217 3973 2409 4030 sacra?
2440 3992 2456 4024 ι
2475 3973 2537 4026 Et
2569 3972 2729 4026 homo
2752 3971 2969 4040 quidam
2996 3970 3063 4024 de
3081 3970 3202 4024 filiis
3225 3969 3607 4038 prephetarum

2027 4068 2162 4121 dixit
2221 4065 2288 4119 ad
2351 4062 2655 4132 proximum
2710 4076 2866 4114 suum
2921 4060 2971 4112 in
3032 4072 3283 4112 sermone
3333 4055 3544 4111 Domini
3591 4074 3606 4110 :

2027 4157 2254 4212 Percute
2273 4170 2381 4210 me.
2405 4152 2506 4219 Qui
2533 4149 2703 4204 noluit
2736 4157 3042 4217 percutere.
3065 4147 3148 4216 ,βι
3177 4145 3314 4200 dixit
3348 4145 3412 4198 ad
3444 4159 3565 4198 eum
3593 4160 3607 4198 :

2027 4248 2162 4314 Quia
2211 4260 2315 4300 non
2366 4241 2562 4299 audisti
2621 4254 2807 4295 vocem
2864 4237 3100 4298 Domini,
3150 4251 3280 4292 ecce
3338 4236 3610 4290 recedesa
3680 4232 3683 4235 ’

2030 4353 2138 4404 me,
2181 4346 2235 4392 et
2276 4334 2538 4404 percutiet
2583 4341 2635 4386 te
2690 4330 2796 4386 leo.
2843 4329 2909 4383 Et
2963 4328 3215 4383 discessit
3283 4327 3349 4381 ab
3397 4341 3482 4381 eo.
3544 4324 3613 4380 Et

2029 4429 2236 4485 invenit
2279 4441 2402 4483 eum
2454 4424 2560 4491 leo,
2614 4431 2668 4476 et
2727 4419 3000 4490 percussit
3053 4420 3250 4488 ipsum.
3293 4418 3361 4472 Et
3408 4416 3613 4472 invenit

345 4516 521 4587 ρίσκει
563 4516 728 4570 αὐτὸν
778 4517 935 4584 λέων,
980 4520 1075 4573 καὶ
1126 4521 1398 4587 ἐπάταξεν
1441 4525 1624 4580 αὐτόν.
1664 4526 1776 4579 Kal.
1832 4528 1921 4579 εὗ-

2031 4521 2260 4576 alterutn
2303 4518 2500 4581 virum,
2539 4513 2759 4570 etdixit
2791 4531 2806 4567 :
2837 4511 3070 4566 Percute
3108 4525 3213 4564 me.
3248 4507 3352 4575 Qui
3392 4521 3614 4578 percus-

345 4609 523 4680 ρίσκει
573 4610 856 4682 ἄνθρωπον
885 4611 1092 4683 ἕτερον,
1125 4613 1218 4667 καὶ
1255 4609 1398 4668 εἴπεο
1442 4615 1688 4680 Πάταξον
1730 4617 1797 4689 δή
1833 4635 1922 4689 με.

343 4701 456 4754 Kal.
482 4701 751 4767 ἐπάταξεν
798 4703 958 4756 αὑτὸν
981 4705 1009 4757 6
1038 4705 1342 4778 ἄνθρωπος,
1383 4709 1475 4761 καὶ
1507 4709 1752 4774 πατάξας
1799 4726 1924 4763 συν-

344 4789 553 4861 έτριψε.
613 4793 726 4846 Kal.
770 4793 1042 4865 ἐπορεύθη
1090 4796 1120 4847 6
1166 4799 1483 4868 προφήτης,
1531 4799 1624 4851 καὶ
1668 4799 1796 4871 ἔστη
1845 4799 1924 4870 τῷ

349 4883 558 4954 βασιλεῖ
589 4885 805 4958 Ἰσραὴλ
832 4888 929 4940 ἐπὶ
954 4887 1054 4958 τῆς
1091 4887 1236 4941 ὁδοῦ.
1263 4890 1373 4943 Καὶ
1407 4891 1743 4961 κατεδήσατο
1772 4891 1926 4944 τελα-

349 4974 486 5043 μῶνι
524 4976 651 5038 τοὺς
697 4976 1006 5048 ὀφθαλμοὺς
1036 4978 1224 5032 αὐτοῦ.
1268 4998 1286 5030 ι
1325 4979 1517 5052 Μικρά
1556 4979 1613 5034 δὲ
1651 4981 1787 5033 ἄττα
1826 4997 1928 5050 μεο

344 5065 477 5131 ταξὺ
507 5067 963 5140 προσλελαληκὼς
985 5071 1379 5143 ὑποστρέφοντι
1401 5071 1478 5142 τῷ
1507 5072 1732 5143 Ἀχαά6,
1757 5089 1928 5143 προσ-

345 5160 510 5215 ετίθει
543 5162 905 5216 πάλιν·ιΤάδε
930 5165 1076 5233 λέγει
1107 5165 1334 5237 Κύριοςο
1363 5166 1506 5219 Διότι
1526 5165 1826 5236 ἐξήνεγκας
1861 5167 1924 5219 σὺ

345 5253 514 5324 ἄνδρα
541 5254 785 5325 ὀλέθριον
814 5257 879 5309 ἐκ
905 5257 1006 5328 τῆς
1038 5258 1224 5329 χειρός
1253 5275 1368 5324 σου,
1394 5259 1487 5312 καὶ
1512 5259 1666 5312 ἔσται
1699 5261 1732 5330 ή
1778 5259 1923 5332 ψυχή

347 5361 438 5397 σου
469 5346 593 5401 ἀντὶ
630 5347 732 5416 τῆς
758 5347 939 5419 ψυχῆς
978 5349 1168 5415 αὑτοῦ,
1201 5351 1294 5404 xal.
1336 5353 1365 5403 6
1397 5351 1524 5415 λαός
1556 5369 1650 5404 σου
1689 5351 1808 5404 ἀντὶ
1831 5352 1926 5405 τοῦ

345 5433 478 5487 λαοῦ
525 5434 714 5489 αὑτοῦ.
747 5455 767 5490 ι
816 5437 1061 5505 Ἀκούεις
1108 5441 1257 5504 ὅπως
1290 5443 1320 5493 6
1358 5442 1595 5507 πατάξαι
1643 5441 1736 5495 τὸν
1792 5459 1927 5512 προ-

348 5527 524 5598 φήτην
559 5527 1016 5601 παραιτούμενος,
1058 5531 1306 5596 ἐλεεινῶς
1343 5533 1605 5606 ἀνῃρέθη,
1634 5531 1791 5602 δεινῷ
1831 5532 1927 5603 θη-

417 5707 461 5738 “
499 5707 618 5760 Act.
645 5723 698 5769 ι,
737 5709 820 5766 15.
903 5709 948 5742 δ’
980 5708 1110 5766 ibid.
1158 5709 1241 5765 14.

351 5772 395 5805 δ’
437 5779 567 5834 ibid.
610 5777 701 5835 42.

1321 5711 1364 5743 ⁵³
1401 5709 1532 5766 ibid.
1570 5709 1655 5764 15.

1755 5708 1798 5740 δ”
1835 5706 2006 5780 llteg.
2065 5706 2151 5765 l5.
2187 5703 2408 5778 passim.
2486 5701 2532 5734 δ’
2564 5699 2692 5759 ibid.
2736 5700 2824 5755 5'5.

2031 4615 2102 4668 sit
2121 4626 2266 4679 eum,
2294 4618 2349 4665 et
2373 4621 2693 4680 percussum
2711 4604 2988 4659 contrivit.
3009 4602 3157 4657 Abiit
3179 4616 3307 4670 ergo
3327 4601 3610 4669 propheta,

2030 4716 2086 4760 et
2101 4701 2342 4758 occurrit
2363 4699 2481 4770 regi
2495 4697 2668 4762 invia,
2698 4704 2753 4750 et
2767 4695 2948 4764 ligavit
2971 4692 3137 4747 fascia
3154 4691 3338 4745 oculos
3355 4704 3482 4744 suos
3498 4690 3564 4753 “,
3586 4709 3605 4742 ι

2031 4806 2086 4851 ει
2111 4807 2281 4865 pauca
2303 4792 2512 4847 locutus
2549 4786 2842 4844 revertenti
2881 4783 3088 4852 Achab,
3126 4797 3340 4836 rursmn
3369 4781 3608 4850 adjecit:

2035 4907 2056 4938 ι
2088 4887 2213 4940 Haec
2241 4883 2374 4939 dicit
2403 4882 2663 4938 Dominus
2689 4897 2703 4934 :
2730 4876 2866 4945 Quia
2896 4874 3151 4930 dimisisti
3186 4874 3359 4928 virmn
3387 4873 3610 4943 dignum

2032 4987 2206 5034 morte
2234 4992 2266 5032 e
2293 4991 2454 5030 manu
2493 4983 2606 5038 tua,
2637 4972 2744 5028 erit
2781 4970 2964 5024 anima
2993 4979 3080 5021 tua
3112 4982 3210 5037 pro
3239 4966 3419 5020 anima
3446 4965 3609 5032 illius,

2031 5082 2086 5127 et
2111 5069 2342 5140 p0pulus
2405 5077 2530 5122 tuus
2571 5082 2670 5135 pro
2715 5063 2911 5135 populo
2955 5062 3076 5132 ejus
3094 5061 3161 5116 ".
3197 5079 3216 5114 ι
3257 5061 3442 5128 Vides,
3505 5073 3612 5129 quo

2033 5171 2194 5232 pacto
2223 5162 2314 5232 qui
2363 5160 2680 5231 pr0phetam
2717 5167 2999 5227 percutere
3042 5153 3234 5219 noluit,
3289 5152 3613 5208 miserabili-

2031 5267 2114 5308 ter
2152 5254 2206 5308 in
2263 5263 2503 5306 atrocem
2553 5251 2779 5304 bestiam
2847 5246 3036 5301 incidit
3081 5259 3146 5300 ac
3191 5243 3384 5314 periit?
3423 5243 3608 5311 Atqui,

2031 5345 2298 5414 quomodo
2346 5358 2451 5398 non
2482 5357 2669 5396 verum
2725 5350 2830 5404 est,
2877 5353 3071 5393 munus
3129 5351 3250 5392 esse
3295 5336 3511 5407 pietatis
3553 5335 3607 5388 in

2034 5438 2224 5500 Deum,
2259 5452 2285 5489 a
2321 5443 2508 5490 sancto
2538 5442 2593 5487 et
2622 5433 2881 5501 propheta
2933 5428 3284 5498 percutienda
3324 5425 3609 5495 refugere?

2031 5530 2130 5584 sed
2163 5538 2282 5584 erat
2312 5527 2416 5581 hoc
2454 5525 2508 5580 in
2547 5536 2800 5578 sermone
2838 5521 3074 5584 Domini,
3120 5517 3480 5574 inobedicntia
3509 5515 3605 5571 de-

2934 5700 2978 5731 “
3017 5698 3086 5755 lll
3116 5700 3246 5769 Reg.
3279 5712 3369 5760 xx,
3410 5693 3602 5753 55-38.
