4094 6554
472 394 541 456 ὃΙ
1493 387 1554 446 S.
1592 384 1871 443 CYRILLI
1906 383 2378 441 ALEXANDRINI
2415 378 2733 437 ABCHIEP.
3652 372 3724 430 32

478 508 624 564 tendi
682 523 710 562 a
754 505 976 561 crlmine
1012 519 1115 559 non
1164 511 1395 573 poterat.
1460 502 1710 571 Pepercit
1750 513 1931 556 autem
1989 510 2043 554 ct

2172 501 2246 571 ›ίῳ
2278 496 2653 571 προίσ]πεσών
2674 512 2688 560 ;
2707 494 2921 559 Καίτοι,
2948 492 3065 555 πῶς
3081 490 3179 544 οὐκ
3207 487 3406 561 ἀληθὲς
3424 490 3615 552 είπεῖν,
3647 486 3724 553 ὡς

479 602 665 655 Achab
726 598 1029 653 inconsulto
1064 595 1227 660 Atler,
1271 595 1519 663 quamvis
1554 594 1692 650 Deus
1725 593 1872 648 illum
1927 609 2046 663 per-

2172 588 2215 663 ᾖν
2248 589 2531 653 εὐλαϐείας
2582 587 2789 657 καρπὸς
2832 586 2892 637 τὸ
2939 583 3013 654 μὴ
3043 581 3366 636 καταπαίειν
3411 579 3723 649 ἀποτολμᾷν

479 698 605 745 dere
652 691 921 759 jussiSset,
954 697 1009 744 et
1049 704 1145 757 pro
1175 688 1351 741 anima
1393 685 1511 755 ejus
1539 687 1652 756 ipse
1685 687 1913 740 traditus
1942 692 2044 739 est.

2172 683 2304 751 ἰγιον
2332 681 2428 735 καὶ
2473 678 2793 751 προφήτην;
2850 675 2966 730 ἀλλ’
2995 670 3064 747 ἧν
3106 676 3163 728 ἐν
3201 672 3343 744 λόγῳ
3368 672 3596 743 Κυρίου,
3630 670 3724 724 καὶ

380 842 383 843 ν
480 782 745 848 Quocirca
810 785 942 833 citra
987 779 1482 849 tergiversationem
1538 787 1589 831 et
1651 776 1961 831 dilationem
2016 792 2046 831 a

2172 775 2542 843 ῐυσδιάφυκτον
2560 769 2810 840 ἔγκλημα
2826 768 3049 837 γέγονεν
3080 768 3113 838 ὴ
3143 766 3417 837 παρακοή.
3436 764 3726 833 Ὲφείσατο

482 872 636 925 nobis
666 872 859 925 conﬁci
909 872 1051 939 quod
1092 870 1201 923 Deo
1237 868 1617 940 complacitum
1653 880 1754 935 est,
1808 867 2048 921 necessi-

2172 868 2206 920 ῑέ
2252 866 2347 919 καὶ
2382 864 2586 935 Ἀχαὰσ
2620 860 2945 934 παραλόγως
2986 859 3082 912 τοῦ
3136 858 3313 929 Ἄδερ,
3358 856 3533 909 καίτοι
3591 854 3723 907 Θεοῦ

484 976 565 1017 tas
594 962 864 1031 postulat:
902 961 1045 1015 aliud
1084 961 1335 1030 quiddam
1368 969 1562 1029 praeter
1585 962 1685 1014 hoc
1718 968 1811 1013 aut
1852 959 2049 1025 facere,

2172 958 2419 1011 ῑιολλύναι
2472 952 2934 1025 προστεταχότος,
2987 951 3082 1005 καὶ
3129 949 3342 1003 δέδοται
3390 948 3551 1012 αὐτὸς
3605 946 3725 999 ἀντὶ

489 1064 583 1108 aut
614 1053 875 1123 cogitare,
899 1053 1164 1123 superbiae
1194 1053 1455 1107 maculam
1499 1053 1685 1106 inurit.
1725 1052 1883 1107 Tales
1909 1054 2050 1107 enim

2172 1050 2252 1117 τῆς
2280 1046 2458 1116 ψυχῆς
2486 1044 2670 1099 αὑτοῦ.
2715 1042 2924 1097 Οὐκοῦν
2970 1042 3266 1109 ἀναγκαῖον
3296 1039 3452 1092 ὄκνου
3498 1054 3559 1090 τε
3608 1036 3731 1106 δίχα

488 1155 694 1199 tantum
738 1161 841 1199 non
896 1145 1058 1199 etiam
1126 1146 1293 1199 Deum
1331 1145 1381 1197 in
1416 1145 1830 1212 reprehensione
1859 1158 2056 1214 ponen-

2172 1141 2248 1193 cai.
2264 1137 2639 1210 μελ[λ]ησμῶν
2663 1137 2840 1189 ἀποπε
2850 1133 3127 1204 ραίνεσθαι
3159 1131 3294 1202 πρὸς
3320 1132 3353 1201 ή
3362 1128 3496 1199 μῶν,
3514 1131 3650 1199 ὅπερ
3663 1127 3729 1180 ἂν

486 1238 611 1291 dum
655 1237 1006 1302 arbitrantur,
1054 1244 1114 1289 ut
1151 1235 1244 1306 qui
1299 1236 1568 1291 interdum
1622 1250 1726 1290 non
1782 1246 1928 1289 recta
1960 1235 2055 1289 de-

2172 1230 2368 1283 ὶνδάνοι
2393 1227 2530 1298 Θεῷ·
2568 1227 2629 1280 τὸ
2656 1226 2713 1279 δὲ
2741 1224 2927 1295 ἔτερόν
2951 1242 3003 1277 τι
3032 1224 3185 1293 παρὰ
3211 1219 3371 1274 τοῦτο
3397 1219 3549 1291 δρᾷν,
3576 1220 3609 1290 ἢ
3636 1221 3731 1271 καὶ

486 1337 694 1382 cernat.
2156 1324 2392 1393 φρονεῖν,
2436 1319 2736 1391 ὑπεροψίας
2770 1316 3022 1386 ἔγκλημα
3052 1314 3228 1386 φέρει.
3262 1313 3440 1367 Μόνον
3475 1312 3586 1381 γάρ
3612 1309 3733 1380 ούχὶ

2156 1412 2251 1467 καὶ
2297 1412 2556 1482 ἐπιτιμᾷν
2609 1408 2914 1478 ἐγνώκασιν
2953 1408 3003 1459 οί
3035 1405 3227 1459 τοιοίδε
3279 1403 3485 1469 λοιπὸν,
3522 1402 3599 1466 ώς
3634 1401 3741 1454 οὐκ.

2158 1503 2333 1575 ὀρθῶς
2363 1502 2474 1556 ἔσθ’
2504 1503 2591 1555 ὅτε
2629 1499 3002 1571 βουλευομένῳ
3031 1496 3169 1567 Θεῷ.

557 1588 973 1658 Respondemus
1028 1588 1192 1659 igitur
1244 1588 1531 1644 historiam
1576 1587 2056 1655 calumniantibus,

2228 1594 2413 1665 Φαμὲν
2442 1588 2536 1646 οὖν
2572 1594 2685 1657 τοῖς
2709 1593 2809 1663 τὴν
2841 1591 3081 1662 ἱστορίαν
3113 1587 3367 1657 διαϐολῆς
3402 1585 3501 1640 οὐκ
3530 1584 3635 1651 ἔξω
3661 1600 3737 1636 τι-

488 1690 797 1749 temer-eque
851 1679 1289 1734 insimulantibus
1324 1692 1339 1730 :
1374 1677 1515 1732 Heus
1555 1693 1671 1744 vos,
1712 1676 1915 1732 foedum
1965 1694 2061 1747 pu-

2172 1683 2328 1751 θεῖσι,
2358 1684 2450 1738 καὶ⁵
2475 1683 2719 1746 ἀϐούλως
2750 1680 3190 1750 ἐπαιτιωμένοις·
3228 1677 3488 1739 ’Δκαλλές
3512 1677 3660 1746 ύμῖν,
3689 1668 3735 1727 ὦ

490 1772 614 1823 tatis
672 1770 987 1841 prophetam
1049 1770 1490 1825 contubernalem
1553 1784 1675 1825 esse
1759 1769 2059 1824 libidinosae

2172 1770 2330 1838 οὗτοι,
2362 1776 2613 1845 φαίνεται
2638 1776 2700 1828 τὸ
2732 1775 2989 1845 μαχλώσῃ
3022 1771 3242 1840 γυναικὶ
3278 1769 3550 1822 συνέστιον
3586 1767 3739 1836 γενέ-

487 1840 721 1917 feminae.
775 1862 961 1940 Quid?
1013 1877 1193 1918 annon
1248 1862 1411 1915 multo
1445 1860 1643 1916 fmdius
1667 1862 1928 1932 quosdam
1967 1877 2062 1930 per

2172 1869 2288 1922 σθαι
2339 1840 2658 1940 προφήτην·
2693 1840 2758 1920 Τί
2809 1840 2900 1932 bé;
3045 1863 3180 1917 πολὺ
3238 1860 3632 1931 ἀκαλλέστερον
3676 1856 3738 1910 τὸ

490 1962 710 2007 sanctos
741 1930 1032 2023 propinetas
1060 1954 1328 2008 iuterﬂci‘!
1352 1953 1630 2020 Quomodo
1662 1930 1823 2023 igitur
1841 1952 2059 2007 Samuel

2172 1930 2600 2027 ἀποσφάττεσθαί
2628 1974 2779 2019 τινας
2808 1930 2897 2010 διά
2938 1953 3233 2025 προφητῶν
3264 1952 3463 2019 ἀγίων;
3496 1950 3620 2013 Πῶς
3646 1944 3740 2002 οὖν

489 2048 656 2114 Agag,
693 2044 847 2100 Elias
890 2047 1181 2115 pr0phetas
1236 2045 1385 2109 Baal,
1442 2046 1692 2115 quamvis
1734 2044 1930 2099 multos
1962 2060 2062 2097 nu-

2172 2052 2404 2122 ἀνῄρηκε
2452 2049 2704 2120 Σαμουὴλ
2745 2048 2843 2119 μὲν
2878 2048 2971 2101 τὸν
3003 2048 3209 2114 Ἀγαγ,
3269 2042 3455 2105 Ἠλίας
3502 2041 3561 2094 δὲ
3612 2040 3739 2103 τοὺς

493 2152 660 2199 mero,
697 2137 987 2192 interﬁcit?
1017 2138 1156 2203 Quid
1188 2146 1389 2205 autem,
1424 2138 1509 2193 die
1538 2138 1692 2201 mihi,
1717 2146 1772 2192 et
1802 2137 2059 2207 propheta

2172 2144 2449 2214 προφήτας
2474 2140 2569 2194 τοῦ
2615 2140 2781 2203 Βάαλ,
2820 2139 2995 2193 καίτοι
3036 2138 3265 2199 πολλοὺς
3296 2135 3453 2197 ὂντας
3486 2132 3578 2186 τὸν
3620 2132 3742 2203 ἀρι-

489 2223 653 2281 Isaias
685 2243 900 2283 saccum
956 2228 1029 2282 de
1078 2228 1275 2284 luinbis
1308 2231 1421 2284 suis
1462 2230 1644 2295 solvit,
1698 2229 1979 2298 nudusque
2008 2240 2064 2285 et

2172 2236 2335 2305 θμόνς
2366 2233 2431 2286 Τί
2462 2234 2541 2297 δὲ,
2570 2232 2692 2285 sine
2738 2249 2849 2303 μοι,
2879 2232 2973 2284 καὶ
3002 2232 3033 2283 ὁ
3070 2229 3357 2300 προφήτης
3397 2227 3621 2290 Ἡσαΐας
3647 2225 3738 2279 τὸν

488 2318 846 2373 discalceatus
914 2317 1212 2374 Jerusalem
1264 2322 1730 2377 obambulavit“?
1764 2323 1955 2377 Annon
2009 2323 2061 2376 in

2172 2329 2370 2381 σάκκον
2423 2328 2488 2379 ἐκ
2533 2324 2637 2395 τῆς
2685 2323 2884 2391 ὀσφύος
2929 2320 3198 2392 περιελὼν
3224 2361 3239 2387 ,
3284 2319 3494 2389 γυμνός
3542 2335 3600 2373 τε
3647 2318 3740 2371 καὶ

492 2409 583 2463 tali
621 2409 803 2465 habitu
839 2421 897 2464 ut
928 2411 1123 2477 levem,
1161 2412 1264 2483 15
1312 2422 1368 2468 et
1420 2415 1715 2483 stupidum,
1770 2425 1824 2467 et
1886 2423 2065 2468 mente

2172 2419 2488 2482 άνυπόδετος
2544 2417 2812 2488 περιθέων
2872 2407 3587 2487 τὴννῚερουσαλήμςτΑρα
3634 2411 3741 2481 γάρ

490 2511 704 2571 captum
751 2502 1037 2557 derisisset
1093 2505 1398 2573 quispiam?
1428 2503 1495 2558 Et
1529 2506 1663 2576 quid
1711 2505 1813 2559 ista
1853 2520 1941 2561 res
1968 2507 2061 2560 du—

491 2592 769 2647 hitationis
822 2592 1004 2658 habet,
1047 2609 1168 2648 cum
1224 2594 1397 2648 laudis
1432 2596 1648 2663 plenum
1683 2596 1777 2660 sit,
1821 2597 2056 2651 omniaa

493 2684 647 2740 nobis
678 2682 876 2739 decore
900 2692 953 2739 et
986 2687 1211 2740 honeste
1239 2686 1401 2740 ﬁeri?
1438 2685 1542 2741 Sed
1569 2701 1844 2752 occurres,
1881 2688 2064 2744 divino

493 2775 643 2827 nutui
672 2774 927 2828 cedentes
956 2784 1084 2830 tunc
1116 2776 1241 2830 talia
1276 2776 1489 2833 fecisse.
1521 2778 1825 2848 Quidergo,
1859 2795 2063 2850 quaeso,

496 2864 754 2920 debeata
803 2865 943 2921 Osea
994 2867 1377 2938 cogitandum?
1420 2886 1544 2924 num
1592 2886 1694 2925 sua
1727 2883 1942 2942 sponte,
1996 2888 2065 2927 an

496 2956 722 3024 imperio
751 2957 843 3011 Dei
893 2958 958 3011 ad
1019 2959 1313 3028 mulierem
1364 2963 1700 3017 meretricem
1751 2965 1976 3030 accedit,
2009 2974 2066 3020 et

494 3048 635 3102 adeo
684 3049 1027 3104 inhonestam
1059 3053 1163 3107 sibi
1204 3055 1647 3110 contubernalem
1686 3057 2067 3113 domesticam-

2164 2507 2285 2578 οὐχὶ
2310 2506 2398 2560 τὸν
2427 2508 2485 2559 ἐν
2510 2505 2698 2575 τοιῷδε
2721 2504 2989 2573 γεγονότα
3020 2507 3259 2574 σχήματι
3288 2503 3739 2574 καταμωμήσαιτ⁸

2164 2599 2230 2653 ἄν
2258 2615 2341 2661 τις
2385 2595 2548 2659 εὐθὺς
2588 2596 2664 2659 ὡς
2698 2594 2951 2665 ἄσεμνον,
2982 2595 3077 2649 καὶ
3118 2593 3467 2664 ἐξεστηκότα,
3514 2593 3608 2645 καὶ
3643 2592 3741 2663 τήν

2167 2691 2337 2763 φρένα
2372 2688 2878 2760 παρενηνεγμένον;
2923 2686 3047 2752 Πῶς
3096 2688 3255 2741 τοῦτο
3298 2685 3624 2757 ἀμφίϐολον,
3665 2685 3742 2738 εί-

2167 2802 2272 2855 περ
2313 2783 2465 2837 ἐστὶν
2510 2781 2734 2836 ἐπαίνου
2787 2780 3003 2851 μεστὸν,
3048 2781 3201 2833 τὸέν
3252 2780 3443 2850 κόσμῳ
3487 2778 3567 2850 τῷ
3612 2777 3742 2831 καθα

2166 2874 2351 2943 ήκοντι
2396 2872 2576 2925 πάντα
2617 2870 2953 2941 πράττεσθαι
2996 2870 3133 2941 πρὸς
3178 2870 3370 2941 ήμῶν;
3410 2870 3550 2923 Ἀλλ’
3577 2870 3741 2941 ἐρεῖς,

2166 2964 2245 3017 ὃτι
2279 2965 2391 3026 τοῖς
2435 2962 2599 3026 θείοις
2630 2964 2871 3023 εῖκοντες
2906 2961 3205 3032 νεύμασιν,
3252 2961 3422 3033 ἔδρων
3458 2959 3527 3017 τὰ
3568 2960 3744 3013 τοιάδε

2167 3054 2502 3124 τοτηνικάδε.
2532 3054 2597 3107 Τί
2640 3054 2718 3116 δὲ,
2753 3052 2875 3106 είπέ
2919 3069 3029 3123 μοι,
3059 3055 3273 3124 φρονεῖν
3315 3051 3462 3119 ἀξιον
3491 3050 3621 3121 περὶ
3650 3050 3745 3103 τοῦ

495 3150 604 3207 que
636 3137 761 3193 facit
784 3141 808 3193 ?
833 3141 999 3196 Miror
1057 3144 1407 3200 nihilominus
1454 3146 1603 3201 illum
1638 3148 1874 3204 cavillari
1905 3165 2067 3219 super

2175 3144 2446 3215 μακαρίου
2480 3144 2668 3215 Ὠσηές
2702 3140 2813 3214 ἄρα
2845 3144 2951 3216 γὰρ
2989 3144 3314 3213 αὐτόκλητος
3351 3143 3483 3214 πρὸς
3515 3145 3746 3211 γυναῖκα

497 3241 561 3282 eo
613 3231 817 3301 scripta
871 3234 1132 3299 voluisse,
1198 3236 1589 3308 historiamque
1646 3249 1707 3294 ut
1758 3240 2067 3296 indecoram

2174 3234 2377 3305 πόρνην
2409 3234 2658 3306 ἔρχεται,
2706 3236 2800 3289 καὶ
2849 3238 3083 3289 ποιεῖται
3134 3234 3381 3288 σύνοικον
3425 3234 3523 3304 τὴν
3578 3232 3745 3296 οὕτως

499 3318 745 3376 lacerare
775 3338 885 3378 non
913 3325 1219 3381 erubuisse.
1261 3327 1531 3397 Rejicieus
1557 3330 1701 3385 enim
1736 3345 1849 3386 rem
1891 3341 1949 3387 ut
1988 3333 2070 3388 in-

497 3414 843 3479 credibilem,
896 3430 1254 3489 asserensque
1305 3422 1685 3491 apertissime,
1750 3425 2069 3495 prophetam

501 3522 605 3561 non
672 3508 923 3563 habuisse
981 3510 1429 3566 consuetudinem
1493 3529 1616 3568 eum
1675 3525 1890 3581 scorto,
1977 3517 2073 3572 sed

499 3610 621 3649 cum
669 3598 959 3654 animabus
1014 3598 1327 3655 fornicariis
1375 3601 1468 3656 Dei
1504 3603 1738 3658 Verbum
1784 3606 2079 3675 aliquando

498 3689 761 3758 copulari,
820 3705 926 3745 non
983 3690 1271 3757 intellexit,
1329 3699 1389 3745 ut
1435 3707 1533 3760 par
1596 3694 1717 3759 fuit,
1772 3696 1967 3765 quibus
2014 3712 2074 3752 se

501 3780 723 3851 ineptiis
750 3782 1067 3837 involverat.
1095 3783 1469 3838 Honestion
1496 3787 1637 3840 enim
1667 3799 1815 3842 certe
1835 3789 2073 3857 prophe-

504 3879 635 3937 tam,
666 3886 831 3939 quam
860 3870 1027 3926 Deum
1056 3874 1296 3927 omnium
1324 3874 1765 3930 honestissimum
1785 3892 1907 3933 esse
1936 3879 2069 3933 vult.

500 3963 692 4019 Annon
742 3965 911 4027 enim,
968 3965 1214 4028 obsecro,
1262 3966 1503 4031 ejusdem
1539 3968 1753 4037 generis
1802 3969 2074 4040 quispiam

502 4070 624 4108 esse
651 4055 869 4120 dixerit,
905 4066 1028 4110 eum
1066 4056 1309 4124 improba
1367 4056 1591 4112 muliere
1620 4059 1934 4127 prophetam
1983 4076 2075 4115 co-

504 4145 699 4213 pulari,
736 4156 936 4200 etcum
987 4146 1263 4201 immunda
1291 4148 1469 4202 anima
1515 4148 1650 4203 velle
1689 4152 2073 4206 commercium

504 4238 707 4292 habere
737 4236 828 4292 Dei
863 4236 1127 4293 Verbum?
1156 4236 1291 4293 Puto
1333 4253 1464 4294 sane
1492 4240 1627 4294 nihil
1654 4255 1775 4296 esse
1815 4242 2070 4296 medium.

502 4327 611 4381 Aut
635 4327 797 4398 igitur
817 4342 919 4380 una
943 4342 1064 4383 cum
1097 4327 1188 4383 illo
1222 4339 1276 4383 et
1306 4328 1409 4384 hoc
1442 4337 1661 4400 propter
1685 4330 2075 4387 inconvenien-

506 4420 633 4473 tian'i
662 4418 979 4488 repudieut;
1008 4430 1101 4474 aut
1144 4430 1296 4476 certe
1344 4422 1527 4477 divino
1554 4422 1783 4477 consilio
1838 4425 2073 4479 humana

2172 3326 2427 3396 αἰσχρὰν,
2474 3326 2507 3396 ἢ
2566 3327 2964 3398 προστέτακται
2996 3326 3148 3398 παρὰ
3192 3326 3369 3392 Θεοῦς
3415 3324 3747 3395 Τεθαύμακα

2170 3419 2227 3472 δὲ
2257 3420 2407 3472 οὐδὲν
2434 3414 2595 3489 ἦττον
2644 3418 2738 3472 τοῦ
2782 3418 3199 3473 κατασκώπτειν
3230 3419 3505 3480 ἐθέλοντος
3550 3418 3620 3470 τὰ
3657 3417 3746 3469 ἐπ’

2173 3510 2321 3580 αύτῷ
2348 3510 2728 3581 γεγραμμένα,
2770 3510 2863 3564 καλ⁸
2889 3510 2987 3580 τῆς
3019 3510 3258 3580 ἱστορίας
3286 3510 3349 3562 τὸ
3375 3510 3611 3579 ἀτερπὲς
3639 3509 3748 3561 δια·

2174 3602 2359 3672 σύρειν
2421 3600 2922 3671 ἀποτολμήσαντος.
2980 3599 3244 3672 Ἀναιρῶν
3296 3599 3411 3671 γάρ
3452 3598 3515 3651 τὸ
3564 3598 3749 3669 χρῆμα

2172 3694 2259 3747 διὰ
2300 3694 2360 3747 τὸ
2390 3694 2609 3759 ἄτοπον,
2650 3693 3115 3765 διισχυριζόμενός
3146 3710 3205 3745 τε
3236 3693 3330 3744 καλ⁵
3365 3692 3507 3761 μάλα
3543 3691 3749 3759 σαφῶς,

2173 3786 2249 3849 ὡς
2276 3787 2336 3838 οὐ
2371 3786 2544 3859 πόρνῃ
2576 3787 2794 3854 γυναικὶ
2825 3786 3218 3856 κεκοινώνηκεν
3241 3787 3271 3838 ό
3303 3787 3607 3854 προφήτης,
3636 3783 3749 3836 ἀλλ’

2173 3875 2641 3946 ἐκπορνευσάσαις
2666 3875 2865 3945 ψυχαῖς
2898 3875 2926 3926 ὁ
2966 3874 3108 3937 θεῖος
3142 3873 3252 3927 ἐσθ’
3295 3873 3385 3927 ὅτε
3425 3874 3749 3926 συνάπτεται

2172 3966 2365 4033 Λόγος,
2392 3967 2452 4019 οὐ
2483 3967 2729 4037 νινόηκε,
2760 3966 2900 4021 κατὰ
2928 3966 2987 4019 τὸ
3010 3964 3175 4029 είκὺς,
3203 3965 3301 4036 οἴῳ
3334 3964 3751 4037 περιπέπτωκεν

2175 4056 2336 4125 ὕθλῳ.
2365 4058 2696 4129 Σεμνότερον
2728 4058 2857 4129 γὰρ,
2884 4058 2961 4120 ώς
2990 4057 3155 4122 ἔοικε,
3182 4056 3275 4109 τὸν
3306 4057 3590 4127 προφήτην
3616 4051 3751 4108 εἶναι

2174 4147 2303 4215 γοῦν
2354 4147 2598 4217 βούλεται
2643 4149 2738 4201 τοῦ
2781 4148 3054 4216 πανάγνου
3099 4146 3256 4200 Θεοῦ.
3290 4148 3362 4199 Ἦ
3399 4146 3506 4218 γάρ
3553 4147 3653 4198 οὐκ
3696 4147 3752 4197 ἐν

2177 4238 2276 4309 [σῳ
2299 4238 2438 4310 λόγῳ
2477 4238 2611 4308 φαίη
2642 4256 2729 4302 τις
2758 4238 2845 4299 ἂν,
2878 4237 2999 4291 εἰπέ
3035 4254 3144 4309 μοι,
3171 4238 3387 4308 πονηρᾷ
3413 4237 3630 4305 γυναικὶ
3661 4235 3753 4288 τὸν

2176 4328 2459 4398 προφήτην
2498 4326 2883 4392 συνάπτεσθαι,
2927 4326 3025 4379 καὶ
3050 4326 3113 4379 τὸ
3144 4326 3438 4396 ἀκαθάρτῳ
3463 4325 3606 4396 ψυχῇ
3641 4340 3754 4377 κοι-

2176 4422 2363 4473 νωνεῖν
2410 4418 2627 4471 ἑλέσθαι
2671 4417 2761 4470 τὸν
2790 4416 2882 4469 τοῦ
2926 4415 3061 4468 Θεοῦ
3096 4416 3297 4483 Λόγον;
3344 4417 3480 4468 Ἀλλ’
3509 4412 3663 4486 οἶμαι
3693 4416 3755 4469 τὸ
3796 4482 3799 4489 ε

503 4512 698 4565 cedere
735 4510 1030 4579 patiantur.
1080 4510 1295 4581 Aliquid
1351 4528 1518 4582 porro
1545 4515 1713 4568 etiam
1741 4515 1808 4569 de
1839 4530 2070 4586 evange—

2180 4511 2384 4581 μεταξὺ
2436 4509 2717 4572 παντελῶς
2761 4508 2935 4562 οὐδέν.
2966 4509 3038 4560 Ἢ
3079 4508 3257 4562 τοίνυν
3294 4508 3755 4579 συναναιροῦντων

503 4602 624 4657 licis
650 4602 871 4658 Litteris
896 4604 1270 4672 apponendum
1293 4619 1435 4662 reor.
1451 4606 1711 4661 Accubuit
1738 4621 1861 4661 eum
1892 4608 2072 4678 publi-

503 4693 659 4746 canis
685 4701 739 4747 et
771 4693 1143 4762 peccatoribus
1187 4693 1446 4749 Dominus
1476 4705 1663 4751 noster
1707 4693 1865 4752 Iesus
1908 4697 2072 4752 Chri-

502 4792 643 4848 stus,
686 4784 826 4850 quod
878 4783 1072 4838 iterum
1110 4784 1491 4840 criminatores
1524 4785 1783 4842 Pharistei
1821 4786 1953 4841 vitio
1978 4788 2073 4843 da-

504 4873 657 4937 bant,
683 4884 738 4928 et
767 4876 835 4929 ad
862 4884 1081 4931 sanctos
1124 4874 1419 4945 discipulos
1446 4876 1564 4946 ejus
1594 4879 1875 4945 adeuntes,
1904 4878 2074 4933 libere

502 4965 827 5033 objiciebant
856 4982 872 5022 :
907 4983 929 5019 ι
988 4968 1172 5035 Quare
1208 4984 1330 5022 cum
1363 4970 1737 5038 peccatoribus
1785 4970 2074 5024 manducat

502 5066 559 5112 et
606 5058 743 5112 bibit
765 5059 1020 5128 magister
1046 5068 1229 5116 vester
1244 5060 1326 5115 “1'
1352 5080 1371 5114 ι
1396 5060 1535 5127 Quid
1563 5063 1629 5117 ad
1655 5064 1770 5117 hate
1785 5063 2075 5119 Christus?

508 5166 535 5181 η
556 5146 677 5204 Non
708 5159 791 5204 est
822 5165 958 5218 opus
992 5151 1291 5207 valentibus
1340 5153 1605 5217 medicus,
1662 5154 1756 5209 sed
1808 5154 1949 5210 male
1977 5159 2074 5210 ha-

505 5238 757 5296 bentibus
786 5241 852 5295 ⁸⁹.
883 5260 911 5295 ιι
934 5242 1071 5297 Eum
1113 5242 1281 5314 igitur
1308 5252 1364 5298 et
1415 5243 1743 5313 inquinatos,
1789 5256 1842 5300 et
1873 5262 1901 5299 a
1946 5261 2073 5314 pec-

504 5342 628 5386 cato
674 5334 911 5388 nondum
964 5334 1199 5401 ablutos,
1257 5348 1324 5390 ex
1403 5334 1666 5390 immensa
1735 5335 2073 5407 benignitate

504 5423 812 5492 .clmittere,
844 5440 1003 5479 nemo
1022 5424 1104 5479 vel
1132 5440 1325 5494 parum
1342 5423 1577 5479 dubitat.

2176 4603 2370 4674 ἐκείνῳ
2414 4604 2509 4656 καὶ
2553 4601 2711 4655 τοῦτο
2747 4600 2837 4654 διὰ
2898 4601 2961 4655 τὸ
3006 4601 3228 4665 ἄτοπον,
3279 4602 3449 4671 ήγουν
3496 4600 3755 4669 ἐφιέντων

2176 4695 2404 4749 κατόπιν
2447 4694 2552 4764 τῆς
2599 4693 2748 4756 θείας
2788 4692 2983 4764 βουλῆς
3023 4692 3279 4764 ἔρχεσθαι
3318 4692 3387 4746 τά
3417 4691 3751 4763 ἀνθρώπινα.

2175 4789 2389 4859 Χρῆναι
2416 4787 2472 4840 δὲ
2503 4784 2657 4857 οἶμαι
2686 4785 2777 4839 καί
2805 4804 2857 4839 τι
2886 4785 2995 4839 τῶν
3027 4784 3399 4854 εύαγγελικῶν
3428 4783 3756 4855 παραθεῖναι

2177 4880 2548 4951 Γραμμάτων.
2582 4877 2943 4949 Συνανεκλίθη
2993 4876 3252 4939 τελώναις
3285 4876 3377 4929 καὶ
3412 4875 3756 4946 ἁμαρτωλοῖς

2177 4971 2207 5023 ὁ
2230 4971 2435 5041 Κύριος
2453 4970 2609 5041 ήμῶν
2638 4968 2841 5039 Ἰησοῦς
2867 4967 3118 5038 Χριστὸς,
3141 4966 3255 5021 ἀλλ’
3277 4967 3574 5040 ἐπῃτιῶντο
3595 4964 3755 5019 πάλιν

2177 5063 2228 5115 oi
2260 5062 2685 5133 φιλεγκλήμονες
2722 5061 3039 5131 Φαρισαῖοι,
3082 5059 3175 5112 καὶ
3212 5061 3327 5122 τοῖς
3367 5058 3544 5127 ἁγίοις
3588 5074 3756 5129 προσ-

2182 5154 2331 5207 ίεσαν
2379 5154 2646 5225 μαθηταῖς
2688 5153 3011 5223 ἀναφανδὸν,
3059 5150 3331 5219 λέγοντεςο
3369 5168 3389 5201 r
3417 5148 3570 5203 Διατί
3617 5149 3758 5219 μετὰ

2177 5244 2479 5316 ἀνθρώπων
2508 5244 2845 5316 ἁμαρτωλῶν
2866 5246 2894 5296 ὁ
2920 5243 3239 5306 διδάσκαλος
3272 5240 3425 5312 ὑμῶν
3459 5240 3629 5293 ἐσθίει
3660 5241 3756 5293 καὶ

2179 5337 2351 5404 πίνεις
2387 5355 2405 5387 ι
2444 5335 2509 5390 Τί
2541 5332 2635 5390 οὖν
2669 5335 2803 5406 πρὸς
2826 5333 3000 5387 ταῦτα
3028 5335 3057 5386 ὁ
3081 5333 3344 5405 Χριστόςς
3381 5352 3399 5384 ι
3430 5333 3504 5385 Οὐ
3544 5330 3754 5401 χρείαν,

2178 5430 2365 5501 φησιν,
2396 5429 2609 5501 ἔχουσιν
2644 5430 2695 5482 οἰ
2745 5427 3019 5497 ἰσχύοντες
3067 5424 3291 5497 ἰατρῶν,
3338 5423 3453 5478 ἀλλ’
3479 5425 3531 5476 oi
3569 5420 3756 5481 κακῶς

505 5511 739 5582 ἔχοντες.
765 5531 785 5565 ι
820 5514 941 5566 Ὀτι
982 5512 1080 5584 μὲν
1107 5509 1201 5567 οὖν
1231 5514 1327 5566 καὶ
1368 5513 1826 5586 μεμολυσμένους,
1879 5515 1974 5570 καὶ
2036 5516 2461 5589 ἑκνενιμμένους
2499 5517 2654 5575 οὔπω
2690 5517 2789 5590 τὴν
2838 5516 3133 5590 ἁμαρτίαν,
3176 5514 3236 5583 ἐξ
3282 5513 3593 5585 ἀμετρήτου
3635 5512 3759 5582 φιλι-

506 5604 823 5674 ανθρωπίας
878 5606 1161 5679 προσίεται
1233 5605 1403 5674 Θεὸς,
1451 5607 1700 5680 ἐνδοιάσῃ
1746 5625 1831 5673 τις
1883 5609 1950 5664 ἂν
2001 5610 2274 5681 οὐδαμῶς.

583 5796 754 5852 “lsa.
797 5810 887 5861 xx,
926 5792 982 5847 2.
1061 5792 1105 5826 δ’
1145 5790 1332 5850 Matth.
1378 5806 1454 5859 Ix,
1500 5788 1583 5844 Η.
1662 5790 1708 5823 ⁸⁸
1745 5788 1877 5847 ibid.
1922 5788 2005 5846 1‘2.

4089 3122 4091 3272 φ
