4094 6568
577 421 650 478 55
1591 413 1651 466 S.
1688 408 1965 468 CYRILLI
2005 407 2473 465 ALEXANDMNI
2512 407 2831 466 ARCHIEP.
3755 409 3825 465 36

577 539 672 595 Dei
723 537 825 608 17
891 532 1146 597 Verbum,
1202 542 1259 586 ut
1315 534 1549 587 salvaret
1602 533 1895 586 humanum
1960 545 2145 602 genus,

2262 531 2310 583 τὸ
2341 529 2682 602 ἀνθρώπινον
2730 529 2905 597 γένος,
2937 547 2954 579 ι
2985 527 3096 598 Οὐχ
3149 522 3442 596 ἁρπαγμὸν
3488 523 3730 596 ἡγήσατο
3769 527 3825 580 τὸ

583 649 603 683 ι
637 643 740 683 non
773 625 1014 694 rapinam
1060 623 1384 676 arbitratum
1432 632 1536 687 est,
1569 636 1690 678 esse
1741 620 1949 691 aequale
2008 621 2147 686 Deo;

582 721 669 775 sed
724 732 783 772 se
815 717 990 785 ipsum
1048 714 1369 779 exinanivit,
1403 714 1630 767 formam
1683 713 1823 766 servi
1858 712 2148 781 accipiens,

579 827 631 864 tn
659 805 1070 863 similitudinem
1111 807 1385 860 hominum
1420 804 1647 865 factum,
1692 814 1746 858 et
1791 803 2064 858 inventum
2098 811 2154 856 ut

577 903 737 955 homo
767 900 837 966 ",
883 897 1142 955 sustinuit
1190 913 1450 963 crucem,
1518 896 1837 952 confusione
1909 905 2153 950 contem-

579 1001 671 1062 pta
693 992 763 1048 ⁸⁸.
793 1010 812 1044 s

650 1083 795 1139 Nihil
873 1098 1004 1154 ergo
1067 1081 1285 1145 mirum,
1346 1080 1389 1134 si
1435 1079 1651 1150 paulum
1697 1087 1849 1134 extra
1901 1077 2152 1133 decorum

580 1193 827 1246 egressus
870 1177 1157 1246 prOpheta,
1211 1174 1436 1229 salvavit
1488 1173 1706 1236 Gomer,
1759 1183 1813 1228 et
1863 1173 2156 1227 muliercu-

582 1270 686 1322 lam
744 1270 1006 1337 perditam
1068 1269 1130 1321 ad
1192 1283 1399 1320 morum
1460 1267 1797 1320 honestatem
1860 1265 2152 1320 revocavit.

582 1361 739 1416 Utilis
767 1373 970 1425 autem,
1005 1369 1059 1413 et
1097 1359 1414 1412 necessaria:
1477 1358 1553 1411 rei
1608 1372 1771 1411 causa
1817 1357 1980 1410 Deum
2013 1371 2158 1408 man-

582 1454 765 1515 dasse,
805 1453 879 1504 uti
914 1451 1243 1504 muliercula:
1278 1450 1678 1518 coniugaretur,
1717 1449 1898 1502 statim
1940 1448 2155 1517 plenam

585 1545 739 1598 fidem
777 1545 988 1602 astruit,
1045 1544 1144 1595 hac
1191 1543 1256 1594 de
1287 1556 1449 1594 causa
1484 1541 1610 1593 illud
1653 1541 1936 1594 mandasse
1963 1539 2159 1593 confir-

583 1649 775 1688 mans:
813 1651 832 1684 ι
868 1632 1001 1698 Quia
1062 1631 1336 1685 fornicans
1402 1630 1756 1683 fornicabitur
1844 1638 1985 1682 terra
2039 1637 2159 1698 post

586 1723 772 1777 Deum.
804 1724 866 1777 Et
897 1723 1045 1788 abiit,
1092 1733 1144 1776 et
1171 1722 1375 1790 accepit
1414 1721 1632 1782 Gemer,
1670 1719 1832 1773 filiam
1859 1719 2156 1783 Debelaim,

583 1823 636 1864 et
676 1813 946 1879 concepit,
1005 1821 1059 1866 et
1113 1812 1322 1881 peperit
1373 1812 1420 1865 ei
1469 1811 1658 1865 filium.
1699 1831 1717 1862 ι
1765 1811 1877 1865 Non
1924 1811 2154 1863 futuram

2251 621 2390 676 εἶναι
2423 624 2512 676 ἶσα
2542 622 2681 694 Θεῷ,
2723 622 2839 675 ἀλλ’
2865 620 3054 675 ἑαυτὸν
3086 620 3342 688 ὲκένωσε,
3393 619 3606 691 μορφὴν
3639 617 3824 673 δούλου

2250 714 2450 778 λαϐὼν,
2479 716 2536 767 έν
2566 711 2871 784 ὁμοιώματι
2901 711 3201 783 ἀνθρώπων
3233 710 3542 781 γενόμενος,
3573 710 3669 763 καὶ
3700 711 3824 780 σχή-

2256 824 2384 876 ματι
2431 805 2673 879 εὑρεθεὶς
2716 804 2792 866 ὡς
2829 803 3146 874 ἄνθρωπος,
3187 801 3447 872 ὑπέμεινε
3481 801 3708 872 σταυρὸν
3747 802 3827 852 αἰ-

2254 898 2454 970 σχύνης
2490 898 2927 968 καταφρονήσας.
2960 914 2979 947 s

2326 1077 2492 1132 Οὐδὲν
2519 1071 2612 1130 οὖν
2655 1076 2764 1147 ἄρα
2805 1075 2865 1128 τὸ
2910 1072 3244 1142 θαυμαστὸν,
3275 1072 3324 1124 εί
3360 1070 3534 1141 βραχὺ
3563 1068 3654 1122 τοῦ
3689 1067 3826 1139 πρέο

2255 1188 2448 1234 ποντος
2478 1165 2913 1237 ὲκπεφοιτηκὼς,
2956 1167 3195 1218 σέσωκεν
3221 1165 3249 1217 6
3283 1163 3572 1235 προφήτης
3602 1160 3702 1231 τὴν
3731 1160 3825 1212 Γό-

2260 1277 2395 1332 μερ,
2450 1260 2544 1314 καὶ
2587 1256 2868 1319 ἀπολωλὸς
2917 1255 2977 1308 τὸ
3045 1255 3267 1322 γύναιον
3318 1250 3639 1322 ἀνακομίζει
3692 1249 3828 1320 πρὸς

2257 1355 2579 1426 εὐκοσμίαν.
2655 1354 2778 1405 Ὅτι
2826 1350 2882 1402 δὲ
2939 1347 3211 1419 χρησίμου
3255 1362 3316 1398 τε
3381 1345 3475 1397 καὶ
3531 1342 3827 1412 ἀναγκαίου

2259 1450 2584 1520 πράγματος
2644 1444 2807 1497 ἕνεκα
2855 1439 3226 1494 συνάπτεσθαι
3275 1437 3351 1507 τῷ
3407 1434 3613 1505 γυναίῳ
3663 1449 3828 1504 προσ-

2259 1541 2446 1594 έταττε
2474 1539 2628 1600 Θεὸς,
2673 1533 3166 1605 πεπληροφόρηκεν
3205 1528 3389 1591 εὐθὺς,
3426 1525 3635 1596 ταύτης
3668 1525 3832 1577 ἕνεκα

2258 1633 2359 1702 τῆς
2388 1630 2563 1693 αἰτίας
2597 1631 2779 1681 ἐκεῖνα
2809 1622 3111 1696 προστάξαι
3154 1617 3652 1687 διαϐεϐαιούμενος.
3686 1615 3830 1668 Διότι

2261 1725 2414 1794 φησὶ,
2441 1743 2458 1774 ι
2482 1718 2919 1790 Ἐκπορνεύουσα
2945 1713 3300 1788 ἐκπορνεύσει
3321 1713 3354 1781 ἡ
3372 1711 3445 1780 γῆ
3470 1708 3578 1762 ἀπὸ
3608 1706 3832 1761 ὄπισθεν

2260 1815 2353 1869 τοῦ
2385 1813 2610 1883 Κυρίου.
2649 1813 2756 1865 Kal.
2810 1807 3100 1880 ἐπορεύθη,
3148 1806 3244 1860 καὶ⁵
3300 1802 3457 1857 ἔλαϐε
3511 1799 3610 1870 τὴν
3652 1798 3832 1866 Γόμερ

584 1916 746 1958 terra:
802 1904 1236 1971 fornicationem,
1315 1904 1409 1957 sed
1466 1903 1578 1972 jam
1613 1903 1808 1957 factam
1875 1902 2154 1972 prophetae

2262 1908 2535 1976 θυγατέρα
2560 1904 2854 1974 Δεϐηλοιῒμ,
2899 1903 2994 1956 καὶ
3035 1898 3314 1960 συνέλαϐε,
3343 1897 3437 1950 καὶ
3471 1893 3653 1946 ἔτεκεν
3682 1889 3834 1960 αὺτῷ

585 1997 806 2050 indicat.
861 1997 1025 2048 Erant
1061 1997 1202 2049 enim
1256 1995 1406 2048 vituli
1464 1995 1516 2048 in
1573 1994 1707 2060 Dan,
1744 2003 1798 2049 et
1845 1993 2049 2056 Bethel,
2106 2001 2160 2045 et

582 2087 708 2141 Baal
766 2088 960 2157 templa
1013 2088 1245 2141 excitata
1305 2085 1605 2151 fuerant",
1637 2095 1691 2139 et
1716 2085 2051 2140 cmremoniae
2090 2085 2158 2138 ab

581 2179 746 2234 Israel
803 2194 897 2248 per
949 2189 1112 2232 totam
1152 2178 1543 2233 Samaritarum
1600 2178 1873 2248 regiOnem
1939 2175 2160 2230 adhibe-

581 2273 802 2328 bantur.
853 2271 970 2326 Non
1023 2273 1183 2335 igitur
1219 2272 1508 2325 discrimen
1552 2281 1851 2340 temporum
1910 2269 2058 2335 facit,
2098 2283 2160 2323 ac

581 2372 759 2418 servat
786 2364 966 2417 divina
1026 2362 1338 2432 Scriptura,
1389 2372 1480 2415 aut
1540 2362 1724 2425 etiam,
1795 2361 1938 2428 quod
2015 2359 2157 2413 dictu

578 2454 762 2510 verius
814 2462 917 2518 est,
975 2454 1065 2522 qui
1124 2453 1238 2506 haec
1293 2452 1452 2507 nobis
1485 2464 1612 2506 sunt
1642 2449 2162 2517 interpretatizsic-

583 2556 642 2601 ut
696 2547 823 2599 item
856 2555 912 2600 et
954 2544 1068 2612 ipsa
1125 2543 1324 2596 Christi
1367 2557 1591 2612 persona
1642 2556 1738 2610 per
1791 2541 1941 2596 Isaiae
1975 2555 2158 2595 vocem

583 2639 853 2693 inducitur
877 2637 1140 2704 loquens:
1180 2652 1199 2685 ι
1237 2635 1463 2688 Dorsum
1485 2648 1660 2686 meum
1701 2633 1906 2687 dediad
1931 2630 2158 2702 ﬂagella,

581 2740 637 2784 et
663 2745 828 2799 genas
859 2743 1006 2782 meas
1057 2727 1121 2780 ad
1165 2724 1432 2794 alapas“.
1475 2742 1493 2776 ι
1531 2725 1598 2778 Et
1649 2724 1761 2793 ipse
1801 2724 2059 2794 propheta
2096 2725 2160 2777 de

583 2818 744 2887 ipso:
782 2837 801 2869 ι
835 2815 987 2870 Sicut
1046 2816 1161 2870 ovis
1217 2817 1282 2868 ad
1328 2814 1653 2870 occisionem
1712 2815 1907 2868 ductus
1951 2824 2053 2876 est,
2104 2822 2158 2869 et

583 2918 643 2965 ut
665 2924 839 2979 agnus
889 2923 1069 2963 coram
1114 2907 1372 2962 tondente
1400 2919 1457 2960 se
1485 2907 1870 2961 obmutescens
1895 2920 1911 2970 ;
1944 2905 2022 2960 sic
2052 2920 2158 2959 non

584 3000 761 3070 aperit
793 3015 856 3054 os
888 3014 1066 3054 suum.
1097 2997 1154 3052 ln
1188 2997 1490 3053 humilitate
1529 2996 1699 3067 ipsius
1749 2995 2008 3064 judicium
2044 2996 2161 3066 ejus

584 3092 856 3147 sublatum
913 3091 1121 3147 est”.s
1179 3089 1373 3145 Cernis
1424 3088 1700 3158 quomodo
1765 3087 1910 3159 quod
1965 3087 2162 3142 futuris

585 3180 919 3250 temporibus
973 3192 1292 3237 eventurum
1350 3189 1488 3246 erat,
1557 3188 1618 3233 ut
1670 3180 1782 3248 jam
1831 3187 2160 3233 transactum

2260 2001 2391 2053 υἱόν.
2409 2018 2425 2049 ι
2461 1999 2572 2051 Καὶ
2601 1998 2700 2049 οὐκ
2730 1994 2995 2065 ὲσομένην
3027 1991 3283 2061 πορνείαν
3308 1992 3405 2059 τῆς
3432 1983 3710 2054 γῆς,ἀλλά
3735 1981 3834 2052 τὴν

2259 2091 2358 2161 ἤδη
2399 2089 2774 2158 γεγενημένην
2803 2084 2880 2155 τῷ
2927 2084 3180 2154 προφήτῃ
3219 2080 3370 2151 φησί.
3404 2079 3515 2132 Καὶ
3548 2075 3656 2144 γὰρ
3694 2070 3836 2145 ἦσαν

2260 2185 2315 2236 al
2359 2181 2621 2251 δαμάλεις
2657 2179 2736 2240 είς
2792 2177 2898 2228 Δάν
2943 2173 3038 2227 καὶ
3073 2171 3275 2242 Βηθὴλ,
3324 2169 3418 2223 καὶ
3445 2169 3514 2221 τὰ
3558 2166 3652 2219 τοῦ
3689 2164 3836 2218 Βάαλ

2260 2275 2528 2344 ἐγήγερτο
2556 2269 2792 2339 τεμένη,
2827 2267 2920 2320 καὶ
2949 2265 3004 2318 al
3051 2261 3262 2316 τελεταὶ
3296 2258 3391 2312 τοῦ
3444 2255 3658 2327 Ἰσραὴλ
3694 2254 3835 2307 κατὰ

2261 2367 2443 2418 πᾶσαν
2503 2362 2834 2432 ὲπράττοντο
2889 2360 2996 2411 τῶν
3051 2350 3409 2423 Σαμαρειτῶν
3473 2348 3569 2418 τὴν
3625 2346 3833 2417 χώραν.

2273 2455 2584 2524 Ἀδιαφορεῖ
2608 2447 2898 2520 τοιγαροῦν
2936 2445 3078 2501 κατά
3108 2446 3238 2507 τοὺς
3266 2441 3488 2515 χρόνους
3517 2441 3549 2510 ἡ
3576 2437 3833 2490 Θεόπνευ-

2264 2565 2385 2610 στος
2435 2545 2646 2616 Γραφὴ,
2678 2542 2711 2612 ἦ
2754 2542 2869 2605 καὶ,
2910 2540 3044 2609 ὅπερ
3074 2537 3222 2590 ἐστὶν
3250 2531 3612 2602 ἀληθέστερον
3637 2529 3834 2590 εἰπεῖν,

2260 2641 2308 2692 οἱ
2361 2637 2565 2706 ταύτην
2612 2634 2747 2705 ἡμῖν
2787 2627 3282 2699 διηρμηνευκότεςο
3337 2619 3587 2691 καθάπερ
3636 2617 3842 2706 ἀμέλει

2260 2729 2354 2783 καὶ
2399 2705 2530 2781 αὒτδ
2555 2724 2616 2777 τὸ
2641 2722 2735 2776 τοῦ
2775 2716 3009 2792 Χριστοῦ
3042 2716 3329 2786 πρόσωπον
3355 2711 3444 2766 διὰ
3472 2711 3572 2780 τῆς
3611 2705 3838 2761 Ἡσαΐου

2261 2819 2444 2889 φωνῆς
2476 2815 2785 2886 εἰσφέρεται
2814 2812 2991 2879 λέγονο
3028 2827 3046 2859 ι
3071 2808 3172 2860 Τὸν
3195 2804 3363 2858 νῶτόν
3387 2819 3487 2871 μου
3517 2799 3728 2853 δέδωκα
3753 2796 3838 2859 sl;

2265 2911 2573 2982 μάστιγας,
2607 2906 2705 2970 τὰς
2754 2904 2810 2957 δὲ
2851 2900 3108 2971 σιαγόνας
3154 2914 3253 2968 μου
3304 2896 3384 2957 εἰς
3411 2891 3830 2982 ’ῥαπίσματαῖῃι

2261 2979 2372 3052 Καὶ
2412 2995 2573 3058 αὐτὸς
2599 2993 2656 3046 δέ
2695 3007 2858 3061 φησιν
2899 2991 2928 3042 6
2975 2989 3259 3060 προφήτης
3295 2983 3423 3054 περὶ
3450 2980 3642 3035 αὐτοῦ’
3681 2997 3702 3030 s
3749 2979 3838 3041 Ὣς

2263 3088 2534 3160 πρόϐατον
2560 3086 2653 3138 ἐπὶ
2684 3085 2898 3154 σφαγὴν
2932 3081 3105 3152 ἢχθη,
3135 3079 3228 3132 καὶ⁸
3259 3077 3336 3138 ὡς
3375 3073 3545 3144 ἀμνὸς
3593 3070 3839 3160 ἐναντίον

2263 3157 2355 3233 τοῦ
2385 3177 2659 3249 κείροντος
2689 3175 2872 3234 αὑτὸν,
2907 3171 3116 3239 ἄφωνος
3137 3185 3150 3199 ·
3182 3166 3354 3227 οὕτως
3388 3165 3489 3216 οὐκ
3535 3160 3746 3228 ἀνοίγει
3777 3157 3841 3249 το

586 3246 934 3344 propheticus
955 3288 1134 3328 sermo
1159 3273 1315 3326 nobis
1341 3246 1740 3326 introduxerit?
1771 3270 1952 3337 Quare
1985 3270 2114 3324 illud
2141 3287 2154 3324 :

2263 3268 2436 3337 στόμα
2460 3246 2647 3328 αὑτοῦ,
2679 3263 2736 3315 ὲν
2762 3265 2829 3332 τῇ
2855 3256 3180 3312 ταπεινώσει
3205 3254 3367 3307 αὑτοῦ
3399 3255 3431 3323 ἡ
3459 3250 3643 3322 κρίσις
3669 3246 3840 3302 αὑτοῦ

591 3384 613 3419 s
643 3363 940 3420 Fornicans
973 3363 1328 3419 fornicabitur
1363 3373 1530 3428 terra,
1562 3382 1580 3415 ι
1611 3377 1730 3433 pro,
1754 3362 2020 3417 fornicata
2053 3371 2161 3426 est,

588 3457 810 3524 intelligi
845 3458 1024 3511 debet.
1059 3455 1303 3522 Quonam
1335 3464 1513 3509 autem
1545 3453 1702 3508 modo
1745 3453 2009 3508 fornicata
2043 3453 2164 3508 est?

597 3565 617 3597 ι
652 3547 779 3602 Post
812 3548 1116 3611 Dominum,
1153 3565 1172 3599 ι
1220 3546 1270 3601 id
1294 3556 1398 3611 est,
1431 3545 1708 3612 sequelam
1742 3553 2027 3614 aspernata
2061 3552 2164 3607 est,

592 3653 698 3708 qua
726 3639 848 3708 quis
878 3639 1032 3707 quasi
1065 3638 1133 3692 ad
1160 3638 1324 3693 Deum
1357 3638 1547 3691 tendit.
1581 3635 1854 3704 Scriptum
1877 3643 1959 3689 est
1987 3636 2161 3689 enim:

593 3749 614 3782 ι
650 3730 776 3784 Post
857 3730 1139 3785 Dominum
1205 3729 1591 3792 ambulabis“,
1632 3748 1651 3780 ι
1688 3728 1792 3782 hoc
1855 3737 1959 3792 est,
2022 3725 2164 3782 Citra

587 3821 996 3877 c0nversionem
1033 3834 1300 3888 supernas
1357 3828 1412 3874 et
1444 3834 1473 3872 a
1503 3817 1612 3873 Deo
1646 3819 1989 3888 praescriptas
2024 3817 2168 3886 leges

590 3912 856 3980 sequeris.
903 3911 1192 3967 Fornicata
1229 3919 1311 3964 est
1350 3911 1514 3981 igitur
1542 3919 1663 3981 post
1687 3909 2006 3974 Dominum,
2054 3925 2158 3963 non

590 4001 865 4058 sustinens
903 4002 1076 4072 sequi.
1106 4000 1338 4056 Descivit
1385 4002 1554 4070 enim,
1579 4011 1634 4055 et
1653 3999 2026 4055 contaminata
2060 4008 2163 4064 est,

591 4105 648 4149 et
687 4093 954 4149 idolorum
1023 4094 1256 4149 cultibus
1317 4094 1523 4159 dedita,
1583 4092 1870 4147 Dominum
1916 4090 2164 4147 oﬁendit.

596 4185 708 4240 llac
739 4186 904 4256 igitur
947 4184 1013 4239 de
1053 4199 1220 4239 causa
1285 4183 1487 4240 Gomer
1552 4185 1810 4254 propheta
1851 4181 2021 4238 Oseas
2050 4183 2165 4236 vin-

593 4277 716 4332 culo
759 4276 1024 4347 coniugali
1071 4277 1344 4340 sociatur,
1387 4277 1512 4345 quia
1569 4277 1831 4331 fornicata
1889 4285 1973 4331 est
2024 4285 2167 4329 terra

595 4379 717 4439 post
755 4369 1060 4423 Dominum.
1093 4367 1281 4422 Potest
1319 4368 1462 4423 enim
1493 4370 1634 4437 quod
1683 4368 1762 4431 fit,
1814 4382 1914 4438 pro
1975 4367 2168 4438 mysu-

2265 3359 2430 3429 ἠρθη.
2471 3376 2490 3410 ι
2533 3355 2717 3425 Ὀρᾶς,
2757 3353 2905 3413 ὅπως
2939 3348 2998 3403 τὺ
3027 3347 3281 3417 ἐσόμενον
3315 3346 3373 3398 ὲν
3401 3344 3610 3411 καιροῖς
3632 3339 3707 3402 ὡς
3737 3339 3843 3409 ἢδη

2264 3447 2634 3519 γεγενημένον
2663 3446 2692 3497 6
2725 3447 2823 3515 τῆς
2853 3438 3187 3512 προφητείας
3221 3438 3350 3506 ἡμῖν
3377 3433 3730 3501 είσκεκόμικε
3755 3429 3844 3480 λό-

2264 3555 2393 3608 γος;
2447 3535 2655 3591 Οὐκοῦν
2696 3533 2758 3587 τὸ
2786 3574 2800 3599 ,
2857 3549 2875 3582 ι
2921 3526 3353 3600 Ἐκπορνεύουσα
3399 3520 3760 3592 ὲκπορνεύσει
3809 3519 3846 3589 ἡ

2267 3629 2360 3698 γῆ,
2397 3647 2414 3679 ι
2447 3626 2566 3680 ἀντὶ
2594 3621 2710 3688 τοῦ,
2743 3620 3118 3691 Πεπόρνευκεν
3158 3620 3191 3686 ὴ
3237 3617 3329 3686 γῆ,
3353 3613 3590 3682 νοητέον.
3623 3611 3846 3680 Πεπόρο

2267 3737 2426 3775 νευκε
2453 3718 2511 3772 δὲ
2541 3716 2663 3771 τίνα
2691 3714 2926 3786 τρόπον;
2963 3729 2982 3762 ι
3006 3710 3136 3764 Ἀπὸ
3158 3708 3379 3761 ὄπισθεν
3405 3704 3499 3758 τοῦ
3536 3702 3773 3776 Κυρίου,
3821 3719 3839 3752 s

2265 3810 2538 3877 τουτέστι,
2568 3808 2666 3878 τὴν
2695 3803 3053 3873 ἀκολούθησιν
3082 3799 3414 3869 ἀθετήσασα,
3437 3798 3502 3868 ἣν
3532 3797 3598 3850 ἂν
3633 3794 3847 3849 ποιοίτό

2265 3919 2368 3965 τις,
2408 3901 2484 3963 ὼς
2509 3899 2641 3970 πρὸς
2673 3897 2824 3950 Θεόν.
2856 3895 3170 3964 Γέγραπται
3201 3891 3330 3960 γὰρ,
3355 3891 3436 3942 ὅτι
3475 3907 3492 3939 ι
3516 3888 3726 3940 Ὀπίσω
3750 3886 3848 3940 τοῦ

2269 3996 2476 4065 Κυρίου
2526 3990 2791 4062 πορεύσῃ,
2826 4007 2844 4040 ι
2883 3987 3180 4046 τουτέστιν,
3211 3981 3596 4050 ἀκολουθήσεις
3626 3979 3848 4048 ἁμεταο

2269 4087 2463 4157 τρεπτὶ
2489 4086 2603 4146 τοῖς
2632 4080 2837 4136 ἀνωθεν
2867 4077 3019 4148 παρὰ
3067 4074 3202 4128 Θεοῦ
3233 4073 3440 4144 νόμοις.
3490 4071 3850 4140 Πεπὸρνευκε

2268 4180 2447 4233 τοίνυν
2491 4177 2597 4231 ἀπὸ
2631 4174 2854 4228 ὄπισθεν
2901 4171 2994 4225 τοῦ
3028 4169 3256 4240 Κυρίου,
3286 4165 3705 4220 κατακολουθεῖν
3745 4165 3850 4217 οὐκ

2270 4269 2592 4340 ἀνεχομένη.
2624 4267 2820 4334 Γέγονε
2849 4264 2957 4334 γὰρ
2984 4263 3294 4330 ἀποστάτης
3329 4261 3424 4312 καὶ
3465 4257 3715 4328 βέϐηλος,
3753 4254 3852 4308 καὶ

2269 4365 2390 4425 ταῖς
2418 4361 2527 4414 τῶν
2580 4357 2814 4411 εἰδώλων
2857 4353 3214 4425 προστεθεῖσα
3260 4350 3561 4422 λατρείαις,
3611 4345 3853 4418 προσκέ-

595 4437 672 4514 cae
705 4461 780 4515 rei
832 4468 957 4531 typo
987 4459 1182 4530 accipi,
1239 4467 1299 4513 ut
1360 4458 1629 4516 dicebam.
1693 4437 1897 4515 Deinde
1960 4437 2159 4531 peperit

2271 4470 2473 4524 κρουκε
2500 4450 2578 4521 τῷ
2608 4449 2881 4518 Δεσπότῃ.
2917 4444 3134 4512 Ταύτης
3181 4438 3274 4496 οὖν
3328 4443 3492 4495 ἕνεκα
3532 4440 3631 4509 τῆς
3665 4437 3855 4500 αἰτίας

594 4552 814 4607 Gomer.
859 4530 864 4531 ν
2037 4530 2040 4531 ν
2274 4546 2607 4600 συνάπτεται
2634 4543 2700 4611 τῇ
2727 4540 2906 4610 Γόμερ
2930 4540 2958 4590 6
2992 4536 3279 4608 προφήτης
3317 4533 3498 4604 Ὠσηὲ,
3527 4533 3609 4584 ὅτι
3637 4530 3853 4598 πεπόρ-

593 4664 785 4702 νευκεν
811 4649 845 4719 ὴ
868 4649 940 4720 γῆ
970 4647 1078 4703 ἀπὸ
1101 4646 1320 4701 ὄπισθεν
1346 4643 1440 4700 τοῦ
1471 4647 1696 4719 Κυρίου.
1726 4643 2007 4702 Μυστικοῦ
2065 4643 2194 4714 γάρ,
2236 4641 2312 4706 ὡς
2350 4639 2508 4711 ἔφην,
2575 4636 2898 4708 πράγματος
2925 4630 3095 4695 τύπος
3123 4629 3189 4683 ἂν
3223 4629 3396 4682 νοοῖτο
3441 4625 3502 4678 το
3545 4621 3852 4695 δρώμενον·

595 4740 727 4798 Είτα
763 4745 981 4799 τέτοκεν
1012 4748 1046 4817 ἠ
1075 4746 1276 4816 Γόμερ.

671 4835 776 4903 18
799 4835 958 4889 Vens.
985 4805 1099 4903 4:5.
1124 4805 1190 4888 ιέι
1220 4805 1349 4889 dixit
1369 4835 1624 4890 Dominus
1648 4836 1716 4889 ad
1733 4850 1884 4890 eum:
1907 4832 2049 4888 Voca
2072 4849 2159 4887 no-

2349 4823 2457 4879 Kal
2521 4818 2652 4875 εἶπε
2701 4819 2919 4886 Κύριος
2970 4813 3121 4883 πρὸς
3181 4810 3398 4866 αὐτόν·
3437 4805 3724 4862 Κάλεσον
3786 4806 3858 4860 τὸ

595 4897 836 4995 πιεῖιῇιιε
859 4897 1092 4992 Jezrael;
1114 4928 1362 4998 quom‘am
1390 4927 1562 4981 adhuc
1589 4930 1850 4982 modicum
1867 4935 1912 4979 et
1943 4925 2159 4978 ulciscai

2275 4917 2462 4983 ὄνομα
2491 4911 2680 4968 αὑτοῦ
2720 4907 2992 4977 Ἰεζραὲλ,
3031 4904 3181 4958 διότι
3212 4901 3316 4998 ἔτι.
3343 4899 3579 4998 plangi)?
3625 4897 3858 4998 καὶένε-

597 5018 901 5084 sanguinem
929 5017 1136 5071 Jesrael
1165 5035 1318 5088 super
1349 5020 1562 5072 danaum
1596 5016 1765 5081 Juda,
1828 5026 1874 5071 et
1903 5017 2159 5086 quiescere

2273 4980 2502 5072 δικῆσω
2543 5003 2608 5055 τὸ
2635 4994 2777 5069 αἷμα
2803 4997 2910 5050 τοῦ
2948 4990 3201 5059 ἰεζραὲλ
3223 4987 3322 5041 ἐπὶ
3361 4985 3468 5039 τὸν
3498 4980 3669 5039 οἷκον
3699 4982 3857 5088 Ἰού-

598 5072 788 5176 faciam
814 5125 1027 5178 regnum
1050 5072 1238 5164 domus.
1259 5109 1448 5164 Israel.
1484 5108 1554 5162 Et
1572 5111 1688 5173 erit,
1718 5072 1772 5163 in
1803 5109 1886 5164 die
1914 5072 2012 5162 illa
2043 5121 2159 5161 con-

2273 5098 2350 5150 δα
2372 5137 2387 5159 ,
2430 5094 2526 5149 καὶ
2565 5090 2930 5148 καταπαύσω
2974 5080 3305 5148 ,ϐασιλείαν
3341 5078 3513 5132 οῖκου
3573 5072 3858 5140 Ἰσραήλ.

599 5209 766 5253 teram
791 5217 974 5255 arcum
1005 5200 1177 5256 Israel
1207 5202 1262 5256 in
1305 5200 1438 5256 valle
1465 5200 1698 5255 ,ίαν-σει.

2274 5189 2383 5244 Kal
2419 5187 2613 5251 ἔσται,
2636 5183 2706 5236 ἐν
2742 5179 2816 5248 τῇ
2847 5177 3040 5248 ἡμέρᾳ
3079 5173 3279 5239 ἐκείνῃ
3313 5167 3629 5236 συντρίψω
3658 5165 3730 5218 τὸ
3757 5166 3860 5219 τό-

2272 5280 2383 5347 ξον
2407 5278 2512 5331 τοῦ
2544 5272 2793 5341 Ἰσραὴλ
2817 5271 2886 5323 ἐν
2917 5265 3150 5322 κοιλάδι
3178 5261 3288 5316 τοῦ
3325 5257 3603 5328 Ἰεζραέλ.

2342 5375 2415 5423 Δθ.
2436 5370 2522 5422 Ἐν
2556 5365 2764 5427 τούτοις
2790 5364 2922 5434 ἡμῖν
2949 5362 2976 5413 6
2995 5359 3150 5425 λόγος
3170 5353 3352 5424 διττὴν
3389 5349 3570 5404 ὼδίνει
3599 5346 3699 5418 τὴν
3724 5345 3864 5436 θεωέ

2273 5463 2416 5536 ρίαν.
2447 5460 2674 5529 Φέρεται
2702 5456 2758 5508 δὲ
2793 5453 2888 5507 καὶ
2932 5451 3096 5520 ἑτέρα.
3127 5446 3324 5536 γραφὴᾼ
3363 5440 3697 5536 παράβτισιν
3719 5436 3865 5536 ,Δωςῖ

2269 5524 2570 5623 ἀναγκαῖον
2632 5543 3033 5618 ἐπιμνησθῆναι
3093 5538 3198 5592 νῦν
3245 5534 3336 5588 διά
3385 5550 3448 5602 γε
3490 5530 3552 5584 τὸ
3598 5524 3865 5597 ἀκριϐές.²

669 5373 759 5431 1V.
798 5374 897 5430 llic
939 5390 1120 5431 sermo
1165 5376 1434 5447 duplicem
1481 5378 1636 5432 nobis
1673 5377 2165 5433 considerationem

599 5468 758 5533 parit.
799 5468 880 5522 Ab
911 5469 1030 5525 aliis
1054 5471 1198 5524 enim
1227 5470 1330 5524 alia
1377 5473 1644 5543 scriptura
1694 5470 1954 5535 affertur,
2009 5469 2165 5539 cujus

597 5572 743 5612 nunc
771 5573 992 5615 necesse
1022 5569 1109 5616 est
1143 5561 1456 5617 meminisse
1477 5601 1493 5628 ,
1547 5575 1655 5631 quo
1682 5558 1998 5616 accuratius
2033 5571 2165 5628 aga-

2571 5723 2614 5754 ⁸⁸
2655 5721 2756 5776 lsa.
2788 5737 2839 5784 L,
2876 5716 2926 5769 ὕ.
3005 5715 3048 5746 ⁸⁹
3085 5715 3187 5768 lsa.
3224 5726 3338 5775 Lm,
3372 5707 3420 5770 7.
3450 5703 3507 5763 8..
3625 5703 3671 5735 ⁸⁸
3715 5702 3867 5760 Osee

667 5736 716 5767 "
748 5732 984 5807 Philipp.
1026 5752 1088 5807 ιι,
1127 5737 1249 5795 6-8.

598 5736 728 5861 ⁸1η,
739 5732 984 5860 (putum).
1026 5752 1088 5807 η,
1127 5737 1249 5795 6-8.
1353 5737 1399 5770 ιι
1433 5734 1598 5793 Hebr.
1622 5749 1720 5804 xu,
1756 5734 1814 5794 a.
1902 5733 1947 5766 "
1971 5730 2037 5787 ιιι
2070 5729 2159 5800 Rei

2262 5745 2342 5797 tu,
2373 5725 2462 5780 29.
