4094 6588
353 456 421 513 37
1274 448 1828 508 COMMENTARIUS
1864 449 1931 505 IN
1971 447 2201 507 OSEAM
2241 447 2685 505 PROPIIETAM.
3538 451 3611 509 38

366 568 610 639 Ὸνίνησι
635 569 744 640 γὰρ
781 568 843 623 οὐ
895 566 1152 639 μετρίως,
1185 540 1246 620 τδ
1280 568 1483 639 ἀμφοῖν
1509 568 1660 639 ἡμᾶς
1696 568 1935 639 επιμνη-

2039 580 2178 624 mus.
2202 563 2492 638 Capiemus
2518 565 2664 622 enim
2689 579 2939 636 magnam
2970 564 3283 632 utilitatem,
3315 565 3360 622 si
3396 574 3603 621 utram.

359 660 557 731 σθῆναι
602 663 714 716 τοῖν
756 661 958 731 λόγοιν.
998 659 1063 712 Ἦ
1095 659 1192 730 μὲν
1219 656 1313 713 οὖν
1345 659 1467 714 καθ’
1508 661 1659 731 ⁴ημᾶς
1702 659 1933 725 ἐκδοσις,

358 755 659 820 τουτέστιν,
678 756 711 825 ή
728 752 835 806 τῶν
852 750 1271 822 Ἑϐδομήκοντα,
1297 769 1315 802 ι
1336 750 1445 803 Καὶ
1460 751 1646 822 ὲκδική
1656 767 1752 815 σω,
1778 750 1934 822 φησι,

360 844 423 899 τὸ
454 840 591 917 αἷμα
638 845 731 898 τοῦ
771 841 1041 914 Ἰεζραὲλ,
1090 842 1184 895 ἐπὶ
1211 841 1304 895 τὸν
1331 837 1477 895 οἷκον
1514 841 1704 895 Ἰούδα.
1725 860 1745 892 ι
1786 841 1850 894 Ἡ
1876 841 1934 894 δὲ

364 938 525 1010 ἑτέρα
569 936 700 1008 φησί
726 952 739 966 ⁸
784 954 803 989 ι
838 936 950 990 Καὶ
986 934 1259 1005 ἐκδικήσω
1293 934 1356 988 τὸ
1405 928 1545 1004 αἷμα
1572 933 1665 987 τοῦ
1702 933 1936 1004 Ἰεζραὲλ

363 1027 457 1083 ἐπὶ
510 1026 602 1081 τὸν
660 1022 809 1081 οἷκον
862 1023 1046 1095 ἰηοῦ⁸
1095 1041 1115 1075 ι
1189 1022 1283 1077 καὶ⁴
1337 1024 1389 1076 εί
1451 1024 1549 1093 μὲν
1604 1021 1747 1076 οὕτω
1796 1026 1936 1076 νοεῖν

356 1117 565 1172 ιλοιντό
589 1134 753 1182 τινες,
797 1116 1222 1188 ίστορικωτέραν
1270 1114 1482 1185 ἀνάγκη
1525 1114 1799 1167 ποιεῖσθαι
1837 1112 1936 1186 τὴν

362 1211 660 1281 ἀφήγησιν.
699 1208 853 1281 Ἔχει
885 1208 945 1262 δὲ
989 1205 1194 1271 οὕτως’
1229 1206 1423 1275 Γέγονε
1472 1206 1570 1276 μὲν
1608 1206 1810 1277 Ἀχαάϐ
1841 1205 1934 1276 βας

361 1300 543 1365 σιλεὺς
571 1302 629 1354 ἐν
663 1300 902 1373 Ἰσραὴλ,
927 1301 956 1353 6
982 1299 1079 1355 καὶ
1112 1298 1358 1352 σύνοικον
1385 1297 1523 1369 ἔχων
1545 1299 1644 1369 τὴν
1674 1299 1931 1363 Ἰεζάϐελ.

372 1392 590 1464 Ἐπειδὴ
623 1392 679 1446 δὲ
703 1393 885 1464 ἐζήτει
923 1392 1015 1447 τὸν
1042 1389 1341 1463 ἀμπελῶνα
1366 1391 1461 1444 τοῦ
1486 1391 1791 1454 Ναϐουθαὶ,
1824 1396 1852 1446 6
1879 1393 1935 1447 δὲ

360 1483 497 1554 πρὸς
536 1484 694 1537 τοῦτο
727 1486 964 1554 ἀπήντα,
999 1485 1194 1553 λέγων⁹
1226 1502 1245 1535 ι
1282 1485 1371 1554 Μή
1401 1502 1491 1555 μοι
1512 1484 1722 1553 γένοιτο
1752 1484 1934 1538 δοῦναι

360 1576 663 1645 ἀμπελῶνα
691 1577 897 1648 πατρός
935 1594 1036 1648 μου
1066 1576 1170 1630 σοίο
1217 1595 1237 1629 ι
1283 1576 1630 1645 πεφόνευται,
1678 1580 1798 1641 ταῖς
1837 1578 1934 1647 τῆς

373 1666 611 1731 Ἰεζάϐελ
632 1668 984 1740 δυστροπίαις
1008 1669 1342 1739 περιπεσών.
1385 1669 1603 1740 Ἐπειδὴ
1632 1669 1811 1724 τοίνυν
1837 1688 1933 1723 πε-

362 1760 612 1827 φόνευτο,
646 1759 1126 1831 κεκληρονόμηκεν
1171 1760 1376 1830 ’Δχαάϐ
1405 1760 1496 1816 τὸν
1518 1760 1819 1831 ἀμπελῶνα
1839 1760 1931 1815 τοῦ

361 1851 657 1905 Ναϐουθαί.
696 1852 1023 1923 Προσέκειτο
1060 1852 1116 1905 δὲ
1163 1854 1257 1906 καὶ
1290 1852 1491 1924 ἑτέρως
1529 1856 1649 1916 ταῖς
1681 1854 1788 1906 τῶν
1821 1854 1933 1906 δαι-

2035 672 2141 729 que
2169 658 2638 729 perpenderimus.
2667 656 2865 713 Nostra
2902 656 3068 728 igitur
3119 658 3309 724 editio,
3361 658 3464 714 hoc
3498 670 3607 723 est,

2029 750 2330 804 secundum
2382 748 2736 821 Septuaginta
2788 748 2871 803 sic
2919 749 3085 804 habet
3125 767 3140 804 :
3206 768 3226 803 ι
3276 748 3344 805 Ει
3378 749 3613 806 ulciscar

2035 841 2354 911 sanguinem
2376 840 2588 897 Jezrael
2606 856 2771 911 super
2798 840 3017 896 domum
3052 840 3213 896 Juda.
3243 860 3263 894 ›
3289 841 3407 896 Alia
3438 860 3453 897 :
3493 860 3512 894 ι
3546 842 3610 895 Et

2037 930 2269 988 ulciscar
2297 933 2613 1003 sanguinem
2644 930 2860 987 Jezracl
2893 946 3060 1002 super
3113 932 3333 987 domum
3377 931 3538 989 Jehu.
3578 952 3600 984 ι

2035 1024 2207 1092 Quam
2245 1026 2290 1082 si
2320 1026 2412 1096 qui
2451 1025 2869 1095 amplectantur,
2926 1024 3239 1094 explanatio
3300 1028 3473 1094 magis
3522 1027 3608 1081 hi-

2036 1117 2240 1173 storica
2277 1118 2351 1173 sit
2383 1128 2618 1187 oportet,
2660 1119 2716 1174 in
2751 1118 2897 1173 hunc
2928 1118 3142 1172 modum
3182 1157 3197 1173 .
3240 1116 3365 1172 Fuit
3410 1118 3603 1174 Achab

2038 1226 2131 1264 rex
2186 1210 2378 1276 Israel,
2418 1210 2705 1281 conjugem
2761 1210 2969 1266 habens
3014 1206 3253 1266 Iezabel.
3324 1209 3425 1277 Qui
3475 1222 3601 1266 cum

2034 1299 2312 1357 atl'ectaret
2338 1303 2549 1357 vineam
2579 1300 2819 1367 Naboth,
2865 1311 2921 1357 et
2950 1300 3040 1357 ille
3070 1301 3141 1355 ita
3167 1311 3502 1364 occurreret,
3547 1310 3608 1357 ut

2035 1394 2242 1449 diceret
2265 1410 2279 1447 :
2303 1413 2320 1446 ι
2342 1394 2612 1463 Propitius
2623 1395 2692 1449 sit
2711 1394 2842 1448 mihi
2860 1393 3025 1458 Deus,
3050 1407 3119 1449 ne
3137 1393 3257 1448 dem
3279 1393 3372 1449 tibi
3392 1395 3604 1449 vineam

2034 1486 2204 1555 patris
2221 1486 2348 1549 mei,
2391 1506 2410 1539 ι
2456 1485 2817 1555 perversitate
2845 1483 3116 1541 Jezabelis
3136 1485 3411 1547 irretitus,
3436 1485 3605 1539 vitam

2034 1577 2237 1631 amisit.
2268 1576 2343 1631 Eo
2370 1578 2572 1640 occiso,
2607 1577 2819 1631 vineam
2868 1576 3079 1631 Naboth
3116 1578 3358 1645 possedit
3388 1578 3602 1644 Achab,

2032 1668 2122 1737 qui
2148 1667 2347 1735 alioqui
2387 1668 2606 1721 infando
2652 1667 2954 1721 daemonum
2990 1666 3154 1720 cultui
3185 1666 3432 1721 addictus
3464 1678 3604 1722 erat.

2034 1760 2345 1829 Indignatus
2414 1760 2580 1829 igitur
2623 1761 2999 1814 universorum
3050 1758 3224 1825 Deus,
3265 1762 3602 1828 postmodum

2037 1853 2309 1906 mandavit
2341 1851 2518 1905 Eliseo
2568 1850 2841 1918 prophetae
2870 1889 2887 1915 ,
2946 1849 3021 1903 uti
3069 1847 3205 1902 .lehn
3233 1863 3411 1917 regem
3443 1863 3608 1918 super

364 1943 540 2013 μόνων
590 1918 888 2015 λατρείαις,
950 1943 1045 1996 καὶ
1089 1943 1247 1997 τοῦτο
1296 1918 1560 2007 ἐκτόπως.
1609 1945 1934 2013 Ἠγανάκτει

2039 1941 2200 1995 Israel
2231 1950 2477 2010 ungerct.
2532 1939 2702 1994 Misso
2728 1939 2922 1994 dehinc
2950 1939 3150 1993 fainulo
3181 1938 3420 1993 divinum
3455 1954 3609 1993 man-

359 2033 545 2087 λοιπὸν
579 2034 606 2086 6
645 2034 752 2086 τῶν
800 2033 937 2085 ὅλων
970 2031 1122 2093 Θεός.
1166 2026 1304 2085 Εἶτα
1351 2033 1722 2104 προστέταχεν
1764 2034 1933 2087 Ἐλισ-

360 2122 480 2175 σαιὲ
511 2120 589 2191 τῷ
622 2122 878 2193 προφήτῃ
907 2124 1094 2192 χρῖσαι
1127 2120 1215 2174 τὸν
1261 2121 1403 2190 Ἰηοὺ
1423 2163 1439 2187 ,
1468 2121 1696 2191 βασιλέα
1728 2125 1820 2178 ἐπὶ
1843 2124 1934 2178 τὸν

373 2212 611 2282 Ἰσραήλ.
663 2211 1094 2274 ’Λποστείλαςδὲ
1120 2210 1185 2263 τὸ
1222 2211 1505 2282 παιδάριον
1550 2214 1579 2265 6
1626 2215 1932 2285 προφήτης,

358 2302 422 2355 τὸ
457 2302 600 2355 θεῖον
626 2302 865 2373 ἐπλήρου
895 2302 1190 2371 θέσπισμα.
1218 2296 1353 2355 Εἶτα
1381 2304 1735 2374 κεχρισμένος
1775 2303 1933 2375 Ἰηοῦ,

361 2392 605 2446 κάτεισιν
635 2392 700 2445 ἑκ
737 2392 1073 2464 Σαμαρείας,
1106 2391 1201 2445 καὶ
1231 2391 1321 2445 τὸν
1355 2392 1498 2447 θεῖον
1524 2395 1619 2447 ἐπὶ
1648 2397 1761 2458 τοῖς
1782 2394 1934 2447 λελυ-

361 2485 597 2557 πηκόσιν
621 2484 859 2556 ἐπλήρου
887 2484 1079 2555 θυμόν.
1095 2483 1436 2548 Ἀπεκτονὼς
1466 2486 1575 2557 γὰρ
1601 2486 1692 2540 τὸν
1708 2485 1932 2557 Ἀχαάϐ,

361 2577 584 2650 ἔρριψεν
620 2578 679 2632 ἐν
704 2577 783 2649 τῷ
809 2576 1092 2648 ἀμπελῶνι
1140 2577 1233 2631 τοῦ
1279 2576 1582 2633 Ναϐουθαί.
1623 2575 1760 2633 Εἶτα
1793 2580 1937 2652 μετά

359 2672 518 2725 τοῦτο
541 2671 640 2743 τὴν
664 2670 921 2736 Ἰεζάϐελ,
956 2669 1200 2741 ἀνῄρηκε
1233 2670 1293 2724 δὲ
1321 2672 1414 2725 καὶ
1440 2671 1815 2742 ἑϐδομήκοντα
1838 2672 1934 2727 τοῦ

373 2762 577 2833 Ἀχαάϐ
605 2764 774 2828 υἱοὺς,
787 2763 914 2827 τοὺς
939 2762 1043 2817 ἀνά
1072 2763 1254 2816 πᾶσαν
1281 2762 1441 2827 ὄντας
1470 2762 1570 2834 τὴν
1593 2764 1933 2835 Σαμάρειαν.

361 2855 675 2926 Προσετίθει
692 2855 750 2910 δὲ
777 2855 988 2920 τούτοις
1002 2856 1098 2910 καὶ
1119 2855 1212 2909 τὸν
1233 2853 1400 2910 Βάαλσ
1420 2855 1690 2928 ἐνέπρησε
1712 2856 1822 2929 γὰρ
1836 2857 1937 2921 τάς

362 2946 566 3019 στήλας
594 2945 781 3012 αὐτοῦ,
820 2945 916 3001 καὶ
935 2946 1220 3001 κατέσεισε
1255 2945 1327 3000 τὰ
1352 2944 1578 3018 τεμένη,
1617 2947 1720 3001 καὶ
1740 2947 1940 3012 αὐτοὺς

361 3039 698 3108 ἀποσφάττει
726 3039 852 3103 τοὺς
883 3038 1070 3111 ἱερεῖς.
1101 3035 1226 3092 Ἐπὶ
1255 3036 1469 3102 τούτοις
1493 3036 1658 3093 αὐτὸν
1680 3038 1940 3111 ἀποδέχε-

357 3144 454 3183 ται
496 3131 527 3184 ὸ
563 3129 730 3194 Θεόςο
773 3129 869 3182 καὶ
906 3128 972 3201 δὴ
1016 3128 1110 3182 καὶ
1155 3125 1573 3198 ἐπαγγέλλεται,
1615 3127 1811 3197 λέγων,
1855 3129 1938 3182 ὅτι

367 3238 389 3274 ι
425 3220 547 3274 Υἱοὶ
575 3219 821 3291 τέταρτοι
859 3219 1190 3318 καθήσονται
1218 3219 1314 3275 ἐπὶ
1343 3218 1532 3292 θρόνου
1571 3236 1687 3273 σου.
1732 3238 1751 3272 t
1794 3218 1934 3273 Ἀλλ’
1961 3256 2008 3318 c

359 3314 391 3366 6
439 3311 609 3377 οὕτως
655 3311 897 3381 γεγονὼς
944 3310 1231 3383 εὐδόκιμος
1284 3312 1448 3383 Ἰηοῦ,
1490 3311 1934 3382 προσκέκρουκεν

360 3398 718 3477 ούῶνῆττον
766 3403 916 3474 Θεῷ’
960 3403 1022 3457 οὐ
1069 3403 1180 3475 γὰρ
1226 3404 1466 3474 περιεῖλε
1512 3404 1613 3467 τὰς
1654 3404 1932 3474 δαμάλεις,

362 3497 721 3566 κατεφωρᾰτο
748 3494 805 3548 δὲ
850 3494 947 3548 καὶ
975 3493 1136 3557 αὐτὸς
1165 3495 1224 3547 ὲν
1265 3497 1388 3557 ταῖς
1432 3493 1730 3565 ἁμαρτίαις
1771 3494 1933 3565 Ἰερο-

366 3586 509 3657 ϐοάμ
536 3587 767 3649 ἀνοσίως
794 3586 1224 3657 πεπορευμένος.
1262 3582 1398 3640 Εἶτα
1425 3587 1648 3654 γέγονεν
1693 3586 1752 3650 ἐξ
1793 3587 1933 3657 Ἰηοῦ

364 3677 581 3746 πρῶτος
613 3675 728 3740 υίὸς
757 3673 1002 3746 Ἰωάχας,
1036 3675 1177 3747 ἀνὴρ
1208 3677 1303 3729 καὶ
1329 3675 1494 3739 αὐτὸς
1524 3675 1931 3747 εἰδωλολάτρης,

367 3771 461 3824 καὶ
496 3773 621 3833 ταῖς
658 3768 923 3840 δαμάλεσι
960 3769 1301 3840 προσκυνῶν.
1339 3769 1476 3823 Ἀλλ’
1507 3771 1565 3824 ὲν
1586 3772 1696 3831 τοῖς
1726 3773 1933 3840 καιροῖς

365 3860 563 3927 αὑτοῦ,
606 3862 812 3930 φησὶν,
873 3879 893 3912 ι
941 3859 1198 3931 Ὠργίσθη
1248 3859 1405 3930 θυμῷ
1460 3859 1660 3931 Κύριος
1708 3861 1800 3914 ἐπὶ
1842 3861 1935 3915 τὸν

379 3952 614 4025 Ἰσραὴλ,
658 3952 753 4005 καὶ
782 3952 983 4005 ἔδωκεν
1019 3952 1218 4015 αὐτοὺς
1250 3953 1308 4004 ὲν
1342 3953 1488 4024 χειρὶ
1538 3951 1736 4023 Ἀζαὴλ
1781 3951 1937 4022 βασι-

366 4043 504 4106 λέως
546 4042 763 4114 Συρίας,
810 4042 906 4095 κα)⁸
949 4044 1009 4096 ὲν
1053 4042 1202 4112 χειρὶ
1250 4041 1447 4113 Ἀδερ,
1496 4041 1619 4095 υίοῧ
1662 4039 1878 4114 ’Δζαήλ
1914 4059 1935 4095 ι

368 4133 634 4205 Δεύτερος
666 4133 729 4198 ἐξ
761 4134 987 4205 Ἰωάχας
1015 4132 1397 4205 βεϐασίλευκεν
1442 4133 1617 4200 Ἰωάς,
1665 4134 1760 4188 καὶ
1786 4129 1942 4198 οὗτος

366 4225 508 4297 ἀνὴρ
539 4225 797 4297 πονηρός.
828 4224 1025 4296 Τρίτος
1068 4224 1372 4296 Ἱεροϐοάμ,
1404 4220 1465 4280 οὗ
1494 4226 1590 4280 καὶ
1625 4225 1939 4296 βασιλεύον-

366 4332 457 4381 τος
493 4319 721 4387 ἀρχεται
758 4315 859 4386 τῆς
888 4317 1223 4389 προφητείας
1268 4317 1444 4389 Ὠσηέ.
1477 4317 1743 4390 Τέταρτος
1778 4318 1936 4384 Ἀζα-

371 4409 495 4481 ρίας
522 4407 582 4474 ἐξ
619 4407 919 4480 Ἱεροϐοάμ,
963 4407 1056 4461 καὶ
1089 4407 1253 4472 αὐτὸς
1293 4406 1704 4481 είδωλολάτρης.
1736 4409 1938 4464 Τοῦτον

368 4501 689 4555 ἀπέκτεινεν
733 4501 761 4553 6
801 4499 1030 4568 Σελούμ.
1081 4498 1293 4552 Οὐκοῦν
1339 4498 1643 4571 ἐπειδήπερ
1686 4500 1940 4570 κέχριστο

2036 2035 2219 2086 datum
2280 2033 2537 2102 prapbeta
2582 2030 2855 2099 implevit.
2918 2032 3120 2087 Deinde
3174 2042 3370 2087 unctus
3416 2031 3553 2087 Jeltu
3588 2072 3606 2100 ,

2036 2125 2313 2178 descendit
2351 2138 2419 2177 ex
2464 2123 2735 2188 Samaria,
2779 2122 3081 2193 divinaeque
3132 2123 3226 2177 ira
3258 2124 3312 2177 in
3363 2123 3610 2179 sontibus

2037 2214 2323 2282 puniendis
2363 2214 2652 2267 satisfecit.
2696 2212 2828 2267 Nam
2855 2214 3049 2267 occidit
3074 2214 3281 2277 Achab,
3308 2224 3360 2267 et
3381 2216 3610 2271 cadaver

2036 2304 2155 2373 ejus
2184 2304 2235 2357 in
2272 2304 2484 2359 vineam
2535 2303 2745 2358 Nahotlt
2796 2303 3014 2371 abiecit.
3054 2305 3244 2359 Postea
3275 2303 3605 2373 Jezabelem,

2037 2406 2090 2450 et
2127 2394 2471 2466 septuaginta
2523 2396 2664 2451 ﬁlios
2708 2398 2919 2463 Achab,
2965 2400 3055 2468 qui
3094 2398 3147 2452 in
3203 2408 3309 2453 tota
3361 2400 3607 2457 Samaria

2036 2498 2214 2555 erant,
2250 2488 2369 2542 neci
2401 2488 2569 2543 dedit.
2606 2487 2814 2554 Quibus
2841 2489 3004 2542 etiam
3030 2489 3159 2543 Baal
3180 2491 3419 2557 addidit;
3454 2492 3611 2559 cujus

2038 2590 2250 2635 statuas
2288 2580 2608 2645 combussit,
2645 2590 2700 2635 et
2738 2581 2960 2636 delubra
2996 2582 3183 2647 diruit,
3208 2592 3263 2637 et
3296 2584 3444 2653 ipsos
3485 2586 3606 2652 ejus

2038 2675 2355 2730 sacerdotes
2395 2673 2684 2743 jngulavit.
2744 2671 2824 2728 Ob
2850 2689 2971 2744 qua
3012 2672 3154 2728 Deus
3194 2674 3341 2728 illuni
3376 2675 3606 2743 laudat;

2037 2766 2168 2837 quin
2196 2766 2359 2821 etiam
2392 2766 2681 2836 promittit,
2714 2766 2799 2820 his
2824 2764 3004 2820 verbis
3043 2781 3057 2819 :
3098 2783 3118 2817 ι
3155 2765 3279 2820 Filii
3318 2768 3392 2821 tui
3442 2783 3613 2839 usque

2039 2858 2107 2913 ad
2135 2867 2386 2929 quartam
2412 2858 2817 2927 generationem
2848 2856 3116 2912 sedebant
3142 2871 3307 2928 super
3352 2858 3609 2915 thronum

2036 2958 2192 3006 tuum
2222 2950 2293 3007 “.
2347 2950 2369 3003 ὁ
2404 2947 2607 3004 Verum
2654 2948 2728 3004 ita
2764 2946 2995 3004 celebris
3033 2947 3172 3004 Jehu
3195 2984 3216 3015 ,
3256 2948 3612 3006 nihilominus

2044 3041 2213 3097 Deum
2245 3039 2405 3099 Iasit.
2435 3039 2545 3097 Nec
2566 3040 2713 3096 enim
2731 3039 2932 3095 vitulos
2958 3039 3184 3097 abstulit
3209 3055 3225 3094 :
3249 3050 3305 3097 et
3333 3041 3449 3113 ipse
3473 3056 3613 3113 quo-

2038 3145 2148 3201 que
2196 3132 2251 3186 in
2284 3131 2525 3200 peccatis
2569 3122 2859 3187 Jerohoam
2909 3130 3073 3201 impie
3109 3131 3389 3188 ambulare
3420 3132 3615 3205 depre-

2042 3224 2244 3278 hensus
2293 3231 2401 3278 est.
2471 3222 2673 3276 Deinde
2732 3236 2798 3277 ex
2849 3220 2984 3277 Jehu
3036 3222 3244 3293 primus
3305 3232 3466 3280 natus
3528 3236 3615 3281 est

1986 3296 2008 3321 ⁴
2039 3312 2295 3376 Joachaz,
2336 3312 2498 3367 homo
2536 3320 2591 3366 et
2641 3309 2758 3381 ipse
2803 3310 3106 3378 idololatra,
3135 3321 3191 3368 et
3231 3313 3429 3369 vitulos
3464 3316 3615 3369 ado-

2041 3419 2170 3459 rans
2198 3404 2262 3457 ⁸³.
2294 3400 2494 3457 Verum
2543 3401 2658 3471 ejus
2694 3403 3046 3472 temporibus,
3091 3404 3267 3474 inquit
3304 3403 3613 3475 Scriptura,

2047 3513 2065 3547 ι
2110 3494 2283 3549 Iratus
2323 3506 2410 3549 est
2446 3493 2596 3547 furor
2639 3494 2855 3547 Domini
2901 3508 3062 3563 super
3099 3493 3285 3559 Israel,
3340 3507 3396 3550 et
3444 3498 3615 3550 tradi-

2041 3588 2121 3643 dit
2171 3601 2267 3643 eos
2323 3587 2376 3641 in
2428 3601 2586 3640 manu
2624 3585 2810 3650 Azael,
2870 3586 3011 3655 regis
3054 3585 3244 3656 Syria,
3274 3596 3330 3642 et
3362 3588 3416 3642 in
3452 3604 3613 3643 manu

2042 3677 2187 3731 Ader
2221 3676 2316 3731 lilii
2352 3676 2512 3731 Azael
2541 3676 2605 3730 “.
2650 3694 2668 3727 ι
2730 3676 2836 3746 19
2888 3676 3045 3731 Alter
3089 3691 3154 3730 ex
3205 3676 3440 3733 Joachaz
3488 3695 3616 3750 pro-

2044 3774 2263 3834 gnatus,
2297 3780 2488 3834 nempe
2516 3763 2666 3831 Joas,
2702 3766 2969 3834 regnavit,
3009 3766 3126 3836 ipse
3160 3781 3376 3836 quoque
3409 3771 3614 3839 impro-

2045 3858 2181 3925 bus;
2217 3858 2408 3913 tertius
2437 3856 2743 3922 Jeroboam,
2778 3857 2879 3911 sub
2907 3857 3062 3926 cujus
3101 3872 3267 3928 regno
3299 3858 3453 3915 Osca
3491 3877 3616 3931 pro-

2042 3951 2222 4020 phetia
2244 3950 2459 4004 initium
2484 3949 2669 4004 sumit.
2698 3950 2937 4016 Quartus
2953 3950 3181 4004 Azarias
3212 3952 3374 4019 (alias
3400 3950 3615 4008 Zacbao

2052 4040 2183 4110 rias)
2209 4034 2517 4095 Jeroboami
2545 4040 2712 4105 ﬁlius,
2738 4039 2905 4094 etiam
2937 4040 3241 4095 idololatra.
3276 4041 3429 4097 Hunc
3449 4047 3618 4099 truci--

2046 4132 2196 4188 davit
2226 4130 2454 4187 Sellum.
2485 4130 2751 4197 Quoniam
2810 4129 2973 4200 igitur
3029 4140 3224 4187 unctus
3273 4142 3395 4188 erat
3439 4132 3614 4202 Jehu,

2044 4235 2103 4280 ut
2132 4224 2486 4280 ulcisceretur
2523 4223 2841 4292 sanguinem
2876 4220 3088 4278 Naboth
3149 4223 3461 4282 Jezraelita
3495 4226 3619 4293 (fuit

2044 4315 2307 4370 Samaria
2336 4314 2590 4384 oppidum
2623 4311 2881 4386 Jezrael),
2917 4323 2975 4369 et
3021 4325 3080 4368 ut
3126 4314 3343 4372 Israelis
3390 4317 3619 4373 idolola-

2047 4407 2147 4462 tria
2169 4421 2379 4470 eversa,
2433 4405 2501 4459 de
2533 4416 2730 4460 cateru
2773 4420 2868 4460 eos
2903 4420 3027 4461 cum
3081 4407 3191 4462 Deo
3233 4409 3611 4481 coniungeret,

2045 4498 2161 4568 ipse
2180 4511 2308 4552 vero
2330 4504 2512 4566 postea
2548 4495 2746 4550 vitulos
2773 4497 3037 4559 adoravit,
3059 4509 3114 4551 et
3142 4498 3234 4552 lilii
3257 4499 3375 4569 ejus
3405 4511 3613 4571 patrem

372 4593 472 4664 μὲν
498 4594 527 4646 6
564 4593 726 4662 Ἰηοὺ,
759 4591 847 4644 ἵνα
879 4590 1144 4662 ἐκδικήσῃ
1176 4589 1237 4643 τὸ
1261 4584 1403 4661 αἷμα
1429 4589 1525 4643 τοῦ
1549 4589 1850 4656 Ναϐουθαὶ,
1878 4590 1937 4655 ὃς

2041 4605 2195 4645 suum
2227 4588 2502 4658 impietate
2531 4598 2834 4657 aquarum,
2889 4605 2909 4639 ι
2961 4588 3223 4655 Ulciscar,
3257 4591 3452 4661 inquit,
3487 4608 3617 4649 san—

364 4679 438 4753 ἦν
484 4682 543 4749 εξ
584 4680 820 4753 Ἰεζραὲλ
851 4681 1028 4749 (πόλις
1058 4680 1117 4734 δὲ
1160 4679 1300 4751 αὕτη
1334 4680 1433 4751 τῆς
1476 4680 1813 4753 Σαμαρείας)
1845 4681 1941 4735 καὶ

368 4776 462 4830 ῖνα
489 4776 588 4844 τὴν
618 4772 712 4828 τοῦ
753 4773 971 4845 Ἰσραὴλ
1003 4771 1415 4844 είδωλολατρίαν
1445 4770 1729 4843 περιελὼν,
1752 4772 1940 4826 λοιπὸν

366 4865 637 4937 ἀναπείσῃ
667 4864 1024 4935 προσκεῖσθαι
1070 4862 1210 4933 Θεῷ,
1256 4859 1375 4917 εἶτα
1416 4863 1609 4933 γέγονε
1652 4864 1747 4917 καὶ
1779 4863 1941 4927 αὐτὸς

368 4958 661 5029 δαμάλεων
690 4956 1101 5028 προσκυνητὴς,
1130 4954 1415 5019 δυσσεϐεῖς
1437 4955 1494 5009 δὲ
1523 4954 1676 5009 οὐδὲν
1699 4949 1863 5027 ἦττον
1890 4956 1941 5009 oi

367 5050 430 5117 ἐξ
471 5048 636 5104 αὐτοῦ
684 5048 939 5117 γεγόνασι
984 5047 1192 5112 παῖδες,
1241 5062 1261 5097 ι
1311 5044 1637 5117 Ἐκδικήσω,
1679 5045 1840 5115 φησι,
1882 5046 1944 5101 τὸ

367 5137 513 5211 αἷμα
534 5139 629 5194 τοῦ
665 5138 903 5210 Ἶεζραὲλ
947 5138 1038 5191 ἐπὶ
1061 5136 1154 5190 τὸν
1179 5131 1324 5190 οἷκον
1360 5133 1522 5205 Ἰηού.
1562 5152 1580 5187 t
1615 5135 1725 5189 Kal.
1752 5135 1942 5207 ὥσπερ

367 5234 480 5305 γὰρ
525 5231 874 5302 ὲκδεδίκηκεν
916 5232 981 5283 ὲκ
1014 5228 1110 5282 τοῦ
1140 5229 1292 5282 οῐκου
1332 5226 1428 5281 τοῦ
1471 5227 1672 5298 Ἀχαάϐ
1717 5227 1807 5283 διὰ
1841 5228 1942 5298 τῆς

383 5324 524 5393 Ἰηοῦ
570 5320 867 5393 βασιλείας,
912 5317 1084 5382 οὕτως
1128 5317 1405 5388 ἐκδικήσει
1433 5318 1527 5371 καὶ
1556 5320 1621 5371 ὲκ
1661 5316 1756 5371 τοῦ
1790 5318 1939 5371 οῐκου

382 5413 542 5485 Ἰηού.
583 5414 673 5468 Ἐν
702 5411 813 5483 γὰρ
840 5412 959 5475 ταῖς
990 5410 1225 5481 ἡμέραις
1269 5408 1376 5463 τῶν
1415 5407 1545 5461 υἱῶν
1572 5408 1737 5462 αὑτοῦ
1770 5425 1940 5461 πεπο-

366 5508 609 5577 λέμηκεν
638 5505 839 5577 ’Δζαὴλ
871 5504 1124 5575 βασιλεὺς
1154 5504 1375 5575 Συρίας,
1420 5502 1515 5556 καὶ
1543 5502 1725 5572 μέντοι
1754 5502 1937 5572 Ἀδερ,

370 5599 469 5654 καὶ
497 5601 815 5670 νενικήκασι
834 5595 925 5649 τὸν
961 5594 1195 5667 Ἰσραὴλ,
1223 5594 1481 5658 πλείστας
1510 5592 1567 5646 δὲ
1595 5594 1724 5656 ὅσας
1747 5591 1856 5646 τῶν
1883 5594 1941 5645 ὲν

370 5690 659 5763 Σαμαρείᾳ
707 5687 1084 5760 πεπορθήκασι
1116 5687 1322 5752 πόλεις.
1362 5686 1617 5739 Τίκτεται
1666 5684 1843 5738 τοίνυν
1865 5684 1941 5755 τῷ

446 5871 490 5903 ⁸⁸
523 5869 587 5926 ιγ
617 5870 749 5945 Reg.
781 5886 889 5938 xw,
930 5870 1016 5927 19..
1093 5871 1138 5903 ⁶²
1170 5867 1235 5925 ιγ
1272 5868 1404 5940 Reg.
1440 5882 1563 5937 xm,
1600 5866 1655 5921 2.
1737 5865 1784 5900 “
1818 5865 1949 5921 ibid.
1986 5865 2039 5920 ὅ.

2041 4681 2257 4751 guinem
2283 4679 2489 4735 chrael
2522 4694 2684 4747 super
2723 4680 2942 4733 domum
2991 4678 3150 4737 Jehn.
3200 4699 3221 4733 ι
3280 4681 3433 4735 Sicut
3472 4685 3616 4739 enim

2041 4771 2187 4825 ultus
2234 4779 2319 4824 est
2370 4772 2437 4824 de
2488 4769 2651 4823 domo
2694 4770 2882 4824 Achab
2915 4785 3011 4837 per
3054 4785 3278 4841 regnum
3323 4770 3492 4837 Jehu;
3538 4776 3618 4829 sic

2044 4861 2332 4916 ulciscetur
2356 4861 2518 4915 etiam
2548 4861 2614 4915 de
2642 4861 2803 4915 domo
2825 4859 2983 4915 Jehu.
3018 4861 3392 4930 Regnantibus
3436 4866 3611 4936 siqui-

2044 4952 2165 5006 dem
2200 4952 2324 5006 Illiis
2351 4952 2489 5020 ejus,
2520 4951 2683 5006 Azael
2718 4963 2772 5007 et
2799 4954 2963 5020 Ader,
3006 4969 3100 5009 seu
3145 4955 3423 5020 Bencdad,
3466 4974 3620 5029 reges

2050 5044 2223 5114 Syria
2280 5044 2476 5099 bellum
2529 5044 2664 5113 ipsis
2722 5046 2989 5111 fecerunt,
3037 5057 3093 5102 et
3146 5049 3375 5104 subacto
3423 5050 3620 5107 lsraele

2050 5138 2210 5191 urbes
2233 5135 2496 5190 Samaria
2520 5137 2954 5207 quamplurimas
2978 5147 3313 5194 everterunt.
3362 5139 3620 5197 Nascitur

2048 5239 2178 5294 ergo
2207 5224 2477 5294 propheta
2514 5226 2793 5294 puerulus,
2827 5228 2911 5282 cui
2942 5236 2996 5281 et
3027 5243 3220 5284 nomen
3256 5230 3460 5285 inditur
3491 5231 3620 5287 Jez-

2050 5316 2183 5379 rael,
2242 5316 2404 5370 veluti
2445 5314 2555 5371 Deo
2591 5318 2942 5373 commissum
2986 5320 3038 5373 in
3079 5319 3292 5376 Nabotb
3333 5336 3617 5390 peceatum

2051 5409 2385 5464 recordante.
2422 5406 2548 5464 Viro
2575 5424 2805 5478 namque
2847 5411 2997 5480 justo
3024 5420 3078 5466 et
3120 5412 3372 5482 religioso
3417 5414 3618 5483 injuste

2052 5501 2321 5555 trucidato
2346 5540 2362 5566 ,
2420 5503 2696 5570 quomodo
2728 5502 3002 5570 iustorum
3046 5514 3194 5559 tutor
3235 5521 3301 5559 ac
3354 5513 3618 5573 patronus

2048 5593 2392 5661 quievisset?
2444 5593 2816 5649 Contriturum
2877 5595 3043 5665 igitur
3106 5597 3373 5668 promittit
3429 5612 3618 5652 arcum

2049 5686 2209 5743 Israel
2244 5688 2296 5744 in
2328 5687 2468 5743 valle
2490 5685 2719 5745 Jezrael.
2766 5688 2937 5746 Victa
2988 5699 3114 5747 sunt
3166 5690 3313 5746 enim
3336 5727 3354 5756 ,
3391 5698 3449 5745 ut
3476 5689 3617 5760 dixi,
