4094 6546
265 356 329 412 ιι
1185 352 1736 415 COMMENTARIUS
1776 352 1843 408 IN

1949 352 2118 406 SEAM
2156 353 2597 410 νιιοριιιςΤΑιι.
3441 362 3515 410 42

350 470 568 542 Ἐπειδὴ
595 471 654 525 δὲ
679 470 874 526 οὐκᾶν
903 471 1102 545 ἑτέρως
1131 472 1341 540 γένοιτο
1389 472 1569 543 σαφὴς
1630 472 1723 525 καὶ⁵
1750 472 1841 525 εὐ-

2014 471 2278 537 Quoniam
2324 485 2448 525 vero
2478 471 2771 539 spiritualis
2809 468 3256 525 consitlerationis
3300 466 3517 522 collatio

270 564 597 635 κρινεστάτη
627 564 729 634 τῆς
777 565 1151 634 πνευματικῆς
1177 565 1411 636 θεωρίας
1444 569 1478 635 ή
1514 564 1837 635 παράθεσις,

274 654 348 724 μὴ
366 654 803 725 παρενεχθέντων
815 655 897 717 είς
912 654 1077 725 μέσον
1100 649 1199 709 τῶν
1216 656 1504 727 ίστορικῶς
1519 655 1839 724 γεγονότων,

275 743 428 816 φέρε,
460 745 623 799 πάλιν
655 744 833 799 αὐτῶν
863 746 1258 816 ἐπιμνήσομαι.
1287 744 1413 800 ’Ότι
1445 746 1542 816 μὲν
1574 742 1668 805 οὖν
1689 744 1841 810 πόλις

272 833 609 905 ήΊεζραὲλ,
646 834 1102 905 προαπήγγελκεν
1150 837 1283 907 ήμῖν
1328 835 1578 907 ἐναργῶς
1616 835 1839 904 ὀλόγος.

287 923 431 977 Ἀλλ’
460 924 535 987 ὡς
561 927 627 977 ὲκ
664 924 871 986 πόλεως
899 926 999 996 τῆς
1036 925 1273 997 Ἰεζραὲλ
1332 926 1581 997 σημαίνει
1611 926 1703 979 τὸν
1737 927 1844 980 Να-

276 1015 485 1081 ϐουθαὶ,
508 1016 672 1079 τύπος
696 1017 749 1070 δ’
783 1017 851 1071 ἂν
876 1018 1090 1086 γένοιτο
1119 1018 1214 1071 καὶ
1232 1017 1393 1081 αὐτὸς
1420 1018 1521 1089 τῆς
1549 1019 1607 1072 ὲν
1624 1016 1842 1089 Χριστῷ

273 1105 565 1175 νοουμένης
604 1105 942 1176 οἰκονομίας.
989 1106 1388 1177 Ἐρμηνεύεται
1418 1107 1474 1160 δὲ
1519 1106 1613 1160 καὶ
1658 1106 1840 1173 αὐτὸς,

271 1194 593 1266 ἐρχόμενος·
622 1197 849 1268 ὀνόματι
897 1198 957 1251 δὲ
1004 1198 1082 1269 τῷ
1122 1198 1308 1269 τοιῷδε
1355 1199 1446 1253 τὸν
1498 1199 1843 1272 Ἐμμανουήλ

273 1287 531 1357 σημαίνει
572 1287 891 1352 πλειστάκις
919 1289 981 1342 τὸ
1010 1289 1251 1361 Γράμμα
1294 1289 1358 1343 τὸ
1404 1290 1566 1361 ἱερόν.
1614 1289 1843 1361 Εἴρηται

273 1376 373 1447 μὲν
410 1373 502 1431 οὖν
541 1379 677 1450 πρὸς
723 1379 814 1433 τὸν
845 1380 1113 1451 μακάριον
1147 1384 1435 1453 προφήτην
1490 1383 1839 1454 ’Δὸὄακούμ·

278 1469 432 1521 «Ἔτι
467 1470 679 1541 μικρὸν,
725 1472 755 1524 ό
803 1472 1097 1543 ἐρχόμενος
1136 1471 1279 1543 ἥξει,
1319 1473 1414 1529 καὶ
1449 1474 1512 1527 οὐ
1559 1476 1781 1545 χρονιεῖ.
1816 1494 1836 1527 ι

272 1555 478 1612 Ψάλλει
498 1560 554 1612 δέ
577 1578 680 1613 που
726 1562 818 1614 καὶ
843 1563 871 1614 ό
894 1562 1079 1628 Δαόὶδ,
1110 1581 1128 1614 t
1154 1563 1533 1634 Εὐλογημένος
1552 1568 1581 1619 ό
1616 1566 1844 1637 ἐρχόμε-

271 1665 361 1712 νος
393 1651 449 1703 ὲν
475 1650 697 1721 ὀνόματι
729 1652 953 1723 Κυρίου.
993 1672 1010 1704 ι
1067 1656 1179 1708 Καὶ
1205 1654 1314 1726 μὴν
1362 1655 1458 1709 καὶ
1504 1656 1717 1721 αὐτὸςὸ
1761 1658 1842 1715 θε-

276 1742 496 1805 σπέσιος
520 1744 825 1816 Βαπτιστὴς
854 1747 1171 1802 ἀποστέλλει
1204 1750 1357 1812 τινάς
1378 1748 1487 1803 τῶν
1513 1750 1706 1805 ἑαυτοῦ
1734 1768 1838 1823 μα-

273 1829 451 1901 θητῶν
478 1833 616 1903 πρὸς
657 1835 746 1889 τὸν
783 1811 983 1905 Κύριον
1012 1837 1169 1907 ἡμῶν
1203 1837 1409 1908 Ἰησοῦν
1452 1841 1707 1913 Χριστὸν,
1734 1811 1843 1897 ’καὶ
1873 1811 1915 1867 Β

270 1921 336 1993 δὴ
366 1923 749 1980 διεπυνθάνετο
776 1926 972 1995 λέγων,
1035 1948 1053 1980 ι
1083 1929 1154 1982 Σὺ
1185 1925 1237 1982 εἴ
1261 1932 1289 1983 ὁ
1322 1931 1635 2001 ἐρχόμενος,
1664 1934 1696 2004 ἢ
1729 1935 1846 1988 ἕτε-

274 2030 366 2082 ρον
393 2014 818 2086 προσδοκῶμεν;
846 2036 872 2068 ε
908 2018 1033 2071 Ὅτι
1076 2019 1135 2072 δὲ
1163 2015 1232 2092 ἦν
1263 2021 1343 2083 είς
1379 2024 1559 2076 εἰκόνα
1585 2022 1843 2094 Χριστοῦ,

271 2105 366 2157 καὶ
383 2104 541 2159 τοῦτο
562 2107 750 2176 σαφῶς
772 2110 837 2161 ὲκ
858 2109 967 2161 τῶν
984 2111 1072 2163 ἐπ’
1094 2111 1244 2182 αὐτῷ
1265 2114 1670 2184 γεγραμμένων
1700 2117 1845 2171 εἰσό-

274 2196 436 2265 μεθα.
478 2198 774 2269 Ἐπεθύμει
813 2196 911 2270 μὲν
940 2201 1049 2272 γὰρ
1075 2204 1103 2255 ό
1147 2203 1352 2272 Ἀχαάὁ
1400 2207 1846 2277 κατακτήσασθαι

269 2284 362 2337 τὸν
392 2286 689 2354 ἀμπελῶνα
733 2286 929 2351 αὐτοῦ,
959 2288 1053 2339 καὶ
1076 2289 1166 2351 εἰς
1193 2290 1366 2359 κῆπον
1386 2290 1644 2361 λαχάνων
1681 2309 1847 2362 μετα-

284 2378 552 2430 σκευάσαι
594 2377 655 2430 τὸ
682 2376 853 2443 οὕτως
901 2379 1179 2450 ἐξαίρετον
1214 2381 1431 2451 χωρίον.
1474 2384 1530 2436 Ὀ
1559 2383 1617 2436 δὲ
1676 2385 1848 2453 ἠγαν-

273 2467 429 2521 ἀκτει
460 2467 599 2536 πρὸς
613 2466 790 2532 τοῦτο,
810 2468 903 2529 καὶ
928 2469 1003 2534 ῶς
1022 2471 1122 2523 οὐκ
1146 2470 1213 2524 ἂν
1239 2472 1623 2541 προιεῖτό-ποτε
1647 2473 1737 2527 τὸν
1750 2472 1844 2529 τοῦ

272 2558 478 2629 πατρὸς
524 2559 857 2628 ἀμπελῶνα,
890 2562 1255 2633 διισχυρίζετο
1301 2564 1507 2633 σαφῶς.
1562 2582 1590 2615 ηε
1624 2566 1717 2635 Μή
1756 2582 1846 2634 μοι

272 2648 385 2721 γὰρ
412 2649 642 2717 γένοιτο,
673 2651 827 2720 φησὶ,
854 2652 1145 2723 προδοῦναι
1177 2653 1475 2724 ἀμπελῶνα
1508 2655 1717 2726 πατρός
1741 2654 1844 2725 μού

1944 563 2226 633 perspicua
2275 560 2676 630 diiudicatuque
2702 560 2953 615 facillima
2979 562 3137 616 aliter
3168 560 3283 615 ﬁeri
3310 560 3514 627 nequit,

1944 654 2048 711 nisi
2062 669 2243 711 rerum
2265 663 2535 725 gestarum
2555 652 2796 707 historiae
2814 653 2866 706 in
2884 652 3114 707 medium
3133 650 3516 721 producantur,

1943 760 2064 815 age,
2088 744 2281 799 iterum
2322 758 2510 803 earum
2554 742 2881 797 mentionem
2914 740 3195 797 faciamus.
3221 738 3517 795 Jezraelem

1944 834 2111 890 fuisse
2132 834 2433 898 civitatem,
2458 841 2616 897 antea
2644 833 2792 887 clare
2828 831 3131 888 docuimus.
3161 831 3267 886 Sed
3288 834 3429 901 quod
3449 847 3514 885 ex

1943 930 2165 997 civitate
2205 930 2417 988 Jezrael
2455 928 2664 987 Naboth
2713 928 3003 998 signiﬁcat,
3036 926 3198 981 etiam
3235 927 3322 983 hic
3361 935 3518 997 typus

1943 1038 2065 1082 esse
2085 1021 2606 1093 queatteconomiae,
2632 1034 2791 1089 quam
2822 1018 2872 1072 in
2905 1018 3123 1073 Christo
3154 1017 3514 1087 intelligimus.

1943 1113 2077 1171 Nam
2117 1121 2171 1168 et
2238 1113 2352 1182 ipse
2397 1110 2610 1167 Naboth
2682 1109 2924 1167 redditur
2993 1108 3185 1163 Latine
3234 1116 3512 1169 venturus,

1944 1219 2049 1273 quo
2069 1203 2287 1259 nomine
2304 1201 2708 1257 Emmanuelem
2734 1200 2892 1254 toties
2916 1198 3197 1268 Scriptura
3224 1208 3407 1252 sancta
3444 1197 3521 1251 in-

1944 1294 2087 1349 dicat
2109 1293 2407 1349 ”..Dictum
2436 1302 2520 1349 est
2547 1305 2675 1361 ergo
2705 1290 2770 1344 ad
2792 1290 3010 1344 beatum
3039 1288 3320 1344 llahacuc:
3361 1305 3379 1338 ι
3411 1288 3521 1339 Ad-

1945 1384 2049 1438 huc
2070 1383 2362 1449 modicum,
2386 1392 2439 1440 et
2462 1383 2681 1437 veniens
2705 1381 2900 1445 veniet,
2927 1388 2980 1433 et
3003 1396 3104 1433 non
3133 1378 3362 1433 tardabit
3388 1377 3453 1430 "’.
3495 1396 3514 1429 ι

1942 1474 2128 1530 Psallit
2147 1486 2199 1530 et
2223 1474 2392 1529 David
2414 1474 2645 1543 quodam
2668 1474 2783 1528 loco
2814 1489 2827 1524 :
2863 1491 2882 1522 ι
2912 1470 3236 1526 Benedictus
3254 1471 3342 1539 qui
3370 1470 3522 1523 venit

1944 1564 1996 1618 in
2027 1565 2244 1620 nomine
2271 1563 2481 1620 Domini
2508 1564 2573 1617 ⁸⁸.
2618 1583 2636 1616 ι
2672 1563 2811 1635 Quin
2844 1572 2899 1617 ct
2932 1564 3045 1633 ipse
3084 1563 3237 1617 divus
3281 1561 3517 1632 Baptista

1944 1656 2200 1722 quosdam
2233 1669 2263 1708 e
2289 1654 2569 1725 discipulis
2599 1655 2710 1708 suis
2743 1655 2846 1727 21
2868 1655 2932 1707 ad
2965 1652 3249 1708 Dominum
3272 1661 3518 1708 nostrum

1943 1742 2125 1799 Jesum
2147 1744 2424 1799 Christum
2451 1743 2572 1799 ideo
2602 1744 2770 1797 mittit
2792 1751 3196 1814 percunctatum
3230 1756 3248 1796 :
3290 1758 3310 1792 ι
3345 1740 3432 1796 ’Τιι
3460 1756 3520 1797 es

1944 1837 2032 1904 qni
2064 1843 2320 1889 venturus
2352 1848 2432 1897 es.
2465 1848 2534 1888 an
2573 1833 2736 1888 alium
2767 1845 3145 1903 exspectamus
3168 1833 3253 1887 σοι
3280 1852 3300 1886 ι
3326 1832 3521 1889 Fuisse

1945 1935 2122 1981 autem
2140 1937 2192 1981 et
2211 1926 2347 1981 hanc
2377 1927 2601 1996 ﬁguram
2625 1925 2846 1992 Christi,
2867 1925 3019 1997 plane
3043 1939 3106 1978 cx
3137 1924 3205 1979 iis
3225 1938 3343 1993 qua:
3364 1924 3431 1978 de
3454 1937 3521 1979 eo

1946 2019 2147 2086 scripta
2170 2027 2296 2073 sunt
2322 2020 2627 2087 perSpicere
2653 2018 2798 2072 licet.
2817 2016 3137 2086 Concupivit
3162 2015 3305 2071 enim
3332 2016 3519 2071 Achab

1947 2108 2224 2176 possidere
2271 2110 2484 2164 vineam
2526 2107 2661 2178 ejus,
2714 2120 2767 2163 et
2802 2110 2977 2163 locum
3020 2118 3128 2162 tam
3168 2108 3424 2162 eximium
3456 2108 3517 2161 in

1947 2203 2160 2255 hortum
2182 2201 2453 2257 olitorimn
2476 2215 2811 2256 convertere.
2833 2199 3041 2255 Naboth
3070 2201 3287 2270 indigne
3316 2200 3517 2263 ferens,

1947 2308 2051 2346 non
2085 2308 2144 2346 se
2166 2294 2373 2347 vineam
2396 2293 2565 2362 patris
2590 2292 2670 2347 sui
2696 2293 3047 2347 dimissurum
3072 2307 3327 2360 expresse
3357 2293 3521 2362 proli-

1949 2390 2123 2433 tetur:
2164 2400 2183 2433 t
2214 2378 2486 2450 Propitius
2510 2382 2580 2435 sit
2603 2381 2733 2437 mihi
2763 2381 2925 2448 Deus,
2961 2382 3154 2451 inquit,
3191 2397 3257 2437 ne
3299 2384 3519 2450 prodam

1945 2470 2155 2524 vineam
2185 2472 2352 2538 patris
2377 2471 2481 2525 mei
2510 2471 2627 2527 tibi.
2672 2490 2693 2525 ι
2730 2471 2785 2526 ld
2811 2481 3094 2542 postquam
3126 2473 3351 2528 rescivit
3399 2471 3511 2528 Deo

1956 2560 2174 2628 invisa,
2223 2569 2277 2617 et
2326 2562 2488 2631 impia
2533 2561 2770 2628 Jezahel,
2824 2564 3207 2633 prophetarum
3260 2579 3520 2633 persecu-

1952 2651 2059 2705 trix
2090 2661 2145 2705 et
2169 2650 2441 2719 justorum
2480 2652 2808 2715 insidiatrix,
2844 2653 3122 2723 perversis
3151 2653 3522 2711 molitionihus

275 2757 380 2792 σοι.
415 2758 433 2791 ι
478 2741 694 2812 Ἐπειδὴ
731 2742 788 2796 δὲ
819 2743 978 2805 τοῦτο
1015 2744 1333 2815 μεμάθηκεν
1360 2746 1396 2815 ή
1423 2745 1681 2817 θεομισὴς
1752 2747 1848 2800 καὶ

1949 2744 2091 2816 iusto
2125 2747 2324 2803 caedem
2353 2756 2437 2800 est
2465 2746 2791 2802 machinata.
2848 2746 3019 2814 Quem
3053 2762 3175 2802 cum
3206 2748 3378 2803 occidi
3421 2763 3524 2804 cu-

276 2830 501 2901 βέὸηλος
541 2832 798 2895 Ἰεζάϐελ,
836 2835 871 2903 ή
921 2836 1048 2897 τοὺς
1082 2835 1368 2905 προφήτας
1408 2835 1700 2899 διώκουσα,
1754 2838 1849 2893 καὶ

272 2924 387 2985 τοῖς
412 2922 634 2986 δικαίοις
659 2924 1103 2988 επιὸουλεύουσα,
1132 2927 1453 2998 δυστρόφοις
1481 2930 1849 3001 ἐπιχειρήμα-

275 3031 361 3069 σιν
412 3015 786 3087 ὲξεμηχανᾶτο
812 3017 901 3087 τῷ
942 3017 1136 3088 δικαίῳ
1161 3019 1251 3073 τὸν
1278 3020 1456 3089 φόνον.
1507 3022 1619 3075 Καὶ
1658 3022 1723 3094 δὴ
1756 3025 1851 3078 καὶ

272 3106 619 3177 ἀναιρεθῆναι
669 3109 1158 3179 παρασκευάσασα,
1203 3110 1561 3182 κληρονομεῖν
1625 3112 1849 3168 ἐκέλευε
1878 3138 1919 3193 c

273 3198 352 3268 τῷ
396 3200 749 3269 συνῳκηκότι,
815 3201 957 3272 φημὶ
995 3202 1058 3273 δὴ
1090 3202 1168 3273 τῷ
1208 3202 1430 3273 Ἀχαά6.
1481 3204 1604 3258 Ἐπὶ
1642 3205 1852 3271 τούτοις

274 3289 499 3353 εἰκότως
528 3289 826 3359 ἠγανάκτει
848 3292 1006 3358 Θεὸς,
1036 3294 1132 3347 καὶ
1160 3292 1224 3364 δὴ
1271 3295 1366 3348 καὶ
1394 3295 1721 3366 πὲκδικήσειν
1754 3297 1852 3350 ἑπ-

274 3379 597 3449 αγγέὶλεται
642 3380 703 3434 τὸ
746 3377 887 3452 αἷμα
927 3382 1022 3435 τοῦ
1067 3382 1324 3454 Ἰεζραέλ.
1389 3384 1681 3456 Ἀνῄρηται
1720 3385 1850 3454 γοῦν

288 3466 495 3536 Ἀχαάὁ
523 3467 629 3521 ὑπὸ
679 3470 839 3538 Ἰηοὺ,
878 3470 1131 3542 καθάπερ
1163 3472 1265 3542 ἤδη
1295 3474 1655 3543 προείπομεν,
1680 3489 1850 3544 προσ-

278 3558 433 3630 ετέθη
465 3560 523 3613 δὲ
552 3560 703 3630 αὐτῷ
736 3562 831 3615 καί
856 3563 890 3633 ή
919 3562 1280 3634 παμπόνηρος
1326 3563 1582 3627 Ἰεζάϐελ.
1610 3564 1746 3635 Φέρε
1783 3564 1848 3636 δὴ

276 3644 390 3713 οὖν,
438 3651 517 3713 είς
561 3650 795 3720 Χριστὸν
820 3651 1181 3724 ἀναφέρωμεν
1223 3652 1292 3707 τὰ
1322 3652 1401 3717 ὡς
1445 3656 1503 3707 ἐν
1543 3654 1699 3725 τύπῳ
1737 3656 1850 3718 τοῖς

277 3739 447 3793 πάλαι
488 3740 851 3811 γεγενημένα.
902 3742 1089 3812 ’0.μὲν
1117 3742 1227 3814 γὰρ
1275 3744 1563 3815 προφήτης
1600 3744 1845 3808 Ἡσαΐας,

276 3829 360 3882 ὅτι
393 3848 413 3880 ‹
459 3829 746 3900 Ἂμπελὼν
776 3830 1010 3901 ἐγενήθη
1037 3832 1117 3902 τῷ
1144 3832 1490 3903 ἠγαπημένῳ
1534 3834 1591 3886 ὲν
1635 3833 1846 3904 κέρατι,

279 3920 340 3973 ὲν
374 3919 524 3991 τόπῳ
551 3921 719 3988 πίονι.
742 3940 775 3974 .n
832 3922 944 3977 Kal
968 3919 1038 3994 ἦν
1077 3924 1106 3975 ό
1146 3923 1405 3994 ἀμπελὼν
1438 3923 1722 3995 ἄνθρωπος
1751 3923 1846 3981 τοῦ

292 4010 484 4075 Ἰούδα,
515 4013 794 4083 νεόφυτον,
825 4015 1205 4086 ἠγαπημένον.
1246 4015 1384 4069 Ἀλλ’
1418 4016 1467 4068 oi
1495 4013 1590 4069 τοῦ
1636 4015 1851 4086 Ἰσραὴλ

277 4101 592 4173 ἡγούμενοι,
643 4099 717 4157 ῶν
764 4103 836 4158 ἂν
882 4104 967 4176 εἴη
1016 4107 1109 4160 καὶ
1148 4105 1320 4169 τύπος
1367 4106 1397 4157 ό
1456 4105 1659 4176 Ἀχαάϐ
1695 4105 1848 4175 βασι-

276 4190 472 4257 λεύων,
504 4192 852 4262 ἐπεθύμησαν
880 4192 1023 4263 ἔχειν
1064 4194 1158 4247 τὸν
1200 4194 1496 4264 ἀμπελῶνα
1526 4194 1692 4249 αὐτοῦ
1711 4195 1849 4265 ὀούχ

278 4280 368 4336 ῐνα
464 4282 667 4353 κλῆρος
716 4282 1009 4353 ἐξαίρετος,
1053 4284 1355 4349 τουτέστιν,
1398 4284 1660 4355 ἀμπελών
1680 4300 1694 4314 ⁸
1730 4285 1848 4341 ἀλλ’

280 4374 369 4426 ῐνα
400 4374 744 4445 χερσωμένος
799 4375 974 4446 κῆπος
1000 4376 1212 4443 γένοιτο
1230 4375 1521 4446 λαχανίας,
1550 4375 1847 4445 τουτέστιν,

1950 2842 2125 2889 rasset
2149 2874 2164 2899 ,
2204 2834 2457 2887 maritum
2489 2835 2675 2889 Achab
2698 2836 2975 2906 possidere
3019 2837 3230 2891 vineam
3254 2835 3418 2904 jussit
3440 2838 3514 2892 ⁷ο.

1950 2923 2129 2990 Quare
2170 2926 2360 2979 merito
2409 2925 2722 2995 indignatus
2781 2926 2947 2991 Deus,
3001 2927 3240 2981 ulturum
3297 2943 3358 2983 se
3396 2943 3525 2983 san-

1950 3016 2166 3086 guinem
2204 3014 2467 3070 Jezraelis
2497 3016 2764 3085 promisit.
2805 3015 3033 3073 Occisus
3072 3026 3157 3073 est
3182 3031 3311 3088 ergo
3336 3018 3524 3073 Achab

1954 3122 1982 3159 a
2011 3105 2173 3169 Jehu,
2203 3116 2262 3160 ut
2304 3106 2563 3173 diximus,
2616 3118 2672 3163 et
2702 3108 2864 3163 simul
2910 3108 3067 3179 longe
3108 3091 3509 3177 improbissima

1961 3193 2202 3250 Iezabel.
2236 3194 2352 3264 Age
2380 3195 2561 3266 igitur,
2611 3196 2678 3251 ad
2716 3189 2992 3252 Christum
3027 3196 3525 3261 accommodetnus,

1953 3302 2074 3355 quae
2107 3286 2384 3343 veteribus
2418 3286 2564 3341 velut
2602 3287 2654 3341 in
2703 3296 2831 3359 typo
2870 3298 3023 3359 gesta
3061 3296 3210 3345 sunt.
3256 3285 3521 3355 Propheta

1952 3377 2097 3432 enim
2132 3377 2305 3433 Isaias
2327 3379 2400 3433 ait
2435 3396 2448 3432 :
2481 3396 2499 3429 ι
2531 3378 2701 3433 Vinea
2725 3379 2868 3433 facta
2893 3387 2976 3434 est
3022 3377 3219 3432 dilecto
3241 3377 3293 3431 in
3324 3392 3519 3442 cornu,

1955 3477 2006 3531 in
2048 3476 2166 3531 loco
2192 3476 2377 3546 pingui
2406 3478 2475 3531 “.
2529 3495 2547 3529 ι
2578 3476 2645 3531 Ει
2668 3486 2788 3532 erat
2812 3478 2969 3532 vinea
3011 3479 3173 3533 homo
3194 3475 3353 3542 Juda,
3381 3493 3522 3532 nova

1950 3568 2165 3637 planta,
2228 3568 2448 3625 dilecta.
2505 3568 2703 3623 Verum
2781 3570 2949 3624 duces
3002 3568 3210 3633 Israel,
3288 3583 3520 3637 quorum

1951 3657 2121 3727 ﬁgura
2176 3670 2299 3712 esse
2348 3658 2523 3727 possit
2571 3657 2760 3712 Achab
2808 3671 3079 3727 regnans,
3148 3656 3527 3711 desiderarunt

1952 3745 2153 3802 habere
2182 3747 2396 3801 vineam
2422 3745 2559 3815 ejus,
2592 3760 2697 3801 non
2725 3755 2785 3801 ut
2812 3754 2959 3801 esset
3004 3746 3293 3801 haareditas
3330 3747 3521 3812 electa,

1960 3837 2014 3893 id
2054 3846 2171 3902 est,
2218 3837 2378 3893 vinea
2411 3855 2427 3893 :
2459 3838 2551 3894 sed
2596 3847 2657 3893 ut
2687 3838 2901 3893 deserta
2947 3845 3001 3893 et
3055 3836 3253 3892 inculta
3336 3836 3525 3892 hortus

1949 3927 2154 3984 olerum
2185 3929 2354 3989 ﬁeret.
2373 3929 2473 3984 hoc
2493 3938 2595 3993 est,
2614 3938 2829 3998 propter
2856 3928 3217 3984 conditionem
3244 3928 3359 3983 sine
3375 3944 3526 3983 com-

1950 4022 2235 4093 paratione
2268 4023 2579 4076 inferiorem
2606 4022 2965 4091 dejiceretur:
2998 4021 3197 4075 etenim
3266 4021 3419 4075 vinea
3460 4022 3527 4076 ab

1954 4113 2109 4166 horto
2134 4112 2350 4167 olitorio
2390 4111 2619 4165 nimium
2652 4119 2915 4180 quantum
2950 4108 3151 4165 differt.
3202 4108 3267 4164 Et
3302 4111 3444 4179 quod
3472 4111 3524 4164 in

1953 4201 2037 4256 his
2064 4203 2242 4257 adhuc
2289 4203 2511 4268 eminet,
2557 4219 2663 4257 non
2712 4214 2798 4257 est
2843 4203 3158 4259 obscurum.
3198 4202 3313 4258 Sub
3366 4202 3526 4257 Chri—

1952 4301 2093 4347 stum
2122 4294 2321 4363 quippe
2379 4295 2586 4349 redacti
2622 4293 2929 4349 Judazorum
2960 4293 3157 4365 p0puli
3188 4334 3204 4359 ,
3260 4294 3528 4364 quomodo

1954 4399 2064 4439 non
2097 4383 2271 4438 vineis
2310 4384 2592 4453 palmitum
2652 4386 2810 4456 c0pia
2846 4386 3166 4442 ﬂorentibus
3208 4396 3264 4442 et
3309 4386 3527 4441 fertilis-

278 4465 375 4517 ιπὶ
424 4464 505 4535 τῷ
548 4465 864 4536 ἀσυγκρίτῳ
898 4466 1131 4520 κέλαττον
1180 4468 1567 4538 καταφέροιτο⁶
1620 4469 1847 4542 πλείστη

1953 4472 2108 4527 simis
2140 4472 2349 4527 similes
2377 4484 2534 4528 erant
2563 4473 2750 4539 futuri,
2783 4475 3119 4544 habendique
3145 4475 3212 4528 ab
3238 4473 3526 4528 omnibus?

278 4555 390 4624 γὰρ
432 4556 533 4625 ὅση
568 4557 757 4627 ,κήπου
812 4556 1058 4627 λαχάνων
1090 4556 1226 4628 πρὸς
1258 4558 1558 4629 ἀμπελῶνα
1592 4559 1846 4630 διαφορά.

279 4645 395 4698 Καὶ
451 4646 511 4699 τὸ
561 4646 642 4700 ἔτι
703 4646 887 4718 μεῖζον
930 4648 997 4701 ἐν
1076 4648 1287 4712 τούτοις
1355 4649 1456 4702 οὐκ
1506 4650 1848 4719 ἀσυμφανές.

285 4736 575 4804 Γεγονότες
621 4739 719 4808 μὲν
767 4740 875 4809 γὰρ
923 4737 1030 4792 ὐπὸ
1074 4739 1297 4811 Χριστῷ
1338 4739 1448 4795 τῶν
1498 4740 1766 4795 Ἰουδαίων
1800 4743 1852 4796 οἱ

281 4825 466 4897 δῆμοι,
515 4827 633 4891 πῶς
664 4828 765 4882 οὐκ
796 4827 1020 4897 έμελλον
1057 4826 1125 4883 ἂν
1166 4828 1639 4900 εὐκληματούσαις
1668 4829 1850 4899 ἀμπέο

1956 4558 2216 4615 Viventes
2248 4569 2428 4615 autem
2457 4559 2852 4616 Pharisaeorum
2873 4562 3138 4617 institutis
3174 4570 3229 4615 et
3262 4560 3526 4621 moribus.

1960 4650 2343 4718 discentesque
2370 4652 2647 4707 doctrinas
2677 4665 2741 4706 ac
2765 4653 3020 4707 mandata
3050 4651 3353 4715 hominum,
3394 4649 3528 4703 nihil

1957 4753 2181 4807 prorsus
2234 4739 2525 4796 dissimiles
2573 4741 2757 4798 herbis
2805 4743 2973 4797 humo
3013 4739 3528 4811 propinquissitnis,

1959 4844 2081 4899 qum
2111 4838 2164 4884 et
2193 4828 2350 4884 facile
2377 4832 2737 4886 succumbunt
2764 4842 2928 4902 atque
2961 4839 3326 4887 marcescunt.

272 4920 417 4985 λοις,
466 4921 562 4974 καὶ
605 4921 711 4993 μὴν
759 4924 854 4977 καὶ
897 4924 1296 4994 γονιμωτάταις
1372 4926 1431 4979 ὲν
1477 4925 1577 4994 ῐσῳ
1618 4942 1679 4979 τε
1719 4922 1861 4979 εἶναι
1962 4923 2053 4978 καὶ
2100 4922 2422 4991 φαίνεσθαι;
2472 4923 2779 4989 Διαζῶντες
2818 4925 2874 4978 δὲ
2915 4925 3028 4988 τοῖς
3072 4922 3181 4977 τῶν
3225 4919 3531 4991 Φαρισαίων

270 5014 432 5068 ’ἔθεσί
479 5030 539 5065 τε
620 5014 718 5069 καὶ
762 5015 1016 5086 τρόποις,
1060 5018 1157 5071 καὶ
1204 5017 1568 5088 μανθάνοντες
1657 5016 2006 5080 διδασκαλίας
2030 5060 2045 5082 ,
2102 5014 2409 5086 ἐντάλματα
2496 5014 2830 5086 ἀνθρώπων,
2882 5014 3005 5070 κατ’
3061 5011 3253 5067 οὐδένα
3329 5010 3531 5080 τρόπον

268 5105 581 5172 διενεγκεῖν
626 5104 736 5158 τῶν
782 5106 1221 5177 χθαμαλωτάτων
1268 5107 1601 5178 λαχάνων,ἃ
1633 5109 1728 5161 καὶ
1766 5106 1889 5161 λίαν
1925 5105 2161 5169 εὐκόλως
2228 5107 2417 5159 πίπτει
2454 5107 2551 5160 καὶ
2587 5106 2925 5177 μαραίνεται.

355 5198 567 5254 Οὐκοῦν
603 5199 879 5271 ἑγλίχοντο
902 5203 1000 5273 μὲν
1027 5203 1077 5255 οἱ
1092 5202 1203 5257 τῶν
1246 5201 1515 5255 Ἰουδαίων
1544 5200 1848 5272 καθηγηταὶ

2032 5199 2295 5267 Quocirca
2319 5202 2643 5269 appetebant
2664 5200 2879 5270 quidem
2915 5197 3225 5254 Iudaeorum
3259 5196 3530 5267 primores

264 5290 378 5343 στὸν
406 5290 971 5362 ἁμπελῶναΧριστοῦ
992 5293 1198 5364 -κλῆρον
1230 5291 1363 5346 ἱδιον
1415 5291 1579 5362 ἔχειν,
1629 5292 1725 5345 καὶ
1756 5292 1848 5353 ,είς

1958 5290 2420 5357 vineam-Christi,
2452 5300 2513 5344 ιιι
2535 5300 2739 5347 sortem
2766 5291 3166 5362 ipropriam,iet
3205 5288 3260 5345 in
3315 5289 3529 5351 hortum

287 5381 465 5452 κῆπον
518 5381 800 5452 λαχανίας·
847 5383 961 5437 ἀλλ’
1012 5386 1112 5437 οὐκ
1162 5383 1378 5438 ἔπειθον
1423 5382 1848 5454 καταπροδοῦναι

1960 5384 2166 5438 olerum
2196 5400 2211 5436 :
2247 5396 2438 5438 verum
2478 5383 2805 5453 persuadere
2838 5382 2917 5438 illi
2962 5397 3068 5439 non
3124 5387 3435 5449 potuerunt,
3472 5386 3531 5445 ut

288 5472 442 5542 σφίσι
468 5474 562 5527 τὸν
579 5473 673 5527 τοῦ
690 5474 916 5546 πατρὸς
942 5474 1264 5548 ἀμπελῶνα.
1304 5470 1465 5541 Εῐτα,
1492 5475 1547 5527 τί
1596 5473 1848 5545 δέδρακεν

1949 5472 2143 5530 Patris
2158 5473 2478 5533 suivinearn
2512 5473 2651 5545 ἱροῖσι
2663 5477 2936 5547 proderet.
2959 5473 3100 5542 Quid
3122 5470 3322 5529 deinde
3334 5466 3530 5537 occipit

288 5670 789 5803 "'l's;llsa‘;,v1ii,il;
819 5671 1007 5727 Matth.
1043 5688 1081 5738 ι,
1104 5672 1195 5727 23.
1274 5673 1317 5705 "
1361 5672 1557 5727 llahac.
1588 5687 1646 5736 il,
1682 5670 1737 5725 ὅ.
1815 5669 1861 5703 ⁸⁸
1895 5668 2036 5724 Psal.
2068 5668 2347 5737 cxvn,‘26.

536 5835 805 5897 PATROL.
858 5836 971 5896 Gn.
1014 5835 1216 5894 LXXI.

3106 5821 3141 5885 2

2424 5670 2681 5729 "Matth.
2717 5671 2878 5737 XI,5.
2952 5670 2999 5704 7°
3022 5668 3087 5724 ιιι
3106 5668 3249 5736 Βοε.
3290 5661 3527 5725 ικιηιε.
