4094 6628
600 418 675 476 45
1620 414 1677 471 s.
1719 413 1993 472 evntem
2033 413 2499 470 ALEXANDRINI
2540 415 2860 474 ARCHIEP.
3779 432 3841 488 ιι

598 536 712 594 Deo
732 549 892 591 exosa
923 532 1157 601 Jezabel,
1175 536 1277 590 hoc
1298 540 1402 599 est,
1441 534 1684 604 gregaria
1707 535 2010 601 multitudo,
2039 537 2134 593 sub

2238 582 2246 605 λ
2278 534 2587 606 ἡθεομισὴς
2633 534 2900 603 Ἰεζάϐελ;
2936 538 3231 605 τουτέστιν,
3276 542 3308 611 ή
3356 541 3587 606 ἀγελαία
3618 544 3838 616 πληθὺς,

600 630 710 685 dita
746 629 1099 699 principibus,
1139 628 1191 682 id
1218 637 1323 695 est,
1356 627 1675 699 Synagoga?
1712 627 1844 685 Cum
1870 629 2170 699 principum

599 718 833 789 nequitia
856 727 908 772 et
935 717 1054 772 dolo
1079 718 1416 787 conspirans,
1466 717 1668 787 justum
1689 729 1744 775 et
1767 729 2011 775 sanctum
2065 721 2171 777 Na-

597 809 722 864 both
770 809 1135 879 persequitur,
1169 809 1271 863 hoc
1306 820 1410 874 est,
1449 826 1468 861 ι
1510 810 1603 878 qui
1650 811 1819 876 venit,
1850 829 1870 862 ι
1901 810 2170 882 eﬁicitque

595 909 653 955 ut
690 908 865 954 morte
896 899 1171 955 multetur.
1200 901 1307 969 22
1354 898 1685 955 Interficitur
1707 901 1849 954 enim
1886 901 2169 958 calumniis

592 991 861 1061 appetitus
893 990 1226 1045 Emmanuel.
1256 991 1385 1044 Eam
1421 1004 1531 1044 rem
1576 991 1684 1044 Deo
1714 990 1882 1044 visam
1912 991 2167 1045 intolera-

592 1083 773 1147 bilem,
805 1081 1011 1152 liquere
1043 1092 1219 1151 potest
1251 1082 1397 1147 inde,
1425 1082 1568 1153 quod
1598 1081 1749 1138 Oscae
1773 1083 2047 1152 prophetae
2080 1082 2162 1137 di-

588 1175 763 1228 citur:
791 1191 809 1224 ι
840 1170 1048 1228 ldcirco
1088 1172 1263 1227 adhuc
1297 1174 1584 1237 modicum,
1609 1182 1662 1228 et
1696 1173 1927 1228 ulciscar
1946 1175 2164 1245 sangui-

587 1279 709 1320 nem
736 1262 947 1318 Jezrael
981 1277 1140 1332 super
1171 1262 1387 1317 domum
1409 1261 1633 1330 Juda,et
1657 1263 1937 1332 quiescere
1966 1262 2160 1318 faciam

588 1370 808 1424 regnum
833 1355 1025 1408 domus
1049 1354 1233 1408 lsrael.
1269 1372 1287 1405 ›
1318 1352 1632 1409 Vindicatus
1656 1364 1739 1409 est
1759 1355 1997 1422 enim,ut
2024 1354 2158 1422 dixi,

584 1446 803 1513 sanguis
819 1444 1018 1499 Christi
1046 1460 1111 1499 ex
1142 1454 1251 1499 toto
1274 1444 1738 1510 lsrael.Quoniam
1772 1461 1899 1500 vero
1921 1455 2159 1515 tempore

584 1538 696 1602 illo,
728 1553 833 1607 quo
854 1540 1037 1592 datum
1077 1546 1160 1592 est
1200 1538 1300 1593 hoc
1330 1538 1661 1602 vaticinium,
1701 1537 1950 1592 distincte
1978 1537 2157 1590 nomi-

582 1629 868 1694 nabantur,
899 1628 1064 1685 Judas
1084 1629 1296 1699 quidem
1316 1629 1405 1698 qui
1440 1639 1752 1685 manserant
1782 1627 2153 1699 Jerosolymis,

581 1721 745 1777 Israel
769 1730 947 1776 autem
978 1720 1069 1791 qui
1095 1730 1251 1775 erant
1280 1720 1333 1773 in
1363 1719 1647 1775 Samaria:
1676 1730 1731 1774 ut
1758 1720 2006 1775 lsraelem
2036 1719 2149 1774 uni-

577 1826 734 1867 verse
757 1812 1063 1882 signiﬁcare
1098 1810 1364 1872 videatur,
1408 1810 1588 1864 dicere
1617 1810 1801 1864 debuit
1826 1812 2063 1863 ulturum
2094 1823 2151 1863 se

578 1903 892 1974 sanguinem
916 1900 1123 1957 Jezrael
1146 1917 1212 1956 ex
1238 1901 1396 1955 domo
1421 1899 1648 1963 Juda,et
1674 1900 1834 1955 ﬁnem
1866 1900 2146 1971 impositu-

576 2010 696 2050 rum
743 2008 907 2064 regno
943 1993 1135 2048 domus
1178 1990 1362 2046 lsrael.
1402 1989 1515 2044 Hoc
1563 1989 1690 2044 item
1734 1989 1945 2044 divinus
1982 1988 2147 2044 Jacob

574 2095 701 2142 ante
744 2085 1030 2154 expressit,
1074 2084 1156 2139 his
1197 2082 1414 2137 verbis:
1441 2098 1459 2133 ι
1490 2079 1605 2136 Non
1646 2080 1860 2136 deﬁciet
1897 2081 2147 2150 princeps

573 2193 642 2232 ex
667 2176 823 2243 Juda,
851 2186 907 2232 et
949 2177 1055 2232 dux
1094 2176 1160 2231 de
1208 2174 1413 2230 femore
1457 2172 1593 2241 ejus,
1624 2172 1797 2227 donec
1838 2173 2019 2228 veniat
2062 2172 2143 2226 cui

570 2270 866 2340 repositum
894 2278 1013 2337 est;
1046 2278 1099 2324 et
1123 2268 1238 2337 ipse
1269 2268 1604 2337 exspectatio
1631 2267 1871 2336 gentium
1907 2267 2015 2319 ".1
2047 2265 2141 2323 Ubi

569 2360 713 2416 enim
740 2358 1060 2414 Emmanuel
1082 2357 1273 2426 illuxit,
1295 2366 1442 2422 tunc,
1476 2366 1621 2425 tunc,
1651 2356 1893 2425 inquam,
1926 2356 2144 2411 etiame

571 2451 747 2507 medio
777 2449 1046 2507 sublatum
1083 2460 1168 2505 est
1205 2463 1428 2519 regnum
1465 2447 1649 2508 lsrael.
1684 2447 1871 2518 Itaque
1906 2446 2143 2502 Herodes

565 2544 834 2613 Antipatri
862 2544 1003 2597 ﬁlius
1022 2542 1387 2607 Ascalonites,
1411 2541 1609 2597 Iudaeae
1623 2540 1842 2595 Christo
1862 2550 1986 2593 nato
2003 2555 2140 2609 prm-

564 2634 689 2689 fuit.
704 2634 1049 2688 Contriturus
1066 2634 1230 2687 etiam
1257 2632 1433 2702 ipsum
1452 2648 1636 2687 arcum
1661 2631 1823 2686 Israel
1848 2632 1899 2685 in
1928 2631 2014 2684 illa
2034 2632 2137 2696 die,

562 2724 669 2780 hoc
710 2733 813 2788 est,
855 2723 945 2779 illo
990 2732 1230 2792 tempore
1288 2722 1645 2793 promittitur.
1705 2739 1723 2772 ι
1754 2722 1951 2775 Arcum
1997 2724 2137 2774 enim

563 2815 787 2869 fortium
832 2814 1127 2869 inlirmavit
1181 2814 1250 2879 ",
1284 2832 1303 2865 ι
1356 2823 1414 2868 ut
1441 2814 1703 2883 scriptum
1756 2823 1880 2879 est;
1927 2814 2136 2867 tametsi

560 2906 965 2961 Emmanuelem
1019 2921 1079 2961 se
1128 2906 1447 2961 subacturos
1499 2905 1957 2959 exisﬁmaverant.
2023 2922 2040 2953 ι
2074 2904 2139 2958 Ει

561 2997 903 3050 inimicorum
928 2996 1144 3065 quidem
1171 2995 1332 3066 gladii
1369 2994 1684 3050 defecerunt
1724 2996 1776 3050 in
1822 2995 1980 3049 ﬁnem
2014 2994 2129 3058 ⁷⁸,“ι

560 3093 616 3138 et
659 3085 977 3139 diSsolultttn
1013 3095 1100 3139 est
1138 3085 1303 3138 robur
1338 3084 1685 3138 brachiorum
1731 3085 1988 3153 ipsorum.
2019 3085 2133 3140 Non

559 3175 706 3230 enim
741 3177 985 3230 vicerunt
1013 3177 1298 3231 invictum.
1332 3174 1739 3241 Quodammodo
1765 3189 1943 3231 autem
1972 3179 2129 3247 spiri-

2277 626 2309 695 ἡ
2344 625 2449 677 ὑπὸ
2474 629 2630 696 χεῖρα
2652 627 2761 681 τῶν
2778 630 3119 698 ἡγουμένων,
3145 632 3310 701 ἡγουν
3331 633 3362 701 ἡ
3388 633 3704 705 Συναγωγή,
3729 640 3844 701 ταῖς

2273 715 2383 769 τῶν
2411 718 2729 787 ἡγουμένων
2759 720 3160 790 συνδραμοῦσα,
3220 721 3332 794 [Ion
3359 726 3703 797 κακονοίαις]
3753 728 3843 780 καὶ

2270 804 2424 876 δόλῳ.
2459 807 2684 861 Μέτεισι
2706 808 2797 860 τὸν
2816 807 3050 875 δίκαιον,
3074 810 3166 863 τὸν
3197 812 3341 864 ὅσιον
3357 811 3657 879 Ναϐουθαὶ,
3688 832 3841 868 τουτ-

2270 894 2404 961 έστι,
2448 916 2465 949 ι
2515 897 2608 951 τὸν
2675 899 2989 969 ἐρχόμενον,
3027 918 3045 951 ι
3099 900 3194 955 καὶ
3242 902 3307 974 δὴ
3354 903 3448 955 acati.
3494 903 3839 976 ἀναιρεθῆναι

2268 988 2703 1057 παρεσκεύασεν.
2752 990 3047 1061 ’Λνῄλρηται
3101 991 3209 1064 γὰρ
3265 994 3765 1065 συκοφαντούμενος
3810 999 3839 1050 ὁ

2278 1066 2642 1149 Ἐμμανουήλξ
2692 1079 2827 1133 Ἀλλ’
2856 1083 2937 1134 ὃτι
3003 1081 3077 1153 μὴ
3120 1084 3342 1138 ἀνεκτὸν
3385 1084 3447 1137 τὸ
3489 1086 3675 1156 χρῆμα
3702 1086 3836 1153 Θεῷ,

2266 1170 2434 1237 σαφὲς
2454 1169 2518 1224 ἂν
2547 1172 2757 1237 γένοιτο
2802 1173 2879 1241 τῷ
2926 1172 3180 1242 λέγεσθαι
3238 1175 3317 1247 τῷ
3364 1177 3616 1248 προφήτῃ
3659 1178 3833 1247 Ὡσηέ·

2267 1277 2287 1311 ι
2328 1260 2473 1312 Διότι
2501 1260 2581 1313 ἔτι
2620 1262 2834 1333 μικρὸν,
2869 1264 2964 1317 καὶ
3024 1264 3296 1335 ἐκδικήσω
3328 1266 3389 1318 τὸ
3420 1265 3557 1337 αἷμα
3585 1268 3679 1320 τοῦ
3715 1267 3836 1331 Ἰεζ-

2263 1352 2392 1423 ραὲλ
2418 1352 2509 1405 ἐπί
2531 1353 2622 1406 τὸν
2652 1351 2798 1407 οἷκον
2840 1354 3030 1416 Ἰούδα,
3062 1357 3155 1409 καὶ
3178 1358 3515 1411 καταπαύσω
3562 1358 3833 1429 βασιλείαν

2257 1442 2406 1494 οἴκου
2448 1442 2683 1513 Ἰσραήλ.
2719 1461 2738 1494 ι
2771 1442 3138 1515 Ἑκδεδίκηται
3168 1446 3297 1517 γὰρ,
3329 1448 3405 1510 ὼς
3428 1447 3584 1518 ἔφην,
3614 1449 3675 1501 τὸ
3700 1444 3832 1520 αἷμα

2256 1532 2492 1603 Χριστοῦ
2555 1535 2620 1586 ἐκ
2680 1536 2882 1599 παντὸς
2928 1537 3161 1608 Ἰσραήλ.
3225 1538 3440 1610 Ἐπειδὴ
3490 1542 3609 1592 κατ’
3661 1544 3833 1594 ἐκεῖνο

2256 1623 2476 1693 καιροῦ,
2515 1625 2639 1677 καθ’
2670 1626 2699 1678 ὃ
2752 1627 2846 1679 καὶ
2880 1627 2913 1697 ἡ
2956 1628 3262 1698 προφητεία
3318 1629 3562 1698 γέγονεν,
3602 1631 3827 1702 -ὠνομά-

2254 1712 2411 1777 ζοντο
2457 1714 2821 1785 διῃρημένως,
2893 1717 3093 1781 Ἰούδας
3133 1719 3231 1788 μὲν
3258 1720 3309 1771 οί
3359 1722 3729 1792 μεμενηκότες
3773 1723 3828 1774 ἐν

2251 1805 2365 1867 τοῖς
2404 1804 2822 1877 Ἰεροσολύμοις,
2874 1807 3091 1879 Ἰσραὴλ
3140 1808 3197 1861 δὲ
3242 1810 3406 1865 πάλιν
3448 1812 3498 1864 οί
3539 1813 3597 1865 ἐν
3630 1816 3695 1883 τῇ
3722 1814 3825 1865 Σα-

2255 1894 2477 1965 μαρείᾳ·
2514 1895 2602 1950 ἴνα
2629 1898 2689 1950 τὸ
2718 1900 2782 1950 ἐκ
2820 1899 3020 1961 παντὸς
3058 1900 3274 1971 Ἰσραὴλ
3299 1902 3473 1973 ὁρῷτο
3508 1905 3821 1974 σημαίνειν,

2252 1980 2419 2055 φηᾶὶν
2446 1986 2780 2054 ἀναγκαίως,
2833 1981 3147 2060 ὲκδικὴσειν
3191 1992 3252 2045 τὸ
3300 1987 3438 2064 αἷμα
3483 1985 3719 2068 Ἱεζραέλ
3760 1998 3824 2050 ἐκ

2246 2074 2344 2129 τοῦ
2377 2077 2525 2130 οἴκου
2563 2078 2757 2143 Ἰούδα,
2809 2080 3181 2135 καταπαύσειν
3222 2083 3277 2136 δὲ
3303 2085 3398 2137 καὶ
3428 2085 3525 2156 τὴν
3552 2086 3823 2156 βασιλείαν

2245 2165 2339 2220 τοῦ
2366 2166 2515 2219 οἴκου
2576 2168 2819 2239 Ἰσραήλ.
2875 2169 3045 2241 Τοῦτο
3083 2172 3181 2224 καὶ
3223 2175 3251 2225 ὁ
3307 2173 3592 2239 θεσπέσιος
3629 2178 3822 2231 Ἰακὼϐ

2246 2259 2803 2327 προκαταμεμήνυκε,
2834 2257 3008 2326 λέγων
3026 2274 3040 2288 ο
3078 2276 3097 2309 ι
3124 2260 3239 2313 Οὐκ
3268 2261 3510 2329 ἐκλείψει
3539 2263 3723 2334 ἄρχων
3762 2267 3819 2333 ἐξ

2258 2346 2447 2411 Ἰούδα,
2478 2349 2571 2400 xat
2604 2347 2901 2419 ἡγούμενος
2924 2350 2989 2402 ἐκ
3016 2349 3127 2405 τῶν
3168 2350 3358 2422 μηρῶν
3412 2352 3598 2417 αὐτοῦ,
3619 2355 3720 2418 ἕως
3753 2355 3820 2409 ἂν

2244 2436 2371 2509 ἔλθῃ
2410 2431 2453 2504 ᾧ
2497 2438 2809 2492 ἀπόκειται·
2867 2441 2960 2493 καὶ
3006 2442 3166 2506 αὐτὸς
3225 2443 3520 2513 προσδοκία
3568 2446 3755 2501 ἐθνῶν.
3792 2466 3813 2498 υ

2256 2527 2692 2599 Ἐπιλάμψαντος
2722 2530 2834 2601 γὰρ
2863 2534 2995 2602 ἡμῖν
3042 2534 3136 2587 τοῦ
3184 2534 3559 2607 Ἐμμανουήλ,
3586 2538 3707 2590 τότε
3751 2537 3819 2610 δὴ

2242 2616 2362 2670 τότε
2396 2619 2489 2671 καὶ
2518 2621 2585 2672 ἐκ
2620 2621 2792 2690 μέσου
2823 2622 3045 2692 γέγονεν
3089 2626 3123 2695 ἡ
3156 2624 3401 2695 βασιλεία
3431 2628 3539 2680 τῶν
3578 2628 3813 2700 Ἰσραήλ.

2241 2707 2352 2759 Καὶ
2390 2707 2521 2775 γοῦν
2548 2709 2795 2781 Ἡρώδης
2822 2713 3178 2785 Ἀντιπάτρου
3204 2719 3352 2783 παῖς,
3391 2717 3813 2789 Ἀσκαλωνίτης,

2238 2796 2335 2866 τῆς
2372 2798 2637 2852 Ἰουδαίων
2671 2803 2857 2871 ἡγεῖτο
2891 2803 3097 2874 χώρας,
3120 2808 3523 2878 γεγεννημένου
3546 2810 3812 2879 Χριστοῦ.

2239 2888 2553 2962 Συντρίψειν
2600 2895 2657 2948 δέ
2721 2898 2818 2951 καὶ
2868 2899 3000 2951 αὐτὸ
3043 2900 3105 2953 τὸ
3149 2901 3303 2967 τόξον
3327 2902 3421 2956 τοῦ
3481 2904 3697 2977 Ἰσραὴλ
3752 2907 3813 2959 ἐν

2237 2980 2418 3052 ἐκείνῃ
2450 2986 2514 3054 τῇ
2546 2986 2748 3057 ἡμέρᾳ,
2798 2991 3327 3058 κατεπαγγέλλεται,
3386 2996 3655 3060 τουτέστι,
3690 3000 3812 3050 κατ’

2236 3071 2409 3125 ἐκεῖνο
2432 3074 2525 3127 τοῦ
2558 3078 2774 3147 καιροῦ.
2804 3098 2831 3131 ιι
2866 3080 3032 3146 Τόξον
3058 3081 3166 3155 γὰρ
3193 3083 3431 3138 δυνατῶν
3459 3087 3744 3159 ⁴ήσθένησε,
3784 3109 3809 3141 ι

2236 3161 2380 3214 κατὰ
2402 3162 2460 3215 τὸ
2483 3168 2889 3237 γεγραμμένον,
2910 3171 3086 3225 καίτοι
3110 3176 3405 3245 κρατήσειν
3434 3177 3811 3249 ὑπειληφότων

560 3270 720 3326 tualis
749 3271 1204 3327 considerationis
1235 3270 1657 3341 profunditatem
1683 3288 1906 3341 parans,
1935 3276 1998 3327 ad
2057 3275 2131 3328 hi-

2238 3249 2327 3301 τοῦ
2374 3252 2738 3325 Ἐμμανουήλ.
2777 3275 2796 3307 ι
2825 3260 2933 3313 Καὶ
2982 3261 3076 3314 τοῦ
3110 3263 3208 3333 μὲν
3245 3264 3438 3337 ἐχθροῦ
3467 3267 3713 3331 ἐξέλιπον
3749 3272 3807 3323 αἱ

557 3364 757 3419 storice
779 3374 927 3431 gesta
952 3380 1073 3418 mox
1102 3364 1397 3427 descendit,
1426 3374 1479 3420 et
1513 3366 1621 3419 ait:
1650 3384 1667 3417 ι
1689 3367 1821 3432 Quia
1854 3376 2129 3421 conteram

557 3469 742 3508 arcum
777 3454 941 3508 Israel
981 3455 1035 3508 in
1072 3454 1467 3511 valleJezrael.
1498 3475 1517 3507 ι
1548 3457 1621 3511 lbi
1657 3458 1927 3527 siquidem
1964 3459 2131 3513 Azael

556 3540 732 3615 Syriae
764 3561 857 3600 rex
892 3544 1142 3601 lsraelem
1170 3550 1359 3602 contra
1390 3549 1573 3618 c0pias
1601 3551 1920 3604 educentem
1954 3551 2131 3604 debel-

552 3636 703 3691 lavit.
729 3636 795 3691 Et
823 3639 949 3706 quia
970 3640 1505 3709 convenire'judico,
1531 3656 1559 3694 a
1590 3643 1858 3710 praecipua
1891 3652 1943 3696 et
1966 3644 2126 3711 spiri-

552 3727 686 3781 tuali
727 3732 1185 3789 commentatione
1215 3745 1523 3786 sermonem
1551 3749 1652 3787 non
1679 3736 1965 3802 abducere,
1998 3738 2125 3790 illud

555 3820 669 3887 aio,
701 3819 836 3873 nihil
876 3833 999 3875 esse
1037 3821 1384 3889 incommodi,
1419 3840 1537 3879 mea
1578 3827 1863 3892 sententia,
1902 3827 2121 3897 intelligi

548 3924 647 3979 per
688 3908 879 3963 vallem
927 3908 1137 3966 Jezrael
1189 3912 1333 3981 (hoc
1387 3923 1505 3979 est,
1556 3917 1779 3971 seminis
1834 3918 1962 3985 Dei,
2011 3921 2123 3974 sive

548 4001 776 4072 Chrisﬁ)
808 4013 1209 4057 monumentum
1237 4005 1288 4057 in
1325 4006 1503 4070 horto,
1542 4008 1591 4060 in
1635 4024 1743 4077 quo
1769 4021 1821 4065 et
1872 4027 2119 4066 resurre-

547 4092 659 4147 ctio
680 4093 990 4162 passionem
1012 4108 1326 4161 consecuta,
1367 4099 1433 4152 de
1465 4100 1608 4153 omni
1639 4116 1837 4168 genere
1855 4104 2118 4158 malorum

545 4183 851 4247 facinorum
895 4199 925 4237 a
958 4180 1156 4240 Judazis
1196 4200 1570 4258 susceptorum
1616 4191 1986 4261 triumphavit.
2016 4192 2119 4249 Per

544 4277 1000 4332 resurrectionem
1026 4280 1290 4348 siquidem
1319 4297 1502 4337 eorum
1519 4296 1771 4353 prava,et
1794 4285 1901 4340 Deo
1930 4302 2113 4355 exosa,

541 4375 600 4421 et
624 4378 846 4424 cruenta
879 4370 1101 4425 consilia
1133 4372 1440 4428 adnihilum
1470 4376 2115 4445 reciderunt.Sperabant

537 4458 684 4513 enim
701 4474 759 4514 se
774 4475 932 4530 posse
953 4476 985 4516 e
1007 4463 1178 4519 medio
1194 4464 1388 4521 tollere
1427 4466 1640 4533 Filium,
1655 4477 1711 4521 ut
1726 4468 1885 4522 etiam
1900 4469 2111 4525 vineam

540 4549 656 4619 ejus
705 4552 807 4606 sibi
838 4554 1113 4624 propriam
1140 4565 1347 4612 sortem
1369 4558 1661 4614 haberent.
1694 4560 1799 4614 Sed
1846 4561 1899 4615 in
1935 4564 2111 4631 sepul-

2238 3341 2502 3409 ῥομφαῖαι
2549 3346 2627 3409 είς
2685 3348 2855 3415 τέλος,
2898 3368 2920 3402 θ
2951 3351 3173 3425 ἐξελύθη
3228 3355 3284 3408 δέ
3312 3356 3479 3429 νεῦρα
3512 3358 3808 3430 βραχιόνων

2235 3429 2433 3483 αὐτῶν.
2477 3434 2551 3487 Οὐ
2620 3436 2728 3507 γάρ
2782 3443 3097 3511 νενικήκασι
3142 3445 3233 3498 τὸν
3279 3447 3559 3518 ἀνίκητον.
3623 3429 3808 3506 Κατα-

2234 3523 2513 3588 σκευάζων
2555 3527 2611 3580 δέ
2667 3528 2855 3602 ὥσπερ
2906 3535 3007 3602 τῆς
3057 3538 3433 3608 πνευματικῆς
3473 3539 3704 3611 θεωρίας
3745 3542 3810 3595 τὸ

2233 3611 2392 3682 βαθὺ,
2425 3616 2668 3671 κάτεισιν
2697 3620 2857 3685 εὐθὺς
2888 3624 2980 3676 ἐπὶ
3011 3625 3390 3697 τά-ίστορικῶς
3421 3634 3803 3705 πεπραγμένα,
3918 3624 3921 3625 ν

2227 3704 2427 3798 λέγων,
2463 3708 2545 3761 ὅτι
2610 3728 2628 3761 ι
2655 3712 2934 3784 Συντρίψω
2987 3715 3049 3768 τδ
3091 3717 3243 3784 τόξον
3279 3720 3372 3773 τοῦ
3407 3722 3623 3792 Ἰσραὴλ
3648 3704 3709 3780 ἐν
3736 3729 3829 3798 τῇ.

2233 3797 2441 3851 κοιλάδι
2472 3799 2567 3853 τοῦ
2597 3802 2850 3874 Ἰεζραέλ.
2892 3824 2910 3857 ι
2958 3804 3106 3862 Ἐκεῖ
3138 3809 3246 3881 γὰρ
3283 3813 3563 3884 νενίκηκεν
3604 3797 3802 3888 ’Δζαὴλ

2223 3891 2262 3982 ό
2282 3889 2530 3958 βασιλεὺς
2551 3895 2750 3964 Συρίας
2786 3898 3149 3969 ἀντεξάγοντα
3167 3902 3258 3957 τὸν
3303 3905 3535 3977 Ἰσραήλ.
3584 3909 3801 3982 Ἐπειδὴ

2222 3978 2277 4031 δὲ
2301 3983 2599 4052 προσήκειν
2622 3986 3009 4056 ὑπολαμϐάνω,
3043 3992 3143 4061 τῆς
3167 3994 3476 4061 ἀναγκαίας
3511 3998 3605 4051 καὶ
3634 3978 3799 4054 πνευλ

2224 4069 2461 4140 ματικῆς
2488 4070 2720 4143 θεωρίας
2747 4077 2847 4129 οὐκ
2881 4079 3240 4150 ἀποκομίζειν
3273 4082 3365 4136 τὸν
3415 4084 3594 4154 λόγον,
3620 4089 3800 4142 ἐκεῖνό

2222 4174 2404 4229 φημι,
2433 4160 2495 4214 τὺ
2551 4163 2754 4220 λυποῦν
2787 4167 2959 4234 οὐδὲν,
2993 4170 3242 4242 καθάπερ
3288 4168 3528 4245 ἐγῷμαι,
3576 4177 3798 4233 κοιλάδα

2218 4251 2451 4304 νοεῖσθαι
2473 4253 2565 4306 τοῦ
2596 4256 2848 4327 ’Ῑεζραέλ,
2870 4260 3136 4328 τουτέστι,
3159 4262 3261 4332 τῆς
3283 4265 3375 4317 τοῦ
3392 4266 3526 4319 Θεοῦ
3586 4272 3796 4341 σπορᾶς

2218 4337 2334 4432 ἡτοι
2366 4340 2623 4412 Χριστοῦ,
2648 4345 2711 4398 τὸ
2751 4351 2809 4401 ἐν
2839 4350 2915 4419 τῷ
2950 4352 3112 4422 κήπῳ
3152 4359 3434 4425 μνημεῖον,
3468 4359 3525 4412 ἐν
3556 4354 3601 4427 ᾧ
3634 4337 3727 4413 καὶ
3759 4364 3793 4432 ἡ

2216 4428 2511 4521 ἀνάστασις
2540 4436 3022 4510 ἐπακολουθήσασα
3042 4444 3120 4515 τῷ
3136 4445 3319 4510 πάθει,
3336 4449 3591 4521 νενίκηκε
3618 4428 3791 4506 πάντα

2215 4520 2416 4611 τρόπον
2454 4523 2759 4581 Ἰουδαϊκῶν
2783 4529 3167 4602 τολμημάτων.
3214 4536 3443 4591 Λέλυται
3471 4520 3580 4611 γάρ
3610 4542 3790 4596 αὐτῶν

567 4607 587 4619 υ
839 4607 858 4622 ι
942 4607 962 4624 r
987 4607 1113 4611 "’"‘
1149 4607 1342 4612 """"
1381 4607 1536 4614 “""‘
1554 4607 1661 4614 ""'
1694 4607 1799 4614 ""'
1846 4607 1899 4615 "'
1935 4607 2081 4631 ""l""

535 4656 632 4698 cro
680 4643 972 4701 collocatus
1019 4647 1233 4714 revixit,
1278 4656 1334 4703 et
1383 4650 1671 4704 meditatas
1708 4652 1941 4721 ipsorum
1980 4656 2111 4709 insi-

2238 4610 2299 4663 ῖιά
2327 4611 2425 4681 τῆς
2450 4615 2803 4682 ἀναστάσεως
2831 4622 2899 4674 τὰ
2921 4622 3217 4695 δυστροπὰ,
3258 4628 3352 4680 καὶ
3378 4607 3662 4703 θεοστυγῆ,
3690 4636 3787 4688 καὶ

534 4733 651 4789 dias
695 4733 997 4793 inefﬁcaces
1053 4739 1309 4805 reddidit,
1362 4748 1413 4795 et
1455 4742 1608 4810 quasi
1648 4756 1815 4798 arcus
1858 4748 2112 4801 contrivit

532 4840 627 4892 per
652 4825 727 4892 id,
758 4830 899 4894 quod
930 4830 1161 4899 amplius
1190 4832 1300 4899 pati
1326 4832 1459 4885 nihil
1492 4842 1690 4901 potest.
1730 4834 1794 4888 Et
1821 4836 1965 4905 ipsos
1984 4838 2106 4907 qui-

532 4916 654 4971 dem
683 4933 713 4970 e
744 4921 918 4985 vinea,
956 4932 1015 4975 ut
1057 4921 1169 4977 Deo
1196 4924 1558 4991 detestandos,
1590 4926 1696 4996 23
1737 4937 1791 4982 et
1823 4930 2103 4997 sceiestos,

529 5019 583 5061 et
606 5008 820 5064 Domini
857 5012 1233 5067 interfectores
1258 5012 1442 5081 ejicit,
1484 5029 1717 5084 eamque
1747 5017 1866 5071 aliis
1894 5020 2104 5088 agrico-

530 5098 620 5161 lis,
648 5099 868 5154 boniset
888 5104 1081 5172 gratis,
1127 5113 1181 5159 et
1219 5106 1400 5174 aperis
1444 5104 1672 5159 faciendi
1715 5108 2098 5176 cupidissimis,

520 5187 673 5255 juxta
712 5192 1019 5258 parabolam
1054 5193 1528 5264 evangelicam’",
1562 5195 1723 5249 locat.

525 5308 616 5361 καὶ
676 5313 1078 5381 κυριοκτόνους
1104 5316 1351 5369 ἐκδίδωσι
1394 5316 1450 5369 δὲ
1516 5319 1782 5387 γεωργοῖς

521 5400 662 5455 κατὰ
688 5404 785 5472 τὴν
813 5403 909 5456 τοῦ
940 5406 1271 5474 Εύαγγελίου
1306 5407 1643 5478 παραϐολήν.

594 5492 756 5549 Vens.
787 5494 839 5561 6,
865 5496 919 5548 7.
953 5496 1017 5549 Et
1050 5501 1283 5567 concepit
1307 5500 1500 5566 adhuc,
1536 5511 1582 5553 et
1607 5501 1801 5570 peperit
1824 5502 2015 5572 ﬁliam,
2042 5518 2093 5561 et

518 5582 655 5637 dixit
700 5588 794 5640 ei:
831 5586 972 5642 Voca
1022 5605 1209 5642 nomen
1266 5592 1381 5657 ejus
1438 5592 1655 5661 Absque
1691 5594 2084 5664 misericordia,

514 5678 641 5746 quia
674 5695 998 5749 nequaquam
1024 5681 1219 5736 addam
1244 5683 1384 5737 ultra
1412 5686 1646 5740 misereri
1672 5686 1851 5741 domui
1880 5687 2051 5743 Israel
2067 5709 2086 5755 ;

2216 4704 2475 4771 μιαιφόνα
2506 4709 2844 4778 τολμήματα.
2865 4714 3052 4783 ᾬοντο
3076 4717 3177 4787 μὲν
3203 4717 3311 4789 γὰρ
3330 4720 3393 4772 ἐκ
3425 4722 3589 4791 μέσου
3613 4730 3788 4778 ποιεῖν

2210 4792 2468 4885 δύνασθαι
2503 4797 2592 4852 τὸν
2647 4802 2781 4868 υἱὸν,
2819 4804 2905 4858 ἵνα
2951 4808 3044 4859 καὶ
3076 4807 3274 4879 κλῆρον
3332 4812 3461 4865 ἴδιον
3495 4814 3669 4885 ἔχοιεν
3695 4818 3788 4871 τὸν

2209 4882 2506 4953 ἀμπελῶνα
2535 4889 2722 4946 αὐτοῦ.
2760 4894 2898 4947 Ἀλλ’
2934 4898 2993 4949 ἐν
3047 4899 3295 4971 μνημείῳ
3344 4882 3555 4971 τεθεὶς,
3586 4906 3787 4959 ἀνεϐίω

2209 4973 2393 5042 πάλιν,
2428 4979 2686 5050 ἄπρακτα
2736 4985 2834 5055 τῆς
2875 4986 3096 5041 ἐκείνων
3136 4990 3428 5061 ἐπιϐουλῆς
3468 4995 3784 5063 ἀποφαίνων

2204 5064 2275 5117 τὰ
2308 5069 2619 5140 σκέμματα,
2656 5076 2749 5127 καὶ
2773 5080 3053 5148 μονονουχὶ
3078 5082 3378 5152 συντρίϐων
3403 5085 3471 5138 τὰ
3497 5086 3646 5151 τόξα,
3690 5088 3784 5143 διὰ

2205 5155 2300 5248 τοῦ
2339 5160 2503 5229 μηδὲν
2534 5161 2613 5215 ἔτι
2666 5164 2925 5219 δύνασθαι
2983 5170 3194 5225 παθεῖν.
3225 5173 3336 5224 Καὶ
3383 5175 3633 5229 ἐκϐάλλει
3679 5179 3780 5248 μὲν

2209 5245 2407 5312 αὐτοὺς
2437 5252 2531 5305 τοῦ
2560 5255 2881 5323 ἀμπελῶνος
2907 5258 2981 5322 ὡς
3012 5258 3307 5331 θεομισεῖς,
3343 5265 3439 5318 καὶ
3468 5245 3738 5338 πονηρούς
3757 5310 3771 5334 ,

1829 5319 2039 5392 ἑτέροις
2104 5331 2285 5401 αὑτὸν,
2360 5319 2730 5420 ἀγαθοῖς-καὶ
2772 5319 3119 5419 εὐγνώμοσι,’
3146 5319 3774 5426 καὶτιριλεργεστάτοιζ

2268 5514 2382 5568 Καὶ
2414 5520 2752 5577 συνέλαϐεν
2774 5525 2884 5592 ἔτι,
2936 5528 3035 5583 καὶ
3073 5528 3281 5585 ἔτεκεν
3333 5533 3645 5602 θυγατέρα,
3673 5534 3773 5592 καὶ

2195 5596 2365 5656 εἶπεν
2427 5608 2623 5674 αὐτῷ·
2686 5614 2963 5672 Κάλεσον
3025 5621 3090 5673 τὸ
3162 5622 3347 5691 ὄνομα
3413 5596 3604 5693 αὐτῆς
3632 5596 3771 5683 Ὀὐκ

2193 5693 2510 5765 ἠλεημένη·
2581 5701 2730 5757 διότι
2790 5710 2862 5761 οὐ
2894 5709 2980 5779 μὴ
3038 5713 3362 5780 προσθήσω
3403 5716 3489 5769 ἐτι
3518 5715 3769 5785 ἐλεῆσαι

583 5850 632 5883 ⁷⁸
660 5851 793 5907 Gen.
827 5869 975 5919 xux,
1009 5856 1094 5911 f0.
1170 5857 1215 5890 ⁷³
1252 5860 1271 5913 l
1313 5859 1444 5928 Reg.
1474 5877 1534 5924 il,
1564 5862 1615 5919 4.
1693 5864 1738 5894 ⁷⁵
1770 5863 1911 5919 Psal.
1946 5882 2022 5933 ιχ,
2060 5866 2109 5919 7.

2241 5872 2255 5891 ⁸
2295 5868 2482 5927 Matth.
2510 5892 2616 5941 κει,
2662 5880 2753 5935 ‘23.
