4094 6586
1590 303 1707 319 7,-οέ-

256 436 332 496 48
1210 425 1760 486 COMMENTARIUS
1802 422 1869 479 1N
1905 421 2142 478 OSEAM
2175 421 2631 479 PROPHETA‘M.
3463 430 3532 486 46

259 556 370 612 τὸν
400 549 570 610 οἶκον
604 552 878 623 Ἰσραὴλ,
905 552 1043 607 ἀλλ’
1079 548 1117 616 ἢ
1143 549 1659 617 ἀντιτασσόμενος
1690 545 1849 599 ἀντι-

1968 544 2044 596 ιειι
2092 553 2375 596 adversam
2427 541 2743 596 adversabor
2792 543 2887 597 eis.
2926 541 3191 599 Filiorum
3230 563 3346 601 vero
3388 546 3533 602 Iuda

259 649 515 721 τάξομαι
576 648 801 714 αὐτοῖς.
854 645 1005 713 Τοὺς
1039 645 1108 699 δὲ
1137 644 1308 710 υίοὺς
1376 642 1563 697 Ἰούδα
1590 640 1853 706 ἐλεήσω,

246 743 361 796 τκαί
385 740 567 797 σώσω
595 740 815 805 αὐτοὺς
844 738 914 793 ἐν
963 738 1160 807 Κυρίῳ
1208 734 1331 801 Θεῷ
1368 731 1590 798 αὐτῶν,
1635 733 1734 786 καί
1786 732 1857 784 οὺ

262 834 446 889 σώσω
483 831 708 898 αὐτοὺς
744 830 815 884 ἐν
850 829 1026 895 τόξῳ,
1052 828 1192 883 οὔτε
1231 826 1303 881 ἐν
1342 825 1607 895 πολέμῳ,
1631 822 1861 879 οὕτεέν

263 925 553 996 ἅρμασιν,
593 923 731 977 οὔτε
763 921 832 975 ἐν
860 922 1089 988 ἵπποις,
1113 919 1252 974 οὔτε
1279 919 1348 973 ἐν
1368 917 1679 972 ίππεῦσιν.

336 1018 415 1071 E'.
454 1014 614 1071 Μετὰ
659 1014 721 1068 τὸ
739 1012 1003 1084 τεχθῆναι
1059 1011 1151 1065 τὸν
1192 1010 1433 1081 Ἰεζραὲλ
1463 1008 1756 1079 γεγένηται
1782 1004 1860 1076 τῷ

267 1109 517 1179 προφήτῃ
549 1106 732 1178 κόριον
761 1106 827 1158 ὲκ
848 1105 949 1173 τῆς
985 1103 1189 1175 Γόμερ,
1228 1097 1272 1171 ᾦ
1313 1101 1410 1156 καὶ
1452 1099 1623 1171 ὄνομα
1646 1098 1860 1153 κεῖσθαι

265 1201 377 1255 δεῖν
412 1198 772 1270 προστέταχε,
824 1196 909 1261 τὸ,
939 1213 957 1247 t
984 1195 1100 1249 Οὐκ
1134 1192 1431 1265 ήλεημένη.
1475 1190 1754 1261 Ἐπιφέρει
1804 1189 1861 1242 δὲ

266 1290 612 1364 παραχρῆμα
637 1288 733 1344 τοῦ
788 1286 996 1343 τοιοῦδε
1040 1286 1142 1357 τὴν
1185 1286 1484 1358 πρόφασιν,
1520 1282 1616 1336 καὶ
1650 1281 1748 1352 τὴν
1774 1281 1860 1332 αἰ-

265 1384 389 1438 τίαν
424 1382 587 1445 εὐθὺς
613 1379 936 1452 καθίστησιν
976 1377 1204 1448 ἐναργῆ,
1247 1375 1504 1445 οὐδεμιᾶς
1533 1372 1613 1426 ἔτι
1648 1368 1862 1440 φειδοῦς

266 1473 668 1547 άξιωθήσεσθαι
711 1471 887 1541 λέγων
941 1470 1033 1523 τὸν
1078 1466 1327 1539 Ἰσραήλο
1355 1463 1752 1533 ἀνταναστῆναι
1805 1459 1861 1513 δὲ

268 1567 459 1638 ὥσπερ
475 1566 679 1631 αὐτοῖς,
703 1564 798 1617 καὶ
830 1564 888 1616 ὲν
916 1561 1069 1627 τάξει
1099 1558 1354 1630 γενέσθαι
1378 1556 1487 1610 τῶν
1515 1558 1595 1609 ὅτι
1627 1553 1861 1625 μάλιστα

269 1655 718 1728 πολεμιωτάτων,
752 1653 847 1707 καὶ
888 1654 1009 1714 ταῖς
1042 1649 1369 1721 εὐπραγίαις
1424 1645 1606 1700 αὐτῶν
1641 1645 1862 1698 ἀντιπε-

276 1747 488 1803 σεῖσθαι
524 1745 809 1817 γεννικῶς,
842 1744 918 1808 ὡς
946 1746 1026 1806 εἰς
1073 1741 1311 1813 ἐσχάτην
1344 1739 1541 1801 αὐτοὺς
1570 1735 1861 1804 ἀθλιότητα

274 1836 730 1900 κατολισθαίνειν,
792 1834 889 1889 καὶ
943 1832 1227 1887 δύσοιστον
1289 1829 1506 1901 ἀληθῶς
1565 1826 1860 1895 ἀνατλῆναι

274 1930 583 2002 συμφοράν.
611 1927 747 1982 Θεοῦ
800 1926 908 1999 γὰρ
960 1923 1379 1995 ἀνθεστηκότος,
1439 1918 1738 1990 οὐδαμόθεν
1789 1916 1855 1971 ἂν
1888 1907 1929 1962 Β

271 2023 489 2093 γένοιτο
519 2022 635 2086 τοῖς
675 2014 943 2075 παθοῦσιν
970 2021 1005 2088 ὴ
1065 2016 1272 2088 ὄνησις.
1321 2032 1339 2065 ‹
1375 2012 1503 2066 Ἐάν
1530 2011 1637 2083 γὰρ
1665 2009 1858 2083 κλείσῃ

271 2116 419 2172 κατά
436 2114 751 2187 ἀνθρώπου,
787 2111 874 2177 τίς
904 2109 1137 2176 ἀνοίξει;
1175 2126 1193 2159 ›
1226 2106 1409 2177 φησιν.
1444 2105 1557 2159 Kal.
1638 2119 1803 2174 φησιν
1831 2104 1859 2155 ὁ

273 2207 586 2280 προφήτης,
614 2224 633 2257 ι
666 2204 779 2276 Τὴν
799 2205 959 2273 χεῖρα
972 2201 1071 2273 τὴν
1094 2197 1325 2270 ὑψηλὴν,
1353 2196 1437 2260 τίς
1454 2192 1854 2265 ἀποστρέψεις»

272 2301 307 2371 ἢ
336 2300 422 2363 τίς
454 2298 669 2370 ἐλεήσει
708 2296 800 2349 τὸν
850 2294 939 2348 διὰ
973 2293 1075 2363 τῆς
1107 2290 1312 2348 ἄνωθεν
1364 2288 1547 2359 ψήφου
1579 2285 1861 2340 καταδεδι-

273 2391 589 2463 κασμένονς
623 2388 812 2443 Πάντα
840 2386 950 2458 γάρ
1000 2386 1113 2447 τοῖς
1167 2382 1333 2446 θείοις
1376 2381 1569 2434 ἕπεται
1596 2378 1826 2450 νεύμασι
1846 2417 1859 2441 ,

273 2483 370 2537 καὶ
418 2483 556 2555 ὅπερ
599 2480 668 2535 ἂν
718 2479 895 2533 ἕλοιτο
953 2473 1255 2548 κατορθοῦν
1293 2476 1322 2527 ὁ
1367 2472 1667 2541 Δεσπότης,
1708 2468 1862 2522 τοῦτο

274 2574 544 2647 ἀμελλητὶ
620 2572 800 2642 πάντη
855 2587 917 2624 τε
977 2568 1072 2623 καὶ⁴
1149 2567 1368 2628 πάντως
1419 2559 1858 2632 διαπεραίνεται,

278 2664 755 2739 συνεργαζομένης
775 2661 925 2734 αὐτῷ
951 2660 1052 2730 τῆς
1073 2658 1322 2720 κτίσεως,
1347 2657 1442 2709 καὶ
1463 2655 1584 2716 ταῖς
1602 2649 1697 2705 τοῦ
1727 2666 1864 2721 κρα-

275 2756 501 2822 τοῦντος
554 2752 961 2824 ἀκολουθούσης
988 2752 1211 2821 ψήφοις.
1248 2745 1406 2801 Οὕτω
1445 2743 1740 2798 κεκόλακεν
1772 2741 1865 2794 Αί-

277 2848 564 2918 γυπτίους,
585 2843 1176 2918 μεταστοιχειουμένων
1204 2840 1312 2917 τῶν
1356 2837 1567 2891 ὑδάτων
1595 2836 1673 2899 εἰς
1702 2829 1861 2905 αἷμα,

278 2941 375 2994 καί¹
408 2938 507 3010 τῆς
545 2938 776 3010 αίθάλης
798 2939 877 3001 εἰς
902 2936 1159 2997 σκνῖπας,
1182 2931 1278 2985 καί¹
1325 2929 1601 3000 ἀφορήτου
1625 2924 1865 2998 χαλάζης

278 3030 643 3103 καθιεμένης,
689 3027 902 3101 μακροῦ
930 3027 987 3081 δὲ
1016 3026 1112 3079 καὶ
1132 3022 1433 3095 τριημέρου
1460 3019 1864 3091 καταχεομένου

280 3123 530 3189 σκότους,
552 3122 648 3176 καὶ
675 3120 785 3175 τῶν
808 3119 982 3175 ἄλλων
1008 3117 1262 3173 ἁπάντων
1291 3114 1474 3177 αὐτοῖς
1499 3110 1866 3181 ἐπενηνεγμέ-

281 3232 411 3270 νων.
447 3212 658 3268 Οὐκοῦν
672 3212 845 3284 ὄνομα
865 3210 944 3281 τῷ
959 3208 1150 3281 κορίῳ,
1178 3208 1241 3261 τὸ
1261 3205 1374 3259 Οὐκ
1399 3202 1697 3275 ὴλεημένη,
1729 3216 1865 3272 χρηο

283 3305 459 3377 σίμως
475 3321 536 3358 τε
561 3298 659 3359 καὶ
682 3301 1021 3371 ἀναγκαίως,
1054 3299 1141 3353 ἵνα
1156 3298 1257 3368 τὴν
1284 3296 1465 3350 αἰτίαν
1490 3294 1585 3348 τοῦ
1611 3292 1866 3365 πράγμα-
1890 3287 1933 3347 C

281 3413 373 3461 τος
393 3394 877 3465 φιλοπευστοῦντες
903 3392 1009 3459 ἀεὶ,
1040 3392 1134 3445 καὶ
1162 3389 1227 3461 δὴ
1284 3389 1375 3443 καὶ
1429 3386 1793 3458 μανθάνοντες
1815 3387 1866 3439 οί

281 3490 345 3544 τὸ
372 3488 623 3561 τηνικάδε
654 3486 741 3541 διὰ
772 3488 871 3557 τῆς
897 3483 1162 3539 πολυθέου
1186 3483 1395 3554 πλάνης
1426 3480 1865 3552 προσκεκρουκό-

282 3600 374 3647 τες
434 3581 577 3654 Θεῷ,
636 3582 856 3652 φρονεῖν
916 3595 978 3632 τε
1054 3577 1150 3631 καὶ
1193 3575 1326 3647 δρᾷν
1375 3571 1751 3628 ἀναπείθοιντο
1798 3570 1868 3624 τά

286 3675 496 3748 ἀμείνω
542 3674 638 3728 καὶ
660 3670 1107 3744 πρεπωδέστερα,
1127 3667 1313 3722 λοιπόν
1335 3683 1394 3719 τε
1414 3662 1867 3737 μεταφοιτήσειαν

284 3767 425 3841 πρὸς
452 3767 514 3821 τὸ
538 3764 754 3819 ἑλέσθαι
786 3762 1100 3834 σωφρόνως,
1137 3760 1238 3814 κᾶν
1277 3758 1410 3829 γοῦν
1441 3760 1554 3821 τοῖς
1596 3755 1868 3827 δευτέροις

284 3857 640 3914 ἀποσείεσθαι
667 3856 765 3928 τὴν
792 3855 981 3928 ὀργὴν,
1000 3854 1204 3925 εὐμενῆ
1229 3853 1322 3906 καὶ
1347 3852 1520 3923 πρᾶον
1547 3849 1630 3919 ἐφ’
1660 3849 1869 3910 ἑαυτοῖς

284 3949 728 4018 καταστήσαντες
755 3945 1129 4017 λελυπημένον
1180 3944 1274 3997 τὸν
1329 3942 1467 3996 ὅλων
1499 3940 1651 3994 Θεὸν.
1684 3940 1867 3992 Ἔοικε

283 4042 345 4097 δὲ
372 4041 535 4096 πάλιν
564 4042 593 4094 ὁ
614 4038 950 4113 προφητικὸς
974 4040 1108 4109 ἡμῖν
1134 4038 1191 4090 ὲν
1216 4034 1425 4098 τούτοις
1457 4032 1752 4105 ὐποδηλοῦν
1778 4030 1868 4083 λό-

286 4151 380 4203 γος
412 4133 513 4197 τάς
544 4131 918 4202 γεγενημένας
951 4127 1332 4200 αἰχμαλωσίας
1363 4124 1458 4179 τοῦ
1493 4122 1729 4194 Ἰσραὴλ,
1762 4119 1868 4174 ὐπό

283 4243 348 4280 τε
374 4224 468 4280 τοῦ
490 4222 949 4293 Θεγλαφαλασάρ,
987 4220 1083 4274 καὶ¹
1120 4218 1301 4290 μέντοι
1354 4213 1719 4287 Σαλμανασάρ
1772 4213 1870 4283 βα-

288 4317 482 4372 σιλέων
527 4315 850 4387 Ἀσσυρίων,
879 4313 927 4366 οἳ
966 4310 1291 4383 μετῴκησαν
1314 4310 1378 4361 ὲκ
1412 4306 1729 4377 Σαμαρείας
1780 4304 1869 4356 τὸν

300 4408 519 4481 Ἰσραὴλ
551 4409 630 4472 εἰς
658 4406 728 4460 τὰ
754 4406 877 4477 ὅρια
899 4402 1125 4476 Περσῶν
1169 4402 1265 4454 καὶ
1318 4400 1539 4470 Μήδων.
1584 4398 1683 4462 τὰς
1716 4398 1774 4450 ὲν
1801 4399 1867 4467 τῇ

284 4502 576 4573 Σαμαρείᾳ
599 4496 1049 4571 καταδῃώσαντες
1080 4493 1285 4558 πόλεις.
1331 4492 1471 4545 Ἀλλ’
1501 4491 1601 4544 οὐκ
1649 4489 1715 4543 ἂν
1750 4490 1871 4552 ταῖς

284 4593 431 4648 οὐτω
453 4592 657 4653 δειναῖς
707 4586 1164 4660 περιπεπτὼκασι
1206 4586 1534 4656 συμφοραῖς,
1570 4582 1868 4653 ἐπαμύνειν

283 4684 474 4744 αὐτοῖς
501 4680 778 4742 ἐθέλοντος
808 4676 969 4741 Θεοῦ,
997 4676 1197 4747 μᾶλλον
1227 4675 1301 4740 δὲ,
1328 4675 1403 4746 μὴ
1422 4673 1584 4727 οίονεί
1630 4689 1747 4736 πως
1776 4672 1870 4725 καὶ

282 4771 696 4840 ἀντεξάγοντος,
726 4769 823 4823 καὶ
854 4770 911 4821 ὲν
936 4766 1087 4831 τάξει
1142 4765 1417 4835 πολεμίων
1456 4762 1865 4833 ἀνθεστηκότες.

287 4865 435 4935 Ἔφη
462 4863 571 4933 γάρ
598 4860 863 4932 ἐναργῶς,
891 4859 974 4912 ὅτι
1046 4856 1527 4927 Ἀντιτασσόμενος
1592 4852 1868 4919 ἀντιτάξο-

286 4973 390 5028 μαι
456 4954 661 5017 αὐτοῖς.
738 4953 1011 5023 Ἐλεήσειν
1048 4949 1106 5003 δὲ
1156 4949 1283 5012 τοὺς
1315 4948 1465 5011 υίούς
1530 4944 1700 4999 Ἰούδα
1743 4961 1873 4997 κατ-

282 5047 699 5117 ιπαγγέλλεται,
731 5046 826 5099 καὶ
852 5043 1046 5098 σώσειν
1080 5044 1300 5105 αὐτοὺς,
1327 5040 1388 5095 οὐ
1436 5038 1680 5107 πολέμου
1720 5036 1870 5106 νόμῳ

282 5139 484 5210 (τοῦτο
511 5138 620 5209 γὰρ
641 5136 722 5201 τὸ,
761 5136 862 5189 οὐκ
904 5138 963 5189 ὲν
996 5136 1261 5207 ἅρμασιν,
1309 5132 1431 5186 οὐδὲ
1474 5132 1531 5184 ὲν
1575 5129 1807 5197 ἵπποις)ο
1842 5128 1871 5179 ὃ

278 5231 349 5301 δὴ
379 5230 475 5283 καὶ
527 5228 856 5289 τετέλεσται,
883 5227 979 5280 τοῦ
1014 5228 1358 5299 Σεναχηρεὶμ
1406 5222 1749 5295 περιέχοντος
1781 5220 1871 5273 κύ-

279 5324 399 5394 κλῳ
437 5324 537 5392 τὴν
571 5322 950 5395 Ἰερουσαλὴμ,
987 5324 1076 5377 ὅτε
1113 5322 1335 5391 καὶτῆς
1374 5318 1523 5381 θείας
1554 5316 1711 5386 δόξης
1738 5333 1868 5368 κατ-

277 5398 545 5485 εφλυάρει
606 5414 907 5486 Ῥαψάκης,
950 5414 1025 5478 ὡς
1072 5414 1173 5468 οὐκ
1232 5413 1299 5466 ἂν
1382 5397 1652 5481 ἰσχύσειεν
1682 5406 1873 5472 εἰπὼν,

276 5506 566 5560 ἀνασῶσαι
587 5505 719 5569 Θεὸς
748 5508 845 5577 τήν
868 5522 928 5558 τε
960 5501 1337 5576 Ἰερουσαλὴμ,
1357 5502 1451 5556 καὶ
1480 5502 1603 5564 τοὺς
1629 5502 1686 5553 ὲν
1713 5500 1873 5568 αὐτῇ,

280 5596 624 5667 προεκόμιζε
653 5596 709 5650 δὲ
742 5598 823 5660 είς
878 5595 1149 5660 ἀπόδειξιν
1183 5594 1276 5647 τοῦ
1312 5594 1487 5663 πάντη
1518 5608 1577 5645 τε
1606 5591 1698 5644 καὶ
1738 5591 1876 5643 πάν-

274 5702 392 5749 τως
416 5684 724 5740 ἁλώσεσθαι
768 5689 859 5740 καὶ
905 5687 1124 5751 αὐτοὺς,
1155 5684 1216 5738 τὸ
1274 5684 1349 5756 μὴ
1381 5680 1699 5753 δεδυνῆσθαι
1751 5681 1876 5743 τοὺς

1961 633 2265 699 miserebor,
2286 642 2334 688 et
2370 632 2583 688 salvabo
2611 648 2699 687 eos
2722 634 2779 688 in
2804 635 3027 691 Domino
3058 638 3166 693 Deo
3196 656 3315 709 suo,
3345 651 3393 696 et
3433 659 3536 697 non

1960 725 2171 781 saluabo
2205 740 2290 778 eos
2323 725 2376 777 in
2410 738 2562 792 arcu,
2585 741 2748 794 neque
2789 725 2843 779 in
2879 726 3271 800 gladio,neque
3296 730 3353 785 in
3381 731 3535 797 bello,

1960 833 2124 886 neque
2163 816 2217 869 in
2248 814 2512 881 curribus,
2559 831 2723 886 neque
2759 816 2813 870 in
2858 818 3026 887 equis,
3075 834 3235 890 neque
3264 820 3319 874 in
3347 822 3508 890 equiti
3521 851 3536 861 -

1962 908 2075 961 bus.

2033 999 2097 1056 V.
2137 999 2261 1056 Post
2282 1010 2465 1056 natum
2496 1000 2872 1068 Jezrael,nata
2896 1008 2981 1057 est
3005 1002 3284 1071 praphetae
3309 996 3541 1072 p'uellnla

1962 1109 2025 1148 cx
2046 1094 2269 1158 Gorner,
2288 1094 2374 1148 cui
2392 1103 2446 1148 et
2461 1107 2654 1150 nomen
2665 1093 2826 1161 jussit
2845 1092 3070 1165 imponi,
3090 1093 3357 1160 videlicet,
3371 1114 3388 1146 ι
3402 1094 3541 1149 Abs:

1962 1200 2066 1256 que
2090 1185 2481 1241 misericordia.
2516 1204 2535 1237 ι
2571 1184 2832 1256 Adjungit
2860 1185 3041 1240 statim
3087 1185 3453 1251 occasionem,
3491 1195 3545 1237 el

1962 1292 2181 1333 causam
2210 1277 2354 1332 illico
2384 1276 2531 1332 clare
2560 1262 2755 1347 aperit,
2780 1277 2989 1343 dicens,
3017 1276 3158 1331 nulla
3192 1275 3426 1345 amplius
3463 1290 3546 1329 vc-

1963 1373 2050 1426 nia
2076 1385 2136 1425 se
2164 1369 2327 1425 Israel
2360 1369 2707 1440 dignaturum
2735 1407 2751 1434 ,
2791 1369 2884 1425 sed
2916 1369 3070 1438 quasi
3103 1378 3292 1424 contra
3337 1382 3431 1424 eos
3462 1370 3545 1423 in-

1962 1472 2358 1528 surrecturum,
2395 1473 2449 1516 et
2501 1462 2621 1517 loco
2666 1457 3014 1516 iufensissimi
3068 1461 3241 1516 hostis
3281 1460 3541 1523 futurum,

1964 1557 2314 1626 ipsorumque
2351 1553 2599 1609 felicitati
2638 1553 2867 1607 viriliter
2908 1556 3352 1618 adversaturum,
3384 1563 3444 1607 ut
3490 1552 3541 1605 in

1962 1658 2263 1703 extremam
2310 1646 2587 1703 miseriam
2644 1645 3075 1715 praecipitentur,
3112 1653 3165 1700 ct
3193 1660 3323 1700 vere
3352 1645 3544 1700 intole-

1965 1741 2190 1795 randam
2243 1740 2610 1796 calamitatem
2660 1739 2962 1811 perferant.
3023 1742 3135 1796 Deo
3180 1741 3383 1811 quippe
3417 1741 3547 1794 resi-

1964 1841 2167 1897 stente,
2198 1831 2413 1886 afﬂictis
2460 1848 2727 1901 nusquam
2749 1831 3075 1902 relinquitur
3119 1832 3401 1887 auxilium.
3439 1850 3457 1885 ι
3488 1831 3544 1886 Si

1959 1923 2103 1976 enim
2146 1923 2406 1979 clauserit
2438 1932 2629 1979 contra
2682 1924 2981 1990 hominem,
3011 1924 3133 1993 quis
3165 1924 3376 1993 aperiet
3402 1923 3492 1978 "7
3521 1943 3539 1975 ι

1959 2014 2153 2084 inquit.
2188 2015 2251 2070 Et
2290 2024 2349 2070 ut
2378 2002 2453 2070 ait
2484 2015 2625 2071 idem
2655 2016 2914 2085 propheta
2938 2033 2950 2070 :
2970 2033 2990 2068 ι
3017 2015 3236 2070 Manum
3271 2015 3541 2071 excelsam

1960 2108 2083 2176 quis
2113 2117 2323 2164 avertet
2348 2109 2434 2162 7°?
2470 2128 2489 2161 ι
2516 2117 2609 2162 aut
2640 2108 2847 2163 caelesti
2887 2108 3158 2164 sententia
3198 2109 3545 2163 condemnati

1962 2199 2085 2268 quis
2113 2199 2496 2255 miserebitur?
2530 2198 2722 2255 Omnia
2748 2200 2947 2270 quippe
2973 2209 3158 2254 nutum
3191 2199 3430 2254 divinum
3458 2213 3546 2253 se-

1962 2300 2294 2363 quttntur,et
2326 2305 2445 2360 qua
2483 2289 2744 2346 Dominus
2768 2291 2872 2345 rite
2900 2292 3083 2347 facere
3110 2290 3358 2357 voluerit,
3384 2292 3436 2346 id
3462 2292 3544 2346 ci—

1964 2394 2044 2438 tra
2093 2399 2296 2438 moram
2337 2383 2661 2438 omnimodis
2686 2384 2988 2453 perficitur,
3039 2392 3293 2453 creatura
3333 2383 3409 2437 illi
3452 2398 3547 2439 co-

1961 2483 2241 2543 Operante.
2262 2474 2663 2533 etdominantis
2698 2474 3078 2530 auctoritatem
3106 2474 3423 2530 comitante.
3451 2473 3545 2530 Sic

1963 2566 2172 2636 punivit
2198 2564 2506 2638 Egyptios,
2538 2569 2694 2637 aquis
2719 2568 2772 2622 in
2795 2568 3136 2638 sanguinem,
3162 2576 3217 2623 et
3246 2569 3427 2625 cinere
3451 2581 3545 2623 seu

1965 2660 2184 2730 pulvere
2207 2659 2262 2714 in
2296 2659 2542 2729 ciniphes
2559 2661 2927 2726 commutatis,
2953 2669 3010 2716 et
3037 2659 3246 2731 dejecta
3282 2662 3546 2732 grandine

1965 2751 2235 2817 horribili,
2263 2752 2655 2822 propemodum
2690 2753 2857 2808 etiam
2879 2752 3150 2809 triduanis
3175 2753 3412 2808 tenebris
3446 2754 3548 2809 dif-

1966 2844 2125 2910 fusis,
2164 2852 2220 2899 et
2253 2843 2381 2899 aliis
2413 2844 2666 2899 omnibus
2700 2844 2983 2914 suppliciis
3015 2843 3347 2901 ἱηηίειίεντ.»
3367 2842 3548 2910 Quare

1966 2936 2156 3007 puellae
2186 2952 2381 2991 nomen
2415 2937 2665 3007 «Absque
2700 2937 3106 2993 misericordia»
3131 2938 3337 2994 utiliter
3361 2952 3426 2994 ac
3455 2954 3549 2992 nc-

1968 3028 2208 3084 cessario
2248 3029 2568 3099 imponitur,
2600 3038 2659 3083 ut
2698 3044 2915 3085 causam
2950 3030 3026 3085 rei
3057 3029 3326 3087 curiosius
3359 3031 3546 3087 scisci-

1969 3128 2145 3177 tantes
2174 3134 2387 3191 semper
2445 3131 2499 3177 et
2536 3131 2924 3191 cognoscentes
2965 3122 3057 3192 qui
3091 3130 3217 3178 tunc
3254 3121 3418 3178 Deum
3451 3138 3548 3194 per

1970 3213 2339 3269 seductionem
2373 3213 2548 3269 cultus
2592 3214 2883 3269 multorum
2930 3213 3153 3269 deorum
3185 3212 3544 3277 offenderant,

1967 3304 2033 3359 ad
2064 3305 2286 3360 meliora
2319 3316 2371 3359 et
2404 3305 2599 3361 rationi
2654 3306 2825 3377 magis
2848 3317 3214 3361 consentanea
3257 3308 3544 3375 cogitanda

1967 3397 2323 3467 faciendaque
2362 3398 2725 3460 inducantur,
2775 3408 2830 3455 et
2876 3399 2943 3454 de
2988 3408 3185 3455 caetero
3229 3401 3543 3468 [rudentcr,

1968 3486 2158 3542 saltem
2206 3487 2602 3555 posterioribus
2652 3488 3070 3556 cogitationibus
3119 3490 3253 3542 iram
3309 3488 3545 3542 divinam

1970 3578 2180 3633 amoliri
2211 3578 2841 3647 cupiant,universorum
2871 3579 3038 3633 Deum
3072 3577 3357 3644 offensum,
3387 3579 3551 3634 henc-

1971 3672 2151 3728 volum
2199 3672 2303 3727 sibi
2364 3686 2428 3725 ac
2483 3672 2667 3726 mitem
2725 3671 3058 3735 ellicientes._
3093 3674 3319 3728 Videtur
3365 3682 3546 3727 autem

1968 3762 2231 3831 propheta
2260 3777 2450 3815 rursus
2477 3761 2633 3817 nobis
2664 3764 2766 3816 hoc
2794 3763 2913 3816 loco
2941 3762 3195 3818 lsraelem
3228 3780 3256 3817 a
3291 3763 3549 3834 Theglat-

1968 3854 2221 3923 phalasar
2247 3864 2303 3907 et
2343 3852 2691 3908 Salmanasar
2716 3852 3061 3924 Assyriorum
3094 3854 3310 3925 regibus
3331 3866 3545 3924 captum

1969 3945 2336 4010 subindicare,
2372 3943 2482 4017 24
2511 3945 2601 4014 qui
2630 3958 2661 4000 e
2691 3945 2962 4011 Samaria,
2995 3946 3112 4016 ejus
3136 3949 3364 4003 urbibus
3400 3949 3547 4002 illata

1970 4035 2323 4100 vastitudine,
2353 4036 2600 4090 eumdem
2632 4036 2697 4090 ad
2727 4046 2937 4091 montes
2973 4036 3258 4092 Persarum
3288 4047 3341 4092 ct
3371 4037 3551 4093 Medo-

1973 4143 2090 4182 rum
2128 4127 2543 4181 transtulerunt.
2569 4126 2747 4196 Atque
2772 4127 2825 4182 in
2852 4141 2955 4182 tam
2988 4145 3179 4199 graves
3213 4132 3551 4186 calamitates

1972 4234 2078 4275 non
2129 4219 2464 4284 incidissent,
2517 4220 2561 4275 si
2609 4219 2748 4276 Deus
2791 4222 3081 4278 defendere
3109 4238 3201 4278 eos
3258 4226 3547 4289 voluisset;

1972 4309 2081 4364 imo
2128 4309 2227 4364 nisi
2268 4310 2669 4380 quodammodo
2716 4312 2887 4366 aciem
2938 4323 3127 4367 contra
3167 4314 3466 4381 eduxisset,
3498 4329 3551 4371 et

1974 4401 2144 4456 instar
2172 4401 2342 4455 hostis
2371 4392 2691 4457 adversatus
2717 4412 2880 4457 esset.
2906 4404 2993 4457 Ait
3027 4407 3171 4459 enim
3208 4409 3547 4475 apertezAd—
3640 4444 3647 4450 -

1972 4507 2199 4547 versans
2234 4493 2567 4549 adversabor
2633 4493 2761 4549 illis.
2814 4482 3237 4551 Misericordiam
3270 4511 3446 4553 autem
3484 4499 3546 4553 li-

1975 4583 2061 4641 liis
2112 4583 2262 4639 Judze
2317 4586 2647 4641 tributurum
2686 4603 2743 4642 se
2775 4589 3079 4657 pollicetur,
3123 4599 3176 4644 et
3220 4592 3550 4647 salvalttrum

1974 4692 2092 4741 eos,
2128 4692 2234 4731 non
2270 4677 2388 4746 lege
2422 4694 2486 4734 ac
2514 4694 2667 4734 more
2706 4681 2949 4748 militari,
2984 4682 3084 4737 hoc
3119 4684 3260 4736 enim
3294 4695 3376 4739 est
3411 4687 3550 4754 quod

1981 4770 2137 4833 dicit,
2185 4772 2372 4826 nonin
2414 4772 2687 4839 curribus,
2720 4788 2819 4828 nec
2885 4774 2936 4826 in
2968 4776 3143 4843 equis,
3194 4780 3337 4847 quod
3387 4779 3548 4831 etiam

1978 4862 2278 4931 praestitum
2310 4871 2415 4929 est,
2448 4861 2800 4918 Senacherim
2848 4863 3240 4937 Jerosolymam
3273 4868 3552 4922 obsidioni:

1980 4953 2609 5024 circumdante,quando
2636 4963 2690 5009 et
2728 4956 2992 5011 adversus
3024 4958 3112 5012 Dei
3146 4959 3369 5028 gloriam
3412 4959 3526 5013 Rah

1980 5061 2134 5101 saces
2169 5046 2493 5115 hlaterahat,
2514 5048 2835 5119 dicebatque
2864 5065 2970 5103 non
3031 5066 3186 5120 posse
3207 5051 3373 5106 Deum
3401 5053 3552 5107 Jeru-

1978 5135 2239 5207 solymam
2276 5146 2331 5191 et
2362 5137 2569 5193 incolas
2587 5138 2702 5206 ejus
2727 5141 3307 5213 tueri,adducebatque
3337 5159 3434 5214 pro
3465 5162 3553 5198 nr-

1976 5234 2231 5296 gumento
2260 5227 2590 5296 firmissimo,
2620 5229 2777 5299 plane
2808 5232 2954 5299 ipsos
2980 5246 3193 5301 quoque
3227 5233 3279 5286 in
3312 5243 3549 5303 potesta-

1978 5329 2084 5372 tem
2116 5330 2398 5386 venturos,
2416 5322 2558 5390 quod
2587 5322 2659 5376 dii
2689 5322 2742 5376 in
2780 5324 3025 5377 Samaria
3062 5339 3191 5379 suos
3217 5325 3429 5395 eripere
3457 5344 3550 5382 ne—

1976 5411 2418 5479 qnivissent.Sed
2445 5416 2588 5470 enim
2619 5425 2866 5471 servatus
2897 5426 2981 5471 est
3014 5415 3182 5472 Juda's
3211 5418 3547 5480 mirabiliter,

1976 5501 2081 5556 hoc
2117 5513 2220 5570 est,
2255 5502 2558 5561 Jerusalem
2599 5506 2905 5564 habitantes
2950 5509 3068 5563 dum
3104 5508 3295 5563 tribus.
3329 5527 3347 5559 ι
3374 5507 3552 5562 Exivit

1975 5594 2120 5648 enim
2168 5595 2392 5666 angelus
2421 5597 2659 5664 Domini,
2692 5598 2887 5670 inquit,
2932 5609 2984 5656 et
3006 5600 3205 5656 occidit
3253 5615 3320 5655 ex
3356 5599 3552 5653 castris

1977 5684 2322 5756 Assyriorum
2370 5702 2478 5744 una
2528 5700 2686 5747 nocte
2733 5700 2951 5749 centum
3001 5691 3272 5762 octoginta
3310 5691 3551 5762 quinque

354 5863 400 5897 "
430 5863 532 5921 lsa.
570 5881 702 5929 uti,
739 5865 828 5919 2‘2.
908 5868 951 5898 ⁷⁶
992 5866 1088 5923 lsa.
1147 5884 1250 5933 xiv,
1286 5867 1373 5921 ΞΤ.
1452 5866 1495 5900 7'
1532 5863 1700 5919 Exod.
1733 5879 1828 5930 vn,
1862 5879 1980 5931 Vill,
2016 5877 2065 5917 rx
2098 5866 2323 5936 passim.
