4094 6568
622 368 692 423 Π
1646 370 1702 424 S.
1744 369 2015 436 CYRILLI
2055 373 2527 430 ALEXANDIHNI
2567 375 2885 433 ARClllEP.
3808 385 3875 440 ιδ

624 488 790 546 millia
822 485 887 539 ⁷⁸.
919 504 936 536 ι
1001 483 1203 539 Salvati
1258 492 1369 539 tum
1416 486 1731 555 cantabant,
1758 500 1810 544 et
1856 490 2069 545 modum
2115 508 2172 547 re

2296 496 2353 548 έν
2399 495 2686 566 Σαμαρείᾳ
2733 496 2885 561 θεοὺς
2944 495 3221 563 ἐξελέσθαι
3266 498 3393 562 τοὺς
3447 498 3677 555 ἑαυτῶν.
3740 503 3874 559 Ἀλλ’

619 591 727 636 tam
764 578 1000 650 ingentis
1023 578 1075 632 in
1114 591 1176 632 se
1204 588 1523 647 perpetratae
1554 582 1871 646 narrabant,
1907 581 2147 636 dicentes

2301 584 2536 648 ἐσώζετο
2587 586 2907 656 παραδόξως
2964 589 2993 640 6
3058 588 3278 653 Ἰούδας,
3326 590 3626 656 τουτέστιν,
3684 596 3744 648 αί
3782 596 3877 668 τὴν

623 693 640 725 ι
668 672 730 727 Hi
779 672 833 725 in
874 670 1147 737 curribus,
1177 678 1233 724 et
1264 669 1317 724 hi
1349 670 1403 724 in
1430 671 1605 741 equis,
1657 687 1757 727 nos
1785 682 1965 727 autem
2003 673 2057 727 in
2097 689 2175 727 no

2302 675 2655 747 Ἰερουσαλὴμ
2675 677 2921 731 οἰκοῦσαι
2950 678 3043 732 δύο
3075 680 3259 748 φυλαί.
3312 701 3331 733 ι
3372 680 3596 752 Ἐξῆλθε
3636 684 3746 757 γὰρ
3776 686 3873 755 ἀγ-

618 766 760 820 mine
784 764 876 819 Dei
902 762 1072 819 nostri
1109 763 1714 836 magniﬁcabimuersi
1740 766 1885 819 velut
1914 766 2175 834 compedi-

2288 767 2445 837 γελος
2469 770 2696 840 Κυρίου,
2736 771 2923 840 φησιν,
2958 771 3051 823 καὶ⁵
3073 770 3283 824 ἀνεῖλεν
3301 773 3365 826 ἐκ
3390 772 3493 843 τῆς
3523 776 3875 847 παρεμϐολῆς

615 858 712 911 bus
735 856 989 926 implicati
1021 866 1166 919 sunt,
1192 863 1247 908 et
1277 854 1622 919 ceciderunt;
1660 871 1760 910 nos
1791 867 1973 911 autem
2015 870 2175 909 resur-

2285 861 2397 912 τῶν
2440 860 2735 933 Ἀσσυρίων
2780 864 2876 933 μιᾷ
2917 863 3090 925 νυκτὶ,
3115 864 3308 918 ὲκατὺν
3344 865 3672 938 ὀγδοήκοντα
3712 868 3872 922 πέντε

613 950 874 1015 reximus,
922 955 976 1003 et
1008 950 1176 1003 erecti
1212 962 1397 1000 sumus
1417 948 1483 1000 7’.
1518 966 1537 999 ι
1576 948 1768 1002 Verum
1823 950 1921 1003 ista
1954 964 1981 1000 a
2033 948 2175 1003 nobis

2293 947 2557 1017 χιλιάδας.
2597 968 2614 1000 ι
2652 946 2818 1020 τῌδόν
2851 969 2909 1003 τε
2930 950 3102 1015 οὕτως
3129 953 3177 1005 οἱ
3215 956 3584 1025 σεσωσμένοι·
3636 959 3731 1011 καὶ
3772 958 3870 1025 τῆς

609 1039 864 1095 historice
895 1040 1037 1094 dicta
1070 1047 1251 1092 sunto.

2294 1037 2383 1089 ἐπ’
2412 1037 2596 1102 αὐτοῖς
2630 1040 3005 1111 γεγενημένης
3033 1042 3433 1114 μεγαλουργίας
3476 1046 3606 1109 τοὺς
3638 1048 3868 1118 τρόπους

608 1132 931 1203 ἀφηγοῦντο,
958 1130 1223 1197 λέγοντες·
1260 1147 1279 1179 ι
1315 1122 1555 1184 Οὗτοιὲν
1599 1130 1830 1201 ἅρμασι,
1888 1129 1982 1182 καὶ
2019 1123 2162 1183 οὗτοι
2201 1129 2258 1181 ἐν
2324 1129 2535 1193 ἵπποις·
2580 1130 2740 1200 ἡμεῖς
2788 1130 2843 1183 δὲ
2875 1130 2933 1182 ὲν
2997 1133 3223 1204 ὀνόματι
3268 1133 3475 1207 Κυρίου
3531 1134 3666 1188 Θεοῦ
3711 1133 3866 1207 ἡμῶν

607 1222 1150 1293 μεγαλυνθησόμεθα.
1170 1222 1332 1274 Αύτοὶ
1347 1222 1934 1291 συνεποδίσθησαν,κα’ί
1960 1222 2175 1276 ἔπεσον·
2218 1225 2380 1293 ἡμεῖς
2411 1223 2467 1276 δὲ
2530 1223 2854 1295 ἀνέστημεν,
2878 1226 2970 1278 καὶ⁵
3032 1226 3455 1300 ἀνωρθώθημεν.
3481 1247 3501 1280 ι
3550 1229 3688 1282 Ἀλλ’
3723 1230 3867 1291 ista,

607 1316 772 1388 ρικῶς
796 1316 891 1385 μὲν
924 1315 1052 1385 ἡμῖν
1076 1316 1313 1386 εἰρήσθω
1336 1316 1512 1371 ταυτί.

673 1409 1035 1464 Procedamus
1053 1409 1119 1464 ad
1150 1410 1281 1464 alios
1309 1409 2175 1481 sensus,adChristum,inquam.

2367 1411 2568 1480 Ἴωμεν
2602 1409 2656 1462 δὲ
2680 1404 2748 1463 αὖ
2773 1410 2867 1462 καὶ
2892 1409 2976 1478 ἐφ’
3006 1409 3198 1479 ἑτέρας
3239 1412 3468 1478 ἑννοίας,
3496 1415 3640 1485 φημὶ
3676 1414 3733 1468 δὲ
3764 1418 3869 1472 πά-

606 1504 729 1559 Post
766 1514 949 1558 natum
974 1502 1171 1573 quippe
1211 1502 1531 1567 Jezraelem,
1578 1504 1629 1559 id
1676 1515 1781 1569 est,
1830 1503 1924 1560 Dei
1977 1521 2175 1571 semen,

2291 1501 2374 1554 λιν
2407 1501 2508 1565 τὰς
2554 1502 2638 1554 ἐπ’
2666 1500 2813 1571 αύτῷ
2841 1500 2918 1572 τῷ
2949 1501 3192 1572 Χριστῷ.
3220 1503 3374 1557 Μετὰ
3421 1504 3528 1575 γάρ
3575 1522 3657 1559 τοι
3686 1506 3749 1559 τὸ
3779 1523 3869 1560 τε..

605 1599 685 1665 (ιιι
719 1597 991 1663 intelligas
1018 1596 1448 1659 Emmanuelem,
1487 1594 1641 1664 cujus
1687 1608 1742 1651 et
1767 1599 2083 1667 sanguinem
2116 1614 2175 1654 se

2290 1594 2485 1663 χθῆναι
2520 1592 2610 1647 τὸν
2654 1591 2910 1664 Ἰεζραὲλ,
2970 1592 3235 1657 τουτέστι,
3297 1594 3398 1662 τὴν
3442 1594 3533 1647 τοῦ
3564 1595 3699 1649 Θεοῦ
3734 1614 3867 1651 σπο-

605 1688 839 1742 ulturnm
870 1688 1183 1756 promittit),
1221 1689 1363 1757 parit
1397 1686 1599 1743 Gomer
1632 1689 1756 1757 (hoc
1778 1698 1881 1753 est,
1918 1688 2175 1745 fornicata

2293 1687 2427 1755 ρὰν,
2497 1686 2586 1739 ἵνα
2622 1688 2749 1756 νοῇς
2776 1685 2867 1738 τὸν
2928 1684 3296 1756 Ἐμμανουήλ,
3334 1678 3395 1738 οῦ
3444 1687 3537 1740 καὶ
3560 1687 3867 1759 ὲκδικήσειν

604 1777 905 1836 Iudaeorum
933 1777 1448 1849 Synagoga)ﬁliam,
1478 1779 1592 1834 sive
1623 1778 2175 1849 multitudinem,qua:

2284 1776 2348 1829 τὸ
2364 1771 2504 1847 αἷμα
2530 1775 3020 1846 κατεπηγγέλλετο,
3034 1775 3275 1829 τίκτεται
3296 1779 3361 1847 τῇ
3380 1777 3520 1847 Γόμε
3530 1795 3580 1848 ρ,
3598 1780 3863 1845 τουτέστι,
3888 1810 3889 1813 η

603 1872 857 1927 decenter
913 1871 1098 1926 vocari
1146 1872 1319 1941 possit
1358 1872 1575 1939 Absque
1626 1872 2022 1927 misericordia.
2060 1872 2175 1942 Ipsa

2282 1871 2349 1938 τῇ
2381 1867 2794 1938 πεπορνευμένῃ
2825 1867 2932 1921 τῶν
2955 1866 3222 1921 Ἰουδαίων
3252 1869 3863 1944 Συναγωγῇ,θυγάτηρ,

603 1964 798 2033 quippe
826 1962 1023 2017 occidit
1042 1960 1277 2027 Jezracl,
1302 1964 1575 2019 Christum
1600 1963 2029 2032 puta.Quocirca
2053 1964 2175 2034 jure

2282 1960 2401 2029 ἤτοι
2440 1959 2671 2029 πληθὺς,
2706 1954 2742 2033 ᾖ
2774 1961 2867 2013 καὶ
2901 1960 3111 2030 πρέπον
3147 1959 3213 2012 ἂν
3246 1960 3329 2031 εἴη
3360 1959 3423 2013 τὸ
3447 1961 3729 2016 καλεῖσθαι
3751 1964 3865 2018 Οὐκ

603 2050 879 2106 inimicum
907 2060 961 2105 et
1012 2052 1435 2107 infensissimum
1474 2053 1575 2107 sibi
1614 2053 1777 2107 Deum
1809 2054 2034 2120 invenit,
2064 2063 2176 2109 sta-

603 2142 806 2211 timque
832 2142 1171 2198 calamitates
1195 2142 1644 2208 immedicabiles,
1672 2162 1699 2197 a
1728 2145 1991 2198 Romanis
2012 2158 2174 2199 exer-

602 2234 799 2289 citibus
830 2233 1130 2301 devastata,
1165 2242 1220 2288 et
1267 2233 1465 2288 bellum
1494 2233 1653 2305 longe
1692 2235 1904 2303 lateque
1932 2235 2171 2288 auditum

600 2340 849 2397 perpessa
879 2324 1155 2390 sustinuit,
1192 2324 1407 2394 quando
1434 2336 1492 2381 et
1522 2325 1777 2381 mulieres
1800 2325 2032 2380 infantes
2048 2340 2175 2381 suos

599 2419 974 2483 comederunt,
1012 2423 1068 2470 et
1105 2424 1165 2470 ut
1199 2425 1283 2470 est
1326 2416 1465 2482 apud
1498 2416 1817 2486 prophetam
1860 2415 2172 2483 Jeremiam,

602 2508 839 2565 «Manus
888 2509 1176 2563 mulierum
1236 2507 1668 2563 misericordium
1717 2518 1981 2564 coxeruut
2036 2510 2175 2566 ﬁlios

599 2615 725 2656 suos
746 2602 815 2668 ⁸⁸,
849 2619 867 2651 ι
900 2611 953 2653 et
991 2600 1137 2670 leges
1168 2609 1376 2654 naturae
1412 2600 1659 2653 humanae
1690 2612 2030 2667 spreverunt,
2050 2617 2174 2657 cum

599 2690 771 2746 fames
808 2707 900 2745 eas
942 2691 1378 2761 pbilostorgiam,
1422 2689 1624 2759 alioqui
1683 2691 2172 2761 inexpugnabilem,

599 2782 871 2852 negligere
904 2782 1273 2852 compelleret.
1322 2780 1491 2835 Porro
1523 2781 1635 2835 haec
1672 2784 1853 2835 omnia
1878 2785 1948 2839 ob
1983 2785 2176 2854 impie-

598 2884 741 2929 tates
773 2874 1078 2943 designatas
1111 2872 1219 2928 illis
1238 2880 1557 2927 evenerunt.
1580 2872 1687 2943 25
1707 2872 1947 2942 Spondet
1996 2885 2173 2931 autem

599 2965 1049 3021 semisericerdia
1086 2964 1224 3018 ﬁlios
1274 2961 1408 3016 Juda
1450 2974 1887 3032 prosecuturum,
1924 2966 2025 3022 hoc
2068 2977 2172 3029 est,

2278 2049 2577 2121 ἠλεημένη.
2606 2049 2753 2120 Αὐτὴ
2775 2048 2882 2120 γὰρ
2910 2048 3196 2101 ἀπέκτεινε
3219 2048 3309 2102 τὸν
3338 2049 3600 2119 ’-Ιεζραὲλ,
3619 2051 3864 2107 τουτέστι

2281 2142 2326 2195 Χ
2335 2142 2539 2213 ριστόν.
2565 2141 2835 2214 Ταύτῃτοι
2857 2140 3082 2204 δικαίως
3106 2140 3298 2212 ἐχθρὸν
3340 2142 3434 2195 καὶ⁵
3458 2140 3864 2212 πολεμιώτατον

2281 2235 2527 2306 εὑρίσκει
2564 2234 2723 2298 Θεὸν,
2756 2234 2854 2287 καὶ
2900 2233 3231 2303 ἀνηκέστους
3263 2231 3427 2295 εὐθὺς
3474 2233 3863 2304 ὑπομεμένηκε

2282 2326 2588 2396 συμφορὰς,
2634 2327 2755 2388 ταῖς
2804 2325 3095 2395 Ῥωμαίων
3129 2323 3422 2409 δυνάμεσιν
3446 2324 3864 2395 ἐκπεπορθημέ-

2282 2434 2407 2481 νων,
2447 2418 2542 2470 καὶ
2572 2416 2663 2469 τὸν
2696 2415 2980 2485 διαϐόητον
3017 2412 3300 2467 ὑποστᾶσα
3349 2415 3605 2485 πόλεμον,
3646 2418 3733 2469 ὅτε
3768 2417 3863 2468 καὶ

2282 2512 2538 2577 γυναῖκες
2586 2509 2697 2562 τῶν
2751 2509 2894 2561 ίδίων
2926 2507 3134 2578 ἥψαντο
3161 2507 3387 2569 τέκνων,
3440 2508 3534 2560 καὶ
3640 2526 3805 2579 φησιν
3834 2509 3864 2560 6

2280 2604 2566 2675 προφήτης
2610 2601 2898 2671 Ἱερεμίας,
2929 2619 2948 2651 ι
2976 2602 3170 2671 Χείρες
3210 2599 3480 2668 γυναικῶν
3500 2602 3862 2673 οίκτιρμόνων

2280 2694 2498 2766 ἥψησαν
2530 2694 2597 2747 τά
2620 2694 2812 2748 παιδία
2834 2693 3109 2759 ’ἑαυτῶν,ιι
3151 2692 3245 2745 καὶ
3271 2692 3484 2762 φύσεως
3508 2691 3864 2765 ἀνθρωπίνης

2279 2786 2617 2855 ἀλογήσασαι
2650 2784 2852 2855 νόμων,
2904 2785 2998 2838 καὶ
3039 2783 3418 2855 φιλοστοργίας
3452 2786 3664 2855 ἀμάχου
3690 2785 3862 2857 ρᾳθυο

2283 2880 2403 2948 μεῖν
2435 2876 2601 2939 αύτάς
2632 2874 3030 2945 ἀναγκάζοντος
3054 2870 3145 2928 τοῦ
3178 2875 3358 2945 λιμοῦ.
3394 2876 3555 2929 Ἀλλά
3576 2878 3670 2930 καὶ
3700 2877 3864 2931 ταυτὶ

2283 2970 2382 3040 μὲν
2410 2970 2625 3024 ἅπαντα
2653 2971 2766 3032 τοῖς
2801 2967 3105 3039 ἠσεϐηκόσι
3153 2968 3518 3041 συμϐέϐηκεν.
3586 2969 3863 3040 Ἐλεήσειν

599 3055 714 3124 qni,
740 3052 1034 3107 secundum
1105 3051 1443 3122 disciplinam
1485 3062 1539 3107 et
1576 3056 2039 3123 regenerationem
2084 3072 2175 3126 per

2281 3059 2337 3113 δὲ
2371 3060 2496 3123 τοὺς
2522 3061 2672 3123 υἱοὺς
2709 3057 2879 3111 Ἰούδα
2906 3057 3424 3125 κατεπαγγέλλεται,
3450 3058 3715 3122 τουτέστι,
3734 3061 3862 3124 τοὺς

598 3145 883 3212 Spiritum,
916 3143 1118 3199 Christi
1163 3144 1257 3199 ﬁlii
1309 3154 1622 3211 evaserunt,
1648 3147 1741 3216 qui
1775 3146 1839 3201 de
1873 3146 2011 3201 tribu
2044 3146 2177 3201 Juda

600 3235 718 3289 I'uit.
746 3235 800 3289 Si
832 3235 975 3289 enim
1011 3248 1108 3303 per
1137 3235 1491 3306 Evangelium
1520 3237 1736 3306 quidam
1787 3236 1987 3293 sanctis
2046 3254 2177 3306 apo-

599 3327 750 3382 stolis
777 3327 831 3382 in
858 3326 1077 3382 Christo
1097 3332 1729 3398 generantur,quomodo
1748 3345 1852 3385 non
1888 3331 2056 3400 magis
2085 3347 2181 3399 per

599 3415 874 3473 Christum
916 3417 1133 3487 ipsum?
1168 3419 1234 3473 de
1264 3418 1458 3487 quibus
1499 3419 1663 3473 etiam
1710 3420 1820 3474 ait:
1859 3437 1876 3471 ι
1909 3419 2047 3475 Ecce
2080 3435 2179 3487 ego

598 3518 653 3563 et
682 3508 834 3578 pueri
868 3523 1009 3577 quos
1048 3508 1197 3563 dedit
1224 3509 1354 3562 mihi
1376 3508 1596 3563 Deus".
1627 3527 1646 3560 ι
1676 3508 1965 3565 Salvantur
2000 3510 2179 3580 itaque

598 3602 650 3654 in
687 3600 903 3654 Christo
942 3599 1167 3655 Domino
1215 3610 1270 3655 et
1304 3601 1412 3654 Deo
1445 3602 1847 3667 universorum,
1887 3618 1991 3657 non
2027 3619 2177 3657 arma

597 3698 876 3743 moventes
929 3689 1204 3743 terrestria
1264 3697 1319 3743 et
1382 3689 1618 3743 carnalia
1649 3690 1737 3755 ⁸²;
1800 3691 1892 3745 sed
1956 3691 2007 3745 in
2068 3693 2179 3747 vir-

601 3788 717 3835 tute
752 3776 1032 3846 salvantis,
1082 3788 1134 3832 et
1159 3780 1505 3834 concutiente
1563 3779 1779 3848 quidem
1845 3782 2178 3851 principatus

602 3878 658 3926 et
687 3869 910 3924 thronos
928 3869 999 3934 ⁸³,
1049 3868 1415 3939 triumphante
1447 3880 1626 3923 autem
1659 3884 1819 3925 cruce
1844 3887 1939 3926 sua
1986 3872 2177 3927 adver-

600 3964 871 4019 sariorum
906 3970 1177 4025 catervas,
1205 3970 1256 4014 et
1284 3961 1547 4031 malignas
1568 3970 1860 4031 potestates
1879 3974 2178 4030 evertente,

599 4062 657 4108 ct
683 4053 842 4108 dante
895 4052 1240 4121 diligentibus
1283 4065 1342 4105 se
1379 4071 1397 4102 ι
1427 4052 1635 4107 calcare
1678 4069 1841 4121 super
1877 4067 2175 4123 serpentes,

600 4152 656 4199 et
676 4142 1013 4212 scorpiones,
1035 4151 1089 4196 et
1123 4156 1284 4221 super
1303 4155 1516 4194 omnem
1541 4141 1793 4195 virtutem
1830 4142 2034 4196 inimici
2056 4142 2121 4196 ⁸⁸.
2154 4164 2172 4195 ι

600 4235 1017 4305 Appositissitne
1063 4242 1241 4287 autem
1282 4230 1615 4285 ineredulum
1643 4272 1658 4294 ,
1700 4242 1756 4286 et
1790 4228 2045 4287 ell‘renem
2071 4274 2087 4297 ,
2127 4245 2179 4289 et

599 4327 813 4384 Domini
866 4324 1268 4381 interfectorem
1316 4321 1568 4392 populum
1613 4320 1919 4376 Iudaeorum
1968 4324 2175 4379 mulieri

2282 3152 2423 3204 κατά
2446 3150 2684 3223 μάθησίν
2710 3166 2770 3202 τε
2818 3149 2912 3202 καὶ
2937 3147 3403 3217 ἀναγέννησιντὴν
3435 3148 3525 3201 διὰ
3560 3146 3654 3201 τοῦ
3686 3150 3863 3203 ιΙνεύ-

2285 3259 2453 3312 ματος
2475 3243 2625 3304 υἱοὺς
2654 3242 2949 3310 γεγονότας
2973 3238 3343 3310 Χριστοῦ,τοῦ
3369 3241 3432 3293 ἐκ
3460 3240 3633 3309 φυλῆς
3666 3241 3860 3296 Ἰούδα.

2282 3332 2345 3386 El
2368 3334 2476 3403 γάρ
2505 3331 2594 3385 διὰ
2626 3331 2719 3384 τοῦ
2759 3329 3095 3398 Εύαγγελίου
3132 3329 3427 3399 γεννῶνταί
3458 3347 3604 3394 τινες
3635 3332 3693 3383 ἐν
3727 3334 3865 3404 Χρισι

2282 3424 2391 3494 στῷ
2425 3425 2540 3486 τοῖς
2576 3422 2751 3492 ἁγίοις
2781 3421 3131 3486 ἀποστόλοις,
3154 3421 3269 3484 πῶς
3300 3422 3419 3493 οὐχὶ
3452 3423 3652 3493 μᾶλλον
3676 3423 3741 3477 δι’
3767 3426 3865 3478 αὺ-

2278 3514 2372 3567 τοῦ
2397 3514 2489 3567 τοῦ
2522 3512 2792 3585 Χριστοῦ;
2822 3513 2948 3584 περὶ
2971 3505 3045 3566 ὧν
3070 3511 3164 3565 καί
3195 3528 3350 3582 φησι·
3388 3531 3407 3564 ι
3443 3512 3576 3565 Ἰδοὺ
3612 3512 3744 3582 ἐγὼ,
3771 3513 3865 3567 καὶ

2278 3605 2347 3658 τά
2377 3605 2565 3660 παιδία
2589 3604 2625 3658 ἃ
2661 3603 2966 3674 μοιὲδωκεν
2993 3604 3022 3655 6
3052 3601 3203 3665 Θεός.
3242 3620 3260 3652 ι
3294 3600 3567 3665 Σώζονται
3596 3604 3776 3657 τοίνυν
3807 3607 3865 3658 ὲν

2278 3696 2500 3769 Χριστῷ
2544 3695 2621 3767 τῷ
2649 3695 2840 3765 Κυρίῳ
2902 3695 2997 3749 καὶ
3045 3692 3163 3764 Θεῷ
3211 3693 3319 3746 τῶν
3374 3693 3533 3758 ὅλων,
3572 3695 3670 3765 οὐχ
3722 3694 3864 3749 ὅπλα

2280 3789 2555 3850 κινοῦντες
2583 3785 2803 3855 ὲπίγειά
2848 3802 2907 3838 τε
2964 3786 3058 3838 καί⁸
3086 3784 3346 3855 σαρκικὰ,
3393 3784 3508 3838 ἀλλ’
3544 3786 3600 3837 ὲν
3626 3785 3862 3856 δυνάμει

2278 3877 2373 3931 τοῦ
2403 3876 2688 3941 σώζοντος,
2722 3877 2816 3938 καὶ
2841 3874 3222 3937 κατασείοντος
3267 3872 3366 3944 μὲν
3404 3872 3578 3943 ἀρχάς
3608 3874 3702 3927 καὶ
3733 3874 3863 3945 θρό-

2281 3984 2426 4029 νους,
2452 3962 2877 4036 θριαμϐεύοντος
2903 3962 2959 4015 δὲ
2986 3962 3063 4032 τῷ
3096 3963 3210 4032 ίδίῳ
3250 3960 3466 4033 σταυρῷ
3495 3960 3604 4015 τῶν
3628 3963 3865 4015 ἀντικει-

2283 4057 2459 4129 μένων
2498 4056 2568 4109 τά
2608 4055 2790 4125 στίφη,
2822 4055 2915 4107 καὶ
2956 4054 3214 4124 δυνάμεις
3263 4055 3732 4124 καταστρέφοντος
3760 4072 3864 4107 πο-

2280 4148 2473 4219 νηρὰς,
2499 4148 2593 4201 καὶ
2644 4147 2876 4209 διδόντος
2936 4148 3047 4207 τοῖς
3092 4144 3376 4214 ἀγαπῶσιν
3415 4145 3577 4198 αὐτὸν
3612 4164 3631 4196 ι
3669 4148 3865 4199 πατεῖν

2279 4240 2462 4293 ἐπάνω
2482 4239 2656 4309 ἧφεων
2718 4238 2811 4291 καὶ
2845 4235 3142 4306 σκορπίων,
3169 4236 3262 4289 καὶ⁵
3304 4235 3397 4289 ἐπὶ
3432 4238 3612 4289 πᾶσαν
3640 4238 3738 4305 τὴν
3769 4236 3864 4290 δύ-

2281 4349 2445 4401 ναμιν
2482 4330 2576 4383 τοῦ
2605 4329 2819 4400 ἐχθροῦ.
2861 4348 2879 4380 ι
2920 4323 2992 4380 Εὖ
3025 4327 3081 4379 δὲ
3136 4326 3199 4396 δὴ
3257 4326 3460 4397 σφόδρα
3510 4326 3607 4396 τὴν
3661 4327 3863 4398 ἀπειθῆ

598 4418 974 4489 comparavit,-
1013 4416 1112 4483 illi,
1166 4415 1412 4486 inquam,
1464 4431 1583 4486 qua:
1625 4415 1770 4471 dicta
1833 4426 1915 4472 est
1962 4418 2175 4488 Absque

2288 4423 2381 4474 καὶ
2411 4419 2640 4491 ὲξήνιον,
2673 4419 2766 4472 καὶ
2811 4416 3156 4487 κυριοκτόνον
3204 4416 3311 4471 τῶν
3355 4416 3624 4471 Ἰουδαίων
3648 4416 3865 4486 πληθὺν

600 4508 994 4567 misericordia.
1038 4507 1295 4563 Indicium
1328 4507 1474 4564 enim
1532 4506 1917 4562 imbecillitatis
1938 4518 2021 4565 est
2053 4526 2174 4566 mu-

600 4599 723 4662 lier,
756 4606 809 4652 et
843 4596 1008 4651 animi
1042 4596 1185 4651 haud
1234 4596 1409 4651 virilis
1462 4608 1624 4665 atque
1674 4594 1831 4649 fracti
1875 4598 2175 4667 symbolum

601 4690 885 4759 aptissime
912 4687 1133 4758 intelligi
1157 4696 1341 4757 queat.
1374 4686 1534 4741 Tales
1560 4696 1685 4741 sunt
1721 4701 1933 4755 omnes,
1971 4690 2063 4758 qui
2097 4691 2179 4745 in-

600 4779 932 4836 stitutionem
962 4777 1346 4849 perChristum
1368 4793 1473 4832 non
1509 4789 1886 4848 susceperunt,
1909 4781 2073 4835 necin
2092 4781 2176 4835 di-

602 4868 741 4923 vinis
775 4878 831 4923 et
860 4868 1065 4923 sanctis
1088 4868 1356 4923 mandatis
1384 4867 1499 4935 ejus
1538 4867 1744 4937 ingredi
1784 4870 2174 4926 sustinuerunt.

604 4958 963 5026 Quamobrem
998 4958 1165 5015 Oseas
1223 4960 1486 5029 prOpheta
1528 4957 1741 5027 inquit:
1779 4977 1797 5010 ‹
1830 4960 2174 5028 Convertere,

602 5048 786 5113 Israel,
808 5049 874 5104 ad
899 5048 1181 5103 Dominum
1206 5047 1367 5103 Deum
1397 5056 1568 5111 tuum,
1590 5048 1713 5117 quia
1738 5049 2006 5103 inﬁrmata
2030 5065 2089 5106 es
2121 5052 2174 5105 in

602 5139 979 5209 iniquitatibus
998 5140 1107 5195 tuis
1127 5138 1197 5196 ⁸³.
1229 5159 1249 5193 ι
1270 5139 1548 5193 Etiterum
1598 5140 1667 5193 de
1697 5141 1960 5196 mandatis
1986 5141 2177 5197 Salva-

602 5230 735 5284 toris
767 5230 907 5286 idem
934 5246 949 5285 :
979 5248 997 5282 ι
1017 5230 1155 5297 Quia
1188 5238 1349 5283 recta:
1367 5229 1463 5281 vite
1492 5227 1722 5293 Domini,
1747 5238 1800 5284 et
1827 5231 1957 5298 justi
1992 5232 2178 5287 ambu-

602 5319 789 5376 labunt
823 5322 874 5376 in
897 5321 1016 5387 eis;
1042 5321 1191 5391 impii
1218 5330 1396 5375 autem
1437 5318 1921 5375 inﬁrmahunturin
1958 5322 2119 5378 eis".
2153 5344 2171 5377 ι

602 5413 746 5468 Idem
790 5413 988 5469 alicubi
1020 5414 1087 5467 de
1129 5410 1196 5466 iis
1227 5410 1649 5480 quiocciderunt
1683 5408 1924 5477 Jezrael,
1978 5414 2029 5469 id
2068 5427 2172 5487 est,

601 5503 899 5572 Christum,
940 5522 959 5557 ι
984 5502 1051 5557 Et
1070 5502 1443 5559 humiliabitur
1468 5501 1721 5572 superbia
1758 5500 1924 5560 lsrael
1958 5507 2010 5562 in
2038 5507 2175 5567 facie

675 5698 721 5729 "
749 5696 858 5753 lV.'
880 5696 1157 5769 Περσεῖ,
1181 5696 1273 5751 55.

1367 5694 1412 5767 τέ’
1455 5692 1598 5767 Psal.
1629 5712 1703 5760 rx,
1739 5696 1773 5751 8
1806 5740 1820 5763 ,
1864 5699 1915 5754 9.
1993 5701 2038 5734 ⁸ο
2076 5701 2175 5756 Thr

2315 5719 2386 5764 ιν,
2413 5703 2498 5757 10.
2575 5701 2616 5732 ⁸⁸
2650 5699 2751 5755 lsa.
2793 5716 2908 5767 vm,
2938 5701 3022 5755 18.
3101 5698 3146 5729 δ’
3184 5696 3222 5753 ll
3266 5697 3393 5753 Cor.
3425 5714 3477 5763 x,
3507 5697 3563 5752 4.

2282 4508 2501 4577 γυναικὶ
2537 4508 2878 4577 παρεικάζει,
2912 4506 3055 4576 φημὶ
3081 4506 3144 4576 δὴ
3170 4508 3237 4579 τῇ
3290 4506 3389 4559 οὐκ
3436 4506 3731 4579 ἠλεημένῃ.
3759 4508 3865 4576 Ση-

2287 4601 2437 4670 μεῖον
2471 4598 2568 4669 μὲν
2596 4598 2704 4669 γὰρ
2729 4598 2761 4667 ἡ
2783 4597 2921 4668 γυνὴ
2952 4596 3045 4650 καὶ
3071 4598 3418 4667 φρονήματος
3439 4597 3727 4668 ἀνάνδρου,
3769 4597 3866 4650 καὶ

2284 4692 2659 4761 κεκλασμένου
2712 4690 2881 4754 τύπος
2939 4690 3005 4743 ἂν
3054 4692 3226 4743 νοοῖτο
3252 4729 3267 4753 ,
3324 4690 3417 4743 καὶ
3455 4690 3599 4759 μάλα
3649 4691 3857 4760 σαφῶς.

2283 4785 2486 4838 Τοιοίδε
2513 4782 2571 4836 δὲ
2599 4782 2817 4845 πάντες,
2850 4783 2964 4835 ὅσοι
2987 4780 3083 4851 τὴν
3120 4779 3209 4833 διὰ
3252 4778 3488 4850 Χριστοῦ
3518 4779 3593 4848 μὴ
3628 4777 3863 4850 παρεδέ-

2285 4877 2440 4941 ξαντο
2474 4876 2782 4941 παίδευσιν,
2838 4874 2976 4944 μήτε
3021 4872 3125 4943 μὴν
3152 4871 3439 4941 ἠνέσχοντο
3468 4870 3696 4922 κατόπιν
3724 4871 3862 4924 ίέναι

2282 4965 2388 5018 τῶν
2415 4964 2574 5018 θείων
2600 4962 2763 5017 αὐτοῦ
2832 4963 2925 5015 καὶ
2946 4960 3116 5027 ἁγίων
3146 4958 3553 5028 θεσπισμάτων.
3592 4958 3701 5010 Καὶ
3730 4958 3865 5026 γοῦν

2283 5058 2311 5109 6
2350 5059 2633 5127 προφήτης
2677 5053 2857 5122 Ὠσηὲ,
2899 5070 2915 5102 ι
2956 5048 3375 5121 Ἐπιστράφηθι,
3406 5049 3591 5120 φησὶν,
3622 5049 3863 5122 Ἰσραὴλ,

2286 5144 2422 5215 πρὸς
2455 5144 2658 5215 Κύριον
2694 5143 2784 5196 τὸν
2818 5141 2949 5194 Θεόν
2982 5157 3073 5192 σου
3095 5177 3109 5204 ,
3136 5139 3270 5192 διότι
3318 5138 3624 5208 ὴσθένησας
3658 5140 3716 5191 ὲν
3745 5142 3868 5202 ταῖς

2285 5235 2519 5299 ἀδικίαις
2552 5252 2666 5289 σου.
2704 5254 2721 5287 ι
2754 5234 2865 5287 Καὶ
2897 5232 3057 5285 πάλιν
3086 5230 3339 5300 περὶτῶν
3358 5228 3452 5282 τοῦ
3487 5230 3741 5301 Σωτῆρος
3778 5234 3866 5283 ὲν-

2283 5328 2622 5398 ταλμάτωνὸ
2652 5316 2833 5389 αὐτὸς,
2893 5344 2909 5375 ι
2946 5324 3093 5377 Διότι
3142 5321 3369 5385 εὐθεῖαι,
3421 5322 3607 5391 φησὶν,
3646 5323 3702 5374 αί
3752 5321 3867 5375 ὁδοὶ

2285 5420 2377 5474 τοῦ
2402 5419 2629 5491 Κυρίου,
2666 5417 2763 5471 καὶ
2796 5415 2995 5469 δίκαιοι
3049 5412 3404 5485 πορεύσονται
3433 5413 3489 5463 ὲν
3538 5412 3755 5475 αὐταῖς,
3816 5412 3867 5464 οἱ

2282 5511 2339 5566 δὲ
2357 5510 2570 5575 ἀσεϐεῖς
2592 5508 2981 5580 ἀσθενήσουσιν
3002 5507 3059 5561 ἐν
3075 5506 3282 5569 αὑταῖς.
3298 5522 3315 5555 ι
3332 5502 3443 5557 Καὶ⁸
3462 5505 3488 5557 6
3505 5504 3664 5567 αὐτὸς
3683 5502 3740 5557 δέ
3758 5520 3863 5557 που

3672 5695 3717 5731 υ
3755 5693 3865 5752 ρο-

602 5765 733 5825 loss.
761 5782 819 5831 ll,
854 5769 941 5823 10.
966 5765 987 5769 ⁷
1015 5767 1061 5799 ⁸⁵
1083 5766 1213 5823 Luc.
1246 5782 1300 5835 Χ,
1341 5766 1423 5819 19.
1500 5765 1545 5797 ⁸⁸
1576 5768 1714 5823 Usee
1746 5785 1854 5835 xw,
1887 5772 1940 5827 ἓ.
2017 5774 2061 5804 ⁸⁸
2097 5774 2225 5828 ibid.
2265 5774 2349 5827 10.
