4094 6552
292 424 371 472 ω
1217 415 1768 474 COMMENTANUS
1803 416 1872 473 lN-
1910 415 2144 474 OSEAM
2183 413 2626 470 PROPHETAM.
3477 410 3548 470 50

291 529 460 602 φησὶν
508 529 671 600 Ὠσηὲ
729 529 860 602 περὶ
904 531 1009 585 τῶν
1053 531 1431 587 ἀπεκτονότων
1478 534 1570 588 τὸν
1605 533 1840 608 Ἰεζραέλ
1859 574 1874 599 ,

1986 531 2116 603 ejus.
2153 531 2218 586 Et
2247 529 2430 592 Israel,
2457 539 2512 585 et
2539 526 2794 599 Ephraim
2824 524 3244 582 inllrmabuntur
3273 522 3327 578 in
3351 521 3549 595 iniqui-

291 619 544 680 τουτέστι
576 623 831 694 Χριστόν·
857 641 876 674 ι
913 623 1025 677 Καὶ
1053 626 1530 697 ταπεινωθήσεται
1549 628 1583 696 ἡ
1609 624 1766 697 ὕϐρις
1784 625 1877 680 τοῦ

303 712 525 785 Ἰσραὴλ
580 714 659 776 είς
726 714 1010 784 πρόσωπον
1067 715 1253 771 αὑτοῦ.
1340 716 1453 770 Καὶ
1518 715 1733 786 Ἰσραὴλ
1788 717 1881 774 καὶ

303 800 553 873 Ἐφραῒμ
582 801 965 872 ἀσθενήσουσιν
991 805 1051 857 ἐν
1074 807 1197 869 ταῖς
1212 805 1446 870 ἀδικίαις
1467 805 1664 860 αὐτῶν.
1680 826 1700 858 ι

367 893 480 948 Καὶ
519 891 964 960 ἀπεγαλὰκτισε
1008 893 1126 963 τὴν
1177 897 1302 950 Οὐκ
1346 896 1722 965 ήλεημένην.
1769 896 1879 950 Καὶ

299 981 639 1042 συνέλαϐεν
669 983 780 1050 ἔτι,
802 985 903 1046 καὶ
940 986 1150 1042 ἔτεκεν
1175 989 1334 1042 υιόν.
1359 989 1468 1042 Kal
1495 984 1647 1053 εἷπε,
1691 989 1880 1044 Κάλε-

300 1092 417 1129 σον
446 1077 515 1130 τὸ
548 1075 737 1146 ὄνομα
753 1078 962 1144 αὑτοῦ,
989 1080 1074 1132 Οὐ
1099 1080 1252 1144 λαός
1278 1098 1418 1148 μου.
1437 1080 1592 1134 Διότι
1613 1079 1782 1149 ὑμεῖς
1807 1083 1880 1136 οὐ

296 1167 446 1236 λαός
464 1174 606 1237 μου,
627 1169 730 1222 καὶ
760 1166 877 1240 ἐγὼ
909 1171 1022 1226 οὐκ
1043 1169 1164 1240 εἰμὶ
1198 1171 1385 1240 ὑμῶν.

371 1346 462 1411 εἶ’.
501 1345 756 1400 Τίκτεται
784 1348 928 1401 κατὰ
977 1348 1145 1412 πόδας
1180 1349 1275 1402 καὶ
1319 1349 1418 1402 οὐκ
1448 1351 1529 1412 εἰς
1564 1349 1781 1420 μακρὰν
1810 1351 1877 1420 τῇ

298 1433 479 1506 ι’όμερ
503 1435 712 1491 παιδίον
729 1437 937 1509 ἕτερον,
954 1439 984 1493 ὃ
1003 1440 1114 1494 δεῖν
1165 1439 1269 1512 ἔφη
1305 1439 1589 1493 καλεῖσθαι
1609 1439 1763 1505 Θεὸς,
1805 1441 1878 1492 Οὐ

297 1525 426 1590 λαός
459 1545 584 1596 μου.
643 1530 755 1583 Καὶ
787 1533 985 1600 γείτων
1013 1531 1184 1597 εὐθὺς.
1214 1534 1280 1602 τῇ
1299 1530 1638 1602 τοιᾷδελύσει
1670 1531 1879 1585 τίθεται

299 1618 463 1672 πάλιν
523 1619 820 1692 πρόφασις.
877 1623 1070 1694 Ὑμεῖς
1100 1624 1232 1695 γὰρ,
1271 1625 1457 1694 φησὶν,
1491 1625 1551 1677 οὐ
1588 1623 1716 1686 λαός
1753 1641 1878 1693 μου,

301 1710 398 1762 καὶ
426 1709 538 1779 ἐγὼ
569 1712 669 1765 οὐκ
719 1715 835 1783 εἰμὶ
884 1715 1061 1784 ὑμῶν.
1091 1716 1260 1786 Δῆλον
1298 1716 1347 1769 δ’
1369 1715 1435 1769 ἂν
1461 1716 1548 1791 εἴη
1578 1717 1686 1769 κάκ
1727 1715 1881 1769 τοῦδε

298 1798 506 1863 λοιπὸν,
537 1803 613 1865 ὡς
666 1803 746 1868 εἰς
789 1802 1009 1875 ἔλεγχον
1046 1805 1156 1860 τῶν
1205 1806 1623 1877 ἡμαρτηκότων,
1658 1807 1752 1860 καὶ
1799 1807 1880 1871 είς

1987 623 2184 680 tatibus
2209 621 2323 678 suis
2341 621 2408 673 ⁸⁷.
2434 641 2450 673 ι

2054 905 2216 961 Vens.
2289 907 2342 969 8,
2398 905 2456 963 9.
2513 903 2581 958 Et
2639 902 2920 960 ablactavit
2994 917 3110 953 eam
3165 915 3281 970 qua:
3340 899 3548 966 Absque

1983 998 2347 1052 misericordia
2387 999 2678 1050 dicebatur.
2715 993 2780 1047 Et
2832 993 3060 1060 concepit
3117 991 3306 1053 adhuc,
3348 1001 3398 1048 et,
3462 1005 3551 1056 pe-

1981 1091 2114 1155 perit
2132 1089 2320 1158 ﬁlium.
2345 1087 2410 1141 Et
2443 1089 2575 1141 dixit
2602 1109 2615 1138 :
2659 1085 2795 1140 Voca
2829 1099 3012 1138 nomen
3031 1080 3167 1151 ejus,
3189 1080 3311 1135 Non
3333 1078 3553 1148 papulas

1982 1196 2146 1234 meus.
2194 1178 2330 1244 Quia
2361 1195 2449 1232 vos
2480 1194 2582 1236 nou
2619 1175 2840 1247 populus
2875 1189 3040 1237 meus,
3073 1181 3119 1226 et
3153 1187 3243 1241 ego
3299 1185 3401 1224 non
3441 1184 3555 1224 sum

1982 1281 2165 1324 υεδιετ.

2054 1359 2142 1415 Vl.
2206 1360 2456 1415 Nascitur
2513 1357 2712 1414 Gomer
2765 1358 2919 1426 quasi
2965 1353 3225 1424 evestigio
3326 1366 3425 1406 nec
3483 1351 3555 1405 ita

1982 1450 2150 1506 multo
2182 1461 2305 1522 post
2335 1449 2512 1508 infans
2538 1450 2696 1513 alius,
2725 1463 2884 1519 quem
2963 1445 3106 1501 Deus
3156 1445 3336 1498 vocari
3396 1441 3556 1512 jussit

1981 1539 2100 1596 Non
2146 1539 2375 1610 populus
2439 1553 2610 1593 meus.
2679 1537 2777 1590 Rei
2845 1533 3060 1590 occasio
3117 1547 3237 1588 mox
3293 1529 3557 1586 solutione

1983 1631 2347 1700 hujuscemodi
2375 1631 2686 1699 exponitur:
2754 1627 2861 1682 Vos
2912 1626 3080 1692 enim,
3105 1625 3296 1696 inquit,
3329 1637 3432 1679 non
3457 1635 3554 1690 ιιι)-

1982 1721 2137 1790 pulus
2172 1735 2341 1786 meus,
2359 1729 2413 1776 et
2442 1733 2542 1788 ego
2570 1733 2677 1773 nou
2706 1732 2824 1773 sum
2846 1726 3044 1770 vester.
3099 1713 3364 1769 Constare
3394 1711 3555 1781 igitur

1981 1813 2142 1868 etiam
2180 1811 2310 1870 hinc
2342 1819 2540 1881 potest,
2576 1809 2642 1863 ad
2668 1806 3140 1878 reprehensionem
3186 1811 3555 1872 peccatorum,

298 1891 671 1964 ἐπανόρθωσιν
705 1887 921 1968 eaeam
941 1897 1049 1954 τῶν
1075 1903 1434 1969 καταφρονεῖν
1454 1899 1763 1970 ᾑρημένων,
1788 1899 1881 1952 καὶ

1986 1913 2037 1958 et
2075 1904 2140 1957 ad
2166 1911 2367 1958 certam
2402 1902 2793 1966 correctionem
2819 1906 3277 1967 contemptorum,
3346 1907 3558 1948 errore-

297 1982 380 2045 είς
417 1983 684 2056 πλάνησιν
720 1987 1161 2042 ἀπονενευκότων
1201 1989 1504 2060 ἐπράττετο
1540 1990 1640 2062 μὲν
1678 1990 1879 2059 ἱστορι-

299 2073 415 2137 xiii;
448 2076 515 2128 τὰ
562 2077 759 2143 τοιάδε,
802 2078 964 2132 τύποι
1006 2080 1062 2133 δὲ
1103 2076 1242 2150 ἦσαν
1287 2081 1397 2134 τῶν
1451 2080 1878 2150 συμϐησομένων

301 2165 445 2220 κατὰ
468 2170 693 2241 καιροὺς
722 2172 834 2232 τοῖς
862 2170 922 2234 ἐξ
949 2172 1188 2242 Ἰσραὴλ,
1222 2173 1744 2244 ἐνανθρωπὴσαντος
1777 2172 1876 2243 ἤδη

300 2254 397 2308 τοῦ
429 2257 788 2325 Μονογενοῦς,
817 2261 912 2314 καὶ
940 2261 1030 2315 τὸν
1053 2260 1232 2332 τίμιον
1269 2263 1406 2334 ὑπὲρ
1439 2263 1595 2338 ἡμῶν
1621 2263 1879 2322 ἀνατλάν-

298 2365 394 2412 τος
423 2350 673 2420 σταυρόν.
713 2353 776 2404 Ei
828 2353 886 2406 δὲ
933 2353 998 2425 δὴ
1029 2355 1134 2424 χρὴ
1172 2353 1279 2426 πρὸ
1324 2355 1432 2408 τῶν
1491 2356 1878 2426 πνευματικῶν

299 2442 694 2513 ἀφηγήσασθαι
718 2445 784 2500 τὰ
816 2445 1084 2516 ἱστορικὰ,
1110 2447 1310 2517 φαμὲν,
1332 2449 1415 2502 ὅτι
1447 2447 1878 2519 μετοικισθέντος

297 2535 394 2587 τοῦ
431 2536 644 2610 Ἰσραὴλ
679 2539 744 2592 ἐκ
774 2539 873 2608 τῆς
905 2540 1241 2610 Σαμαρείας,
1264 2541 1345 2605 είς
1392 2542 1461 2595 τὰ
1486 2543 1609 2615 ὅρια
1651 2544 1878 2615 Περσῶν

302 2626 396 2680 καὶ
454 2627 654 2698 Μήδων
710 2629 816 2682 ὑπό
871 2646 932 2682 τε
991 2630 1083 2682 τοῦ
1127 2631 1560 2706 Θεγλαφοιλασὰρ
1612 2635 1880 2705 βασιλέως

312 2718 638 2788 ’Δσσυρίων,
659 2721 753 2773 καὶ
786 2721 886 2797 μέν
906 2739 990 2774 τοι
1017 2723 1408 2798 Σαλμανασὰρ,
1429 2729 1479 2778 οἱ
1511 2727 1880 2798 περιλειφθέν-

298 2825 393 2874 τες
419 2809 521 2876 ἔτι,
569 2811 664 2865 καὶ
700 2812 809 2867 τῶν
835 2815 1329 2870 κεκινδυνευκότων
1363 2816 1425 2869 τὸ
1457 2816 1728 2888 λείψανον,
1773 2819 1878 2872 ἀπ-

298 2901 528 2957 ὠλισθον
549 2905 827 2969 παντελῶς
845 2906 940 2960 τοῦ
974 2909 1068 2962 καὶ
1095 2907 1220 2971 λαὸς
1242 2909 1376 2964 Θεοῦ
1389 2908 1770 2980 ὀνομάζεσθαι,
1789 2910 1879 2964 διά

299 3011 382 3049 ⁴σοι
412 2995 472 3048 τὸ
517 2996 633 3051 τῶν.
673 2998 855 3052 αὐτῶν
899 2998 1119 3070 ἔχεσθαι
1157 3001 1591 3071 σπουδασμὰτων
1625 3003 1704 3065 εἰς
1745 3002 1876 3056 ἀπό-

301 3104 495 3143 στασιν
545 3088 643 3160 τὴν
692 3089 806 3143 ἀπὶ
845 3090 1000 3145 Θεοῦ.
1054 3091 1430 3148 Διαλελοίπασι
1479 3095 1586 3164 γὰρ
1624 3093 1875 3163 οὐδαμῶς

297 3182 423 3244 ταῖς
451 3183 872 3254 μυσαρωτάταις
922 3183 1032 3238 τῶν
1082 3183 1348 3255 δαιμόνων
1389 3185 1662 3262 λατρείαις
1710 3203 1876 3256 προσ·
1907 3259 1947 3277 ﬂ

301 3271 567 3342 κείμενοι.

373 3365 521 3437 Πρὸς
553 3365 794 3421 διάνοιαν
823 3367 881 3421 δὲ
912 3365 1011 3440 τὴν
1039 3367 1211 3442 ἁληθῆ
1233 3407 1247 3429 ,
1282 3368 1377 3420 καὶ
1420 3366 1514 3422 ἐπὶ
1539 3366 1760 3439 Χριστῷ
1797 3365 1884 3420 λό-

300 3475 400 3528 γον
429 3459 682 3530 συνήσεις
713 3457 937 3528 ἑτέρως.
964 3457 1120 3514 Μετὰ
1149 3457 1255 3527 γάρ
1276 3474 1360 3511 τοι
1389 3455 1489 3527 τὴν
1517 3456 1730 3510 ἀνόσιον
1750 3457 1888 3510 ἐκεί-

304 3567 405 3620 νην
439 3549 663 3619 πληθὺν,
698 3549 798 3621 τὴν
831 3549 1054 3612 δικαίως
1099 3549 1202 3603 οὐκ
1248 3548 1563 3618 ἡλεημένην
1602 3551 1887 3619 (κεκυριο-

305 3642 541 3711 κτόνηκε
575 3641 742 3712 γὰρ),
774 3643 829 3695 οἱ·
851 3640 968 3714 μετ’
1001 3639 1240 3704 ἐκείνους
1263 3639 1550 3719 εὐθὺςουίοὶ
1579 3639 1884 3708 γεγονότες,

303 3732 338 3802 ἢ
361 3733 456 3785 καὶ
484 3733 638 3796 ὄντες
665 3733 766 3804 ἥδη
786 3735 886 3805 τῆς
909 3731 1358 3802 πεπορνευμένης
1378 3730 1731 3802 Συναγωγῆς,
1752 3731 1888 3785 ἀπο-

303 3824 663 3880 πεπτώκασιν
695 3825 946 3896 ἐναργῶς
980 3822 1077 3880 τοῦ
1115 3818 1257 3878 εἶναι
1294 3839 1356 3876 τε
1409 3823 1502 3876 καὶ
1530 3821 1889 3894 ὀνομάζεσθαι

305 3915 436 3978 λαὸς
463 3915 621 3969 Θεοῦ.
674 3917 748 3970 Οὐ
781 3917 889 3990 γὰρ
920 3917 1064 3972 ἅπαν
1096 3916 1156 3970 τὸ
1189 3915 1302 3970 τῶν
1340 3914 1612 3970 Ἰουδαίων
1653 3914 1890 3970 δεδαπά-

301 4024 438 4078 νηκε
469 4007 674 4079 πλῆθος
703 4010 732 4062 ὁ
759 4008 1052 4080 Ῥωμαίων
1075 4007 1338 4078 πόλεμοςο
1372 4007 1509 4062 ἀλλὰ
1533 4006 1758 4077 πλείστη
1790 4006 1889 4076 μὲν

301 4097 402 4168 ὅση
464 4098 557 4150 καὶ
580 4097 818 4170 ἀριθμοῦ
857 4097 1122 4171 κρείττων
1149 4097 1366 4152 διόλωλε
1390 4097 1599 4169 πληθύς
1622 4114 1637 4128 ·
1663 4099 1714 4153 oi
1742 4098 1799 4153 δὲ
1831 4096 1894 4162 ἐξ

301 4187 486 4242 αὐτῶν
515 4189 975 4260 ἀνασεσωσμένοι,
1007 4189 1102 4244 καὶ
1127 4189 1188 4244 τὸ
1233 4188 1326 4245 τοῦ
1362 4190 1592 4246 Θανάτου
1627 4189 1889 4260 φυγόντες

303 4280 473 4345 λίνον,
504 4281 882 4356 διεσπάρησαν
921 4283 1000 4348 είς
1041 4282 1220 4337 πάντα
1254 4283 1486 4354 ἄνεμον,
1519 4281 1660 4336 κατὰ
1695 4283 1756 4334 τὸ
1794 4259 1888 4351 γε-

303 4374 648 4446 γραμμένον,
681 4375 777 4428 καὶ
799 4375 858 4426 ἐν
886 4377 1006 4439 ταῖς
1036 4374 1145 4429 τῶν
1177 4374 1348 4430 ἐθνῶν
1376 4373 1889 4444 κατεσκεδάσθησαν

304 4465 534 4538 χώραις,
565 4465 747 4520 οὐκέτι
789 4465 939 4531 λαὸς,
973 4465 1050 4532 ὡς
1090 4465 1246 4538 ἔφην,
1273 4466 1704 4538 χρηματίζοντες
1729 4464 1886 4520 Θεοῦ.

302 4556 765 4629 Μεταπεφοίτηκε
803 4556 912 4628 γὰρ
939 4558 1019 4621 είς
1065 4557 1192 4622 τοὺς
1236 4558 1296 4625 ἐξ
1327 4557 1496 4614 ἐθνῶν
1527 4559 1561 4628 ὴ
1594 4557 1776 4630 χάρις,
1804 4553 1886 4621 οἷς

1981 2009 2087 2063 quc
2118 1994 2473 2052 abductorum
2508 1993 2620 2046 haec
2647 1991 2903 2046 historice
2944 1989 3083 2045 facta
3147 2001 3304 2051 esse;
3364 1982 3555 2049 imagio

1981 2101 2078 2141 nes
2107 2095 2290 2142 autem.
2337 2093 2494 2137 erant
2547 2098 2758 2146 eorum,
2809 2097 2928 2152 qum
2979 2076 3376 2148 Jerosolymitis
3430 2073 3557 2129 oliui

1980 2187 2235 2238 eventura
2274 2175 2472 2240 forent,
2504 2173 2796 2245 Unigeuito
2837 2174 3126 2226 humanam
3165 2176 3414 2223 naturam
3444 2165 3557 2236 jam

1981 2264 2191 2328 induto,
2226 2263 2335 2338 26
2363 2273 2416 2317 et
2446 2263 2694 2332 pretiosa:
2740 2261 2920 2316 crucis
2968 2269 3196 2313 mortem
3256 2271 3354 2326 pro
3404 2255 3559 2309 nobis

1979 2366 2257 2424 perpesso.
2290 2351 2444 2418 Quod
2488 2351 2533 2410 si
2561 2359 2686 2404 ante
2726 2347 3027 2418 spiritualia
3077 2343 3559 2402 commemoranda

1980 2453 2107 2502 sunt
2130 2442 2412 2508 historica,
2445 2442 2696 2506 dicimus,
2727 2440 2923 2495 lsraele
2942 2454 3007 2494 ex
3027 2437 3272 2493 Samaria
3303 2437 3370 2490 ad
3409 2449 3558 2489 mon-

1982 2547 2062 2594 tes
2084 2535 2366 2592 Persarum
2391 2545 2446 2589 et
2470 2531 2745 2589 Medorum
2775 2546 2804 2585 a
2827 2528 3328 2601 Theglatphalasar,
3349 2534 3403 2580 et
3427 2522 3563 2578 Sal-

1981 2639 2238 2680 manasar
2273 2621 2624 2693 Assyriorum
2652 2617 2874 2688 regibus
2900 2614 3186 2678 translato,
3219 2612 3310 2682 qui
3338 2623 3556 2664 reman-

1981 2724 2186 2778 serant,
2223 2713 2650 2782 alllictorumquc
2683 2707 2939 2776 reliquias
2967 2721 2997 2760 a
3035 2704 3275 2767 nomine,
3350 2708 3409 2754 ut
3457 2713 3575 2768 po--

1981 2809 2139 2878 pulus
2172 2806 2264 2861 Dei
2311 2813 2656 2866 vocarentur,
2701 2801 2922 2855 omnino
2974 2798 3369 2867 degenerasse,
3419 2791 3563 2860 quod

1983 2902 2048 2956 iis
2068 2899 2261 2955 studiis
2284 2904 2464 2953 essent
2491 2893 2682 2955 dediti,
2712 2907 2807 2962 per
2831 2906 2949 2963 quae
2974 2905 3004 2944 a
3035 2888 3143 2942 Deo
3175 2884 3560 2940 desciscerutt.

1981 2990 2308 3060 Neutiquam
2363 2987 2506 3042 enim
2559 2985 2796 3038 maxime
2870 2979 3191 3036 detestaudo
3260 2977 3579 3031 dazmonum.

1983 3080 2148 3138 cultui
2192 3079 2454 3133 inluerere
2480 3076 2910 3130 intermiserunt.

2058 3367 2137 3421 Ad
2167 3379 2347 3418 veram
2386 3371 2566 3418 autem
2599 3359 2890 3422 rationem,
2921 3365 2976 3413 et
2999 3356 3065 3411 ad
3095 3353 3372 3412 Christum
3420 3353 3564 3423 quod

1988 3457 2201 3522 attinet,
2272 3455 2427 3508 aliter
2482 3450 2774 3521 intelliges.
2831 3448 2958 3503 Post
2995 3445 3312 3503 sceleratam
3367 3441 3566 3514 quippe

1990 3547 2387 3605 multitudinem
2422 3543 2595 3606 illam,
2627 3552 2682 3597 et
2709 3540 2903 3596 merito
2975 3537 3404 3594 misericordiam
3455 3549 3569 3590 non

1988 3647 2357 3702 consecutam,
2389 3635 2512 3705 quia
2546 3633 2832 3696 Dominum
2866 3629 3160 3695 interfecit,
3199 3627 3382 3682 statim
3438 3624 3565 3680 illo-

1989 3749 2108 3790 rum
2137 3731 2231 3786 ﬁlii
2261 3737 2382 3800 post
2409 3742 2528 3791 eos,
2551 3733 2646 3781 aut
2677 3723 2894 3795 quijam
2936 3730 3094 3776 erant
3131 3719 3224 3774 ﬁlii
3256 3716 3564 3779 fornicaria:

1991 3824 2308 3895 Synagogze,
2343 3819 2516 3890 palam
2546 3833 2604 3873 se
2631 3818 2702 3871 ita
2726 3821 3030 3887 gesserunt,
3073 3819 3134 3866 ut
3186 3807 3417 3881 populus
3467 3806 3562 3862 Dei

1991 3931 2090 3972 nec
2128 3923 2330 3976 essent,
2357 3926 2454 3966 nec
2488 3909 2919 3966 nominarentur.
2952 3902 3139 3975 Neque
3168 3901 3310 3957 enim
3344 3899 3563 3954 univer-

1989 4019 2104 4060 sam
2145 4002 2452 4058 Judaeorum
2486 3999 2758 4052 nationem
2790 3995 2991 4050 bellum
3024 4007 3053 4047 a
3124 3988 3381 4045 Romanis
3440 3987 3564 4042 illa-

1993 4105 2102 4150 tum
2171 4091 2510 4161 absumpsit;
2574 4088 2665 4144 sed
2737 4089 2968 4140 maxima
3067 4090 3120 4138 et
3185 4077 3563 4135 innumerabili

1991 4184 2335 4244 multitudine
2363 4181 2560 4244 deleta,
2592 4179 2657 4232 de
2687 4178 2818 4247 ipsis
2845 4173 3072 4239 servati,
3113 4180 3168 4228 et
3213 4169 3303 4240 qui
3372 4168 3566 4223 mortis

1994 4278 2125 4334 retia
2165 4274 2483 4346 ell‘ugeraut,
2541 4273 2608 4327 ad
2651 4285 2838 4325 omnes
2870 4277 3081 4330 ventos,
3108 4265 3264 4336 juxta
3318 4262 3566 4330 Scriptu-

1994 4385 2130 4436 ram,
2191 4366 2444 4438 dispersi,
2505 4374 2560 4418 et
2599 4377 2694 4432 per
2743 4360 2980 4432 gentium
3023 4358 3269 4427 regiones
3321 4353 3563 4422 dissipati

1993 4471 2118 4517 sunt
2141 4459 2208 4523 3°,
2245 4473 2348 4513 non
2376 4455 2626 4525 amplius,
2649 4450 2868 4520 utjdixi,
2897 4448 3125 4520 populus
3162 4444 3253 4500 Dei
3283 4441 3558 4513 appellati.

1993 4549 2438 4608 Transiviteuim
2489 4547 2554 4602 ad
2603 4553 2789 4618 gentes
2836 4539 3040 4613 gratia,
3093 4537 3286 4608 quibus
3314 4532 3555 4603 reliquiae

301 4608 574 4720 ἀνεμίχθη
604 4608 697 4704 καί
720 4649 783 4703 τὸ
812 4608 1296 4721 κατάλειμμίτοῦ

1992 4642 2455 4712 lsraelpermistaI
2482 4647 2630 4702 sunt,
2687 4637 2788 4692 hoc
2854 4641 2958 4699 est,
3011 4629 3104 4701 qui
3153 4642 3250 4698 per
3312 4626 3468 4680 [idem
3513 4624 3564 4677 iu

301 4744 353 4796 οί
387 4742 474 4796 διὰ
507 4743 738 4808 πίστεως
770 4743 872 4814 τῆς
901 4744 982 4806 είς
1010 4742 1247 4813 Χριστὸν
1285 4743 1746 4813 ἁνασεσωσμένοι.
1778 4744 1884 4795 Πε-

305 4835 634 4889 πιστεύκασι
653 4835 758 4906 γὰρ
775 4835 870 4888 καί
899 4837 964 4890 ἐκ
981 4833 1173 4888 τούτου
1195 4835 1298 4888 οὐκ
1317 4835 1486 4904 ὀλίγοι
1511 4833 1600 4888 τὸν
1629 4832 1882 4905 ἀριθμόν.

307 4927 430 4980 Ὅτι
459 4927 514 4979 δὲ
544 4926 1006 4990 ἁπολακτίσαντος
1045 4925 1140 4980 τοῦ
1178 4925 1413 4999 Ἰσραὴλ,
1447 4927 1547 4999 τῆς
1580 4927 1660 4989 είς
1690 4926 1887 4990 αὐτοὺς

303 5016 631 5086 οἰκειότητος
650 5014 1061 5086 ἀποπεφοίτηκε
1088 5013 1182 5068 καὶ
1209 5012 1371 5076 αὐτὸς
1395 5011 1550 5068 ὰτῶν
1569 5012 1705 5067 ὅλων
1725 5011 1876 5077 Θεὸς,

303 5107 601 5177 ὑπέφηνεν,
633 5105 802 5160 εἰπὼν
823 5146 840 5172 ,
873 5106 935 5160 οὐ
976 5105 1158 5174 μόνον,
1193 5105 1274 5158 ὅτι
1309 5104 1402 5156 καὶ
1446 5103 1634 5173 Ὑμεῖς
1657 5104 1719 5157 οὐ
1751 5101 1881 5166 λαός

305 5214 434 5266 μου,
470 5195 911 5268 προσεπαγαγὼν
937 5196 995 5250 δὲ
1027 5195 1237 5258 τού-τοις
1269 5192 1607 5261 ἀναγκαίως,
1629 5193 1718 5258 τὸ,
1771 5193 1882 5248 Καὶ

303 5288 416 5366 ἐγὼ
479 5290 580 5342 οὐκ
626 5289 743 5360 εἰμὶ
783 5289 955 5359 ὑμῶν.
1006 5287 1142 5340 Ἀλλ’
1176 5287 1342 5358 ἡμῶν
1364 5301 1428 5353 γε
1472 5285 1619 5355 πέρι,
1683 5285 1792 5340 τῶν
1825 5286 1884 5340 ἐν

300 5379 527 5450 Χριστῷ
546 5378 998 5450 δεδικαιωμένων,
1018 5377 1112 5431 καὶ
1137 5376 1482 5448 ἡγιασμὲνων
1506 5377 1564 5430 ἐν
1581 5376 1883 5448 Πνεύματι,

300 5473 398 5526 καὶ
430 5472 527 5541 τὴν
575 5470 712 5540 πρὸς
745 5470 908 5523 αὑτὸν
941 5469 1249 5540 οἰκειότητα
1289 5469 1762 5538 πεπλουτηκότων,
1797 5467 1887 5522 διὰ

301 5561 492 5630 φωνῆς
537 5563 816 5631 προφήτου
853 5560 1011 5630 φησί’
1037 5576 1055 5610 ι
1093 5559 1203 5612 Καὶ
1234 5558 1346 5628 ἐγὼ
1374 5557 1570 5629 ἔσομαι
1597 5559 1779 5622 αὐτοῖς
1807 5559 1885 5623 είς

300 5654 459 5716 Θεὸν,
485 5652 579 5706 καὶ
604 5651 760 5706 αὐτοὶ
784 5649 996 5706 ἔσονταί
1023 5666 1113 5721 μοι
1144 5652 1222 5714 είς
1257 5650 1407 5714 υίοὺς
1440 5651 1534 5704 καὶ
1559 5649 1881 5722 θυγατέρας,

375 5830 418 5862 ⁸⁷
450 5831 607 5887 05cc.
645 5848 739 5897 vu,
781 5832 862 5890 l0.
939 5833 986 5865 ⁸⁸
1017 5831 1182 5886 Zach.
1214 5846 1275 5896 ιι,
1311 5831 1361 5884 6.
1445 5831 1488 5861 ⁸³
1514 5826 1623 5883 Jcr.
1652 5840 1798 5890 χιιι,
1835 5826 1885 5879 ι..

1991 4734 2266 4791 Christqu
2296 4731 2653 4792 salvatisuut.
2688 4724 3046 4781 Crediderunt
3096 4720 3240 4774 enim
3292 4716 3454 4770 etiam
3499 4729 3565 4768 ex

1995 4824 2078 4880 his
2113 4837 2218 4877 non
2241 4821 2396 4891 pauci
2429 4833 2678 4874 numero.
2716 4813 2954 4886 Repulsa
2980 4818 3160 4865 autem
3197 4801 3568 4860 familiaritate

1991 4913 2107 4984 ejus
2138 4911 2206 4968 ab
2239 4907 2774 4977 lsrael,abscessisse
2797 4903 2963 4961 etiam
2985 4902 3053 4958 ab
3087 4915 3165 4956 eo.
3189 4895 3562 4951 universorum

1984 5007 2175 5079 Deum,
2194 5005 2327 5062 satis
2338 5003 2594 5068 ostendit,
2613 5017 2732 5056 cum
2752 4999 2910 5067 dixit,
2930 5011 3032 5051 non
3054 4992 3249 5054 solum,
3269 4988 3328 5042 Et
3353 5001 3443 5042 vos
3460 4999 3562 5041 non

1984 5077 2211 5172 papulas
2249 5112 2398 5152 meus
2414 5095 2557 5161 ;'sed
2571 5093 2731 5150 etiam
2750 5106 2870 5146 cum
2902 5085 3166 5157 adjunxit,
3186 5080 3326 5152 quod
3343 5077 3564 5133 outuiuo

1987 5191 2334 5261 sequebatur,
2369 5189 2432 5242 Et
2457 5202 2557 5256 ego
2589 5202 2692 5241 non
2722 5198 2840 5240 sum
2875 5190 3073 5236 vester.
3099 5177 3173 5230 De
3203 5172 3358 5228 nobis
3385 5177 3562 5223 autem

1988 5287 2042 5342 in
2081 5287 2296 5344 Christo
2327 5284 2638 5354 justiticatis
2685 5291 2736 5338 et
2784 5281 2836 5339 in
2876 5277 3079 5350 Spiritu
3107 5269 3474 5331 sanctiﬁcatis,
3510 5274 3564 5319 et

1987 5379 2104 5450 ejus
2145 5377 2526 5446 coniunctione
2571 5374 2924 5444 pollentibus,
2947 5383 3044 5440 per
3081 5381 3142 5420 os
3173 5362 3448 5433 prophetae
3479 5355 3561 5450 di:

1989 5443 2100 5524 cit:
2140 5485 2166 5518 ι-
2193 5443 2377 5536 Etcgo
2415 5481 2508 5522 ero
2547 5443 2654 5519 illis
2684 5464 2736 5516 in
2768 5459 2959 5526 Deum,
2995 5466 3048 5512 et
3077 5455 3174 5526 ipsi
3209 5458 3370 5508 erunt
3431 5443 3561 5499 mihi

1990 5561 2043 5614 in
2075 5559 2214 5614 ﬁlios
2259 5568 2311 5614 ct
2361 5557 2520 5623 ﬁlias,
2568 5556 2696 5610 dicit
2733 5553 2991 5606 Dominus
3044 5545 3387 5614 omnipotens
3433 5537 3500 5589 θ’.
3535 5551 3557 5587 ι

1989 5652 2065 5707 Ac
2079 5648 2277 5706 Judaeis
2299 5649 2512 5718 quidem
2530 5649 2705 5702 aiebat
2720 5644 2986 5708 Christus,
3009 5633 3294 5708 aliquando
3313 5628 3563 5700 quidem;
