  <div class='ocr_page' id='page_1' title='image "/cluster/home/n/w/nwhite01/storage/ocr_20150623/71/hvd.32044019207885/033.png"; bbox 0 0 4094 6568; ppageno 0'>
   <div class='ocr_carea' id='block_1_1' title="bbox 614 438 2892 513">
    <p class='ocr_par' dir='ltr' id='par_1_1' title="bbox 614 438 2892 513">
     <span class='ocr_line' id='line_1_1' title="bbox 614 438 2892 513; baseline -0.007 -3"><span class='ocrx_word' id='word_1_1' title='bbox 614 453 677 513; x_wconf 68' lang='grc'>51</span> <span class='ocrx_word' id='word_1_2' title='bbox 1639 451 1695 504; x_wconf 94' lang='lat' dir='ltr'><strong>S.</strong></span> <span class='ocrx_word' id='word_1_3' title='bbox 1738 445 2011 504; x_wconf 79' lang='lat' dir='ltr'><strong>CYRILLI</strong></span> <span class='ocrx_word' id='word_1_4' title='bbox 2054 439 2525 497; x_wconf 77' lang='lat' dir='ltr'><strong>ALEXANDRINI</strong></span> <span class='ocrx_word' id='word_1_5' title='bbox 2565 438 2892 496; x_wconf 79' lang='lat' dir='ltr'><strong>ARCHIEP.</strong></span> 
     </span>
    </p>
   </div>
   <div class='ocr_carea' id='block_1_2' title="bbox 3806 407 3870 459">
    <p class='ocr_par' dir='ltr' id='par_1_2' title="bbox 3806 407 3870 459">
     <span class='ocr_line' id='line_1_2' title="bbox 3806 407 3870 459; baseline -0.016 0"><span class='ocrx_word' id='word_1_6' title='bbox 3806 407 3870 459; x_wconf 74' lang='grc'>5..</span> 
     </span>
    </p>
   </div>
   <div class='ocr_carea' id='block_1_3' title="bbox 615 542 2184 638">
    <p class='ocr_par' dir='ltr' id='par_1_3' title="bbox 615 565 2184 638">
     <span class='ocr_line' id='line_1_3' title="bbox 615 565 2184 638; baseline -0.006 -13"><span class='ocrx_word' id='word_1_7' title='bbox 615 589 637 625; x_wconf 79' lang='grc' dir='ltr'><strong>ι</strong></span> <span class='ocrx_word' id='word_1_8' title='bbox 656 570 845 625; x_wconf 82' lang='lat' dir='ltr'><strong>Adhuc</strong></span> <span class='ocrx_word' id='word_1_9' title='bbox 858 567 1122 623; x_wconf 86' lang='lat' dir='ltr'><strong>modicum</strong></span> <span class='ocrx_word' id='word_1_10' title='bbox 1144 576 1355 638; x_wconf 89' lang='lat' dir='ltr'><strong>tempus</strong></span> <span class='ocrx_word' id='word_1_11' title='bbox 1374 565 1650 621; x_wconf 80' lang='lat' dir='ltr'><strong>vobiscum</strong></span> <span class='ocrx_word' id='word_1_12' title='bbox 1670 582 1787 622; x_wconf 88' lang='lat' dir='ltr'><strong>sum</strong></span> <span class='ocrx_word' id='word_1_13' title='bbox 1802 567 1848 598; x_wconf 68' lang='lat'><strong>9°</strong></span> <span class='ocrx_word' id='word_1_14' title='bbox 1870 584 1883 633; x_wconf 89' lang='lat'><strong>;</strong></span> <span class='ocrx_word' id='word_1_15' title='bbox 1906 584 1922 617; x_wconf 82' lang='grc' dir='ltr'><strong>ι</strong></span> <span class='ocrx_word' id='word_1_16' title='bbox 1948 565 2184 634; x_wconf 90' lang='lat' dir='ltr'><strong>aliquan-</strong></span> 
     </span>
    </p>
   </div>
   <div class='ocr_carea' id='block_1_4' title="bbox 2287 542 3867 638">
    <p class='ocr_par' dir='ltr' id='par_1_4' title="bbox 2296 542 3867 638">
     <span class='ocr_line' id='line_1_4' title="bbox 2296 542 3867 638; baseline -0.011 -25"><span class='ocrx_word' id='word_1_17' title='bbox 2296 561 2442 631; x_wconf 90' lang='grc' dir='ltr'>λέγει</span> <span class='ocrx_word' id='word_1_18' title='bbox 2468 559 2673 631; x_wconf 85' lang='grc' dir='ltr'>Κύριος</span> <span class='ocrx_word' id='word_1_19' title='bbox 2709 555 3126 628; x_wconf 84' lang='grc' dir='ltr'>παντοκράτωρ.</span> <span class='ocrx_word' id='word_1_20' title='bbox 3151 570 3168 604; x_wconf 74' lang='grc' dir='ltr'><strong>ι</strong></span> <span class='ocrx_word' id='word_1_21' title='bbox 3200 550 3312 605; x_wconf 72' lang='grc' dir='ltr'>Καὶ</span> <span class='ocrx_word' id='word_1_22' title='bbox 3341 546 3612 638; x_wconf 76' lang='grc' dir='ltr'>Ἰουδαίοις</span> <span class='ocrx_word' id='word_1_23' title='bbox 3646 544 3705 599; x_wconf 75' lang='grc' dir='ltr'>δὲ</span> <span class='ocrx_word' id='word_1_24' title='bbox 3736 542 3867 638; x_wconf 56' lang='grc' dir='ltr'><strong>εφα-</strong></span> 
     </span>
    </p>
   </div>
   <div class='ocr_carea' id='block_1_5' title="bbox 609 656 2182 729">
    <p class='ocr_par' dir='ltr' id='par_1_5' title="bbox 609 656 2182 729">
     <span class='ocr_line' id='line_1_5' title="bbox 609 656 2182 729; baseline -0.006 -11"><span class='ocrx_word' id='word_1_25' title='bbox 609 663 679 718; x_wconf 91' lang='lat' dir='ltr'><strong>do</strong></span> <span class='ocrx_word' id='word_1_26' title='bbox 708 671 921 716; x_wconf 89' lang='lat' dir='ltr'><strong>autem:</strong></span> <span class='ocrx_word' id='word_1_27' title='bbox 954 678 973 711; x_wconf 86' lang='grc' dir='ltr'><strong>ι</strong></span> <span class='ocrx_word' id='word_1_28' title='bbox 1014 659 1153 713; x_wconf 83' lang='lat' dir='ltr'><strong>Ecce</strong></span> <span class='ocrx_word' id='word_1_29' title='bbox 1203 658 1540 729; x_wconf 81' lang='lat' dir='ltr'><strong>relinquetur</strong></span> <span class='ocrx_word' id='word_1_30' title='bbox 1569 656 1723 711; x_wconf 84' lang='lat' dir='ltr'><strong>vobis</strong></span> <span class='ocrx_word' id='word_1_31' title='bbox 1772 659 1963 712; x_wconf 87' lang='lat' dir='ltr'><strong>domus</strong></span> <span class='ocrx_word' id='word_1_32' title='bbox 2007 664 2182 710; x_wconf 91' lang='lat' dir='ltr'><strong>vestra</strong></span> 
     </span>
    </p>
   </div>
   <div class='ocr_carea' id='block_1_6' title="bbox 610 744 2185 816">
    <p class='ocr_par' dir='ltr' id='par_1_6' title="bbox 610 744 2185 816">
     <span class='ocr_line' id='line_1_6' title="bbox 610 744 2185 816; baseline -0.004 -10"><span class='ocrx_word' id='word_1_33' title='bbox 610 752 824 807; x_wconf 86' lang='lat' dir='ltr'><strong>deserta</strong></span> <span class='ocrx_word' id='word_1_34' title='bbox 849 752 918 804; x_wconf 67' lang='grc' dir='ltr'><strong>θ’,</strong></span> <span class='ocrx_word' id='word_1_35' title='bbox 957 771 975 801; x_wconf 75' lang='grc' dir='ltr'><strong>ι</strong></span> <span class='ocrx_word' id='word_1_36' title='bbox 1010 749 1081 805; x_wconf 92' lang='lat' dir='ltr'><strong>De</strong></span> <span class='ocrx_word' id='word_1_37' title='bbox 1108 751 1387 805; x_wconf 74' lang='lat' dir='ltr'><strong>conversis</strong></span> <span class='ocrx_word' id='word_1_38' title='bbox 1417 764 1545 805; x_wconf 91' lang='lat' dir='ltr'><strong>vero</strong></span> <span class='ocrx_word' id='word_1_39' title='bbox 1568 764 1633 803; x_wconf 82' lang='lat' dir='ltr'><strong>ex</strong></span> <span class='ocrx_word' id='word_1_40' title='bbox 1667 748 1953 816; x_wconf 78' lang='lat' dir='ltr'><strong>gentibus:</strong></span> <span class='ocrx_word' id='word_1_41' title='bbox 1996 764 2015 797; x_wconf 81' lang='grc' dir='ltr'><strong>ι</strong></span> <span class='ocrx_word' id='word_1_42' title='bbox 2044 744 2185 801; x_wconf 87' lang='lat' dir='ltr'><strong>Oves</strong></span> 
     </span>
    </p>
   </div>
   <div class='ocr_carea' id='block_1_7' title="bbox 611 844 2182 911">
    <p class='ocr_par' dir='ltr' id='par_1_7' title="bbox 611 844 2182 911">
     <span class='ocr_line' id='line_1_7' title="bbox 611 844 2182 911; baseline -0.003 -13"><span class='ocrx_word' id='word_1_43' title='bbox 611 860 742 900; x_wconf 84' lang='lat' dir='ltr'><strong>meae</strong></span> <span class='ocrx_word' id='word_1_44' title='bbox 772 859 955 899; x_wconf 91' lang='lat' dir='ltr'><strong>vocem</strong></span> <span class='ocrx_word' id='word_1_45' title='bbox 988 844 1446 909; x_wconf 18' lang='lat' dir='ltr'><strong>meamlaudiunt,</strong></span> <span class='ocrx_word' id='word_1_46' title='bbox 1496 852 1552 897; x_wconf 91' lang='lat' dir='ltr'><strong>et</strong></span> <span class='ocrx_word' id='word_1_47' title='bbox 1584 857 1685 911; x_wconf 89' lang='lat' dir='ltr'><strong>ego</strong></span> <span class='ocrx_word' id='word_1_48' title='bbox 1746 854 2015 911; x_wconf 83' lang='lat' dir='ltr'><strong>cognosco</strong></span> <span class='ocrx_word' id='word_1_49' title='bbox 2066 853 2182 901; x_wconf 85' lang='lat' dir='ltr'><strong>eas,</strong></span> 
     </span>
    </p>
   </div>
   <div class='ocr_carea' id='block_1_8' title="bbox 608 933 2185 1007">
    <p class='ocr_par' dir='ltr' id='par_1_8' title="bbox 608 933 2185 1007">
     <span class='ocr_line' id='line_1_8' title="bbox 608 933 2185 1007; baseline -0.003 -17"><span class='ocrx_word' id='word_1_50' title='bbox 608 945 663 990; x_wconf 88' lang='lat' dir='ltr'><strong>et</strong></span> <span class='ocrx_word' id='word_1_51' title='bbox 729 945 1034 1004; x_wconf 87' lang='lat' dir='ltr'><strong>sequuntur</strong></span> <span class='ocrx_word' id='word_1_52' title='bbox 1109 951 1217 1001; x_wconf 90' lang='lat' dir='ltr'><strong>me,</strong></span> <span class='ocrx_word' id='word_1_53' title='bbox 1273 945 1329 991; x_wconf 90' lang='lat' dir='ltr'><strong>et</strong></span> <span class='ocrx_word' id='word_1_54' title='bbox 1383 951 1484 1007; x_wconf 80' lang='lat' dir='ltr'><strong>ego</strong></span> <span class='ocrx_word' id='word_1_55' title='bbox 1544 936 1709 990; x_wconf 88' lang='lat' dir='ltr'><strong>vitam</strong></span> <span class='ocrx_word' id='word_1_56' title='bbox 1782 942 2040 989; x_wconf 77' lang='lat' dir='ltr'><strong>aeternam</strong></span> <span class='ocrx_word' id='word_1_57' title='bbox 2118 933 2185 987; x_wconf 89' lang='lat' dir='ltr'><strong>do</strong></span> 
     </span>
    </p>
   </div>
   <div class='ocr_carea' id='block_1_9' title="bbox 610 1028 840 1085">
    <p class='ocr_par' dir='ltr' id='par_1_9' title="bbox 610 1028 840 1085">
     <span class='ocr_line' id='line_1_9' title="bbox 610 1028 840 1085; baseline 0 -4"><span class='ocrx_word' id='word_1_58' title='bbox 610 1028 689 1083; x_wconf 89' lang='lat' dir='ltr'><strong>cis</strong></span> <span class='ocrx_word' id='word_1_59' title='bbox 717 1029 785 1085; x_wconf 67' lang='grc' dir='ltr'><strong>θ’.</strong></span> <span class='ocrx_word' id='word_1_60' title='bbox 821 1048 840 1081; x_wconf 71' lang='grc' dir='ltr'><strong>ι</strong></span> 
     </span>
    </p>
   </div>
   <div class='ocr_carea' id='block_1_10' title="bbox 682 1198 2185 1278">
    <p class='ocr_par' dir='ltr' id='par_1_10' title="bbox 682 1198 2185 1278">
     <span class='ocr_line' id='line_1_10' title="bbox 682 1198 2185 1278; baseline -0.008 -15"><span class='ocrx_word' id='word_1_61' title='bbox 682 1208 789 1278; x_wconf 77' lang='grc'><strong>27</strong></span> <span class='ocrx_word' id='word_1_62' title='bbox 818 1206 985 1265; x_wconf 73' lang='lat' dir='ltr'><strong>Vens.</strong></span> <span class='ocrx_word' id='word_1_63' title='bbox 1023 1206 1108 1263; x_wconf 84' lang='grc'><strong>10.</strong></span> <span class='ocrx_word' id='word_1_64' title='bbox 1142 1206 1211 1261; x_wconf 86' lang='lat' dir='ltr'><strong>Et</strong></span> <span class='ocrx_word' id='word_1_65' title='bbox 1269 1209 1367 1262; x_wconf 81' lang='lat' dir='ltr'><strong>erit</strong></span> <span class='ocrx_word' id='word_1_66' title='bbox 1430 1222 1677 1261; x_wconf 81' lang='lat' dir='ltr'><strong>numerus</strong></span> <span class='ocrx_word' id='word_1_67' title='bbox 1725 1203 1958 1273; x_wconf 77' lang='lat' dir='ltr'><strong>ﬁliorum</strong></span> <span class='ocrx_word' id='word_1_68' title='bbox 2014 1198 2185 1255; x_wconf 77' lang='lat' dir='ltr'><strong>Israel</strong></span> 
     </span>
    </p>
   </div>
   <div class='ocr_carea' id='block_1_11' title="bbox 610 1296 2184 1367">
    <p class='ocr_par' dir='ltr' id='par_1_11' title="bbox 610 1296 2184 1367">
     <span class='ocr_line' id='line_1_11' title="bbox 610 1296 2184 1367; baseline -0.006 -15"><span class='ocrx_word' id='word_1_69' title='bbox 610 1298 743 1352; x_wconf 76' lang='lat' dir='ltr'><strong>sicut</strong></span> <span class='ocrx_word' id='word_1_70' title='bbox 779 1315 935 1351; x_wconf 86' lang='lat' dir='ltr'><strong><em>arena</em></strong></span> <span class='ocrx_word' id='word_1_71' title='bbox 962 1298 1148 1362; x_wconf 84' lang='lat' dir='ltr'><strong>maris,</strong></span> <span class='ocrx_word' id='word_1_72' title='bbox 1188 1313 1305 1367; x_wconf 77' lang='lat' dir='ltr'><strong>qua:</strong></span> <span class='ocrx_word' id='word_1_73' title='bbox 1328 1314 1428 1351; x_wconf 83' lang='lat' dir='ltr'><strong>non</strong></span> <span class='ocrx_word' id='word_1_74' title='bbox 1448 1296 1860 1358; x_wconf 78' lang='lat' dir='ltr'><strong>mensurabitur,</strong></span> <span class='ocrx_word' id='word_1_75' title='bbox 1894 1307 2058 1362; x_wconf 81' lang='lat' dir='ltr'><strong>neque</strong></span> <span class='ocrx_word' id='word_1_76' title='bbox 2083 1307 2184 1343; x_wconf 87' lang='lat' dir='ltr'><strong>mt-</strong></span> 
     </span>
    </p>
   </div>
   <div class='ocr_carea' id='block_1_12' title="bbox 608 1389 920 1451">
    <p class='ocr_par' dir='ltr' id='par_1_12' title="bbox 608 1389 920 1451">
     <span class='ocr_line' id='line_1_12' title="bbox 608 1389 920 1451; baseline 0.003 -8"><span class='ocrx_word' id='word_1_77' title='bbox 608 1389 808 1451; x_wconf 82' lang='lat' dir='ltr'><strong>merabi</strong></span> <span class='ocrx_word' id='word_1_78' title='bbox 816 1398 830 1440; x_wconf 85' lang='grc' dir='ltr'><strong>ι</strong></span> <span class='ocrx_word' id='word_1_79' title='bbox 839 1406 920 1444; x_wconf 86' lang='lat' dir='ltr'><strong>ur.</strong></span> 
     </span>
    </p>
   </div>
   <div class='ocr_carea' id='block_1_13' title="bbox 681 1473 2185 1551">
    <p class='ocr_par' dir='ltr' id='par_1_13' title="bbox 681 1473 2185 1551">
     <span class='ocr_line' id='line_1_13' title="bbox 681 1473 2185 1551; baseline -0.007 -14"><span class='ocrx_word' id='word_1_80' title='bbox 681 1482 787 1537; x_wconf 79' lang='lat' dir='ltr'><strong>VII.</strong></span> <span class='ocrx_word' id='word_1_81' title='bbox 816 1480 931 1536; x_wconf 83' lang='lat' dir='ltr'><strong>lloc</strong></span> <span class='ocrx_word' id='word_1_82' title='bbox 960 1482 1064 1536; x_wconf 89' lang='lat' dir='ltr'><strong>alio</strong></span> <span class='ocrx_word' id='word_1_83' title='bbox 1099 1482 1257 1537; x_wconf 92' lang='lat' dir='ltr'><strong>modo</strong></span> <span class='ocrx_word' id='word_1_84' title='bbox 1290 1481 1445 1537; x_wconf 90' lang='lat' dir='ltr'><strong>nobis</strong></span> <span class='ocrx_word' id='word_1_85' title='bbox 1477 1479 1732 1551; x_wconf 79' lang='lat' dir='ltr'><strong>explanat</strong></span> <span class='ocrx_word' id='word_1_86' title='bbox 1769 1478 1961 1533; x_wconf 89' lang='lat' dir='ltr'><strong>beatus</strong></span> <span class='ocrx_word' id='word_1_87' title='bbox 1997 1473 2185 1531; x_wconf 88' lang='lat' dir='ltr'><strong>Isaias.</strong></span> 
     </span>
    </p>
   </div>
   <div class='ocr_carea' id='block_1_14' title="bbox 615 1566 2176 1643">
    <p class='ocr_par' dir='ltr' id='par_1_14' title="bbox 615 1566 2176 1643">
     <span class='ocr_line' id='line_1_14' title="bbox 615 1566 2176 1643; baseline -0.004 -19"><span class='ocrx_word' id='word_1_88' title='bbox 615 1592 634 1624; x_wconf 77' lang='grc' dir='ltr'><strong>ι</strong></span> <span class='ocrx_word' id='word_1_89' title='bbox 659 1573 723 1627; x_wconf 85' lang='grc' dir='ltr'>Ει</span> <span class='ocrx_word' id='word_1_90' title='bbox 750 1574 793 1627; x_wconf 88' lang='lat' dir='ltr'><strong>si</strong></span> <span class='ocrx_word' id='word_1_91' title='bbox 827 1574 1007 1634; x_wconf 82' lang='lat' dir='ltr'><strong>fuerit,</strong></span> <span class='ocrx_word' id='word_1_92' title='bbox 1039 1574 1234 1642; x_wconf 87' lang='lat' dir='ltr'><strong>inquit,</strong></span> <span class='ocrx_word' id='word_1_93' title='bbox 1261 1572 1488 1643; x_wconf 87' lang='lat' dir='ltr'><strong>populus</strong></span> <span class='ocrx_word' id='word_1_94' title='bbox 1511 1570 1675 1626; x_wconf 91' lang='lat' dir='ltr'><strong>lsrael</strong></span> <span class='ocrx_word' id='word_1_95' title='bbox 1703 1578 1761 1624; x_wconf 92' lang='lat' dir='ltr'><strong>ut</strong></span> <span class='ocrx_word' id='word_1_96' title='bbox 1787 1584 1951 1624; x_wconf 89' lang='lat' dir='ltr'><strong>arena</strong></span> <span class='ocrx_word' id='word_1_97' title='bbox 1987 1566 2176 1631; x_wconf 89' lang='lat' dir='ltr'><strong>maris,</strong></span> 
     </span>
    </p>
   </div>
   <div class='ocr_carea' id='block_1_15' title="bbox 612 1660 2186 1734">
    <p class='ocr_par' dir='ltr' id='par_1_15' title="bbox 612 1660 2186 1734">
     <span class='ocr_line' id='line_1_15' title="bbox 612 1660 2186 1734; baseline -0.004 -16"><span class='ocrx_word' id='word_1_98' title='bbox 612 1664 851 1734; x_wconf 60' lang='lat' dir='ltr'><strong>reliquie:</strong></span> <span class='ocrx_word' id='word_1_99' title='bbox 870 1672 1052 1718; x_wconf 79' lang='lat' dir='ltr'><strong>eorum</strong></span> <span class='ocrx_word' id='word_1_100' title='bbox 1078 1664 1448 1719; x_wconf 82' lang='lat' dir='ltr'><strong>salvabuntur.</strong></span> <span class='ocrx_word' id='word_1_101' title='bbox 1479 1662 1713 1719; x_wconf 83' lang='lat' dir='ltr'><strong>Verbum</strong></span> <span class='ocrx_word' id='word_1_102' title='bbox 1753 1660 1896 1716; x_wconf 85' lang='lat' dir='ltr'><strong>enim</strong></span> <span class='ocrx_word' id='word_1_103' title='bbox 1933 1673 2186 1714; x_wconf 91' lang='lat' dir='ltr'><strong>consum-</strong></span> 
     </span>
    </p>
   </div>
   <div class='ocr_carea' id='block_1_16' title="bbox 610 1750 2185 1827">
    <p class='ocr_par' dir='ltr' id='par_1_16' title="bbox 610 1750 2185 1827">
     <span class='ocr_line' id='line_1_16' title="bbox 610 1750 2185 1827; baseline -0.004 -17"><span class='ocrx_word' id='word_1_104' title='bbox 610 1772 783 1822; x_wconf 89' lang='lat' dir='ltr'><strong>mans,</strong></span> <span class='ocrx_word' id='word_1_105' title='bbox 811 1765 865 1812; x_wconf 90' lang='lat' dir='ltr'><strong>et</strong></span> <span class='ocrx_word' id='word_1_106' title='bbox 896 1757 1217 1812; x_wconf 87' lang='lat' dir='ltr'><strong>abbrevians</strong></span> <span class='ocrx_word' id='word_1_107' title='bbox 1248 1756 1299 1810; x_wconf 93' lang='lat' dir='ltr'><strong>in</strong></span> <span class='ocrx_word' id='word_1_108' title='bbox 1320 1756 1552 1827; x_wconf 90' lang='lat' dir='ltr'><strong>justitia,</strong></span> <span class='ocrx_word' id='word_1_109' title='bbox 1579 1756 1703 1825; x_wconf 88' lang='lat' dir='ltr'><strong>quia</strong></span> <span class='ocrx_word' id='word_1_110' title='bbox 1725 1753 1951 1808; x_wconf 90' lang='lat' dir='ltr'><strong>verbum</strong></span> <span class='ocrx_word' id='word_1_111' title='bbox 1994 1750 2185 1806; x_wconf 91' lang='lat' dir='ltr'><strong>abbre-</strong></span> 
     </span>
    </p>
   </div>
   <div class='ocr_carea' id='block_1_17' title="bbox 609 1841 2184 1903">
    <p class='ocr_par' dir='ltr' id='par_1_17' title="bbox 609 1841 2184 1903">
     <span class='ocr_line' id='line_1_17' title="bbox 609 1841 2184 1903; baseline -0.001 -4"><span class='ocrx_word' id='word_1_112' title='bbox 609 1849 811 1902; x_wconf 89' lang='lat' dir='ltr'><strong>viatum</strong></span> <span class='ocrx_word' id='word_1_113' title='bbox 844 1846 1001 1903; x_wconf 82' lang='lat' dir='ltr'><strong>faciet</strong></span> <span class='ocrx_word' id='word_1_114' title='bbox 1042 1847 1299 1902; x_wconf 87' lang='lat' dir='ltr'><strong>Dominus</strong></span> <span class='ocrx_word' id='word_1_115' title='bbox 1332 1849 1383 1902; x_wconf 91' lang='lat' dir='ltr'><strong>in</strong></span> <span class='ocrx_word' id='word_1_116' title='bbox 1414 1855 1524 1901; x_wconf 91' lang='lat' dir='ltr'><strong>toto</strong></span> <span class='ocrx_word' id='word_1_117' title='bbox 1548 1845 1833 1900; x_wconf 78' lang='lat' dir='ltr'><strong>mundo”.</strong></span> <span class='ocrx_word' id='word_1_118' title='bbox 1871 1864 1890 1897; x_wconf 71' lang='grc' dir='ltr'><strong>ι</strong></span> <span class='ocrx_word' id='word_1_119' title='bbox 1929 1842 2036 1898; x_wconf 90' lang='lat' dir='ltr'><strong>Sed</strong></span> <span class='ocrx_word' id='word_1_120' title='bbox 2070 1841 2184 1897; x_wconf 84' lang='lat' dir='ltr'><strong>sive</strong></span> 
     </span>
    </p>
   </div>
   <div class='ocr_carea' id='block_1_18' title="bbox 2289 633 3867 722">
    <p class='ocr_par' dir='ltr' id='par_1_18' title="bbox 2289 633 3867 722">
     <span class='ocr_line' id='line_1_18' title="bbox 2289 633 3867 722; baseline -0.012 -17"><span class='ocrx_word' id='word_1_121' title='bbox 2289 670 2415 705; x_wconf 87' lang='grc' dir='ltr'>σκεν</span> <span class='ocrx_word' id='word_1_122' title='bbox 2439 653 2466 706; x_wconf 89' lang='grc' dir='ltr'><strong>ό</strong></span> <span class='ocrx_word' id='word_1_123' title='bbox 2494 650 2729 722; x_wconf 86' lang='grc' dir='ltr'>Χριστός</span> <span class='ocrx_word' id='word_1_124' title='bbox 2752 665 2765 679; x_wconf 91' lang='grc'><strong>·</strong></span> <span class='ocrx_word' id='word_1_125' title='bbox 2794 647 2923 701; x_wconf 82' lang='grc' dir='ltr'>ποτὲ</span> <span class='ocrx_word' id='word_1_126' title='bbox 2944 644 3080 716; x_wconf 79' lang='grc' dir='ltr'>μὲν,</span> <span class='ocrx_word' id='word_1_127' title='bbox 3116 645 3196 697; x_wconf 77' lang='grc' dir='ltr'><strong>ὅτι</strong></span> <span class='ocrx_word' id='word_1_128' title='bbox 3227 662 3245 694; x_wconf 81' lang='grc' dir='ltr'><strong>ι</strong></span> <span class='ocrx_word' id='word_1_129' title='bbox 3278 642 3401 694; x_wconf 87' lang='grc' dir='ltr'><strong>Ἔτι</strong></span> <span class='ocrx_word' id='word_1_130' title='bbox 3437 635 3633 710; x_wconf 83' lang='grc' dir='ltr'>μικρὸν</span> <span class='ocrx_word' id='word_1_131' title='bbox 3677 633 3867 706; x_wconf 86' lang='grc' dir='ltr'>χρόνον</span> 
     </span>
    </p>
   </div>
   <div class='ocr_carea' id='block_1_19' title="bbox 2290 724 3868 810">
    <p class='ocr_par' dir='ltr' id='par_1_19' title="bbox 2290 724 3868 810">
     <span class='ocr_line' id='line_1_19' title="bbox 2290 724 3868 810; baseline -0.012 -16"><span class='ocrx_word' id='word_1_132' title='bbox 2290 740 2408 810; x_wconf 81' lang='grc' dir='ltr'>μεθ’</span> <span class='ocrx_word' id='word_1_133' title='bbox 2441 739 2594 809; x_wconf 84' lang='grc' dir='ltr'>ὑμῶν</span> <span class='ocrx_word' id='word_1_134' title='bbox 2638 738 2776 808; x_wconf 85' lang='grc' dir='ltr'>εἰμι,</span> <span class='ocrx_word' id='word_1_135' title='bbox 2812 754 2831 787; x_wconf 77' lang='grc' dir='ltr'><strong>ι</strong></span> <span class='ocrx_word' id='word_1_136' title='bbox 2870 733 3001 787; x_wconf 73' lang='grc' dir='ltr'>ποτὲ</span> <span class='ocrx_word' id='word_1_137' title='bbox 3030 734 3116 795; x_wconf 81' lang='grc' dir='ltr'><strong>δὲ,</strong></span> <span class='ocrx_word' id='word_1_138' title='bbox 3161 751 3180 782; x_wconf 76' lang='grc' dir='ltr'><strong>ι</strong></span> <span class='ocrx_word' id='word_1_139' title='bbox 3227 729 3357 783; x_wconf 82' lang='grc' dir='ltr'>Ἰδοὺ</span> <span class='ocrx_word' id='word_1_140' title='bbox 3403 728 3624 798; x_wconf 83' lang='grc' dir='ltr'>ἀφίεται</span> <span class='ocrx_word' id='word_1_141' title='bbox 3667 724 3798 794; x_wconf 78' lang='grc' dir='ltr'>ὑμῖν</span> <span class='ocrx_word' id='word_1_142' title='bbox 3839 724 3868 776; x_wconf 89' lang='lat'><strong>6</strong></span> 
     </span>
    </p>
   </div>
   <div class='ocr_carea' id='block_1_20' title="bbox 2284 811 3869 895">
    <p class='ocr_par' dir='ltr' id='par_1_20' title="bbox 2284 811 3869 895">
     <span class='ocr_line' id='line_1_20' title="bbox 2284 811 3869 895; baseline -0.009 -17"><span class='ocrx_word' id='word_1_143' title='bbox 2284 821 2432 888; x_wconf 77' lang='grc' dir='ltr'>οἶκος</span> <span class='ocrx_word' id='word_1_144' title='bbox 2465 824 2640 895; x_wconf 82' lang='grc' dir='ltr'>ὑμῶν.</span> <span class='ocrx_word' id='word_1_145' title='bbox 2674 842 2692 873; x_wconf 73' lang='grc' dir='ltr'><strong>ι</strong></span> <span class='ocrx_word' id='word_1_146' title='bbox 2727 821 2861 892; x_wconf 73' lang='grc' dir='ltr'>Περὶ</span> <span class='ocrx_word' id='word_1_147' title='bbox 2902 820 3010 873; x_wconf 83' lang='grc' dir='ltr'><strong>τῶν</strong></span> <span class='ocrx_word' id='word_1_148' title='bbox 3038 818 3097 884; x_wconf 77' lang='grc' dir='ltr'>ἐξ</span> <span class='ocrx_word' id='word_1_149' title='bbox 3138 818 3305 871; x_wconf 79' lang='grc' dir='ltr'>ὲθνῶν</span> <span class='ocrx_word' id='word_1_150' title='bbox 3332 818 3411 882; x_wconf 85' lang='grc' dir='ltr'><strong>δὲ,</strong></span> <span class='ocrx_word' id='word_1_151' title='bbox 3449 834 3468 867; x_wconf 77' lang='grc' dir='ltr'><strong>ι</strong></span> <span class='ocrx_word' id='word_1_152' title='bbox 3512 815 3593 868; x_wconf 83' lang='grc' dir='ltr'><strong>Τά</strong></span> <span class='ocrx_word' id='word_1_153' title='bbox 3623 811 3869 885; x_wconf 77' lang='grc' dir='ltr'>πρόϐατα</span> 
     </span>
    </p>
   </div>
   <div class='ocr_carea' id='block_1_21' title="bbox 2283 901 3864 985">
    <p class='ocr_par' dir='ltr' id='par_1_21' title="bbox 2283 901 3864 985">
     <span class='ocr_line' id='line_1_21' title="bbox 2283 901 3864 985; baseline -0.009 -16"><span class='ocrx_word' id='word_1_154' title='bbox 2283 915 2353 968; x_wconf 76' lang='grc' dir='ltr'>τὰ</span> <span class='ocrx_word' id='word_1_155' title='bbox 2389 915 2499 985; x_wconf 82' lang='grc' dir='ltr'><strong>ἑμά</strong></span> <span class='ocrx_word' id='word_1_156' title='bbox 2527 917 2624 985; x_wconf 85' lang='grc' dir='ltr'>τῆς</span> <span class='ocrx_word' id='word_1_157' title='bbox 2662 914 2847 983; x_wconf 71' lang='grc' dir='ltr'>φωνῆς</span> <span class='ocrx_word' id='word_1_158' title='bbox 2879 929 2980 981; x_wconf 89' lang='grc' dir='ltr'><strong>μου</strong></span> <span class='ocrx_word' id='word_1_159' title='bbox 3004 909 3212 971; x_wconf 87' lang='grc' dir='ltr'>ἀκούει,</span> <span class='ocrx_word' id='word_1_160' title='bbox 3248 906 3405 977; x_wconf 88' lang='grc' dir='ltr'><strong>κάγὼ</strong></span> <span class='ocrx_word' id='word_1_161' title='bbox 3430 905 3684 976; x_wconf 84' lang='grc' dir='ltr'><strong>γινώσκω</strong></span> <span class='ocrx_word' id='word_1_162' title='bbox 3710 901 3864 968; x_wconf 81' lang='grc' dir='ltr'>αὐτὰ,</span> 
     </span>
    </p>
   </div>
   <div class='ocr_carea' id='block_1_22' title="bbox 2285 994 3867 1076">
    <p class='ocr_par' dir='ltr' id='par_1_22' title="bbox 2285 994 3867 1076">
     <span class='ocr_line' id='line_1_22' title="bbox 2285 994 3867 1076; baseline -0.008 -16"><span class='ocrx_word' id='word_1_163' title='bbox 2285 1008 2379 1060; x_wconf 72' lang='grc' dir='ltr'>καὶ</span> <span class='ocrx_word' id='word_1_164' title='bbox 2407 1005 2760 1062; x_wconf 73' lang='grc' dir='ltr'><strong>ἀκολουθοῦσι</strong></span> <span class='ocrx_word' id='word_1_165' title='bbox 2797 1021 2910 1076; x_wconf 89' lang='grc' dir='ltr'>μοι,</span> <span class='ocrx_word' id='word_1_166' title='bbox 2940 1002 3096 1072; x_wconf 85' lang='grc' dir='ltr'>κάγὼ</span> <span class='ocrx_word' id='word_1_167' title='bbox 3125 1001 3321 1073; x_wconf 84' lang='grc' dir='ltr'>δίδωμι</span> <span class='ocrx_word' id='word_1_168' title='bbox 3349 999 3535 1063; x_wconf 82' lang='grc' dir='ltr'>αὐτοῖς</span> <span class='ocrx_word' id='word_1_169' title='bbox 3569 996 3716 1068; x_wconf 79' lang='grc' dir='ltr'>ζωὴν</span> <span class='ocrx_word' id='word_1_170' title='bbox 3742 994 3867 1049; x_wconf 78' lang='lat' dir='ltr'><strong>aieb-</strong></span> 
     </span>
    </p>
   </div>
   <div class='ocr_carea' id='block_1_23' title="bbox 2286 1118 2464 1154">
    <p class='ocr_par' dir='ltr' id='par_1_23' title="bbox 2286 1118 2464 1154">
     <span class='ocr_line' id='line_1_23' title="bbox 2286 1118 2464 1154; baseline -0.017 0"><span class='ocrx_word' id='word_1_171' title='bbox 2286 1118 2416 1154; x_wconf 77' lang='grc' dir='ltr'>νιον.</span> <span class='ocrx_word' id='word_1_172' title='bbox 2446 1118 2464 1151; x_wconf 72' lang='grc' dir='ltr'><strong>ι</strong></span> 
     </span>
    </p>
   </div>
   <div class='ocr_carea' id='block_1_24' title="bbox 2355 1180 3865 1263">
    <p class='ocr_par' dir='ltr' id='par_1_24' title="bbox 2355 1180 3865 1263">
     <span class='ocr_line' id='line_1_24' title="bbox 2355 1180 3865 1263; baseline -0.009 -17"><span class='ocrx_word' id='word_1_173' title='bbox 2355 1191 2466 1246; x_wconf 77' lang='grc' dir='ltr'><strong>Καὶ</strong></span> <span class='ocrx_word' id='word_1_174' title='bbox 2498 1187 2577 1263; x_wconf 77' lang='grc' dir='ltr'><strong>ἦν</strong></span> <span class='ocrx_word' id='word_1_175' title='bbox 2595 1194 2627 1245; x_wconf 89' lang='grc' dir='ltr'><strong>ό</strong></span> <span class='ocrx_word' id='word_1_176' title='bbox 2654 1190 2900 1261; x_wconf 82' lang='grc' dir='ltr'>ἀριθμὸς</span> <span class='ocrx_word' id='word_1_177' title='bbox 2920 1188 3038 1244; x_wconf 74' lang='grc' dir='ltr'>τῶν</span> <span class='ocrx_word' id='word_1_178' title='bbox 3062 1185 3210 1241; x_wconf 77' lang='grc' dir='ltr'>υἱῶν</span> <span class='ocrx_word' id='word_1_179' title='bbox 3241 1182 3490 1253; x_wconf 76' lang='grc' dir='ltr'>Ἰσραὴλ</span> <span class='ocrx_word' id='word_1_180' title='bbox 3512 1182 3594 1250; x_wconf 87' lang='grc' dir='ltr'>ὡς</span> <span class='ocrx_word' id='word_1_181' title='bbox 3613 1180 3653 1249; x_wconf 84' lang='grc' dir='ltr'><strong><em>ἠ</em></strong></span> <span class='ocrx_word' id='word_1_182' title='bbox 3676 1181 3865 1250; x_wconf 75' lang='grc' dir='ltr'>ἅμμος</span> 
     </span>
    </p>
   </div>
   <div class='ocr_carea' id='block_1_25' title="bbox 2284 1269 3863 1350">
    <p class='ocr_par' dir='ltr' id='par_1_25' title="bbox 2284 1269 3863 1350">
     <span class='ocr_line' id='line_1_25' title="bbox 2284 1269 3863 1350; baseline -0.007 -15"><span class='ocrx_word' id='word_1_183' title='bbox 2284 1281 2394 1350; x_wconf 82' lang='grc' dir='ltr'>τῆς</span> <span class='ocrx_word' id='word_1_184' title='bbox 2443 1282 2785 1350; x_wconf 83' lang='grc' dir='ltr'><strong>θαλάσσης,</strong></span> <span class='ocrx_word' id='word_1_185' title='bbox 2821 1278 2859 1347; x_wconf 78' lang='grc' dir='ltr'><strong>ἢ</strong></span> <span class='ocrx_word' id='word_1_186' title='bbox 2892 1281 3003 1334; x_wconf 78' lang='grc' dir='ltr'>οὐκ</span> <span class='ocrx_word' id='word_1_187' title='bbox 3030 1274 3562 1347; x_wconf 79' lang='grc' dir='ltr'>ὲκμετρηθήσεται,</span> <span class='ocrx_word' id='word_1_188' title='bbox 3596 1269 3742 1327; x_wconf 79' lang='grc' dir='ltr'>οὐδὲ</span> <span class='ocrx_word' id='word_1_189' title='bbox 3765 1270 3863 1335; x_wconf 73' lang='grc' dir='ltr'><strong>ἐξ·</strong></span> 
     </span>
    </p>
   </div>
   <div class='ocr_carea' id='block_1_26' title="bbox 2285 1374 2771 1444">
    <p class='ocr_par' dir='ltr' id='par_1_26' title="bbox 2285 1374 2771 1444">
     <span class='ocr_line' id='line_1_26' title="bbox 2285 1374 2771 1444; baseline 0.004 -17"><span class='ocrx_word' id='word_1_190' title='bbox 2285 1374 2771 1444; x_wconf 78' lang='grc' dir='ltr'>αριθμηθήσεται.</span> 
     </span>
    </p>
   </div>
   <div class='ocr_carea' id='block_1_27' title="bbox 2358 1455 3863 1535">
    <p class='ocr_par' dir='ltr' id='par_1_27' title="bbox 2358 1455 3863 1535">
     <span class='ocr_line' id='line_1_27' title="bbox 2358 1455 3863 1535; baseline -0.007 -15"><span class='ocrx_word' id='word_1_191' title='bbox 2358 1468 2431 1521; x_wconf 88' lang='lat' dir='ltr'><strong>Z&#39;.</strong></span> <span class='ocrx_word' id='word_1_192' title='bbox 2490 1465 2660 1519; x_wconf 88' lang='grc' dir='ltr'>Τοῦτο</span> <span class='ocrx_word' id='word_1_193' title='bbox 2751 1464 2873 1519; x_wconf 86' lang='grc' dir='ltr'>καθ’</span> <span class='ocrx_word' id='word_1_194' title='bbox 2920 1465 3108 1535; x_wconf 73' lang='grc' dir='ltr'>ἕτερον</span> <span class='ocrx_word' id='word_1_195' title='bbox 3157 1464 3292 1534; x_wconf 82' lang='grc' dir='ltr'>ἡμῖν</span> <span class='ocrx_word' id='word_1_196' title='bbox 3344 1460 3617 1531; x_wconf 77' lang='grc' dir='ltr'><strong>ἐξηγεῖται</strong></span> <span class='ocrx_word' id='word_1_197' title='bbox 3666 1455 3863 1528; x_wconf 73' lang='grc' dir='ltr'>τρόπον</span> 
     </span>
    </p>
   </div>
   <div class='ocr_carea' id='block_1_28' title="bbox 2284 1546 3863 1629">
    <p class='ocr_par' dir='ltr' id='par_1_28' title="bbox 2284 1546 3863 1629">
     <span class='ocr_line' id='line_1_28' title="bbox 2284 1546 3863 1629; baseline -0.008 -17"><span class='ocrx_word' id='word_1_198' title='bbox 2284 1560 2313 1611; x_wconf 97' lang='lat'><strong>6</strong></span> <span class='ocrx_word' id='word_1_199' title='bbox 2349 1558 2621 1629; x_wconf 86' lang='grc' dir='ltr'>μακάριος</span> <span class='ocrx_word' id='word_1_200' title='bbox 2658 1558 2933 1621; x_wconf 80' lang='grc' dir='ltr'>Ἡσαΐας,ι</span> <span class='ocrx_word' id='word_1_201' title='bbox 2956 1556 3065 1610; x_wconf 75' lang='grc' dir='ltr'>Καὶ</span> <span class='ocrx_word' id='word_1_202' title='bbox 3096 1557 3193 1609; x_wconf 83' lang='grc' dir='ltr'><strong>ὲάν</strong></span> <span class='ocrx_word' id='word_1_203' title='bbox 3219 1554 3465 1623; x_wconf 85' lang='grc' dir='ltr'>γένηται,</span> <span class='ocrx_word' id='word_1_204' title='bbox 3496 1550 3650 1621; x_wconf 70' lang='grc' dir='ltr'>φησὶ,</span> <span class='ocrx_word' id='word_1_205' title='bbox 3682 1550 3712 1601; x_wconf 83' lang='grc' dir='ltr'>ὁ</span> <span class='ocrx_word' id='word_1_206' title='bbox 3739 1546 3863 1610; x_wconf 73' lang='grc' dir='ltr'>λαὸς</span> 
     </span>
    </p>
   </div>
   <div class='ocr_carea' id='block_1_29' title="bbox 2278 1641 3863 1721">
    <p class='ocr_par' dir='ltr' id='par_1_29' title="bbox 2278 1641 3863 1721">
     <span class='ocr_line' id='line_1_29' title="bbox 2278 1641 3863 1721; baseline -0.007 -18"><span class='ocrx_word' id='word_1_207' title='bbox 2278 1650 2514 1721; x_wconf 57' lang='lat' dir='ltr'><strong>&quot;lapathi.</strong></span> <span class='ocrx_word' id='word_1_208' title='bbox 2537 1650 2614 1713; x_wconf 83' lang='grc' dir='ltr'>ὡς</span> <span class='ocrx_word' id='word_1_209' title='bbox 2648 1651 2682 1720; x_wconf 77' lang='grc' dir='ltr'><strong>ἡ</strong></span> <span class='ocrx_word' id='word_1_210' title='bbox 2720 1649 2906 1720; x_wconf 78' lang='grc' dir='ltr'>ἄμμος</span> <span class='ocrx_word' id='word_1_211' title='bbox 2939 1649 3039 1719; x_wconf 81' lang='grc' dir='ltr'>τῆς</span> <span class='ocrx_word' id='word_1_212' title='bbox 3069 1646 3366 1715; x_wconf 83' lang='grc' dir='ltr'><strong>Θαλάσσης,</strong></span> <span class='ocrx_word' id='word_1_213' title='bbox 3404 1642 3464 1698; x_wconf 74' lang='grc' dir='ltr'>τὸ</span> <span class='ocrx_word' id='word_1_214' title='bbox 3512 1641 3863 1710; x_wconf 76' lang='grc' dir='ltr'>κατάλειμμα</span> 
     </span>
    </p>
   </div>
   <div class='ocr_carea' id='block_1_30' title="bbox 2287 1733 3863 1813">
    <p class='ocr_par' dir='ltr' id='par_1_30' title="bbox 2287 1733 3863 1813">
     <span class='ocr_line' id='line_1_30' title="bbox 2287 1733 3863 1813; baseline -0.007 -18"><span class='ocrx_word' id='word_1_215' title='bbox 2287 1742 2613 1813; x_wconf 83' lang='grc' dir='ltr'>σωθήσεται.</span> <span class='ocrx_word' id='word_1_216' title='bbox 2647 1741 2818 1809; x_wconf 80' lang='grc' dir='ltr'>Λόγον</span> <span class='ocrx_word' id='word_1_217' title='bbox 2858 1740 2967 1812; x_wconf 85' lang='grc' dir='ltr'>γὰρ</span> <span class='ocrx_word' id='word_1_218' title='bbox 2999 1738 3288 1800; x_wconf 80' lang='grc' dir='ltr'>συντελῶν,</span> <span class='ocrx_word' id='word_1_219' title='bbox 3330 1738 3427 1790; x_wconf 70' lang='grc' dir='ltr'>καὶ</span> <span class='ocrx_word' id='word_1_220' title='bbox 3459 1734 3772 1804; x_wconf 79' lang='grc' dir='ltr'>συντέμνων</span> <span class='ocrx_word' id='word_1_221' title='bbox 3808 1733 3863 1785; x_wconf 80' lang='grc' dir='ltr'><strong>ἐν</strong></span> 
     </span>
    </p>
   </div>
   <div class='ocr_carea' id='block_1_31' title="bbox 2284 1825 3863 1905">
    <p class='ocr_par' dir='ltr' id='par_1_31' title="bbox 2284 1825 3863 1905">
     <span class='ocr_line' id='line_1_31' title="bbox 2284 1825 3863 1905; baseline -0.008 -17"><span class='ocrx_word' id='word_1_222' title='bbox 2284 1834 2616 1905; x_wconf 73' lang='grc' dir='ltr'>δικαιοσύνῃ,</span> <span class='ocrx_word' id='word_1_223' title='bbox 2675 1835 2756 1887; x_wconf 85' lang='grc' dir='ltr'><strong>ὃτι</strong></span> <span class='ocrx_word' id='word_1_224' title='bbox 2830 1833 2988 1900; x_wconf 90' lang='grc' dir='ltr'>λόγον</span> <span class='ocrx_word' id='word_1_225' title='bbox 3049 1829 3488 1901; x_wconf 81' lang='grc' dir='ltr'>συντετμημένον</span> <span class='ocrx_word' id='word_1_226' title='bbox 3553 1827 3771 1896; x_wconf 89' lang='grc' dir='ltr'>ποιήσει</span> <span class='ocrx_word' id='word_1_227' title='bbox 3835 1825 3863 1877; x_wconf 87' lang='lat'><strong>6</strong></span> 
     </span>
    </p>
   </div>
   <div class='ocr_carea' id='block_1_32' title="bbox 609 1910 2184 2004">
    <p class='ocr_par' dir='ltr' id='par_1_32' title="bbox 609 1935 2177 2004">
     <span class='ocr_line' id='line_1_32' title="bbox 609 1935 2177 2004; baseline -0.003 -11"><span class='ocrx_word' id='word_1_228' title='bbox 609 1940 752 1994; x_wconf 90' lang='lat' dir='ltr'><strong>hunc</strong></span> <span class='ocrx_word' id='word_1_229' title='bbox 785 1939 837 1993; x_wconf 92' lang='lat' dir='ltr'><strong>in</strong></span> <span class='ocrx_word' id='word_1_230' title='bbox 874 1941 1089 1994; x_wconf 89' lang='lat' dir='ltr'><strong>modum</strong></span> <span class='ocrx_word' id='word_1_231' title='bbox 1139 1939 1296 2004; x_wconf 82' lang='lat' dir='ltr'><strong>forte,</strong></span> <span class='ocrx_word' id='word_1_232' title='bbox 1329 1939 1444 1994; x_wconf 90' lang='lat' dir='ltr'><strong>sive</strong></span> <span class='ocrx_word' id='word_1_233' title='bbox 1488 1937 1643 1992; x_wconf 84' lang='lat' dir='ltr'><strong>aliter</strong></span> <span class='ocrx_word' id='word_1_234' title='bbox 1692 1935 1912 2003; x_wconf 79' lang='lat' dir='ltr'><strong>intelligi</strong></span> <span class='ocrx_word' id='word_1_235' title='bbox 1974 1944 2177 2003; x_wconf 86' lang='lat' dir='ltr'><strong>queat:</strong></span> 
     </span>
    </p>
   </div>
   <div class='ocr_carea' id='block_1_33' title="bbox 2287 1910 3863 2004">
    <p class='ocr_par' dir='ltr' id='par_1_33' title="bbox 2287 1910 3863 1997">
     <span class='ocr_line' id='line_1_33' title="bbox 2287 1910 3863 1997; baseline -0.008 -18"><span class='ocrx_word' id='word_1_236' title='bbox 2287 1926 2435 1990; x_wconf 80' lang='grc' dir='ltr'>Θεὸς,</span> <span class='ocrx_word' id='word_1_237' title='bbox 2468 1928 2526 1979; x_wconf 84' lang='grc' dir='ltr'>ὲν</span> <span class='ocrx_word' id='word_1_238' title='bbox 2553 1928 2617 1997; x_wconf 80' lang='grc' dir='ltr'>τῇ</span> <span class='ocrx_word' id='word_1_239' title='bbox 2646 1924 2944 1995; x_wconf 78' lang='grc' dir='ltr'>οἰκουμένῃ</span> <span class='ocrx_word' id='word_1_240' title='bbox 2970 1923 3121 1997; x_wconf 78' lang='grc' dir='ltr'>ὅλῃ.ι</span> <span class='ocrx_word' id='word_1_241' title='bbox 3148 1921 3287 1975; x_wconf 85' lang='grc' dir='ltr'>Ἀλλ’</span> <span class='ocrx_word' id='word_1_242' title='bbox 3319 1920 3415 1974; x_wconf 73' lang='grc' dir='ltr'>εἴτ’</span> <span class='ocrx_word' id='word_1_243' title='bbox 3448 1914 3540 1974; x_wconf 79' lang='grc' dir='ltr'><strong>οὖν</strong></span> <span class='ocrx_word' id='word_1_244' title='bbox 3557 1910 3663 1975; x_wconf 81' lang='grc' dir='ltr'>ὦδε</span> <span class='ocrx_word' id='word_1_245' title='bbox 3696 1918 3863 1970; x_wconf 79' lang='grc' dir='ltr'>νοοῖτο</span> 
     </span>
    </p>
   </div>
   <div class='ocr_carea' id='block_1_34' title="bbox 610 2026 2180 2101">
    <p class='ocr_par' dir='ltr' id='par_1_34' title="bbox 610 2026 2180 2101">
     <span class='ocr_line' id='line_1_34' title="bbox 610 2026 2180 2101; baseline -0.003 -16"><span class='ocrx_word' id='word_1_246' title='bbox 610 2046 826 2101; x_wconf 90' lang='lat' dir='ltr'><strong>nempe,</strong></span> <span class='ocrx_word' id='word_1_247' title='bbox 854 2033 1099 2100; x_wconf 81' lang='lat' dir='ltr'><strong>quamvis</strong></span> <span class='ocrx_word' id='word_1_248' title='bbox 1129 2032 1326 2086; x_wconf 87' lang='lat' dir='ltr'><strong>multus</strong></span> <span class='ocrx_word' id='word_1_249' title='bbox 1356 2041 1409 2086; x_wconf 90' lang='lat' dir='ltr'><strong>et</strong></span> <span class='ocrx_word' id='word_1_250' title='bbox 1452 2028 1859 2085; x_wconf 80' lang='lat' dir='ltr'><strong>innumerabilis</strong></span> <span class='ocrx_word' id='word_1_251' title='bbox 1888 2028 1961 2082; x_wconf 88' lang='lat' dir='ltr'><strong>sit</strong></span> <span class='ocrx_word' id='word_1_252' title='bbox 1995 2026 2180 2091; x_wconf 82' lang='lat' dir='ltr'><strong>Israel,</strong></span> 
     </span>
    </p>
   </div>
   <div class='ocr_carea' id='block_1_35' title="bbox 608 2118 2185 2190">
    <p class='ocr_par' dir='ltr' id='par_1_35' title="bbox 608 2118 2185 2190">
     <span class='ocr_line' id='line_1_35' title="bbox 608 2118 2185 2190; baseline -0.002 -15"><span class='ocrx_word' id='word_1_253' title='bbox 608 2133 663 2175; x_wconf 91' lang='lat' dir='ltr'><strong>ct</strong></span> <span class='ocrx_word' id='word_1_254' title='bbox 694 2123 876 2178; x_wconf 87' lang='lat' dir='ltr'><strong>arenis</strong></span> <span class='ocrx_word' id='word_1_255' title='bbox 908 2123 1230 2179; x_wconf 88' lang='lat' dir='ltr'><strong>littoralibus</strong></span> <span class='ocrx_word' id='word_1_256' title='bbox 1272 2123 1688 2190; x_wconf 88' lang='lat' dir='ltr'><strong>comparandus,</strong></span> <span class='ocrx_word' id='word_1_257' title='bbox 1721 2136 1826 2175; x_wconf 94' lang='lat' dir='ltr'><strong>non</strong></span> <span class='ocrx_word' id='word_1_258' title='bbox 1854 2129 2031 2174; x_wconf 90' lang='lat' dir='ltr'><strong>tamen</strong></span> <span class='ocrx_word' id='word_1_259' title='bbox 2077 2118 2185 2173; x_wconf 92' lang='lat' dir='ltr'><strong>Deo</strong></span> 
     </span>
    </p>
   </div>
   <div class='ocr_carea' id='block_1_36' title="bbox 607 2208 2186 2282">
    <p class='ocr_par' dir='ltr' id='par_1_36' title="bbox 607 2208 2186 2282">
     <span class='ocr_line' id='line_1_36' title="bbox 607 2208 2186 2282; baseline -0.003 -15"><span class='ocrx_word' id='word_1_260' title='bbox 607 2213 891 2268; x_wconf 89' lang='lat' dir='ltr'><strong>admodum</strong></span> <span class='ocrx_word' id='word_1_261' title='bbox 920 2229 1062 2269; x_wconf 70' lang='lat' dir='ltr'><strong>cum</strong></span> <span class='ocrx_word' id='word_1_262' title='bbox 1117 2223 1265 2278; x_wconf 90' lang='lat' dir='ltr'><strong>sunt,</strong></span> <span class='ocrx_word' id='word_1_263' title='bbox 1331 2212 1766 2282; x_wconf 87' lang='lat' dir='ltr'><strong>quandoquidem</strong></span> <span class='ocrx_word' id='word_1_264' title='bbox 1819 2208 2081 2276; x_wconf 86' lang='lat' dir='ltr'><strong>impietati</strong></span> <span class='ocrx_word' id='word_1_265' title='bbox 2125 2223 2186 2263; x_wconf 89' lang='lat' dir='ltr'><strong>se</strong></span> 
     </span>
    </p>
   </div>
   <div class='ocr_carea' id='block_1_37' title="bbox 607 2297 2186 2371">
    <p class='ocr_par' dir='ltr' id='par_1_37' title="bbox 607 2297 2186 2371">
     <span class='ocr_line' id='line_1_37' title="bbox 607 2297 2186 2371; baseline -0.003 -18"><span class='ocrx_word' id='word_1_266' title='bbox 607 2303 963 2357; x_wconf 87' lang='lat' dir='ltr'><strong>dediderunt:</strong></span> <span class='ocrx_word' id='word_1_267' title='bbox 1021 2302 1651 2371; x_wconf 81' lang='lat' dir='ltr'><strong>contra,unumjustum</strong></span> <span class='ocrx_word' id='word_1_268' title='bbox 1684 2315 1748 2354; x_wconf 91' lang='lat' dir='ltr'><strong>ac</strong></span> <span class='ocrx_word' id='word_1_269' title='bbox 1803 2299 1949 2368; x_wconf 88' lang='lat' dir='ltr'><strong>pittm</strong></span> <span class='ocrx_word' id='word_1_270' title='bbox 2004 2297 2186 2351; x_wconf 86' lang='lat' dir='ltr'><strong>chari-</strong></span> 
     </span>
    </p>
   </div>
   <div class='ocr_carea' id='block_1_38' title="bbox 608 2389 2184 2463">
    <p class='ocr_par' dir='ltr' id='par_1_38' title="bbox 608 2389 2184 2463">
     <span class='ocr_line' id='line_1_38' title="bbox 608 2389 2184 2463; baseline -0.004 -15"><span class='ocrx_word' id='word_1_271' title='bbox 608 2404 717 2449; x_wconf 87' lang='lat' dir='ltr'><strong>tate</strong></span> <span class='ocrx_word' id='word_1_272' title='bbox 748 2409 842 2448; x_wconf 91' lang='lat' dir='ltr'><strong>sua</strong></span> <span class='ocrx_word' id='word_1_273' title='bbox 870 2402 922 2449; x_wconf 90' lang='lat' dir='ltr'><strong>et</strong></span> <span class='ocrx_word' id='word_1_274' title='bbox 959 2394 1290 2463; x_wconf 81' lang='lat' dir='ltr'><strong>indulgentia</strong></span> <span class='ocrx_word' id='word_1_275' title='bbox 1350 2394 1549 2448; x_wconf 76' lang='lat' dir='ltr'><strong>eximie</strong></span> <span class='ocrx_word' id='word_1_276' title='bbox 1596 2392 1867 2460; x_wconf 78' lang='lat' dir='ltr'><strong>dignatur.</strong></span> <span class='ocrx_word' id='word_1_277' title='bbox 1942 2389 2184 2459; x_wconf 75' lang='lat' dir='ltr'><strong>Respicit</strong></span> 
     </span>
    </p>
   </div>
   <div class='ocr_carea' id='block_1_39' title="bbox 606 2482 2182 2555">
    <p class='ocr_par' dir='ltr' id='par_1_39' title="bbox 606 2482 2182 2555">
     <span class='ocr_line' id='line_1_39' title="bbox 606 2482 2182 2555; baseline -0.004 -16"><span class='ocrx_word' id='word_1_278' title='bbox 606 2487 768 2554; x_wconf 85' lang='lat' dir='ltr'><strong>igitur</strong></span> <span class='ocrx_word' id='word_1_279' title='bbox 790 2487 955 2539; x_wconf 87' lang='lat' dir='ltr'><strong>etiam</strong></span> <span class='ocrx_word' id='word_1_280' title='bbox 994 2506 1012 2537; x_wconf 81' lang='grc' dir='ltr'><strong>ι</strong></span> <span class='ocrx_word' id='word_1_281' title='bbox 1051 2502 1213 2555; x_wconf 87' lang='lat' dir='ltr'><strong>super</strong></span> <span class='ocrx_word' id='word_1_282' title='bbox 1251 2501 1415 2539; x_wconf 89' lang='lat' dir='ltr'><strong>unum</strong></span> <span class='ocrx_word' id='word_1_283' title='bbox 1474 2485 1753 2548; x_wconf 80' lang='lat' dir='ltr'><strong>humilem,</strong></span> <span class='ocrx_word' id='word_1_284' title='bbox 1806 2492 1861 2537; x_wconf 90' lang='lat' dir='ltr'><strong>et</strong></span> <span class='ocrx_word' id='word_1_285' title='bbox 1920 2482 2182 2551; x_wconf 90' lang='lat' dir='ltr'><strong>quietmu,</strong></span> 
     </span>
    </p>
   </div>
   <div class='ocr_carea' id='block_1_40' title="bbox 605 2572 2182 2645">
    <p class='ocr_par' dir='ltr' id='par_1_40' title="bbox 605 2572 2182 2645">
     <span class='ocr_line' id='line_1_40' title="bbox 605 2572 2182 2645; baseline -0.001 -16"><span class='ocrx_word' id='word_1_286' title='bbox 605 2586 659 2631; x_wconf 76' lang='lat' dir='ltr'><strong>et</strong></span> <span class='ocrx_word' id='word_1_287' title='bbox 694 2586 1013 2631; x_wconf 87' lang='lat' dir='ltr'><strong>trementem</strong></span> <span class='ocrx_word' id='word_1_288' title='bbox 1045 2591 1328 2631; x_wconf 91' lang='lat' dir='ltr'><strong>sermones</strong></span> <span class='ocrx_word' id='word_1_289' title='bbox 1360 2575 1476 2645; x_wconf 88' lang='lat' dir='ltr'><strong>ejus</strong></span> <span class='ocrx_word' id='word_1_290' title='bbox 1502 2574 1572 2631; x_wconf 75' lang='lat'><strong>“.</strong></span> <span class='ocrx_word' id='word_1_291' title='bbox 1603 2593 1621 2626; x_wconf 84' lang='grc'><strong>›</strong></span> <span class='ocrx_word' id='word_1_292' title='bbox 1656 2573 1766 2629; x_wconf 85' lang='lat' dir='ltr'><strong>Nec</strong></span> <span class='ocrx_word' id='word_1_293' title='bbox 1813 2573 1955 2628; x_wconf 86' lang='lat' dir='ltr'><strong>istud</strong></span> <span class='ocrx_word' id='word_1_294' title='bbox 2004 2572 2182 2637; x_wconf 88' lang='lat' dir='ltr'><strong>bonis,</strong></span> 
     </span>
    </p>
   </div>
   <div class='ocr_carea' id='block_1_41' title="bbox 592 2661 2184 2732">
    <p class='ocr_par' dir='ltr' id='par_1_41' title="bbox 592 2661 2184 2732">
     <span class='ocr_line' id='line_1_41' title="bbox 592 2661 2184 2732; baseline -0.002 -14"><span class='ocrx_word' id='word_1_295' title='bbox 592 2674 659 2730; x_wconf 86' lang='lat' dir='ltr'><strong>et</strong></span> <span class='ocrx_word' id='word_1_296' title='bbox 701 2666 940 2731; x_wconf 84' lang='lat' dir='ltr'><strong>mitibus,</strong></span> <span class='ocrx_word' id='word_1_297' title='bbox 990 2675 1045 2719; x_wconf 91' lang='lat' dir='ltr'><strong>et</strong></span> <span class='ocrx_word' id='word_1_298' title='bbox 1075 2664 1391 2718; x_wconf 84' lang='lat' dir='ltr'><strong>timentibus</strong></span> <span class='ocrx_word' id='word_1_299' title='bbox 1414 2678 1558 2729; x_wconf 87' lang='lat' dir='ltr'><strong>eum,</strong></span> <span class='ocrx_word' id='word_1_300' title='bbox 1600 2673 1655 2718; x_wconf 91' lang='lat' dir='ltr'><strong>et</strong></span> <span class='ocrx_word' id='word_1_301' title='bbox 1686 2662 1896 2717; x_wconf 89' lang='lat' dir='ltr'><strong>sincere</strong></span> <span class='ocrx_word' id='word_1_302' title='bbox 1921 2661 2020 2732; x_wconf 91' lang='lat' dir='ltr'><strong>ipsi</strong></span> <span class='ocrx_word' id='word_1_303' title='bbox 2068 2677 2184 2718; x_wconf 87' lang='lat' dir='ltr'><strong>ser-</strong></span> 
     </span>
    </p>
   </div>
   <div class='ocr_carea' id='block_1_42' title="bbox 606 2754 2186 2825">
    <p class='ocr_par' dir='ltr' id='par_1_42' title="bbox 606 2754 2186 2825">
     <span class='ocr_line' id='line_1_42' title="bbox 606 2754 2186 2825; baseline 0.003 -21"><span class='ocrx_word' id='word_1_304' title='bbox 606 2757 878 2811; x_wconf 81' lang='lat' dir='ltr'><strong>vientibus</strong></span> <span class='ocrx_word' id='word_1_305' title='bbox 907 2756 1140 2820; x_wconf 76' lang='lat' dir='ltr'><strong>suilicit;</strong></span> <span class='ocrx_word' id='word_1_306' title='bbox 1208 2755 1301 2810; x_wconf 90' lang='lat' dir='ltr'><strong>sed</strong></span> <span class='ocrx_word' id='word_1_307' title='bbox 1363 2756 1486 2811; x_wconf 92' lang='lat' dir='ltr'><strong>aliis</strong></span> <span class='ocrx_word' id='word_1_308' title='bbox 1548 2755 1709 2810; x_wconf 92' lang='lat' dir='ltr'><strong>etiam</strong></span> <span class='ocrx_word' id='word_1_309' title='bbox 1776 2754 2059 2825; x_wconf 89' lang='lat' dir='ltr'><strong>prodesse,</strong></span> <span class='ocrx_word' id='word_1_310' title='bbox 2129 2763 2186 2809; x_wconf 88' lang='lat' dir='ltr'><strong>et</strong></span> 
     </span>
    </p>
   </div>
   <div class='ocr_carea' id='block_1_43' title="bbox 606 2844 2182 2914">
    <p class='ocr_par' dir='ltr' id='par_1_43' title="bbox 606 2844 2182 2914">
     <span class='ocr_line' id='line_1_43' title="bbox 606 2844 2182 2914; baseline -0.001 -16"><span class='ocrx_word' id='word_1_311' title='bbox 606 2846 808 2914; x_wconf 82' lang='lat' dir='ltr'><strong>peccati</strong></span> <span class='ocrx_word' id='word_1_312' title='bbox 857 2845 910 2898; x_wconf 92' lang='lat' dir='ltr'><strong>in</strong></span> <span class='ocrx_word' id='word_1_313' title='bbox 978 2845 1143 2898; x_wconf 89' lang='lat' dir='ltr'><strong>Deum</strong></span> <span class='ocrx_word' id='word_1_314' title='bbox 1204 2860 1327 2899; x_wconf 89' lang='lat' dir='ltr'><strong>reos</strong></span> <span class='ocrx_word' id='word_1_315' title='bbox 1398 2844 1743 2913; x_wconf 88' lang='lat' dir='ltr'><strong>impendente</strong></span> <span class='ocrx_word' id='word_1_316' title='bbox 1799 2859 2182 2913; x_wconf 86' lang='lat' dir='ltr'><strong>nonnunquam</strong></span> 
     </span>
    </p>
   </div>
   <div class='ocr_carea' id='block_1_44' title="bbox 607 2934 2185 3004">
    <p class='ocr_par' dir='ltr' id='par_1_44' title="bbox 607 2934 2185 3004">
     <span class='ocr_line' id='line_1_44' title="bbox 607 2934 2185 3004; baseline -0.001 -16"><span class='ocrx_word' id='word_1_317' title='bbox 607 2936 872 3004; x_wconf 87' lang='lat' dir='ltr'><strong>supplicio</strong></span> <span class='ocrx_word' id='word_1_318' title='bbox 900 2935 1135 2990; x_wconf 89' lang='lat' dir='ltr'><strong>liberare</strong></span> <span class='ocrx_word' id='word_1_319' title='bbox 1172 2944 1415 3004; x_wconf 91' lang='lat' dir='ltr'><strong>possunt.</strong></span> <span class='ocrx_word' id='word_1_320' title='bbox 1467 2935 1544 2988; x_wconf 82' lang='lat' dir='ltr'><strong>Ad</strong></span> <span class='ocrx_word' id='word_1_321' title='bbox 1571 2934 1722 3003; x_wconf 87' lang='lat' dir='ltr'><strong>cujus</strong></span> <span class='ocrx_word' id='word_1_322' title='bbox 1780 2935 1853 2988; x_wconf 90' lang='lat' dir='ltr'><strong>rei</strong></span> <span class='ocrx_word' id='word_1_323' title='bbox 1911 2934 2185 3004; x_wconf 72' lang='lat' dir='ltr'><strong>probatio~</strong></span> 
     </span>
    </p>
   </div>
   <div class='ocr_carea' id='block_1_45' title="bbox 606 3025 2185 3095">
    <p class='ocr_par' dir='ltr' id='par_1_45' title="bbox 606 3025 2185 3095">
     <span class='ocr_line' id='line_1_45' title="bbox 606 3025 2185 3095; baseline -0.001 -16"><span class='ocrx_word' id='word_1_324' title='bbox 606 3042 728 3080; x_wconf 86' lang='lat' dir='ltr'><strong>netn</strong></span> <span class='ocrx_word' id='word_1_325' title='bbox 761 3027 945 3095; x_wconf 89' lang='lat' dir='ltr'><strong>accipe</strong></span> <span class='ocrx_word' id='word_1_326' title='bbox 991 3028 1132 3094; x_wconf 90' lang='lat' dir='ltr'><strong>quod</strong></span> <span class='ocrx_word' id='word_1_327' title='bbox 1174 3027 1238 3081; x_wconf 93' lang='lat' dir='ltr'><strong>de</strong></span> <span class='ocrx_word' id='word_1_328' title='bbox 1278 3026 1576 3081; x_wconf 82' lang='lat' dir='ltr'><strong>Sodomitis</strong></span> <span class='ocrx_word' id='word_1_329' title='bbox 1621 3025 1906 3088; x_wconf 90' lang='lat' dir='ltr'><strong>scribitur,</strong></span> <span class='ocrx_word' id='word_1_330' title='bbox 1940 3028 2185 3093; x_wconf 51' lang='lat' dir='ltr'><strong>.quando</strong></span> 
     </span>
    </p>
   </div>
   <div class='ocr_carea' id='block_1_46' title="bbox 603 3116 2183 3188">
    <p class='ocr_par' dir='ltr' id='par_1_46' title="bbox 603 3116 2183 3188">
     <span class='ocr_line' id='line_1_46' title="bbox 603 3116 2183 3188; baseline -0.001 -16"><span class='ocrx_word' id='word_1_331' title='bbox 603 3118 947 3187; x_wconf 90' lang='lat' dir='ltr'><strong>omnipotens</strong></span> <span class='ocrx_word' id='word_1_332' title='bbox 976 3119 1114 3173; x_wconf 90' lang='lat' dir='ltr'><strong>Deus</strong></span> <span class='ocrx_word' id='word_1_333' title='bbox 1145 3119 1286 3188; x_wconf 85' lang='lat' dir='ltr'><strong>ignis</strong></span> <span class='ocrx_word' id='word_1_334' title='bbox 1309 3134 1523 3187; x_wconf 71' lang='lat' dir='ltr'><strong>pmnam</strong></span> <span class='ocrx_word' id='word_1_335' title='bbox 1593 3132 1650 3172; x_wconf 85' lang='lat' dir='ltr'><strong>se</strong></span> <span class='ocrx_word' id='word_1_336' title='bbox 1683 3116 1789 3171; x_wconf 87' lang='lat' dir='ltr'><strong>illis</strong></span> <span class='ocrx_word' id='word_1_337' title='bbox 1845 3118 2183 3171; x_wconf 90' lang='lat' dir='ltr'><strong>condonatu-</strong></span> 
     </span>
    </p>
   </div>
   <div class='ocr_carea' id='block_1_47' title="bbox 606 3209 2182 3281">
    <p class='ocr_par' dir='ltr' id='par_1_47' title="bbox 606 3209 2182 3281">
     <span class='ocr_line' id='line_1_47' title="bbox 606 3209 2182 3281; baseline -0.001 -17"><span class='ocrx_word' id='word_1_338' title='bbox 606 3226 723 3264; x_wconf 91' lang='lat' dir='ltr'><strong>rum</strong></span> <span class='ocrx_word' id='word_1_339' title='bbox 756 3210 1132 3278; x_wconf 86' lang='lat' dir='ltr'><strong>pollicebatur,</strong></span> <span class='ocrx_word' id='word_1_340' title='bbox 1174 3212 1218 3266; x_wconf 90' lang='lat' dir='ltr'><strong>si</strong></span> <span class='ocrx_word' id='word_1_341' title='bbox 1258 3212 1413 3265; x_wconf 90' lang='lat' dir='ltr'><strong>modo</strong></span> <span class='ocrx_word' id='word_1_342' title='bbox 1442 3209 1823 3281; x_wconf 89' lang='lat' dir='ltr'><strong>quinquejusti</strong></span> <span class='ocrx_word' id='word_1_343' title='bbox 1850 3209 1990 3263; x_wconf 91' lang='lat' dir='ltr'><strong>inter</strong></span> <span class='ocrx_word' id='word_1_344' title='bbox 2058 3209 2182 3263; x_wconf 90' lang='lat' dir='ltr'><strong>illos</strong></span> 
     </span>
    </p>
   </div>
   <div class='ocr_carea' id='block_1_48' title="bbox 605 3299 2177 3371">
    <p class='ocr_par' dir='ltr' id='par_1_48' title="bbox 605 3299 2177 3371">
     <span class='ocr_line' id='line_1_48' title="bbox 605 3299 2177 3371; baseline -0.001 -17"><span class='ocrx_word' id='word_1_345' title='bbox 605 3301 1000 3356; x_wconf 87' lang='lat' dir='ltr'><strong>invenirentur.</strong></span> <span class='ocrx_word' id='word_1_346' title='bbox 1062 3301 1246 3371; x_wconf 80' lang='lat' dir='ltr'><strong>Itaque</strong></span> <span class='ocrx_word' id='word_1_347' title='bbox 1285 3300 1387 3355; x_wconf 90' lang='lat' dir='ltr'><strong>Lot</strong></span> <span class='ocrx_word' id='word_1_348' title='bbox 1447 3316 1550 3354; x_wconf 87' lang='lat' dir='ltr'><strong>una</strong></span> <span class='ocrx_word' id='word_1_349' title='bbox 1584 3316 1706 3355; x_wconf 89' lang='lat' dir='ltr'><strong>cmn</strong></span> <span class='ocrx_word' id='word_1_350' title='bbox 1740 3314 1908 3354; x_wconf 84' lang='lat' dir='ltr'><strong>uxore</strong></span> <span class='ocrx_word' id='word_1_351' title='bbox 1951 3311 2005 3353; x_wconf 86' lang='lat' dir='ltr'><strong>et</strong></span> <span class='ocrx_word' id='word_1_352' title='bbox 2038 3299 2177 3353; x_wconf 87' lang='lat' dir='ltr'><strong>lilia-</strong></span> 
     </span>
    </p>
   </div>
   <div class='ocr_carea' id='block_1_49' title="bbox 607 3392 2187 3463">
    <p class='ocr_par' dir='ltr' id='par_1_49' title="bbox 607 3392 2187 3463">
     <span class='ocr_line' id='line_1_49' title="bbox 607 3392 2187 3463; baseline -0.001 -17"><span class='ocrx_word' id='word_1_353' title='bbox 607 3394 706 3447; x_wconf 88' lang='lat' dir='ltr'><strong>bus</strong></span> <span class='ocrx_word' id='word_1_354' title='bbox 740 3403 985 3447; x_wconf 87' lang='lat' dir='ltr'><strong>servatus</strong></span> <span class='ocrx_word' id='word_1_355' title='bbox 1010 3403 1095 3449; x_wconf 91' lang='lat' dir='ltr'><strong>est</strong></span> <span class='ocrx_word' id='word_1_356' title='bbox 1125 3395 1193 3449; x_wconf 77' lang='grc'>⁸⁵.</span> <span class='ocrx_word' id='word_1_357' title='bbox 1260 3394 1328 3447; x_wconf 84' lang='grc' dir='ltr'>Ει</span> <span class='ocrx_word' id='word_1_358' title='bbox 1355 3393 1482 3463; x_wconf 91' lang='lat' dir='ltr'><strong>quid</strong></span> <span class='ocrx_word' id='word_1_359' title='bbox 1521 3394 1644 3447; x_wconf 91' lang='lat' dir='ltr'><strong>dico</strong></span> <span class='ocrx_word' id='word_1_360' title='bbox 1710 3392 1950 3461; x_wconf 90' lang='lat' dir='ltr'><strong>quinque</strong></span> <span class='ocrx_word' id='word_1_361' title='bbox 2012 3392 2187 3460; x_wconf 88' lang='lat' dir='ltr'><strong>justos</strong></span> 
     </span>
    </p>
   </div>
   <div class='ocr_carea' id='block_1_50' title="bbox 606 3483 2180 3556">
    <p class='ocr_par' dir='ltr' id='par_1_50' title="bbox 606 3483 2180 3556">
     <span class='ocr_line' id='line_1_50' title="bbox 606 3483 2180 3556; baseline -0.001 -19"><span class='ocrx_word' id='word_1_362' title='bbox 606 3494 661 3537; x_wconf 84' lang='lat' dir='ltr'><strong>et</strong></span> <span class='ocrx_word' id='word_1_363' title='bbox 700 3484 909 3540; x_wconf 88' lang='lat' dir='ltr'><strong>honos?</strong></span> <span class='ocrx_word' id='word_1_364' title='bbox 942 3488 1157 3554; x_wconf 85' lang='lat' dir='ltr'><strong>quando</strong></span> <span class='ocrx_word' id='word_1_365' title='bbox 1208 3495 1262 3540; x_wconf 90' lang='lat' dir='ltr'><strong>et</strong></span> <span class='ocrx_word' id='word_1_366' title='bbox 1297 3484 1651 3556; x_wconf 81' lang='lat' dir='ltr'><strong>Jerosolymis</strong></span> <span class='ocrx_word' id='word_1_367' title='bbox 1710 3485 1845 3537; x_wconf 88' lang='lat' dir='ltr'><strong>iram</strong></span> <span class='ocrx_word' id='word_1_368' title='bbox 1889 3483 2180 3547; x_wconf 81' lang='lat' dir='ltr'><strong>intentans,</strong></span> 
     </span>
    </p>
   </div>
   <div class='ocr_carea' id='block_1_51' title="bbox 614 3572 2184 3645">
    <p class='ocr_par' dir='ltr' id='par_1_51' title="bbox 614 3572 2184 3645">
     <span class='ocr_line' id='line_1_51' title="bbox 614 3572 2184 3645; baseline -0.004 -16"><span class='ocrx_word' id='word_1_369' title='bbox 614 3592 632 3624; x_wconf 77' lang='grc' dir='ltr'><strong>ι</strong></span> <span class='ocrx_word' id='word_1_370' title='bbox 668 3575 986 3642; x_wconf 89' lang='lat' dir='ltr'><strong>Discurrite,</strong></span> <span class='ocrx_word' id='word_1_371' title='bbox 1027 3576 1223 3645; x_wconf 81' lang='lat' dir='ltr'><strong>inquit,</strong></span> <span class='ocrx_word' id='word_1_372' title='bbox 1254 3592 1352 3645; x_wconf 85' lang='lat' dir='ltr'><strong>per</strong></span> <span class='ocrx_word' id='word_1_373' title='bbox 1379 3578 1494 3631; x_wconf 84' lang='lat' dir='ltr'><strong>vias</strong></span> <span class='ocrx_word' id='word_1_374' title='bbox 1532 3573 1856 3639; x_wconf 77' lang='lat' dir='ltr'><strong>Jerusalem,</strong></span> <span class='ocrx_word' id='word_1_375' title='bbox 1888 3581 1941 3627; x_wconf 87' lang='lat' dir='ltr'><strong>et</strong></span> <span class='ocrx_word' id='word_1_376' title='bbox 1987 3572 2184 3635; x_wconf 87' lang='lat' dir='ltr'><strong>videte,</strong></span> 
     </span>
    </p>
   </div>
   <div class='ocr_carea' id='block_1_52' title="bbox 606 3664 2189 3738">
    <p class='ocr_par' dir='ltr' id='par_1_52' title="bbox 606 3664 2189 3738">
     <span class='ocr_line' id='line_1_52' title="bbox 606 3664 2189 3738; baseline -0.003 -19"><span class='ocrx_word' id='word_1_377' title='bbox 606 3679 659 3722; x_wconf 75' lang='lat' dir='ltr'><strong>et</strong></span> <span class='ocrx_word' id='word_1_378' title='bbox 699 3670 1028 3738; x_wconf 82' lang='lat' dir='ltr'><strong>cognoscite,</strong></span> <span class='ocrx_word' id='word_1_379' title='bbox 1068 3678 1122 3723; x_wconf 90' lang='lat' dir='ltr'><strong>et</strong></span> <span class='ocrx_word' id='word_1_380' title='bbox 1153 3671 1380 3738; x_wconf 85' lang='lat' dir='ltr'><strong>quaerite</strong></span> <span class='ocrx_word' id='word_1_381' title='bbox 1413 3669 1464 3722; x_wconf 90' lang='lat' dir='ltr'><strong>in</strong></span> <span class='ocrx_word' id='word_1_382' title='bbox 1505 3667 1696 3737; x_wconf 86' lang='lat' dir='ltr'><strong>plateis</strong></span> <span class='ocrx_word' id='word_1_383' title='bbox 1740 3665 1882 3734; x_wconf 81' lang='lat' dir='ltr'><strong>ejus,</strong></span> <span class='ocrx_word' id='word_1_384' title='bbox 1930 3673 1984 3719; x_wconf 91' lang='lat' dir='ltr'><strong>et</strong></span> <span class='ocrx_word' id='word_1_385' title='bbox 2009 3665 2051 3718; x_wconf 90' lang='lat' dir='ltr'><strong>si</strong></span> <span class='ocrx_word' id='word_1_386' title='bbox 2105 3664 2189 3716; x_wconf 92' lang='lat' dir='ltr'><strong>in-</strong></span> 
     </span>
    </p>
   </div>
   <div class='ocr_carea' id='block_1_53' title="bbox 608 3760 2187 3829">
    <p class='ocr_par' dir='ltr' id='par_1_53' title="bbox 608 3760 2187 3829">
     <span class='ocr_line' id='line_1_53' title="bbox 608 3760 2187 3829; baseline -0.004 -12"><span class='ocrx_word' id='word_1_387' title='bbox 608 3764 870 3818; x_wconf 84' lang='lat' dir='ltr'><strong>veneritis</strong></span> <span class='ocrx_word' id='word_1_388' title='bbox 898 3764 1163 3826; x_wconf 84' lang='lat' dir='ltr'><strong>virmn,si</strong></span> <span class='ocrx_word' id='word_1_389' title='bbox 1192 3772 1275 3817; x_wconf 90' lang='lat' dir='ltr'><strong>est</strong></span> <span class='ocrx_word' id='word_1_390' title='bbox 1330 3761 1537 3816; x_wconf 83' lang='lat' dir='ltr'><strong>faciens</strong></span> <span class='ocrx_word' id='word_1_391' title='bbox 1586 3760 1864 3829; x_wconf 88' lang='lat' dir='ltr'><strong>judicium,</strong></span> <span class='ocrx_word' id='word_1_392' title='bbox 1939 3767 1992 3811; x_wconf 90' lang='lat' dir='ltr'><strong>et</strong></span> <span class='ocrx_word' id='word_1_393' title='bbox 2040 3772 2187 3825; x_wconf 78' lang='lat' dir='ltr'><strong>qna:-</strong></span> 
     </span>
    </p>
   </div>
   <div class='ocr_carea' id='block_1_54' title="bbox 609 3851 2183 3927">
    <p class='ocr_par' dir='ltr' id='par_1_54' title="bbox 609 3851 2183 3927">
     <span class='ocr_line' id='line_1_54' title="bbox 609 3851 2183 3927; baseline -0.004 -19"><span class='ocrx_word' id='word_1_394' title='bbox 609 3870 736 3908; x_wconf 89' lang='lat' dir='ltr'><strong>reus</strong></span> <span class='ocrx_word' id='word_1_395' title='bbox 768 3856 948 3920; x_wconf 75' lang='lat' dir='ltr'><strong>fidem,</strong></span> <span class='ocrx_word' id='word_1_396' title='bbox 982 3863 1036 3909; x_wconf 86' lang='lat' dir='ltr'><strong>et</strong></span> <span class='ocrx_word' id='word_1_397' title='bbox 1066 3856 1330 3925; x_wconf 88' lang='lat' dir='ltr'><strong>propitius</strong></span> <span class='ocrx_word' id='word_1_398' title='bbox 1353 3869 1447 3909; x_wconf 90' lang='lat' dir='ltr'><strong>ero</strong></span> <span class='ocrx_word' id='word_1_399' title='bbox 1476 3852 1732 3927; x_wconf 90' lang='lat' dir='ltr'><strong>eis,_dicit</strong></span> <span class='ocrx_word' id='word_1_400' title='bbox 1766 3852 2021 3905; x_wconf 82' lang='lat' dir='ltr'><strong>Dominus</strong></span> <span class='ocrx_word' id='word_1_401' title='bbox 2062 3851 2129 3903; x_wconf 66' lang='lat'><strong>9&#39;.</strong></span> <span class='ocrx_word' id='word_1_402' title='bbox 2165 3868 2183 3901; x_wconf 80' lang='grc' dir='ltr'><strong>ι</strong></span> 
     </span>
    </p>
   </div>
   <div class='ocr_carea' id='block_1_55' title="bbox 610 3944 2185 4017">
    <p class='ocr_par' dir='ltr' id='par_1_55' title="bbox 610 3944 2185 4017">
     <span class='ocr_line' id='line_1_55' title="bbox 610 3944 2185 4017; baseline -0.003 -18"><span class='ocrx_word' id='word_1_403' title='bbox 610 3946 872 4016; x_wconf 81' lang='lat' dir='ltr'><strong>lntelligis</strong></span> <span class='ocrx_word' id='word_1_404' title='bbox 908 3962 1036 4017; x_wconf 72' lang='lat' dir='ltr'><strong>ergo</strong></span> <span class='ocrx_word' id='word_1_405' title='bbox 1061 3961 1168 4015; x_wconf 91' lang='lat' dir='ltr'><strong>quo</strong></span> <span class='ocrx_word' id='word_1_406' title='bbox 1197 3956 1354 4015; x_wconf 92' lang='lat' dir='ltr'><strong>pacto</strong></span> <span class='ocrx_word' id='word_1_407' title='bbox 1392 3945 1472 3999; x_wconf 89' lang='lat' dir='ltr'><strong>vel</strong></span> <span class='ocrx_word' id='word_1_408' title='bbox 1502 3962 1664 3998; x_wconf 90' lang='lat' dir='ltr'><strong>umtm</strong></span> <span class='ocrx_word' id='word_1_409' title='bbox 1694 3946 1895 4016; x_wconf 84' lang='lat' dir='ltr'><strong>justum</strong></span> <span class='ocrx_word' id='word_1_410' title='bbox 1930 3944 2185 3998; x_wconf 85' lang='lat' dir='ltr'><strong>tuendum</strong></span> 
     </span>
    </p>
   </div>
   <div class='ocr_carea' id='block_1_56' title="bbox 611 4034 2189 4107">
    <p class='ocr_par' dir='ltr' id='par_1_56' title="bbox 611 4034 2189 4107">
     <span class='ocr_line' id='line_1_56' title="bbox 611 4034 2189 4107; baseline -0.004 -14"><span class='ocrx_word' id='word_1_411' title='bbox 611 4038 891 4107; x_wconf 86' lang='lat' dir='ltr'><strong>suscipiat,</strong></span> <span class='ocrx_word' id='word_1_412' title='bbox 936 4048 988 4091; x_wconf 89' lang='lat' dir='ltr'><strong>et</strong></span> <span class='ocrx_word' id='word_1_413' title='bbox 1027 4053 1126 4106; x_wconf 90' lang='lat' dir='ltr'><strong>pro</strong></span> <span class='ocrx_word' id='word_1_414' title='bbox 1159 4046 1265 4091; x_wconf 90' lang='lat' dir='ltr'><strong>tota</strong></span> <span class='ocrx_word' id='word_1_415' title='bbox 1294 4036 1516 4091; x_wconf 87' lang='lat' dir='ltr'><strong>civitate</strong></span> <span class='ocrx_word' id='word_1_416' title='bbox 1562 4045 1807 4091; x_wconf 89' lang='lat' dir='ltr'><strong>orantem</strong></span> <span class='ocrx_word' id='word_1_417' title='bbox 1857 4050 1960 4089; x_wconf 92' lang='lat' dir='ltr'><strong>non</strong></span> <span class='ocrx_word' id='word_1_418' title='bbox 2015 4034 2189 4101; x_wconf 89' lang='lat' dir='ltr'><strong>despi-</strong></span> 
     </span>
    </p>
   </div>
   <div class='ocr_carea' id='block_1_57' title="bbox 609 4126 2184 4190">
    <p class='ocr_par' dir='ltr' id='par_1_57' title="bbox 609 4126 2184 4190">
     <span class='ocr_line' id='line_1_57' title="bbox 609 4126 2184 4190; baseline -0.004 -7"><span class='ocrx_word' id='word_1_419' title='bbox 609 4129 739 4183; x_wconf 88' lang='lat' dir='ltr'><strong>ciat.</strong></span> <span class='ocrx_word' id='word_1_420' title='bbox 775 4126 1227 4184; x_wconf 84' lang='lat' dir='ltr'><strong>lunumerabilcm</strong></span> <span class='ocrx_word' id='word_1_421' title='bbox 1262 4139 1440 4183; x_wconf 90' lang='lat' dir='ltr'><strong>autem</strong></span> <span class='ocrx_word' id='word_1_422' title='bbox 1457 4128 1850 4183; x_wconf 87' lang='lat' dir='ltr'><strong>multitudinem</strong></span> <span class='ocrx_word' id='word_1_423' title='bbox 1877 4141 1983 4179; x_wconf 91' lang='lat' dir='ltr'><strong>non</strong></span> <span class='ocrx_word' id='word_1_424' title='bbox 2013 4134 2184 4190; x_wconf 88' lang='lat' dir='ltr'><strong>curat,</strong></span> 
     </span>
    </p>
   </div>
   <div class='ocr_carea' id='block_1_58' title="bbox 612 4217 2186 4289">
    <p class='ocr_par' dir='ltr' id='par_1_58' title="bbox 612 4217 2186 4289">
     <span class='ocr_line' id='line_1_58' title="bbox 612 4217 2186 4289; baseline -0.003 -16"><span class='ocrx_word' id='word_1_425' title='bbox 612 4230 669 4273; x_wconf 90' lang='lat' dir='ltr'><strong>ttt</strong></span> <span class='ocrx_word' id='word_1_426' title='bbox 700 4221 833 4285; x_wconf 80' lang='lat' dir='ltr'><strong>dixi,</strong></span> <span class='ocrx_word' id='word_1_427' title='bbox 863 4219 908 4273; x_wconf 84' lang='lat' dir='ltr'><strong>si</strong></span> <span class='ocrx_word' id='word_1_428' title='bbox 968 4221 1214 4275; x_wconf 83' lang='lat' dir='ltr'><strong>videatur</strong></span> <span class='ocrx_word' id='word_1_429' title='bbox 1274 4219 1521 4289; x_wconf 83' lang='lat' dir='ltr'><strong>profana,</strong></span> <span class='ocrx_word' id='word_1_430' title='bbox 1572 4228 1624 4273; x_wconf 90' lang='lat' dir='ltr'><strong>et</strong></span> <span class='ocrx_word' id='word_1_431' title='bbox 1652 4220 1718 4273; x_wconf 86' lang='lat' dir='ltr'><strong>ad</strong></span> <span class='ocrx_word' id='word_1_432' title='bbox 1789 4217 2186 4288; x_wconf 84' lang='lat' dir='ltr'><strong>improbitatem</strong></span> 
     </span>
    </p>
   </div>
   <div class='ocr_carea' id='block_1_59' title="bbox 609 4308 2189 4379">
    <p class='ocr_par' dir='ltr' id='par_1_59' title="bbox 609 4308 2189 4379">
     <span class='ocr_line' id='line_1_59' title="bbox 609 4308 2189 4379; baseline 0 -16"><span class='ocrx_word' id='word_1_433' title='bbox 609 4311 864 4377; x_wconf 86' lang='lat' dir='ltr'><strong>declinet,</strong></span> <span class='ocrx_word' id='word_1_434' title='bbox 897 4321 948 4365; x_wconf 91' lang='lat' dir='ltr'><strong>et</strong></span> <span class='ocrx_word' id='word_1_435' title='bbox 994 4326 1053 4366; x_wconf 88' lang='lat' dir='ltr'><strong>se</strong></span> <span class='ocrx_word' id='word_1_436' title='bbox 1106 4313 1406 4364; x_wconf 77' lang='lat' dir='ltr'><strong>daemonum</strong></span> <span class='ocrx_word' id='word_1_437' title='bbox 1469 4311 1902 4379; x_wconf 89' lang='lat' dir='ltr'><strong>importunorum</strong></span> <span class='ocrx_word' id='word_1_438' title='bbox 1961 4308 2189 4364; x_wconf 83' lang='lat' dir='ltr'><strong>fallaciis</strong></span> 
     </span>
    </p>
   </div>
   <div class='ocr_carea' id='block_1_60' title="bbox 610 4400 1093 4471">
    <p class='ocr_par' dir='ltr' id='par_1_60' title="bbox 610 4400 1093 4471">
     <span class='ocr_line' id='line_1_60' title="bbox 610 4400 1093 4471; baseline -0.002 -16"><span class='ocrx_word' id='word_1_439' title='bbox 610 4400 812 4455; x_wconf 90' lang='lat' dir='ltr'><strong>involvi</strong></span> <span class='ocrx_word' id='word_1_440' title='bbox 838 4402 1093 4471; x_wconf 88' lang='lat' dir='ltr'><strong>patiatur.</strong></span> 
     </span>
    </p>
   </div>
   <div class='ocr_carea' id='block_1_61' title="bbox 680 4490 2188 4564">
    <p class='ocr_par' dir='ltr' id='par_1_61' title="bbox 680 4490 2188 4564">
     <span class='ocr_line' id='line_1_61' title="bbox 680 4490 2188 4564; baseline -0.002 -18"><span class='ocrx_word' id='word_1_441' title='bbox 680 4493 747 4546; x_wconf 83' lang='lat' dir='ltr'><strong>Et</strong></span> <span class='ocrx_word' id='word_1_442' title='bbox 776 4496 893 4556; x_wconf 81' lang='lat' dir='ltr'><strong>erit,</strong></span> <span class='ocrx_word' id='word_1_443' title='bbox 923 4494 1109 4547; x_wconf 83' lang='lat' dir='ltr'><strong>inloco</strong></span> <span class='ocrx_word' id='word_1_444' title='bbox 1134 4495 1186 4549; x_wconf 84' lang='lat' dir='ltr'><strong>in</strong></span> <span class='ocrx_word' id='word_1_445' title='bbox 1231 4510 1334 4564; x_wconf 86' lang='lat' dir='ltr'><strong>quo</strong></span> <span class='ocrx_word' id='word_1_446' title='bbox 1365 4494 1564 4547; x_wconf 80' lang='lat' dir='ltr'><strong>dictum</strong></span> <span class='ocrx_word' id='word_1_447' title='bbox 1595 4502 1670 4546; x_wconf 82' lang='lat' dir='ltr'><strong>est</strong></span> <span class='ocrx_word' id='word_1_448' title='bbox 1707 4492 1836 4552; x_wconf 79' lang='lat' dir='ltr'><strong>illis,</strong></span> <span class='ocrx_word' id='word_1_449' title='bbox 1873 4490 1995 4544; x_wconf 83' lang='lat' dir='ltr'><strong>Non</strong></span> <span class='ocrx_word' id='word_1_450' title='bbox 2022 4508 2188 4559; x_wconf 83' lang='lat' dir='ltr'><strong>popu-</strong></span> 
     </span>
    </p>
   </div>
   <div class='ocr_carea' id='block_1_62' title="bbox 2285 2006 3863 2090">
    <p class='ocr_par' dir='ltr' id='par_1_62' title="bbox 2285 2006 3863 2090">
     <span class='ocr_line' id='line_1_62' title="bbox 2285 2006 3863 2090; baseline -0.008 -18"><span class='ocrx_word' id='word_1_451' title='bbox 2285 2018 2464 2090; x_wconf 76' lang='grc' dir='ltr'>τυχὸν,</span> <span class='ocrx_word' id='word_1_452' title='bbox 2501 2019 2610 2072; x_wconf 76' lang='grc' dir='ltr'>εἴτε</span> <span class='ocrx_word' id='word_1_453' title='bbox 2652 2019 2747 2072; x_wconf 73' lang='grc' dir='ltr'><strong>καὶ</strong></span> <span class='ocrx_word' id='word_1_454' title='bbox 2798 2017 3000 2087; x_wconf 77' lang='grc' dir='ltr'><strong>ἑτέρως</strong></span> <span class='ocrx_word' id='word_1_455' title='bbox 3022 2032 3036 2047; x_wconf 73' lang='grc' dir='ltr'><strong><em>ο</em></strong></span> <span class='ocrx_word' id='word_1_456' title='bbox 3070 2015 3238 2079; x_wconf 80' lang='grc' dir='ltr'>πολὺς</span> <span class='ocrx_word' id='word_1_457' title='bbox 3310 2014 3406 2068; x_wconf 78' lang='grc' dir='ltr'>καὶ</span> <span class='ocrx_word' id='word_1_458' title='bbox 3438 2010 3809 2082; x_wconf 79' lang='grc' dir='ltr'><strong>ἀναρίθμητος</strong></span> <span class='ocrx_word' id='word_1_459' title='bbox 3836 2006 3863 2060; x_wconf 82' lang='lat'><strong>6</strong></span> 
     </span>
    </p>
   </div>
   <div class='ocr_carea' id='block_1_63' title="bbox 2298 2101 3859 2181">
    <p class='ocr_par' dir='ltr' id='par_1_63' title="bbox 2298 2101 3859 2181">
     <span class='ocr_line' id='line_1_63' title="bbox 2298 2101 3859 2181; baseline -0.006 -19"><span class='ocrx_word' id='word_1_460' title='bbox 2298 2108 2532 2181; x_wconf 82' lang='grc' dir='ltr'>Ἰσραὴλ,</span> <span class='ocrx_word' id='word_1_461' title='bbox 2561 2108 2655 2163; x_wconf 69' lang='grc' dir='ltr'><strong>καὶ</strong></span> <span class='ocrx_word' id='word_1_462' title='bbox 2679 2108 2928 2179; x_wconf 74' lang='grc' dir='ltr'>ψάμμοις</span> <span class='ocrx_word' id='word_1_463' title='bbox 2947 2109 3068 2170; x_wconf 86' lang='grc' dir='ltr'>ταῖς</span> <span class='ocrx_word' id='word_1_464' title='bbox 3105 2105 3348 2168; x_wconf 85' lang='grc' dir='ltr'>ὲναλίαις</span> <span class='ocrx_word' id='word_1_465' title='bbox 3377 2103 3681 2174; x_wconf 84' lang='grc' dir='ltr'>ίσομέτρως</span> <span class='ocrx_word' id='word_1_466' title='bbox 3708 2101 3859 2171; x_wconf 76' lang='grc' dir='ltr'>ἔχων,</span> 
     </span>
    </p>
   </div>
   <div class='ocr_carea' id='block_1_64' title="bbox 2284 2192 3833 2273">
    <p class='ocr_par' dir='ltr' id='par_1_64' title="bbox 2284 2192 3833 2273">
     <span class='ocr_line' id='line_1_64' title="bbox 2284 2192 3833 2273; baseline -0.007 -17"><span class='ocrx_word' id='word_1_467' title='bbox 2284 2204 2344 2256; x_wconf 87' lang='grc' dir='ltr'><strong>ού</strong></span> <span class='ocrx_word' id='word_1_468' title='bbox 2373 2203 2539 2265; x_wconf 71' lang='grc' dir='ltr'>πολὺς</span> <span class='ocrx_word' id='word_1_469' title='bbox 2571 2201 2749 2255; x_wconf 80' lang='grc' dir='ltr'>αὐτῶν</span> <span class='ocrx_word' id='word_1_470' title='bbox 2784 2200 2937 2273; x_wconf 87' lang='grc' dir='ltr'><strong>παρά</strong></span> <span class='ocrx_word' id='word_1_471' title='bbox 2980 2198 3100 2270; x_wconf 87' lang='grc' dir='ltr'><strong>Θεῷ</strong></span> <span class='ocrx_word' id='word_1_472' title='bbox 3128 2198 3307 2268; x_wconf 83' lang='grc' dir='ltr'>λόγος,</span> <span class='ocrx_word' id='word_1_473' title='bbox 3337 2195 3622 2250; x_wconf 77' lang='grc' dir='ltr'>δυσσεὸεἶν</span> <span class='ocrx_word' id='word_1_474' title='bbox 3650 2192 3833 2265; x_wconf 80' lang='grc' dir='ltr'>ᾑρημέ</span> 
     </span>
    </p>
   </div>
   <div class='ocr_carea' id='block_1_65' title="bbox 2285 2288 3864 2358">
    <p class='ocr_par' dir='ltr' id='par_1_65' title="bbox 2285 2288 3864 2358">
     <span class='ocr_line' id='line_1_65' title="bbox 2285 2288 3864 2358; baseline -0.003 -11"><span class='ocrx_word' id='word_1_475' title='bbox 2285 2310 2425 2349; x_wconf 80' lang='grc' dir='ltr'>νων’</span> <span class='ocrx_word' id='word_1_476' title='bbox 2457 2294 2635 2349; x_wconf 85' lang='grc' dir='ltr'>καίτοι</span> <span class='ocrx_word' id='word_1_477' title='bbox 2676 2294 2794 2357; x_wconf 83' lang='grc' dir='ltr'>ἑνὸς</span> <span class='ocrx_word' id='word_1_478' title='bbox 2818 2293 3030 2347; x_wconf 80' lang='grc' dir='ltr'>δικαίου</span> <span class='ocrx_word' id='word_1_479' title='bbox 3062 2293 3155 2346; x_wconf 75' lang='grc' dir='ltr'>καὶ</span> <span class='ocrx_word' id='word_1_480' title='bbox 3190 2288 3469 2354; x_wconf 76' lang='grc' dir='ltr'>εὐσεϐοῦς,</span> <span class='ocrx_word' id='word_1_481' title='bbox 3513 2288 3609 2342; x_wconf 61' lang='grc' dir='ltr'><strong>κοιλ⁸</strong></span> <span class='ocrx_word' id='word_1_482' title='bbox 3648 2288 3864 2358; x_wconf 78' lang='grc' dir='ltr'><strong>ἀγάπης</strong></span> 
     </span>
    </p>
   </div>
   <div class='ocr_carea' id='block_1_66' title="bbox 2283 2380 3859 2455">
    <p class='ocr_par' dir='ltr' id='par_1_66' title="bbox 2283 2380 3859 2455">
     <span class='ocr_line' id='line_1_66' title="bbox 2283 2380 3859 2455; baseline 0 -19"><span class='ocrx_word' id='word_1_483' title='bbox 2283 2385 2384 2455; x_wconf 80' lang='grc' dir='ltr'>τῆς</span> <span class='ocrx_word' id='word_1_484' title='bbox 2416 2386 2548 2455; x_wconf 82' lang='grc' dir='ltr'>παρ’</span> <span class='ocrx_word' id='word_1_485' title='bbox 2592 2383 2782 2450; x_wconf 77' lang='grc' dir='ltr'>αὑτοῦ,</span> <span class='ocrx_word' id='word_1_486' title='bbox 2826 2385 2920 2437; x_wconf 75' lang='grc' dir='ltr'><strong>καὶ</strong></span> <span class='ocrx_word' id='word_1_487' title='bbox 2974 2381 3191 2453; x_wconf 78' lang='grc' dir='ltr'>φειδοῦς</span> <span class='ocrx_word' id='word_1_488' title='bbox 3231 2380 3504 2452; x_wconf 82' lang='grc' dir='ltr'>ἐκκρίτως</span> <span class='ocrx_word' id='word_1_489' title='bbox 3536 2380 3859 2453; x_wconf 68' lang='grc' dir='ltr'>ἠξιωμένου.</span> 
     </span>
    </p>
   </div>
   <div class='ocr_carea' id='block_1_67' title="bbox 2300 2471 3861 2545">
    <p class='ocr_par' dir='ltr' id='par_1_67' title="bbox 2300 2471 3861 2545">
     <span class='ocr_line' id='line_1_67' title="bbox 2300 2471 3861 2545; baseline -0.002 -16"><span class='ocrx_word' id='word_1_490' title='bbox 2300 2476 2612 2529; x_wconf 76' lang='grc' dir='ltr'>Ἐπιόλέπει</span> <span class='ocrx_word' id='word_1_491' title='bbox 2642 2475 2792 2545; x_wconf 89' lang='grc' dir='ltr'>γοῦν,</span> <span class='ocrx_word' id='word_1_492' title='bbox 2823 2476 2916 2530; x_wconf 78' lang='grc' dir='ltr'><strong>καὶ</strong></span> <span class='ocrx_word' id='word_1_493' title='bbox 2954 2493 2973 2526; x_wconf 78' lang='grc' dir='ltr'><strong>ι</strong></span> <span class='ocrx_word' id='word_1_494' title='bbox 3014 2476 3099 2545; x_wconf 76' lang='grc' dir='ltr'><strong>ἐφ’</strong></span> <span class='ocrx_word' id='word_1_495' title='bbox 3129 2475 3225 2527; x_wconf 74' lang='grc' dir='ltr'>ἕνα</span> <span class='ocrx_word' id='word_1_496' title='bbox 3258 2473 3519 2528; x_wconf 80' lang='grc' dir='ltr'>ταπεινὸν</span> <span class='ocrx_word' id='word_1_497' title='bbox 3541 2515 3556 2540; x_wconf 83' lang='grc'><strong>,</strong></span> <span class='ocrx_word' id='word_1_498' title='bbox 3589 2474 3687 2526; x_wconf 72' lang='grc' dir='ltr'>καὶ</span> <span class='ocrx_word' id='word_1_499' title='bbox 3731 2471 3861 2543; x_wconf 73' lang='grc' dir='ltr'>ἡσύ-</span> 
     </span>
    </p>
   </div>
   <div class='ocr_carea' id='block_1_68' title="bbox 2286 2564 3861 2639">
    <p class='ocr_par' dir='ltr' id='par_1_68' title="bbox 2286 2564 3861 2639">
     <span class='ocr_line' id='line_1_68' title="bbox 2286 2564 3861 2639; baseline -0.002 -17"><span class='ocrx_word' id='word_1_500' title='bbox 2286 2585 2420 2639; x_wconf 85' lang='grc' dir='ltr'>χιον,</span> <span class='ocrx_word' id='word_1_501' title='bbox 2462 2570 2556 2622; x_wconf 80' lang='grc' dir='ltr'><strong>καὶ</strong></span> <span class='ocrx_word' id='word_1_502' title='bbox 2604 2568 2878 2639; x_wconf 77' lang='grc' dir='ltr'>τρέμοντα</span> <span class='ocrx_word' id='word_1_503' title='bbox 2925 2569 3051 2631; x_wconf 81' lang='grc' dir='ltr'>τοὺς</span> <span class='ocrx_word' id='word_1_504' title='bbox 3092 2567 3285 2635; x_wconf 85' lang='grc' dir='ltr'>λόγους</span> <span class='ocrx_word' id='word_1_505' title='bbox 3320 2564 3505 2619; x_wconf 83' lang='grc' dir='ltr'>αὐτοῦ.</span> <span class='ocrx_word' id='word_1_506' title='bbox 3535 2584 3553 2616; x_wconf 72' lang='grc' dir='ltr'><strong>ι</strong></span> <span class='ocrx_word' id='word_1_507' title='bbox 3611 2565 3719 2618; x_wconf 74' lang='grc' dir='ltr'>Καὶ</span> <span class='ocrx_word' id='word_1_508' title='bbox 3768 2566 3861 2619; x_wconf 81' lang='grc' dir='ltr'>οὐκ</span> 
     </span>
    </p>
   </div>
   <div class='ocr_carea' id='block_1_69' title="bbox 2285 2658 3864 2732">
    <p class='ocr_par' dir='ltr' id='par_1_69' title="bbox 2285 2658 3864 2732">
     <span class='ocr_line' id='line_1_69' title="bbox 2285 2658 3864 2732; baseline 0 -19"><span class='ocrx_word' id='word_1_509' title='bbox 2285 2661 2496 2732; x_wconf 86' lang='grc' dir='ltr'>ἀπόχρη</span> <span class='ocrx_word' id='word_1_510' title='bbox 2520 2660 2677 2713; x_wconf 89' lang='grc' dir='ltr'>τοῦτο</span> <span class='ocrx_word' id='word_1_511' title='bbox 2705 2664 2818 2723; x_wconf 84' lang='grc' dir='ltr'>τοῖς</span> <span class='ocrx_word' id='word_1_512' title='bbox 2849 2660 3091 2729; x_wconf 83' lang='grc' dir='ltr'>ἀγαθοῖς,</span> <span class='ocrx_word' id='word_1_513' title='bbox 3120 2661 3215 2713; x_wconf 69' lang='grc' dir='ltr'>καὶ</span> <span class='ocrx_word' id='word_1_514' title='bbox 3247 2659 3536 2722; x_wconf 78' lang='grc' dir='ltr'>ἐπιεικέσι,</span> <span class='ocrx_word' id='word_1_515' title='bbox 3576 2660 3673 2713; x_wconf 58' lang='grc' dir='ltr'><strong>καὶ⁸</strong></span> <span class='ocrx_word' id='word_1_516' title='bbox 3700 2658 3864 2713; x_wconf 79' lang='grc' dir='ltr'>δεδιόο</span> 
     </span>
    </p>
   </div>
   <div class='ocr_carea' id='block_1_70' title="bbox 2288 2750 3864 2823">
    <p class='ocr_par' dir='ltr' id='par_1_70' title="bbox 2288 2750 3864 2823">
     <span class='ocr_line' id='line_1_70' title="bbox 2288 2750 3864 2823; baseline -0.003 -16"><span class='ocrx_word' id='word_1_517' title='bbox 2288 2771 2371 2807; x_wconf 91' lang='grc' dir='ltr'><strong>σιν</strong></span> <span class='ocrx_word' id='word_1_518' title='bbox 2399 2753 2581 2818; x_wconf 82' lang='grc' dir='ltr'>αὐτὸν,</span> <span class='ocrx_word' id='word_1_519' title='bbox 2605 2752 2701 2806; x_wconf 77' lang='grc' dir='ltr'><strong>καὶ</strong></span> <span class='ocrx_word' id='word_1_520' title='bbox 2732 2752 2971 2823; x_wconf 84' lang='grc' dir='ltr'>γνησίως</span> <span class='ocrx_word' id='word_1_521' title='bbox 2996 2752 3355 2805; x_wconf 90' lang='grc' dir='ltr'>δουλεύουσιν.</span> <span class='ocrx_word' id='word_1_522' title='bbox 3395 2750 3557 2805; x_wconf 75' lang='grc' dir='ltr'>Ἀλλὰ</span> <span class='ocrx_word' id='word_1_523' title='bbox 3606 2751 3701 2805; x_wconf 79' lang='grc' dir='ltr'>καὶ</span> <span class='ocrx_word' id='word_1_524' title='bbox 3750 2750 3864 2803; x_wconf 79' lang='grc' dir='ltr'>ἑτέ-</span> 
     </span>
    </p>
   </div>
   <div class='ocr_carea' id='block_1_71' title="bbox 2291 2841 3863 2918">
    <p class='ocr_par' dir='ltr' id='par_1_71' title="bbox 2291 2841 3863 2918">
     <span class='ocr_line' id='line_1_71' title="bbox 2291 2841 3863 2918; baseline -0.001 -20"><span class='ocrx_word' id='word_1_525' title='bbox 2291 2864 2415 2918; x_wconf 90' lang='grc' dir='ltr'>ρους</span> <span class='ocrx_word' id='word_1_526' title='bbox 2464 2846 2600 2899; x_wconf 63' lang='grc' dir='ltr'>είσὶν</span> <span class='ocrx_word' id='word_1_527' title='bbox 2649 2844 2883 2916; x_wconf 80' lang='grc' dir='ltr'>ὠφελεῖν</span> <span class='ocrx_word' id='word_1_528' title='bbox 2922 2841 3025 2899; x_wconf 76' lang='grc' dir='ltr'>οἷοί</span> <span class='ocrx_word' id='word_1_529' title='bbox 3070 2863 3152 2911; x_wconf 87' lang='grc' dir='ltr'><strong>τε,</strong></span> <span class='ocrx_word' id='word_1_530' title='bbox 3206 2848 3303 2898; x_wconf 67' lang='grc' dir='ltr'><strong>καὶ</strong></span> <span class='ocrx_word' id='word_1_531' title='bbox 3353 2844 3863 2917; x_wconf 82' lang='grc' dir='ltr'>προσκεκρουκότας</span> 
     </span>
    </p>
   </div>
   <div class='ocr_carea' id='block_1_72' title="bbox 2287 2936 3863 3010">
    <p class='ocr_par' dir='ltr' id='par_1_72' title="bbox 2287 2936 3863 3010">
     <span class='ocr_line' id='line_1_72' title="bbox 2287 2936 3863 3010; baseline -0.001 -19"><span class='ocrx_word' id='word_1_532' title='bbox 2287 2937 2647 2992; x_wconf 84' lang='grc' dir='ltr'>ἀπαλλάττειν</span> <span class='ocrx_word' id='word_1_533' title='bbox 2676 2938 2776 3007; x_wconf 80' lang='grc' dir='ltr'>τῆς</span> <span class='ocrx_word' id='word_1_534' title='bbox 2804 2938 3193 3010; x_wconf 83' lang='grc' dir='ltr'>ὲπηρτημένης</span> <span class='ocrx_word' id='word_1_535' title='bbox 3232 2936 3344 2990; x_wconf 77' lang='grc' dir='ltr'>ἐσθ’</span> <span class='ocrx_word' id='word_1_536' title='bbox 3376 2938 3465 2990; x_wconf 84' lang='grc' dir='ltr'><strong>ὅτε</strong></span> <span class='ocrx_word' id='word_1_537' title='bbox 3514 2939 3725 3007; x_wconf 83' lang='grc' dir='ltr'>ποινῆς.</span> <span class='ocrx_word' id='word_1_538' title='bbox 3756 2936 3863 2990; x_wconf 69' lang='lat' dir='ltr'><strong>Ad-</strong></span> 
     </span>
    </p>
   </div>
   <div class='ocr_carea' id='block_1_73' title="bbox 2287 3029 3865 3101">
    <p class='ocr_par' dir='ltr' id='par_1_73' title="bbox 2287 3029 3865 3101">
     <span class='ocr_line' id='line_1_73' title="bbox 2287 3029 3865 3101; baseline -0.001 -18"><span class='ocrx_word' id='word_1_539' title='bbox 2287 3030 2399 3094; x_wconf 76' lang='grc' dir='ltr'>ϐοις</span> <span class='ocrx_word' id='word_1_540' title='bbox 2428 3031 2473 3084; x_wconf 79' lang='grc' dir='ltr'>δ’</span> <span class='ocrx_word' id='word_1_541' title='bbox 2516 3031 2583 3085; x_wconf 88' lang='grc' dir='ltr'>ἂν</span> <span class='ocrx_word' id='word_1_542' title='bbox 2617 3033 2697 3094; x_wconf 77' lang='grc' dir='ltr'><strong>εἰς</strong></span> <span class='ocrx_word' id='word_1_543' title='bbox 2725 3031 2999 3097; x_wconf 83' lang='grc' dir='ltr'>ἀπόδειξιν</span> <span class='ocrx_word' id='word_1_544' title='bbox 3032 3029 3126 3084; x_wconf 87' lang='grc' dir='ltr'><strong>τοῦ</strong></span> <span class='ocrx_word' id='word_1_545' title='bbox 3160 3029 3365 3084; x_wconf 87' lang='grc' dir='ltr'>τοιοῦδε</span> <span class='ocrx_word' id='word_1_546' title='bbox 3391 3030 3714 3101; x_wconf 84' lang='grc' dir='ltr'>πράγματος</span> <span class='ocrx_word' id='word_1_547' title='bbox 3744 3030 3865 3092; x_wconf 78' lang='grc' dir='ltr'>τοὺς</span> 
     </span>
    </p>
   </div>
   <div class='ocr_carea' id='block_1_74' title="bbox 2286 3121 3863 3193">
    <p class='ocr_par' dir='ltr' id='par_1_74' title="bbox 2286 3121 3863 3193">
     <span class='ocr_line' id='line_1_74' title="bbox 2286 3121 3863 3193; baseline -0.003 -18"><span class='ocrx_word' id='word_1_548' title='bbox 2286 3122 2378 3175; x_wconf 80' lang='grc' dir='ltr'>ὲπί</span> <span class='ocrx_word' id='word_1_549' title='bbox 2406 3138 2469 3190; x_wconf 92' lang='grc' dir='ltr'><strong>γε</strong></span> <span class='ocrx_word' id='word_1_550' title='bbox 2510 3121 2827 3192; x_wconf 81' lang='grc' dir='ltr'>Σοδομίταις</span> <span class='ocrx_word' id='word_1_551' title='bbox 2880 3122 3091 3191; x_wconf 84' lang='grc' dir='ltr'>λόγους,</span> <span class='ocrx_word' id='word_1_552' title='bbox 3147 3124 3236 3176; x_wconf 85' lang='grc' dir='ltr'><strong>ὅτε</strong></span> <span class='ocrx_word' id='word_1_553' title='bbox 3284 3122 3379 3176; x_wconf 72' lang='grc' dir='ltr'><strong>καὶ</strong></span> <span class='ocrx_word' id='word_1_554' title='bbox 3424 3122 3648 3193; x_wconf 80' lang='grc' dir='ltr'>ἀνήσειν</span> <span class='ocrx_word' id='word_1_555' title='bbox 3685 3122 3863 3183; x_wconf 83' lang='grc' dir='ltr'>αὐτοῖς</span> 
     </span>
    </p>
   </div>
   <div class='ocr_carea' id='block_1_75' title="bbox 2286 3210 3867 3284">
    <p class='ocr_par' dir='ltr' id='par_1_75' title="bbox 2286 3210 3867 3284">
     <span class='ocr_line' id='line_1_75' title="bbox 2286 3210 3867 3284; baseline -0.001 -20"><span class='ocrx_word' id='word_1_556' title='bbox 2286 3213 2658 3283; x_wconf 80' lang='grc' dir='ltr'>ἐπηγγέλλετο</span> <span class='ocrx_word' id='word_1_557' title='bbox 2707 3213 2807 3284; x_wconf 84' lang='grc' dir='ltr'>τὴν</span> <span class='ocrx_word' id='word_1_558' title='bbox 2855 3213 2942 3267; x_wconf 86' lang='grc' dir='ltr'><strong>διά</strong></span> <span class='ocrx_word' id='word_1_559' title='bbox 2976 3213 3147 3284; x_wconf 80' lang='grc' dir='ltr'>πυρὸς</span> <span class='ocrx_word' id='word_1_560' title='bbox 3178 3213 3334 3282; x_wconf 89' lang='grc' dir='ltr'>δίκην</span> <span class='ocrx_word' id='word_1_561' title='bbox 3374 3214 3403 3266; x_wconf 93' lang='lat'><strong>6</strong></span> <span class='ocrx_word' id='word_1_562' title='bbox 3437 3211 3614 3265; x_wconf 81' lang='grc' dir='ltr'>πάντα</span> <span class='ocrx_word' id='word_1_563' title='bbox 3672 3210 3867 3281; x_wconf 86' lang='grc' dir='ltr'>ίσχύων</span> 
     </span>
    </p>
   </div>
   <div class='ocr_carea' id='block_1_76' title="bbox 2286 3304 3859 3378">
    <p class='ocr_par' dir='ltr' id='par_1_76' title="bbox 2286 3304 3859 3378">
     <span class='ocr_line' id='line_1_76' title="bbox 2286 3304 3859 3378; baseline -0.001 -20"><span class='ocrx_word' id='word_1_564' title='bbox 2286 3305 2435 3369; x_wconf 83' lang='grc' dir='ltr'>Θεὸς,</span> <span class='ocrx_word' id='word_1_565' title='bbox 2478 3306 2636 3359; x_wconf 83' lang='grc' dir='ltr'>πέντε</span> <span class='ocrx_word' id='word_1_566' title='bbox 2673 3307 2850 3377; x_wconf 88' lang='grc' dir='ltr'>μόνων</span> <span class='ocrx_word' id='word_1_567' title='bbox 2903 3307 2961 3359; x_wconf 80' lang='grc' dir='ltr'>ὲν</span> <span class='ocrx_word' id='word_1_568' title='bbox 3017 3306 3203 3370; x_wconf 83' lang='grc' dir='ltr'>αὐτοῖς</span> <span class='ocrx_word' id='word_1_569' title='bbox 3235 3306 3460 3359; x_wconf 89' lang='grc' dir='ltr'>δικαίων</span> <span class='ocrx_word' id='word_1_570' title='bbox 3510 3304 3859 3378; x_wconf 81' lang='grc' dir='ltr'>ηὑρημένων.</span> 
     </span>
    </p>
   </div>
   <div class='ocr_carea' id='block_1_77' title="bbox 2286 3393 3859 3469">
    <p class='ocr_par' dir='ltr' id='par_1_77' title="bbox 2286 3393 3859 3469">
     <span class='ocr_line' id='line_1_77' title="bbox 2286 3393 3859 3469; baseline 0.002 -23"><span class='ocrx_word' id='word_1_571' title='bbox 2286 3395 2396 3447; x_wconf 74' lang='grc' dir='ltr'>Καὶ</span> <span class='ocrx_word' id='word_1_572' title='bbox 2428 3393 2557 3463; x_wconf 89' lang='grc' dir='ltr'>γοῦν</span> <span class='ocrx_word' id='word_1_573' title='bbox 2586 3396 2820 3459; x_wconf 73' lang='grc' dir='ltr'>ἐσώζετο</span> <span class='ocrx_word' id='word_1_574' title='bbox 2852 3397 2978 3451; x_wconf 89' lang='grc' dir='ltr'><strong>Λὼτ</strong></span> <span class='ocrx_word' id='word_1_575' title='bbox 2998 3438 3012 3462; x_wconf 94' lang='grc'><strong>,</strong></span> <span class='ocrx_word' id='word_1_576' title='bbox 3053 3397 3187 3469; x_wconf 84' lang='grc' dir='ltr'>όμοῦ</span> <span class='ocrx_word' id='word_1_577' title='bbox 3220 3398 3442 3467; x_wconf 74' lang='grc' dir='ltr'>γυναικὶ</span> <span class='ocrx_word' id='word_1_578' title='bbox 3492 3397 3590 3451; x_wconf 73' lang='grc' dir='ltr'><strong>καὶ</strong></span> <span class='ocrx_word' id='word_1_579' title='bbox 3638 3398 3859 3458; x_wconf 83' lang='grc' dir='ltr'>τέκνοις.</span> 
     </span>
    </p>
   </div>
   <div class='ocr_carea' id='block_1_78' title="bbox 2287 3486 3865 3558">
    <p class='ocr_par' dir='ltr' id='par_1_78' title="bbox 2287 3486 3865 3558">
     <span class='ocr_line' id='line_1_78' title="bbox 2287 3486 3865 3558; baseline 0.001 -21"><span class='ocrx_word' id='word_1_580' title='bbox 2287 3486 2396 3537; x_wconf 72' lang='grc' dir='ltr'><strong>Καὶ</strong></span> <span class='ocrx_word' id='word_1_581' title='bbox 2427 3486 2476 3539; x_wconf 91' lang='grc' dir='ltr'><strong>τί</strong></span> <span class='ocrx_word' id='word_1_582' title='bbox 2503 3487 2664 3539; x_wconf 86' lang='grc' dir='ltr'>πέντε</span> <span class='ocrx_word' id='word_1_583' title='bbox 2692 3487 2834 3555; x_wconf 86' lang='grc' dir='ltr'>λέγω</span> <span class='ocrx_word' id='word_1_584' title='bbox 2860 3489 3100 3553; x_wconf 85' lang='grc' dir='ltr'>δικαίους</span> <span class='ocrx_word' id='word_1_585' title='bbox 3162 3489 3257 3543; x_wconf 79' lang='grc' dir='ltr'><strong>καὶ</strong></span> <span class='ocrx_word' id='word_1_586' title='bbox 3283 3486 3558 3558; x_wconf 78' lang='grc' dir='ltr'>ἀγαθούςς</span> <span class='ocrx_word' id='word_1_587' title='bbox 3593 3488 3731 3541; x_wconf 86' lang='grc' dir='ltr'>ὅπου</span> <span class='ocrx_word' id='word_1_588' title='bbox 3776 3486 3865 3541; x_wconf 74' lang='grc' dir='ltr'>καὶ</span> 
     </span>
    </p>
   </div>
   <div class='ocr_carea' id='block_1_79' title="bbox 2287 3577 3867 3651">
    <p class='ocr_par' dir='ltr' id='par_1_79' title="bbox 2287 3577 3867 3651">
     <span class='ocr_line' id='line_1_79' title="bbox 2287 3577 3867 3651; baseline 0.001 -24"><span class='ocrx_word' id='word_1_589' title='bbox 2287 3578 2398 3639; x_wconf 84' lang='grc' dir='ltr'>τοῖς</span> <span class='ocrx_word' id='word_1_590' title='bbox 2431 3577 2825 3648; x_wconf 81' lang='grc' dir='ltr'>Ἰεροσολύμοις</span> <span class='ocrx_word' id='word_1_591' title='bbox 2856 3580 3025 3650; x_wconf 77' lang='grc' dir='ltr'>ὀργὴν</span> <span class='ocrx_word' id='word_1_592' title='bbox 3064 3581 3403 3651; x_wconf 84' lang='grc' dir='ltr'>ὲπαρτήσας,</span> <span class='ocrx_word' id='word_1_593' title='bbox 3444 3599 3462 3630; x_wconf 82' lang='grc' dir='ltr'><strong>ι</strong></span> <span class='ocrx_word' id='word_1_594' title='bbox 3497 3579 3867 3651; x_wconf 76' lang='grc' dir='ltr'>Προδράμετε,</span> 
     </span>
    </p>
   </div>
   <div class='ocr_carea' id='block_1_80' title="bbox 2290 3670 3863 3743">
    <p class='ocr_par' dir='ltr' id='par_1_80' title="bbox 2290 3670 3863 3743">
     <span class='ocr_line' id='line_1_80' title="bbox 2290 3670 3863 3743; baseline 0 -21"><span class='ocrx_word' id='word_1_595' title='bbox 2290 3670 2442 3739; x_wconf 71' lang='grc' dir='ltr'>φησὶ,</span> <span class='ocrx_word' id='word_1_596' title='bbox 2468 3671 2525 3722; x_wconf 82' lang='grc' dir='ltr'><strong>έν</strong></span> <span class='ocrx_word' id='word_1_597' title='bbox 2549 3674 2670 3733; x_wconf 87' lang='grc' dir='ltr'>ταῖς</span> <span class='ocrx_word' id='word_1_598' title='bbox 2692 3671 2836 3734; x_wconf 83' lang='grc' dir='ltr'>όδοῖς</span> <span class='ocrx_word' id='word_1_599' title='bbox 2863 3671 3171 3743; x_wconf 85' lang='grc' dir='ltr'>Ἱερουσαλὴ</span> <span class='ocrx_word' id='word_1_600' title='bbox 3180 3689 3238 3743; x_wconf 86' lang='grc' dir='ltr'><strong>μ,</strong></span> <span class='ocrx_word' id='word_1_601' title='bbox 3258 3672 3351 3726; x_wconf 76' lang='grc' dir='ltr'>καὶ</span> <span class='ocrx_word' id='word_1_602' title='bbox 3380 3672 3534 3737; x_wconf 81' lang='grc' dir='ltr'>ἴδετε,</span> <span class='ocrx_word' id='word_1_603' title='bbox 3556 3672 3654 3725; x_wconf 74' lang='grc' dir='ltr'>καὶ</span> <span class='ocrx_word' id='word_1_604' title='bbox 3678 3672 3863 3740; x_wconf 85' lang='grc' dir='ltr'>γνῶτε,</span> 
     </span>
    </p>
   </div>
   <div class='ocr_carea' id='block_1_81' title="bbox 2290 3762 3863 3835">
    <p class='ocr_par' dir='ltr' id='par_1_81' title="bbox 2290 3762 3863 3835">
     <span class='ocr_line' id='line_1_81' title="bbox 2290 3762 3863 3835; baseline 0.001 -21"><span class='ocrx_word' id='word_1_605' title='bbox 2290 3764 2382 3815; x_wconf 68' lang='grc' dir='ltr'>καὶ</span> <span class='ocrx_word' id='word_1_606' title='bbox 2409 3763 2681 3832; x_wconf 76' lang='grc' dir='ltr'>ζητήσατε</span> <span class='ocrx_word' id='word_1_607' title='bbox 2715 3764 2771 3814; x_wconf 82' lang='grc' dir='ltr'><strong>ὲν</strong></span> <span class='ocrx_word' id='word_1_608' title='bbox 2811 3766 2931 3827; x_wconf 86' lang='grc' dir='ltr'>ταῖς</span> <span class='ocrx_word' id='word_1_609' title='bbox 2961 3764 3244 3829; x_wconf 85' lang='grc' dir='ltr'>πλατείαις</span> <span class='ocrx_word' id='word_1_610' title='bbox 3278 3764 3470 3835; x_wconf 80' lang='grc' dir='ltr'>αὐτῆς,</span> <span class='ocrx_word' id='word_1_611' title='bbox 3516 3764 3612 3817; x_wconf 74' lang='grc' dir='ltr'>καὶ</span> <span class='ocrx_word' id='word_1_612' title='bbox 3656 3764 3750 3817; x_wconf 85' lang='grc' dir='ltr'><strong>ὲάν</strong></span> <span class='ocrx_word' id='word_1_613' title='bbox 3782 3762 3863 3816; x_wconf 80' lang='grc' dir='ltr'>εῦ·</span> 
     </span>
    </p>
   </div>
   <div class='ocr_carea' id='block_1_82' title="bbox 2293 3854 3862 3928">
    <p class='ocr_par' dir='ltr' id='par_1_82' title="bbox 2293 3854 3862 3928">
     <span class='ocr_line' id='line_1_82' title="bbox 2293 3854 3862 3928; baseline 0.001 -23"><span class='ocrx_word' id='word_1_614' title='bbox 2293 3870 2420 3924; x_wconf 90' lang='grc' dir='ltr'>ρητε</span> <span class='ocrx_word' id='word_1_615' title='bbox 2444 3854 2633 3924; x_wconf 82' lang='grc' dir='ltr'>ἄνδρα,</span> <span class='ocrx_word' id='word_1_616' title='bbox 2674 3856 2723 3906; x_wconf 89' lang='grc' dir='ltr'><strong>εί</strong></span> <span class='ocrx_word' id='word_1_617' title='bbox 2750 3854 2865 3908; x_wconf 77' lang='grc' dir='ltr'>ἐστι</span> <span class='ocrx_word' id='word_1_618' title='bbox 2897 3855 3067 3909; x_wconf 89' lang='grc' dir='ltr'>ποιῶν</span> <span class='ocrx_word' id='word_1_619' title='bbox 3088 3856 3287 3928; x_wconf 86' lang='grc' dir='ltr'>κρίμα,</span> <span class='ocrx_word' id='word_1_620' title='bbox 3322 3856 3417 3909; x_wconf 69' lang='grc' dir='ltr'>καὶ</span> <span class='ocrx_word' id='word_1_621' title='bbox 3447 3855 3625 3925; x_wconf 77' lang='grc' dir='ltr'>ζητῶν</span> <span class='ocrx_word' id='word_1_622' title='bbox 3669 3854 3862 3913; x_wconf 87' lang='grc' dir='ltr'>πίστιν,</span> 
     </span>
    </p>
   </div>
   <div class='ocr_carea' id='block_1_83' title="bbox 2291 3941 3866 4019">
    <p class='ocr_par' dir='ltr' id='par_1_83' title="bbox 2291 3941 3866 4019">
     <span class='ocr_line' id='line_1_83' title="bbox 2291 3941 3866 4019; baseline -0.001 -21"><span class='ocrx_word' id='word_1_623' title='bbox 2291 3945 2385 3998; x_wconf 72' lang='grc' dir='ltr'><strong>καὶ</strong></span> <span class='ocrx_word' id='word_1_624' title='bbox 2416 3945 2573 4009; x_wconf 80' lang='grc' dir='ltr'>ἵλεως</span> <span class='ocrx_word' id='word_1_625' title='bbox 2601 3945 2795 4015; x_wconf 78' lang='grc' dir='ltr'>ἔσομαι</span> <span class='ocrx_word' id='word_1_626' title='bbox 2829 3948 3037 4011; x_wconf 86' lang='grc' dir='ltr'>αὐτοῖς,</span> <span class='ocrx_word' id='word_1_627' title='bbox 3066 3946 3214 4017; x_wconf 86' lang='grc' dir='ltr'>λέγει</span> <span class='ocrx_word' id='word_1_628' title='bbox 3246 3946 3469 4019; x_wconf 87' lang='grc' dir='ltr'>Κύριος.</span> <span class='ocrx_word' id='word_1_629' title='bbox 3504 3966 3523 4000; x_wconf 71' lang='grc' dir='ltr'><strong>ι</strong></span> <span class='ocrx_word' id='word_1_630' title='bbox 3558 3947 3756 4015; x_wconf 85' lang='grc' dir='ltr'>Συνίης</span> <span class='ocrx_word' id='word_1_631' title='bbox 3779 3941 3866 3999; x_wconf 79' lang='grc' dir='ltr'><strong>οὖν</strong></span> 
     </span>
    </p>
   </div>
   <div class='ocr_carea' id='block_1_84' title="bbox 2289 4035 3865 4107">
    <p class='ocr_par' dir='ltr' id='par_1_84' title="bbox 2289 4035 3865 4107">
     <span class='ocr_line' id='line_1_84' title="bbox 2289 4035 3865 4107; baseline 0.004 -19"><span class='ocrx_word' id='word_1_632' title='bbox 2289 4036 2437 4099; x_wconf 82' lang='grc' dir='ltr'>ὅπως</span> <span class='ocrx_word' id='word_1_633' title='bbox 2470 4037 2563 4088; x_wconf 76' lang='grc' dir='ltr'><strong>καὶ</strong></span> <span class='ocrx_word' id='word_1_634' title='bbox 2595 4036 2712 4100; x_wconf 80' lang='grc' dir='ltr'>ἑνὸς</span> <span class='ocrx_word' id='word_1_635' title='bbox 2751 4036 3036 4107; x_wconf 71' lang='grc' dir='ltr'>ἀντέχετω</span> <span class='ocrx_word' id='word_1_636' title='bbox 3079 4037 3312 4101; x_wconf 85' lang='grc' dir='ltr'>δικαίου,</span> <span class='ocrx_word' id='word_1_637' title='bbox 3359 4036 3452 4090; x_wconf 68' lang='grc' dir='ltr'><strong>καὶ</strong></span> <span class='ocrx_word' id='word_1_638' title='bbox 3493 4036 3706 4100; x_wconf 84' lang='grc' dir='ltr'>πόλεως</span> <span class='ocrx_word' id='word_1_639' title='bbox 3748 4035 3865 4103; x_wconf 81' lang='grc' dir='ltr'>ὅλης</span> 
     </span>
    </p>
   </div>
   <div class='ocr_carea' id='block_1_85' title="bbox 2290 4128 3865 4202">
    <p class='ocr_par' dir='ltr' id='par_1_85' title="bbox 2290 4128 3865 4202">
     <span class='ocr_line' id='line_1_85' title="bbox 2290 4128 3865 4202; baseline -0.001 -22"><span class='ocrx_word' id='word_1_640' title='bbox 2290 4129 2727 4199; x_wconf 83' lang='grc' dir='ltr'>ὑπερευχόμενον</span> <span class='ocrx_word' id='word_1_641' title='bbox 2758 4130 2819 4183; x_wconf 86' lang='grc' dir='ltr'><strong>ού</strong></span> <span class='ocrx_word' id='word_1_642' title='bbox 2856 4132 3124 4202; x_wconf 82' lang='grc' dir='ltr'>περιορᾷ·</span> <span class='ocrx_word' id='word_1_643' title='bbox 3161 4130 3276 4183; x_wconf 80' lang='grc' dir='ltr'>ἀλλ’</span> <span class='ocrx_word' id='word_1_644' title='bbox 3303 4130 3479 4193; x_wconf 70' lang='grc' dir='ltr'>οὐδεὶς</span> <span class='ocrx_word' id='word_1_645' title='bbox 3519 4128 3673 4199; x_wconf 80' lang='grc' dir='ltr'>αὐτῷ</span> <span class='ocrx_word' id='word_1_646' title='bbox 3719 4129 3865 4195; x_wconf 83' lang='grc' dir='ltr'>λόγος</span> 
     </span>
    </p>
   </div>
   <div class='ocr_carea' id='block_1_86' title="bbox 2290 4218 3864 4293">
    <p class='ocr_par' dir='ltr' id='par_1_86' title="bbox 2290 4218 3864 4293">
     <span class='ocr_line' id='line_1_86' title="bbox 2290 4218 3864 4293; baseline -0.002 -19"><span class='ocrx_word' id='word_1_647' title='bbox 2290 4221 2384 4275; x_wconf 75' lang='grc' dir='ltr'>καὶ</span> <span class='ocrx_word' id='word_1_648' title='bbox 2428 4220 2799 4293; x_wconf 81' lang='grc' dir='ltr'>ἀναριθμήτου</span> <span class='ocrx_word' id='word_1_649' title='bbox 2830 4221 3088 4293; x_wconf 78' lang='grc' dir='ltr'>πληθύος,</span> <span class='ocrx_word' id='word_1_650' title='bbox 3119 4222 3193 4286; x_wconf 84' lang='grc' dir='ltr'>ὡς</span> <span class='ocrx_word' id='word_1_651' title='bbox 3234 4221 3389 4292; x_wconf 74' lang='grc' dir='ltr'>ἔφην,</span> <span class='ocrx_word' id='word_1_652' title='bbox 3418 4222 3467 4273; x_wconf 86' lang='grc' dir='ltr'><strong>εί</strong></span> <span class='ocrx_word' id='word_1_653' title='bbox 3504 4219 3680 4291; x_wconf 81' lang='grc' dir='ltr'>ὁρῷτο</span> <span class='ocrx_word' id='word_1_654' title='bbox 3708 4218 3864 4289; x_wconf 74' lang='grc' dir='ltr'>βέϐη-</span> 
     </span>
    </p>
   </div>
   <div class='ocr_carea' id='block_1_87' title="bbox 2289 4310 3865 4385">
    <p class='ocr_par' dir='ltr' id='par_1_87' title="bbox 2289 4310 3865 4385">
     <span class='ocr_line' id='line_1_87' title="bbox 2289 4310 3865 4385; baseline -0.003 -19"><span class='ocrx_word' id='word_1_655' title='bbox 2289 4314 2399 4379; x_wconf 86' lang='grc' dir='ltr'>λος,</span> <span class='ocrx_word' id='word_1_656' title='bbox 2433 4316 2528 4368; x_wconf 69' lang='grc' dir='ltr'><strong>καὶ</strong></span> <span class='ocrx_word' id='word_1_657' title='bbox 2566 4313 2913 4367; x_wconf 87' lang='grc' dir='ltr'>ἀπονεύσασα</span> <span class='ocrx_word' id='word_1_658' title='bbox 2946 4313 3084 4385; x_wconf 82' lang='grc' dir='ltr'>πρὸς</span> <span class='ocrx_word' id='word_1_659' title='bbox 3108 4314 3169 4367; x_wconf 84' lang='grc' dir='ltr'><strong>τὸ</strong></span> <span class='ocrx_word' id='word_1_660' title='bbox 3204 4314 3439 4382; x_wconf 81' lang='grc' dir='ltr'>φαῦλον,</span> <span class='ocrx_word' id='word_1_661' title='bbox 3471 4315 3565 4367; x_wconf 78' lang='grc' dir='ltr'>καὶ</span> <span class='ocrx_word' id='word_1_662' title='bbox 3594 4317 3718 4377; x_wconf 86' lang='grc' dir='ltr'>ταῖς</span> <span class='ocrx_word' id='word_1_663' title='bbox 3764 4310 3865 4364; x_wconf 85' lang='grc' dir='ltr'><strong>τῶν</strong></span> 
     </span>
    </p>
   </div>
   <div class='ocr_carea' id='block_1_88' title="bbox 2289 4405 3506 4479">
    <p class='ocr_par' dir='ltr' id='par_1_88' title="bbox 2289 4405 3506 4479">
     <span class='ocr_line' id='line_1_88' title="bbox 2289 4405 3506 4479; baseline 0.001 -19"><span class='ocrx_word' id='word_1_664' title='bbox 2289 4406 2583 4477; x_wconf 86' lang='grc' dir='ltr'>δαιμονίων</span> <span class='ocrx_word' id='word_1_665' title='bbox 2615 4406 2853 4469; x_wconf 81' lang='grc' dir='ltr'>ἀπάταις</span> <span class='ocrx_word' id='word_1_666' title='bbox 2879 4406 3087 4476; x_wconf 82' lang='grc' dir='ltr'>ἀγρίως</span> <span class='ocrx_word' id='word_1_667' title='bbox 3116 4405 3506 4479; x_wconf 85' lang='grc' dir='ltr'>ὲνειλημμένη.</span> 
     </span>
    </p>
   </div>
   <div class='ocr_carea' id='block_1_89' title="bbox 2358 4493 3859 4569">
    <p class='ocr_par' dir='ltr' id='par_1_89' title="bbox 2358 4493 3859 4569">
     <span class='ocr_line' id='line_1_89' title="bbox 2358 4493 3859 4569; baseline -0.001 -17"><span class='ocrx_word' id='word_1_668' title='bbox 2358 4497 2470 4552; x_wconf 77' lang='grc' dir='ltr'><strong>Καὶ</strong></span> <span class='ocrx_word' id='word_1_669' title='bbox 2521 4498 2715 4563; x_wconf 77' lang='grc' dir='ltr'>ἔσται,</span> <span class='ocrx_word' id='word_1_670' title='bbox 2752 4497 2922 4562; x_wconf 77' lang='grc' dir='ltr'><strong>ἐντῷ</strong></span> <span class='ocrx_word' id='word_1_671' title='bbox 2952 4498 3114 4565; x_wconf 83' lang='grc' dir='ltr'>τόπῳ</span> <span class='ocrx_word' id='word_1_672' title='bbox 3153 4493 3225 4554; x_wconf 83' lang='grc' dir='ltr'>οὗ</span> <span class='ocrx_word' id='word_1_673' title='bbox 3269 4500 3479 4569; x_wconf 78' lang='grc' dir='ltr'>ἐῤῥέθη</span> <span class='ocrx_word' id='word_1_674' title='bbox 3523 4499 3748 4567; x_wconf 82' lang='grc' dir='ltr'>αὐτοῖς,</span> <span class='ocrx_word' id='word_1_675' title='bbox 3787 4500 3859 4551; x_wconf 75' lang='lat' dir='ltr'><strong>Ot‘.</strong></span> 
     </span>
    </p>
   </div>
   <div class='ocr_carea' id='block_1_90' title="bbox 608 4584 2184 4666">
    <p class='ocr_par' dir='ltr' id='par_1_90' title="bbox 608 4584 2112 4655">
     <span class='ocr_line' id='line_1_90' title="bbox 608 4584 2112 4655; baseline 0.001 -18"><span class='ocrx_word' id='word_1_676' title='bbox 608 4586 689 4640; x_wconf 75' lang='lat' dir='ltr'><strong>lus</strong></span> <span class='ocrx_word' id='word_1_677' title='bbox 719 4602 863 4639; x_wconf 77' lang='lat' dir='ltr'><strong>meus</strong></span> <span class='ocrx_word' id='word_1_678' title='bbox 894 4603 1005 4649; x_wconf 72' lang='lat' dir='ltr'><strong>vos,</strong></span> <span class='ocrx_word' id='word_1_679' title='bbox 1049 4588 1371 4640; x_wconf 80' lang='lat' dir='ltr'><strong>vocabuntur</strong></span> <span class='ocrx_word' id='word_1_680' title='bbox 1410 4595 1457 4640; x_wconf 79' lang='grc' dir='ltr'><strong>ει</strong></span> <span class='ocrx_word' id='word_1_681' title='bbox 1485 4586 1585 4655; x_wconf 78' lang='lat' dir='ltr'><strong>ipsi</strong></span> <span class='ocrx_word' id='word_1_682' title='bbox 1629 4585 1729 4655; x_wconf 74' lang='lat' dir='ltr'><strong>ﬁlii</strong></span> <span class='ocrx_word' id='word_1_683' title='bbox 1755 4584 1853 4638; x_wconf 82' lang='lat' dir='ltr'><strong>Dei</strong></span> <span class='ocrx_word' id='word_1_684' title='bbox 1876 4586 2112 4639; x_wconf 79' lang='lat' dir='ltr'><strong>viventis.</strong></span> 
     </span>
    </p>
   </div>
   <div class='ocr_carea' id='block_1_91' title="bbox 2287 4584 3862 4666">
    <p class='ocr_par' dir='ltr' id='par_1_91' title="bbox 2288 4586 3862 4658">
     <span class='ocr_line' id='line_1_91' title="bbox 2288 4586 3862 4658; baseline -0.001 -16"><span class='ocrx_word' id='word_1_685' title='bbox 2288 4589 2438 4653; x_wconf 77' lang='grc' dir='ltr'>λαός</span> <span class='ocrx_word' id='word_1_686' title='bbox 2462 4605 2581 4655; x_wconf 87' lang='grc' dir='ltr'><strong>μου</strong></span> <span class='ocrx_word' id='word_1_687' title='bbox 2612 4587 2801 4658; x_wconf 77' lang='grc' dir='ltr'>ὑμεῖς,</span> <span class='ocrx_word' id='word_1_688' title='bbox 2833 4586 3244 4655; x_wconf 75' lang='grc' dir='ltr'>κληθήσονται</span> <span class='ocrx_word' id='word_1_689' title='bbox 3272 4589 3369 4644; x_wconf 76' lang='grc' dir='ltr'>καὶ</span> <span class='ocrx_word' id='word_1_690' title='bbox 3389 4589 3557 4644; x_wconf 83' lang='grc' dir='ltr'>αὐτοὶ</span> <span class='ocrx_word' id='word_1_691' title='bbox 3585 4590 3704 4645; x_wconf 78' lang='grc' dir='ltr'>υἱοὶ</span> <span class='ocrx_word' id='word_1_692' title='bbox 3723 4586 3862 4644; x_wconf 85' lang='grc' dir='ltr'>Θεοῦ</span> 
     </span>
    </p>
   </div>
   <div class='ocr_carea' id='block_1_92' title="bbox 680 4762 2189 4821">
    <p class='ocr_par' dir='ltr' id='par_1_92' title="bbox 680 4762 2189 4821">
     <span class='ocr_line' id='line_1_92' title="bbox 680 4762 2189 4821; baseline 0 -4"><span class='ocrx_word' id='word_1_693' title='bbox 680 4762 815 4818; x_wconf 85' lang='lat' dir='ltr'><strong>VIII.</strong></span> <span class='ocrx_word' id='word_1_694' title='bbox 851 4764 1191 4820; x_wconf 84' lang='lat' dir='ltr'><strong>Vicinissima</strong></span> <span class='ocrx_word' id='word_1_695' title='bbox 1225 4775 1309 4820; x_wconf 90' lang='lat' dir='ltr'><strong>est</strong></span> <span class='ocrx_word' id='word_1_696' title='bbox 1336 4765 1429 4821; x_wconf 64' lang='lat' dir='ltr'><strong>irae</strong></span> <span class='ocrx_word' id='word_1_697' title='bbox 1452 4764 1807 4821; x_wconf 64' lang='lat' dir='ltr'><strong>severissimae</strong></span> <span class='ocrx_word' id='word_1_698' title='bbox 1851 4779 2036 4819; x_wconf 91' lang='lat' dir='ltr'><strong>rerum</strong></span> <span class='ocrx_word' id='word_1_699' title='bbox 2093 4763 2189 4818; x_wconf 89' lang='lat' dir='ltr'><strong>tri-</strong></span> 
     </span>
    </p>
   </div>
   <div class='ocr_carea' id='block_1_93' title="bbox 2322 4696 2527 4732">
    <p class='ocr_par' dir='ltr' id='par_1_93' title="bbox 2322 4696 2527 4732">
     <span class='ocr_line' id='line_1_93' title="bbox 2322 4696 2527 4732; baseline 0.005 -1"><span class='ocrx_word' id='word_1_700' title='bbox 2322 4696 2508 4732; x_wconf 73' lang='grc' dir='ltr'>ωντοσ</span> <span class='ocrx_word' id='word_1_701' title='bbox 2515 4719 2527 4732; x_wconf 86' lang='grc'><strong>.</strong></span> 
     </span>
    </p>
   </div>
   <div class='ocr_carea' id='block_1_94' title="bbox 2293 4678 3861 4843">
    <p class='ocr_par' dir='ltr' id='par_1_94' title="bbox 2293 4678 3861 4843">
     <span class='ocr_line' id='line_1_94' title="bbox 2322 4692 3705 4732; baseline 0.001 -1"><span class='ocrx_word' id='word_1_702' title='bbox 2322 4696 2472 4732; x_wconf 78' lang='grc' dir='ltr'><strong>ωντο</strong></span> <span class='ocrx_word' id='word_1_703' title='bbox 2515 4719 2527 4732; x_wconf 94' lang='grc'><strong>.</strong></span> <span class='ocrx_word' id='word_1_704' title='bbox 3696 4692 3705 4696; x_wconf 83' lang='grc'><em>”</em></span> 
     </span>
     <span class='ocr_line' id='line_1_95' title="bbox 2293 4678 3861 4843; baseline 0.001 -21"><span class='ocrx_word' id='word_1_705' title='bbox 2293 4678 2332 4739; x_wconf 63' lang='grc' dir='ltr'><em>ζ</em></span> <span class='ocrx_word' id='word_1_706' title='bbox 2364 4769 2447 4823; x_wconf 83' lang='lat' dir='ltr'><strong>H&#39;.</strong></span> <span class='ocrx_word' id='word_1_707' title='bbox 2478 4700 2698 4837; x_wconf 60' lang='grc' dir='ltr'><strong>ςζΕγγὺς</strong></span> <span class='ocrx_word' id='word_1_708' title='bbox 2724 4768 2788 4840; x_wconf 82' lang='grc' dir='ltr'><strong>δὴ</strong></span> <span class='ocrx_word' id='word_1_709' title='bbox 2823 4769 3028 4841; x_wconf 81' lang='grc' dir='ltr'>σφόδρα</span> <span class='ocrx_word' id='word_1_710' title='bbox 3060 4772 3178 4834; x_wconf 87' lang='grc' dir='ltr'>ταῖς</span> <span class='ocrx_word' id='word_1_711' title='bbox 3206 4770 3660 4842; x_wconf 82' lang='grc' dir='ltr'>ἀποτομωτάταις</span> <span class='ocrx_word' id='word_1_712' title='bbox 3683 4772 3861 4843; x_wconf 82' lang='grc' dir='ltr'>ὀργαῖς</span> 
     </span>
    </p>
   </div>
   <div class='ocr_carea' id='block_1_95' title="bbox 608 4855 2184 4933">
    <p class='ocr_par' dir='ltr' id='par_1_95' title="bbox 608 4855 2184 4925">
     <span class='ocr_line' id='line_1_96' title="bbox 608 4855 2184 4925; baseline -0.001 -16"><span class='ocrx_word' id='word_1_713' title='bbox 608 4856 771 4909; x_wconf 91' lang='lat' dir='ltr'><strong>stium</strong></span> <span class='ocrx_word' id='word_1_714' title='bbox 808 4856 1081 4925; x_wconf 86' lang='lat' dir='ltr'><strong>depulsio,</strong></span> <span class='ocrx_word' id='word_1_715' title='bbox 1118 4864 1172 4911; x_wconf 90' lang='lat' dir='ltr'><strong>et</strong></span> <span class='ocrx_word' id='word_1_716' title='bbox 1229 4855 1595 4911; x_wconf 89' lang='lat' dir='ltr'><strong>calamitatum</strong></span> <span class='ocrx_word' id='word_1_717' title='bbox 1651 4856 1773 4911; x_wconf 87' lang='lat' dir='ltr'><strong>linis</strong></span> <span class='ocrx_word' id='word_1_718' title='bbox 1844 4855 2184 4909; x_wconf 88' lang='lat' dir='ltr'><strong>continenter</strong></span> 
     </span>
    </p>
   </div>
   <div class='ocr_carea' id='block_1_96' title="bbox 2287 4855 3861 4933">
    <p class='ocr_par' dir='ltr' id='par_1_96' title="bbox 2292 4859 3861 4933">
     <span class='ocr_line' id='line_1_97' title="bbox 2292 4859 3861 4933; baseline 0 -20"><span class='ocrx_word' id='word_1_719' title='bbox 2292 4860 2401 4914; x_wconf 88' lang='grc' dir='ltr'><strong>τῶν</strong></span> <span class='ocrx_word' id='word_1_720' title='bbox 2428 4859 2667 4933; x_wconf 88' lang='grc' dir='ltr'>ἀνιαρῶν</span> <span class='ocrx_word' id='word_1_721' title='bbox 2714 4863 2747 4933; x_wconf 83' lang='grc' dir='ltr'>ἡ</span> <span class='ocrx_word' id='word_1_722' title='bbox 2796 4860 2971 4927; x_wconf 89' lang='grc' dir='ltr'>λύσις,</span> <span class='ocrx_word' id='word_1_723' title='bbox 3015 4861 3110 4914; x_wconf 72' lang='grc' dir='ltr'>καὶ</span> <span class='ocrx_word' id='word_1_724' title='bbox 3146 4860 3252 4916; x_wconf 89' lang='grc' dir='ltr'><strong>τῶν</strong></span> <span class='ocrx_word' id='word_1_725' title='bbox 3286 4862 3626 4932; x_wconf 87' lang='grc' dir='ltr'>σκυθρωπῶν</span> <span class='ocrx_word' id='word_1_726' title='bbox 3664 4862 3724 4916; x_wconf 77' lang='grc' dir='ltr'><strong>τὸ</strong></span> <span class='ocrx_word' id='word_1_727' title='bbox 3768 4861 3861 4914; x_wconf 83' lang='grc' dir='ltr'>πέ-</span> 
     </span>
    </p>
   </div>
   <div class='ocr_carea' id='block_1_97' title="bbox 608 4944 2184 5025">
    <p class='ocr_par' dir='ltr' id='par_1_97' title="bbox 608 4944 2184 5018">
     <span class='ocr_line' id='line_1_98' title="bbox 608 4944 2184 5018; baseline 0.001 -19"><span class='ocrx_word' id='word_1_728' title='bbox 608 4946 925 5014; x_wconf 76' lang='lat' dir='ltr'><strong>Spondetur.</strong></span> <span class='ocrx_word' id='word_1_729' title='bbox 978 4945 1281 5015; x_wconf 86' lang='lat' dir='ltr'><strong>Aliquando</strong></span> <span class='ocrx_word' id='word_1_730' title='bbox 1342 4948 1483 5001; x_wconf 90' lang='lat' dir='ltr'><strong>enim</strong></span> <span class='ocrx_word' id='word_1_731' title='bbox 1538 4947 1809 5018; x_wconf 80' lang='lat' dir='ltr'><strong>abjectum</strong></span> <span class='ocrx_word' id='word_1_732' title='bbox 1839 4960 1903 5000; x_wconf 92' lang='lat' dir='ltr'><strong>ac</strong></span> <span class='ocrx_word' id='word_1_733' title='bbox 1935 4944 2184 5015; x_wconf 85' lang='lat' dir='ltr'><strong>repudia-</strong></span> 
     </span>
    </p>
   </div>
   <div class='ocr_carea' id='block_1_98' title="bbox 2287 4944 3861 5025">
    <p class='ocr_par' dir='ltr' id='par_1_98' title="bbox 2294 4952 3861 5025">
     <span class='ocr_line' id='line_1_99' title="bbox 2294 4952 3861 5025; baseline 0.002 -22"><span class='ocrx_word' id='word_1_734' title='bbox 2294 4968 2413 5021; x_wconf 91' lang='grc' dir='ltr'>ρας,</span> <span class='ocrx_word' id='word_1_735' title='bbox 2452 4952 2575 5005; x_wconf 80' lang='grc' dir='ltr'>ὅσον</span> <span class='ocrx_word' id='word_1_736' title='bbox 2606 4952 2732 5023; x_wconf 79' lang='grc' dir='ltr'>ἥκει</span> <span class='ocrx_word' id='word_1_737' title='bbox 2766 4954 2846 5017; x_wconf 85' lang='grc' dir='ltr'>εἰς</span> <span class='ocrx_word' id='word_1_738' title='bbox 2875 4952 3088 5022; x_wconf 89' lang='grc' dir='ltr'>λόγους,</span> <span class='ocrx_word' id='word_1_739' title='bbox 3121 4954 3182 5007; x_wconf 85' lang='grc' dir='ltr'><strong>οὐ</strong></span> <span class='ocrx_word' id='word_1_740' title='bbox 3216 4955 3451 5025; x_wconf 82' lang='grc' dir='ltr'>μακράν.</span> <span class='ocrx_word' id='word_1_741' title='bbox 3487 4956 3605 5008; x_wconf 86' lang='grc' dir='ltr'>’Ότι</span> <span class='ocrx_word' id='word_1_742' title='bbox 3631 4955 3733 5024; x_wconf 86' lang='grc' dir='ltr'>μὲν</span> <span class='ocrx_word' id='word_1_743' title='bbox 3760 4952 3861 5024; x_wconf 86' lang='grc' dir='ltr'><strong>γάρ</strong></span> 
     </span>
    </p>
   </div>
   <div class='ocr_carea' id='block_1_99' title="bbox 611 5038 2184 5117">
    <p class='ocr_par' dir='ltr' id='par_1_99' title="bbox 611 5038 2184 5110">
     <span class='ocr_line' id='line_1_100' title="bbox 611 5038 2184 5110; baseline -0.002 -16"><span class='ocrx_word' id='word_1_744' title='bbox 611 5050 724 5094; x_wconf 89' lang='lat' dir='ltr'><strong>tum</strong></span> <span class='ocrx_word' id='word_1_745' title='bbox 774 5039 837 5093; x_wconf 90' lang='lat' dir='ltr'><strong>iri</strong></span> <span class='ocrx_word' id='word_1_746' title='bbox 868 5038 1027 5093; x_wconf 80' lang='lat' dir='ltr'><strong>lsrael</strong></span> <span class='ocrx_word' id='word_1_747' title='bbox 1058 5040 1258 5095; x_wconf 91' lang='lat' dir='ltr'><strong>diserte</strong></span> <span class='ocrx_word' id='word_1_748' title='bbox 1292 5039 1697 5110; x_wconf 63' lang='lat' dir='ltr'><strong>praenuntiavit,</strong></span> <span class='ocrx_word' id='word_1_749' title='bbox 1733 5048 1791 5093; x_wconf 91' lang='lat' dir='ltr'><strong>ut.</strong></span> <span class='ocrx_word' id='word_1_750' title='bbox 1818 5041 1978 5095; x_wconf 87' lang='lat' dir='ltr'><strong>modo</strong></span> <span class='ocrx_word' id='word_1_751' title='bbox 2008 5047 2184 5093; x_wconf 89' lang='lat' dir='ltr'><strong>osten-</strong></span> 
     </span>
    </p>
   </div>
   <div class='ocr_carea' id='block_1_100' title="bbox 2287 5038 3860 5117">
    <p class='ocr_par' dir='ltr' id='par_1_100' title="bbox 2288 5041 3860 5117">
     <span class='ocr_line' id='line_1_101' title="bbox 2288 5041 3860 5117; baseline 0.002 -23"><span class='ocrx_word' id='word_1_752' title='bbox 2288 5042 2441 5096; x_wconf 81' lang='grc' dir='ltr'>ἔσται</span> <span class='ocrx_word' id='word_1_753' title='bbox 2476 5041 2619 5097; x_wconf 84' lang='grc' dir='ltr'>κατὰ</span> <span class='ocrx_word' id='word_1_754' title='bbox 2648 5045 2873 5116; x_wconf 79' lang='grc' dir='ltr'>καιροὺς</span> <span class='ocrx_word' id='word_1_755' title='bbox 2904 5044 3209 5114; x_wconf 78' lang='grc' dir='ltr'>ἀπόϐλητος</span> <span class='ocrx_word' id='word_1_756' title='bbox 3240 5045 3269 5096; x_wconf 92' lang='lat'><strong>6</strong></span> <span class='ocrx_word' id='word_1_757' title='bbox 3307 5043 3539 5116; x_wconf 83' lang='grc' dir='ltr'>Ἰσραὴλ,</span> <span class='ocrx_word' id='word_1_758' title='bbox 3591 5062 3860 5117; x_wconf 86' lang='grc' dir='ltr'>προκατα·</span> 
     </span>
    </p>
   </div>
   <div class='ocr_carea' id='block_1_101' title="bbox 610 5129 2184 5211">
    <p class='ocr_par' dir='ltr' id='par_1_101' title="bbox 610 5129 2184 5199">
     <span class='ocr_line' id='line_1_102' title="bbox 610 5129 2184 5199; baseline -0.003 -12"><span class='ocrx_word' id='word_1_759' title='bbox 610 5131 827 5187; x_wconf 88' lang='lat' dir='ltr'><strong>dimus:</strong></span> <span class='ocrx_word' id='word_1_760' title='bbox 870 5140 924 5184; x_wconf 90' lang='lat' dir='ltr'><strong>at</strong></span> <span class='ocrx_word' id='word_1_761' title='bbox 952 5146 1054 5185; x_wconf 91' lang='lat' dir='ltr'><strong>non</strong></span> <span class='ocrx_word' id='word_1_762' title='bbox 1088 5140 1260 5185; x_wconf 88' lang='lat' dir='ltr'><strong>totum</strong></span> <span class='ocrx_word' id='word_1_763' title='bbox 1291 5131 1523 5186; x_wconf 88' lang='lat' dir='ltr'><strong>deletum</strong></span> <span class='ocrx_word' id='word_1_764' title='bbox 1553 5130 1641 5195; x_wconf 91' lang='lat' dir='ltr'><strong>iri,</strong></span> <span class='ocrx_word' id='word_1_765' title='bbox 1686 5145 1750 5184; x_wconf 93' lang='lat' dir='ltr'><strong>ac</strong></span> <span class='ocrx_word' id='word_1_766' title='bbox 1787 5129 2024 5183; x_wconf 78' lang='lat' dir='ltr'><strong>funditus</strong></span> <span class='ocrx_word' id='word_1_767' title='bbox 2068 5144 2184 5199; x_wconf 90' lang='lat' dir='ltr'><strong>per-</strong></span> 
     </span>
    </p>
   </div>
   <div class='ocr_carea' id='block_1_102' title="bbox 2287 5129 3859 5211">
    <p class='ocr_par' dir='ltr' id='par_1_102' title="bbox 2294 5136 3859 5211">
     <span class='ocr_line' id='line_1_103' title="bbox 2294 5136 3859 5211; baseline 0.001 -24"><span class='ocrx_word' id='word_1_768' title='bbox 2294 5138 2607 5207; x_wconf 84' lang='grc' dir='ltr'>μεμήνυκεν</span> <span class='ocrx_word' id='word_1_769' title='bbox 2638 5138 2915 5209; x_wconf 83' lang='grc' dir='ltr'>ἐναργῶς,</span> <span class='ocrx_word' id='word_1_770' title='bbox 2959 5137 3047 5191; x_wconf 79' lang='grc' dir='ltr'>διὰ</span> <span class='ocrx_word' id='word_1_771' title='bbox 3076 5137 3184 5191; x_wconf 90' lang='grc' dir='ltr'><strong>τῶν</strong></span> <span class='ocrx_word' id='word_1_772' title='bbox 3232 5139 3434 5211; x_wconf 88' lang='grc' dir='ltr'>ἀρτίως</span> <span class='ocrx_word' id='word_1_773' title='bbox 3469 5140 3598 5209; x_wconf 81' lang='grc' dir='ltr'>ἡμῖν</span> <span class='ocrx_word' id='word_1_774' title='bbox 3642 5136 3859 5211; x_wconf 83' lang='grc' dir='ltr'>είρημέ·</span> 
     </span>
    </p>
   </div>
   <div class='ocr_carea' id='block_1_103' title="bbox 612 5222 2184 5300">
    <p class='ocr_par' dir='ltr' id='par_1_103' title="bbox 612 5222 2184 5291">
     <span class='ocr_line' id='line_1_104' title="bbox 612 5222 2184 5291; baseline -0.001 -14"><span class='ocrx_word' id='word_1_775' title='bbox 612 5224 969 5287; x_wconf 89' lang='lat' dir='ltr'><strong>iturum;sed</strong></span> <span class='ocrx_word' id='word_1_776' title='bbox 1012 5234 1298 5278; x_wconf 90' lang='lat' dir='ltr'><strong>venturum</strong></span> <span class='ocrx_word' id='word_1_777' title='bbox 1361 5232 1592 5291; x_wconf 90' lang='lat' dir='ltr'><strong>tempus,</strong></span> <span class='ocrx_word' id='word_1_778' title='bbox 1651 5237 1760 5291; x_wconf 88' lang='lat' dir='ltr'><strong>quo</strong></span> <span class='ocrx_word' id='word_1_779' title='bbox 1824 5222 1892 5275; x_wconf 88' lang='lat' dir='ltr'><strong>ad</strong></span> <span class='ocrx_word' id='word_1_780' title='bbox 1946 5230 2184 5277; x_wconf 87' lang='lat' dir='ltr'><strong>veterem</strong></span> 
     </span>
    </p>
   </div>
   <div class='ocr_carea' id='block_1_104' title="bbox 2287 5222 3860 5300">
    <p class='ocr_par' dir='ltr' id='par_1_104' title="bbox 2294 5226 3860 5300">
     <span class='ocr_line' id='line_1_105' title="bbox 2294 5226 3860 5300; baseline 0.002 -23"><span class='ocrx_word' id='word_1_781' title='bbox 2294 5240 2421 5278; x_wconf 84' lang='grc' dir='ltr'>νων’</span> <span class='ocrx_word' id='word_1_782' title='bbox 2449 5226 2529 5279; x_wconf 88' lang='grc' dir='ltr'>ὃτι</span> <span class='ocrx_word' id='word_1_783' title='bbox 2561 5227 2617 5279; x_wconf 84' lang='grc' dir='ltr'>δὲ</span> <span class='ocrx_word' id='word_1_784' title='bbox 2669 5228 2769 5281; x_wconf 83' lang='grc' dir='ltr'><strong>οὐκ</strong></span> <span class='ocrx_word' id='word_1_785' title='bbox 2818 5227 3051 5281; x_wconf 85' lang='grc' dir='ltr'>είσάπαν</span> <span class='ocrx_word' id='word_1_786' title='bbox 3101 5230 3378 5300; x_wconf 81' lang='grc' dir='ltr'>οἰχήσεται</span> <span class='ocrx_word' id='word_1_787' title='bbox 3406 5270 3421 5296; x_wconf 91' lang='grc'><strong>,</strong></span> <span class='ocrx_word' id='word_1_788' title='bbox 3456 5230 3550 5283; x_wconf 74' lang='grc' dir='ltr'><strong>καὶ</strong></span> <span class='ocrx_word' id='word_1_789' title='bbox 3586 5231 3860 5284; x_wconf 84' lang='grc' dir='ltr'>ἀπολεῖται</span> 
     </span>
    </p>
   </div>
   <div class='ocr_carea' id='block_1_105' title="bbox 610 5311 2184 5392">
    <p class='ocr_par' dir='ltr' id='par_1_105' title="bbox 610 5311 2182 5385">
     <span class='ocr_line' id='line_1_106' title="bbox 610 5311 2182 5385; baseline -0.002 -17"><span class='ocrx_word' id='word_1_790' title='bbox 610 5322 815 5368; x_wconf 88' lang='lat' dir='ltr'><strong>statum</strong></span> <span class='ocrx_word' id='word_1_791' title='bbox 844 5316 1123 5385; x_wconf 84' lang='lat' dir='ltr'><strong>dignitatis</strong></span> <span class='ocrx_word' id='word_1_792' title='bbox 1182 5323 1546 5378; x_wconf 91' lang='lat' dir='ltr'><strong>revertantur,</strong></span> <span class='ocrx_word' id='word_1_793' title='bbox 1598 5311 1804 5382; x_wconf 88' lang='lat' dir='ltr'><strong>Deique</strong></span> <span class='ocrx_word' id='word_1_794' title='bbox 1853 5313 2182 5368; x_wconf 88' lang='lat' dir='ltr'><strong>cbaritatem</strong></span> 
     </span>
    </p>
   </div>
   <div class='ocr_carea' id='block_1_106' title="bbox 2287 5311 3860 5392">
    <p class='ocr_par' dir='ltr' id='par_1_106' title="bbox 2287 5315 3860 5392">
     <span class='ocr_line' id='line_1_107' title="bbox 2287 5315 3860 5392; baseline 0.002 -24"><span class='ocrx_word' id='word_1_795' title='bbox 2287 5315 2584 5381; x_wconf 83' lang='grc' dir='ltr'>παντελῶς,</span> <span class='ocrx_word' id='word_1_796' title='bbox 2617 5318 2732 5371; x_wconf 86' lang='grc' dir='ltr'>ἀλλ’</span> <span class='ocrx_word' id='word_1_797' title='bbox 2771 5317 2920 5370; x_wconf 80' lang='grc' dir='ltr'>ἔσται</span> <span class='ocrx_word' id='word_1_798' title='bbox 2946 5336 3031 5383; x_wconf 88' lang='grc' dir='ltr'><strong>τις</strong></span> <span class='ocrx_word' id='word_1_799' title='bbox 3065 5320 3249 5383; x_wconf 84' lang='grc' dir='ltr'>αὐτοῖς</span> <span class='ocrx_word' id='word_1_800' title='bbox 3282 5321 3383 5391; x_wconf 78' lang='grc' dir='ltr'>τῆς</span> <span class='ocrx_word' id='word_1_801' title='bbox 3425 5323 3506 5384; x_wconf 86' lang='grc' dir='ltr'><strong>είς</strong></span> <span class='ocrx_word' id='word_1_802' title='bbox 3539 5322 3600 5375; x_wconf 83' lang='grc' dir='ltr'><strong>τὸ</strong></span> <span class='ocrx_word' id='word_1_803' title='bbox 3641 5324 3860 5392; x_wconf 84' lang='grc' dir='ltr'>ἀρχαῖον</span> 
     </span>
    </p>
   </div>
   <div class='ocr_carea' id='block_1_107' title="bbox 610 5404 2184 5487">
    <p class='ocr_par' dir='ltr' id='par_1_107' title="bbox 610 5404 2184 5477">
     <span class='ocr_line' id='line_1_108' title="bbox 610 5404 2184 5477; baseline -0.001 -18"><span class='ocrx_word' id='word_1_804' title='bbox 610 5406 888 5477; x_wconf 79' lang='lat' dir='ltr'><strong>recipiant,</strong></span> <span class='ocrx_word' id='word_1_805' title='bbox 945 5422 1041 5477; x_wconf 89' lang='lat' dir='ltr'><strong>per</strong></span> <span class='ocrx_word' id='word_1_806' title='bbox 1079 5406 1237 5461; x_wconf 83' lang='lat' dir='ltr'><strong>[idem</strong></span> <span class='ocrx_word' id='word_1_807' title='bbox 1273 5406 1363 5472; x_wconf 66' lang='lat' dir='ltr'><strong>,in</strong></span> <span class='ocrx_word' id='word_1_808' title='bbox 1422 5404 1698 5459; x_wconf 90' lang='lat' dir='ltr'><strong>Christum</strong></span> <span class='ocrx_word' id='word_1_809' title='bbox 1747 5404 2019 5471; x_wconf 88' lang='lat' dir='ltr'><strong>videlicet,</strong></span> <span class='ocrx_word' id='word_1_810' title='bbox 2077 5405 2184 5475; x_wconf 76' lang='lat'><strong>28</strong></span> 
     </span>
    </p>
   </div>
   <div class='ocr_carea' id='block_1_108' title="bbox 2287 5404 3852 5487">
    <p class='ocr_par' dir='ltr' id='par_1_108' title="bbox 2287 5409 3852 5487">
     <span class='ocr_line' id='line_1_109' title="bbox 2287 5409 3852 5487; baseline 0.003 -25"><span class='ocrx_word' id='word_1_811' title='bbox 2287 5409 2596 5480; x_wconf 82' lang='grc' dir='ltr'>ἀναδρομῆς</span> <span class='ocrx_word' id='word_1_812' title='bbox 2618 5413 2644 5463; x_wconf 89' lang='lat'><strong>6</strong></span> <span class='ocrx_word' id='word_1_813' title='bbox 2667 5411 2876 5482; x_wconf 78' lang='grc' dir='ltr'>καιρὸς,</span> <span class='ocrx_word' id='word_1_814' title='bbox 2914 5413 3007 5465; x_wconf 70' lang='grc' dir='ltr'><strong>καὶ</strong></span> <span class='ocrx_word' id='word_1_815' title='bbox 3030 5413 3130 5479; x_wconf 81' lang='grc' dir='ltr'><strong>τῆς</strong></span> <span class='ocrx_word' id='word_1_816' title='bbox 3155 5415 3235 5473; x_wconf 85' lang='grc' dir='ltr'><strong>είς</strong></span> <span class='ocrx_word' id='word_1_817' title='bbox 3252 5414 3384 5467; x_wconf 85' lang='grc' dir='ltr'>Θεὸν</span> <span class='ocrx_word' id='word_1_818' title='bbox 3417 5415 3639 5487; x_wconf 84' lang='grc' dir='ltr'>ἀγάπης</span> <span class='ocrx_word' id='word_1_819' title='bbox 3668 5413 3852 5483; x_wconf 83' lang='grc' dir='ltr'>ἀνάλη-</span> 
     </span>
    </p>
   </div>
   <div class='ocr_carea' id='block_1_109' title="bbox 509 5498 2184 5577">
    <p class='ocr_par' dir='ltr' id='par_1_109' title="bbox 509 5498 2184 5569">
     <span class='ocr_line' id='line_1_110' title="bbox 509 5498 2184 5569; baseline 0.001 -19"><span class='ocrx_word' id='word_1_820' title='bbox 509 5501 512 5505; x_wconf 78' lang='grc'>’</span> <span class='ocrx_word' id='word_1_821' title='bbox 610 5513 823 5553; x_wconf 90' lang='lat' dir='ltr'><strong>rursum</strong></span> <span class='ocrx_word' id='word_1_822' title='bbox 857 5507 1006 5553; x_wconf 88' lang='lat' dir='ltr'><strong>certo</strong></span> <span class='ocrx_word' id='word_1_823' title='bbox 1048 5499 1351 5569; x_wconf 90' lang='lat' dir='ltr'><strong>pollicetur.</strong></span> <span class='ocrx_word' id='word_1_824' title='bbox 1387 5498 1665 5553; x_wconf 87' lang='lat' dir='ltr'><strong>Debebant</strong></span> <span class='ocrx_word' id='word_1_825' title='bbox 1696 5499 1864 5563; x_wconf 90' lang='lat' dir='ltr'><strong>enim,</strong></span> <span class='ocrx_word' id='word_1_826' title='bbox 1922 5498 2184 5555; x_wconf 87' lang='lat' dir='ltr'><strong>debebant</strong></span> 
     </span>
    </p>
   </div>
   <div class='ocr_carea' id='block_1_110' title="bbox 2287 5498 3858 5577">
    <p class='ocr_par' dir='ltr' id='par_1_110' title="bbox 2287 5499 3858 5577">
     <span class='ocr_line' id='line_1_111' title="bbox 2287 5499 3858 5577; baseline 0.003 -24"><span class='ocrx_word' id='word_1_827' title='bbox 2287 5499 2396 5569; x_wconf 66' lang='lat' dir='ltr'><strong>Lj/tg,</strong></span> <span class='ocrx_word' id='word_1_828' title='bbox 2428 5502 2515 5555; x_wconf 80' lang='grc' dir='ltr'>διὰ</span> <span class='ocrx_word' id='word_1_829' title='bbox 2561 5502 2795 5565; x_wconf 82' lang='grc' dir='ltr'>πίστεως</span> <span class='ocrx_word' id='word_1_830' title='bbox 2819 5503 3020 5574; x_wconf 84' lang='grc' dir='ltr'>δηλαδὴ</span> <span class='ocrx_word' id='word_1_831' title='bbox 3050 5505 3150 5575; x_wconf 83' lang='grc' dir='ltr'><strong>τῆς</strong></span> <span class='ocrx_word' id='word_1_832' title='bbox 3188 5507 3267 5569; x_wconf 85' lang='grc' dir='ltr'>εἰς</span> <span class='ocrx_word' id='word_1_833' title='bbox 3296 5507 3552 5577; x_wconf 85' lang='grc' dir='ltr'>Χριστὸν,</span> <span class='ocrx_word' id='word_1_834' title='bbox 3587 5506 3858 5576; x_wconf 78' lang='grc' dir='ltr'>πεπληρο·</span> 
     </span>
    </p>
   </div>
   <div class='ocr_carea' id='block_1_111' title="bbox 609 5589 2184 5671">
    <p class='ocr_par' dir='ltr' id='par_1_111' title="bbox 609 5589 2183 5663">
     <span class='ocr_line' id='line_1_112' title="bbox 609 5589 2183 5663; baseline -0.001 -18"><span class='ocrx_word' id='word_1_835' title='bbox 609 5592 956 5661; x_wconf 80' lang='lat' dir='ltr'><strong>prOpheticos</strong></span> <span class='ocrx_word' id='word_1_836' title='bbox 993 5606 1271 5647; x_wconf 88' lang='lat' dir='ltr'><strong>sermones</strong></span> <span class='ocrx_word' id='word_1_837' title='bbox 1325 5589 1563 5644; x_wconf 89' lang='lat' dir='ltr'><strong>audituri</strong></span> <span class='ocrx_word' id='word_1_838' title='bbox 1638 5599 1809 5645; x_wconf 90' lang='lat' dir='ltr'><strong>totum</strong></span> <span class='ocrx_word' id='word_1_839' title='bbox 1864 5592 2183 5663; x_wconf 86' lang='lat' dir='ltr'><strong>mysterium</strong></span> 
     </span>
    </p>
   </div>
   <div class='ocr_carea' id='block_1_112' title="bbox 2287 5589 3858 5671">
    <p class='ocr_par' dir='ltr' id='par_1_112' title="bbox 2287 5592 3858 5671">
     <span class='ocr_line' id='line_1_113' title="bbox 2287 5592 3858 5671; baseline 0 -24"><span class='ocrx_word' id='word_1_840' title='bbox 2287 5592 2493 5664; x_wconf 75' lang='grc' dir='ltr'>φόρηκε</span> <span class='ocrx_word' id='word_1_841' title='bbox 2552 5594 2731 5648; x_wconf 77' lang='grc' dir='ltr'>πάλιν.</span> <span class='ocrx_word' id='word_1_842' title='bbox 2783 5596 2929 5649; x_wconf 82' lang='grc' dir='ltr'>Ἔδει</span> <span class='ocrx_word' id='word_1_843' title='bbox 2973 5597 3115 5670; x_wconf 79' lang='grc' dir='ltr'>γὰρ,</span> <span class='ocrx_word' id='word_1_844' title='bbox 3176 5598 3283 5652; x_wconf 81' lang='grc' dir='ltr'>ἔδει</span> <span class='ocrx_word' id='word_1_845' title='bbox 3335 5600 3461 5662; x_wconf 82' lang='grc' dir='ltr'>τοὺς</span> <span class='ocrx_word' id='word_1_846' title='bbox 3514 5595 3858 5671; x_wconf 83' lang='grc' dir='ltr'>προφητικῶν</span> 
     </span>
    </p>
   </div>
   <div class='ocr_carea' id='block_1_113' title="bbox 675 5792 2184 5860">
    <p class='ocr_par' dir='ltr' id='par_1_113' title="bbox 675 5792 2184 5858">
     <span class='ocr_line' id='line_1_114' title="bbox 675 5792 2184 5858; baseline 0.001 -13"><span class='ocrx_word' id='word_1_847' title='bbox 675 5792 725 5825; x_wconf 71' lang='grc' dir='ltr'>θ’</span> <span class='ocrx_word' id='word_1_848' title='bbox 764 5792 920 5850; x_wconf 87' lang='lat' dir='ltr'><strong>.loan.</strong></span> <span class='ocrx_word' id='word_1_849' title='bbox 964 5805 1056 5858; x_wconf 85' lang='lat' dir='ltr'><strong>vn,</strong></span> <span class='ocrx_word' id='word_1_850' title='bbox 1087 5795 1176 5850; x_wconf 80' lang='grc'><strong>⁸55.</strong></span> <span class='ocrx_word' id='word_1_851' title='bbox 1257 5796 1298 5824; x_wconf 72' lang='grc'><strong>⁵⁹¹</strong></span> <span class='ocrx_word' id='word_1_852' title='bbox 1339 5793 1525 5848; x_wconf 77' lang='lat' dir='ltr'><strong>Matth.</strong></span> <span class='ocrx_word' id='word_1_853' title='bbox 1564 5810 1717 5858; x_wconf 64' lang='grc' dir='ltr'>χχιιι,</span> <span class='ocrx_word' id='word_1_854' title='bbox 1751 5794 1839 5852; x_wconf 79' lang='grc'><strong>58,</strong></span> <span class='ocrx_word' id='word_1_855' title='bbox 1915 5794 2133 5849; x_wconf 73' lang='lat' dir='ltr'><strong>“Joan.</strong></span> <span class='ocrx_word' id='word_1_856' title='bbox 2159 5812 2184 5847; x_wconf 61' lang='grc' dir='ltr'><strong>κ</strong></span> 
     </span>
    </p>
   </div>
   <div class='ocr_carea' id='block_1_114' title="bbox 2287 5792 3853 5860">
    <p class='ocr_par' dir='ltr' id='par_1_114' title="bbox 2287 5793 3853 5860">
     <span class='ocr_line' id='line_1_115' title="bbox 2287 5793 3853 5860; baseline -0.001 -9"><span class='ocrx_word' id='word_1_857' title='bbox 2287 5795 2333 5860; x_wconf 88' lang='grc'>7,</span> <span class='ocrx_word' id='word_1_858' title='bbox 2366 5798 2453 5851; x_wconf 65' lang='grc'><strong>23.</strong></span> <span class='ocrx_word' id='word_1_859' title='bbox 2533 5799 2695 5853; x_wconf 70' lang='lat' dir='ltr'><strong>’“lsa.</strong></span> <span class='ocrx_word' id='word_1_860' title='bbox 2730 5815 2782 5860; x_wconf 69' lang='grc' dir='ltr'><strong>κ,</strong></span> <span class='ocrx_word' id='word_1_861' title='bbox 2820 5798 2910 5860; x_wconf 67' lang='grc'>22,</span> <span class='ocrx_word' id='word_1_862' title='bbox 2952 5799 3038 5852; x_wconf 72' lang='lat'><strong>‘25.</strong></span> <span class='ocrx_word' id='word_1_863' title='bbox 3117 5798 3285 5853; x_wconf 74' lang='lat' dir='ltr'><strong>9‘lsa.</strong></span> <span class='ocrx_word' id='word_1_864' title='bbox 3332 5815 3473 5860; x_wconf 71' lang='lat' dir='ltr'><strong>vat,</strong></span> <span class='ocrx_word' id='word_1_865' title='bbox 3517 5796 3571 5850; x_wconf 74' lang='lat'><strong>‘2.</strong></span> <span class='ocrx_word' id='word_1_866' title='bbox 3651 5796 3695 5829; x_wconf 76' lang='grc'>’⁸</span> <span class='ocrx_word' id='word_1_867' title='bbox 3723 5793 3853 5849; x_wconf 79' lang='lat' dir='ltr'><strong>Gen-</strong></span> 
     </span>
    </p>
   </div>
   <div class='ocr_carea' id='block_1_115' title="bbox 2533 5796 3571 5865">
    <p class='ocr_par' dir='ltr' id='par_1_115' title="bbox 2533 5796 3571 5865">
     <span class='ocr_line' id='line_1_116' title="bbox 2533 5796 3571 5865; baseline 0.003 -18"><span class='ocrx_word' id='word_1_868' title='bbox 2533 5799 2695 5853; x_wconf 72' lang='lat' dir='ltr'><strong>”-‘lsa.</strong></span> <span class='ocrx_word' id='word_1_869' title='bbox 2730 5815 2782 5863; x_wconf 69' lang='grc' dir='ltr'><strong>κ,</strong></span> <span class='ocrx_word' id='word_1_870' title='bbox 2820 5798 2910 5863; x_wconf 67' lang='grc'>22,</span> <span class='ocrx_word' id='word_1_871' title='bbox 2952 5799 3038 5852; x_wconf 72' lang='lat'><strong>‘25.</strong></span> <span class='ocrx_word' id='word_1_872' title='bbox 3117 5798 3285 5853; x_wconf 74' lang='lat' dir='ltr'><strong>9‘lsa.</strong></span> <span class='ocrx_word' id='word_1_873' title='bbox 3332 5815 3473 5865; x_wconf 71' lang='lat' dir='ltr'><strong>vat,</strong></span> <span class='ocrx_word' id='word_1_874' title='bbox 3517 5796 3571 5850; x_wconf 74' lang='lat'><strong>‘2.</strong></span> 
     </span>
    </p>
   </div>
   <div class='ocr_carea' id='block_1_116' title="bbox 606 5864 1361 5930">
    <p class='ocr_par' dir='ltr' id='par_1_116' title="bbox 606 5864 1361 5930">
     <span class='ocr_line' id='line_1_117' title="bbox 606 5864 1361 5930; baseline 0.004 -14"><span class='ocrx_word' id='word_1_875' title='bbox 606 5871 723 5927; x_wconf 70' lang='lat' dir='ltr'><strong>lix,</strong></span> <span class='ocrx_word' id='word_1_876' title='bbox 762 5864 845 5918; x_wconf 73' lang='grc'><strong>13.</strong></span> <span class='ocrx_word' id='word_1_877' title='bbox 920 5864 1185 5920; x_wconf 64' lang='lat' dir='ltr'><strong>“Jerem.</strong></span> <span class='ocrx_word' id='word_1_878' title='bbox 1219 5881 1268 5930; x_wconf 88' lang='lat' dir='ltr'><strong>v,</strong></span> <span class='ocrx_word' id='word_1_879' title='bbox 1316 5867 1361 5919; x_wconf 83' lang='lat' dir='ltr'><strong>l.</strong></span> 
     </span>
    </p>
   </div>
  </div>
