4094 6550
296 412 368 471 53
1221 405 1771 465 COMMENTARIUS
1810 402 1875 458 IN
1918 401 2148 456 OSSA)!
2188 399 2631 454 PROPHETAM.
3487 401 3563 463 54

300 527 595 599 μέλλοντας
632 524 959 579 ἀκούσεσθαι
988 523 1181 592 λόγων,
1209 524 1329 578 ὅλον
1368 524 1565 578 εἰδέναι
1606 521 1789 590 σαφῶς
1812 520 1874 573 τὸ

1982 519 2147 587 probe
2192 518 2578 587 perspicueque
2607 532 2956 587 cognoscere,
2995 529 3049 575 et
3087 521 3283 576 divinae
3342 535 3562 581 (Econo-

300 619 622 690 μυστήριον,
660 618 754 671 καὶ
780 617 905 680 τοὺς
929 617 1027 687 τῆς
1062 615 1211 678 θείας
1235 615 1547 686 οἰκονομίας
1580 614 1655 684 μὴ
1680 612 1879 681 άγνοῆ-

300 729 393 764 σαι
424 711 681 783 τρόπους.
735 711 928 763 Ἔσται
985 707 1186 771 τοίνυν,
1223 708 1407 779 φησὶν,
1443 710 1500 760 ἐν
1529 706 1607 778 τῷ
1645 707 1793 775 τόπῳ
1817 696 1878 757 οὗ

298 803 504 875 ἐρῤέθη
529 804 729 865 αὑτοῖς,
760 802 834 854 Οὐ
865 800 993 863 λαός
1032 816 1134 869 μου
1170 800 1347 870 ὑμεῖς,
1372 800 1467 854 καὶ
1493 799 1647 851 αὑτοὶ
1675 795 1882 866 κληθή-

302 911 488 949 σονται
517 895 625 947 υίοὶ
660 893 796 947 Θεοῦ
827 893 1047 957 ζῶντος.
1084 892 1177 957 Τὸ,
1206 910 1224 942 ι
1253 893 1312 945 ἐν
1367 890 1447 961 τῷ
1489 891 1661 960 τόπῳ,
1689 908 1707 939 ι
1740 887 1792 940 τί
1812 886 1878 940 ἂν

305 989 547 1058 βούλοιτο
590 986 815 1056 δηλοῦν,
852 986 985 1058 φέρε
1015 984 1264 1053 λέγωμεν
1305 983 1571 1053 ἀκριϐῶς.
1616 980 1879 1048 Γεγόνασι

304 1081 405 1151 μὲν
438 1078 546 1148 γὰρ
590 1079 640 1129 oi
692 1076 751 1141 ἐξ
798 1076 1016 1147 Ἰσραὴλ
1061 1077 1396 1149 αἰχμάλωτοι
1439 1074 1578 1127 κατὰ
1632 1071 1877 1143 καιροὺς,

298 1168 395 1219 καὶ
444 1167 526 1227 είς
589 1164 687 1236 τὴν
740 1165 849 1218 τῶν
898 1167 1199 1237 Ἀσσυρίων
1246 1162 1696 1233 ἀπεκομίσθησαν
1750 1160 1875 1229 γῆν.

315 1254 454 1307 Ἀλλ’
482 1251 623 1325 ἦσαν
650 1258 769 1308 ἐκεῖ
805 1256 1079 1319 κλαίοντες
1140 1257 1233 1310 καὶ
1271 1253 1598 1325 οἰμώζοντες
1628 1253 1755 1323 περὶ
1788 1252 1879 1305 τὸν

299 1346 485 1417 νόμον,
511 1347 605 1400 καὶ
639 1346 798 1401 τοῦτο
825 1350 956 1417 ἡμῖν
985 1350 1211 1419 ἐναργὲς
1234 1349 1406 1401 ἐποίει
1442 1348 1616 1416 λέγων
1638 1350 1665 1400 6
1698 1348 1879 1415 μακά·-

276 1454 413 1508 ·ριος
436 1438 616 1491 Δαϐίδο
647 1457 665 1489 ι
709 1439 832 1491 Ἐπὶ
854 1439 944 1492 τὸν
974 1440 1216 1511 ποταμὸν
1256 1439 1572 1501 Βαϐυλῶνος
1605 1440 1723 1492 ἐκεῖ
1751 1441 1879 1491 ἐκα-

296 1528 547 1597 θίσαμεν,
572 1530 667 1582 καὶ
700 1528 1043 1599 ἐκλαύσαμεν
1073 1532 1129 1583 ἐν
1161 1530 1238 1601 τῷ
1272 1530 1574 1601 μνησθῆναι
1598 1531 1744 1600 ἡμᾶς
1777 1530 1876 1600 τὴν

297 1618 456 1672 Σιών.
491 1638 510 1671 ι
544 1620 689 1690 Ἔφη
721 1619 779 1672 δέ
813 1620 974 1673 πάλιν
1000 1638 1043 1671 ⁸(
1074 1619 1199 1682 Πῶς
1224 1621 1453 1691 ᾅσωμεν»
1466 1620 1563 1690 τὴν
1591 1620 1735 1691 ᾠδὴν
1766 1622 1877 1672 Κυ-

300 1713 415 1784 ρίου
447 1712 541 1765 ἐπὶ
566 1714 670 1782 γῆς
703 1712 1023 1782 άλλοτρίας;
1055 1732 1073 1763 ι
1115 1712 1254 1766 Ἀλλ’
1302 1714 1767 1783 ὑπονοστήσαντες
1797 1713 1876 1776 είς

306 1805 679 1877 Ἱεροσόλυμα,
704 1804 838 1857 Θεοῦ
866 1805 1349 1876 κατοικτείροντος,
1374 1806 1525 1859 οὐδὲν
1543 1801 1706 1876 ἦττον
1734 1800 1876 1875 ἦσάν

1984 608 2102 664 mia:
2170 608 2355 663 modos
2433 624 2535 663 non
2598 610 2863 679 ignorare.
2931 611 3046 666 Erit
3122 613 3301 683 igitur,
3365 615 3557 685 inquit,

1981 702 2033 754 in
2074 700 2213 764 loco,
2255 699 2342 753 ubi
2380 701 2579 755 dictum
2628 710 2711 756 est
2757 702 2889 767 illis,
2943 701 3058 756 Non
3109 706 3340 774 pepulus
3405 723 3558 765 meus

1980 805 2096 852 vos.
2130 799 2184 845 et
2231 790 2331 859 ipsi
2372 791 2708 845 vocabuntur
2759 791 2852 846 ﬁlii
2920 792 3012 846 Dei
3068 794 3317 851 viventis.
3396 796 3553 865 lllud,

1962 900 2013 951 vr
2052 880 2105 935 in
2141 880 2280 946 loco,
2327 900 2345 933 ι
2382 882 2507 951 quid
2537 882 2639 937 sibi
2684 884 2831 950 velit,
2852 898 2950 952 age
2991 885 3357 944 enucleemus.
3423 889 3559 944 Fue-

1982 982 2106 1026 runt
2137 972 2281 1027 enim
2312 972 2566 1028 Israelita:
2611 975 2902 1047 aliquando
2940 977 3140 1046 captivi
3200 978 3351 1044 facti,
3404 992 3459 1036 et
3503 982 3557 1037 in

1980 1062 2255 1133 Assyriam
2317 1064 2586 1130 translati,
2623 1066 2712 1119 ubi
2764 1065 2964 1122 ﬁebant
3013 1076 3066 1124 et
3120 1068 3561 1127 lamentabantur

1981 1152 2034 1205 in
2071 1153 2257 1222 pratis,
2294 1154 2343 1208 id
2370 1156 2509 1223 quod
2544 1156 2697 1210 nobis
2746 1158 3034 1214 manifeste
3095 1160 3298 1215 indicat
3368 1160 3559 1217 beatus

1982 1244 2203 1298 David:
2273 1263 2291 1295 ι
2332 1245 2504 1315 Super
2547 1246 2743 1302 ﬂumen
2797 1249 3086 1321 Babylonis
3158 1252 3267 1308 illic
3325 1254 3561 1311 sedimus

1979 1346 2033 1389 et
2064 1336 2332 1403 ﬂevimus,
2389 1339 2515 1391 dum
2564 1340 2976 1396 recordaretnur
3013 1343 3111 1407 tui,
3155 1341 3288 1398 Sion
3322 1344 3391 1397 ³⁷.
3438 1364 3457 1395 ι
3492 1344 3563 1400 ΕΙ.

1980 1426 2173 1480 iterum
2203 1445 2217 1481 :
2256 1446 2274 1479 ‹
2305 1427 2584 1493 Quomodo
2634 1431 2973 1488 cantabimus
3010 1436 3278 1490 canticum
3349 1436 3557 1492 Domini

1981 1515 2031 1567 in
2066 1525 2205 1569 terra
2246 1516 2422 1568 aliena
2454 1516 2539 1569 9"3
2570 1538 2589 1569 ι
2635 1517 2825 1573 Verum
2861 1523 2969 1576 Deo
2998 1524 3291 1579 miserante
3336 1525 3557 1581 Jeroso-

1979 1604 2176 1676 lymam
2213 1607 2438 1675 reversi,
2472 1624 2620 1678 teque
2664 1621 2720 1664 ut
2751 1612 2877 1666 olim
2907 1625 3065 1668 erant
3124 1624 3179 1671 et
3232 1620 3560 1674 vocabantur

1979 1697 2204 1765 pupulas
2250 1698 2366 1763 Dei,
2396 1699 2446 1752 in
2478 1700 2732 1755 continua
2759 1702 3018 1760 felicitate
3056 1706 3331 1774 vivebant,
3391 1709 3558 1765 libere

1979 1786 2147 1842 Deum
2193 1790 2451 1856 colentes,
2499 1791 2843 1863 legitimaque
2897 1797 3161 1853 sacriﬁcia
3210 1810 3554 1871 peragenles.

292 1914 353 1949 τε
404 1897 499 1951 καὶ
538 1895 880 1967 ὠνομάζοντο
922 1896 1047 1959 λαὸς
1072 1897 1229 1962 Θεοῦ,
1259 1900 1353 1951 καὶ
1393 1899 1659 1952 διετέλουν
1711 1899 1768 1951 ἐν
1793 1898 1877 1950 εὑ-

1985 1878 2104 1935 Non
2156 1882 2299 1936 enim
2330 1881 2456 1937 alibi
2493 1885 2722 1951 uspiam,
2784 1897 3142 1957 praeterquam
3209 1889 3556 1963 Jerosolymis

292 1986 553 2056 ημερίαις
576 1986 931 2055 λατρεύοντες
966 1986 1288 2057 ἐλευθέρως,
1309 1989 1522 2050 καὶτὰς
1549 1987 1690 2041 κατὰ
1716 1986 1879 2056 νόμον

291 2076 575 2140 τελοῦντες
606 2077 820 2139 θυσίας.
871 2078 945 2129 Οὑ
978 2078 1087 2147 γὰρ
1121 2076 1251 2146 ἐξῆν
1290 2080 1423 2143 ὅλως
1471 2079 1691 2149 ἐτέροσε
1740 2079 1878 2131 ἀπο-

292 2168 547 2239 πληροῦν.
570 2169 638 2223 τὰ
670 2167 1022 2239 διωρισμένα,
1057 2169 1171 2223 ἀλλ’
1207 2171 1265 2225 ἐν
1297 2173 1479 2240 μόνοις
1506 2175 1619 2235 τοῖς
1654 2172 1879 2243 Ἱεροσο-

293 2258 509 2331 λύμοις,
534 2262 628 2315 καὶ
648 2260 814 2331 ἐντῷ
850 2260 983 2331 ναῷ,
1016 2262 1203 2331 σαφῶς
1225 2263 1319 2316 τοῦ
1344 2263 1431 2316 διὰ
1462 2264 1878 2333 Μωσέωςπαρα

292 2354 603 2421 εγγυῶντος
639 2356 804 2424 νόμου
818 2373 845 2386 ’θ
871 2375 889 2407 ι
923 2355 1165 2427 Πρόσεχε
1216 2356 1446 2425 σεαυτῷ,
1480 2356 1555 2427 μὴ
1584 2356 1877 2427 ἁνενέγιοης

290 2445 363 2497 τὰ
404 2446 840 2516 ὁλοκαυτώματα
863 2466 987 2512 σου,
1013 2448 1128 2501 ἀλλ’
1157 2448 1199 2519 ἢ
1241 2449 1320 2510 είς
1362 2447 1454 2499 τὸν
1487 2446 1672 2509 τόπον,
1712 2446 1769 2499 ὃν
1810 2445 1876 2498 ἂν

292 2534 581 2604 ἐκλέξηται
625 2537 830 2607 Κύριος
876 2542 906 2592 6
935 2539 1066 2602 Θεός
1112 2555 1228 2601 σου,
1278 2538 1396 2591 ἐκεῖ
1427 2537 1783 2606 ἐπικληθῆναι
1814 2536 1877 2589 τὸ

290 2626 471 2696 ὄνομα
486 2627 674 2690 αὑτοῦ,
692 2630 809 2681 ἐκεῖ
836 2629 1006 2692 οῐσεις
1025 2628 1093 2681 τὰ
1114 2626 1537 2697 ὁλοκαυτώματα
1560 2643 1671 2679 σου.
1687 2645 1704 2677 ι
1739 2626 1875 2680 Οὐκ-

295 2717 395 2770 οῦν
447 2719 883 2789 ὑποστρέφοντες
914 2721 1055 2775 κατὰ
1090 2720 1317 2789 καιροὺς
1343 2721 1400 2773 ἐν
1426 2723 1540 2784 τοῖς
1579 2717 1874 2789 Ἰεροσολύ-

293 2822 438 2875 μοις,
473 2806 566 2859 καὶ¹
601 2808 701 2878 τὴν
730 2807 841 2860 τῶν
869 2808 1181 2876 ἀλλοφύλων
1218 2808 1718 2877 καταλιμπάνοντες
1747 2807 1870 2877 γῆν,

289 2892 455 2946 πάλιν
482 2893 751 2966 ἐπλήρουν
793 2894 864 2949 τὰ
899 2897 1263 2967 νενομισμένα
1302 2895 1391 2949 διὰ
1423 2896 1687 2961 Μωσέως,
1718 2898 1873 2967 ἐχρη-

1982 1983 2035 2027 ct
2059 1974 2111 2027 in
2145 1975 2343 2045 templo
2404 1976 2695 2031 constituta
2731 1988 2991 2047 praestare
3032 1981 3253 2050 licebat,
3300 1984 3419 2054 lege
3463 2001 3559 2055 per

1980 2062 2197 2135 Moysen
2242 2065 2418 2135 planis
2480 2068 2659 2122 verbis
2707 2068 3000 2126 hortante:
3047 2091 3065 2123 ι
3126 2074 3359 2130 Attende
3433 2078 3554 2141 tibi,

1980 2170 2050 2210 ne
2087 2155 2283 2211 offeras
2346 2150 2783 2213 liolocautomata
2814 2170 2927 2228 tua,
2988 2162 3091 2218 nisi
3124 2164 3180 2218 in
3223 2166 3343 2221 loco
3394 2183 3554 2237 quem

1978 2247 2201 2317 elegerit
2238 2248 2493 2303 Dominus
2527 2248 2667 2304 Deus
2702 2258 2841 2315 tuus,
2903 2259 2962 2306 ut
3010 2253 3084 2309 ibi
3126 2254 3407 2311 invocetur
3459 2274 3558 2311 no-

1979 2354 2099 2393 men
2127 2339 2262 2406 ejus.
2308 2340 2384 2394 Eo
2413 2340 2664 2396 confcres
2694 2343 3011 2401 holocausta
3082 2354 3171 2401 tua
3223 2347 3292 2402 ⁸³.
3327 2366 3346 2399 ι
3400 2347 3556 2403 Unde

1978 2439 2217 2499 tempore
2255 2446 2374 2495 suo,
2414 2433 2838 2503 alienigenarum
2875 2438 3097 2506 regione
3147 2438 3360 2505 relicta,
3391 2439 3553 2495 Jero-

1975 2522 2237 2591 solymam
2269 2525 2494 2593 reversi,
2527 2542 2715 2582 rursus
2755 2542 2852 2597 per
2887 2528 3105 2600 Moysen
3133 2534 3341 2593 sancita
3396 2532 3555 2588 facti-

1977 2614 2180 2678 tabant,
2209 2623 2263 2668 et
2293 2616 2521 2683 populus
2566 2617 2657 2670 Dei
2717 2619 3071 2674 vocabantur.
3136 2621 3263 2677 Post
3331 2638 3550 2679 crucem

1973 2713 2153 2758 autem
2184 2705 2484 2763 Salvatoris
2517 2710 2710 2773 nostri,
2741 2709 3185 2782 obsidionemque
3215 2722 3270 2769 et
3314 2715 3553 2771 eversio-

1976 2808 2118 2861 nem,
2138 2810 2245 2864 per
2268 2798 2506 2864 gentium
2540 2800 2700 2853 urbes
2747 2809 2911 2867 atque
2935 2803 3242 2869 provincias
3283 2803 3407 2859 totis
3427 2819 3550 2859 cum

1976 2885 2449 2957 familiisdispersi
2501 2899 2647 2945 sunt.
2680 2891 2960 2957 Quomodo
3024 2892 3189 2963 igitur
3237 2903 3398 2949 erunt
3449 2896 3553 2950 ali-

294 2983 522 3053 μάτιζόν
548 3002 606 3037 τε
636 2985 763 3050 λαὸς
784 2986 943 3042 Θεοῦ.
976 2987 1134 3041 Μετὰ
1160 2988 1219 3040 δέ
1256 3004 1321 3057 γε
1359 2988 1449 3041 τὸν
1478 2986 1570 3039 τοῦ
1618 2986 1872 3057 Σωτῆρος

1978 2979 2184 3046 quando
2208 2980 2435 3049 populus
2481 2982 2629 3037 Dei?
2668 2982 2803 3036 Num
2831 2982 3222 3053 Jerosolymam
3255 2985 3435 3042 denuo
3467 3003 3555 3043 re-

294 3074 549 3145 σταυρὸν,
576 3077 670 3129 καὶ
693 3077 792 3147 τὴν
812 3067 1120 3148 τγενομένην
1144 3079 1328 3141 αὑτοῖς
1349 3077 1661 3148 πολιορκίαν
1690 3094 1751 3129 τε
1777 3078 1871 3130 κα)⁴

1978 3070 2136 3135 versi,
2168 3073 2302 3126 etin
2342 3076 2539 3145 templo
2595 3084 2954 3153 congregati?
3011 3100 3079 3140 an
3142 3092 3423 3142 versantes
3497 3080 3553 3134 in

292 3164 582 3234 πόρθησιν,
610 3169 667 3220 ἐν
699 3171 822 3231 ταῖς
854 3168 960 3221 τῶν
988 3167 1168 3223 ἐθνῶν
1190 3168 1375 3221 πόλεσί
1410 3185 1468 3221 τε
1530 3169 1626 3221 καὶ
1662 3166 1869 3237 χώραις

1978 3160 2083 3216 illis
2136 3162 2293 3228 locis,
2327 3165 2377 3219 in
2406 3181 2526 3236 quae
2565 3169 2761 3241 singuli
2821 3174 3049 3244 dispersi
3100 3176 3353 3233 fuerint?
3415 3178 3582 3244 Quid'

290 3254 517 3307 πανοικὶ
550 3255 968 3328 διεσπάρησαν.Δ
992 3259 1119 3321 Πῶς
1146 3254 1237 3312 οὑν
1266 3258 1479 3312 ἔσονται
1510 3259 1650 3312 κατὰ
1685 3260 1873 3330 καιρὸν

1978 3252 2055 3305 ait
2092 3255 2390 3323 propheta?
2450 3257 2505 3311 In
2541 3257 2681 3326 loco,
2748 3263 2838 3317 ubi
2883 3266 3085 3321 dictum
3115 3276 3198 3323 est
3251 3269 3377 3331 illis,
3436 3270 3553 3324 Non

289 3345 373 3406 είς
400 3342 527 3398 λαὸν
556 3344 691 3398 Θεοῦ
716 3362 743 3411 ;.
762 3342 910 3417 'Apa
951 3347 1016 3417 δὴ
1053 3347 1217 3401 πάλιν
1256 3350 1312 3399 ἐν
1341 3351 1452 3411 τοῖς
1483 3348 1877 3419 Ἱεροσολύμοις

1978 3343 2205 3413 pepulus
2236 3360 2388 3401 meus
2422 3362 2538 3412 vos,
2587 3359 2640 3403 et
2670 3351 2770 3419 ipsi
2811 3356 3144 3412 vocabuntur
3183 3359 3275 3413 lilii
3324 3359 3415 3414 Dei
3471 3363 3555 3414 vi-

294 3434 790 3505 ὑπονοστήσαντες,
865 3439 961 3491 καὶ
1023 3440 1082 3492 ἐν
1143 3438 1221 3510 τῷ
1280 3439 1392 3509 ναῷ
1438 3440 1876 3512 συνηγερμένοι;

1978 3432 2170 3487 ventis.
2246 3433 2568 3490 Deciderunt
2621 3439 2765 3491 enim
2796 3441 2859 3495 de
2889 3444 3083 3512 gradu,
3116 3446 3169 3499 in
3231 3461 3340 3516 quo
3396 3460 3556 3502 erant

291 3527 461 3595 ἤγουν
495 3529 552 3581 ἐν
580 3527 811 3591 ἐκείνοις
835 3528 990 3591 ὄντες
1011 3531 1124 3592 τοῖς
1150 3529 1356 3594 τόποις,
1390 3529 1629 3601 ἔνθαπερ
1668 3527 1778 3585 εἶεν
1811 3533 1877 3587 ἂν

1978 3524 2204 3593 pepnlus
2245 3525 2359 3593 Dei,
2409 3537 2464 3581 et
2498 3543 2593 3596 per
2644 3533 2884 3599 gentium
2917 3546 3090 3589 terras
3121 3537 3352 3606 dispersi
3405 3550 3553 3602 sunt,

292 3614 514 3670 ἕκαστοι
560 3618 1099 3689 κατεσκευασμένοι;
1156 3618 1219 3671 Τί
1278 3637 1444 3690 φησιν
1483 3622 1512 3673 6
1558 3622 1875 3692 προφήτηςς

1978 3615 2120 3683 quod
2164 3616 2440 3686 hucusque
2479 3630 2748 3675 servatum
2804 3623 3156 3679 animadverti
3184 3635 3382 3696 potest.
3439 3628 3555 3683 Ca:-

307 3707 396 3760 Ἐν
430 3708 507 3778 τῷ
537 3709 709 3779 τόπῳ,
729 3703 791 3762 οὗ
824 3710 1026 3781 ἐρρέθη
1063 3711 1247 3774 αὐτοῖς
1270 3751 1286 3774 ,
1316 3712 1389 3764 Οὑ
1415 3712 1541 3776 λαός
1573 3730 1674 3783 μου
1698 3714 1875 3783 ὑμεῖς,

1980 3716 2158 3763 terum
2230 3712 2491 3764 extremis
2563 3713 2746 3767 saeculi
2824 3717 3176 3785 temporibus,
3232 3737 3252 3771 ι
3338 3721 3553 3789 quando

291 3798 388 3851 καὶ
434 3800 589 3853 αὑτοὶ
623 3800 990 3872 κληθήσονται
1039 3802 1147 3855 υἱοὶ⁵
1184 3802 1321 3856 Θεοῦ
1375 3803 1596 3867 ζῶντος.
1646 3804 1875 3857 Ἀπώλι-

1978 3797 2250 3868 plenitudo
2294 3800 2533 3868 gentium
2562 3802 2843 3858 intravenit
2890 3806 2931 3870 ί,
2968 3825 2988 3859 ι
3047 3817 3174 3864 tunc
3250 3824 3383 3866 sane
3428 3822 3554 3868 tunc

291 3888 421 3942 σθον
479 3891 577 3960 μὲν
636 3892 743 3964 γὰρ
779 3893 874 3946 τοῦ
926 3889 1065 3948 εἶναι
1122 3894 1250 3959 λαὸς
1287 3895 1445 3959 Θεοῦ,
1498 3898 1593 3950 καὶ
1646 3897 1705 3949 ἐν
1760 3898 1877 3958 ταῖς

1978 3894 2047 3940 et
2075 3886 2186 3956 ipse
2221 3888 2679 3958 abjectuslsrael,
2729 3890 2786 3945 in
2842 3892 2981 3951 ﬁlios
3040 3897 3137 3952 Dei
3189 3901 3550 3969 cooptabitur,

291 3977 401 4030 τῶν
446 3977 614 4031 ἐθνῶν
661 3979 1033 4052 διεσπάρησαν
1093 3982 1334 4053 χώραις,
1379 3982 1408 4035 δ
1449 3985 1541 4037 καὶ
1584 3986 1663 4048 είς
1722 3985 1877 4058 δεῦρο

1978 3993 2287 4049 quanquam
2319 3998 2660 4040 commorans
2691 3984 2742 4041 in
2811 3984 2943 4041 locis
2984 3987 3071 4043 ubi
3119 3990 3315 4045 vixerit
3366 4001 3422 4048 et
3471 3995 3556 4053 in.

292 4068 599 4139 σωζόμενον
657 4071 861 4124 κατίδοι
903 4090 988 4136 τις
1037 4073 1125 4128 ἄν.
1189 4074 1328 4127 Ἀλλ’
1367 4074 1425 4126 ὲν
1482 4074 1732 4145 ἐσχάτοις
1783 4075 1877 4129 τοῦ

1978 4081 2169 4126 ventus
2200 4071 2340 4128 forte
2368 4072 2551 4129 fuerit.
2569 4074 2711 4131 Nihil
2741 4078 2883 4133 enim
2903 4089 3057 4148 coget
3077 4083 3368 4138 ascendere
3396 4082 3554 4138 ,ἰοβο-

288 4161 486 4224 αίῶνος
520 4165 750 4237 καιροῖς,
784 4181 802 4213 ι
831 4164 961 4217 ὃταν
1016 4165 1079 4218 τὸ
1131 4165 1402 4237 πλήρωμα
1435 4165 1541 4221 τῶν
1574 4166 1741 4220 ἐθνῶν
1770 4168 1877 4219 εἰσ-

1978 4161 2264 4232 εοιςιιιίιῐη,
2331 4174 2385 4219 et
2440 4164 2709 4235 lapideum
2764 4170 2941 4225 adhuc
2992 4172 3246 4240 templum
3283 4189 3550 4243 quaerere.

292 4253 447 4326 ἐλθῃ,
474 4274 491 4305 ι
517 4254 642 4307 τότε
670 4256 764 4308 καὶ
786 4257 948 4321 αὐτὸς
969 4259 996 4310 6
1018 4258 1326 4330 ἀπόϐλητος
1358 4258 1574 4328 Ἰσραὴλ
1623 4260 1703 4322 είς
1730 4260 1877 4323 υἱοὺς

1978 4251 2242 4318 Quoniam
2268 4270 2441 4325 neque
2472 4258 2711 4313 moribus
2757 4264 3030 4319 veteribus
3058 4264 3196 4319 colet
3223 4264 3409 4330 Deum,
3445 4265 3554 4335 29

290 4346 767 4418 παραδεχθήσεται
800 4348 970 4413 Θεοῦ,
1014 4349 1523 4419 καίτοιηδιατρίϐων
1565 4353 1631 4404 ἐν
1671 4351 1875 4417 τόποις,

1979 4343 2162 4409 boum,
2211 4346 2455 4415 inquam,
2484 4350 2770 4406 sacriﬁciis
2801 4362 2856 4408 ct
2900 4354 3081 4408 ovium
3107 4348 3550 4422 mactationibus;

289 4436 526 4509 ἔνθαπερ
551 4439 621 4491 ἂν
651 4433 877 4492 εἶενικαὶ
898 4439 1236 4509 εὑρίσκοιντο
1260 4440 1543 4510 τυχόν..Τὺ
1568 4440 1676 4512 γὰρ
1709 4442 1877 4509 ἀναγ-

1979 4454 2165 4493 verum
2242 4441 2432 4496 modus
2498 4442 2775 4513 religionis
2834 4447 3074 4515 ipsorum
3138 4447 3244 4501 erit
3289 4450 3421 4504 lides
3498 4451 3551 4504 in

288 4526 455 4590 κάζον
514 4530 665 4583 οὐδὲν
696 4530 1009 4583 ἀναϐαίνειν
1038 4532 1117 4594 είς
1150 4530 1517 4600 Ἰεροσόλυμα,
1568 4531 1666 4585 καὶ
1694 4532 1784 4585 τὸν
1816 4534 1874 4585 ἐν

1978 4529 2274 4596 Christum,
2317 4540 2370 4585 et
2404 4533 2519 4599 ejus
2551 4535 2732 4589 divina
2767 4538 3046 4602 mandata,
3088 4550 3146 4595 et
3188 4541 3553 4597 sanctilicatio

288 4619 456 4682 λίθοις
475 4619 555 4673 ἔτι
576 4620 807 4692 ζητῆσαι
842 4622 989 4677 ναόν.
1018 4622 1140 4675 Ὅτι
1174 4623 1306 4693 μηδέ
1324 4625 1439 4686 τοῖς
1460 4623 1709 4693 ἀρχαίοις
1726 4622 1871 4676 ἔθεσι

1982 4620 2034 4673 in
2075 4619 2301 4689 Spiritu,
2332 4630 2389 4676 et
2411 4638 2508 4691 per
2576 4637 2793 4678 sacrum
2852 4625 3120 4694 baptisma
3186 4630 3549 4699 regeneratio,

287 4712 509 4782 τιμήσει
529 4712 678 4775 Θεὸν,
714 4712 1020 4783 βουθυσίαις
1040 4713 1097 4767 δέ
1115 4714 1257 4782 λέγω
1313 4714 1406 4766 καὶ
1426 4714 1712 4785 προϐάτων
1737 4731 1873 4782 σφαο

1979 4712 2286 4781 adoptionis
2323 4712 2556 4767 ﬁliorum
2592 4715 2817 4786 gloriam
2865 4719 3076 4775 sanctis
3118 4719 3341 4789 ipsisad
3380 4721 3483 4776 hoc
3522 4739 3551 4775 a

291 4802 439 4867 γαίς,
470 4800 584 4854 ἀλλ’
617 4802 645 4855 6
670 4805 769 4873 τῆς
795 4803 1052 4875 λατρείας
1089 4804 1269 4865 αὐτοῖς
1293 4803 1443 4858 ἔσται
1469 4805 1667 4873 τρόπος
1694 4804 1873 4868 πίστις

1980 4802 2089 4857 Deo
2138 4804 2343 4857 vocalis
2382 4805 2701 4860 cuneilians.

292 4896 372 4957 si;
402 4895 655 4963 Χριστόν,
697 4896 891 4950 καὶ-τὰ
921 4896 1096 4950 αὑτοῦ
1116 4898 1480 4970 θεσπίσματα,
1520 4899 1613 4952 καὶ
1651 4898 1921 4967 ἁγιασμὸς
1984 4899 2012 4949 6
2044 4899 2102 4951 ἐν
2147 4896 2437 4967 πνεύματι,
2497 4898 2591 4952 καὶ
2652 4900 2685 4970 ἡ
2724 4900 2814 4953 διὰ
2850 4900 2943 4955 τοῦ
2981 4903 3136 4973 ἁγίου
3182 4906 3553 4979 βαπτίσματος

292 4986 666 5057 ἀναγέννησις,
693 4989 793 5059 τῆς
823 4988 1095 5054 υἱοθεσίας
1150 4992 1505 5062 περιποιοῦσα
1542 4993 1639 5063 τὴν
1686 4992 1841 5056 δόξαν
1876 4993 1987 5055 τοῖς
2019 4992 2201 5055 αὐτοῖς
2240 4991 2415 5059 ἁγίοις
2460 4993 2815 5065 κεκλημένοις
2845 4997 2925 5060 είς
2957 4997 3114 5052 τοῦτο
3145 5000 3294 5071 παρὰ
3319 5004 3544 5075 Κυρίου.

263 5086 277 5147 ι
360 5082 472 5134 Καὶ
494 5081 987 5151 συναχθήσονται
1016 5087 1134 5140 υἱοὶ
1159 5086 1364 5152 Ἰούδα,
1404 5087 1501 5140 καί
1528 5088 1583 5139 οὶ
1610 5086 1727 5140 υἱοὶ
1765 5088 1871 5140 Ἰσ-

2053 5085 2212 5142 νειιε.
2254 5086 2341 5139 il.
2387 5087 2456 5140 Et
2498 5090 2950 5158 congregabantur
2990 5092 3091 5158 filii
3134 5092 3313 5161 Juda,
3356 5108 3404 5151 et
3441 5100 3545 5166 ﬁlii

266 5169 447 5238 ’ραὴλ
503 5171 851 5235 ἐπίτοαυτό,
892 5175 989 5230 καὶ
1044 5176 1335 5243 θήσονται
1388 5176 1615 5241 ἑαυτοῖς
1674 5174 1868 5247 ἀρχὴν

1978 5178 2145 5233 Israel
2190 5178 2368 5241 simul,
2399 5191 2446 5233 et
2489 5194 2676 5248 ponent
2721 5182 2821 5234 sibi
2867 5185 3222 5253 principatum
3258 5205 3454 5253 unum,
3498 5204 3544 5247 et

282 5264 447 5334 μίαν,
488 5263 586 5316 καὶ
635 5264 1039 5333 ἀναϐήσονται
1071 5268 1140 5321 ἐκ
1197 5266 1306 5336 τῆς
1339 5266 1473 5337 γῆς,
1509 5268 1594 5321 ὅτι
1633 5267 1865 5337 μεγάλη

1978 5270 2249 5325 Incendent
2281 5271 2349 5323 de
2374 5280 2532 5335 terra,
2564 5273 2817 5341 quoniam
2853 5290 3068 5344 magnus
3097 5277 3209 5331 dies
3242 5279 3472 5335 Jezrael.

283 5351 323 5417 ἡ
350 5352 540 5420 ἡμέρα
573 5353 679 5406 τοῦ
724 5353 985 5422 Ἰεῷαέλ.

267 5422 278 5513 ξ
356 5443 419 5496 Θ.
463 5445 573 5496 Καὶ
600 5443 811 5507 τούτοις
840 5446 1015 5517 πέρας
1051 5446 1349 5517 ἐκϐεϐηκὸς
1382 5447 1683 5518 εὑρήσομεν
1722 5448 1864 5501 ἱστο-

2038 5447 2130 5505 ΙΧ.
2169 5448 2393 5519 EtJiaec
2437 5452 2683 5507 evenisse
2740 5452 3000 5509 historice
3071 5466 3127 5513 et
3192 5459 3545 5529 spiritualiter

286 5532 456 5604 ρικῶς
506 5550 566 5584 τε
610 5535 703 5586 καὶ
751 5537 1155 5605 πνευματικῶς.
1189 5534 1369 5591 Ἦσαν
1400 5537 1499 5608 μὲν
1528 5537 1637 5607 γὰρ
1666 5538 1723 5590 ἐν
1752 5540 1865 5601 τοῖς

1978 5550 2199 5595 constat.
2236 5540 2400 5594 Erant
2428 5542 2571 5596 enim
2608 5543 2661 5597 in
2697 5542 2895 5601 ﬁnibus
2926 5544 3215 5604 Persarum
3258 5562 3312 5606 et
3357 5550 3539 5610 Med0~

280 5622 451 5696 ὁρίοις
480 5625 702 5695 Περσῶν
725 5643 783 5678 τε
819 5627 912 5680 καὶ
936 5628 1136 5698 Μήδων
1164 5630 1215 5683 οἵ
1237 5646 1296 5683 τε
1329 5631 1392 5683 ἐκ
1422 5632 1523 5700 τῆς
1556 5629 1865 5702 Σαμαρείας

1978 5646 2088 5686 rum
2120 5632 2322 5701 quique
2361 5645 2390 5686 e
2418 5632 2660 5689 Samaria
2696 5635 2833 5692 bello
2865 5643 3007 5707 capti
3037 5637 3274 5708 fuerant,
3306 5641 3556 5711 θαρσεῖ..

354 5801 397 5832 ⁸⁷
441 5800 580 5856 Psal.
618 5818 836 5869 cxxxvl,
887 5806 930 5859 l.
1009 5808 1052 5839 οδ·
1089 5808 1213 5862 ibid.
1250 5809 1299 5861 i.
1338 5810 1382 5839 9’
1423 5810 1572 5864 Deut.
1610 5825 1702 5872 xu,
1745 5810 1795 5866 ti.
1899 5810 1910 5839 ²
1947 5808 2100 5862 lioin.
2138 5824 2207 5873 si,
2241 5809 2330 5862 ‘25.
