4094 6564
610 412 720 469 55

1669 405 1728 463 S.
1770 405 2049 462 GYRILU
2086 402 2556 461 ALEXANDRINI
2595 399 2916 463 ARCHIEP.
3817 406 3889 467 56

648 532 832 595 lsrael,
875 530 1074 601 quique
1116 543 1182 585 ex
1230 527 1602 602 Jerosolymis,
1641 528 1745 585 hoc
1791 537 1910 592 est,
1951 527 2115 582 Judas
2162 541 2192 581 e

2316 526 2636 597 δορύληπτοι
2654 529 2954 597 γεγονότες,
2986 527 3288 595 τουτέστιν,
3309 527 3339 580 δ
3375 523 3608 599 Ἰσραὴλ,
3626 528 3720 581 καὶ
3737 529 3887 586 αὐτοὶ

644 622 947 691 Beniamin.
980 623 1049 675 At
1074 629 1357 690 postquam
1388 621 1565 691 Cyrus
1600 618 1884 689 Cambysae
1914 617 2079 685 ﬁlius,
2108 616 2213 672 Ba-

644 715 836 785 bylone
871 715 1119 778 subacta,
1144 713 1432 767 Persarum
1462 711 1745 781 imperium
1778 712 2022 779 adeptus,
2051 709 2212 763 liber-

647 812 759 857 tate
806 802 973 857 Israel
1020 810 1076 857 et
1118 801 1308 857 Judam
1350 801 1598 865 donavit,
1667 800 1992 867 domumque
2035 797 2213 851 redire

643 906 747 945 una
776 906 898 946 cum
927 890 1072 945 vasis
1098 890 1268 944 sacris
1294 887 1478 957 jussit,
1501 887 1895 959 Jerosolymam
1924 894 2208 953 venerunt,

642 997 744 1037 nec
764 983 873 1049 jam
900 981 1132 1050 dispersi
1166 980 1660 1044 habitarunt,sicut
1691 989 1983 1047 antequam
2014 976 2211 1046 captivi

646 1071 1078 1136 abducerentur;
1123 1084 1221 1125 nec
1269 1068 1483 1137 utrique
1526 1083 1621 1123 sua
1675 1083 1843 1137 regna
1885 1068 2207 1122 habuerunt.

643 1161 844 1218 Omnes
876 1165 1073 1233 quippe
1102 1163 1447 1218 cencorditer
1476 1162 1644 1217 solam
1676 1159 1977 1216 Jerusalem
2011 1161 2211 1216 incole-

643 1258 794 1323 bant,
827 1257 962 1311 duce
991 1272 1055 1311 ac
1087 1257 1327 1325 principe
1362 1264 1490 1310 tunc
1518 1253 1869 1320 Zorobahele,
1898 1253 2210 1309 Salathielis

640 1348 774 1412 ﬁlio,
804 1347 894 1417 qui
927 1359 1047 1401 erat
1075 1347 1141 1401 de
1176 1347 1314 1401 tribu
1354 1344 1513 1411 Juda,
1550 1352 1604 1400 et
1647 1344 1953 1399 sacerdotio
1996 1357 2209 1398 summo

640 1437 895 1507 fungente
926 1424 1051 1492 Iesu
1098 1436 1208 1490 iilio
1249 1434 1549 1498 Iosedech,
1587 1432 1802 1503 quando
1850 1440 1905 1487 et
1950 1431 2205 1501 templum

640 1528 879 1582 divinum
935 1528 1338 1588 instaurabant,
1387 1534 1442 1580 et
1488 1538 1600 1579 rem
1653 1523 1973 1578 familiarem
2019 1522 2206 1577 sedulo

639 1618 925 1672 curabant.
984 1612 1163 1685 ldquit
1234 1618 1455 1687 igitur:
1538 1613 2025 1685 Congregabuntur
2108 1612 2205 1669 filii

637 1707 776 1764 Juda
837 1718 891 1764 et
928 1709 1019 1764 ﬂlii
1052 1704 1350 1763 Jerusalem
1399 1708 1589 1769 simul,
1625 1715 1679 1761 et
1724 1707 2054 1761 constituent
2102 1705 2202 1759 sibi

638 1799 1005 1868 principatum
1052 1812 1255 1862 unum,
1332 1807 1388 1852 et
1440 1796 1736 1853 ascenderit
1780 1796 1846 1849 de
1891 1798 2065 1865 terra;
2148 1804 2206 1848 ut

2313 618 2372 670 δὲ
2401 617 2538 688 πρὸς
2570 618 2799 685 τούτοις,
2842 616 2895 672 οίν
2931 621 2995 672 ὲκ
3041 620 3140 691 τῆς
3197 618 3572 690 Ἰερουσαλὴμ,
3618 619 3887 675 τουτέστιν

2325 709 2522 773 Ἰούδας
2562 710 2657 762 καὶ
2688 708 2965 781 Βενιαμίν.
3020 711 3247 780 Ἐπειδὴ
3280 709 3341 763 δὲ
3376 708 3559 777 Κῦρος
3602 710 3633 762 ό
3663 710 3886 781 Καμϐύ-

2314 816 2407 852 σου
2428 800 2531 873 ’τήν
2558 801 2851 856 Βαϐυλῶνα
2880 802 3039 867 ἑλὼν,
3074 800 3172 856 καὶ
3218 801 3287 854 τδη
3323 798 3551 871 Περσῶν
3580 799 3781 870 κράτος
3811 803 3887 865 είς

2311 891 2504 947 ἑαυτὸν
2538 895 2903 966 μεταστήσας.
2943 895 3110 965 ἀνῆκε
3137 894 3239 966 τῆς
3289 892 3667 963 αἰχμαλωσίας
3706 893 3798 947 τόν
3830 911 3885 947 τε

2322 984 2537 1055 Ἰσραὴλ
2584 985 2679 1039 καὶ
2705 987 2796 1040 τὸν
2846 985 3068 1049 Ἰούδαν,
3096 983 3235 1039 οἶκοι
3264 1001 3321 1037 τε
3356 984 3495 1037 ίέναι
3523 984 3885 1055 προστέταχεν

2309 1074 2447 1144 ὁμοῦ
2469 1077 2582 1139 τοῖς
2604 1076 2820 1130 σκεύεσι
2848 1078 2962 1139 τοίς
2994 1078 3179 1146 ἱεροῖς,
3211 1074 3469 1144 ἀφίκοντο
3498 1075 3594 1144 μὲν
3617 1076 3696 1137 είς
3728 1075 3884 1146 Ἰερο-

2310 1165 2540 1237 σόλυμα,
2575 1169 2929 1238 κατῳκήσασι
2959 1167 3017 1220 δὲ
3046 1165 3230 1219 λοιπὸν
3260 1166 3360 1218 ούκ
3404 1164 3485 1216 ἔτι
3521 1164 3881 1235 διῃρημένως,

2309 1254 2452 1307 καὕά
2476 1256 2572 1309 καὶ
2600 1255 2709 1327 πρὸ
2726 1256 2824 1326 τῆς
2848 1254 3228 1326 αἰχμαλωσίας
3250 1270 3264 1284 ’
3292 1251 3417 1306 οὔτε
3440 1252 3547 1322 μὴν
3581 1252 3745 1316 ἰδίους
3766 1252 3885 1306 ἐκα-

2310 1361 2425 1399 στοι
2454 1345 2708 1416 βασιλέας
2744 1348 3031 1416 ἐσχήκασι.
3069 1345 3265 1414 Διῆγον
3298 1343 3355 1396 δὲ
3403 1343 3602 1405 πάντες
3653 1343 3713 1395 ὲν
3761 1344 3885 1411 ὁμσ-

2306 1436 2478 1508 ψυχίᾳ
2507 1437 2650 1491 κατά
2690 1436 2857 1507 μόνην
2916 1435 3017 1507 τὴν
3062 1433 3437 1504 Ἰερουσαλήμ,
3488 1434 3796 1503 ἡγουμένω
3823 1434 3883 1486 τὸ

2304 1529 2557 1599 τηνικάδε
2613 1528 2915 1600 Ζοροϐάϐελ
2960 1527 3056 1583 τοῦ
3096 1526 3387 1597 Σαλαθιήλ,
3433 1526 3494 1588 ὃς
3520 1521 3588 1595 ἦν
3618 1527 3684 1579 ἐκ
3713 1526 3883 1595 φυλῆς

2318 1620 2504 1685 Ἰούδα,
2554 1621 2645 1675 καὶ
2697 1619 3064 1692 ίερατεύοντος
3118 1619 3294 1691 Ἰησοῦ
3338 1617 3435 1671 τοῦ
3490 1617 3761 1681 Ἰωσεδὲκ,
3788 1616 3881 1671 τοῦ

2307 1713 2564 1782 μεγάλου,
2611 1713 2703 1766 ὅτε
2734 1712 2828 1766 καὶ
2877 1712 2968 1766 τὸν
3006 1711 3147 1765 θεῖον
3193 1711 3544 1781 ἀνεδείμαντο
3592 1709 3755 1775 ναὸν,
3788 1711 3881 1763 καὶ

2304 1802 2414 1858 τῶν
2459 1805 2538 1867 είς
2603 1804 2698 1857 τὸν
2747 1799 2903 1857 οἷκον
2960 1804 3168 1873 εῐχοντο
3232 1802 3682 1872 σπουδασμάτων.
3751 1801 3882 1853 Συν-

641 1891 1064 1959 alienigenarum
1104 1891 1375 1959 regionem
1409 1888 1695 1958 intelligas,
1734 1888 1785 1941 in
1813 1900 1972 1955 quam
2007 1887 2199 1956 captivi

2305 1892 2628 1965 αχθήσονται
2648 1894 2853 1959 τοίνυν,
2880 1895 3067 1966 φησὶν,
3099 1896 3149 1947 oi
3182 1894 3291 1947 uici.
3332 1892 3527 1957 Ἰούδα,
3572 1893 3667 1945 καὶ
3697 1892 3749 1945 οἱ
3778 1892 3881 1945 υίοὶ

638 1981 855 2036 abducti
883 1990 1029 2035 sunt.
1052 1979 1175 2037 lam
1196 1979 1343 2045 illud,
1384 1980 1509 2049 quia
1555 1992 1783 2047 magnus
1805 1978 1920 2032 dies
1969 1976 2201 2043 Jezr‘ael,

639 2085 761 2125 cum
818 2072 1040 2126 historia
1096 2074 1207 2125 non
1256 2072 1543 2126 consentit.
1608 2070 1794 2141 Itaque
1849 2071 1921 2125 ibi
1973 2071 2205 2125 dicimus

638 2160 893 2217 Israclem
920 2168 1170 2217 vocatum
1199 2163 1261 2217 iri
1291 2163 1545 2232 populum
1570 2161 1687 2225 Dei,
1709 2162 1957 2231 quamvis
1985 2172 2205 2231 propter

637 2254 967 2323 impietatem
1030 2257 1197 2325 longe
1234 2256 1526 2309 maximam
1567 2266 1789 2310 vocatus
1830 2256 1903 2310 sit
1947 2250 2066 2308 Non
2112 2270 2203 2323 po-

636 2344 815 2412 pulus,
851 2357 906 2398 ut
928 2344 1038 2411 jam
1069 2347 1370 2400 docuimus.
1400 2346 1553 2400 Tunc
1579 2347 2049 2416 congregabantur
2078 2346 2202 2415 ipsi,

635 2442 691 2488 et
731 2428 823 2488 ﬁlii
858 2434 1018 2499 Juda,
1054 2434 1155 2489 hoc
1193 2438 1296 2499 est,
1332 2436 1508 2490 omnis
1550 2438 1805 2505 deinceps
1854 2437 1906 2489 in
1941 2439 2203 2493 extremis

640 2524 973 2591 temporibus
996 2524 1306 2578 Iudaeorum
1339 2525 1555 2578 inventa
1590 2524 1895 2579 multitudo.
1926 2524 1991 2579 Et
2013 2528 2202 2579 omnes

636 2613 737 2670 sub
771 2630 878 2668 uno
930 2614 1235 2684 principatu
1286 2625 1465 2681 erunt,
1509 2616 1612 2670 hoc
1657 2624 1760 2679 est,
1806 2614 2029 2670 Christi.
2073 2612 2203 2669 Tale

635 2707 764 2774 quid
794 2707 956 2760 etiam
995 2721 1092 2775 per
1126 2706 1460 2761 Ezechielem
1502 2707 1879 2776 praenuntiavit
1922 2707 2204 2762 universo-

638 2808 760 2850 rum
793 2792 954 2861 Deus,
989 2797 1054 2852 de
1081 2797 1296 2851 Christo
1321 2797 1503 2851 dicens
1535 2815 1549 2851 :
1581 2815 1601 2848 ι
1638 2797 1704 2850 Et
1737 2797 2011 2851 suscitabo
2038 2810 2203 2865 super

636 2899 732 2941 eos
762 2897 1031 2955 pastorem
1059 2896 1244 2954 unum,
1274 2896 1328 2942 et
1354 2898 1536 2957 pascet
1561 2902 1675 2951 eos,
1704 2896 1761 2942 et
1785 2902 1996 2942 servum
2022 2903 2201 2942 meum

634 2975 826 3043 David,
858 2988 911 3033 et
949 2981 1054 3033 erit
1093 2994 1277 3033 eorum
1317 2988 1498 3049 pastor
1515 2980 1556 3034 ε.
1581 2997 1603 3031 ι
1641 2972 1807 3032 David
1851 2980 2083 3049 appellat
2133 2993 2201 3034 ex

633 3070 842 3125 semine
875 3069 1042 3123 David
1086 3069 1359 3124 Christum
1404 3079 1590 3123 natum
1636 3070 1930 3125 secundum
1958 3084 2197 3125 carnem.

2318 1986 2530 2058 Ἰσραὴλ
2589 1987 2898 2050 ὲπιτοαυτὸ,
2951 1986 3049 2039 καὶ
3121 1985 3381 2055 Θήσονται
3435 1987 3651 2047 ἑαυτοῖς
3709 1983 3883 2054 ἀρχὴν

2308 2078 2459 2149 μίαν,
2505 2079 2600 2132 καὶ
2644 2078 3013 2149 ἀναϐήσονται
3054 2079 3120 2131 ὲκ
3144 2078 3250 2147 τῆς
3287 2080 3410 2148 γῆς.
3476 2078 3594 2129 Ἵνα
3647 2076 3752 2147 τὴν
3778 2076 3883 2128 τῶν

2301 2167 2614 2239 ἀλλοφύλων
2644 2172 2853 2241 ὲννοῇς,
2875 2172 2953 2233 είς
2987 2170 3055 2239 ἢν
3085 2169 3179 2222 καὶ
3220 2167 3675 2237 ἀπεκομίσθησαν
3717 2168 3881 2236 αἰχμ-

2304 2260 2499 2314 άλωτοι
2548 2261 2849 2330 γεγονότες.
2902 2260 2976 2314 Τὸ
3002 2261 3080 2324 δὲ,
3123 2262 3206 2314 ὅτι
3242 2260 3453 2329 μεγάλη
3490 2261 3529 2327 ήλ
3578 2258 3764 2329 ἡμέρα
3792 2257 3882 2311 τοῦ

2315 2348 2571 2422 Ἰεζραὲλ,
2623 2351 2704 2421 τῷ
2735 2350 2835 2420 τῆς
2894 2350 3136 2421 ἱστορίας
3169 2350 3267 2420 οὐχ
3294 2348 3523 2420 ἁρμόζει
3551 2349 3714 2418 λόγῳ.
3745 2348 3881 2400 Οὐκ-

2302 2442 2397 2496 οῦν
2416 2445 2532 2497 ὲκεῐ
2555 2459 2735 2512 φαμεν
2761 2443 2845 2495 ὅτι
2881 2442 3209 2512 κεκλήσεται
3247 2441 3375 2505 λαὸς
3405 2440 3540 2494 Θεοῦ
3568 2442 3597 2493 ὁ
3647 2439 3881 2511 Ἰσραὴλ,

2302 2531 2482 2584 καίτοι
2532 2530 2623 2586 διὰ
2662 2530 2926 2600 πλείστην
2963 2531 3097 2602 ὅσην
3146 2530 3464 2584 δυσσέϐειαν
3498 2530 3882 2600 ὠνομασμένος

2303 2622 2377 2675 ού
2396 2620 2542 2684 λαὸς,
2571 2619 2824 2692 καθάπερ
2842 2622 2941 2692 ήδη
2973 2621 3333 2692 προείπομεν.
3360 2621 3493 2673 Τότε
3523 2619 3884 2691 συναχθήσον-

2300 2727 2390 2763 ται
2424 2710 2576 2763 αύτοί
2615 2728 2674 2764 τε
2710 2714 2805 2765 καὶ
2827 2714 2875 2766 οἱ
2902 2713 3007 2765 υἱοὶ
3045 2712 3238 2776 Ἰούδα,
3270 2710 3544 2776 τουτέστι,
3582 2712 3734 2764 πᾶσα
3775 2712 3883 2764 λοιο

2302 2801 2402 2855 πὸν
2435 2804 2469 2873 ή
2490 2803 2548 2856 ὲν
2572 2805 2823 2874 ἐσχάτας
2849 2806 3058 2875 καιροῖς
3087 2804 3199 2857 τῶν
3245 2803 3515 2858 Ἰουδαίων
3551 2803 3881 2874 εὑρισκομέ-

2301 2912 2365 2968 νη
2413 2897 2641 2968 πληθύς.
2674 2894 2811 2980 ,Καὶ
2860 2899 2967 2951 ὑπὸ
3014 2898 3145 2968 μίαν
3181 2898 3394 2952 ἔσονται
3439 2898 3642 2961 πάντες
3685 2898 3881 2969 ἀρχὴν,

2300 2990 2563 3055 τουτέστι,
2614 2990 2872 3062 Χριστόν.
2945 2989 3138 3042 Καίτοι
3186 2988 3429 3042 τοιοῦτον
3465 2988 3521 3041 δὲ
3556 2988 3644 3042 διά
3703 2992 3885 3061 φωνῆς

2314 3081 2569 3153 Ἰεζεχιὴλ
2607 3079 3117 3151 προαναπεφώνήκε
3162 3063 3339 3149 λέγων
3371 3083 3400 3134 ὁ
3431 3080 3539 3133 τῶν
3572 3082 3710 3135 ὅλων
3754 3081 3882 3144 Θεὸς

632 3160 813 3228 Quare
862 3171 1051 3215 vocato
1094 3160 1207 3229 jam
1255 3160 1493 3230 gentium
1539 3175 1719 3231 grege,
1773 3162 1985 3214 tandem
2033 3162 2199 3217 Israel

2305 3174 2429 3244 περὶ
2461 3172 2721 3243 Χριστοῦο
2758 3191 2776 3224 ι
2817 3172 2932 3225 Καὶ
2974 3173 3269 3243 ἀναστήσω
3297 3174 3382 3226 ἐπ’
3404 3172 3602 3236 αὐτοὺς
3645 3173 3881 3244 ποιμένα

632 3254 1028 3317 introducetur,
1076 3261 1131 3307 et
1174 3268 1337 3306 unum
1388 3252 1747 3321 principatum
1797 3262 1988 3308 omnes
2032 3266 2199 3323 agno-

631 3357 806 3401 scent.
844 3338 956 3415 30
1007 3346 1073 3399 Et
1119 3345 1414 3401 ascendeut
1468 3344 1535 3398 de
1593 3353 1760 3409 terra,
1808 3344 2002 3413 inquit.
2047 3345 2198 3411 Quod

632 3450 779 3492 recte
844 3437 1302 3505 intelligentibus,
1368 3434 1584 3505 opinor,
1638 3435 1909 3505 signiﬁcat
1966 3445 2059 3490 aut
2110 3437 2198 3504 qui

626 3530 812 3600 iugum
842 3528 1142 3582 Salvatoris
1167 3527 1529 3590 admiserunt,
1561 3526 1627 3581 de
1656 3535 1853 3580 caetero
1878 3528 2202 3583 omnimodis

630 3621 902 3675 desituros
948 3629 1165 3673 terrena
1210 3633 1425 3687 sapere,
1461 3628 1515 3673 et
1555 3620 1837 3687 prudentia
1874 3621 2054 3673 carnis
2105 3634 2198 3673 su-

628 3712 877 3782 periores
930 3711 1064 3775 iure,
1109 3710 1266 3780 (tales
1297 3710 1441 3763 enim
1487 3724 1703 3777 omnes,
1745 3710 1838 3778 qui
1890 3710 2107 3764 Christo
2143 3725 2200 3765 se

631 3803 1012 3869 subiecerunt;
1060 3811 1113 3854 et
1146 3802 1305 3854 ﬁdem
1336 3798 1499 3854 faciet
1538 3798 1730 3855 beatus
1766 3800 1975 3854 David:
2010 3816 2033 3851 ι
2063 3800 2196 3866 Quia

630 3893 727 3948 Dei
758 3893 926 3947 fortes
968 3903 1123 3946 terrae
1150 3892 1500 3946 vehementer
1538 3891 1732 3947 elevati
1779 3899 1909 3945 sunt
1931 3891 1973 3957 ³;
2008 3910 2028 3944 ι
2062 3893 2192 3961 quin

630 3990 687 4038 et
712 3980 951 4037 Paulus:
991 3996 1011 4034 ι
1041 3983 1141 4049 Qui
1190 3992 1365 4036 autem
1408 3989 1530 4036 sunt
1556 3983 1754 4038 Christi
1798 3981 1947 4049 Iesu,
1979 3998 2196 4038 carnem

630 4090 784 4131 suam
813 4076 1350 4137 crueiiixertmtcum
1381 4075 1523 4129 vitiis
1550 4084 1604 4129 et
1630 4075 2194 4146 concupiscentiis‘p)

629 4178 723 4222 aut
753 4178 902 4223 certe
936 4177 991 4221 et
1020 4169 1167 4237 ipsos
1200 4168 1601 4223 resurrectione
1631 4176 1967 4221 mortuorum
1994 4167 2198 4237 potitu-

630 4276 741 4315 ros.
795 4259 938 4314 Dixit
989 4261 1132 4314 enim
1178 4259 1373 4314 alicubi
1430 4261 1592 4315 etiam
1634 4258 1930 4314 Christus:
1962 4278 1982 4312 ι
2025 4259 2195 4313 Amen

628 4351 751 4405 dico
791 4351 972 4415 vobis,
1014 4352 1139 4421 quia
1171 4352 1349 4405 omnis
1390 4351 1480 4420 qui
1524 4350 1695 4405 credit
1738 4350 1791 4403 in
1836 4366 1942 4416 me,
1981 4350 2193 4405 etiamsi

628 4442 1085 4504 mortuus'l‘uerit.
1121 4444 1263 4496 vivet
1284 4442 1326 4496 ⁸.
1357 4459 1379 4494 ι
1409 4441 1561 4509 Quod
1601 4441 1646 4495 si
1689 4450 1908 4494 coactus
1949 4440 2021 4493 ita
2061 4440 2195 4508 obji-

627 4536 740 4588 cias
766 4548 782 4587 :
809 4534 878 4585 At
910 4534 1054 4586 enim
1116 4544 1221 4588 non
1254 4536 1561 4596 credentes,
1590 4532 1677 4588 die
1713 4532 1867 4598 mihi,
1900 4532 2195 4586 manebunt

629 4624 848 4689 utortui,
901 4638 1001 4677 nec
1052 4637 1172 4677 cum
1229 4626 1350 4681 aliis
1395 4624 1730 4679 ascendenti
1774 4624 1887 4694 ipse
1923 4622 2190 4688 Salvator,

622 4716 752 4785 quid
786 4716 1018 4785 amplius
1053 4718 1283 4772 habituri
1322 4717 1453 4777 sint,
1494 4715 1586 4784 qui
1629 4715 1996 4779 crediderunt,
2036 4714 2193 4769 nobis

623 4811 1037 4873 demonstravit,
1073 4812 1143 4863 ita
1192 4809 1415 4876 loquens
1442 4821 1457 4858 :
1486 4824 1506 4857 ι
1542 4806 1651 4861 Fur
1683 4820 1788 4860 non
1819 4807 1969 4862 venit
2004 4807 2104 4861 nisi
2136 4814 2195 4859 ut

625 4902 857 4969 furelur,
896 4909 949 4958 et
987 4902 1197 4971 perdat.
1235 4899 1345 4970 Ego
1384 4899 1504 4953 veni
1540 4908 1597 4953 ut
1626 4899 1791 4953 vitam
1836 4899 2100 4964 habeant,
2132 4908 2187 4952 et

623 4998 989 5053 abundantius
1047 4999 1283 5052 habeant
1325 4997 1367 5050 ⁸.
1432 5011 1456 5049 ι
1504 4994 1865 5061 Quamobrem
1913 5000 2193 5063 resurgth

624 5091 840 5159 quidem
886 5105 1095 5153 omnes,
1135 5088 1286 5158 probi
1324 5096 1371 5142 et
1416 5087 1677 5157 improbi;
1717 5087 1809 5141 sed
1850 5101 1957 5140 non
2002 5099 2191 5140 omnes

624 5182 899 5236 habebunt
932 5182 1062 5236 illud
1100 5200 1118 5232 ι
1151 5180 1532 5234 abundantius.
1574 5196 1593 5231 ι
1624 5178 1724 5245 Qui
1755 5178 1897 5231 enim
1931 5192 2034 5230 non
2065 5188 2194 5232 sunt

624 5273 844 5340 Christi,
907 5287 1043 5343 quos
1081 5271 1413 5327 inﬁdelitatis
1448 5270 1742 5326 sceleribus
1772 5267 2041 5323 involutos
2072 5281 2193 5322 esse

622 5374 856 5427 constat,
918 5365 968 5418 in
1015 5364 1276 5418 extremis
1306 5366 1469 5417 vitam
1515 5370 1689 5415 morte
1724 5359 1993 5413 duriorem
2028 5360 2190 5413 habe-

625 5455 775 5509 bunt.
794 5451 1081 5507 Rationem
1105 5455 1245 5507 enim
1276 5463 1330 5508 et
1357 5453 1768 5508 commissorum
1784 5461 1839 5505 et
1856 5450 2192 5506 inﬁdelitatis

623 5544 870 5598 reddent.
926 5543 1027 5607 Qui
1080 5550 1258 5595 autem
1308 5548 1435 5595 sunt
1480 5540 1626 5608 eius,
1676 5542 1877 5610 quique
1924 5541 2188 5611 spirituali

619 5649 744 5692 cum
786 5636 895 5691 Deo
942 5633 1179 5688 amicitia
1225 5631 1534 5703 locupletati
1582 5642 1725 5701 sunt,
1758 5644 1814 5690 et
1860 5649 2068 5690 morum
2112 5633 2192 5687 in-

701 5817 723 5850 ¹
762 5820 955 5872 ΙέΖυιλΙΙ.
993 5834 1171 5881 xxxw,
1204 5817 1294 5871 23.

1376 5818 1392 5848 ³
1429 5815 1563 5870 PH"
1606 5831 1746 5881 λίιλἸν
1782 5816 1866 5868 Ιθ·
1945 5815 1965 5847 ⁸
1989 5816 2164 5870 Uttlal.
2197 5830 2248 5879 ν,
2280 5814 2370 5867 ΣΗ.
2449 5814 2469 5844 ⁸
2494 5812 2646 5866 ειυςιιι.
2688 5827 2758 5876 Xt,
2798 5812 2881 5866 i5.

2304 3256 2419 3328 ἕνα,
2448 3264 2542 3317 καὶ
2562 3266 2819 3334 ποιμανεῖ
2849 3264 3070 3327 αὐτοὺς,
3094 3262 3183 3317 τὸν
3216 3262 3401 3317 δοῦλόν
3433 3276 3536 3333 μου
3561 3262 3749 3326 Δαὸὶδ,
3788 3263 3879 3317 καὶ

2303 3355 2453 3408 ἔσται
2492 3356 2668 3410 αὐτῶν
2704 3356 2931 3427 ποιμήν.
2985 3369 3006 3407 i
3052 3356 3339 3426 Ὄνομάζει
3382 3354 3439 3407 δὲ
3486 3353 3651 3407 Δασὶδ
3694 3354 3787 3408 τὸν
3819 3356 3880 3407 ὲκ

2305 3449 2615 3519 σπέρματος
2646 3447 2813 3501 Δαϐὶδ
2857 3446 3120 3516 γεγονότα
3181 3447 3325 3500 κατὰ
3375 3446 3554 3515 σάρκα
3622 3447 3876 3517 Χριστόν.

2301 3539 2506 3593 Οὐκοῦν
2566 3538 2913 3609 κεκλημένης
2963 3537 3063 3609 ήδη
3119 3538 3219 3605 τῆς
3275 3538 3387 3590 τῶν
3446 3538 3614 3591 ἐθνῶν
3655 3538 3878 3607 ἀγέλης,

2302 3627 2775 3698 είσκομισϐήσεται
2807 3627 3111 3689 τελευταῖος
3134 3628 3164 3679 ὁ
3202 3627 3437 3699 Ἰσραὴλ,
3470 3629 3566 3681 καὶ
3613 3628 3723 3681 ὑπὸ
3752 3630 3881 3699 μίαν

2301 3714 2519 3768 ἔσονται
2549 3716 2749 3777 πάντες
2802 3714 3000 3787 ἀρχήν.
3060 3715 3167 3768 Καὶ
3191 3716 3569 3787 ἀναϐήσονται,
3609 3716 3880 3787 φησὶν,ὲκ

2299 3802 2399 3871 τῆς
2426 3801 2553 3872 γῆς.
2593 3803 2753 3873 Δηλοῖ
2783 3804 2861 3869 δὲ,
2891 3799 3066 3873 οἶμαι,
3096 3805 3248 3856 τουτὶ
3290 3806 3404 3867 τοῖς
3438 3803 3649 3859 νοοῦσιν
3679 3805 3876 3877 ὀρθῶς,

2298 3895 2333 3965 ἦ
2360 3895 2442 3947 ὅτι
2467 3895 2639 3964 πάντη
2694 3911 2753 3947 τε
2812 3894 2906 3947 καὶ
2954 3893 3176 3957 πάντως
3225 3895 3285 3956 ἐς
3340 3894 3430 3947 τὸν
3486 3894 3582 3947 τοῦ
3627 3896 3878 3965 Σωτῆρος

2302 3984 2710 4057 προσηκάμενοι
2747 3983 2931 4052 ζυγὸν,
2965 3981 3367 4055 ἀποστήσονται
3402 3983 3589 4039 λοιπὸν
3618 3984 3715 4037 τοῦ
3750 4002 3878 4058 φροι-

2298 4078 2408 4128 νείν
2441 4074 2509 4128 τὰ
2536 4074 2627 4128 ἐπὶ
2651 4074 2746 4145 τῆς
2772 4074 2896 4144 γῆς,
2934 4075 3026 4128 καὶ
3057 4074 3318 4144 ἀμείνους
3340 4074 3553 4129 ἔσονται
3588 4077 3871 4149 φρονήμα-

2296 4182 2386 4229 τος
2414 4162 2699 4235 σαρκικοῦ,
2730 4162 2981 4233 (τοιοῦτοι
2998 4164 3106 4235 γὰρ
3127 4163 3327 4228 πάντες
3346 4166 3397 4218 οἱ
3423 4165 3528 4219 ὑπὸ
3543 4167 3768 4237 Χριστῷ
3790 4183 3879 4235 γι-

2298 4257 2533 4322 γονότες,
2572 4257 2666 4310 καὶ
2711 4255 3040 4309 πιστώσεται
3069 4255 3244 4324 λέγων
3278 4257 3306 4309 ό
3357 4258 3631 4328 μακάριος
3678 4257 3875 4311 Δαϐίδ·

2302 4349 2459 4401 «Ὅτι
2492 4346 2586 4401 τοῦ
2610 4347 2742 4400 Θεοῦ
2774 4350 2823 4401 oi
2857 4347 3125 4418 κραταιοὶ,
3155 4347 3255 4415 τῆς
3283 4348 3388 4417 γῆς
3408 4350 3612 4419 σφόδρα
3639 4349 3879 4421 ἐπήρθη-

2299 4452 2417 4504 σαν,
2432 4458 2449 4489 ι
2479 4436 2690 4508 καὶμὴν
2707 4438 2801 4490 καὶ
2822 4440 2850 4490 ό
2873 4436 3096 4500 Παῦλος
3123 4454 3142 4488 ι
3171 4438 3234 4490 0i
3253 4437 3309 4490 δὲ
3332 4436 3424 4489 τοῦ
3437 4437 3673 4509 Χριστοῦ
3705 4436 3876 4509 Ἰησοῦ

2299 4529 2397 4598 τὴν
2428 4527 2605 4597 σάρκα
2641 4528 2990 4599 ἐσταύρωσαν
3035 4527 3131 4580 σὺν
3164 4528 3276 4591 τοῖς
3316 4526 3604 4598 παθήμασι
3637 4529 3735 4581 καὶ
3764 4530 3877 4589 ταῖς

2301 4619 2697 4691 ἐπιθυμίαις»)
2716 4620 2899 4690 ήγουν,
2930 4619 3014 4671 ὅτι
3035 4617 3313 4682 τεύξονται
3338 4619 3433 4671 καὶ
3461 4619 3613 4672 αὐτοὶ
3640 4619 3741 4689 τῆς
3761 4621 3878 4673 ἀνα·

2304 4712 2545 4774 στάσεως
2564 4711 2671 4763 τῶν
2694 4709 2921 4780 νεκρῶν.
2956 4710 3103 4779 Ἔφη
3146 4710 3258 4780 γάρ
3291 4726 3393 4762 που
3421 4710 3516 4763 καὶ
3544 4712 3573 4763 ὁ
3603 4710 3873 4781 Χριστός’

2306 4826 2324 4859 ι
2379 4804 2551 4876 Ἀμὴν
2602 4803 2745 4871 λέγω
2793 4802 2940 4870 ὑμῖν,
2967 4801 3049 4855 ὅτι
3089 4803 3198 4865 πᾶς
3243 4803 3272 4854 ὁ
3320 4801 3590 4854 πιστεύων
3630 4804 3710 4866 είς
3755 4802 3875 4871 ἐμὲ,

2295 4900 2399 4955 κᾶν
2420 4894 2690 4967 ἀποθάνῃ,
2744 4893 2992 4966 ζήσεται.
3031 4911 3049 4944 ι
3084 4893 3277 4947 Καίτοι
3305 4893 3423 4956 πῶς
3453 4893 3553 4945 οὐκ
3584 4894 3877 4961 ἀναγκαῖον

2299 4990 2495 5055 είπεῖν,
2551 4988 2615 5042 Οἱ
2677 4986 2786 5056 γὰρ
2812 4986 2886 5056 μὴ
2925 4984 3295 5051 πιστεύοντες,
3335 4983 3456 5038 εἰπέ
3503 5002 3614 5054 μοι,
3656 4984 3874 5054 μενοῦσι

2298 5082 2505 5155 νεκροὶ,
2543 5080 2642 5133 οὐκ
2674 5077 3033 5149 ἀναϐήσονται
3062 5077 3118 5130 δὲ
3156 5079 3267 5140 τοῖς
3310 5076 3489 5140 ἀλλοις
3518 5075 3685 5147 ditat");
3720 5078 3875 5130 Ποῖον

2298 5171 2391 5233 οὖν
2415 5172 2523 5246 ἀρα
2551 5174 2663 5235 τοῖς
2707 5168 3095 5223 πεπιστευκόσι
3143 5168 3204 5221 τὸ
3245 5169 3519 5238 περιττὸν,
3552 5166 3715 5230 αὐτὸς
3742 5168 3881 5237 ἡμῖν

2299 5263 2576 5329 ὑπέδειξεν
2634 5265 2661 5317 ὁ
2699 5260 2909 5331 Σωτὴρ,
2936 5259 3078 5312 οὓτω
3108 5258 3281 5326 λέγων
3302 5274 3316 5288 ο
3347 5274 3366 5307 ι
3410 5258 3469 5311 '0
3511 5257 3752 5326 κλέπτης
3782 5258 3875 5310 οὐκ

2302 5357 2541 5429 ἔρχεται,
2567 5357 2615 5407 εί
2648 5354 2723 5425 μὴ
2745 5354 2829 5406 ἵνα
2856 5351 3048 5422 κλέψῃ,
3078 5350 3173 5404 καὶ
3206 5349 3468 5419 ἀπολέσῃ.
3505 5348 3647 5415 Ἐγὼ
3690 5344 3870 5417 ἦλθον.

2300 5450 2387 5503 ἴνα
2445 5447 2591 5519 ζωὴν
2650 5446 2854 5517 ἔχωσι,
2901 5444 2995 5497 καὶ
3047 5442 3303 5514 περισσὸν
3359 5441 3574 5511 ἔχωσιν.
3611 5459 3630 5490 ι
3666 5436 3872 5493 Ούκοῦν

2299 5541 2692 5610 ἀναστήσονται
2734 5538 2831 5606 μὲν
2866 5538 3127 5600 ἅπαντες,
3173 5535 3398 5604 πονηροί
3430 5550 3491 5585 τε
3530 5526 3624 5585 καὶ
3656 5529 3867 5598 ἀγαθοὶ.

2298 5632 2412 5687 ἀλλ’
2451 5633 2513 5686 οὐ
2539 5632 2737 5693 πάντες
2765 5629 2948 5701 ἔχουσι
2991 5647 3010 5679 ι
3049 5629 3109 5681 τὸ
3131 5626 3406 5699 περιττόν.
3463 5645 3481 5676 ι
3523 5625 3585 5677 Οἱ
3629 5623 3727 5695 μὲν
3765 5621 3872 5690 γὰρ

2965 5812 2984 5841 ⁸
3013 5808 3166 5863 «Ιωηιι.
3207 5822 3257 5871 Σ,
3290 5806 3369 5859 10.
