4094 6600
264 450 355 509 ’57

1196 453 1749 515 COMMENTARWS
1784 458 1857 515 IN
1890 460 2122 517 OSEAM
2171 457 2617 516 PROPHETAM.
3466 453 3535 510 58

283 569 386 623 οὐκ
419 567 570 630 ὄντες
601 564 861 637 Χριστοῦ,
891 565 979 621 διὰ
1003 564 1065 620 τὸ
1096 569 1206 633 τοϊς
1224 568 1325 639 τῆς
1352 568 1639 634 ἀπειθείας
1663 571 1852 642 emt}.

1967 575 2221 646 tegritate
2247 579 2530 641 praestant,
2559 575 2756 638 praeter
2784 580 3133 624 communem
3172 568 3534 622 resurrectio-

289 675 455 731 μασιν
484 656 906 729 ἐνειλημμένους
924 658 1174 730 ὁρᾶσθαι,
1212 660 1443 718 θανάτου
1475 662 1862 732 χαλεπωτέραν

282 751 384 821 τὴν
414 751 472 803 ἑν
490 748 817 811 τελευταίοις
843 748 1029 814 ἕξουσι
1049 749 1217 822 ζωήν.
1257 752 1600 807 Ἀποτίσουσι
1628 753 1737 826 γάρ
1777 754 1863 808 λό-

283 858 416 910 γους
444 841 539 895 καὶ
564 840 673 893 τῶν
701 841 1078 912 ὲπταισμένων
1135 844 1229 897 καὶ
1253 844 1352 915 τῆς
1382 843 1687 909 ἀπειθείας.
1711 845 1776 900 Oi
1799 846 1860 900 δέ

282 950 348 1000 γε
376 932 528 995 ὅντες
561 932 751 999 αὐτοῦ,
778 934 874 987 καὶ
914 935 1029 987 ὅσοι
1060 928 1156 988 τοῦ
1198 935 1510 1006 πνεύματος
1552 938 1861 1009 οἰκειότητα

282 1024 383 1093 τὴν
416 1022 555 1094 πρὸς
577 1024 709 1076 Θεὸν
739 1024 1201 1097 πεπλουτηκότες,
1238 1027 1334 1081 καὶ
1362 1027 1558 1096 ἀγαθοὶ
1581 1032 1704 1093 τοὺς
1734 1030 1863 1101 τρόο

283 1131 441 1179 πους,
478 1114 616 1185 πρὸς
660 1118 726 1186 τῇ
778 1117 1072 1171 ἀναστάσει
1101 1121 1171 1190 τῇ
1222 1122 1401 1191 κοινῇ,
1441 1121 1537 1175 καὶ
1570 1120 1650 1191 τῷ
1677 1121 1862 1175 παλιν-

281 1206 552 1277 δρομῆσαι
574 1207 710 1278 πρὸς
745 1206 910 1278 ζωὴν,
960 1210 1141 1282 πάντη
1166 1228 1229 1265 τε
1273 1212 1375 1265 καὶ
1426 1213 1643 1276 πάντως
1673 1213 1858 1280 ’ἐξουσι

281 1298 351 1351 τά
378 1299 642 1369 ἑπόμενα,
677 1302 947 1369 τουτέστι,
973 1303 1042 1356 τὰ
1070 1303 1241 1374 δῶρα,
1264 1304 1369 1368 τὰς
1387 1305 1573 1376 τιμὰς,
1602 1307 1729 1369 τοὺς
1746 1323 1863 1360 στε-

282 1391 505 1459 φάνους,
535 1391 636 1455 τὰς
661 1392 915 1462 ἀμοιϐὰς,
942 1394 1042 1465 τὴν
1080 1394 1455 1467 λαμπρότητα.
1509 1399 1619 1451 Καὶ
1649 1415 1858 1471 μαρτυ-

282 1481 444 1550 ρήσει
476 1480 651 1549 λέγων
673 1482 702 1534 ό
734 1483 966 1548 Παῦλος,
993 1503 1012 1536 ι
1046 1484 1180 1539 Ἰδοὺ
1207 1488 1504 1558 μυστήριον
1526 1490 1652 1559 ὑμῖν
1678 1489 1820 1555 λέγω
1839 1508 1857 1523 ο

280 1571 493 1636 Πάντες
528 1573 629 1643 μὲν
655 1574 717 1626 οὐ
754 1575 1232 1647 κοιμηθησόμεθαο
1280 1579 1329 1631 οἱ
1374 1578 1575 1642 πάντες
1609 1579 1667 1633 δὲ
1698 1580 1859 1634 ἀλλα-

278 1661 584 1733 γησόμεθα,
635 1665 695 1717 ὲν
740 1664 950 1735 ἀτόμῳ,
1008 1667 1066 1720 ὲν
1122 1669 1257 1739 ῥιπῇ
1321 1667 1624 1739 ὀφθαλμοῦ,
1688 1672 1748 1723 ὲν
1787 1672 1854 1741 τῇ

277 1754 486 1825 ἐσχάτῃ
527 1755 808 1824 σάλπιγγι·
842 1757 1097 1811 σαλπίσει
1127 1759 1256 1830 γὰρ,
1280 1759 1375 1813 καὶ
1394 1761 1444 1812 οἱ
1474 1762 1660 1831 νεκροὶ
1696 1762 1855 1832 ἐγερο

278 1844 539 1916 θήσονται
610 1846 903 1919 ἄφθαρτοι,
971 1850 1067 1903 καὶ
1113 1851 1272 1921 ἡμεῖς
1327 1850 1768 1921 ἀλλαγησόμεθα.
1829 1870 1851 1905 ›

1965 682 2089 722 nem
2159 674 2215 720 et
2266 663 2500 718 reditum
2558 661 2613 715 in
2650 660 2852 724 vitam,
2902 659 3063 729 plane
3112 658 3389 715 habebunt
3416 675 3561 730 quae-

1960 764 2384 826 consequuntur,
2441 754 2544 809 hoc
2603 760 2707 817 est,
2759 752 2922 817 dona,
2976 751 3231 820 honores,
3278 766 3534 817 coronas,

1962 847 2444 911 remunerationes,
2475 843 2780 900 claritatem
2803 882 2819 908 ,
2851 842 2993 911 quod
3036 841 3238 897 Paulus
3278 840 3533 898 testiﬁca-

1963 948 2095 995 tur:
2126 956 2145 991 ι
2193 939 2332 994 Ecce
2395 936 2718 1008 mysterium
2776 948 2877 1005 ego
2928 934 3084 989 vobis
3134 933 3534 989 dico:0mnes

1959 1030 2181 1100 quidem
2227 1044 2334 1085 non
2378 1029 2729 1094 dormiemus,
2758 1040 2951 1082 omnes
2992 1036 3172 1081 autem
3223 1026 3532 1081 immutabi-

1960 1137 2103 1187 mur,
2158 1124 2215 1177 in
2263 1131 2570 1186 momento,
2617 1122 2674 1175 in
2743 1122 2850 1175 ictu
2895 1120 3035 1174 oculi
3068 1159 3084 1183 ,
3125 1119 3178 1173 in
3241 1118 3532 1172 novissima

1916 1262 1921 1265 .
1963 1215 2087 1268 tuba
2124 1232 2139 1268 :
2169 1223 2330 1270 canet
2359 1214 2505 1268 enim
2541 1213 2691 1275 tuba,
2721 1222 2775 1267 et
2810 1212 3011 1267 mortui
3046 1219 3328 1281 resurgeut
3353 1210 3533 1264 incor-

1960 1304 2124 1373 rupti,
2152 1313 2209 1359 et
2234 1319 2337 1359 nos
2370 1304 2780 1360 immutabimur
2799 1304 2877 1356 ⁷.»
2908 1301 3087 1371 lnqnit
3105 1302 3303 1371 igitur:
3332 1301 3534 1354 Ascen-

1959 1395 2088 1450 deut
2130 1396 2198 1452 de
2242 1405 2385 1452 terra
2412 1435 2428 1462 ,
2473 1397 2577 1452 hoc
2614 1404 2733 1458 est,
2785 1402 3093 1449 sanctorum
3129 1393 3294 1446 vitam
3347 1402 3400 1446 et
3435 1392 3533 1458 ipsi

1960 1489 2163 1553 vivent,
2214 1489 2337 1557 quia
2386 1502 2611 1557 magnus
2649 1488 2764 1542 dies
2811 1485 3044 1541 Jenrael.
3129 1484 3350 1553 Magnus
3389 1483 3532 1537 enim

1959 1592 2146 1632 revera
2179 1579 2295 1634 dies
2322 1578 2548 1642 Christi,
2577 1592 2682 1646 quo
2715 1592 2904 1631 omnes
2937 1578 3042 1629 vita
3074 1576 3294 1629 functos
3325 1575 3532 1628 excita—

1958 1670 2057 1726 bit.
2097 1671 2163 1724 Et
2200 1671 2490 1726 descendet
2518 1670 2743 1739 quidem
2783 1671 2849 1724 de
2894 1668 3070 1733 creio,
3106 1667 3317 1723 sedebit
3349 1674 3533 1720 autem

1957 1778 2121 1832 super
2171 1763 2365 1817 throno
2418 1762 2601 1830 glorim
2656 1776 2793 1827 suae,
2842 1777 2862 1812 ι
2900 1769 2959 1815 et
3004 1759 3193 1813 reddet
3244 1757 3534 1826 unicuique

1953 1854 2103 1922 juxta
2130 1869 2294 1923 opera
2321 1854 2492 1908 sua’.)
2526 1853 2684 1919 Quod.
2704 1852 2749 1908 si
2777 1852 2901 1922 quis
2928 1866 3024 1921 per
3055 1851 3199 1905 diem
3231 1848 3533 1918 intelligere

290 1935 683 2008 ’Δναόήσονται
722 1938 944 2005 τοίνυν,
998 1941 1155 2010 φησὶ,
1198 1940 1314 1994 ἀπὸ
1368 1941 1468 2011 τῆς
1508 1943 1647 2013 γῆς,
1696 1960 1852 1996 τουτε

1956 1947 2108 2001 malit
2156 1956 2367 2018 tempus
2411 1948 2699 2011 adventus,
2733 1962 2841 2017 quo
2889 1944 3137 2001 remissio
3185 1953 3531 2014 peccatorum

276 2024 417 2093 ἐστι,
464 2028 563 2098 τὴν
626 2029 737 2082 τῶν
778 2030 949 2098 ἀγίων
992 2031 1088 2085 καὶ
1131 2032 1286 2085 αὐτοὶ⁵
1349 2031 1604 2102 ξήσονται
1670 2035 1851 2106 ζωὴν,

274 2121 359 2174 ὅτι
395 2121 607 2191 μεγάλη
637 2122 672 2192 ή
698 2121 885 2193 ἡμέρα.
913 2122 1008 2176 τοῦ
1051 2123 1311 2194 ἰεςραέλο
1348 2125 1575 2196 Μεγάλη
1623 2125 1737 2196 γὰρ
1763 2127 1851 2180 δν·-

274 2228 385 2274 τως
411 2212 449 2283 ἡ
476 2212 661 2283 ἡμέρα
686 2213 947 2284 Χριστοῦ,
989 2214 1110 2267 καθ’
1142 2215 1209 2286 ἦν
1237 2214 1481 2279 ἅπαντας
1511 2218 1695 2286 ἐγερεῖ
1724 2216 1855 2281 τοὺς

273 2303 523 2373 νεκρούς.
564 2305 673 2358 Καὶ
714 2306 1080 2377 καταϐήσεται
1121 2306 1220 2377 μὲν
1259 2307 1321 2375 ἐξ
1345 2309 1595 2379 οὐρανοῦ,
1639 2309 1851 2363 καθίσει

271 2396 332 2449 δὲ
365 2398 457 2450 ἐπὶ
497 2396 686 2469 θρόνου
714 2398 872 2469 δόξης
901 2399 1088 2454 αὑτοῦ.
1126 2419 1145 2451 ι
1187 2401 1297 2454 Καὶ
1332 2400 1601 2455 ἀποδώσει
1636 2403 1852 2472 ἑκάστῳ

1958 2039 2158 2094 tributa
2202 2042 2351 2095 est'a
2395 2039 2617 2094 Christo
2659 2038 2865 2095 Gracia
2894 2046 2951 2093 et
2993 2037 3212 2100 Judtcis,
3248 2044 3304 2091 et
3337 2035 3425 2103 qni
3477 2034 3529 2086 in

1956 2129 2129 2196 ipsum
2174 2139 2571 2197 peccaverunt,
2605 2130 2769 2185 etiam
2813 2130 2903 2184 hic
2948 2144 2977 2182 a
3008 2128 3098 2181 via
3130 2126 3375 2180 veritatis
3424 2138 3530 2178 non

1957 2220 2254 2276 aberrabit.
2307 2220 2442 2275 Nam
2475 2231 2527 2276 et
2558 2222 2727 2275 David
2760 2222 2843 2276 sic
2875 2224 2941 2275 dc
2988 2229 3227 2287 tempore
3269 2218 3532 2272 adventus

1957 2311 2183 2380 loquens
2209 2311 2287 2366 ait
2313 2330 2327 2366 :
2353 2330 2370 2363 ι
2399 2311 2525 2368 Haec
2546 2313 2684 2377 dies,
2703 2326 2867 2380 quam
2889 2310 3021 2366 fecit
3042 2311 3324 2375 Dominus,
3354 2306 3532 2363 exsul-

1956 2412 2130 2460 temus
2163 2413 2215 2459 et
2248 2406 2491 2460 laetemur
2524 2407 2577 2459 in
2604 2406 2718 2460 ea.“
2744 2424 2765 2459 ι

272 2489 419 2542 κατά
454 2488 523 2542 τά
568 2488 706 2560 ἔργα
753 2489 940 2545 αὑτοῦ.
994 2510 1013 2544 ι
1081 2491 1142 2545 Ei
1184 2492 1242 2545 δὲ
1286 2492 1349 2563 δὴ
1395 2492 1638 2562 βούλοιτό
1684 2510 1767 2555 τις
1828 2494 2042 2564 ἡμέραν
2102 2498 2247 2549 νοεῖν
2299 2496 2389 2549 τὸν
2458 2496 2558 2566 τῆς
2618 2495 2914 2567 ἐπιδημίας
2971 2495 3187 2566 καιρὸν,
3239 2493 3360 2547 καθ’
3388 2492 3449 2545 ὃν
3496 2492 3531 2561 ἡ

271 2577 471 2648 ἄφεσις
501 2579 612 2633 τῶν
630 2582 1038 2653 ἡμαρτημένων
1059 2584 1240 2637 δέδοτο
1284 2584 1434 2656 παρὰ
1459 2584 1697 2653 Χριστοῦ
1721 2586 1947 2657 Ἕλλησί
1966 2605 2027 2641 τε
2064 2589 2159 2642 καὶ
2199 2588 2493 2654 Ἰουδαίοις,
2523 2591 2617 2642 καὶ
2645 2592 2759 2652 τοῖς
2821 2590 2903 2651 είς
2974 2588 3138 2643 αὑτὸν
3206 2587 3533 2657 πεπλημμε-

269 2670 485 2742 ληκόσι,
508 2671 740 2724 κατευθὺ
767 2674 861 2726 καὶ
897 2667 1050 2736 οὗτος
1071 2674 1179 2726 τῶν
1210 2675 1310 2744 τῆς
1347 2675 1604 2745 ἀληθείας
1643 2674 1908 2744 βαδιεῖται
1968 2675 2162 2746 λόγων.
2197 2676 2359 2734 Οὕτω
2418 2678 2513 2732 καὶ
2545 2679 2573 2731 ὁ
2606 2678 2771 2732 Δαϐὶδ
2833 2679 2936 2749 τῆς
2976 2676 3070 2731 τοῦ
3098 2677 3346 2747 Σωτῆρος
3375 2674 3531 2745 ἡμῶν

269 2762 561 2835 ἐπιδημίας
598 2765 691 2819 τὸν
737 2765 928 2835 καιρὸν
966 2766 1250 2836 ὑποφαίνει
1302 2766 1508 2837 λέγων’
1558 2785 1577 2819 ι
1617 2766 1767 2838 Αὕτη
1807 2770 1848 2840 η
1881 2769 2064 2841 ἡμέρα
2123 2770 2191 2841 ἢν
2245 2770 2500 2842 ἐποίησεν
2542 2772 2573 2824 ὁ
2632 2769 2858 2841 Κύριος,
2909 2769 3387 2842 ἀγαλλιασώμεθα,
3435 2767 3529 2823 καὶ

268 2857 667 2928 εὐφρανθῶμεν
696 2862 755 2913 ὲν
779 2860 939 2932 αὐτῇ.
978 2878 998 2913 ι

869 2951 1124 3004 ΚΕΦΔΛ.
1176 2951 1251 3004 B’.

338 3038 562 3093 Εἴπατε
609 3037 693 3105 τῷ
733 3038 974 3107 ἀδελφῷ
1024 3040 1212 3108 ὑμῶν,
1244 3040 1404 3107 Λαός
1436 3058 1584 3111 μου,
1626 3042 1729 3098 καί
1773 3040 1851 3111 τῇ

268 3126 510 3207 ἀδελφῇ
536 3127 723 3197 ὑμῶν,
765 3128 1111 3196 Ἡλεημένη.

342 3220 403 3273 1'.
466 3218 804 3287 ’Δναγκαίως
860 3220 1065 3299 σφόδρα
1109 3220 1223 3284 τοῖς
1281 3221 1381 3293 ἤδη
1434 3223 1851 3294 προειρημένοις

272 3310 526 3381 ἐπιφέρει
558 3311 653 3364 καὶ
679 3308 868 3363 ταῦτα.
928 3310 1146 3383 Ἐπειδὴ
1177 3312 1288 3384 γὰρ
1320 3313 1563 3385 εἴρηκεν,
1616 3315 1692 3377 ὼς
1746 3316 1853 3369 ὑπὸ

275 3401 407 3472 μίαν
439 3402 654 3455 ἔσονται
685 3402 883 3466 πάντες
899 3404 1096 3474 ἀρχὴν,
1113 3405 1328 3469 οὐδενὸς
1341 3405 1422 3459 ἔτι
1437 3406 1852 3477 διατειχίζοντος

270 3492 694 3565 ἢδιατέμνοντος
704 3494 783 3555 είς
796 3493 1082 3564 διχόνοιαν,
1108 3496 1417 3567 κρατούσης
1431 3496 1492 3549 δὲ
1516 3497 1715 3568 μᾶλλον
1731 3499 1855 3569 ὀμο-

270 3585 493 3656 ψυχίας,
523 3585 617 3639 καὶ
636 3586 715 3648 εἰς
747 3585 976 3655 ἑνότητα
999 3585 1101 3657 τὴν
1117 3587 1176 3641 ὲν
1196 3585 1469 3659 πνεύματι
1485 3587 1853 3658 συλλεγούσης

271 3674 521 3737 ἅπαντας
551 3674 649 3744 τῆς
680 3676 761 3737 είς
780 3675 1014 3746 Χριστὸν
1046 3675 1300 3743 πίστεως,
1330 3677 1516 3732 λοιπὸν
1538 3680 1852 3748 ἀναγκαίως

269 3763 333 3819 τὺ
353 3760 567 3835 πνεῦμα
590 3765 929 3836 προστέταχε
954 3769 1067 3831 τοῖς
1083 3767 1183 3839 ήδη
1209 3769 1310 3839 τὴν
1330 3769 1511 3825 πίστιν
1540 3770 1848 3840 πεπλουτη-

272 3854 518 3919 κόσι,καὶ
544 3855 821 3923 γεγονόσιν
838 3855 941 3908 ὑπὸ
964 3856 1206 3927 Χριστῷ,
1224 3858 1423 3929 μηκέτι
1442 3859 1541 3931 τὴν
1557 3860 1693 3931 πρὸς
1706 3860 1851 3913 ὲκεί-

270 3962 398 4008 νους
428 3945 1016 4015 είρήνηνξάποσείεσθαι
1041 3946 1236 4015 φιλεῖν,
1262 3948 1311 4001 οἳ
1330 3948 1555 4012 δικαίως
1585 3950 1851 4019 κέκληντο

281 4036 347 4089 ’Υ
361 4034 489 4099 λαός
517 4053 640 4104 μου,
659 4036 754 4089 καὶ
788 4036 1113 4109 ἰἰλεημένη.
1134 4038 1555 4109 Είσδεδεγμένου
1572 4041 1680 4111 γὰρ
1702 4042 1849 4108 ἅπαξ

268 4129 366 4184 τοῦ
414 4131 649 4201 Ἰσραὴλ,
672 4132 767 4184 καὶ
800 4132 1164 4203 νομισαμένου
1197 4133 1296 4203 τὴν
1324 4134 1540 4202 ἄφεσιν,
1568 4136 1660 4188 καὶ
1688 4152 1850 4205 γεγο-

270 4220 422 4285 νότος
443 4222 549 4275 om
585 4222 826 4294 Χριστῷ,
859 4224 976 4287 πῶς
1002 4220 1069 4293 ἦν
1115 4224 1407 4279 ἀκόλουθον
1440 4226 1699 4296 διχονοεῖν
1746 4228 1846 4293 ἔτι,

270 4311 366 4364 καὶ
394 4311 515 4382 οὐχὶ
543 4311 606 4383 δὴ
635 4312 835 4383 μᾶλλον
857 4316 913 4366 ὲν
940 4315 1165 4386 ὁμονοίᾳ
1184 4315 1452 4369 διατελεῖν
1474 4318 1611 4380 ,τοὺς
1648 4318 1730 4372 ἑνὶ
1772 4317 1850 4389 τῷ

269 4404 371 4472 τῆς
399 4401 669 4465 υἱοθεσίας
715 4404 982 4474 πνεύματι
1030 4406 1399 4476 κεκλημένους
1441 4410 1520 4471 είς
1550 4408 1848 4479 ἀδελφότη-

2548 2951 2651 3021 31
2678 2950 2833 3007 CAP.
2874 2950 2937 3005 ιι.

2029 3040 2191 3094 Vsus.
2224 3040 2276 3094 l.
2321 3038 2489 3093 Dicite
2532 3039 2691 3108 fratri
2738 3050 2927 3105 vestro,
2974 3037 3209 3107 Papulas
3255 3059 3427 3111 meus,
3481 3054 3529 3100 et

1956 3132 2124 3185 sorori
2161 3142 2364 3196 vestrm,
2400 3129 2820 3183 Misericordia»:
2853 3141 3147 3186 comesum.

2026 3221 2092 3275 X.
2126 3220 2294 3276 Dictis
2352 3220 2454 3274 ista
2489 3220 2762 3289 subjicere
2803 3220 3024 3276 omnino
3061 3222 3322 3290 oportuit.
3370 3223 3530 3278 Post-

1953 3327 2113 3381 quam
2134 3312 2279 3365 enim
2307 3311 2461 3372 dixit,
2485 3311 2585 3365 sub
2610 3322 2717 3363 uno
2739 3310 3042 3380 principatu
3069 3325 3257 3366 omnes
3289 3311 3529 3389 futuros,

1954 3403 2170 3458 nemine
2223 3402 2276 3456 in
2327 3409 2601 3469 posterum
2642 3400 2710 3452 ad
2757 3400 3082 3455 discordiam
3129 3401 3419 3457 dirimente
3464 3416 3529 3459 ac

1960 3496 2268 3557 divelleutc,
2300 3493 2479 3562 potius
2517 3491 2824 3546 animorum
2857 3492 3213 3548 consensione
3242 3492 3528 3567 dominan-

1955 3599 2035 3653 te,
2074 3598 2128 3641 et
2177 3587 2244 3641 ad
2301 3585 2557 3639 unionem
2604 3583 2658 3638 in
2704 3582 2898 3653 spiritu
2972 3582 3098 3639 ﬁdei
3146 3583 3200 3638 in
3249 3582 3529 3639 Christum

1951 3693 2140 3735 omnes
2189 3675 2514 3745 colligente,
2578 3676 2646 3729 de
2696 3684 2890 3728 caetero
2937 3677 3250 3728 necessario
3301 3674 3528 3744 spiritus

1946 3770 2127 3840 jussit,
2157 3770 2258 3823 ﬁde
2278 3768 2389 3837 jam
2426 3767 2698 3835 praeditos,
2734 3774 2789 3820 et
2820 3767 2919 3820 sub
2961 3766 3235 3820 Christum
3299 3765 3528 3836 subjun-

1954 3874 2097 3927 ctos,
2120 3877 2225 3917 non
2252 3858 2485 3929 amplius
2502 3858 2739 3913 studium
2767 3857 2916 3927 pacis
2943 3871 3069 3926 erga
3093 3858 3213 3912 illos
3239 3858 3526 3927 repellere,

1951 3955 2041 4024 qui
2080 3954 2203 4024 jure
2245 3951 2421 4007 vocati
2472 3950 2582 4004 sint
2621 3948 2847 4018 populus
2888 3963 3063 4016 meus,
3104 3959 3159 4004 et
3211 3951 3526 4007 misericor-

1950 4047 2093 4100 diam
2125 4052 2443 4099 consecuta.
2477 4042 2770 4109 Postquam
2802 4040 2944 4094 enim
2984 4040 3153 4095 semel
3198 4039 3362 4095 Israel
3406 4058 3527 4098 sns-

1950 4147 2139 4204 ceptns
2166 4143 2272 4199 est,
2302 4133 2791 4198 remissionemque
2822 4131 3155 4199 impetravit,
3182 4141 3238 4185 et
3268 4132 3334 4185 ad
3366 4133 3526 4187 Chri-

1953 4238 2093 4281 stum
2135 4240 2195 4281 se
2243 4224 2523 4294 adjunxit,
2561 4237 2669 4291 quo
2717 4231 2876 4291 pacto
2911 4222 3085 4276 adhuc
3127 4223 3423 4287 dissidere,
3471 4231 3525 4277 et

1951 4333 2058 4372 non
2105 4317 2282 4385 potius
2318 4317 2372 4370 in
2415 4313 2709 4370 concordia
2755 4322 3033 4382 perstare,
3089 4314 3142 4366 in
3181 4329 3288 4367 uno
3336 4314 3525 4381 spiritu

1954 4407 2260 4476 adoptionis
2316 4406 2546 4459 ﬁliorum
2602 4404 2692 4458 Dei
2741 4403 2807 4458 ad
2861 4402 3253 4457 fraternitatem
3306 4414 3525 4459 vocatus

267 4508 377 4559 τα;
408 4489 479 4546 Ὦ
507 4494 709 4561 τοίνυν,
733 4496 916 4569 φησὶν,
948 4498 996 4550 οἱ
1035 4497 1214 4551 πίστει
1233 4500 1299 4569 τῇ
1335 4501 1416 4562 είς
1434 4496 1667 4570 Χριστὸν
1692 4500 1847 4553 ἐκλε-

1955 4505 2373 4552 conseutaneum
2436 4495 2575 4548 fuit?
2623 4492 2802 4563 lnquit
2854 4507 2984 4561 ergo
3024 4510 3038 4547 :
3081 4493 3125 4546 Ο
3168 4493 3257 4561 qui
3314 4492 3416 4547 ﬁde
3471 4494 3523 4548 iu

268 4583 709 4657 λαμπρυσμένοι,
737 4585 833 4638 καὶ
856 4585 925 4638 τὰ
954 4586 1052 4657 τῆς
1073 4589 1426 4659 γνησιότητος
1468 4589 1721 4660 λαχόντες
1747 4591 1846 4644 αὐ-

269 4677 517 4747 χήματα,
554 4676 633 4747 τῷ
673 4676 888 4748 ἀδελφῷ
941 4678 1115 4748 ὑμῶν,
1181 4679 1261 4750 τῷ
1307 4680 1475 4733 πάλαι
1507 4681 1729 4745 δικαίως
1772 4682 1846 4735 Οὐ

270 4767 401 4831 λαός
430 4784 532 4837 μου
563 4767 905 4839 κεκλημένῳ,
918 4768 1105 4838 λέγετε
1125 4770 1309 4826 λοιπὸν
1331 4772 1405 4825 Τὸ
1426 4772 1552 4835 λαός
1585 4790 1683 4842 μου
1704 4789 1718 4804 ·
1750 4773 1847 4826 καὶ

267 4861 339 4929 τῇ
398 4859 598 4931 ἀδελφῇ
640 4861 814 4930 ὑμῶν,
885 4864 951 4933 τῇ
1007 4863 1120 4915 Οὐκ
1162 4864 1461 4936 ἠλεημένῃ,
1524 4865 1709 4934 λέγετε
1765 4864 1849 4931 τὸ,

272 4951 586 5023 Ηλεημένη.
612 4953 722 5005 Καὶ
752 4953 862 5024 γάρ
888 4955 1036 5006 ἐστιν
1078 4955 1393 5022 ἀναγκαῖον,
1430 4955 1745 5028 σύμφρονας
1772 4955 1850 5025 τῷ

270 5042 518 5114 Δεσπότῃ
550 5045 674 5107 τοὺς
705 5043 807 5096 ὑπὸ
830 5048 987 5116 χεῖρα
1019 5046 1304 5113 φαίνεσθαι
1336 5046 1518 5112 λαοὺς,
1546 5049 1641 5102 καὶ⁵
1677 5047 1850 5101 ταύτὰ

272 5132 560 5205 βούλεσθαι
590 5134 667 5203 τῷ
705 5137 895 5206 πατρὶ,
935 5137 1063 5199 τοὺς
1104 5138 1184 5200 είς
1217 5137 1445 5208 ἑνότητα
1480 5138 1849 5209 κεκλημένους

268 5226 360 5279 διά
387 5224 488 5295 τῆς
522 5227 775 5297 χάριτος
818 5227 1043 5296 ἥδεσθαί
1086 5246 1145 5281 τε
1188 5230 1408 5300 μᾶλλον,
1451 5232 1533 5284 ὅτι
1580 5232 1848 5284 σέσωσται

267 5319 333 5372 τὸ
356 5321 701 5390 κατάλειμμα
752 5320 858 5373 τῶν
902 5320 963 5385 ἐξ
1007 5322 1242 5393 Ἰσραὴλ,
1292 5323 1387 5376 καὶ
1438 5324 1485 5376 οἱ
1537 5322 1703 5375 πάλαι
1762 5322 1850 5375 διὰ

272 5410 473 5480 πολλὴν
507 5408 789 5465 ἀπείθειαν
812 5412 1211 5484 ἀπερριμμένοι
1248 5412 1342 5468 νῦν
1367 5413 1622 5482 γεγόνασι
1644 5414 1846 5476 δεκτοὶ,

270 5502 369 5555 καὶ
404 5503 717 5573 ἡγιασμένοι
758 5503 942 5558 λοιπὸν
987 5506 1044 5559 ὲν
1085 5506 1327 5577 Χριστῷ,
1374 5505 1441 5559 δι’
1469 5501 1549 5567 οὗ.
1594 5506 1688 5559 καὶ
1730 5506 1848 5576 μεθ’

268 5585 333 5646 οὗ
356 5593 433 5664 τῷ
460 5594 576 5665 Θεῷ
597 5597 690 5648 καὶ
732 5596 907 5667 Ila.th
943 5599 976 5666 ἡ
1023 5597 1167 5664 δόξα,
1226 5598 1328 5651 σὺν
1377 5597 1454 5668 τῷ
1493 5597 1633 5667 ἁγίῳ
1680 5596 1852 5650 Ilvati-

274 5702 427 5757 ματι,
451 5690 530 5751 εἰς
551 5691 677 5753 τοὺς
705 5689 909 5754 αἰῶνας
934 5690 1043 5744 τῶν
1078 5692 1312 5744 αἰώνων.
1353 5691 1544 5761 Ἀμήν.

1953 4589 2228 4645 Christum
2278 4586 2564 4641 illuminati
2607 4597 3099 4655 germanorumque
3143 4583 3375 4638 ﬁliorum
3406 4584 3521 4653 glo-

1956 4683 2091 4735 riam
2124 4680 2299 4735 sortiti
2341 4680 2498 4741 estis,
2529 4676 2678 4730 fratri
2714 4685 2915 4739 vestro,
2954 4677 3047 4743 qui
3098 4677 3370 4743 quondam
3413 4690 3524 4733 me-

1958 4772 2082 4837 rito,
2116 4769 2233 4824 Non
2251 4768 2475 4839 populus
2510 4781 2683 4829 meus,
2718 4767 3032 4831 vocabatur,
3058 4767 3220 4821 dicite
3267 4768 3521 4822 tandem:

1958 4860 2192 4929 Populus
2230 4874 2414 4927 meus;
2449 4867 2503 4913 et
2540 4857 2713 4913 sorori
2751 4866 2965 4920 vestra,
3008 4870 3128 4924 quae
3155 4856 3269 4910 Non
3316 4857 3523 4911 miseri-

1957 4953 2195 5007 cordiam
2243 4959 2564 5015 consecuta,
2610 4948 2770 5003 dicite
2800 4965 2814 5000 :
2843 4946 3276 5000 Misericordiam
3335 4960 3522 5001 consev

1956 5055 2098 5098 cuta.
2149 5042 2388 5112 Subjecti
2432 5043 2574 5097 enim
2621 5056 2743 5095 cum
2790 5039 3021 5095 Domino
3063 5039 3348 5093 sententiis
3393 5052 3523 5093 con-

1956 5149 2149 5204 gruere
2180 5137 2458 5189 videantur
2496 5146 2717 5187 necesse
2763 5140 2882 5198 est,
2918 5140 2972 5185 et
3003 5130 3189 5185 eadem
3238 5130 3375 5183 velle
3409 5144 3522 5198 qum

1956 5235 2130 5296 pater,
2164 5224 2222 5289 ii,
2253 5223 2344 5293 qui
2376 5222 2428 5275 in
2459 5222 2715 5275 unitatem
2760 5220 2991 5275 ﬁliorum
3036 5234 3133 5289 per
3163 5219 3390 5290 gratiam
3429 5233 3523 5272 vo-

1956 5318 2062 5371 cati
2098 5324 2247 5381 sunt;
2278 5324 2333 5368 et
2376 5313 2547 5369 ltetari
2580 5311 2785 5381 magis,
2821 5311 3058 5367 salvatas
3096 5327 3217 5367 esse
3267 5311 3523 5380 reliquias

1956 5410 2145 5473 lsracl,
2180 5417 2233 5463 et
2262 5409 2350 5477 qui
2385 5406 2509 5461 olim
2539 5414 2759 5474 prepter
2792 5419 3044 5475 magnam
3082 5404 3524 5456 incredulitatem

1961 5500 2141 5567 rejecti
2174 5497 2405 5563 fuerant,
2429 5510 2571 5550 nunc
2601 5494 2893 5562 admissos,
2917 5504 2973 5550 et
3000 5498 3066 5549 de
3089 5503 3288 5548 caatero
3317 5492 3523 5546 sancti-

1962 5591 2148 5645 ﬁcatos
2176 5603 2295 5645 esse
2328 5591 2381 5645 in
2411 5590 2656 5655 Christo,
2690 5603 2788 5659 per
2820 5603 3003 5657 quem,
3050 5594 3103 5641 et
3133 5599 3252 5639 cum
3288 5598 3391 5652 quo
3423 5584 3523 5635 Deo

1961 5690 2015 5734 et
2049 5680 2193 5735 Patri
2224 5683 2410 5750 gloria,
2440 5697 2561 5737 cum
2590 5690 2778 5738 sancto
2805 5680 3005 5750 Spiritu
3039 5678 3091 5733 in
3125 5675 3317 5733 stccula
3353 5689 3521 5729 smon-

1961 5776 2155 5827 lorum.
2199 5773 2388 5828 Amen.

345 5890 365 5920 ⁷
395 5888 412 5943 l
440 5890 562 5945 Cor.
590 5908 676 5957 xv,
707 5893 791 5953 5i,
835 5892 921 5949 52.
1001 5893 1021 5924 ⁸
1059 5892 1247 5949 Matth.
1284 5908 1389 5956 xvi,
1422 5893 1509 5948 ‘27.
1588 5895 1607 5925 °
1642 5892 1782 5947 l‘sal.
1807 5907 1975 5957 cxvtt,
2008 5891 2097 5946 2L
