4094 6562
613 385 683 441 59
1637 381 1696 438 S.
1737 378 2014 441 CYRILLI
2050 387 2527 444 ALEXANDRINI
2565 385 2885 443 ARClllEP.
3798 402 3882 457 ω

836 531 1239 624 TOMUS
1312 532 1967 629 SECUNDUS.
2215 512 2263 567 Α

1954 602 1967 628 .
2215 512 2263 567 Α
2548 533 2929 621 ΤΟΜοΣ
3012 531 3571 623 ΔΕΥΤΕΡΟΣ

680 741 843 798 Vens.
887 746 939 798 2.
986 745 1209 815 Litigale
1238 764 1352 801 cum
1390 761 1554 804 matre
1581 762 1780 815 vestra,
1816 754 2035 823 titigale,
2060 755 2184 821 quia

2358 750 2609 818 Κρίθητε
2638 749 2787 818 πρὸς
2814 749 2929 815 τὴν
2974 749 3195 817 μητέρα
3238 749 3426 818 ὑμῶν,
3475 750 3735 817 κρίθητε,
3781 751 3864 804 ὅτι

606 832 719 901 ipsa
749 852 849 888 non
886 853 1018 889 uxor
1052 854 1186 903 mea,
1212 850 1258 891 et
1286 855 1377 909 ego
1414 856 1515 893 non
1548 842 1625 894 vir
1658 842 1794 911 ejus.

2285 840 2436 908 αὕτη
2468 842 2541 894 οὐ
2588 840 2741 910 γυνή
2788 859 2929 909 μου,
2971 841 3071 895 καί
3103 839 3218 912 ἐγὼ
3246 842 3357 894 οὐκ
3392 839 3549 909 ἀνὴρ
3581 840 3792 911 αὐτῆς.

680 985 770 1041 XI.
812 987 943 1041 Cum
982 990 1132 1058 prius
1167 990 1415 1056 dixisset,
1454 991 1713 1061 reiectum
1753 995 1818 1050 iri
1861 996 2051 1063 Israel,
2080 1013 2184 1057 nec

2354 998 2458 1050 lA'.
2500 996 2873 1069 Προειρηκὼς,
2904 998 2983 1051 ὃτι
3016 998 3113 1051 καὶ
3137 998 3443 1069 ἀπόϐλητος
3464 998 3617 1051 ἔσται
3647 999 3866 1061 δικαίως

607 1079 910 1145 immerito,
948 1089 1003 1135 et
1038 1081 1255 1152 insuper
1303 1094 1550 1140 vocatum
1615 1086 1680 1140 iri
1742 1103 1845 1143 non
1905 1090 2179 1159 papulum,

2282 1089 2311 1140 ό
2351 1087 2585 1159 Ἰσραὴλ,
2611 1089 2937 1159 κεκλήσεται
2983 1090 3040 1143 δὲ
3081 1089 3219 1161 πρὸς
3257 1091 3432 1161 τούτῳ
3466 1092 3559 1144 καὶ
3588 1092 3650 1144 οὐ
3699 1092 3860 1154 λαός·

605 1172 899 1239 quinetiam
983 1175 1382 1231 multitudinem
1464 1177 1678 1233 Domini
1761 1180 2178 1239 interfectricem

2282 1177 2375 1229 καὶ
2412 1177 2517 1247 μὴν
2537 1179 2619 1230 ὅτι
2648 1180 2795 1248 καὶὴ
2829 1178 3039 1248 πληθὺς
3073 1180 3106 1249 ή
3135 1180 3485 1250 κυριοκτόνος
3518 1178 3672 1232 ἔσται
3694 1180 3866 1250 δήπου

606 1261 723 1317 fore
767 1265 987 1318 omnino
1038 1268 1243 1335 absque
1308 1270 1705 1335 misericordia,
1752 1282 1808 1325 et
1858 1273 1980 1340 jure
2034 1279 2178 1347 opti-

2281 1268 2500 1331 πάντως
2554 1269 2655 1322 οὐκ
2712 1268 3013 1341 ὴλεημένη,
3055 1270 3150 1323 καὶ
3209 1270 3417 1341 σφόδρα
3448 1270 3677 1334 εἰκότως
3702 1289 3715 1300 ·
3748 1267 3864 1325 εἶτα

605 1372 749 1423 mo;
805 1359 995 1413 deinde
1046 1360 1228 1414 statim
1291 1361 1681 1430 subjunxisset,
1740 1365 1945 1421 ultimis
1994 1372 2177 1426 szeculi

2279 1359 2489 1423 τούτοις
2516 1361 2849 1429 ἐπενεγκὼν,
2876 1362 2970 1414 καὶ
2999 1362 3101 1413 οὐκ
3127 1362 3208 1424 είς
3241 1362 3480 1432 μακρὰν,
3507 1361 3607 1432 τὴν
3630 1362 3689 1414 ὲν
3714 1363 3865 1432 ἐσχά-

606 1450 941 1517 temporibus
996 1452 1231 1507 futuram
1282 1457 1691 1512 conversionem
1747 1473 1845 1526 per
1905 1459 2064 1514 fidem
2116 1465 2175 1517 in

2279 1468 2393 1514 τοις
2438 1452 2532 1504 τοῦ
2576 1453 2771 1515 αίῶνος
2822 1455 3037 1523 καιροῖς
3084 1453 3351 1523 ἐσομένην
3400 1453 3735 1523 ἐπιστροφὴν
3779 1453 3866 1508 διὰ

604 1540 912 1607 Christum,
953 1559 1072 1595 cum
1104 1544 1351 1602 diceret:
1391 1566 1411 1599 ‹
1448 1550 1515 1603 Et
1558 1553 2033 1621 congregabantur
2081 1558 2174 1611 lilii

2280 1542 2516 1606 πίστεως
2558 1546 2637 1607 είς
2667 1544 2921 1614 Χριστὸν,
2953 1544 3043 1597 διά
3083 1559 3147 1611 γε
3190 1542 3286 1596 τοῦ
3312 1543 3499 1611 φάναι,
3528 1562 3546 1594 s
3586 1545 3696 1597 Kal.
3738 1562 3863 1598 suv-

602 1632 774 1700 Juda,
840 1643 893 1688 et
948 1634 1041 1689 lilii
1096 1636 1258 1692 Israel
1313 1639 1497 1705 simul,
1556 1652 1610 1695 et
1668 1645 1997 1699 constituent
2074 1648 2175 1703 sibi

2280 1634 2604 1706 αχθήσονται
2630 1638 2677 1688 οἱ
2700 1635 2805 1689 υἱοὶ
2834 1636 3022 1700 Ἰούδα,
3041 1636 3133 1689 καὶ
3148 1638 3196 1689 οί
3210 1634 3317 1688 υίοὶ
3332 1635 3547 1708 Ἰσραὴλ
3559 1637 3861 1705 ὲπιτοαυτδ,

602 1725 965 1795 principatum
1013 1731 1272 1797 unum“,
1336 1751 1354 1783 ι
1396 1742 1673 1803 totamque
1713 1752 1742 1789 a
1791 1738 2057 1807 principio
2087 1757 2176 1796 us-

2280 1729 2373 1781 καὶ
2419 1727 2672 1799 θήσονται
2710 1731 2945 1792 ἑαυτοῖς
2982 1729 3156 1806 ἀρχὴν
3180 1728 3330 1799 μίαν,
3368 1747 3386 1778 ι
3416 1728 3636 1783 ἅπασάν
3660 1746 3719 1782 τε
3770 1731 3863 1784 ἀπ’

599 1832 707 1887 que
734 1820 799 1877 ad
847 1820 1006 1876 finem
1035 1825 1393 1880 (economiam
1440 1839 1781 1883 enarrasset:
1817 1832 2008 1885 transit
2052 1831 2165 1899 jam
2207 1850 2216 1904 ι

2243 1857 2248 1899 ί
2280 1820 2455 1892 ἀρχῆς
2492 1821 2651 1891 μέχρι
2682 1822 2868 1885 τέλους
2914 1821 3015 1890 τὴν
3063 1820 3378 1890 οἰκονομίαν
3407 1821 3860 1891 ἀφηγησάμενος,

602 1906 655 1961 in
693 1908 775 1964 his
806 1912 871 1963 ad
911 1913 1206 1979 detegenda
1252 1914 1481 1969 crimina
1526 1932 1736 1984 eorum,
1766 1919 1873 1989 32
1899 1921 1989 1989 qui
2030 1922 2177 1992 juste

2283 1913 2492 1984 μέτεισι
2520 1913 2702 1967 λοιπὸν
2728 1915 2784 1966 ὲν
2810 1913 3020 1976 τούτοις
3058 1914 3151 1965 ἐπὶ
3180 1913 3242 1965 τὸ
3287 1912 3531 1983 γυμνοῦν
3569 1912 3640 1966 τὰ
3663 1914 3863 1985 ἐγκλή-

602 1998 787 2068 rejecti
828 2002 1064 2069 fuerunt,
1095 2014 1147 2059 et
1175 2021 1403 2075 quorum
1432 2023 1596 2063 causa
1631 2024 1693 2064 ea
1731 2014 1839 2078 pati
1872 2012 2017 2081 ipsos
2047 2030 2176 2071 con-

2282 2021 2427 2075 ματα
2450 2005 2560 2057 τῶν
2608 2004 2769 2066 ὁσίως
2809 2003 3291 2073 ἁποϐεϐλημένων,
3325 2005 3419 2057 καὶ
3437 2004 3507 2057 τὰ
3533 2006 3619 2073 ἐφ’
3652 1998 3734 2068 οἷς
3767 2006 3863 2058 αὑ-

603 2091 807 2161 tigerit,
858 2096 909 2150 in
947 2098 1183 2151 medium
1225 2100 1507 2168 perspicue
1540 2100 1779 2159 adducit.
1830 2103 2071 2161 Proinde
2099 2108 2176 2163 ait

2278 2097 2403 2159 τοὺς
2432 2098 2614 2149 ἐκεῖνα
2653 2095 2848 2150 παθεῖν
2902 2094 3274 2166 συμϐέϐηκεν,
3301 2096 3379 2156 είς
3413 2093 3575 2165 μέσον
3604 2095 3727 2163 ἄγει
3772 2112 3866 2149 σαι

601 2183 669 2235 ad
704 2182 1135 2240 misericordiam
1162 2199 1503 2255 consecutos,
1539 2199 1592 2245 et
1622 2203 1890 2260 receptos,
1917 2204 1971 2249 et
2009 2212 2178 2266 popu-

2280 2187 2413 2256 φῶς.
2466 2188 2775 2260 Τοίγαρτοί,
2820 2204 2978 2257 φησι,
3013 2186 3149 2259 πρὸς
3187 2187 3315 2249 τοὺς
3355 2186 3691 2256 ὴλεημένους
3744 2187 3862 2258 μὲν,

601 2272 709 2327 lum
747 2273 837 2330 Dei
873 2274 1069 2337 factos.
1103 2278 1456 2334 nihilominus
1490 2296 1554 2335 ex
1590 2278 1885 2353 Synagoga
1920 2293 2174 2354 tanquam

2280 2280 2372 2332 καὶ
2421 2280 2879 2350 εἰσδεδεγμένους,
2936 2277 3030 2331 καί
3076 2279 3156 2341 είς
3204 2277 3336 2331 λαὸν
3379 2276 3671 2346 γεγονότας
3706 2277 3874 2345 Θεοῦ,

600 2380 665 2418 ex
702 2365 991 2423 fornicaria
1030 2371 1261 2439 quadam
1312 2382 1490 2438 natos,
1556 2372 1789 2444 Litigate
1836 2390 1958 2430 cum
2005 2388 2178 2433 matre

2279 2370 2416 2441 πλὴν
2444 2366 2533 2424 οἷά
2563 2388 2706 2435 τινος
2733 2371 2939 2441 πόρνης
2966 2368 3349 2438 ἐκπεφυκότας
3376 2368 3476 2437 τῆς
3514 2369 3860 2439 Συναγωγῆς.

600 2466 807 2522 vestra,
853 2459 1079 2531 litigate.
1131 2482 1149 2514 ι
1200 2462 1259 2518 Si
1314 2465 1458 2519 enim
1504 2480 1723 2521 causam
1785 2467 1948 2523 vultis
1995 2485 2173 2535 nosse,

2279 2462 2518 2534 Κρίθητε
2560 2462 2697 2531 πρὸς
2751 2462 2850 2532 τὴν
2900 2456 3113 2531 μητέρα
3146 2460 3322 2530 ὑμῶν,
3372 2460 3631 2531 κρίθητε-
3662 2462 3726 2514 Et
3760 2462 3878 2533 γὰρ.

601 2547 799 2619 inquit,
830 2567 999 2621 quare
1034 2550 1149 2607 Non
1177 2555 1405 2623 populus
1430 2570 1605 2621 mens,
1631 2567 1685 2612 et
1714 2558 1934 2627 Absque
1961 2561 2175 2615 miseri-

2278 2555 2341 2625 δὴ
2371 2553 2645 2625 βούλεσθε,
2697 2552 2885 2622 φησὶν,
2941 2550 3242 2620 ἀναμαθεῖν
3289 2550 3389 2614 τὰς
3422 2552 3619 2615 αίτίας,
3664 2552 3753 2621 ἐφ’
3780 2550 3868 2615 αἷς

601 2641 785 2695 cordia
832 2642 1045 2699 fueritis
1105 2656 1162 2699 et
1197 2649 1375 2701 vocati
1408 2648 1529 2703 sitis
1574 2658 1701 2703 ante
1736 2651 2173 2715 conversionem,

2279 2646 2340 2699 οὐ
2399 2645 2525 2709 λαός
2558 2663 2682 2716 μου,
2718 2646 2810 2698 καὶ
2856 2645 2957 2697 οὐκ
3005 2642 3284 2714 ὴλεημένη
3332 2643 3594 2712 γεγόνατέ
3642 2660 3702 2696 τε
3773 2644 3864 2698 καὶ

604 2745 710 2785 non
759 2746 844 2788 me
889 2734 939 2787 in
1001 2750 1095 2789 vos
1136 2736 1513 2793 inclementem
1564 2749 1617 2792 et
1660 2740 1727 2793 ab
1775 2755 1961 2795 amore
2010 2743 2173 2796 vestri

2279 2738 2544 2809 κέκλησθε
2572 2738 2715 2791 κατά
2741 2753 2803 2804 γε
2828 2736 2957 2799 τοὺς
2996 2735 3224 2806 χρόνους
3266 2735 3394 2798 τοὺς
3446 2734 3552 2805 πρὸ
3598 2735 3699 2805 τῆς
3758 2737 3866 2788 ἐπιδ

602 2822 989 2877 abhorrentem
1024 2824 1336 2881 invenietis.
1369 2827 1603 2898 Litigate
1634 2840 1812 2883 autem
1842 2847 1963 2886 cum
2005 2843 2178 2887 matre

2281 2831 2542 2901 στροφῆς,
2602 2829 2702 2883 οὐκ
2732 2828 2831 2898 ἐμὲ
2870 2829 3131 2896 γεγονότα
3168 2826 3297 2895 περὶ
3345 2826 3490 2896 ὑμᾶς
3535 2825 3719 2896 ἀπηνῆ
3776 2826 3867 2879 καὶ

603 2922 807 2980 vestra,
832 2917 1086 2984 quoniam
1116 2933 1426 2987 germanam
1457 2936 1582 2991 erga
1614 2938 1697 2976 me
1724 2924 2044 2979 charilalem
2071 2943 2173 2981 non

2279 2924 2541 2994 ὀλίγωρον
2588 2924 2668 2985 είς
2720 2920 3107 2992 φιλοστοργίαν
3179 2921 3462 2991 εὑρήσετε.
3519 2917 3764 2991 Κρίθητε
3811 2917 3871 2970 δὲ

604 3003 860 3069 servavit,
914 3013 967 3058 et
1039 3006 1458 3065 familiaritatem
1525 3013 1831 3082 abnegavit,
1895 3026 1950 3070 et
2030 3018 2175 3086 puri—

2280 3014 2417 3084 πρὸς
2461 3014 2561 3083 τὴν
2609 3011 2819 3065 ἑαυτῶν
2864 3012 3096 3084 μητέρα,
3134 3014 3215 3066 ὅτι
3258 3011 3331 3081 μὴ
3373 3011 3614 3064 σέσωκεν
3646 3010 3868 3079 ἀγάπης

605 3104 767 3147 tatem
870 3098 1169 3167 spiritualis
1255 3116 1465 3157 mecum
1548 3108 1943 3164 communionis
2018 3110 2176 3164 mini-

2279 3106 2376 3175 τῆς
2398 3106 2479 3167 είς
2504 3104 2604 3175 ἐμὲ
2625 3104 2684 3156 τὸ
2707 3104 2951 3173 γνήσιον,
2992 3105 3269 3174 ἠρνήσατο
3294 3102 3349 3155 δὲ
3380 3103 3480 3173 τὴν
3509 3102 3862 3172 οἰκειότητα.

606 3184 676 3237 ιιιί
737 3185 924 3253 duxit,
978 3202 1077 3244 nec
1156 3190 1324 3245 voluit
1389 3193 1720 3249 voluntatum
1767 3212 2007 3253 mearum
2068 3183 2223 3253 fru-(

2282 3197 2374 3249 καὶ
2422 3196 2605 3263 ὀλίγου
2635 3212 2737 3247 που
2787 3194 3067 3257 παντελῶς
3112 3194 3311 3264 ἠξίωσε
3350 3194 3509 3261 λόγου
3582 3193 3683 3263 τῆς
3728 3193 3872 3261 πρὸς

604 3283 724 3330 ctus
795 3292 1007 3344 parere.
1051 3280 1170 3351 Ipsa
1240 3298 1345 3338 non
1426 3285 1528 3339 fuit
1571 3303 1707 3341 uxor
1781 3305 1930 3357 mea,
1982 3299 2034 3345 et
2077 3306 2177 3361 ego

2280 3289 2378 3358 ἐμὲ
2430 3287 2811 3358 πνευματικῆς
2875 3286 3162 3350 κοινωνίας
3206 3288 3307 3359 τὴν
3353 3286 3738 3358 καθαρότητα,
3771 3287 3868 3339 οὐκ

602 3366 858 3436 deinceps
899 3385 1005 3424 non
1049 3372 1131 3425 vir
1156 3372 1435 3442 ejuston
1470 3378 1558 3430 illa
1605 3392 1700 3433 vos
1742 3381 1895 3445 mihi,
1928 3383 2022 3436 sed
2056 3382 2175 3437 aliis

2278 3378 2512 3451 ἠθέλησέ
2538 3398 2597 3432 τε
2623 3379 2749 3443 τοὺς
2780 3378 2889 3431 τῶν
2927 3378 3076 3449 ὲμῶν
3125 3378 3445 3449 θελημάτων
3475 3377 3689 3431 ὠδίνειν
3731 3393 3866 3447 καρ-

604 3461 832 3529 peperit.
862 3461 1021 3520 Certe
1048 3466 1192 3521 enim
1223 3469 1562 3537 agnovissent
1593 3485 1762 3528 meos.
1803 3472 1919 3527 Non
1958 3484 2042 3530 est
2069 3484 2177 3529 lar-

2279 3471 2434 3535 πούς.
2466 3471 2613 3541 Αὖτη
2643 3471 2866 3539 γέγονεν
2909 3470 2970 3523 οὐ
3006 3470 3140 3541 γυνή
3191 3487 3317 3540 μου,
3371 3467 3527 3539 κάγὼ
3572 3468 3659 3522 διὰ
3706 3468 3870 3521 τοῦτο

604 3552 704 3605 dus
734 3553 802 3608 ad
842 3556 1204 3613 miserendum
1235 3570 1425 3615 natura
1456 3574 1638 3632 pater;
1669 3574 1723 3617 at
1758 3565 1807 3619 in
1842 3568 2042 3633 prolem
2069 3585 2175 3623 non

2278 3562 2463 3616 λοιπὸν
2492 3562 2593 3615 οὐκ
2625 3562 2763 3633 ἀνὴρ
2803 3561 2994 3631 αὐτῆς.
3020 3560 3138 3614 Οὐκ
3163 3560 3287 3630 ἐμοὶ
3309 3560 3536 3614 τέτοκεν
3561 3560 3731 3630 ὑμᾶς,
3753 3558 3868 3612 ἀλλ’

607 3643 902 3711 legitimam
929 3653 1277 3705 cunctantior
1311 3653 1431 3723 ejus
1466 3655 1679 3710 lenitas.
1728 3657 1903 3727 Atque
1933 3660 2034 3713 ista
2069 3660 2177 3715 for-

2280 3654 2505 3725 ὲτέροις.
2552 3656 2624 3707 ’Ἡ
2655 3654 2763 3725 γὰρ
2790 3654 2855 3708 ἂν
2906 3653 3153 3721 ἐπέγνων
3182 3654 3308 3715 τοὺς
3340 3650 3527 3721 ἐμούς.
3564 3652 3637 3704 Οὐ
3665 3650 3872 3721 βραδὺς

604 3732 743 3785 sitan
788 3743 1043 3804 tanquam
1074 3755 1139 3794 ex
1184 3755 1412 3808 persona
1460 3742 1553 3797 Dei
1584 3744 1861 3799 dicuntur.
1906 3747 2177 3817 Cogitabit

2280 3748 2359 3808 είς
2389 3746 2535 3798 ἔλεον
2562 3746 2590 3798 ό
2614 3746 2773 3814 φύσει
2801 3746 2984 3817 πατήρ
3004 3762 3019 3775 ·
3063 3745 3213 3797 ὀκνεῖ
3243 3744 3299 3796 δὲ
3330 3739 3469 3795 εἶναι
3500 3743 3738 3813 χρηστὸς
3772 3743 3863 3795 ἐπὶ

606 3823 871 3892 quispiam
924 3837 979 3881 et
1009 3829 1193 3884 animo
1213 3831 1393 3885 volvet
1423 3847 1657 3900 rursum,
1686 3836 1847 3905 idque
1878 3853 1984 3892 non
2016 3841 2174 3910 male,

2279 3836 2407 3907 νόθη
2458 3838 2605 3907 γονῇ.
2639 3838 2749 3890 Καὶ
2773 3836 2946 3890 ταῦτα
2995 3836 3092 3906 μὲν
3144 3834 3275 3899 ἴσως
3313 3835 3445 3906 φαίη
3477 3852 3561 3898 τις
3595 3834 3661 3887 ἂν
3694 3833 3772 3898 ὡς
3804 3835 3866 3886 ὲκ

606 3914 889 3988 Synagoga
924 3919 993 3972 ad
1038 3920 1396 3978 defectionem
1439 3938 1469 3977 a
1519 3924 1631 3981 Deo
1670 3942 1950 3997 conversa,
1985 3942 2038 3987 et
2070 3934 2177 3989 dae-

2281 3929 2570 3999 προσώπου
2593 3928 2688 3982 τοῦ
2723 3928 2879 3982 Θεοῦ.
2912 3928 3188 3996 Δογιεῖται
3208 3926 3265 3979 δὲ
3298 3922 3363 3980 αὗ
3427 3927 3520 3980 καὶ
3549 3927 3872 3997 περινοήσει

605 4021 822 4060 monum
851 4009 997 4064 cultu
1042 4024 1316 4083 suscepto,
1353 4024 1408 4071 et
1440 4016 1543 4072 illis
1588 4026 1794 4073 tantum
1840 4037 1947 4076 non
2002 4040 2176 4080 merc-

2280 4022 2481 4085 καλῶς,
2504 4022 2587 4074 ὅτι
2608 4020 2995 4091 τετραμμένης
3023 4020 3125 4089 τῆς
3150 4019 3479 4087 Συναγωγῆς
3511 4020 3591 4080 είς
3620 4018 3861 4071 ἀποστα-

605 4098 758 4153 tricis
785 4100 955 4155 instar
987 4105 1240 4162 cruribus
1265 4108 1598 4175 divaricatis,
1627 4120 1780 4165 natos
1813 4127 1877 4167 ex
1905 4129 1968 4169 ea
2003 4131 2178 4188 neque

2280 4115 2399 4168 σίαν
2423 4114 2521 4185 τὴν
2568 4113 2676 4167 ἀπὸ
2707 4112 2865 4175 Θεοῦ,
2909 4112 3003 4165 καὶ
3030 4110 3129 4181 τὴν
3170 4110 3279 4164 τῶν
3305 4110 3575 4179 δαιμόνων
3609 4107 3864 4177 λατρείαν

602 4194 818 4250 sincere
880 4206 1043 4268 atque
1098 4212 1412 4258 constanter
1469 4203 1635 4259 Deum
1692 4223 1938 4277 amasse,
2000 4227 2176 4283 neque

2278 4206 2648 4278 ἀνῃρημένης,
2695 4206 2853 4276 μόνον
2886 4204 2943 4257 δὲ
2990 4204 3111 4274 οὐχὶ
3141 4204 3347 4273 πόρνης
3391 4202 3548 4271 δίκην
3586 4200 3865 4271 ἁπλούσης

603 4287 759 4342 bonis
800 4292 1039 4346 moribus
1074 4292 1265 4358 fuisse;
1309 4297 1436 4364 quin
1477 4298 1657 4365 potius
1690 4310 1969 4365 parentum
2006 4306 2176 4358 mori-

2279 4299 2461 4361 αὐτοῖς
2490 4297 2559 4349 τὰ
2592 4297 2782 4367 σκέλη,
2815 4296 3105 4365 γεγόνασιν
3128 4295 3177 4346 oi
3207 4294 3265 4359 ἐξ
3285 4293 3457 4359 αὐτῆς
3484 4291 3606 4346 οὔτε
3629 4292 3871 4361 φιλόθεοι

603 4376 703 4432 bus
751 4380 1030 4443 educatos.
1070 4384 1188 4439 sine
1224 4386 1428 4453 pudore
1468 4388 1575 4444 Deo
1620 4391 1961 4461 displicentia
2014 4395 2174 4452 facti-

2279 4388 2536 4460 καθαρῶς
2581 4389 2675 4441 καὶ
2694 4386 3123 4459 ἐρηρεισμὲνως,
3150 4383 3274 4438 οὒτε
3319 4384 3426 4454 μὴν
3454 4386 3718 4447 ἐπιεικεῖς
3742 4384 3865 4446 τοὺς

606 4480 767 4535 tasse,
803 4474 996 4541 partim
1045 4473 1175 4529 Baal
1218 4485 1272 4531 et
1317 4478 1501 4535 vitulis
1546 4484 1725 4539 aureis
1775 4485 2169 4555 sacrificantes,
2206 4524 2223 4578 1

2246 4480 2545 4566 ’τρόπους
2593 4478 3023 4549 ὲντεθραμμένοι
3053 4476 3109 4531 δὲ
3158 4476 3358 4547 μᾶλλον
3409 4478 3520 4538 τοῖς
3553 4475 3711 4545 ἤθεσι
3757 4474 3863 4528 τῶν

601 4563 797 4629 partim
822 4565 983 4620 etiam
1015 4567 1065 4621 in
1090 4582 1250 4623 omne
1271 4584 1437 4639 genus
1459 4571 1787 4641 impnritatis
1813 4586 1907 4645 per
1930 4592 2170 4648 praeceps
2208 4563 2218 4578 ’

2283 4571 2711 4642 γεγεννηκότων,
2753 4569 3081 4638 ἀφυλάκτως
3127 4568 3295 4639 ⁴ᾔεσαν
3330 4567 3422 4620 ἐπὶ
3465 4566 3535 4619 τὰ
3592 4566 3864 4620 λυποῦντα

599 4655 884 4711 abeuntes.
918 4656 1225 4714 Justissime
1261 4668 1441 4715 autem
1483 4672 1711 4717 matrem
1761 4679 1911 4718 5mm
1953 4680 2177 4721 accusa-

2273 4667 2441 4720 (θεόν’
2481 4664 2641 4718 τοῦτο
2670 4663 2771 4735 μὲν
2810 4663 3028 4725 θύοντες
3058 4661 3136 4731 τῷ
3172 4660 3339 4721 Βάαλ,
3389 4660 3485 4711 καὶ
3523 4661 3645 4723 ταῖς
3691 4658 3868 4729 δαμά-

600 4746 737 4801 bunt
776 4749 965 4815 magis,
1009 4765 1169 4819 quam
1217 4753 1436 4808 virtutis
1479 4762 1752 4810 amantem
1807 4772 2040 4827 vereque
2088 4775 2176 4813 ea-

2273 4759 2390 4811 λεσι
2437 4758 2559 4820 ταῖς
2600 4758 2829 4826 χρυσαῖς
2850 4798 2864 4820 ,
2899 4754 3055 4808 τοῦτο
3079 4753 3136 4806 δὲ
3173 4754 3263 4805 καὶ
3294 4752 3375 4814 εἰς
3405 4753 3513 4803 πᾶν
3548 4746 3687 4811 εἶδος
3731 4751 3865 4803 ἀκα-

602 4839 898 4894 stissimum
930 4842 1345 4915 Dominum,qui
1369 4844 1726 4903 fornicatione
1750 4852 2173 4905 contaminatam

2275 4849 2499 4919 θαρσίας
2535 4847 2958 4919 ἀπερισκέπτως
3008 4846 3333 4907 διάττοντες.
3397 4842 3744 4895 Αίτιάσονται
3786 4841 3862 4904 δὲ,

601 4928 1041 4985 contubernalem
1076 4933 1184 5001 pati
1215 4933 1434 5003 refugit.
1470 4935 1566 4990 Est
1597 4952 1759 5006 porro
1791 4938 1982 4993 modus
2009 4938 2175 4993 forni-

2284 4941 2379 4994 καὶ
2415 4940 2621 5010 σφόδρα
2652 4939 2895 5003 είκότως,
2920 4938 3021 5008 τὴν
3049 4936 3259 4990 ἑαυτῶν
3284 4935 3513 5006 μητέρα,
3538 4934 3631 4986 καὶ
3654 4934 3778 5003 οὐχὶ
3803 4931 3871 5002 δὴ

603 5020 837 5075 cationis
875 5022 1173 5090 spiritualis
1218 5025 1397 5095 plane,
1430 5028 1679 5096 quamvis
1714 5037 1775 5082 ut
1808 5030 1875 5083 de
1916 5044 2175 5098 corporea

2284 5032 2483 5101 μᾶλλον
2516 5033 2605 5084 τὸν
2640 5031 2926 5101 φιλάρετόν
2977 5046 3037 5082 τε
3071 5029 3167 5082 καὶ
3208 5027 3483 5093 πάναγνον
3513 5024 3730 5096 ἀληθῶς
3752 5025 3837 5093 με

603 5124 783 5164 sermo
813 5111 1095 5168 habeatur.
2290 5125 2514 5194 σπόιιην,
2546 5124 2604 5187 ὃς
2636 5124 2880 5176 σύνοικον
2912 5121 3056 5191 ἔχειν
3097 5120 3197 5173 οὐκ
3239 5120 3381 5185 ἀξιοῖ
3425 5118 3524 5187 τὴν
3567 5130 3867 5185 πεπορνευ-

607 5204 793 5275 μένην.
822 5205 1043 5277 Νοητῶς
1099 5210 1155 5262 δὲ
1205 5210 1420 5274 πάντως
1453 5212 1551 5282 τῆς
1590 5211 1845 5282 πορνείας
1872 5212 1900 5264 ό
1925 5214 2142 5283 τρόπος,
2183 5216 2285 5269 κᾶν
2316 5219 2363 5270 εί
2416 5217 2626 5270 λαλοῖτο
2652 5215 3001 5286 σωματικῶς.

679 5342 839 5399 Vens.
880 5347 933 5400 5.
959 5344 1027 5401 Et
1088 5349 1331 5418 auferam
1383 5349 1784 5417 fornicationem
1828 5349 1942 5419 ejus
1978 5368 2010 5403 a
2044 5352 2179 5419 [acie

2363 5347 2469 5401 Καὶ
2497 5346 2690 5415 ἑξαρῶ
2720 5345 2832 5412 τὴν
2874 5344 3161 5412 πορνείαν
3207 5339 3397 5406 αὐτῆς
3432 5338 3501 5391 ἐκ
3540 5336 3865 5405 προσώπου

605 5453 719 5491 mea
739 5479 753 5501 ,
794 5449 841 5493 et
870 5441 1189 5496 adulterium
1231 5442 1346 5511 ejus
1379 5442 1442 5495 de
1471 5443 1640 5496 medio
1668 5445 1885 5497 uberum
1914 5443 2088 5510 illius,
2124 5455 2178 5498 ut

2285 5459 2422 5510 μου,
2458 5440 2556 5494 καὶ
2602 5438 2717 5506 τὴν
2748 5437 3029 5507 μοιχείαν
3072 5433 3262 5500 αὐτῆς
3298 5432 3367 5485 ἐκ
3395 5431 3589 5499 μέσου
3614 5425 3868 5497 μαστῶν

605 5547 796 5585 eluant
825 5549 938 5586 eam
973 5536 1191 5601 nudam,
1222 5546 1270 5588 et
1304 5534 1574 5588 restituant
1606 5552 1718 5590 eam
1754 5536 1887 5590 sicut
1933 5537 2041 5591 dies
2079 5553 2177 5590 na-

2287 5530 2495 5598 αὐτῆς,
2534 5530 2691 5593 ὅπως
2720 5527 2796 5582 ἂν
2822 5528 3058 5581 meum
3078 5524 3272 5591 αὐτὴν
3303 5522 3559 5593 γυμνὴν,
3592 5521 3689 5574 καί
3721 5520 3866 5573 dato-

606 5621 821 5675 tivitatis
853 5624 987 5692 ejus.

2288 5622 2643 5690 καταστήσω
2668 5620 2861 5689 αὐτὴν
2893 5619 3083 5686 καθὼς
3109 5617 3316 5688 ἡμέραι
3347 5613 3639 5685 γενέσεως
3653 5610 3866 5678 αὐτῆς.

686 5843 727 5874 ¹⁰
759 5843 821 5897 ιγ
866 5845 997 5917 Reg.
1036 5862 1148 5913 χιχ,
1189 5848 1279 5904 21.
