4094 6620
240 480 302 539 61
999 555 1002 558 ἢ
1170 473 1724 532 COMMENTARIUS
1764 473 1835 529 IN
1870 474 2102 531 OSEAM
2138 466 2609 531 PliOPllETAM.’
3441 474 3511 532 62

308 597 408 651 lB’.
431 595 555 658 Τοῖς
585 594 694 647 άπὸ
732 591 956 664 γνώμης
979 593 1116 657 ἰδίας
1141 594 1241 647 οὐκ
1266 596 1655 666 ἐπιστρέφουσι
1683 596 1817 666 πρὸς

1993 595 2217 663 Xll.Qui
2236 611 2265 649 a
2284 595 2561 650 voluntate
2579 608 2674 648 sua
2692 592 2757 647 ad
2780 593 2947 648 Deum
2965 608 3024 651 se
3037 608 3141 650 non
3159 599 3507 663 convertunt,

239 687 390 752 Θεὸν,
447 685 572 740 οὕτε
637 686 743 757 μὴν
810 686 1159 755 ἀνεχομένοις
1218 685 1289 740 τά
1350 687 1498 758 αὺτῷ
1565 688 1826 741 δοκοῦντα

242 777 501 849 πληροῦν,
568 777 707 831 ἀλλά
757 779 891 842 τοῖς,
927 777 1027 830 οὐκ
1090 773 1187 830 οἷδ’
1246 778 1393 843 ὅπως
1458 779 1826 849 τετιμημένης

212 872 418 933 ἀὐτοῖς
448 868 784 941 φαυλότητος
816 868 987 939 ἀπρὶξ
1023 869 1310 939 ἡμμένοις,
1343 869 1502 941 ποινὴ
1535 871 1630 923 καὶ
1669 871 1831 925 κόλα-

239 980 325 1026 σις
359 963 675 1015 ἐπινοεῖται.
715 960 841 1025 Τίς;
876 960 994 1029 Ἐφ’
1023 962 1162 1031 ὅπερ
1204 957 1272 1032 ἦν
1323 962 1549 1031 ἄμεινον
1587 962 1646 1028 ἐξ
1693 964 1830 1026 ίδίας

238 1052 503 1125 φέρεσθαι
534 1051 780 1121 γνώμης,
834 1052 919 1105 ἐπ’
951 1052 1085 1105 αὐτὸ
1128 1051 1193 1123 δὴ
1245 1052 1403 1106 τοῦτο
1472 1054 1829 1124 μετατεθῆναι

238 1144 444 1207 Λοιπὸν,
472 1141 545 1205 ὡς
573 1141 632 1207 ἐξ
664 1141 931 1212 ἀνάγκης,
959 1142 1054 1195 καὶ
1100 1142 1288 1211 φόϐου.
1324 1142 1536 1213 Ὀνπερ
1574 1143 1681 1218 γὰρ
1708 1144 1830 1214 τρό⁴

239 1252 341 1289 πον
373 1234 483 1288 τῶν
516 1236 573 1287 ὲν
630 1235 745 1297 τοῖς
772 1231 989 1303 σώμασι
1016 1234 1347 1303 τραυμάτων
1379 1233 1447 1287 τά
1473 1233 1709 1305 δυσχερῆ
1741 1235 1833 1288 καὶ

238 1327 768 1397 δυσμεταχείριστα,
817 1324 921 1379 κᾶν
962 1328 1010 1379 εί
1073 1325 1147 1396 μὴ
1200 1327 1324 1388 ταῖς
1367 1324 1476 1377 τῶν
1523 1324 1832 1394 φαρμάκων

239 1418 536 1489 δυνάμεσιν
563 1417 781 1472 εἴκοντα
820 1415 1061 1487 δέχοιντό
1094 1433 1217 1469 τινα
1256 1416 1356 1488 τὴν
1400 1417 1481 1479 είς
1522 1416 1582 1468 τὸ
1612 1416 1834 1487 ἄμεινον

244 1510 663 1582 μετατροπὴν,ἢ
695 1508 899 1579 σιδήρῳ
931 1507 1209 1579 τέμνεται,
1238 1510 1335 1579 τῆς
1367 1507 1478 1561 τῶν
1503 1508 1703 1578 ἰατρῶν
1743 1511 1837 1579 ὲμ-

240 1602 463 1672 πειρίας
511 1604 593 1664 εἰς
652 1599 841 1654 τοῦτον
891 1598 1166 1669 καλούσης
1219 1599 1319 1668 τῆς
1380 1599 1698 1671 ἐπικουρίας
1743 1601 1836 1653 τὸν

239 1694 463 1764 τρόπον,
504 1694 671 1763 ῆγουν
727 1694 943 1746 νικᾶται
1002 1692 1175 1763 πυρί·
1218 1691 1362 1746 οὕτω
1411 1693 1504 1746 καὶ
1546 1692 1835 1765 ἀνθρώπου

239 1785 390 1857 ψυχὴ
434 1785 569 1839 πολὺ
595 1785 924 1839 διανεύσασα
969 1784 1104 1855 πρὸς
1143 1785 1445 1837 ἀπόστασιν
1485 1785 1585 1857 τὴν
1609 1784 1667 1851 ἐξ
1702 1785 1838 1853 ἀγα-

242 1878 374 1941 θῶν,
405 1878 509 1931 κᾶν
541 1879 589 1929 εί
619 1877 696 1946 μὴ
726 1878 846 1939 ταῖς
874 1876 984 1929 τῶν
1017 1875 1413 1929 νουθετούντων
1440 1878 1579 1930 είκοι
1607 1879 1833 1946 φωναῖς,

1941 703 2039 743 nec
2064 686 2256 742 adduci
2285 694 2538 756 possunt,
2561 691 2761 763 ut.quae
2787 683 2860 738 illi
2884 684 3096 753 placent
3119 692 3508 755 exsequantur,

1936 794 2121 833 verum
2154 779 2205 832 in
2240 777 2459 847 flagitiis
2490 777 2603 832 suis
2631 777 2772 846 (quae
2814 777 2996 831 nescio
3030 776 3300 847 quomodo
3335 778 3512 849 suspi-

1933 871 2107 938 ciunt)
2132 868 2485 938 pertinaciter
2514 856 2743 946 haerent,
2777 866 2842 919 iis
2877 880 3036 933 pmna
3084 868 3513 940 suppliciumque

1932 962 2277 1034 preponitur.
2314 960 2597 1028 Quodnam
2633 959 2802 1013 illud?
2829 958 2902 1015 Ut
2945 960 3010 1012 ad
3043 961 3181 1028 quod
3226 974 3283 1013 se
3320 971 3513 1030 sponte

1934 1071 2029 1111 sua
2056 1057 2470 1110 accommodare
2500 1052 2605 1123 33
2634 1052 2824 1107 melius
2854 1051 3051 1117 fuerat,
3088 1052 3154 1105 ad
3183 1052 3284 1107 hoc
3313 1053 3510 1121 ipsmn,

1935 1158 2193 1217 tanquam
2239 1161 2307 1201 ex
2361 1146 2693 1200 necessitate
2744 1154 2797 1199 et
2828 1144 3022 1198 timore
3061 1158 3120 1197 se
3165 1145 3511 1201 transferant.

1937 1236 2092 1293 Sicut
2142 1237 2288 1291 enim
2336 1235 2560 1290 vulnera
2610 1249 2898 1305 corporum
2949 1246 3139 1289 sanatu
3185 1235 3416 1290 difﬁcilia
3461 1244 3517 1291 et

1938 1326 2328 1393 intractabilia,
2358 1326 2463 1381 nisi
2498 1327 3019 1382 medicamentorum
3050 1327 3238 1381 virtuti
3269 1327 3514 1380 cedentia

1938 1422 2289 1478 mutationem
2354 1420 2421 1474 ad
2476 1419 2772 1475 sanitatem
2825 1418 3151 1481 admittant,
3214 1429 3308 1473 aut
3372 1417 3516 1473 ferro

1938 1524 2213 1578 secantur,
2262 1511 2456 1582 peritia
2502 1509 2832 1563 medicorum
2875 1509 3018 1562 lutnc
3060 1508 3245 1561 auxilii
3298 1510 3513 1563 modum

1938 1608 2227 1671 suadente,
2268 1613 2359 1660 aut
2395 1612 2542 1659 certe
2580 1602 2687 1673 igni
2722 1603 3013 1655 vincuntur
3036 1643 3050 1667 ,
3092 1603 3161 1655 ita
3196 1610 3251 1655 et
3283 1601 3516 1655 hominis

1937 1702 2143 1765 anima,
2162 1700 2227 1753 ad
2254 1695 2663 1753 desciscendum
2692 1709 2720 1747 a
2746 1695 3019 1763 probitate
3041 1708 3298 1764 perquam
3324 1709 3515 1762 prona,

1938 1791 2042 1847 nisi
2087 1789 2312 1845 vocibus
2363 1786 2771 1842 admonentium
2824 1786 2999 1840 locum
3044 1786 3358 1856 reliquerit,
3397 1797 3449 1842 et
3486 1803 3513 1837 a

1943 1881 2276 1952 turpitudine
2306 1878 2372 1934 ad
2403 1879 2741 1933 honestatem
2784 1878 3019 1932 transire
3050 1877 3368 1943 instituerit,
3403 1892 3517 1946 pm-

246 1971 388 2040 μὴτε
432 1968 541 2041 μὴν
584 1969 760 2022 ’ἐλοιτο
799 1968 1132 2039 μεταφοιτᾷν
1166 1970 1231 2021 ἐκ
1260 1968 1370 2022 τῶν
1415 1969 1704 2039 αἰσχιόνων
1740 1970 1835 2023 ἐπὶ

1947 1975 2023 2029 nis
2055 1974 2314 2037 vincitur,
2356 1979 2412 2025 et
2463 1968 2711 2038 supplicii
2769 1969 2980 2038 laqueis
3029 1968 3335 2040 implicata,
3393 1970 3518 2024 velit

241 2059 306 2113 τὸ
337 2060 581 2131 ἄμεινον,
618 2062 841 2114 νικᾶται
882 2062 1006 2124 ταῖς
1045 2061 1243 2127 δίκαις,
1278 2063 1373 2116 καὶ
1410 2065 1524 2126 τοῖς
1550 2064 1651 2134 τῆς
1676 2064 1836 2118 κολά-

245 2168 385 2214 σεως
442 2151 706 2206 ὲναλοῦσα
762 2152 1013 2224 βρόχοις,
1072 2154 1383 2222 ἀναγκαίαν
1438 2158 1675 2209 ποιεῖται
1736 2157 1836 2228 τὴν

242 2244 605 2316 ἐπιστροφήν.
648 2244 857 2299 Ὀποῖόν
903 2246 1020 2298 ἐστι
1073 2245 1135 2299 τὸ
1192 2246 1278 2300 διὰ
1313 2248 1495 2319 φωνῆς
1528 2248 1792 2320 Ἱερεμίου
1818 2268 1833 2283 ο

252 2352 275 2386 σ
301 2334 456 2405 Πόνῳ
472 2335 563 2387 καὶ
584 2335 808 2406 μάστιγι
835 2336 1212 2410 παιδευθείσῃ,
1242 2339 1619 2411 Ἰερουσαλήμ.
1647 2361 1665 2393 ι
1694 2341 1838 2396 Ψάλ-

1937 2067 2071 2121 nolit
2108 2065 2468 2121 convertitur.
2509 2063 2681 2129 Quale
2724 2072 2811 2118 est
2851 2063 2995 2132 quod
3040 2062 3177 2132 apud
3224 2061 3514 2117 Jeremiam

1938 2156 2164 2226 legimus
2190 2170 2234 2210 ιι
2263 2156 2452 2210 Dolore
2474 2165 2524 2210 et
2549 2154 2762 2225 ﬂagello
2784 2154 3072 2217 erudieris,
3095 2153 3393 2209 Jerusalem
3414 2155 3478 2209 υ.
3494 2174 3513 2208 ι

1941 2250 2129 2305 Simile
2155 2250 2283 2319 quid
2334 2247 2512 2317 psallit
2559 2256 2614 2302 et
2644 2247 2834 2301 beatus
2879 2245 3047 2299 David
3093 2246 3160 2301 de
3197 2247 3286 2312 iis,
3322 2248 3521 2316 quibus

1938 2342 2133 2412 volupe
2176 2351 2260 2396 est
2304 2343 2355 2395 in
2404 2349 2623 2410 peccata
2669 2355 2829 2395 ruere
2867 2361 2877 2395 :
2915 2358 2933 2390 ι
2968 2339 3020 2393 lu
3052 2354 3209 2395 camo
3254 2347 3308 2394 et
3359 2339 3517 2395 freno

244 2423 332 2477 λει
363 2424 421 2477 δέ
453 2442 505 2477 τι
533 2426 775 2480 τοιοῦτον
804 2429 899 2481 καὶ
937 2429 965 2481 ό
1017 2428 1303 2493 θεσπέσιος
1345 2431 1529 2496 Δαϐὶδ,
1568 2431 1696 2505 περὶ
1729 2434 1839 2488 τῶν

1947 2432 2188 2488 maxillas
2208 2447 2396 2487 eorum
2422 2433 2758 2503 constringe,
2792 2431 2883 2501 qui
2914 2446 3018 2485 non
3047 2432 3428 2501 approximant
3453 2432 3519 2485 ad

246 2516 617 2587 ἠγαπηκότων
644 2517 706 2570 τὸ
737 2518 869 2572 πολὺ
894 2519 957 2590 δὴ
988 2520 1108 2573 λίαν
1139 2521 1369 2589 ἄγεσθαι
1401 2522 1539 2593 πρὸς
1558 2523 1620 2577 τὸ
1656 2524 1838 2596 πλημ-

1947 2526 2082 2582 te“.
2122 2544 2140 2578 ι
2178 2524 2412 2595 Asperas
2453 2525 2598 2580 enim
2679 2534 2735 2579 et
2788 2525 2964 2578 adhuc
3016 2524 3176 2578 rudes
3215 2523 3521 2577 animantes

252 2608 468 2679 μελεῖν⁶
510 2628 530 2661 ι
566 2609 655 2661 Ἐν
688 2609 855 2680 κημῷ
898 2611 994 2664 καὶ
1020 2612 1223 2683 χαλινῷ
1249 2613 1349 2678 τὰς
1368 2615 1623 2684 σιαγόνας
1656 2616 1838 2670 αὐτῶν

1947 2630 2039 2686 pro
2099 2614 2328 2669 arbitrio
2376 2628 2475 2668 suo
2527 2612 2826 2668 domitores
2892 2612 3060 2667 frenis
3109 2612 3519 2679 circumagunt;

246 2700 444 2769 ἀγξαις
501 2700 612 2754 τῶν
648 2702 722 2772 μὴ
774 2704 1103 2771 ἐγγιζόντων
1132 2705 1269 2776 πρὸς
1302 2707 1382 2760 σέ.
1415 2728 1434 2759 ι
1490 2709 1571 2762 Τὰ
1612 2710 1721 2779 γάρ
1757 2726 1839 2762 τοι

1947 2706 2196 2761 similiter
2222 2709 2463 2772 peccatis
2494 2705 2706 2760 deditos
2740 2704 2880 2760 Deus
2915 2705 2981 2759 ad
3016 2718 3201 2758 eorum
3235 2703 3520 2758 utilitatem

251 2790 467 2861 σκληρά
496 2808 555 2844 τε
610 2792 706 2844 καὶ
737 2792 1098 2862 ἀστοιχείωτα
1136 2794 1245 2847 τῶν
1270 2796 1481 2864 ἀλόγων
1510 2795 1664 2861 ζώων
1692 2797 1841 2868 χαλι-

1947 2806 2161 2853 tractat.
2206 2797 2470 2864 Quocirca
2511 2796 2796 2851 consilium
2837 2796 3037 2851 dabant
3073 2795 3368 2867 Synagogte
3397 2810 3524 2865 pro-

248 2883 362 2946 νοῖς
414 2882 835 2955 περιτρέπουσιν
861 2884 942 2946 είς
969 2883 1030 2935 τὸ
1058 2880 1118 2938 εῦ
1170 2885 1316 2955 ἔχειν
1342 2886 1532 2939 δοκοῦν
1574 2888 1623 2939 oi
1667 2887 1842 2941 πωλο-

1947 2891 2119 2958 pheta:
2148 2900 2203 2944 et
2233 2888 2390 2958 justi,
2418 2887 2493 2941 uti
2532 2902 2590 2941 se
2619 2887 2686 2941 ab
2713 2886 2982 2941 idolorum
3018 2885 3167 2940 cultu
3197 2893 3522 2947 removeret,

246 2972 474 3045 δαμνεῖν
505 2974 759 3037 εἰωθότες
777 2991 791 3004 ·
816 2973 959 3028 οὓτω
982 2976 1085 3041 καὶ
1115 2975 1249 3040 Θεὸς
1272 2978 1561 3049 χρησίμως
1596 2979 1840 3050 προσφέ-

1947 2987 1997 3032 et
2028 2978 2097 3032 ab
2122 2993 2333 3043 errore,
2368 2978 2552 3033 nescio
2579 2977 2719 3030 unde
2748 2976 2969 3031 invento
2999 2985 3055 3031 et
3096 2975 3432 3039 introducto,
3464 2988 3524 3030 se

253 3081 411 3136 ρεται
468 3068 579 3131 τοῖς
631 3066 1130 3139 φιλαμαρτήμοσιν.
1184 3069 1394 3123 Οὐκοῦν
1458 3070 1842 3125 συνεϐούλευον

1947 3070 2273 3128 contineret.
2316 3068 2504 3139 Neque
2540 3069 2594 3123 hi
2630 3077 2861 3132 tantum,
2903 3068 2995 3123 sed
3031 3066 3196 3121 etiam
3237 3066 3352 3136 ipse
3383 3064 3524 3120 Deus

256 3159 357 3231 μὲν
400 3162 463 3230 τῇ
500 3160 794 3231 Συναγωγῇ
846 3161 1122 3232 προφῆται
1169 3162 1265 3215 καὶ
1317 3162 1535 3227 δίκαιοι,
1589 3162 1691 3231 τῆς
1731 3164 1840 3216 τῶν

1952 3160 2281 3228 minabatur,
2332 3161 2649 3216 foedissimis
2682 3175 2775 3215 eos
2809 3175 2867 3215 se
2905 3160 3063 3214 malis
3101 3160 3520 3228 exagitaturum,

252 3249 487 3303 ιίδώλων
517 3252 884 3323 ἀποφοιτῆσαι
914 3253 1189 3324 λατρείας,
1214 3256 1307 3308 καὶ
1331 3255 1430 3325 τῆς
1452 3256 1551 3308 οὐκ
1599 3251 1695 3310 οἶδ’
1724 3257 1842 3311 ὅθεν

1952 3252 2052 3308 nisi
2093 3262 2298 3307 mutata
2349 3263 2551 3319 mente,
2598 3254 2665 3307 ad
2704 3252 2988 3321 cogitanda
3029 3262 3083 3307 et
3128 3251 3372 3305 facienda
3407 3264 3527 3320 quae

252 3339 636 3413 εξηυρημένης
669 3344 1006 3415 ἀποσχέσθαι
1033 3346 1265 3416 πλάνης.
1308 3346 1419 3400 Καὶ
1440 3347 1499 3399 οὐ
1534 3347 1696 3419 μέχρι
1721 3349 1842 3402 τού-

1950 3345 2051 3414 ipsi
2087 3353 2237 3415 grata
2297 3354 2351 3399 et
2375 3346 2545 3399 amica
2572 3354 2778 3410 essent,
2821 3344 3257 3415 regrederentur.
3296 3343 3371 3396 Illi
3398 3356 3527 3398 vero

252 3451 365 3487 ⁹ξων
394 3450 408 3463 ·
442 3435 576 3488 ἀλλά
608 3438 703 3489 καὶ
728 3437 889 3501 αὐτὸς
918 3438 1131 3506 ἠπείλει
1172 3438 1304 3502 Θεὸς
1346 3440 1629 3511 ἐπιθήσειν
1667 3443 1842 3506 αὐτοῖς

1951 3437 2127 3491 adhuc
2157 3436 2331 3505 asperi
2359 3447 2413 3491 et
2440 3436 2711 3500 indomiti,
2738 3446 2793 3491 et
2821 3436 3003 3490 animo
3037 3434 3321 3504 praefracto
3348 3443 3522 3488 erant.

251 3528 326 3580 τὰ
354 3528 569 3581 πάντων
591 3530 847 3599 αἴσχιστα
881 3530 991 3582 τῶν
1015 3530 1223 3593 κακῶν,
1247 3533 1295 3584 εί
1326 3531 1399 3603 μὴ
1424 3532 1629 3587 ἕλοιντο
1652 3533 1842 3589 παλιν-

1951 3529 2132 3597 Quare
2167 3528 2307 3583 bello
2353 3529 2495 3595 capti
2544 3528 2685 3599 apud
2719 3528 2971 3598 Assyrios
3006 3536 3059 3582 et
3107 3526 3290 3581 Medos
3337 3526 3524 3595 perdiu

252 3618 479 3689 δρομεῖν
500 3621 581 3682 είς
604 3620 666 3673 τὸ
697 3623 915 3690 φρονεῖν
936 3639 1017 3687 τε,
1037 3623 1132 3676 καὶ
1156 3623 1289 3694 δρᾷν
1306 3623 1375 3677 τά
1396 3624 1544 3695 αὐτῷ
1564 3624 1842 3691 δοκοῦντα¹

1950 3623 2220 3677 vixerunt.
2264 3620 2364 3676 Ubi
2407 3636 2529 3675 cum
2564 3629 2784 3686 essent,
2828 3630 2881 3674 et
2924 3619 3055 3690 jugo
3089 3618 3365 3674 servitutis
3400 3632 3526 3683 gra-

255 3711 355 3764 καὶ⁸
389 3710 535 3780 φίλα.
578 3713 642 3764 υί
676 3711 733 3764 δὲ
759 3710 899 3784 ἦσαν
933 3712 1013 3765 ἔτι
1064 3714 1226 3767 δεινοί
1272 3733 1331 3769 τε
1363 3718 1455 3770 καὶ
1516 3719 1850 3790 ἀτεράμονες

256 3802 355 3855 καὶ
404 3801 501 3873 τὴν
562 3803 805 3857 διάνοιαν
854 3805 1153 3873 ἀκαμπεῖς.
1205 3807 1471 3880 Ταύτῃτοι
1521 3808 1849 3881 δορύληπτοι

256 3894 565 3961 γεγονότες,
622 3897 701 3959 είς
765 3896 1084 3968 Ἀσσυρίους
1166 3900 1261 3952 καὶ
1323 3901 1541 3972 Μήδους
1606 3904 1851 3974 μακροὺς

255 3984 667 4039 διατετελέκασι
704 3986 948 4059 χρόνους.
1000 3980 1076 4041 Οὗ
1131 3992 1439 4058 γεγονότες,
1495 3993 1590 4047 καὶ
1635 3992 1712 4066 τῷ
1747 3994 1850 4065 τῆς

254 4075 503 4140 δουλείας
536 4075 965 4147 κατηχθισμένοι
999 4078 1170 4147 ζυγῷ,
1206 4080 1362 4135 ἔθυον
1400 4081 1499 4153 μὲν
1526 4085 1644 4148 ταῖς
1676 4085 1852 4157 δαμά-

254 4169 406 4222 λεσιν
459 4169 672 4222 οὐκέτιο
732 4169 851 4234 πῶς
906 4168 1033 4244 γὰρ,
1096 4172 1129 4243 ἢ
1195 4172 1379 4239 πόθεν,
1431 4176 1480 4228 οί
1515 4175 1571 4228 δὲ
1609 4171 1750 4248 ἦσαν
1793 4177 1852 4230 ἐν

256 4259 525 4329 ἀφύκτοις
566 4263 791 4328 κακοῖς;
841 4260 958 4316 ἀλλ’
1000 4263 1119 4316 οὐδὲ
1155 4264 1315 4317 αὑτὸν
1351 4266 1714 4321 ἐπεκαλοῦντο
1760 4267 1852 4323 τόν

255 4350 430 4414 Βάαλ,
458 4351 733 4405 διετέλουν
765 4352 821 4405 δὲ
853 4352 1053 4423 μᾶλλον
1095 4354 1197 4417 τάς
1221 4356 1429 4410 ἑαυτῶν
1459 4358 1852 4430 ἀνοιμώζοντες

259 4445 570 4517 συμφοράς.
621 4442 795 4498 Τοῦτό
835 4445 919 4498 τοί
961 4463 1126 4518 φησιν
1152 4449 1179 4501 ὀ
1211 4447 1318 4502 τῶν
1368 4450 1504 4504 ὅλων
1530 4452 1812 4522 Δεσπότης
1833 4469 1847 4484 ·

1952 3725 2229 3784 varentur,
2268 3714 2452 3770 vitulis
2482 3714 2556 3767 illi
2589 3714 2807 3783 quidem
2845 3728 2950 3767 non
2982 3711 3214 3781 amplius
3250 3726 3361 3766 rem
3391 3709 3529 3765 divi-

1953 3821 2079 3861 nam
2126 3804 2405 3861 faciebant
2448 3805 2563 3875 (qui
2607 3804 2784 3866 enim,
2814 3812 2906 3857 aut
2942 3804 3085 3857 unde
3128 3801 3395 3868 facerent,
3436 3801 3528 3871 qui

1954 3898 2111 3952 malis
2184 3896 2571 3967 premebantur
2643 3893 3165 3965 inevitabilibus?),
3196 3893 3288 3947 sed
3359 3907 3531 3964 neque

1952 3990 2125 4059 ipsius
2173 3988 2303 4044 Baal
2356 4002 2511 4058 opem
2557 3985 2953 4057 implorabant;
3000 3986 3130 4054 quin
3178 3999 3303 4040 suas
3352 3983 3532 4053 potius

1953 4080 2292 4135 calamitates
2320 4079 2538 4133 assiduo
2570 4075 3031 4132 lamentabantur.
3075 4074 3187 4129 Hoc
3229 4075 3392 4147 igitur
3424 4082 3528 4138 est,

1952 4170 2096 4240 quod
2131 4170 2511 4224 universorum
2586 4167 2847 4221 Dominus
2881 4166 3001 4221 ait:
3055 4166 3311 4221 Auferam
3361 4165 3531 4219 forni-

1954 4260 2223 4316 cationem
2278 4263 2394 4328 ejus
2425 4275 2453 4313 a
2490 4258 2625 4314 facie
2671 4272 2813 4324 mea,
2848 4269 2903 4313 et
2948 4257 3271 4313 adulterium
3313 4257 3432 4327 ejus
3470 4260 3534 4312 tle

1955 4354 2134 4410 medio
2170 4354 2396 4409 uberum
2432 4352 2567 4419 ejus.
2618 4351 2805 4406 Abihit
2867 4351 3013 4405 enint
3065 4350 3302 4419 captiva,
3337 4347 3534 4418 inquit,

1954 4460 2055 4501 nec
2095 4446 2289 4501 videbo
2339 4446 2392 4499 in
2445 4453 2721 4514 posterum
2772 4443 3176 4497 sacrificantem
3228 4441 3390 4506 Baal,
3437 4456 3536 4495 nec

257 4538 371 4590 Καὶ
408 4535 589 4607 ὲξαρῶ
616 4535 713 4606 τὴν
754 4536 1012 4606 πορνείαν
1050 4538 1221 4610 αὐτῆς
1257 4540 1321 4592 ἐκ
1370 4540 1664 4613 προσώπου
1715 4560 1841 4613 μου,

1949 4537 2130 4592 vitulis
2178 4538 2358 4591 aureis
2401 4536 2545 4590 ultra
2594 4535 2908 4591 offerentem
2947 4533 3300 4599 holocausta,
3337 4543 3393 4589 et
3426 4547 3536 4601 pra:

257 4626 355 4679 καὶ
386 4625 481 4696 τὴν
531 4625 780 4696 μοιχείαν
853 4626 1027 4698 αὐτῆς
1082 4629 1148 4681 ὲκ
1179 4628 1345 4699 μέσου
1398 4631 1620 4702 μαστῶν
1654 4634 1845 4706 αὐτῆς.

255 4719 555 4789 Οἱχήσεται
599 4718 708 4788 γάρ
743 4717 1109 4788 αἰχμάλωτος,
1165 4719 1322 4791 φησὶ,
1369 4722 1464 4774 καὶ
1502 4723 1601 4776 οὐκ
1650 4723 1851 4796 ὂψομαι

258 4810 496 4863 θύουσαν
516 4810 597 4863 ἔτι
622 4810 699 4880 τῷ
731 4811 878 4864 Βάαλ
898 4849 913 4871 ,
954 4809 1079 4864 οὗτε
1111 4815 1234 4876 ταῖς
1264 4814 1528 4884 δαμάλεσι
1570 4821 1689 4881 ταῖς
1718 4836 1849 4889 χρυ-

260 4903 383 4964 σαῖς
433 4900 513 4953 ἕτι
568 4900 828 4954 τελοῦσαν
873 4899 1338 4971 ὁλοκαυτώματα,
1396 4905 1490 4958 καὶ
1540 4907 1604 4959 ἐκ
1651 4906 1850 4978 πολλῆς

256 4992 400 5058 ἄγαν
448 4990 759 5061 ἀγερωχίας
805 4991 1090 5061 μονονουχὶ
1137 4993 1230 5045 καὶ
1274 4994 1700 5065 ἀπογυμνοῦσαν
1737 5001 1848 5062 τοῖς

260 5082 417 5144 ίδίοις
445 5082 705 5151 ἐρασταῖς
734 5082 860 5144 τοὺς
885 5079 1143 5151 μαστούς.
1189 5082 1597 5155 Ἐφησθήσομαι
1622 5085 1680 5138 δὲ
1715 5085 1851 5154 μᾶλ-

255 5174 352 5227 λον
383 5172 622 5244 ἁλυούσῃ
650 5190 731 5237 τε,
769 5173 865 5227 καὶ
886 5172 1396 5244 ταλαιπωρουμένῃ,
1433 5175 1527 5228 κα)⁸
1550 5177 1851 5246 ἀνήκεστον

256 5260 463 5333 ἐχούσῃ
490 5262 794 5333 συμφορὰν,
846 5262 903 5316 ὲν
945 5265 1014 5333 γῇ
1061 5262 1162 5315 οὐκ
1214 5263 1339 5334 ίδίᾳ,
1372 5266 1465 5319 καὶ
1498 5266 1603 5319 ὑπὸ
1660 5267 1853 5333 δεινοῖς

256 5354 357 5407 καλ⁵
387 5356 604 5425 πικροῖς
625 5371 823 5425 γεγενη
832 5355 966 5427 μένῃ
988 5356 1297 5420 δεσπόταις.
1316 5355 1551 5410 Ἐποίσω
1581 5358 1636 5412 δὲ
1658 5360 1851 5426 ταῦτα,

254 5448 361 5517 τῆς
388 5448 527 5518 ἐμῆς
548 5447 871 5519 ἐπικουρίας
896 5448 1302 5520 ἀπογυμνώσας
1329 5448 1517 5521 αὐτὴν,
1554 5452 1646 5505 καὶ
1682 5452 1853 5524 ἀσχή-

259 5555 405 5609 μονα
437 5538 867 5605 καταλελοιπὼς,
894 5539 971 5603 ώς
993 5540 1052 5593 ὲν
1085 5534 1166 5604 οἷς
1200 5537 1269 5612 ῆν
1296 5541 1355 5593 ὲν
1389 5528 1584 5612 ἀρχαῖς
1621 5543 1853 5615 ὁρᾶσθαι

257 5631 663 5704 γεγενημένην,
730 5633 821 5685 ὅτε
882 5632 973 5686 τὸν
1018 5636 1119 5701 τῆς
1170 5634 1488 5701 Αἰγυπτίων
1539 5635 1852 5702 πλεονεξίας

256 5725 642 5797 ἀχθοφοροῦσα
683 5726 869 5794 ξυνὸν,
901 5729 1084 5800 γυμνὴ
1135 5727 1360 5781 διετέλει
1405 5728 1504 5801 τῆς
1546 5730 1676 5802 παρ’
1716 5731 1850 5803 ἐμοῦ

336 5909 378 5940 ³¹
414 5904 526 5962 Jer.
572 5922 643 5973 vr,
684 5905 737 5962 8.
818 5909 860 5939 ¹¹
896 5906 1036 5962 Psal.
1081 5923 1235 5976 uxr,
1276 5908 1330 5963 9.

1958 4630 2127 4685 multa
2162 4629 2413 4698 superbia
2459 4637 2667 4684 tantum
2704 4644 2808 4684 non
2852 4628 3017 4683 etiam
3053 4628 3389 4681 amatoribus
3425 4625 3537 4681 suis

1959 4721 2126 4777 ubera
2167 4722 2478 4776 nudantem.
2513 4721 2765 4775 Lzetabor
2807 4720 2987 4789 potius
3025 4734 3188 4789 super
3232 4726 3446 4785 moesta,
3484 4726 3536 4773 et

1959 4814 2176 4881 aﬂlicta,
2201 4825 2253 4870 et
2275 4814 2530 4869 :erumnis
2557 4815 2926 4869 circumventa
2952 4812 3286 4883 gravissimis
3311 4811 3363 4865 in
3392 4821 3536 4866 terra

1958 4923 2063 4962 non
2096 4923 2211 4969 sua,
2236 4907 2617 4977 ferocibusque
2646 4914 2702 4960 et
2732 4905 2945 4961 acerbis
2977 4904 3211 4959 dominis
3242 4904 3534 4959 serviente.

1954 4999 2064 5074 34
2099 4999 2331 5056 inferam
2380 5008 2559 5054 autem
2603 4999 2718 5055 haec
2756 4999 2978 5069 privatae
3022 4998 3241 5053 auxiliis
3286 4998 3445 5059 meis,
3485 5007 3538 5053 et

1958 5093 2161 5147 relicta:
2189 5092 2240 5145 in
2281 5091 2638 5160 turpitudine,
2672 5100 2732 5145 ut
2769 5090 2950 5146 videre
2988 5090 3149 5146 liceat
3182 5090 3534 5144 constitutam

1958 5183 2011 5238 in
2046 5184 2146 5250 iis,
2195 5184 2246 5237 in
2293 5165 2491 5254 quibus
2539 5182 2639 5237 fuit
2669 5199 2697 5238 a
2732 5183 3033 5253 principio,
3083 5181 3303 5251 quando
3351 5182 3538 5251 jugutn

1956 5275 2226 5347 Egyptiae
2262 5275 2567 5346 tyrannidis
2602 5287 2847 5345 portans,
2886 5275 3059 5346 gratia
3097 5288 3238 5340 mea,
3280 5284 3335 5327 et
3402 5271 3538 5325 dile-

1957 5369 2159 5433 ctione,
2184 5370 2253 5422 ἐι
2285 5368 2442 5437 legali
2478 5369 2744 5437 sapientia
2777 5369 3032 5422 destituta
3063 5366 3335 5420 manebat.
3357 5363 3539 5433 Itaque

1959 5464 2108 5514 velut
2143 5467 2288 5515 retro
2327 5474 2572 5531 regressa
2606 5460 2914 5531 Synagoga,
2950 5474 3166 5513 rursum
3200 5458 3301 5512 fuit
3331 5458 3380 5511 in
3416 5458 3539 5525 (ιηῑ-

1960 5553 2060 5607 bus
2095 5552 2293 5615 fuerat,
2321 5552 2480 5607 medii
2514 5551 2771 5621 temporis
2793 5552 3000 5606 honore
3027 5558 3082 5605 et
3106 5549 3280 5619 gloria
3312 5557 3533 5617 propter

1960 5658 2112 5699 suam
2148 5642 2433 5697 stultitiam
2486 5640 2733 5697 multata.
2766 5639 2879 5695 lluc
2923 5655 3021 5696 nos
3051 5648 3105 5693 et
3141 5639 3253 5706 ipse
3287 5634 3537 5690 Salvator

1960 5734 2210 5805 docebat,
2245 5750 2366 5791 cum
2417 5735 2667 5791 diceret:
2699 5752 2719 5787 ‹
2761 5732 2897 5789 Cum
2952 5730 3261 5787 immundus
3312 5725 3537 5799 spiritus
