4094 6552
616 405 687 462 es
1576 390 1579 399 '
1639 404 1698 464 s.
1734 407 2014 464 CYRlLLl
2057 409 2530 466 ALEXANDRINI
2570 410 2895 468 ARClilEP.
3802 412 3873 474 et

616 519 816 577 exierit
837 518 912 574 ab
938 518 1175 587 homine,
1197 518 1436 576 ambulat
1461 535 1556 592 per
1589 521 1706 581 loca
1737 523 2021 595 inaquosa,
2041 539 2192 595 quae—

2300 523 2513 596 χάριτός
2541 542 2600 578 τε
2658 525 2756 580 καὶ
2785 526 3026 595 ἀγάπης,
3056 525 3148 579 καὶ
3165 526 3356 596 σοφίας
3384 529 3636 600 νομικῆς.
3663 527 3873 583 Οὐκοῦν

616 624 740 665 rens
768 608 1029 679 requiem,
1062 617 1117 664 et
1151 624 1257 665 non
1289 610 1513 666 invenit.
1548 611 1701 669 Tunc
1724 613 1855 669 dicit
1885 632 1900 669 :
1930 614 2193 670 Revertar

615 702 668 759 in
714 703 927 756 domum
976 714 1183 768 meam,
1222 703 1365 757 unde
1407 704 1580 771 exivi;
1624 713 1681 760 et
1712 705 1935 763 veniens
1986 706 2194 761 invenit

612 799 914 854 vacantem,
939 791 1121 859 scopis
1147 794 1460 846 mundatam
1490 801 1545 848 et
1574 803 1850 848 ornatam.
1876 794 2030 851 Tunc
2053 794 2188 858 abit,

613 895 669 939 et
708 883 938 938 assumit
982 892 1187 951 septem
1235 882 1369 939 alios
1412 884 1635 953 spiritus
1680 884 1973 955 nequiores
2009 901 2100 952 se.
2135 895 2194 943 et

614 976 845 1047 ingressi
891 976 1137 1031 habitant
1177 976 1285 1041 ibi,
1328 984 1382 1030 et
1424 975 1562 1030 fiunt
1608 977 1903 1032 novissima
1953 978 2191 1035 hominis

613 1065 759 1121 illius
808 1063 993 1136 pejora
1038 1065 1331 1135 prioribus.
1385 1064 1476 1120 Sic
1522 1064 1627 1120 erit
1676 1068 2015 1137 generationi
2065 1067 2191 1123 huic

613 1159 863 1227 pessimae
889 1158 954 1213 ¹³.
971 1176 989 1210 ι
1016 1157 1205 1213 Adhuc
1221 1157 1365 1213 enim
1397 1157 1449 1211 in
1476 1156 1714 1230 Egypto
1732 1158 2189 1215 commorantihus

611 1248 872 1306 Israelitis
895 1249 1118 1319 spiritus
1140 1264 1369 1320 nequam
1402 1249 1454 1305 in
1490 1249 1653 1319 ipsis,
1684 1249 2060 1307 utidololalris
2093 1251 2191 1306 hai-

617 1343 841 1396 hitahat.
886 1341 994 1397 Sed
1026 1341 1230 1411 ejectus
1268 1350 1351 1397 est
1379 1350 1602 1411 postea;
1634 1357 1733 1414 per
1777 1342 1998 1414 Moysen
2043 1343 2187 1399 enim

612 1436 678 1488 ad
715 1434 1073 1505 cognitionem
1120 1433 1215 1489 Dei
1264 1433 1439 1489 vocati
1483 1444 1631 1489 sunt.
1677 1433 1975 1506 Postquam
2005 1443 2187 1492 autem

614 1525 900 1581 Dominum
952 1525 1298 1587 occiderunt,
1352 1532 1408 1579 et
1454 1524 1601 1581 mille
1647 1539 1707 1583 se
1753 1524 2051 1583 sceleribus
2091 1526 2190 1583 ob-

614 1617 975 1681 strinxerunt,
1000 1615 1145 1671 facta
1175 1624 1301 1671 sunt
1329 1614 1435 1671 illis
1459 1616 1751 1672 novissima
1782 1617 1964 1687 pejora
1988 1618 2188 1690 prieri-

614 1708 738 1772 bus,
768 1720 873 1760 non
906 1718 1017 1760 uno
1056 1712 1293 1773 tantum,
1334 1706 1428 1761 sed
1473 1718 1635 1777 grege
1673 1704 1986 1761 dmmonum
2042 1707 2189 1778 ipsos

618 1797 980 1852 inhabitante.
1013 1796 1206 1850 Anima
1237 1796 1383 1851 enim
1412 1810 1532 1852 cum
1565 1795 1806 1853 caelestis
1837 1797 2026 1867 gratiae
2067 1814 2187 1853 mu-

614 1888 913 1943 nimentum
952 1887 1238 1959 abjecerit,
1268 1886 1527 1944 facillime
1563 1903 1591 1942 a
1623 1888 1823 1944 Satana
1849 1888 2113 1958 capietur.

2294 614 2375 677 είς
2410 613 2775 685 ὑποστροφὴν,
2814 616 2908 668 καὶ
2932 616 3124 669 ἀνόπιν
3163 616 3351 688 ὥσπερ
3383 617 3555 683 ἰοῦσα,
3605 619 3765 672 πάλιν
3819 621 3876 672 ἐν

2293 700 2375 769 οἷς
2401 701 2470 776 ἦν
2500 706 2731 775 γέγονεν
2780 707 2813 776 ἡ
2848 706 3165 777 Συναγωγὴ,
3209 708 3308 778 τὴν
3356 705 3560 778 μεταξὺ
3605 711 3770 779 τιμήν
3815 727 3876 763 τε

2293 797 2570 863 καὶδόξαν
2602 799 2660 863 ἐξ
2692 798 2928 869 ἀμαθίας
2961 798 3322 871 ζημιουμένη.
3368 800 3536 854 Τοῦτο
3590 803 3683 854 καὶ
3712 802 3877 864 αύτδς

2292 890 2440 960 ἡμᾶς
2501 890 2777 945 ἐδίδασκεν
2834 891 2864 943 ὁ
2909 892 3122 961 Σωτὴρ,
3156 892 3362 960 λέγων’
3432 894 3650 947 ιὍταν
3700 894 3757 947 δὲ
3817 892 3877 947 τὸ

2291 980 2609 1052 ἀκάθαρτον¹
2636 982 2853 1053 πνεῦμα
2883 981 3074 1055 ἐξέλθῃ
3101 983 3211 1036 ἀπὸ
3241 982 3334 1037 τοῦ
3372 983 3686 1053 ἀνθρώπου,
3722 984 3875 1054 διέρ-

2291 1089 2445 1142 χεται
2469 1072 2537 1126 δι’
2568 1072 2812 1144 ἀνύδρων
2841 1072 3042 1138 τόπων,
3066 1073 3265 1145 ζητοῦν
3298 1074 3623 1137 ἀνάπαυσιν,
3647 1077 3741 1129 καὶ
3775 1077 3876 1148 οὐχ

2291 1160 2556 1232 εὑρίσκει.
2590 1162 2723 1216 Τότε
2755 1162 2928 1232 λέγει,
2967 1162 3315 1234 Ἐπιστρέψω
3338 1166 3418 1227 είς
3448 1165 3541 1217 τὸν
3581 1160 3732 1218 οἶκόν
3771 1182 3877 1234 μου

2290 1252 2410 1306 ὅθεν
2431 1253 2675 1321 ἐξῆλθον·
2719 1255 2814 1309 καὶ
2843 1255 2995 1309 ἐλθὸν
3025 1255 3270 1326 εὑρίσκει
3307 1256 3657 1327 σχολάζοντα,
3703 1274 3876 1311 σεσα-

2293 1347 2555 1417 ρωμὲνον,
2603 1346 2699 1400 καὶ
2749 1348 3182 1419 κεκοσμημένον.
3239 1348 3377 1402 Τότε
3418 1349 3731 1420 πορεύεται,
3786 1350 3881 1404 καὶ

2290 1437 2709 1508 παραλαμϐάνει
2772 1438 2911 1493 ὲπτά
2966 1439 3131 1511 ἕτερα
3195 1439 3485 1509 πνεύματα
3537 1441 3881 1513 πονηρότερα

2291 1527 2509 1590 ἐαυτοῦ,
2539 1528 2632 1582 καὶ
2662 1527 2971 1584 εἰσελθόντα
2993 1534 3249 1584 κατοικεῖ
3273 1532 3389 1585 ἐκεῖ
3408 1548 3424 1564 ’
3456 1531 3552 1585 καὶ
3580 1531 3795 1600 γίνεται
3814 1531 3883 1583 τά

2290 1619 2493 1689 ἔσχατα
2520 1619 2625 1673 τοῦ·
2648 1619 2935 1691 ἀνθρώπου
2966 1620 3174 1675 ἐκείνου
3204 1621 3425 1693 χείρονα
3472 1621 3581 1674 τῶν
3623 1620 3880 1691 πρώτων.

2295 1709 2481 1775 Οὕτως
2510 1709 2664 1764 ἔσται
2687 1711 2929 1783 τῇγενεᾷ
2959 1708 3133 1783 ταύτῃ
3161 1714 3227 1782 τῇ
3266 1713 3502 1782 πονηρᾷ.
3536 1732 3555 1763 ι
3617 1712 3741 1764 Ἔτι
3783 1710 3885 1781 μὲν

2290 1801 2399 1870 γὰρ
2426 1801 2483 1853 ἐν
2514 1799 2775 1871 Αἰγύπτῳ
2824 1800 3162 1871 διατρίϐουσι
3201 1801 3316 1863 τοῖς
3376 1800 3437 1865 ἐξ
3496 1798 3735 1870 Ἰσραὴλ,
3794 1800 3884 1851 ἐνο

2214 1888 2259 1944 Β
2286 1891 2505 1965 ᾤκησεν
2536 1894 2612 1958 ὡς
2640 1894 3056 1966 εἰδωλολάτραις
3088 1894 3150 1947 τὸ
3178 1894 3467 1966 πνεῦματδ
3480 1893 3742 1966 πονηρὸν,
3767 1890 3897 1945 ἀλλ’⁷

613 1981 937 2055 ἐκϐέϐληται
982 1980 1217 2054 μεταξύο
1268 1981 1561 2052 κέκληνται
1602 1981 1711 2053 γὰρ
1756 1981 1839 2045 είς
1892 1981 2226 2053 θεογνωσίαν
2265 1984 2353 2040 διά
2414 1987 2681 2050 Μωσέως.
2720 1986 2939 2058 Ἐπειδὴ
2977 1986 3033 2039 δὲ
3078 1987 3335 2056 γεγόνασι
3376 1986 3739 2058 κυριοκτόνοι,
3791 1975 3893 2035 καὶ

616 2074 830 2145 μυρίοις
859 2075 1198 2146 ἐγκλήμασιν
1216 2074 1411 2147 ἔνοχοι,
1433 2074 1657 2143 γέγονεν
1682 2075 1866 2138 αὐτοῖς
1887 2074 1957 2128 τά
2022 2074 2227 2148 ἔσχατα
2266 2078 2487 2151 χείρονα
2526 2082 2634 2135 τῶν
2684 2080 2938 2152 πρώτων,
2978 2080 3274 2151 δαιμονίων
3345 2080 3569 2150 ἀγέλης,
3619 2079 3718 2148 οὐχ
3768 2076 3885 2135 ἐνὸς

613 2167 693 2221 ἔτι
730 2169 891 2239 μόνου
928 2168 1286 2239 κατοικούσης
1313 2172 1371 2223 ἐν
1404 2170 1608 2234 αὐτοῖς.
1675 2170 1787 2240 Τῆς
1831 2169 1939 2243 γὰρ
1976 2170 2230 2243 οὐρανίου
2305 2176 2526 2248 χάριτος
2565 2177 2678 2249 τὴν
2707 2175 3036 2248 περιστολὴν
3086 2173 3437 2229 ἀποϐαλοῦσα
3482 2171 3653 2243 ψυχὴ,
3705 2169 3885 2237 πάντη

613 2278 674 2314 τε
705 2262 798 2315 καὶ
828 2260 1042 2325 πάντως
1067 2261 1337 2326 εὐάλωτος
1372 2260 1525 2315 ἔσται
1546 2260 1623 2332 τῷ
1653 2262 1887 2332 Σατανᾷ.

685 2355 847 2411 Vens.
878 2357 934 2412 4.
962 2356 1030 2409 Ει
1080 2373 1269 2425 ponam
1299 2374 1415 2412 eam
1453 2358 1507 2411 in
1532 2358 1818 2422 desertum,
1866 2366 1916 2413 et
1965 2367 2195 2415 statuam

613 2466 722 2504 eam
746 2451 878 2503 sicut
913 2460 1109 2503 terram
1131 2450 1242 2504 sine
1263 2466 1429 2519 aqua,
1452 2459 1500 2503 et
1536 2449 1774 2504 occidam
1822 2450 1970 2505 illam
1998 2453 2053 2506 in
2088 2453 2198 2516 siti;

614 2552 660 2594 et
694 2542 925 2609 ﬁliorum
956 2540 1068 2609 ejus
1096 2555 1199 2593 non
1221 2540 1533 2607 miserebor,
1550 2542 1675 2611 quia
1709 2541 1812 2610 ﬁlii
1835 2541 2203 2610 fornicationis

613 2642 771 2696 sunt;
798 2631 924 2700 quia
951 2631 1212 2697 fornicata
1250 2640 1327 2687 est
1372 2641 1541 2687 mater
1562 2632 1815 2701 ipsorum,
1838 2643 1885 2688 et
1905 2633 2192 2688 dedecora-

616 2721 686 2775 vil
708 2737 793 2774 eos
825 2737 942 2789 quae
963 2722 1158 2790 peperit
1186 2738 1299 2779 eos.

686 2809 822 2865 Xlll.
879 2811 1127 2867 Sterilem
1182 2811 1297 2867 fore
1349 2813 1425 2868 ait
1468 2812 1904 2880 fornicatricem,
1959 2814 2188 2878 aridam.

618 2904 801 2972 Spinas
831 2905 1151 2973 parientem,
1183 2905 1520 2961 siticulosam
1548 2915 1601 2961 et
1636 2907 1990 2977 inaquosam,
2045 2907 2190 2963 haud

622 2994 876 3061 terrenis,
912 2996 1098 3060 credo,
1139 2999 1293 3067 aquis
1315 2997 1622 3066 spoliatam,
1662 2998 1758 3053 sed
1798 3013 2031 3068 superna
2077 3012 2192 3053 coe-

2364 2358 2474 2412 Καὶ
2496 2357 2758 2427 θήσομαι
2788 2356 2984 2424 αὐτὴν
3007 2356 3094 2421 είς
3112 2354 3358 2423 ἔρημον,
3386 2350 3487 2406 καί
3509 2350 3668 2415 τάξω
3690 2350 3889 2419 αὐτὴν

2295 2449 2375 2516 ὡς
2396 2447 2512 2518 γῆν
2542 2449 2828 2518 ἄνυδρον,
2879 2448 2978 2502 καί
3003 2442 3317 2501 ἀποκτενῶ
3349 2442 3547 2511 αὐτὴν
3583 2443 3656 2497 ἐν
3697 2443 3883 2512 δίψει,

2297 2542 2398 2596 καὶ
2438 2543 2514 2595 τὰ
2557 2542 2741 2596 τέκνα
2784 2538 2975 2609 αὐτῆς
3027 2540 3099 2594 οὺ
3135 2536 3222 2606 μὴ
3260 2535 3515 2602 emam,
3571 2534 3661 2589 ὅτι
3705 2535 3895 2588 τέχνα

2299 2633 2586 2701 πορνείας
2661 2632 2867 2686 ἐστίν·
2941 2629 3033 2683 ὅτι
3090 2627 3536 2695 ἐξεπόρνευσεν
3588 2626 3628 2692 ἠ
3687 2624 3889 2694 μήτηρ

2298 2724 2519 2789 αὐτῶν,
2556 2724 2657 2779 καί
2688 2723 3082 2791 κατῄσχυνεν
3110 2720 3148 2788 ἠ
3178 2718 3443 2774 τεκοῦσα
3463 2716 3635 2773 αὐτά.

2370 2816 2467 2869 1Γ¹.
2502 2813 2787 2885 Ἀκαρπον
2834 2811 3055 2866 ἔσεσθαί
3100 2827 3233 2880 φησι
3269 2809 3369 2882 τὴν
3413 2807 3900 2879 πεπορνευμένην,

2298 2906 2471 2978 ξηράν
2533 2908 2629 2961 καὶ
2671 2903 3072 2969 ἀκανθοτόκον,
3114 2901 3311 2972 διψάδα
3363 2902 3458 2955 καὶ
3500 2900 3754 2970 ἄνυδρον,
3795 2899 3891 2966 οὐχ

2301 2996 2511 3051 ὑδάτων
2565 2996 2708 3066 τάχα
2768 3012 2875 3048 που
2924 2993 3033 3048 τῶν
3066 2993 3272 3064 γηΐνων
3318 2991 3713 3062 ἐστερημένην,
3757 2988 3893 3044 άλλά

624 3087 853 3158 Iestique
912 3088 1264 3160 pinguedine,
1294 3090 1397 3147 hoc
1424 3098 1528 3157 est,
1562 3090 1876 3160 erogatione
1927 3092 2192 3147 donorum

2300 3089 2399 3159 τῆς
2430 3089 2636 3144 ἀνωθεν
2685 3089 2753 3153 ἐξ.
2774 3087 3005 3159 ούρανοῦ
3038 3087 3317 3157 πιότητος,
3346 3084 3617 3149 τουτέστι,
3649 3083 3752 3152 τῆς
3804 3081 3903 3136 διάη

622 3194 718 3249 per
751 3179 1035 3249 Spiritum,
1081 3196 1202 3250 quae
1224 3179 1277 3235 in
1307 3180 1608 3250 quamlibet
1638 3180 1872 3235 animam
1896 3182 2193 3252 sapientem

621 3287 687 3329 ac
739 3274 933 3329 bonam
985 3271 1213 3329 confert.
1259 3272 1445 3329 Psallit
1482 3273 1630 3328 enim
1679 3273 1911 3343 quodam
1963 3273 2086 3329 loco
2129 3274 2195 3330 ad

624 3364 908 3420 Dominum
933 3364 1122 3420 beatus
1147 3362 1417 3432 David,ct
1454 3364 1530 3420 ait
1558 3382 1572 3418 :
1611 3384 1631 3416 ι
1655 3364 1777 3421 Filii
1808 3378 1988 3421 autem
2026 3366 2196 3423 licini-

625 3472 750 3512 num
783 3458 834 3512 in
862 3458 1095 3527 tegmine
1131 3456 1337 3512 alarum
1362 3466 1576 3512 tuarum
1607 3457 1931 3527 sperabunt.
1958 3458 2199 3515 inebria-

622 3548 908 3603 huntnrab
933 3548 1178 3604 ubertate
1217 3547 1408 3603 domus
1461 3555 1584 3617 tuae,
1640 3558 1695 3604 et
1756 3559 1993 3606 torrente
2042 3551 2197 3606 volu-

623 3641 789 3711 ptatis
829 3651 933 3694 tuae
959 3640 1168 3710 potabis
1214 3654 1331 3705 eos,
1359 3640 1618 3711 quoniam
1660 3642 1799 3712 apud
1836 3652 1888 3696 te
1938 3653 2021 3697 est
2079 3642 2198 3698 fons

625 3731 747 3786 vine
767 3732 831 3784 ιι.
854 3750 871 3782 ι
908 3731 1053 3787 Adeo
1075 3741 1253 3785 autem
1279 3732 1613 3797 veneranda,
1631 3740 1687 3787 et
1714 3732 1857 3804 larga
1889 3737 2202 3803 erogatione

626 3822 771 3894 digni
809 3822 1015 3878 censeri
1049 3822 1244 3877 debent
1268 3822 1509 3891 germani
1543 3821 1659 3887 filii,
1687 3824 1777 3893 qui
1820 3840 1945 3879 cum
1973 3806 2199 3895 integri-

628 3922 738 3968 tate
773 3914 1039 3980 vixerunt,
1073 3911 1378 3983 divinaeque
1416 3912 1666 3968 charitati
1699 3913 1833 3968 nihil
1890 3930 2200 3985 praeposue-

627 4015 775 4062 runt.
810 4003 1183 4061 Fornicariam
1228 4014 1409 4059 autem
1437 4005 1749 4074 inaquosam
1780 4005 1997 4073 factam,
2040 4019 2094 4062 ct
2147 4009 2199 4064 in

626 4095 714 4150 siti
742 4094 849 4165 35
878 4093 1193 4149 morituram
1225 4091 1472 4148 afﬁrmat.
1513 4094 1693 4164 Atque
1741 4094 1865 4160 hoc,
1916 4096 1971 4150 ni
2022 4095 2198 4161 fallor,

626 4196 729 4255 est,
759 4187 896 4257 quod
926 4200 1019 4255 per
1045 4185 1180 4240 alios
1206 4186 1498 4255 prophetas
1534 4186 1601 4243 de
1636 4186 1748 4257 ipsa
1786 4187 2009 4243 dicitur.
2067 4188 2201 4256 Qui-

628 4281 752 4335 dam
776 4280 918 4333 enim
949 4280 1062 4335 sic:
1093 4298 1112 4332 ι
1136 4278 1276 4336 Ecce
1337 4279 1452 4335 dies
1484 4278 1722 4346 venient,
1757 4280 1887 4335 dicit
1923 4280 2201 4348 Dominus,

627 4382 684 4427 et
705 4373 946 4426 emittam
972 4370 1169 4426 famem
1189 4386 1351 4442 super
1381 4380 1603 4439 terram,
1652 4386 1759 4426 non
1788 4369 1986 4426 famem
2023 4373 2201 4442 panis,

2301 3180 2395 3234 τοῦ
2423 3179 2735 3250 Πνεύματος
2778 3177 3063 3249 χορηγίας,
3109 3176 3179 3247 ἣν
3229 3176 3434 3246 ἑκάστῃ
3502 3176 3639 3244 σοφῇ
3691 3191 3755 3225 τε
3802 3172 3895 3225 καὶ

2302 3270 2489 3342 ἀγαθῇ
2524 3270 2771 3340 διανέμει
2816 3269 2985 3340 ψυχῇ.
3024 3267 3237 3324 Ψάλλει
3264 3267 3375 3338 γάρ
3425 3283 3530 3319 που
3566 3265 3708 3337 πρὸς
3741 3263 3896 3330 Θεὸν,

2304 3363 2397 3417 καί
2426 3379 2589 3433 φησιν
2621 3364 2650 3415 ὁ
2686 3361 2956 3435 μακάριος
2980 3360 3166 3415 Δαϐίδ·
3205 3360 3307 3413 «Οἱ
3334 3359 3391 3412 δὲ
3416 3357 3524 3411 υἱοὶ
3547 3356 3655 3411 τῶν
3684 3354 3894 3428 ἀνθρώο

2304 3468 2423 3506 πων
2446 3454 2503 3506 ἐν
2537 3450 2714 3523 σκέπῃ
2739 3452 2848 3504 τῶν
2874 3449 3159 3520 πτερύγων
3193 3466 3285 3502 σου
3309 3446 3576 3503 ἐλπιοῦσι.
3609 3444 3893 3513 Μεθυσθή-

2307 3561 2493 3599 σονται
2518 3545 2626 3598 ἀπὸ
2658 3543 2911 3614 πιότητος
2950 3541 3102 3596 οἴκου
3138 3558 3255 3595 σου.
3304 3540 3415 3596 Καὶ
3443 3539 3534 3593 τὸν
3559 3538 3905 3609 χειμάρρουν

2304 3638 2405 3708 τῆς
2444 3635 2657 3708 τρυφῆς
2686 3652 2781 3689 σου
2813 3636 3018 3697 ποτιεῖς
3049 3633 3267 3697 αὐτοὺς,
3308 3633 3391 3686 ὃτι
3434 3630 3588 3702 παρά
3628 3630 3713 3683 σοὶ
3748 3626 3895 3699 πηγὴ

2307 3726 2476 3797 ζωῆς.
2502 3745 2521 3778 ι
2560 3727 2736 3793 Ἀξιοι
2788 3726 2844 3779 δὲ
2899 3725 3000 3796 τῆς
3042 3724 3185 3779 οὓτω
3230 3722 3436 3793 σεπτῆς
3509 3722 3604 3777 καὶ
3653 3719 3893 3790 ἀμφιλα-

2308 3818 2443 3888 φοῦς
2474 3818 2737 3890 χορηγίας
2781 3812 2893 3872 εἶεν
2935 3816 3001 3870 ἂν
3052 3817 3104 3869 oi.
3134 3816 3378 3885 γνήσιοι,
3434 3813 3529 3868 καὶ
3572 3809 3895 3883 βεϐιωκότες

2306 3912 2501 3984 ὀρθῶς,
2541 3912 2637 3967 καὶ
2672 3910 2896 3981 ἀγάπης
2941 3909 3040 3981 τῆς
3086 3909 3166 3971 είς
3206 3906 3339 3960 Θεὸν
3385 3904 3681 3978 προθέντες
3720 3902 3894 3956 οὐδέν.

2309 4004 2421 4077 Τὴν
2447 4004 2507 4060 δέ
2535 4021 2601 4074 γε
2644 4002 3093 4074 πεπορνευμένην
3136 4000 3362 4071 ἄνυδρον
3399 3995 3756 4066 γεγενῆσθαι,
3807 3994 3896 4048 καὶ

2312 4095 2419 4166 μὴν
2443 4095 2537 4148 καὶ
2571 4095 2629 4147 ἐν
2656 4094 2784 4166 δίψῃ
2808 4091 3160 4163 τεθνήξεσθαι
3180 4090 3329 4159 λέγει
3348 4106 3363 4119 ο
3393 4088 3488 4143 καὶ
3511 4088 3691 4151 τοῦτο,
3720 4080 3892 4157 οἶμαι,

2310 4189 2427 4241 ἐστὶ
2472 4191 2534 4241 τὸ
2581 4187 2671 4241 διὰ
2717 4186 2904 4257 φωνῆς
2956 4185 3160 4255 ἐτέρων
3210 4182 3509 4254 προφητῶν
3550 4182 3679 4253 περὶ
3727 4181 3905 4250 αὐτῆς

2310 4279 2618 4351 εἰρημένον.
2690 4277 2749 4333 '0
2805 4278 2904 4349 μὲν
2962 4276 3071 4347 γάρ
3133 4275 3391 4344 ἔφασκεν,
3452 4292 3470 4326 ι
3504 4274 3635 4328 Ἰδοὺ
3694 4271 3896 4343 ἡμέραι

2311 4370 2582 4443 ἔρχονται,
2618 4369 2768 4439 λέγει
2801 4369 3029 4440 Κύριος,
3070 4367 3166 4419 καὶ
3205 4364 3552 4429 ἐξαποστελῶ
3598 4364 3760 4428 λιμὸν
3804 4361 3894 4414 ἐπὶ

628 4478 802 4534 neque
831 4464 975 4520 sitim
1002 4479 1155 4535 aqua:
1177 4503 1192 4528 ,
1227 4464 1320 4519 sed
1342 4461 1542 4519 famem
1567 4462 1819 4519 audiendi
1847 4464 2069 4520 verbum
2096 4464 2196 4519 Do-

2304 4460 2403 4532 τὴν
2436 4460 2539 4532 γῆν
2559 4476 2574 4491 ο
2618 4459 2679 4513 ού
2715 4455 2875 4527 λιμὸν
2916 4456 3103 4526 ἄρτου,
3143 4452 3265 4507 οὐδὲ
3294 4451 3454 4521 δίψαν
3486 4449 3678 4513 ὓδατος
3703 4488 3719 4512 ,
3767 4445 3903 4502 ἀλλὰ

628 4554 781 4608 mini.
821 4553 886 4608 Et
916 4554 984 4608 ab
1004 4554 1210 4609 oriente
1234 4566 1406 4623 usque
1424 4552 1493 4608 ad
1517 4552 1853 4610 occidentem
1874 4553 2200 4609 circumcur-

628 4645 1159 4714 sabunt,'quaerentes
1182 4644 1407 4699 verbum
1435 4642 1670 4710 Domini,
1707 4655 1885 4700 etnon
1919 4644 2203 4700 invenient

631 4738 694 4793 ".
722 4756 741 4789 ι
781 4736 1151 4802 EtJeremias,
1176 4734 1331 4806 quasi
1358 4748 1427 4791 ex
1452 4748 1685 4805 persona
1743 4735 1840 4790 Dei
1875 4752 1889 4790 :
1952 4754 1971 4787 ‹
2008 4734 2202 4790 Dolore

628 4838 679 4882 et
698 4827 907 4894 flagello
931 4824 1550 4893 erudieris,.lerusalem,
1567 4841 1636 4882 ne
1657 4827 1871 4882 recedat
1886 4826 2062 4880 anima
2084 4838 2198 4880 mea

631 4933 659 4969 ιι
692 4926 763 4980 te,
790 4931 856 4969 ne
881 4915 1073 4971 faciam
1116 4925 1168 4970 te
1193 4927 1392 4971 terram
1421 4914 1643 4979 inviam,
1674 4929 1795 4985 quae
1829 4929 1934 4969 non
1991 4914 2204 4969 habita-

631 5009 776 5065 bitur
813 5009 875 5061 η.
904 5028 923 5060 ι
951 5007 1252 5078 Unicuique
1275 5009 1419 5064 enim
1454 5017 1722 5070 nostrum,
1753 5016 1811 5059 ut
1838 4997 2199 5069 dixi,sermo§

632 5116 726 5156 nes
762 5116 859 5172 per
888 5101 1146 5170 Spiritum
1168 5101 1411 5156 immittit
1436 5097 1596 5164 Deus,
1627 5099 1720 5168 qui
1780 5107 2005 5167 possunt
2061 5097 2207 5153 alere

632 5195 839 5255 animos
870 5195 933 5247 ad
966 5195 1130 5247 vitam
1175 5204 1455 5259 aeternam,
1524 5201 1622 5246 aut
1679 5191 1849 5246 etiam
1885 5205 1981 5259 per
2043 5205 2207 5246 voces

2299 4552 2458 4624 λιμδν
2485 4550 2578 4605 τοῦ
2613 4549 2846 4604 ἀκοῦσαι
2877 4547 3033 4615 λόγον
3058 4544 3268 4617 Κυρίου
3288 4562 3301 4577 ο
3347 4543 3443 4597 καὶ
3481 4541 3589 4596 άπὸ
3616 4538 3891 4594 ἀνατολῶν

2300 4638 2405 4701 ἕως
2459 4636 2680 4707 δυσμῶν
2728 4633 3211 4708 περιδραμοῦνται,
3257 4632 3550 4703 ζητοῦντες
3600 4630 3689 4684 τὸν
3741 4630 3897 4698 λόγον

2298 4729 2525 4801 Κυρίου,
2562 4730 2657 4782 καλ⁵
2683 4728 2745 4783 οὐ
2777 4730 2852 4799 μὴ
2884 4726 3137 4798 εὕρωσιν.
3169 4746 3188 4780 ι
3244 4723 3513 4795 Ἱερεμίας
3548 4722 3606 4775 δὲ
3634 4721 3801 4775 πάλιν
3821 4720 3893 4782 ὼς

2308 4825 2374 4878 ἐκ
2402 4821 2693 4896 προσώπου
2719 4820 2811 4874 τοῦ
2842 4819 3001 4873 Θεοῦο
3050 4838 3069 4870 ι
3096 4818 3251 4889 Πόνῳ
3278 4817 3372 4871 καὶ
3405 4814 3630 4886 μάστιγι
3675 4813 3901 4867 παιδευ·

2310 4915 2471 4987 θήσῃ,
2510 4912 2867 4987 Ἰερουσαλὴμ
2895 4913 2970 4983 μὴ
3000 4912 3212 4982 ἀποστῇ
3244 4911 3277 4981 ἡ
3316 4908 3462 4978 ψυχή
3507 4924 3607 4977 μου
3641 4906 3752 4959 ἀπὸ
3785 4900 3897 4964 σοῦ,

2317 5006 2392 5079 μὴ
2420 5008 2632 5077 ποιήσω
2660 5023 2720 5058 σε
2753 5004 2955 5059 ἄϐατον
2979 5003 3103 5074 γῆν,
3132 5002 3256 5073 ἥτις
3284 5001 3344 5055 ού
3369 4998 3847 5067 κατοικηθήσεται.
3873 5010 3894 5041 ι

2324 5101 2570 5169 Ἐκάστῳ
2610 5097 2722 5169 γὰρ
2751 5096 2931 5169 ἡμῶν,
2961 5094 3038 5160 ὠς
3070 5093 3228 5163 ἔφην,
3272 5091 3465 5160 λόγους
3508 5091 3589 5152 εἰς
3622 5087 3747 5141 νοῦν
3779 5084 3895 5145 τοὺς

2313 5190 2400 5243 διὰ
2427 5188 2519 5243 τοῦ
2555 5189 2696 5243 Πνεύ
2706 5205 2872 5260 ματος
2894 5186 3067 5253 ἐνίησι
3087 5185 3239 5251 Θεὸς,
3266 5181 3597 5254 ἀποτρὲφειν
3624 5178 3895 5249 ἰσχύοντας

633 5297 941 5343 sanctorum
969 5287 1165 5357 saepius
1192 5283 1537 5355 pingucfacit.
1560 5284 1692 5339 Cum
1718 5282 2009 5338 fornicaria
2040 5282 2196 5354 igitul

2308 5284 2387 5346 εἰς
2440 5282 2584 5352 ζωὴν
2630 5279 2868 5343 αἰώνιον,
2911 5278 2943 5348 ἢ
2994 5276 3090 5331 καλ⁵
3144 5276 3234 5333 διὰ
3285 5274 3470 5345 φωνῆς
3524 5271 3695 5341 ἁγίων
3742 5284 3897 5323 uatu-

632 5389 804 5433 tnatre
834 5379 971 5435 filios
1004 5394 1108 5433 una
1138 5380 1257 5434 sine
1314 5376 1689 5432 misericordia
1738 5375 2010 5445 perituros
2055 5376 2206 5431 dicit.

2311 5373 2514 5428 πιαίνει
2534 5371 2817 5435 πολλάκις.
2850 5366 3253 5422 Συνδιολεῖσθαι
3283 5365 3348 5436 δὴ
3373 5359 3465 5418 οὖν
3492 5364 3557 5433 τῇ
3598 5372 3897 5429 πεπορνευ-

629 5472 800 5538 Quam
819 5472 887 5526 ob
914 5486 1133 5526 causam
1161 5470 1183 5523 ?
1210 5468 1344 5536 Quia
1385 5467 1478 5523 filii
1510 5468 1883 5523 fornicationis
1927 5475 2070 5524 sunt.
2105 5467 2196 5523 Νοι

2316 5468 2455 5542 μένῃ
2491 5467 2658 5540 μητρὶ
2684 5465 2753 5519 τά
2786 5465 2953 5518 τέκνα
2988 5463 3098 5516 δεῖν
3135 5461 3263 5532 ἔφη,
3300 5459 3397 5513 καὶ
3428 5453 3731 5527 οἰκτιρμῶν
3763 5452 3895 5542 δίχα.

630 5577 763 5616 sane
792 5562 1021 5617 dicimus
1056 5558 1280 5613 materni
1349 5557 1557 5629 peccati
1614 5572 1775 5612 reum.
1842 5571 1961 5611 esse
2018 5555 2210 5610 filium.

632 5652 883 5709 Occurrit
914 5653 1056 5707 enim
1082 5650 1258 5716 nobis,
1287 5650 1430 5720 quod
1462 5649 1662 5705 alicubi
1703 5658 1885 5704 exstat
1913 5650 2051 5717 apud
2086 5649 2218 5703 Eze-

2316 5538 2597 5615 meum
2612 5558 2821 5622 αἰτίαν;
2854 5556 2975 5609 Ὅτι
2999 5554 3166 5607 τέκνα
3192 5551 3447 5622 πορνείας
3476 5546 3730 5600 είσί.Καὶ
3758 5543 3816 5597 οὐ
3842 5538 3897 5605 δή

2322 5653 2421 5708 πού
2448 5670 2628 5724 φαμεν
2655 5652 2737 5705 ὅτι
2770 5651 2867 5722 τῆς
2888 5646 3096 5720 μητρὸς
3122 5646 3229 5716 πλη
3239 5641 3419 5715 μμελή
3430 5656 3595 5712 μασιν
3616 5637 3896 5693 ὑπόκειται

716 5831 760 5864 ⁸³
789 5830 1097 5900 Μοιιὶιλιι,
1138 5829 1342 5886 45-45.
1422 5829 1630 5885 “P531.
1664 5846 1824 5897 xxxv,
1876 5828 2019 5884 8-10.
2103 5830 2144 5860 ⁸⁸
2185 5857 2196 5883 Α

2300 5843 2369 5883 as.
2401 5842 2517 5895 vin,
2551 5826 2634 5891 ιι,
2668 5824 2732 5879 12
2808 5825 2850 5855 ¹⁶
2880 5823 2992 5879 Jcr.
3025 5838 3099 5891 vr,
3131 5821 3185 5876 8.
