4094 6574
624 379 694 441 67
1660 380 1717 436 S.
1758 380 2041 439 CYRILLI
2079 381 2557 438 ALEXANDRINI
2596 379 2916 438 ARCHIEP.
3833 380 3905 437 68

624 499 755 553 tiam
779 505 988 553 tantum
1017 498 1182 564 cadit,
1242 498 1415 557 nutrit
1471 499 1538 553 ad
1566 500 1731 555 vitam
1779 500 2096 571 gloriosam,
2155 511 2203 553 et

2312 502 2463 572 ἄρτῳ
2487 500 2565 572 τῷ
2584 499 2760 573 νοητῷ
2781 501 3052 571 τρέφοντα
3087 498 3221 570 πρὸς
3244 496 3387 569 ζωὴν
3422 496 3520 571 τὴν
3582 497 3778 552 εὐκλεᾶ
3808 499 3903 552 καὶ

612 590 786 647 .nullis
831 591 1047 647 seculis
1081 591 1415 648 ﬁniendam:
1448 593 1539 662 qui
1573 607 1711 663 aqua
1743 594 1954 649 vivifica
2002 595 2072 649 ad
2113 594 2208 648 bo-

620 697 746 737 nam
793 691 848 738 et
878 684 1217 754 spiritualem
1256 701 1355 741 nos
1389 685 1763 741 habitudinem
1796 685 1912 740 alit.
1954 685 2056 753 Qui
2112 701 2209 740 au-

620 776 731 832 tem
763 775 831 830 ad
865 776 1197 847 impietatem
1222 777 1533 851 declinavit,
1565 777 1707 833 sicut
1731 778 1986 834 nimirum
2036 777 2207 833 forni-

612 867 794 924 'catrix
820 867 1126 941 Synagoga,
1161 872 1305 926 hunc
1365 871 1541 939 inquit
1572 885 1700 926 suos
1737 883 2012 927 amatores
2053 872 2205 940 sequi

616 969 894 1029 oportere,
919 972 975 1017 et
1009 961 1114 1017 illis
1143 962 1349 1032 gratias
1376 961 1605 1024 referre.
1637 972 1935 1034 putareque
1980 964 2206 1029 victum,

621 1049 1000 1122 vestitumque
1036 1051 1105 1106 ab
1128 1052 1234 1109 illis
1264 1053 1558 1124 accepisse.
1598 1052 1709 1109 Hoc
1742 1054 1942 1124 quippe
1989 1062 2093 1119 est,
2153 1055 2205 1109 ni

622 1139 816 1207 fallor,
864 1141 1007 1210 quod
1060 1143 1170 1210 ait,
1230 1144 1375 1198 Dixit
1450 1144 1592 1199 enim
1628 1161 1641 1199 :
1672 1143 1881 1214 Sequar
1933 1153 2208 1200 amatores

622 1250 775 1290 meos
805 1235 898 1305 qui
926 1235 1060 1290 dant
1094 1234 1226 1291 mihi
1274 1250 1440 1306 panes
1464 1249 1636 1303 meos,
1664 1245 1719 1291 et
1785 1251 1977 1306 aquam
2007 1252 2203 1301 meam,

621 1337 678 1381 et
705 1325 1025 1382 vestimenta
1054 1343 1191 1394 mea,
1226 1336 1282 1383 et
1322 1327 1506 1393 lintea,
1560 1336 1618 1383 et
1664 1328 1841 1382 oleum
1882 1344 2085 1392 meum,
2154 1339 2209 1383 et

619 1418 800 1474 omnia
840 1433 961 1487 quae
1016 1419 1147 1474 mihi
1210 1419 1562 1475 conveniunt.
1646 1416 1841 1475 Verum
1892 1420 2205 1491 prudentes,

556 1502 563 1509 ’
618 1518 677 1565 et
701 1509 848 1577 boni,
878 1520 935 1566 et
972 1511 1082 1566 Deo
1105 1511 1215 1566 noti
1253 1510 1683 1582 amicissimique
1713 1512 1781 1567 ad
1815 1513 1993 1585 ipsum
2027 1515 2208 1569 omni-

620 1616 691 1657 no
712 1602 1019 1658 ccelestium
1043 1604 1305 1659 bonorum
1344 1604 1707 1675 largitionem,
1757 1614 2207 1678 terrenorumque

619 1696 1112 1767 suppeditationem
1176 1698 1484 1756 retulerint.
1562 1700 1754 1756 Dicent
1815 1702 1989 1767 enim,
2045 1701 2206 1772 idque

617 1785 933 1856 sapienter:
969 1806 987 1840 ι
1017 1786 1287 1858 Numquid
1316 1798 1401 1845 est
1428 1789 1480 1844 in
1512 1789 1669 1846 idolis
1696 1791 1945 1862 gentium
1972 1791 2208 1863 pluens?

2310 595 2620 667 ἀμήρυτον,
2646 594 2739 647 τὸν
2767 592 2921 647 ὕδατι
2950 591 3027 664 τῷ
3066 591 3316 663 ζωοποιῷ
3346 591 3481 663 πρὸς
3517 590 3728 655 εὐεξίαν
3758 592 3903 663 ὑμᾶς

2309 686 2581 757 τρέφοντα
2613 686 2713 757 τὴν
2742 683 3141 756 πνευματικὴν.
3173 684 3313 737 Ἀλλ’
3345 685 3374 738 ὃ
3398 700 3462 753 γε
3487 683 3626 755 πρὸς
3648 683 3903 738 ἀσέϐειαν

2311 773 2695 839 διανενευκὼς,
2737 774 2992 846 καθάπερ
3036 774 3228 846 ἀμέλει
3266 774 3361 828 καί
3402 776 3435 845 ἡ
3485 774 3899 846 πεπορνευμένη

2312 866 2633 937 Συναγωγὴ,
2668 869 2781 929 τοῖς
2809 867 2960 930 ἰδίοις
2989 868 3248 938 ἐρασταῖς
3272 866 3376 937 ἔφη
3399 866 3507 921 δεῖν
3525 866 3775 931 ἕπεσθαι,
3805 871 3902 922 καὶ

2311 958 2497 1022 αὐτοῖς
2553 956 2818 1012 ἀνάπτειν
2873 956 2946 1012 τά
2988 961 3337 1031 χαριστήρια,
3398 959 3495 1015 καὶ
3545 957 3676 1031 παρ’
3721 959 3903 1013 αὐτῶν

2309 1049 2564 1119 ἡγεῖσθαι
2617 1049 2803 1104 λαϐεῖν
2857 1052 2986 1106 τάτε
3042 1053 3122 1114 εἰς
3174 1050 3384 1122 τροφὴν
3466 1049 3561 1103 καὶ
3607 1049 3897 1120 ἀμφίασιν.

2311 1143 2474 1195 Τουτί⁹
2511 1141 2642 1215 γὰρ,
2669 1138 2847 1213 οἶμαι,
2888 1144 3008 1197 ἐστὶ
3040 1143 3124 1210 τὸ,
3162 1139 3308 1211 ,Εἰπε
3344 1142 3477 1214 γάρ,
3520 1143 3900 1213 Ἀκολουθήσω

2309 1233 2486 1287 ὀπίσω
2531 1233 2642 1288 τῶν
2690 1234 2941 1306 ἐραστῶν
2994 1251 3121 1305 μου,
3176 1233 3283 1288 τῶν
3327 1233 3578 1287 διδόντων
3628 1250 3719 1303 μοι
3776 1233 3904 1295 τοὺς

2310 1326 2508 1396 ἄρτους
2542 1343 2668 1398 μου,
2703 1326 2800 1380 καὶ
2837 1326 2898 1379 τὸ
2948 1325 3095 1398 ὕδωρ
3138 1342 3264 1396 μου,
3309 1326 3405 1378 καὶ
3436 1324 3508 1379 τά
3537 1324 3732 1395 ἱμάτιά
3765 1339 3892 1393 μου,

2311 1417 2407 1470 καὶ
2449 1415 2520 1470 τά
2549 1415 2735 1470 όθόνιά
2776 1434 2902 1486 μου,
2943 1417 3039 1470 καὶ
3084 1417 3145 1470 τὸ
3190 1416 3371 1470 ἔλαιόν
3410 1432 3531 1486 μου,
3582 1416 3676 1469 καὶ
3722 1415 3902 1468 πάντα

2310 1508 2411 1561 ὅσα
2461 1524 2551 1578 μοι
2582 1508 2838 1580 καθήκει.
2892 1507 3035 1561 Ἀλλ’
3098 1508 3153 1561 οῖ
3178 1525 3242 1577 γε
3283 1507 3436 1577 σοφοί
3468 1525 3551 1572 τε,
3585 1507 3680 1562 καὶ
3705 1507 3903 1576 ἀγαθοί

2311 1602 2404 1655 καὶ
2427 1600 2547 1672 Θεῷ
2585 1601 2876 1674 γνώριμοι,
2912 1602 3006 1656 καῖ
3038 1602 3387 1667 οἰκειότατοι,
3414 1600 3565 1671 αύτῷ
3596 1601 3660 1673 δὴ
3682 1602 3905 1665 πάντως

2310 1692 2561 1747 ἀναθεῖεν
2582 1693 2651 1747 ἂν
2677 1693 2787 1747 τῶν
2815 1692 3083 1764 οὐρανίων
3126 1693 3348 1762 ἀγαθῶν
3376 1693 3477 1762 τὴν
3511 1691 3777 1757 ἐπίδοσιν,
3806 1693 3903 1748 καὶ

2310 1786 2418 1839 τῶν
2464 1786 2725 1856 ἐπιγείων
2772 1787 2873 1858 τὴν
2902 1786 3186 1858 χορηγίαν.
3241 1785 3457 1857 Ἐροῦσι
3508 1783 3620 1855 γάρ
3664 1784 3750 1856 δὴ,
3805 1786 3903 1838 καὶ

618 1887 673 1934 et
693 1879 740 1935 si
763 1880 959 1935 caelum
984 1880 1131 1936 dabit
1153 1882 1453 1938 satietatem
1486 1897 1659 1948 suam,
1677 1898 1855 1939 nonne
1884 1893 1939 1939 tu
1970 1884 2086 1954 ipse
2107 1886 2203 1941 es?

2305 1877 2423 1931 λίαν
2442 1878 2754 1950 ἐμφρόνωςο
2786 1898 2804 1931 ι
2833 1880 2925 1950 Μή
2960 1880 3107 1933 ἐστιν
3126 1879 3183 1931 ἐν
3197 1881 3307 1942 τοῖς
3320 1877 3562 1942 εἰδώλοις
3592 1877 3700 1932 τῶν
3729 1877 3900 1930 ἐθνῶν

618 1978 676 2025 et
703 1972 1140 2041 exspectabimus
1175 1981 1246 2039 te,
1274 1973 1381 2044 37
1401 1974 1524 2043 quia
1556 1982 1610 2028 tu
1654 1974 1832 2031 fecisti
1860 1976 1978 2032 haec
2011 1979 2193 2032 omnia

619 2062 689 2115 ¹¹.
726 2080 745 2115 ι
770 2062 836 2118 Ει
859 2063 1171 2119 clamabunt
1206 2072 1355 2127 cum!
1382 2058 1566 2121 divino
1627 2066 1831 2122 David:
1897 2086 1917 2121 ι
1961 2066 2206 2126 Visitasti

620 2162 847 2222 terram,
883 2167 938 2211 et
968 2157 1245 2213 inebriasti
1268 2172 1388 2212 eam
1420 2174 1437 2224 ;
1474 2158 1844 2230 multiplicasti
1867 2159 2202 2232 locupletare

540 2244 551 2257 ’
620 2247 830 2301 θηρί’.
862 2264 882 2300 ι

628 2426 791 2483 Vens.
830 2427 884 2493 6,
917 2428 971 2483 7.
1011 2426 1237 2498 Pr0pter
1269 2446 1331 2485 ea
1371 2448 1484 2486 ecce
1521 2449 1614 2504 ego
1647 2436 1789 2505 sepia
1829 2436 1964 2491 viam
2004 2437 2116 2507 ejus
2153 2441 2208 2493 in

685 2516 930 2582 sudibus,
954 2527 1001 2571 et
1030 2519 1299 2575 obstruam
1326 2522 1437 2576 vias
1464 2522 1630 2588 illius,
1656 2534 1703 2579 et
1730 2526 1973 2580 semitam
1998 2528 2133 2597 ejus,
2159 2542 2205 2584 et

691 2623 796 2662 non
830 2610 1053 2664 inveniet
1088 2626 1107 2665 :
1141 2622 1187 2666 et
1221 2612 1525 2681 insequetur
1550 2625 1813 2671 amatores
1846 2634 1989 2685 suos,
2022 2630 2069 2673 et
2103 2637 2205 2675 non

688 2701 1039 2770 appreltendet
1085 2718 1171 2758 eos
1216 2720 1236 2760 :
1276 2716 1322 2760 et
1366 2717 1562 2776 quaeret
1606 2724 1715 2774 eos,
1752 2716 1803 2763 et
1844 2726 1945 2763 non
1985 2712 2205 2768 inveniet

688 2792 832 2849 ilics.

691 2883 807 2939 XV.
845 2884 1139 2957 Postquam
1169 2890 1339 2955 enim,
1370 2891 1568 2962 inquit,
1599 2894 1652 2948 in
1707 2894 1939 2965 seipsam
1969 2895 2208 2952 decrevit

617 2976 794 3044 mala,
843 2986 899 3034 et
953 2980 1107 3048 nihil,
1141 2992 1336 3037 natura
1384 2998 1483 3039 sua
1535 2985 1803 3040 nefarium
1855 2990 2205 3056 praetermisit

617 3066 781 3135 (dixit
808 3067 979 3136 enim,
1007 3072 1317 3141 sequendos
1343 3074 1449 3128 sibi
1478 3085 1754 3131 amatores
1781 3092 1933 3142 suos,
1961 3079 2066 3135 hoc
2094 3089 2200 3143 est,

618 3160 882 3230 improbis
926 3163 1275 3220 seductorum
1320 3169 1612 3222 sententiis
1658 3169 2040 3239 applicandum
2083 3173 2203 3227 ani-

619 3260 863 3315 mum,ut
881 3250 989 3308 illis
1015 3261 1223 3308 tantum
1247 3254 1688 3327 obsequeretur);
1713 3258 1919 3323 adhaac,
1946 3260 2202 3329 quoniam
2234 3263 2278 3324 C

615 3353 716 3409 pro
749 3339 816 3395 iis
848 3356 968 3411 qua:
1000 3356 1101 3413 ego
1134 3343 1333 3399 donavi
1373 3345 1485 3410 illi,
1526 3346 1611 3401 his
1632 3387 1645 3409 ,
1684 3348 1775 3417 qui
1814 3348 1949 3404 nihil
1983 3350 2203 3419 prolue-

617 3442 765 3497 runt,
798 3431 1160 3499 daemonibus,
1194 3435 1436 3506 inquam,
1469 3440 1675 3508 gratias
1706 3441 1838 3511 agit,
1871 3442 2078 3499 idcirco
2110 3458 2205 3501 cu-

615 3522 912 3591 gitationes
933 3526 1053 3595 ejus
1076 3526 1271 3584 inanes
1296 3529 1553 3595 reddam,
1578 3532 1940 3604 resistamque
1964 3534 2199 3592 fortiter.

615 3613 834 3687 Sepiam
870 3619 1014 3672 enim
1044 3619 1162 3674 vias
1198 3620 1317 3690 ejus
1355 3622 1602 3687 sudibus,
1633 3632 1690 3679 et
1725 3640 1883 3681 muro
1916 3626 2199 3683 obstruam

614 3708 894 3773 semitam,
931 3721 989 3764 ut
1024 3726 1204 3781 neque
1239 3720 1503 3781 sequatur
1534 3724 1806 3772 amatores
1838 3733 1989 3787 suos,
2025 3735 2202 3790 neque

615 3797 719 3853 sibi
755 3798 1132 3857 conducibiles
1164 3802 1401 3869 reperiat
1434 3803 1751 3861 seductores
1788 3821 1950 3876 suos,
1983 3811 2198 3867 etiamsi

613 3890 769 3961 sequi
802 3905 897 3945 eos
932 3889 1190 3957 fortasse,
1228 3892 1330 3948 hoc
1370 3903 1479 3960 est,
1512 3896 1757 3952 studiose
1790 3900 1858 3955 ad
1893 3916 1989 3958 eos
2024 3904 2199 3960 hono—

613 3984 817 4038 randos
860 3982 1229 4053 colendosque
1257 3986 1571 4043 incumbere
1591 3990 1847 4047 voluerit.
1898 3991 2197 4064 Sudeszsen

612 4073 768 4145 palos
811 4084 1117 4145 praeacutos
1156 4078 1395 4147 appellat
1436 4093 1600 4136 casus
1642 4098 1781 4152 quos
1818 4096 2077 4156 expertus
2118 4102 2201 4145 est

611 4164 816 4233 Israel;
853 4166 995 4223 bella
1030 4166 1183 4234 dico,
1220 4169 1601 4239 captivitates,
1638 4174 1839 4231 famem
1866 4218 1882 4244 ,
1921 4180 2195 4247 pericula,

610 4259 922 4315 diuturnam
960 4262 1297 4317 servitutem.
1332 4262 1468 4318 Nam
1506 4268 1674 4321 semel
1706 4283 1734 4320 a
1765 4267 1948 4327 Persis
2002 4282 2057 4327 et
2086 4272 2199 4331 Me—

609 4352 696 4410 dis
730 4354 1028 4425 subjugati,
1059 4370 1163 4409 non
1202 4370 1298 4426 per
1323 4358 1500 4412 otium
1536 4362 1604 4414 ad
1637 4358 1785 4427 Baal,
1820 4377 1993 4433 neque
2023 4367 2089 4420 ad
2122 4368 2199 4421 vi-

612 4446 755 4503 tulos
782 4461 980 4502 aureos
1006 4448 1372 4517 accedebant;
1402 4451 1496 4506 sed
1526 4465 1748 4508 necesse
1772 4464 1913 4519 erat,
1941 4466 2001 4511 ut
2027 4472 2055 4511 a
2088 4458 2195 4513 Deo

607 4555 866 4595 concessa
924 4550 981 4595 et
1022 4541 1351 4598 charissima
1394 4544 1648 4600 libertate
1692 4546 1909 4616 privati,
1946 4558 2002 4603 et
2041 4563 2193 4619 quae-

609 4642 791 4688 rentes
840 4633 1060 4702 quidem
1108 4649 1229 4703 qua:
1277 4634 1422 4689 domi
1471 4612 1809 4703 habuerant,
1863 4612 1970 4695 illis
2014 4612 2193 4696 autem
2231 4612 2271 4665 ί)

604 4733 861 4793 egentes,
896 4733 952 4778 et
997 4724 1393 4779 dominantium
1434 4724 1565 4797 jugo
1603 4729 1883 4798 oppressi,
1919 4733 2197 4786 consuetis

605 4816 671 4869 de
709 4826 909 4870 caetero
952 4816 1102 4887 fungi
1152 4833 1258 4871 non
1306 4829 1548 4886 possent,
1631 4822 1722 4875 sed
1769 4821 2196 4879 lamentarentur

605 4907 807 4975 potius,
836 4918 891 4960 et
923 4906 1080 4963 mali;
1110 4910 1471 4965 atrocissimis
1500 4912 1649 4967 velut
1683 4913 1841 4977 ebrii,
1875 4914 2197 4970 damnarent

601 4997 709 5066 iam
753 5000 1104 5065 seductores;
1143 5004 1583 5071 quandoquidem
1620 5018 1683 5058 ex
1723 5003 1923 5059 frustra
1962 5008 2193 5074 speratis

608 5090 899 5146 utilitatem
931 5093 1136 5148 nullam
1172 5109 1368 5165 capere
1403 5096 1661 5150 licuisset.
1692 5095 1837 5150 Nihil
1867 5096 2065 5167 quippe
2094 5100 2190 5154 ad-

601 5180 700 5251 iuti
719 5194 845 5238 sunt
864 5195 956 5240 aut
982 5185 1112 5241 Baal
1135 5200 1230 5242 eos
1255 5187 1607 5252 defendente,
1638 5187 1789 5257 (quid
1814 5188 1957 5243 enim
1983 5188 2188 5260 lignum

603 5285 811 5331 mutum
848 5278 1110 5349 faceret?)
1165 5290 1260 5333 aut
1296 5290 1446 5335 certe
1482 5279 1665 5335 vitulis
1703 5279 1937 5349 aliquem
1974 5296 2069 5336 eos
2098 5282 2188 5351 ju-

603 5369 766 5423 vandi
804 5372 1021 5426 modum
1057 5372 1520 5442 excogitantihus.
1554 5371 1724 5427 Erant
1755 5373 1898 5428 enim
1938 5392 1957 5426 ι
1998 5390 2186 5429 aurum

602 5474 764 5527 opera
796 5478 1051 5519 manuum
1084 5465 1388 5532 hominum,
1427 5484 1447 5519 ι
1486 5474 1545 5520 ιιι
1574 5466 1834 5536 scriptum
1865 5474 1951 5522 est
1976 5469 2045 5523 “.
2076 5467 2189 5524 Oh-

601 5562 883 5608 struuntur
918 5556 1102 5624 itaque
1135 5556 1259 5620 vim,
1304 5558 1413 5612 Deo
1452 5572 1683 5626 peccare
1726 5574 1787 5613 so
1812 5559 1901 5614 itis
1939 5561 2187 5614 semitam

601 5646 669 5701 ad
713 5646 1119 5716 improbitatem
1176 5648 1318 5704 haud
1370 5649 1751 5718 complanante
1781 5691 1796 5717 ,
1848 5652 1941 5707 sed
1988 5653 2191 5708 utiliter

668 5822 711 5854 "
753 5820 951 5881 Jerem.
989 5841 1097 5892 xiv,
1135 5827 1225 5881 22.

2313 1970 2574 2037 ὑετίςων;
2616 1969 2712 2024 καὶ
2751 1971 2801 2023 εἰ
2831 1971 2860 2023 ὁ
2893 1968 3123 2041 οὐρανὸς
3157 1967 3319 2021 δώσει
3353 1965 3672 2040 πλησμονὴν
3708 1966 3899 2022 αὑτοῦ.

2309 2062 2431 2132 οὐχ).
2484 2061 2548 2116 σὺ
2599 2057 2651 2115 εἴ
2681 2064 2710 2116 ὁ
2755 2061 2953 2127 αύτός;
3002 2060 3099 2115 καὶ
3152 2058 3531 2130 ὑπομενοῦμεν
3587 2076 3669 2125 σε,
3708 2060 3791 2113 ὅτι
3834 2057 3899 2111 σίν

2309 2153 2572 2224 ἐποίησας
2596 2153 2771 2207 ταῦτα
2820 2154 3019 2209 πάντα.
3066 2171 3087 2205 ι
3118 2151 3626 2223 Συνανακράξονται
3684 2150 3743 2203 δέ
3805 2150 3901 2204 καὶ

2308 2248 2459 2320 αὐτῷ
2486 2249 2564 2322 τῷ
2594 2249 2871 2321 θεσπεσίῳ
2897 2248 3061 2302 Δαϐῖδ
3079 2265 3127 2301 ο(
3170 2246 3491 2317 Ἐπεσκέψω
3517 2245 3617 2314 τὴν
3647 2246 3769 2316 γῆν,
3804 2244 3901 2299 καὶ

2308 2341 2581 2413 ἐμέθυσας
2607 2341 2799 2413 αὐτὴν,
2829 2338 3139 2410 ἐπλήθυνας
3167 2337 3260 2392 τοῦ
3291 2337 3592 2407 πλουτῆσαι
3626 2336 3824 2407 αὑτήν.
3875 2355 3893 2386 ι

2379 2434 2482 2488 Διὰ
2503 2428 2836 2489 τοῦτο’ἰὸοὺ
2868 2432 2983 2502 ἐγὼ
3008 2431 3263 2501 φράσσω
3292 2430 3411 2499 τὴν
3441 2429 3587 2485 ὁδὸν
3612 2428 3804 2497 αὐτῆς
3830 2428 3901 2481 ὲν

2307 2526 2598 2594 σκόλοψι,
2628 2526 2731 2578 καί
2761 2522 3226 2592 ἀνοικοδομήσω
3259 2522 3368 2589 τὰς
3400 2520 3603 2588 ὀδοὺς,
3638 2521 3739 2575 καί
3780 2520 3901 2588 τὴν

2307 2618 2510 2686 τρίϐον
2539 2616 2752 2684 αὐτῆς,
2791 2616 2888 2670 καὶ
2920 2618 2993 2670 οὐ
3017 2615 3104 2685 μὴ
3133 2614 3278 2684 εὕρῃ
3302 2630 3314 2643 ·
3341 2613 3443 2668 καὶ
3474 2612 3901 2677 καταδιώεεται

2306 2708 2449 2774 τοὺς
2466 2708 2727 2776 ἐραστὰς
2748 2706 2958 2776 αὐτῆς,
2982 2706 3081 2761 καί
3107 2707 3179 2761 οὐ
3198 2705 3282 2777 μὴ
3308 2705 3618 2774 καταλάϐῃ
3641 2706 3897 2773 αὐτυύςδ

2306 2801 2407 2856 καί
2440 2800 2682 2870 ζητήσει
2709 2800 2953 2866 αὐτοὺς,
2980 2799 3079 2853 καί
3108 2800 3184 2854 οὐ
3211 2799 3299 2869 μὴ
3326 2799 3472 2868 εὕρῃ
3506 2800 3752 2867 αὐτούς.

2377 2890 2479 2946 ΙΕ’.
2523 2891 2744 2962 Ἐπειδὴ
2764 2876 2887 2964 ⁸γὰρ
2941 2890 3313 2961 βεϐούλευται,
3348 2892 3503 2961 φησὶ,
3533 2890 3747 2962 πονηρά
3776 2890 3898 2945 καθ’

2306 2985 2545 3055 ἑαυτῆς,
2582 2985 2675 3038 καὶ
2717 2983 2824 3038 τῶν
2880 2983 3087 3043 ἀδικεῖν
3123 2981 3450 3053 πεφυκότων
3493 2983 3897 3053 παραλέλοιπεν

2304 3076 2497 3130 οὐδέν’
2551 3076 2658 3146 ἐφη
2703 3074 2845 3147 γάρ,
2900 3076 3012 3129 δεῖν
3064 3075 3486 3129 κατακολουθεῖν
3533 3075 3749 3130 ἑλέσθαι
3784 3080 3898 3140 τοῖς

2309 3168 2460 3232 ἰδίοις
2502 3168 2783 3238 ἐρασταῖς,
2833 3166 3103 3231 τουτέστι,
3149 3170 3271 3231 ταῖς
3315 3168 3424 3222 τῶν
3468 3167 3896 3238 πεπλανηκότων

2308 3260 2547 3323 ἀνοσίοις
2570 3259 2819 3331 γνώμαις
2846 3260 3144 3330 ἀπονέμειν
3181 3260 3281 3332 τῆς
3308 3260 3548 3325 διανοίας
3566 3261 3666 3331 τὴν
3698 3262 3893 3333 ῥοπὴν,

2305 3351 2384 3414 ώς
2431 3351 2569 3422 μόνα
2624 3351 2911 3422 πληροῦσα
2954 3352 3025 3405 τά
3069 3351 3327 3406 ἐκείνων·
3373 3353 3466 3406 καὶ
3526 3352 3715 3424 ἐπειδὴ
3758 3354 3897 3423 πρὸς

2302 3442 2480 3514 τούτῳ
2506 3442 2616 3496 τῶν
2645 3443 3037 3515 δεδωρημένων
3067 3444 3206 3516 αὐτῇ
3253 3444 3383 3515 παρ’
3413 3443 3550 3514 ἐμοῦ
3589 3447 3705 3507 τοῖς
3740 3446 3895 3498 οὐδὲν

2304 3536 2615 3608 ώφεληκόσι
2654 3539 2770 3600 τοῖς
2818 3536 3070 3608 δαίμοσιν
3125 3536 3358 3590 ἀνάπτει
3405 3536 3476 3589 τὰ
3522 3536 3891 3608 χαριστήρια,

2303 3628 2563 3702 ταύτῃτοι
2607 3628 2844 3699 ματαίαν
2877 3628 3049 3700 αὐτῆς
3090 3627 3359 3697 ἀποφανῶ
3389 3622 3489 3699 τὴν
3537 3629 3750 3698 σκέψιν,
3800 3629 3893 3681 καὶ

2302 3720 2659 3792 ἀντιτάξομαι
2691 3721 2944 3790 γενικῶς.
2976 3721 3173 3793 Φράξω
3206 3720 3315 3791 γάρ
3360 3720 3532 3791 αὐτῆς
3555 3720 3655 3785 τὴν
3680 3720 3801 3774 ὁδὸν
3837 3724 3893 3774 ἐν

2305 3814 2550 3883 σκόλοψι,
2592 3813 2689 3867 καὶ
2719 3813 2907 3884 τειχιῶ
2934 3813 3034 3885 τὴν
3080 3812 3289 3885 τρίϐον,
3320 3811 3396 3877 ώς
3444 3812 3511 3867 ἂν
3563 3813 3704 3884 μήτε
3756 3830 3892 3867 κατ-

2301 3907 2648 3981 ακολουθήσῃ
2669 3910 2782 3972 τοῖς
2805 3907 2957 3971 ἰδίοις
2985 3908 3265 3975 ἐρασταῖς,
3296 3907 3433 3977 μήτε
3463 3905 3568 3977 μὴν
3598 3905 3735 3979 εὕρῃ
3754 3923 3893 3977 χρη-

2303 4000 2356 4053 σί
2362 4018 2497 4071 μους
2516 4001 2645 4065 τοὺς
2656 4001 3098 4074 πεπλανηκότας,
3112 4003 3214 4057 κᾶν
3232 4004 3283 4056 εἰ
3303 4002 3520 4056 διώκειν
3533 4001 3709 4055 ἐλοιτο
3729 4003 3892 4072 τυχὸν

2301 4092 2531 4158 αὐτοὺς,
2567 4092 2867 4157 τουτέστιν,
2890 4092 3174 4162 ἐγκεῖσθαι
3207 4092 3511 4156 σπουδαίως
3544 4094 3663 4156 ταῖς
3686 4094 3767 4156 εἰς
3795 4095 3893 4146 αύ-

2299 4183 2428 4246 τοὺς
2450 4186 2638 4253 τιμαῖς
2676 4185 2771 4237 καὶ
2801 4183 3103 4255 λατρείαις.
3127 4183 3403 4248 Σκόλοπας
3426 4183 3483 4237 δὲ
3512 4178 3652 4237 εἷναί
3675 4184 3891 4254 φησιτὰ

2302 4274 2686 4345 συμδεὸηκότα
2725 4275 2804 4346 τῷ
2837 4274 3053 4347 Ἰσραὴλ
3076 4274 3335 4347 δυσχερῆ,
3365 4276 3493 4340 τοὺς
3522 4274 3795 4345 πολέμους
3826 4275 3889 4345 δὴ

2300 4368 2462 4436 λέγω,
2482 4369 2579 4430 τάς
2600 4368 3000 4438 αἰχμαλωσίας,
3014 4368 3107 4421 τὸν
3127 4367 3305 4437 λιμὸν,
3322 4368 3448 4431 τοὺς
3466 4367 3765 4431 κινδύνους,
3793 4366 3888 4437 τὴν

2299 4462 2357 4513 ἐν
2368 4460 2583 4531 δουλείᾳ
2598 4461 2811 4531 τριΰήν.
2830 4460 3118 4529 Γεγονότες
3142 4460 3252 4530 γὰρ
3264 4458 3412 4523 ἅπαξ
3427 4459 3533 4511 ὑπὸ
3548 4460 3756 4529 Μήδοις
3797 4460 3887 4512 καὶ

2301 4552 2561 4623 Πέρσαις,
2578 4551 2678 4605 ούκ
2696 4553 2755 4605 ἐν
2778 4552 2940 4622 σχολῇ
2967 4550 3278 4623 προσῄεσαν
3302 4549 3380 4621 τῷ
3409 4549 3557 4603 Βάαλ
3582 4591 3597 4615 ,
3623 4550 3745 4604 οὐδὲ
3767 4554 3887 4613 ταῖς

2295 4642 2563 4713 δαμάλεσι
2591 4646 2711 4706 ταῖς
2738 4646 2965 4715 χρυσαῖς
2985 4660 2998 4674 ·
3025 4643 3140 4696 ἀλλ’
3170 4638 3238 4713 ἦν
3282 4658 3401 4705 πως
3424 4640 3662 4711 ἀνάγκη,
3681 4642 3766 4705 τδ,
3791 4644 3884 4695 καὶ

2293 4732 2465 4802 αὐτῆς
2482 4732 2583 4803 τῆς
2604 4733 2831 4797 ἄνωθεν,
2850 4735 2944 4787 καὶ
2964 4732 3227 4802 φιλτάτης
3249 4730 3564 4801 ἐλευθερίας
3580 4732 3882 4803 ἐστερημέ-

2294 4844 2438 4891 νους,
2470 4827 2562 4879 καί
2583 4825 2878 4897 ζητοῦντας
2898 4826 2995 4896 μὲν
3013 4825 3083 4879 τά
3105 4826 3263 4887 οἶκοι,
3287 4822 3669 4895 πτωχεύοντας
3689 4824 3767 4904 δέ,
3790 4826 3883 4880 καὶ

2292 4920 2413 4981 ταῖς
2436 4917 2545 4970 τῶν
2577 4916 2923 4988 κρατούντων
2947 4914 3282 4980 πλεονεξίαις
3312 4914 3741 4984 πεπιεσμένους,
3764 4917 3883 4968 οὐκ·

2295 5009 2374 5061 έτι
2400 5008 2496 5077 μὲν
2518 5006 2866 5061 δύνασθαιτά
2888 5006 3089 5078 συνήθη
3118 5005 3362 5077 πληροῦν
3383 5020 3399 5035 ’
3433 5004 3797 5075 ὀλοφύρεσθαι
3825 5004 3879 5057 δὲ

2299 5101 2520 5171 μᾶλλον,
2551 5101 2647 5154 καί
2671 5102 2795 5165 ’ταῖς
2818 5100 3136 5171 ἀνηκέστοις
3161 5098 3530 5170 καταμεθύειν
3550 5101 3875 5169 συμφοραῖς,

2294 5196 2808 5264 καταγινώσκοντας
2838 5194 2941 5263 ήδη
2978 5194 3088 5247 τῶν
3137 5192 3586 5263 πεπλανηκότων,
3623 5192 3699 5251 ὡς
3729 5192 3878 5244 οὐδὲν

2288 5289 2597 5344 ἀπόνασθαι
2641 5288 2801 5359 μετὸν
2826 5287 3008 5350 αὐτοῖς
3033 5286 3142 5340 τῶν
3184 5288 3241 5339 ἐν
3270 5286 3454 5339 ἐλπίσι
3485 5287 3688 5347 κεναῖς.
3731 5283 3877 5351 ’0φέ-

2289 5381 2479 5448 ληνται
2517 5380 2625 5453 γὰρ
2653 5380 2883 5451 ούδέν,ἢ
2919 5377 3013 5433 τοῦ
3048 5378 3196 5433 Βάαλ
3240 5378 3617 5449 ἐπαμύνοντος
3639 5394 3655 5410 ι
3688 5376 3741 5429 τί
3771 5374 3874 5445 γάρ

2289 5470 2355 5525 ἂν
2386 5470 2580 5542 ἔδρασε
2613 5471 2674 5523 τὸ
2721 5470 2935 5539 ἄφωνον
2970 5467 3162 5533 ξύλονς
3208 5470 3377 5539 ἤγουν
3420 5467 3534 5519 τῶν
3589 5466 3874 5543 δαμάλεων

2291 5562 2612 5634 ἐπικουρίας
2638 5563 2817 5625 αὐτοῖς
2830 5559 3161 5615 ἐπινοουσῶν
3182 5576 3299 5612 τινα
3315 5560 3537 5630 τρόπον.
3560 5579 3578 5610 ι
3602 5560 3645 5611 Χ
3654 5557 3835 5629 ρυσδς.
3850 5573 3867 5606 ι

2290 5654 2399 5725 γὰρ
2431 5649 2520 5725 ἦν,
2561 5672 2579 5706 ι
2604 5653 2740 5724 ἔργα
2773 5651 2972 5724 χειρῶν
3003 5648 3362 5721 ἀνθρώπων,›
3395 5650 3612 5705 κατὰτὸ
3629 5664 3871 5719 γεγραμ-

1304 5830 1368 5860 ²¹⁶
1408 5827 1549 5883 Psal.
1575 5830 1827 5894 nmio.
1909 5833 1953 5862 "
1991 5830 2131 5886 Psal.
2161 5844 2315 5897 CXIII,
2347 5831 2397 5884 4.
