4094 6572
250 442 326 505 69
1175 434 1727 494 COMMENTARIUS
1760 433 1828 488 IN
1869 433 2101 490 OSEAM
2140 427 2590 485 PIIOPIIETAM.
3451 421 3521 475 71ὶ

255 559 436 633 μένον.
482 557 950 631 Ἀποφράττονται
984 556 1164 610 τοίνυν
1198 559 1254 609 αἱ
1289 556 1400 609 ὁδοὶ
1435 555 1592 620 Θεοῦ,
1629 555 1703 627 μὴ
1744 571 1828 607 κα⁴

1947 560 2265 622 asperante,
2300 564 2399 604 nec
2432 561 2525 603 eos
2562 545 2906 616 permittente
2938 541 3186 612 expedite
3222 539 3384 607 ferri,
3416 552 3524 609 quo

251 648 653 713 ταλειαίνοντος
683 651 796 712 τοῖς
826 647 1273 719 φιλαμαρτήμοσι
1301 647 1401 719 τὴν
1425 648 1504 711 είς
1532 646 1828 716 φαυλότητα

1950 646 2114 701 stulte
2143 644 2569 713 concupiscunt;
2602 646 2660 693 ut
2687 637 2933 691 nolentes
2962 635 3346 705 impediantur,
3372 642 3425 687 et
3454 633 3520 685 ad

250 741 460 813 τρίϐον,
491 740 956 812 ἀποτραχύνοντος
981 739 1037 792 δὲ
1067 740 1374 811 χρησίμως,
1413 740 1509 793 καὶ
1535 740 1634 791 οὐκ
1666 738 1844 806 ἐφιέν-

252 849 346 896 τος
397 833 583 895 α-ὐτοῖς
633 830 701 885 δι’
753 830 1054 902 εὐμαρείας
1102 830 1279 883 ἵεσθαι
1313 829 1408 882 ἐπὶ
1438 829 1499 882 τὸ
1549 828 1844 898 φληνάφως

1951 732 2161 801 frugem
2199 738 2511 793 transeant,
2547 727 2636 781 ubi
2674 726 2787 795 ipsa
2826 725 3159 794 experientia
3196 722 3520 787 didicerim,

1949 825 2224 879 neminem
2258 829 2572 893 peccantem
2609 819 2827 888 impune
2854 817 3110 871 laturum.
3142 802 3145 805 ’

254 922 465 977 δοκοῦν.
499 923 585 985 Ὠς
625 922 693 976 ἂν
721 922 820 992 οὐχ
847 922 1066 985 ἑκόντες
1115 922 1483 990 ὲγκόπτοιντο,
1546 921 1641 974 καὶ
1703 917 2071 989 μεταχωρεῖεν
2116 914 2215 967 ’ἐπὶ
2259 913 2321 966 τὸ
2358 914 2613 983 ἄμεινον,
2653 906 2743 962 διὰ
2812 907 3006 978 πείρας
3065 905 3234 976 αὐτῆς
3276 907 3521 976 ἐκμεμα-

257 1009 503 1082 θηκότες,
534 1012 609 1073 ὡς
654 1010 768 1064 ἔστι
812 1011 977 1065 παντί
1005 1030 1088 1082 τῳ
1124 1012 1185 1065 τὸ
1231 1011 1575 1083 πλημμελεῖν
1604 1011 1705 1063 οὐκ
1741 1010 1991 1080 ἀζήμιον.

321 1103 432 1158 Καὶ
457 1102 596 1171 ἐρεῖ,
633 1104 1032 1172 Πορεύσομαι,
1058 1103 1155 1157 καὶ
1186 1103 1528 1173 ἐπιστρέψω
1561 1102 1709 1172 πρὸς
1739 1102 1847 1155 τὸν

257 1196 443 1264 ἄνδρα
459 1213 578 1264 μου
610 1196 716 1250 τὸν
749 1198 1057 1265 πρότερον,
1080 1196 1167 1250 ὅτι
1208 1194 1408 1262 καλῶς
1422 1213 1525 1266 μοι
1552 1191 1630 1266 ἦν
1651 1196 1783 1248 τότε
1804 1193 1842 1262 ἢ

256 1305 390 1341 νυν.

327 1381 453 1448 ις’.
494 1380 666 1445 Σώζει
711 1380 808 1450 μὲν
846 1380 875 1431 6
921 1379 1077 1447 λόγος
1124 1377 1203 1431 ἔτι
1236 1377 1327 1431 τὸν
1387 1377 1538 1449 αὐτῷ
1565 1378 1843 1449 πρέποντα

247 1474 486 1545 τρόπον’
519 1472 596 1535 ὡς
624 1471 733 1543 γὰρ
763 1471 855 1525 ἐπὶ
884 1471 1091 1541 πόρνης
1120 1468 1379 1537 γυναικὸς
1399 1470 1494 1522 ἀπ’
1522 1469 1696 1541 ἀρχῆς
1720 1486 1840 1521 συνο

248 1564 490 1620 τέθειται
525 1564 687 1636 μέχρι
739 1561 949 1626 τέλους.
1003 1562 1101 1616 Διὰ
1133 1561 1311 1627 τοῦτο,
1357 1564 1510 1630 φησὶ,
1548 1562 1631 1613 ὅτι
1670 1578 1836 1631 μετα-

247 1654 541 1725 γνώσεται,
571 1654 665 1707 καὶ
692 1653 831 1724 ἐρεῖ,
864 1653 1211 1725 Πορεύσομαι
1241 1651 1378 1724 πρὸς
1410 1652 1499 1705 τὸν
1532 1650 1701 1722 ἄνδρα
1731 1668 1835 1722 μου

246 1747 343 1801 τὸν
388 1745 676 1819 πρότερον,
735 1746 817 1800 ὅτι
849 1744 1029 1809 καλῶς
1070 1763 1159 1816 μοι
1196 1740 1265 1817 ἦν
1302 1744 1422 1797 τότε
1454 1742 1486 1814 ἢ
1517 1742 1634 1797 νῦν.
1690 1742 1836 1815 Πλὴν

1942 1099 2053 1169 38
2083 1096 2147 1150 Et
2176 1099 2352 1150 dicet:
2398 1094 2632 1160 Vadam,
2663 1104 2711 1147 et
2758 1101 2991 1146 revertar
3027 1090 3096 1143 ad
3137 1104 3305 1143 turum
3348 1104 3517 1141 meum

1992 1194 2243 1261 priorem,
2273 1192 2395 1260 quia
2430 1192 2614 1241 melius
2647 1187 2773 1239 mihi
2803 1196 2925 1239 lum:
2952 1192 3087 1249 erat,
3117 1199 3275 1253 quam
3308 1198 3465 1236 nunc.

2011 1361 2150 1417 XVI.
2195 1361 2390 1417 Servat
2418 1361 2593 1415 adhuc
2621 1359 2799 1415 oratio
2826 1357 3237 1413 convenientem
3269 1356 3370 1411 sibi
3404 1370 3519 1409 mo-
3628 1404 3643 1413 ,

1942 1454 2069 1508 dum
2103 1471 2117 1508 :
2150 1454 2217 1508 de
2250 1452 2477 1511 muliere
2511 1450 2778 1519 siquidem
2815 1448 3104 1503 meretrice
3140 1446 3208 1501 ab
3244 1446 3402 1516 initio
3433 1461 3523 1498 us—

1944 1560 2048 1614 que
2074 1546 2141 1599 ad
2174 1544 2331 1598 tinem
2366 1543 2611 1598 instituta
2637 1549 2740 1596 est.
2764 1540 2990 1605 Idcirco,
3016 1538 3211 1608 inquit,
3238 1537 3525 1608 pmnitebit

1944 1648 2063 1687 eam
2108 1633 2349 1699 consilii,
2399 1640 2455 1687 et
2496 1630 2684 1686 dicet:
2732 1627 2936 1683 Vadam
3012 1629 3080 1682 ad
3123 1628 3299 1682 virum
3342 1641 3521 1681 meum

1944 1726 2212 1793 priorem,
2244 1723 2369 1793 quia
2405 1724 2599 1777 melius
2628 1721 2760 1776 mihi
2795 1729 2923 1774 tunc
2979 1728 3098 1775 erat
3128 1734 3289 1790 quam
3354 1733 3517 1772 nunc.

248 1838 409 1908 ἄθρει
434 1810 540 1892 κάν
561 1810 737 1907 τούτῳ
772 1837 864 1891 τὸν
891 1837 1000 1892 τῶν
1025 1810 1159 1892 ὅλων
1179 1810 1313 1889 Θεὸν
1339 1835 1432 1888 καὶ
1462 1810 1519 1887 ἐν
1541 1834 1678 1905 ὀργῇ
1709 1810 1828 1887 παι-

1947 1814 2331 1871 Verurutamen
2357 1814 2520 1869 etiam
2552 1815 2604 1868 in
2636 1814 2737 1868 hoc
2763 1814 3139 1868 universorum
3169 1811 3359 1877 Deum,
3382 1823 3438 1866 et
3468 1810 3519 1863 in

244 1930 494 1996 δεύοντα,
524 1930 620 1983 καὶ
652 1928 967 2000 ὠφελοῦντα
995 1928 1277 1994 ποικίλως,
1313 1929 1407 1982 καὶ
1433 1932 1552 1993 ταῖς
1583 1928 1691 1981 τῶν
1732 1927 1841 1979 δει-

246 2021 356 2075 νῶν
379 2022 702 2089 ὲπαγωγαῖς
755 2019 1187 2091 ἀνασειράζοντα
1211 2019 1339 2083 τούς
1373 2016 1840 2088 πεπλανημένους,

245 2112 347 2167 καὶ
398 2110 799 2183 μεταποιοῦντα
852 2111 991 2184 πρὸς
1019 2109 1082 2163 τὸ
1128 2110 1422 2182 συμφέρον.
1470 2111 1639 2164 Ὅταν
1692 2108 1838 2179 γὰρ,

246 2203 445 2274 φησὶν,
479 2198 990 2271 ἀποπεφραγμένας
1043 2200 1130 2273 ἴδῃ
1182 2199 1281 2261 τὰς
1345 2199 1543 2268 ἑαυτῆς
1589 2198 1739 2261 όδούς
1781 2197 1840 2249 ὲν

247 2294 496 2363 σκόλοψι,
545 2291 669 2344 τότε
721 2288 784 2359 δὴ
823 2287 946 2342 τότε
988 2284 1520 2358 μεταϐουλεύσεται,
1569 2283 1665 2337 καὶ
1701 2284 1838 2352 ὅπερ

242 2370 315 2448 ἦν
343 2379 566 2449 ἄμεινον
613 2375 829 2429 ἑλέσθαι
871 2375 1024 2447 δρᾷν,
1058 2373 1213 2427 οὔπω
1253 2374 1361 2427 τῶν
1403 2373 1639 2446 ἀνιαρῶν
1668 2372 1841 2425 εἰσδε-

242 2470 552 2541 6ληκότων,
586 2470 690 2524 κᾶν
714 2468 846 2537 γοῦν
869 2468 987 2537 ὀψὲ,
1027 2468 1120 2521 καὶ
1149 2467 1288 2539 μετὰ
1331 2458 1528 2538 πεῖραν
1574 2466 1799 2536 ἁρπάσῃ
1821 2479 1835 2494 ·

246 2563 527 2634 ἀγαπήσει
552 2561 667 2632 γὰρ
710 2560 831 2613 τότε
881 2558 950 2612 τὰ
980 2559 1135 2630 παρὰ
1178 2557 1319 2629 Θεῷ,
1352 2558 1446 2611 καὶ
1476 2556 1586 2609 τῶν
1632 2554 1834 2626 μεταξὺ

243 2652 741 2725 πλημμελημάτων
775 2650 848 2714 ὡς
886 2651 953 2703 ὲκ
983 2647 1243 2719 λογισμοῦ
1269 2646 1363 2702 τοῦ
1400 2646 1675 2717 σώφρονος
1708 2644 1834 2698 ἁλο-

246 2745 491 2816 γῆσασα,
526 2742 904 2815 μεταχωρήσει
942 2741 1129 2794 λοιπὸν
1170 2738 1306 2810 πρὸς
1335 2737 1396 2791 τὸ
1440 2737 1663 2808 θελῆσαι
1689 2736 1750 2788 τὸ
1777 2736 1835 2788 ὲν

245 2838 469 2908 ἀρχαῖς,
496 2836 592 2891 καὶ
629 2834 1001 2907 θαυμάσειλτὰ
1032 2832 1185 2905 παρὰ
1203 2830 1342 2901 Θεῷ,
1368 2830 1462 2884 καὶ
1486 2828 1835 2899 ἀσυγκρίτοις

245 2925 393 2978 αὐτὰ
428 2924 773 2995 διενεγκόντα
801 2923 1106 2995 διαφοραῖς,
1142 2921 1392 2992 καθάπερ
1424 2922 1487 2973 ὲκ
1512 2919 1683 2989 μέθης
1707 2918 1835 2972 ἀνα-

243 3014 468 3085 νήψασα
513 3014 808 3084 κατόψεται
856 3013 1027 3084 μόλις.
1070 3011 1279 3065 Οὐκοῦν
1326 3011 1427 3063 οὐκ
1470 3009 1727 3079 ἀνόνητον
1775 3007 1836 3059 τὸ

246 3104 623 3171 παιδεύεσθαι,
650 3104 754 3160 κᾶν
775 3107 823 3159 εί
845 3105 958 3175 ἔχοι
984 3105 1145 3176 τυχὸν
1172 3103 1233 3157 τὸ
1255 3105 1387 3175 παρ’
1418 3101 1582 3157 αὐτοῦ
1604 3098 1829 3153 λυποῦν.

1946 1909 2024 1963 ira
2066 1907 2483 1978 corripientem,
2529 1914 2585 1961 et
2636 1904 2967 1960 multimodis
3014 1903 3423 1967 consulentem,
3466 1912 3522 1956 et

1943 2001 2114 2074 plagis
2149 2000 2473 2074 adhibendis
2511 2014 2605 2055 eos
2642 2000 2734 2069 qui
2774 2001 3195 2061 aberraverunt,
3237 1996 3520 2051 retrahen-

1940 2104 2070 2160 tem,
2092 2107 2148 2151 et
2166 2095 2236 2149 ad
2261 2093 2519 2149 salutaria
2544 2094 2917 2147 immutantem
2943 2091 3171 2145 intuere.
3191 2088 3326 2143 Cum
3350 2088 3518 2150 enim,

1941 2188 2136 2257 inquit,
2162 2187 2275 2242 vias
2299 2201 2425 2242 suas
2448 2185 2670 2241 sudibus
2719 2199 2815 2238 seu
2839 2182 2974 2253 palis
2998 2182 3253 2250 obseptas
3276 2179 3521 2234 animad-

1939 2279 2181 2345 verterit,
2208 2288 2337 2333 tuuc
2364 2286 2491 2332 tunc
2518 2277 2747 2331 mutabit
2770 2275 3088 2339 consilium;
3113 2283 3167 2327 et
3188 2272 3331 2343 quod
3357 2286 3520 2342 agere

1939 2370 2074 2424 velle
2105 2370 2415 2438 praestabat,
2450 2369 2693 2423 tristibus
2727 2368 2962 2422 nondum
2997 2366 3224 2435 illapsis,
3258 2364 3341 2419 vel
3396 2369 3519 2419 sera

1937 2476 1993 2519 et
2028 2474 2148 2533 post
2181 2463 2570 2533 experientiam
2613 2460 2859 2529 arripiet.
2900 2459 3095 2530 Diliget
3138 2459 3278 2513 enim
3319 2466 3447 2512 tunc
3488 2474 3516 2509 a

1936 2554 2049 2609 Deo
2078 2555 2424 2624 praescripta,
2458 2563 2512 2608 et
2542 2554 2780 2623 peccatis
2814 2554 2991 2607 medio
3022 2553 3073 2606 in
3106 2561 3345 2622 tempore
3370 2565 3517 2606 com-

1937 2646 2136 2708 rnissis,
2192 2656 2253 2699 ut
2301 2646 2550 2714 prudenti
2599 2645 3016 2700 ratiocinatione
3058 2644 3406 2711 posthabitis,
3450 2645 3518 2699 ad

1938 2737 2269 2792 voluntatem
2307 2736 2522 2806 pristini
2558 2736 2735 2792 cultus
2770 2750 2829 2792 se
2863 2738 3207 2806 postmodum
3246 2736 3518 2805 recipiet:

1935 2838 1989 2883 et
2017 2844 2135 2899 quae
2164 2828 2257 2883 Dei
2283 2838 2408 2883 sunt
2438 2828 2827 2897 adrnirabitur;
2859 2823 3283 2897 discrimineque
3312 2827 3519 2882 incom-

1934 2920 2164 2988 parabili
2184 2920 2733 2992 praecellentiadvelut
2754 2936 2818 2976 ex
2845 2935 2903 2976 se
2923 2921 3186 2977 ebrietate
3219 2921 3516 2992 recipiens,

1935 3012 2025 3064 vix
2051 3014 2267 3066 tandem
2292 3011 2606 3081 perspiciet.
2627 3012 2991 3079 Quamobrem
3015 3013 3271 3083 castigari
3295 3014 3518 3069 minimc

1937 3103 2323 3166 incommodat,
2359 3104 2461 3158 etsi
2506 3104 2646 3158 forte
2686 3119 2784 3174 per
2816 3119 2875 3160 se
2919 3103 3223 3160 molestiam
3267 3115 3515 3176 generat.

243 3194 533 3266 KGI‘TOGTO
557 3195 759 3259 εἰδότες
776 3196 825 3248 oi
844 3194 1116 3265 προφῆταί
1143 3211 1327 3263 φασι,‹
1347 3192 1641 3245 Παίδευσον
1665 3192 1828 3262 ἡμᾶς,

1939 3193 2090 3260 Quod
2160 3195 2439 3265 prophetae
2478 3196 2749 3262 scientes,
2820 3197 3045 3252 dicunt:
3083 3215 3102 3249 ι
3133 3196 3354 3267 Corrige
3394 3213 3515 3265 nos,

244 3283 443 3356 Κύριε.
466 3303 485 3337 ι
510 3285 717 3356 Γράφει
748 3284 805 3337 δὲ
832 3286 860 3337 6
889 3284 1177 3349 Θεσπέσιος
1200 3284 1463 3347 Παῦλος·ι
1491 3283 1553 3335 Εἰ
1580 3282 1831 3336 παιδείαν

246 3355 571 3449 ὕπομένετε,
616 3377 693 3442 ὡς
724 3379 862 3442 υἱοῖς
890 3377 1020 3449 ὑμῖν
1062 3355 1435 3449 προσφέρεται
1465 3376 1495 3427 6
1534 3373 1663 3435 Θεός
1684 3389 1699 3403 °
1747 3373 1831 3435 τίς

244 3469 356 3540 γάρ
393 3469 544 3522 ἐστιν
572 3469 601 3521 6
630 3468 765 3534 υίὸς,
808 3468 869 3522 ὃν
898 3468 958 3521 οὐ
993 3467 1239 3520 παιδεύει
1279 3466 1467 3536 πατὴρ
1491 3483 1505 3533 ;
1532 3484 1550 3515 ι
1578 3466 1829 3519 Δείκνυσι

190 3572 193 3573 ⁷
244 3560 305 3615 δὲ
338 3560 400 3614 τὸ
442 3562 507 3614 ὲκ
536 3559 632 3613 τοῦ
664 3557 1015 3613 παιδεύεσθαι
1036 3555 1210 3625 γλυκύ
1242 3574 1303 3610 τε
1354 3558 1448 3610 καὶ
1485 3556 1825 3627 ὀνησιφόρον,

244 3654 422 3718 οὕτως
446 3654 619 3723 λέγων
639 3671 654 3686 ο
695 3671 714 3705 ι
738 3653 895 3707 Πᾶσα
919 3651 1138 3706 παιδεία
1168 3650 1305 3722 πρὸς
1340 3651 1437 3720 μὲν
1471 3649 1529 3702 τὸ
1559 3648 1732 3720 παρὸν
1764 3649 1826 3702 οὐ

241 3748 395 3803 δοκεῖ
418 3747 592 3818 χαρᾶς
623 3741 784 3812 εἶναι,
807 3744 944 3800 ἀλλὰ
966 3744 1170 3815 λύπης·
1198 3742 1422 3814 ὔστερον
1455 3742 1638 3812 μέντοι
1693 3758 1827 3811 καρ-

243 3837 348 3891 πὸν
377 3835 652 3908 εἰρηνικὸν
685 3838 801 3900 τοῖς
828 3835 896 3888 δι’
926 3836 1097 3906 αὐτῆς
1131 3833 1607 3905 γεγυμνασμένοις
1635 3832 1826 3887 ἀποδί-

241 3926 377 3981 δωσι
404 3925 773 3997 δικαιοσύνης.
807 3945 826 3978 ι

290 4018 425 4073 ‘Kai
461 4017 611 4087 αὕτη
654 4020 765 4072 οὐκ
793 4017 967 4088 ἔγνω,
1012 4017 1104 4071 ὅτι
1146 4016 1262 4086 ἐγὼ
1302 4014 1494 4069 ἔδωκα
1535 4014 1690 4083 αὐτῇ
1719 4015 1826 4068 τὸν

238 4108 439 4175 σῖτον,
469 4109 568 4163 καὶ
593 4109 699 4163 τὸν
721 4104 911 4176 οἷκον,
937 4107 1036 4162 καὶ
1059 4106 1127 4160 τὸ
1159 4106 1384 4172 ἔλαιον,
1412 4105 1511 4159 καὶ
1542 4105 1824 4174 ἀργύριον

237 4199 554 4269 ἐπλήθυνα
607 4197 783 4269 αὐτῇ.
836 4198 1001 4267 Αὕτη
1059 4197 1127 4251 δέ
1158 4195 1388 4267 ἀργυρᾶ
1466 4195 1568 4251 καὶ
1619 4194 1824 4266 χρυσᾶ

226 4294 495 4360 ’ἐποίησε
522 4289 596 4360 τῇ
618 4289 809 4345 Βάαλ.

312 4385 412 4438 IZ'.
444 4383 568 4436 Ὅτι
599 4381 699 4453 μὲν
747 4375 841 4435 οὖν
869 4380 970 4434 οὐκ
999 4381 1064 4435 ἂν
1096 4380 1293 4445 ἕλοιτο,
1329 4377 1483 4449 φησὶ,
1513 4379 1628 4443 τοῖς
1672 4378 1821 4442 ἰδίοις

236 4473 320 4527 ἔτι
358 4472 776 4528 κατακολουθεῖν
817 4472 1094 4543 ἐρασταῖς,
1146 4470 1245 4523 οὐκ
1273 4469 1340 4522 ἂν
1381 4467 1673 4523 ὲνδοιάσειέ
1710 4485 1814 4532 τις.

1935 3286 2161 3341 Domine
2181 3287 2281 3340 ".r
2308 3288 2578 3343 Etscribit
2610 3288 2843 3344 Paulus:
2867 3307 2885 3341 ι
2917 3288 2973 3344 Si
2995 3289 3333 3361 disciplinam
3353 3291 3516 3345 susti-

1933 3379 2095 3443 netis,
2123 3387 2380 3449 tanquam
2412 3379 2539 3436 filiis
2566 3382 2718 3436 vobis
2744 3381 2905 3437 offert
2932 3396 2990 3437 se
3023 3381 3184 3437 Deus.
3211 3382 3342 3449 Quis
3371 3382 3515 3436 enim

1932 3468 2096 3533 ﬁlius,
2130 3484 2287 3538 quem
2329 3485 2436 3525 non
2478 3471 2706 3540 corripit
2746 3482 2900 3540 pater
2923 3472 3010 3525 “?
3048 3490 3068 3523 ι
3110 3472 3311 3527 Deinde
3352 3474 3516 3527 disci-

1931 3558 2088 3627 plina:
2124 3561 2454 3614 suavitatem
2502 3570 2557 3615 et
2595 3562 3035 3616 commoditatem
3080 3563 3163 3616 IIIS
3199 3564 3379 3617 verbis
3418 3579 3515 3617 ex-

1927 3652 2111 3721 planat
2147 3670 2160 3707 :
2201 3669 2221 3704 ι
2259 3652 2446 3709 Omnis
2478 3654 2768 3724 disciplina
2804 3654 3146 3725 in_pra:senti
3182 3656 3402 3724 quidem
3434 3657 3513 3711 vi-

1928 3742 2084 3796 detur
2115 3758 2220 3796 non
2262 3757 2383 3797 esse
2419 3742 2622 3811 gaudii,
2656 3745 2751 3797 sed
2789 3745 3070 3807 maeroris;
3104 3755 3288 3812 postea
3329 3755 3512 3800 autem

1926 3832 2160 3888 fructum
2206 3835 2614 3903 pacatissimum
2660 3834 2976 3889 exercitatis
3019 3849 3115 3904 per
3166 3851 3285 3889 eam
3336 3839 3513 3892 reddit

1919 3924 2144 3994 iustitiae
2166 3929 2231 3982 “.
2268 3947 2287 3979 ι

1994 4019 2161 4076 Vens.
2200 4021 2252 4076 8.
2292 4018 2360 4074 Et
2403 4021 2519 4090 ipsa
2563 4037 2665 4074 non
2703 4022 2963 4091 cognovit,
3000 4021 3125 4090 quia
3165 4038 3258 4090 ego
3302 4023 3422 4075 dedi
3463 4024 3512 4075 ei
3592 4018 3597 4023 ’

1923 4114 2267 4185 frumentum,
2300 4121 2352 4166 et
2388 4113 2588 4181 vinum,
2624 4123 2670 4167 et
2708 4112 2896 4179 oleum,
2937 4122 2987 4167 et
3022 4126 3294 4183 argentum
3331 4115 3511 4168 mulli-

1919 4206 2111 4276 plicavi
2141 4205 2208 4259 ei.
2244 4203 2375 4259 Πωο
2408 4213 2585 4259 autem
2621 4214 2865 4275 argentea
2923 4214 2970 4257 et
3000 4220 3162 4258 aurea
3194 4204 3320 4274 fecit
3350 4204 3505 4260 Baal.

1972 4380 2135 4438 XVII.
2156 4381 2294 4449 Quin
2315 4382 2479 4454 igitur
2500 4383 2632 4438 nolit
2649 4384 2879 4455 amplius
2895 4386 3046 4456 sequi
3067 4396 3337 4444 amatores
3356 4404 3505 4459 suos,

1920 4474 2120 4544 inquit,
2153 4490 2313 4531 nemo
2346 4476 2699 4532 dubitaverit.
2735 4475 2848 4531 [Ioc
2875 4478 3020 4533 enim
3076 4481 3243 4549 probe
3271 4491 3326 4536 et
3355 4482 3510 4539 facil-

236 4559 579 4633 Κατορθώσῃ
602 4560 710 4629 γὰρ
732 4558 911 4623 τοῦτο,
936 4560 1029 4612 καὶ
1061 4558 1179 4612 λίαν
1208 4556 1463 4621 εὐκόλως,
1488 4556 1567 4628 τῷ
1589 4558 1824 4628 φράττε-

1934 4568 2055 4623 lime
2090 4568 2210 4634 ﬁet,
2240 4570 2283 4623 si
2318 4569 2633 4639 obsepiatur
2658 4570 2742 4623 via
2774 4568 2920 4637 ejus,
2951 4582 3004 4627 et
3038 4573 3396 4629 obstruantur
3422 4590 3507 4631 se-

217 4650 364 4709 ”σθαι
398 4652 499 4724 μὲν
531 4652 630 4723 τὴν
658 4650 776 4705 ὁδδν
813 4651 1005 4720 αὐτῆς,
1037 4649 1257 4712 καὶτὰς
1289 4647 1510 4718 τρίϐους
1546 4647 1822 4718 ἀνατειχι-

234 4747 448 4814 ζεσθαι,
485 4744 581 4799 καὶ
630 4745 752 4798 κατ’
788 4743 979 4796 οὐδένα
1014 4741 1295 4804 παντελῶς
1333 4738 1648 4793 εὐοδοῦσθαι
1695 4739 1819 4811 τρό-

234 4856 358 4892 πον.
407 4840 626 4910 Ἐπειδὴ
657 4840 713 4892 δὲ
757 4840 893 4911 πρὸς
921 4838 999 4909 τῷ
1026 4838 1158 4893 Θεὸν
1200 4836 1463 4909 ὑπάρχειν
1489 4835 1696 4889 οἴεσθαι
1729 4834 1820 4888 τὸν

233 4932 404 4996 Βάαλ,
442 4932 792 4987 ἀνατέθεικεν
821 4933 969 5004 αὐτῷ
999 4932 1093 4986 καὶ
1115 4931 1224 4985 τῶν
1255 4932 1385 5001 παρ’
1417 4930 1553 5000 ἐμοῦ
1585 4947 1817 5000 κεχορη-

236 5023 492 5093 γημένων
529 5025 665 5096 αὐτῇ
692 5024 762 5077 τὰ
807 5027 1159 5097 χαριστήρια,
1198 5026 1294 5078 καὶ
1329 5024 1465 5096 πρὸς
1504 5024 1662 5077 τοῦτο
1690 5024 1814 5095 βου-

233 5112 498 5183 λεύσομαι
536 5115 603 5169 τὰ
642 5114 860 5180 εἰκότα,
890 5116 964 5179 ὼς
1007 5115 1072 5169 ἂν
1099 5114 1368 5186 ὰναμὰθοι
1393 5157 1406 5179 ,
1443 5115 1527 5178 τίς
1556 5117 1583 5168 6
1618 5115 1814 5179 διδοὺς,

242 5204 327 5255 (αἱ
358 5204 468 5257 τῶν
493 5205 629 5259 ὅλων
659 5206 798 5277 ἔχων
823 5206 921 5279 τὴν
952 5206 1217 5269 ἐξουσίαν.
1240 5206 1459 5259 Δέδωκα
1485 5208 1581 5276 μὲν
1612 5205 1718 5277 γὰρ
1750 5205 1818 5259 τὰ

240 5295 490 5366 ζωαρκῆ·
527 5300 690 5360 σῖτον,
727 5298 821 5351 καλ⁹
852 5293 1014 5362 οἶνον,
1049 5298 1144 5351 καὶ
1190 5297 1388 5357 ἔλαιον.
1426 5297 1517 5350 καὶ
1551 5297 1815 5368 ἀργύριον

242 5382 510 5453 ιπλὴθυνα
532 5385 691 5456 αὐτῇ.
729 5385 889 5438 Ἀλλὰ
905 5389 1024 5449 ταῖς
1047 5387 1205 5457 ἐμαῖς
1237 5384 1565 5456 φιλοτιμίαις
1599 5386 1817 5457 εὐχαρι-

234 5473 430 5544 στῆσαι
446 5475 581 5535 δέον.
602 5480 681 5541 είς
698 5477 856 5542 δόξαν
872 5477 1008 5531 αὐτὰ
1022 5479 1313 5549 πεποίηται
1329 5481 1393 5549 τῇ
1414 5478 1579 5542 Βάαλ,
1594 5479 1621 5532 ὃ
1637 5480 1700 5551 δὴ
1717 5480 1817 5551 τῆς

224 5564 474 5635 ἐσχάτης
497 5568 645 5620 ἐστὶν
684 5566 1042 5638 ἀναισθησίας
1066 5586 1126 5621 τε
1168 5569 1304 5640 ὁμοῦ
1357 5570 1451 5623 καὶ
1489 5570 1812 5640 ἀχαριστίας

225 5654 508 5723 ἀπόδειξις
537 5658 806 5731 ἐναργής·
839 5661 933 5715 καὶ
968 5662 1069 5714 οὐκ
1106 5661 1375 5725 ἀνικάνως
1399 5661 1459 5715 τὸ
1485 5663 1674 5733 χρῆμα
1701 5664 1813 5735 ἔχει

307 5835 354 5870 ⁸³
380 5834 581 5892 .Ierem.
612 5852 669 5902 Χ,
700 5838 791 5906 2i,
867 5839 910 5871 "
948 5838 1106 5895 Iiebr.
1143 5855 1236 5906 sit,
1270 5838 1322 5891 ‘7.
1400 5840 1443 5871 ’⁸
1477 5840 1604 5896 ibid.
1650 5843 1730 5897 Il.

1928 4659 2094 4724 milae,
2136 4667 2183 4713 et
2236 4658 2399 4714 rebus
2448 4670 2630 4715 utatur
2674 4662 2897 4717 minime
2944 4664 3185 4718 omnium
3231 4668 3501 4723 secundis.

1929 4749 2190 4816 Quoniam
2215 4765 2339 4805 vero
2366 4760 2725 4821 praeterquam
2753 4753 2895 4822 quod
2922 4753 3045 4808 Baal
3075 4771 3175 4824 pro
3203 4755 3315 4811 Deo
3345 4772 3505 4828 repu-

1923 4842 2076 4903 tavit,
2101 4841 2263 4896 etiam
2292 4856 2412 4910 quae
2444 4858 2473 4896 a
2506 4859 2590 4897 me
2616 4845 2953 4914 suppeditata
2986 4847 3218 4915 fuerant,
3243 4850 3416 4905 eidem
3448 4853 3502 4907 in

1922 4932 2157 5001 acceptis
2196 4932 2417 4999 retulit,
2458 4934 2616 5002 eique
2656 4936 2861 5005 gratias
2899 4937 3039 5006 egit,
3079 4939 3241 4993 etiam
3284 4952 3503 5012 propter

1920 5025 2025 5081 hoc
2053 5033 2288 5080 statuam
2318 5037 2682 5081 consentanea
2703 5068 2718 5092 ,
2752 5036 2809 5081 ut
2837 5028 3009 5084 discat
3039 5031 3159 5099 quis
3190 5032 3260 5086 sit
3286 5034 3378 5103 qui
3412 5037 3503 5089 de-

1920 5118 2061 5171 derit
2103 5134 2115 5171 :
2156 5126 2210 5172 et
2255 5132 2420 5188 penes
2463 5133 2621 5188 quem
2670 5120 2741 5174 sit
2784 5121 3024 5175 omnium
3071 5133 3330 5193 potestas.
3369 5127 3501 5184 Dedi

1919 5212 2063 5266 enim
2092 5213 2216 5266 vita:
2249 5213 2615 5268 sustentanda:
2647 5215 2992 5281 necessaria;
3031 5216 3385 5283 frumentum,
3415 5223 3501 5275 vi-

1921 5320 2079 5371 num,
2122 5304 2331 5372 oleum,
2374 5316 2428 5361 et
2470 5317 2748 5373 argentum
2795 5310 3147 5379 multiplicari
3193 5313 3262 5365 ei.
3301 5313 3498 5367 Verum

1917 5395 2028 5466 39
2064 5411 2185 5450 cum
2229 5398 2611 5452 munificentia:
2654 5414 2783 5453 mea:
2824 5401 3028 5470 gratias
3068 5404 3307 5467 deberet,
3342 5418 3402 5458 ea
3445 5406 3496 5458 in

1920 5489 2083 5544 decus
2113 5498 2164 5544 et
2192 5488 2414 5559 gloriam
2447 5488 2576 5543 Baal
2606 5492 2900 5559 convertit,
2932 5495 3075 5563 quod
3109 5496 3335 5549 extremi
3366 5510 3497 5549 sane

1917 5580 2154 5650 stuporis
2196 5580 2355 5635 sintul
2405 5587 2458 5635 et
2526 5582 2689 5637 animi
2737 5583 3087 5652 ingratissimi
3130 5595 3374 5656 apertum
3415 5595 3497 5641 est

1918 5680 2294 5744 argumentum
2328 5692 2339 5727 :
2372 5682 2426 5729 et
2460 5674 2526 5730 ad
2560 5675 2723 5731 Deum
2753 5680 3099 5747 quantumvis
3129 5679 3305 5735 omnis
3335 5693 3494 5734 man-
