4094 6584
602 394 665 452 -η
1627 387 1686 442 s.
1723 385 1998 457 cvmcu
2037 385 2513 443 ALEXANDRINI
2553 383 2875 443 ARCHIEP.
3204 360 3211 367 ’
3802 385 3874 440 72

601 505 903 565 suetudinis
936 503 1139 558 fontem
1183 510 1239 556 et
1281 497 1544 570 originem
1579 502 1933 558 meritissimo
1964 514 2191 557 exacer-

2313 501 2432 572 τρός
2470 518 2534 569 γε
2587 501 2648 555 τὸ
2695 501 2806 554 δεῖν
2837 498 2931 552 καὶ
2988 496 3194 567 σφόδρα
3254 496 3477 560 δικαίως
3536 500 3873 571 παροτρύναι

603 597 837 653 bandqu
865 592 1085 650 suIIicit.

674 794 1072 852 Gravissimum
1105 801 1191 849 est
1223 794 1392 865 igitur
1445 802 1501 849 et
1528 807 1689 864 pmna
1722 792 1967 863 dignum,
1998 792 2195 847 libera-

603 888 809 943 litatem
859 885 1248 943 beneﬁciorum
1296 900 1328 939 ιι
1377 884 1490 941 Deo
1540 885 1904 955 praestitorum
1952 884 2019 939 iis
2059 881 2197 937 velle

604 980 897 1045 ascribere,
920 978 1014 1048 qui
1041 978 1157 1046 ejus
1185 975 1416 1048 gloriam
1446 977 1780 1032 imminuunt
1803 990 1866 1031 ac
1888 975 2194 1046 proﬂigant,

606 1073 711 1128 hoc
736 1081 842 1134 est,
873 1070 1165 1124 immundis
1197 1067 1553 1132 daemonibus,
1581 1068 1727 1137 quod
1757 1068 1975 1136 quidam
2008 1068 2063 1121 in
2091 1077 2199 1124 ter-

607 1164 686 1217 ris
720 1162 951 1227 faciunt,
984 1160 1157 1216 Graeci
1193 1168 1351 1229 puta,
1389 1168 1445 1215 et
1478 1158 1740 1214 haeretici.
1769 1156 1904 1213 Nam
1937 1158 2045 1223 illi,
2075 1175 2197 1215 cum

610 1250 753 1305 Deus
785 1249 988 1305 homini
1024 1249 1340 1319 sapientiam
1377 1257 1432 1304 et
1463 1248 1764 1304 orationem
1823 1249 2196 1318 impertiverit,

611 1340 939 1410 eloquentia:
969 1354 1078 1395 sum
1109 1339 1426 1395 facultatem
1453 1342 1760 1396 daemonum
1792 1340 2087 1397 honoribus
2112 1357 2199 1398 ce-

611 1430 883 1485 Iebrandis
903 1429 1223 1499 largiuntur.
1249 1430 1639 1486 Haereticorum
1660 1440 1843 1487 autem
1864 1431 1977 1487 Deo
2022 1447 2203 1488 exosa}

610 1528 668 1574 et
706 1520 886 1590 impiae
925 1520 1098 1575 turba:
1133 1521 1334 1577 dolosis
1372 1523 1765 1577 sententiarum
1808 1522 2043 1578 inventis
2083 1524 2205 1593 qui-

611 1611 841 1667 busdam
871 1621 1088 1679 nocent,
1119 1621 1174 1668 et
1202 1613 1593 1684 simpliciorum
1624 1624 1833 1670 mentes
1865 1624 2200 1685 pervertunt,

612 1710 668 1757 et
712 1703 935 1772 laqueos
971 1705 1041 1759 ad
1084 1706 1391 1773 perdendos
1432 1706 1711 1771 homines,
1752 1708 1898 1763 sicut
1940 1710 2204 1779 Scriptum

612 1796 787 1861 est",
822 1807 1171 1865 paraverunt.
1205 1798 1379 1854 Ambo
1413 1798 1578 1869 igitur
1608 1798 1898 1855 coluerunt
1931 1799 2063 1856 Baal
2101 1819 2115 1856 :
2148 1810 2207 1858 et

2295 594 2447 657 Θεὸν,
2487 595 2590 649 κᾶν
2640 594 2689 646 εἰ
2738 592 2920 663 πάσης
2965 590 3304 661 ἡμερότητος
3357 588 3510 661 πηγὴ
3558 592 3730 645 νοοῖτο
3780 593 3876 648 καὶ

2296 685 2531 756 γένεσις.

2369 775 2660 830 Πάνδεινον
2698 768 2791 828 οῦν
2830 773 2960 844 ἀρα,
2994 772 3088 826 καὶ
3120 772 3277 843 δίκης
3313 772 3414 826 οὐκ
3452 772 3737 845 ἀμοιροῦν,
3765 774 3877 829 τῶν

2298 866 2451 937 παρά
2497 865 2632 919 Θεοῦ
2678 862 3034 935 χαρισμάτων
3075 862 3175 934 τὴν
3214 862 3523 934 φιλοτιμίαν
3566 866 3877 921 ἀνατιθέναι

2299 957 2484 1028 ζητεῖν
2523 959 2635 1021 τοῖς
2666 957 2765 1029 τὴν
2803 956 2957 1023 δόξαν
2985 954 3153 1009 αὑτοῦ
3206 954 3566 1027 παραλύουσι,
3609 957 3876 1020 τουτέστι,

2298 1052 2411 1115 τοῖς
2441 1049 2772 1120 ἀκαθάρτοις
2822 1048 3094 1119 δαίμοσιν,
3124 1046 3153 1100 ὃ
3183 1047 3248 1119 δὴ
3295 1048 3390 1101 καὶ¹
3420 1047 3635 1101 ποιοῦσι
3672 1049 3781 1103 τῶν
3822 1051 3880 1103 ὲν

2300 1143 2490 1212 κόσμῳ
2510 1142 2674 1205 τινές.
2691 1141 2952 1212 Ἕλληνες
2979 1140 3035 1193 δὲ
3061 1132 3229 1204 οῦτοι,
3261 1139 3357 1193 καὶ
3382 1139 3663 1211 αἱρετικοί.
3690 1142 3752 1196 Οἱ
3780 1141 3883 1212 μὲν

2298 1232 2429 1304 γὰρ,
2464 1231 2598 1284 Θεοῦ
2627 1230 2861 1293 διδόντος
2892 1228 3166 1299 ἀνθρώπῳ
3193 1226 3388 1297 σοφίαν
3442 1228 3541 1281 καὶ
3580 1227 3758 1297 λόγον,
3782 1228 3884 1300 τὴν

2300 1325 2402 1395 τῆς
2434 1322 2768 1393 εὐγλωττίας
2794 1321 3077 1392 δεινότητα
3104 1322 3224 1383 ταῖς
3262 1319 3373 1373 τῶν
3402 1319 3694 1391 δαιμονίων
3733 1319 3885 1392 χαρί-

2304 1415 2489 1481 ζονται
2515 1414 2715 1482 δόξαις.
2748 1414 2829 1467 Τά
2857 1412 2915 1467 δέ
2944 1429 3008 1481 γε
3036 1411 3146 1465 τῶν
3176 1410 3468 1483 αἱρετικῶν
3504 1410 3759 1482 θεομισῆι
3789 1411 3885 1464 καὶ⁵

2303 1508 2494 1561 ἀνόσια
2533 1507 2700 1577 στίφη
2734 1504 3087 1559 πολυπλόκων
3111 1503 3328 1558 ἐννοιῶν
3351 1502 3616 1575 εὐρέμασι
3657 1500 3886 1556 κατασι-

2305 1600 2487 1654 νονταί
2509 1616 2681 1662 τινας,
2707 1597 2803 1651 καὶ
2827 1596 2917 1649 τὸν
2942 1596 3048 1650 τῶν
3078 1595 3428 1665 ἀπλουτέρων
3451 1593 3885 1663 καταστρέφουσι

2306 1691 2451 1757 νοῦν,
2482 1691 2577 1746 καὶ¹
2604 1689 2841 1758 παγίδας
2869 1687 3105 1759 ἔστησαν
3137 1686 3449 1756 διαφθεῖραι
3493 1685 3714 1757 ἄνδρας,
3744 1684 3886 1739 κατὰ

2307 1785 2369 1838 τὸ
2390 1782 2795 1854 γεγραμμένον.
2813 1779 3020 1835 Οὐκοῦν
3053 1778 3219 1850 ἀμφω
3251 1778 3579 1849 τετιμήκασι
3599 1777 3693 1831 τὸν
3714 1775 3884 1838 Βάαλ,

616 1899 824 1945 tantum
855 1905 964 1944 non
988 1889 1136 1945 velut
1164 1906 1233 1946 ex
1261 1866 1488 1955 divitiis,
1516 1905 1637 1963 quae
1665 1901 1846 1948 mente
1875 1904 2198 1960 cernuntur,

2313 1877 2472 1949 μόνον
2505 1874 2563 1930 δὲ
2597 1874 2720 1945 οὺχὶ
2767 1872 3019 1942 καθάπερ
3053 1872 3119 1924 ὲκ
3146 1868 3376 1923 πλούτου
3408 1866 3601 1938 νοητοῦ
3634 1866 3889 1938 λαμπρὸν

610 1991 672 2037 et
714 1982 784 2037 ad
826 1981 994 2036 Deum
1039 1983 1333 2050 pertinent,
1375 1996 1475 2052 pro
1516 1984 1799 2053 splendido
1832 1987 2200 2055 anathemate,

618 2074 686 2129 ad
716 2074 861 2129 illius
891 2073 1019 2129 idoli
1050 2074 1277 2145 gloriam
1311 2075 1571 2131 offerunt.
1596 2075 1664 2130 Et
1696 2076 1808 2143 ita,
1840 2076 2057 2147 opinor,
2092 2080 2204 2149 spi-

618 2165 889 2221 ritualiter
907 2162 1427 2222 corivenientissime
1452 2166 1771 2239 intelligitur
1790 2170 1937 2238 quod
1965 2170 2166 2225 dicitur
2184 2187 2199 2224 :

617 2256 732 2328 Ego
786 2256 906 2311 dedi
971 2255 1304 2311 frumentum
1345 2266 1401 2312 et
1445 2257 1631 2312 vinutn
1671 2268 1729 2315 et
1783 2259 1992 2324 oleam,
2027 2269 2081 2316 et
2106 2276 2205 2314 ar—

608 2356 837 2419 rgentnm
873 2346 1222 2416 multiplicavi
1258 2347 1309 2402 ei
1340 2363 1356 2401 :
1388 2347 1506 2417 ipsa
1556 2363 1689 2404 vero
1725 2358 1986 2420 argentea
2014 2359 2071 2405 et
2105 2366 2202 2405 au-

618 2454 711 2495 rea
770 2438 897 2494 fecit
924 2438 1074 2493 Baal.
1127 2438 1440 2495 Tribuenda
1464 2453 1592 2495 sunt
1619 2440 1783 2508 igitur
1810 2442 1920 2496 Deo
1949 2456 2069 2512 qua:
2098 2440 2199 2497 Dei

618 2540 765 2586 sunt.
799 2530 1051 2587 Datorem
1085 2531 1231 2586 enim
1298 2539 1356 2585 et
1388 2530 1733 2601 praebitorem
1766 2533 2006 2586 omnium
2038 2531 2209 2587 bono-

618 2638 742 2678 rum
780 2633 1091 2678 nostrorum
1132 2622 1371 2677 inaurari
1410 2622 1669 2677 convenit
1704 2636 1801 2691 per
1839 2636 1936 2687 ea,
1979 2636 2103 2692 qua:
2140 2621 2209 2677 ab

621 2714 740 2784 ipso
776 2715 1057 2781 habemus,
1096 2728 1191 2769 seu
1234 2712 1459 2770 illustris
1502 2713 1573 2771 sit
1608 2713 1804 2776 oratio,
1840 2726 1937 2768 seu
1976 2712 2047 2768 ad
2081 2725 2210 2769 vera

621 2805 885 2876 mysteria
904 2805 1259 2875 percipienda
1292 2819 1446 2861 mens
1477 2805 1693 2860 idonea.

692 2898 864 2953 Vens.
894 2900 951 2963 9,
982 2899 1072 2954 10.
1106 2897 1334 2967 PrOpter
1362 2899 1457 2952 hoc
1489 2905 1740 2961 revertar,
1771 2906 1822 2951 et
1856 2894 2038 2951 tollam
2071 2896 2212 2950 triti-

623 3006 743 3044 cum
777 3006 949 3044 meum
986 2991 1041 3043 in
1074 3000 1301 3057 tempore
1329 3005 1449 3053 sua,
1486 2998 1533 3042 et
1576 2988 1755 3041 vinum
1793 3003 1965 3041 meum
1996 2987 2052 3041 in
2087 2998 2215 3041 tem-

622 3095 747 3135 nare
779 3097 898 3147 suo,
930 3090 977 3135 et
1014 3081 1255 3150 auferam
1290 3081 1597 3135 vestimenta
1627 3096 1765 3144 mea,
1798 3089 1847 3135 et
1880 3079 2045 3133 lintea
2074 3095 2211 3144 mea,

2307 1967 2564 2039 ἀνάθημα
2616 1962 3079 2037 προσκομίζουσιν
3114 1963 3195 2027 είς
3244 1961 3402 2027 δόξαν
3433 1961 3613 2014 αὐτῶν
3647 1960 3719 2013 τά
3758 1960 3889 2031 περὶ

2303 2056 2461 2114 Θεοῦ.
2507 2055 2618 2109 Καὶ
2638 2055 2817 2119 τοῦτο,
2853 2048 3028 2123 οἶμαι,
3057 2054 3174 2105 ἐστὶ
3228 2051 3613 2122 πνευματικῶς
3642 2046 3700 2104 εὖ
3743 2050 3889 2120 μάλα

2264 2166 2267 2169 ‘
2306 2148 2619 2221 νοούμενον,
2663 2148 2745 2213 τὸ,
2806 2145 2954 2215 Ἐγὼ
3003 2144 3216 2198 δέδωκα
3268 2144 3361 2196 τὸν
3412 2146 3582 2209 σῖτον,
3650 2143 3747 2195 καὶ
3800 2141 3890 2195 τὸν

2306 2237 2469 2306 οἶνον,
2502 2242 2597 2295 καὶ
2628 2240 2691 2294 τὸ
2725 2239 2925 2306 ἔλαιον,
2960 2237 3057 2292 καὶ¹
3099 2235 3363 2307 ἀργύριον
3403 2235 3678 2307 ὲπλήθυνα
3712 2234 3851 2306 αὐτῇ
3871 2248 3889 2265 ο

2306 2334 2447 2404 αὐτὴ
2477 2333 2535 2387 δὲ
2550 2333 2791 2404 ἀργυρᾶ,
2818 2332 2913 2385 καὶ
2937 2331 3115 2402 χρυσᾶ
3140 2328 3364 2399 εποίησε
3390 2331 3456 2401 τῇ
3489 2328 3659 2384 Βάαλ.
3732 2327 3891 2381 Ἀνα-

2296 2426 2496 2482 ηθετέον
2537 2420 2632 2479 οὖν
2671 2425 2781 2497 ἄρα
2817 2422 2938 2495 Θεῷ
2961 2422 3031 2477 τὰ
3057 2420 3245 2475 αὑτοῦ.
3277 2421 3382 2475 Τὸν
3409 2421 3520 2492 γάρ
3562 2437 3644 2474 τοι
3693 2418 3893 2483 παντὸς

2309 2520 2447 2591 ἡμῖν
2502 2517 2712 2587 ἀγαθοῦ
2756 2516 2977 2587 δωτῆρα
3019 2514 3112 2567 καὶ
3140 2511 3374 2585 χορηγὸν
3417 2509 3893 2582 καταχρυσοῦσθαι

2311 2609 2514 2682 πρέπει
2535 2608 2603 2662 δι’
2624 2602 2699 2662 ὧν
2716 2608 2788 2661 ἂν
2813 2607 3033 2677 ἔχοιμεν
3063 2605 3194 2676 παρ’
3222 2603 3412 2670 αὐτοῦ,
3433 2602 3536 2658 κᾶν
3564 2605 3611 2656 εί
3638 2602 3895 2672 λαμπρὸς

2311 2702 2399 2773 εἴη
2429 2701 2610 2769 λόγος,
2643 2697 2746 2752 κᾶν
2775 2698 2824 2750 εί
2866 2697 2993 2760 νοῦς
3017 2696 3157 2766 ἔχων
3191 2695 3510 2766 ἐπιτηδείως
3540 2692 3679 2765 πρὸς
3711 2691 3774 2746 τὸ
3806 2692 3896 2746 δύ-

2313 2794 2508 2850 νασθαι
2539 2793 2681 2846 νοεῖν
2706 2789 2885 2861 ἀληθῆ
2917 2790 3215 2861 μυστήρια.

2383 2884 2490 2939 Διά
2516 2883 2692 2938 τοῦτο
2711 2882 3076 2951 ἐπιστρέψω,
3099 2880 3199 2935 καί
3240 2880 3558 2950 κομιοῦμαι
3588 2878 3694 2933 τόν
3723 2878 3896 2933 σῖτόν

2309 2996 2428 3049 μου
2455 2977 2582 3032 καθ’
2608 2976 2769 3045 ὤραν
2786 2975 2998 3042 αὑτοῦ,
3020 2974 3121 3029 καί
3138 2974 3247 3028 τὸν
3280 2971 3452 3029 οἶνόν
3470 2991 3588 3042 μου
3602 2972 3682 3025 ἐν
3706 2971 3895 3041 καιρῷ

2314 3070 2523 3135 αὐτοῦ,
2553 3068 2651 3123 καί
2676 3067 3009 3138 ἀφελοῦμαι
3046 3066 3121 3121 τὰ
3150 3064 3347 3135 ἱμάτιά
3377 3063 3736 3134 μου,.καίτὰ
3756 3064 3895 3117 ὀθό-

626 3187 691 3225 ue
722 3172 964 3239 operiant
1006 3173 1345 3241 ignominiam
1381 3171 1520 3239 ejus.
1555 3169 1624 3224 Et
1661 3186 1800 3224 nunc
1838 3169 2071 3223 revelabo
2112 3171 2214 3223 im-

2316 3161 2417 3214 νιά
2441 3177 2582 3229 μου,
2628 3159 2738 3213 τοῦ
2779 3158 2867 3228 μὴ
2920 3158 3254 3212 καλύπτειν
3300 3155 3416 3224 τὴν
3450 3154 3897 3225 ἀσχημοσύνην

2370 3252 2383 3264 .
2444 3251 2468 3261 -
2565 3249 2663 3264 --.
2744 3250 2767 3261 -
2859 3250 2872 3264 .
3059 3249 3114 3264 ..
3147 3251 3161 3264 .
3295 3246 3309 3264 .
3413 3247 3427 3264 .
3520 3244 3864 3264 haunt.

625 3262 937 3316 munditiam
968 3262 1081 3332 ejus
1106 3263 1162 3316 in
1188 3272 1470 3330 conspectu
1492 3270 1792 3315 amatorum
1820 3261 1989 3327 illius,
2018 3270 2069 3315 et
2096 3259 2215 3315 nul-

623 3354 709 3409 lus
737 3365 881 3410 eruet
913 3371 1031 3408 eam
1062 3355 1127 3408 de
1156 3370 1319 3409 manu
1349 3369 1487 3407 mea.

696 3533 883 3591 XVIII.
918 3533 1112 3589 Cernis
1136 3531 1409 3600 quomodo
1435 3531 1671 3585 minatus
1695 3529 1769 3585 sit
1793 3527 2098 3583 ablaturum
2125 3543 2211 3594 se,

626 3644 748 3699 quze
778 3628 1051 3683 delectare
1082 3625 1297 3690 solent,
1330 3638 1430 3678 nec
1463 3621 1517 3676 id
1548 3620 1853 3691 inutiliter?
1886 3619 2037 3675 Sicut
2067 3634 2219 3674 nam-

625 3735 734 3790 que
755 3721 897 3774 viam
924 3718 1040 3787 ejus
1068 3717 1205 3786 palis
1228 3713 1425 3770 deﬁxis
1449 3712 1694 3782 asperari
1724 3710 1791 3767 ad
1818 3710 2219 3779 complectenda

626 3809 933 3869 salubriora
979 3807 1304 3871 inducebat,
1346 3802 1689 3872 faciebatque
1730 3802 1817 3856 vel
1865 3801 2087 3856 invitam
2136 3802 2219 3856 di-

630 3916 797 3957 cere:
849 3901 1113 3955 Revertar
1146 3897 1213 3951 ad
1250 3897 1424 3951 virum
1469 3908 1649 3949 meum
1680 3894 1939 3963 priorem,
1964 3893 2219 3965 quoniam

632 3992 830 4048 melius
872 3989 1005 4045 mihi
1051 3998 1181 4042 tunc
1218 3995 1358 4053 erat,
1416 3999 1579 4055 quam
1662 3999 1826 4051 nunc,
1887 3985 2222 4054 experientia

632 4088 778 4145 enim
825 4092 1110 4156 cognorat,
1157 4082 1290 4153 quid
1338 4081 1627 4136 utilitatem
1673 4081 2024 4147 conciliaret,
2072 4092 2128 4137 et
2168 4083 2222 4141 in

634 4180 828 4250 quibus
860 4185 1141 4248 praestaret
1168 4176 1398 4230 libenter
1425 4174 1675 4229 habitare
1706 4194 1718 4229 :
1748 4174 1821 4229 ita
1850 4174 1897 4229 si
1929 4174 2222 4240 abstulero,

636 4272 835 4342 inquit,
870 4284 989 4339 quae
1024 4282 1142 4323 mea
1177 4276 1326 4335 sunt,
1363 4276 1491 4322 tunc
1523 4266 1849 4322 omnimodis
1885 4275 2222 4337 erogatoretn

638 4364 901 4433 requiret,
930 4372 988 4416 et
1003 4361 1336 4416 daemonibus
1358 4368 1568 4431 gratam
1594 4374 1653 4415 se
1676 4360 1937 4415 exhibere
1950 4359 2222 4427 designet;

626 4471 843 4526 eosque
877 4468 1003 4510 vere
1042 4455 1171 4508 deos
1204 4451 1488 4517 arbitrari,
1522 4461 1584 4506 ut
1615 4452 1780 4507 etiam
1817 4450 1919 4506 sibi
1955 4449 2226 4519 subjectos

2315 3251 2527 3319 αὐτῆς.
2559 3249 2668 3305 Καὶ
2696 3250 2813 3305 νῦν
2839 3249 3219 3317 ἀποκαλύψω
3251 3246 3365 3317 τὴν
3395 3244 3773 3313 ἀκαθαρσίαν
3790 3246 3897 3299 αὑ-

2316 3340 2427 3410 τῆς
2452 3340 2709 3396 ἐνώπιον
2733 3339 2853 3394 τῶν
2898 3337 3171 3409 ἐραστῶν
3204 3337 3416 3408 αὐτῆς,
3444 3337 3556 3391 καὶ
3592 3335 3797 3402 οὐδεὶς
3824 3338 3893 3391 οὐ

2304 3433 2400 3504 ,μὴ
2431 3432 2711 3501 ἐξέληται
2741 3431 2940 3498 αὐτὴν
2975 3431 3045 3484 ἐκ
3072 3432 3275 3499 χειρός
3292 3447 3410 3499 μοι

2387 3526 2496 3582 IH’.
2544 3525 2707 3597 Ὁρᾷς
2733 3526 2882 3588 ὅπως
2912 3523 3179 3594 ἠπείλησε
3193 3522 3293 3593 τὴν
3316 3520 3607 3592 ἀφαίρεσιν
3626 3520 3737 3575 τῶν
3768 3536 3896 3573 κατ-

2317 3616 2634 3688 ευφραίνειν
2663 3615 2904 3681 εἰδότων,
2938 3615 3033 3668 καὶ
3055 3612 3215 3668 τοῦτο
3236 3612 3550 3685 χρησίμως*
3572 3611 3767 3681 ὥσπερ
3792 3610 3897 3680 γὰρ

2318 3706 2381 3758 τὸ
2403 3704 2873 3775 ἀποτραχύνεσθαι
2904 3705 3018 3767 τοῖς
3055 3701 3276 3770 σκόλοψι
3302 3700 3408 3773 τὴν
3439 3700 3558 3753 ὁδὸν
3583 3700 3758 3768 αὐτῆς
3807 3699 3898 3752 ἐπὶ

2319 3796 2381 3850 τὸ
2395 3796 2613 3849 ἑλέσθαι
2629 3797 2843 3866 φρονεῖν
2860 3792 2928 3846 τὰ
2943 3791 3152 3864 ἀμείνω
3167 3791 3501 3862 παρήνεγκε,
3516 3788 3897 3860 παρεσκεύασε

2322 3889 2381 3943 δὲ
2409 3889 2600 3959 ὥσπερ
2622 3887 2717 3940 καὶ
2750 3886 2848 3956 οὐχ
2868 3883 3100 3939 ἑκοῦσαν
3125 3884 3319 3949 εἰπεῖν,
3384 3882 3443 3934 Ἐ
3460 3879 3737 3950 πιστρέψω
3766 3878 3899 3949 πρὸς

2322 3981 2415 4035 τὸν
2437 3981 2606 4051 ἀνδρα
2639 3996 2739 4050 μου
2763 3978 2856 4031 τὸν
2887 3977 3176 4048 πρότερον,
3206 3974 3289 4027 ὅτι
3308 3971 3499 4035 καλῶς
3524 3988 3617 4041 μοι
3652 3965 3720 4039 ἦν
3754 3970 3896 4030 τότε,

2312 4074 2357 4143 -ἢ
2387 4073 2510 4128 νῦνο
2560 4072 2709 4141 ’ἔγνω
2769 4069 2879 4140 γὰρ
2908 4068 2998 4123 διὰ
3044 4067 3237 4137 πείρας
3264 4064 3328 4117 τὸ
3348 4061 3543 4116 τελοῦν
3574 4062 3654 4123 είς
3689 4059 3896 4131 δνησιν,

2318 4160 2517 4229 ηκαὶοῖς
2538 4159 2605 4235 ἦν
2632 4163 2852 4233 ἄμεινον
2877 4157 3294 4231 ὲμφιλοχωρεῖψ
3315 4153 3487 4216 οὕτως
3511 4154 3559 4205 εἰ
3590 4150 3812 4221 λάϐοιμι
3834 4149 3900 4204 τά

2326 4252 2587 4326 ἐμαυτοῦ,
2611 4250 2765 4321 φησὶ,
2791 4249 2916 4303 τότε
2941 4247 3006 4316 δὴ
3034 4247 3249 4308 πάντως
3278 4244 3502 4315 ζητήσει
3522 4241 3613 4295 τὸν
3638 4241 3897 4312 χορηγὸν,

2316 4347 2422 4401 ικαὶ
2468 4343 2739 4400 παύσεται
2777 4340 2872 4395 τοῦ
2917 4340 3026 4394 δεῖν
3061 4338 3323 4392 ἀνάπτειν
3352 4337 3465 4399 τοῖς
3505 4333 3807 4403 δαιμονίοις
3836 4332 3900 4385 τά

2322 4436 2685 4508 χαριστήρια,
2724 4431 3014 4485 οῖεσθαίυτε
3039 4430 3121 4482 ὃτι
3150 4427 3263 4481 θεοὶ
3290 4426 3432 4480 κατὰ
3452 4423 3716 4495 ἀλήθειάν
3742 4424 3897 4485 εἰσιν,

628 4549 695 4618 .in
714 4513 998 4617 pristinam
1021 4545 1329 4600 felicitatem
1347 4544 1637 4599 restituere
1651 4543 1762 4615 ω
1775 4550 1997 4613 queant.
2012 4513 2079 4595 Et
2094 4548 2214 4595 tem-

2320 4529 2401 4591 ῶς
2428 4526 2524 4580 καὶ
2555 4522 2856 4586 ἀνασώζειν
2890 4519 3149 4575 δύνασθαι
3187 4518 3311 4582 τοὺς
3352 4517 3445 4570 ὑπ’
3470 4516 3653 4578 αὐτοῖς
3681 4513 3900 4583 γεγονό-

637 4654 771 4715 ppre
793 4654 895 4694 suo
924 4637 1286 4703 frumentum,
1317 4644 1373 4690 et
1397 4634 1613 4700 vinum,
1643 4646 1696 4689 et
1727 4635 1890 4690 lintea
1918 4630 2214 4687 ablaturum

2333 4637 2451 4683 τας.
2473 4619 2584 4672 Καὶ
2631 4618 2689 4670 ὲν
2726 4613 2983 4686 καιρῷδὲ
3010 4610 3277 4683 λήψεσθαι
3324 4608 3417 4662 τὸν
3466 4610 3632 4672 σῖτον,
3674 4605 3773 4659 καὶ
3813 4604 3903 4657 τὸν

638 4697 794 4796 ilicit,
824 4728 1137 4784 fallentibus
1168 4697 1307 4784 forte
1332 4740 1434 4782 suo
1463 4697 1703 4795 tempore
1731 4724 1997 4796 frugibus,
2026 4734 2081 4782 et
2110 4738 2214 4779 ma-

2322 4707 2484 4775 οἷνον,
2514 4708 2610 4762 καὶ
2653 4706 2726 4760 τὰ
2768 4705 2956 4759 ὀθόνια
3028 4702 3185 4773 φησὶ,
3226 4698 3573 4770 ψευδομένων
3606 4697 3747 4765 τάχα
3803 4711 3901 4748 που

643 4825 867 4877 turitate
894 4834 990 4873 eas
1022 4818 1383 4885 destituente,
1412 4824 1472 4871 ut
1498 4815 1553 4871 in
1588 4822 1733 4869 terra
1763 4814 1989 4869 colenda
2019 4814 2230 4869 labores

643 4927 834 4968 manes
868 4910 1038 4965 fuisse
1071 4909 1331 4968 toleratos
1360 4913 1638 4978 appareat.
1668 4905 1822 4972 Quod
1852 4906 1899 4961 si
1927 4906 2051 4976 quis
2082 4904 2233 4958 malit

647 5002 944 5071 intelligere
984 5001 1198 5058 Judatos
1240 4999 1547 5054 frumento-
1591 5006 1647 5052 et
1685 4997 1809 5051 vino
1852 5011 1951 5051 suo
1997 5006 2236 5065 tempore

638 5096 916 5164 privatum
947 5094 1036 5157 iri,
1067 5099 1251 5160 utpote
1282 5090 1514 5161 mystica
1544 5087 1921 5147 benedictione
1947 5085 2226 5155 spoliatos,

650 5188 817 5256 probe
850 5184 1353 5256 intelliget.rLintea
1387 5192 1566 5236 autem
1596 5180 1727 5236 dicit
1756 5193 2048 5249 supernum
2075 5178 2230 5231 anxi-

652 5283 780 5341 lium
804 5318 820 5345 ,
855 5294 961 5348 quo
994 5278 1150 5348 quasi
1186 5284 1476 5345 coopertus
1510 5272 1778 5343 quispiam
1814 5272 2040 5327 decorus
2072 5270 2179 5323 erit
2212 5286 2227 5324 :

654 5381 803 5424 extra
838 5369 890 5433 id
922 5384 1025 5426 non
1050 5367 1160 5435 iam
1192 5366 1350 5421 valde
1376 5365 1609 5429 decens,
1638 5363 1733 5418 sed
1764 5361 2050 5417 admodum
2083 5359 2235 5414 inde—

656 5476 813 5527 cens,
844 5470 901 5516 et
932 5469 1184 5530 tanquam
1216 5457 1392 5517 nudus
1421 5458 1563 5512 inter
1592 5455 1840 5510 homines
1877 5449 2229 5523 permanebit.

656 5552 746 5608 Sic
784 5566 913 5620 ergo
952 5550 1282 5606 ablationem
1324 5549 1645 5615 linteorum,
1681 5562 1749 5602 ne
1786 5551 1967 5615 tegant
2003 5540 2233 5612 ignomi-

657 5645 797 5702 niam
834 5642 981 5713 ejus,
1022 5640 1291 5712 intelligas
1328 5639 1471 5697 Iicet.
1508 5637 1889 5695 Revelaturum
1931 5648 2093 5709 porro
2128 5632 2233 5688 im-

728 5823 774 5862 “
805 5823 946 5883 Psal.
978 5836 1087 5886 ινι,
1126 5820 1182 5877 7.

2316 4798 2467 4855 κατὰ
2488 4796 2712 4869 καιροὺς
2744 4794 2852 4848 τῶν
2891 4791 3143 4863 καρπῶν,
3175 4790 3272 4845 καὶ
3303 4786 3693 4859 ὑστεριζόντων
3719 4785 3902 4846 αὐτοῖς

2326 4885 2435 4940 τῶν
2457 4884 2685 4957 ὼρίμων
2701 4897 2715 4911 ⁸
2742 4880 2817 4945 ὡς
2840 4880 3110 4952 ,ματαίους
3133 4876 3428 4947 ἀνατλῆναι
3451 4876 3548 4929 καὶ
3572 4875 3697 4937 τοὺς
3726 4874 3822 4927 έπί
3844 4888 3902 4941 γε

2329 4978 2397 5048 τῇ
2451 4974 2693 5045 γηπονίᾳ
2741 4971 2955 5034 πόνους.
3000 4970 3064 5021 Εἰ
3093 4968 3150 5021 δὲ
3201 4966 3264 5037 δή
3298 4982 3381 5027 τις
3411 4964 3583 5017 ἕλοιτο
3619 4966 3759 5016 νοεῖν
3826 4964 3904 5017 ὅτι

2337 5065 2485 5118 σίτου
2529 5062 2623 5116 καὶ
2671 5060 2812 5113 οἴνου
2852 5056 3276 5128 στερηθήσονται
3326 5053 3467 5106 κατά
3514 5052 3740 5122 καιροὺς
3781 5052 3908 5104 ἰου-

2335 5155 2494 5217 δαῖοι,
2526 5152 2628 5221 τῆς
2658 5149 2923 5220 μυστικῆς
2953 5146 3202 5215 εὐλογίας
3224 5142 3658 5205 ἐκπεπτωκότες,
3688 5145 3907 5213 συνήσει

2337 5247 2537 5310 καλῶς.
2579 5243 2792 5298 Ὀθόνια
2830 5242 2887 5297 δέ
2918 5258 3050 5311 φησι
3102 5239 3201 5310 τὴν
3234 5238 3395 5291 οἱονεὶ
3439 5234 3786 5307 περιστολὴν,
3819 5234 3910 5287 καὶ

2334 5341 2433 5412 τὴν
2460 5338 2665 5393 ἀνωθεν
2689 5332 3030 5404 ἐπικουρίαν,
3065 5331 3155 5401 ὑφ’
3253 5326 3495 5397 γεγονὼς
3524 5324 3677 5377 ἔσται
3703 5340 3790 5386 τις
3826 5322 3911 5374 εὖ-

2338 5434 2584 5505 σχήμων.
2626 5430 2690 5486 Εἰ
2721 5430 2780 5484 δὲ
2809 5427 2913 5493 ἔξω
2951 5424 3191 5496 φέροιτο,
3219 5418 3551 5493 περικαλλὴς
3580 5416 3680 5488 μὲν
3706 5415 3905 5478 οὐκέτι,

2336 5528 2473 5582 πολὺ
2497 5526 2563 5597 δὴ
2594 5524 2715 5578 λίαν
2747 5522 3031 5593 ἀσχήμων,
3058 5517 3153 5570 καὶ
3185 5512 3347 5568 οἱονεὶ
3378 5509 3584 5582 γυμνὸς
3616 5506 3910 5597 διατελέσει

2337 5619 2479 5677 κατά
2502 5596 2593 5674 τδν
2618 5618 2843 5688 κόσμον.
2872 5607 2998 5667 Ὧδε
3033 5609 3131 5683 μὲν
3155 5602 3248 5689 οῦν
3274 5606 3376 5689 τὴν
3406 5603 3514 5657 τῶν
3541 5599 3767 5657 ὀθονίων
3791 5596 3910 5659 νοή-
