4094 6612
328 447 400 503 73
1253 437 1803 498 COMMENTARIUS
1833 439 1900 496 IN
1939 440 2175 496 OSEAM
2215 440 2652 497 l’ROi’liETAM.
3511 442 3585 497 ἰι

331 580 447 628 σεις
486 562 816 635 ἀφαίρεσιν,
854 557 994 629 ὑπέρ
1025 573 1090 626 τε
1129 556 1223 611 τοῦ
1260 558 1334 629 μὴ
1382 555 1752 612 καλύπτεσθαι
1809 555 1908 627 τήν

2014 558 2363 624 inunditiam,
2393 566 2446 612 et
2474 570 2657 612 coram
2688 562 3020 619 amatoribus
3048 561 3165 633 ejus
3194 564 3462 635 promittit
3516 578 3586 621 eo

329 653 721 725 ἀσχημοσύνην
766 649 960 719 αὐτῆς.
995 647 1396 718 Ἀποκαλύψειν
1429 648 1487 701 δὲ
1512 648 1611 718 τὴν
1663 646 1908 717 ἀκαθαρ-

332 747 455 800 σίαν
486 744 661 815 αὐτῆς
688 742 1082 812 ἐπαγγέλλεται
1104 779 1121 807 ,
1164 742 1261 794 καὶ
1305 739 1415 793 τῶν
1452 739 1700 807 ἐραστῶν
1738 737 1908 809 αὐτῆς

331 838 598 903 ιναντίον,
644 836 786 890 κατά
825 835 1029 889 τοιόνδε
1092 833 1213 889 τινὰ
1270 833 1471 903 τρόπον
1493 871 1507 895 ,
1547 832 1606 885 ὃν
1647 831 1910 902 ἐλέγομεν

330 930 557 999 ἀρτίως,
578 929 661 982 δτι
683 925 1059 999 περιπεσοῦσα
1091 928 1205 988 τοῖς
1239 923 1485 993 σκόλοψι,
1508 924 1777 987 τουτέστι,
1798 925 1910 985 τοῖς

328 1022 395 1074 ἐκ
418 1018 517 1074 τοῦ
546 1017 787 1089 πολέμου
814 1019 1026 1083 κακοῖς,
1058 1017 1154 1070 καὶ
1194 1017 1317 1079 ταῖς
1355 1017 1437 1070 ὅτι
1476 1014 1710 1085 μάλιστα
1740 1030 1911 1068 κατα-

328 1111 589 1182 πλήττειν
620 1108 947 1179 δυναμέναις
978 1108 1304 1178 συμφοραῖς,
1331 1106 1426 1160 και
1445 1105 1628 1159 αὐτῶν
1646 1104 1910 1175 ἀμελήσει

326 1203 440 1257 τῶν
473 1205 532 1256 ὲν
578 1199 845 1269 ὑπολήψει
888 1199 1058 1263 θεῶν,
1099 1199 1199 1251 οὐκ
1236 1199 1295 1251 ὲν
1345 1198 1507 1268 σχολῇ
1559 1198 1911 1269 προσάγουσα

330 1292 527 1355 θυσίας
566 1289 781 1353 αὐτοῖς,
815 1287 939 1343 οὔτε
989 1288 1097 1360 μὴν
1124 1288 1194 1341 τὰ
1228 1287 1432 1357 συνήθη
1464 1286 1704 1358 πληροῦν
1748 1287 1908 1339 δυνα-

333 1386 470 1456 μένη
500 1382 639 1454 πρὸς
668 1381 829 1447 δόξαν
852 1380 1051 1434 αὐτῶν.
1077 1378 1581 1449 Κατακερτομοῦσα
1604 1378 1660 1432 δὲ
1688 1377 1906 1448 μᾶλλον,

325 1476 405 1539 ὡς
431 1474 585 1528 οὐδὲν
606 1471 789 1526 αὐτῶν
816 1471 1119 1526 ἀπόνασθαι
1152 1470 1333 1541 μετὸν,
1357 1471 1450 1524 καὶ
1473 1469 1911 1533 κατονειδίζουσά

329 1585 450 1631 πως
469 1567 531 1620 τὸ
545 1565 737 1620 ἄναλκι
755 1564 1055 1628 παντελῶς,
1083 1583 1103 1615 ι
1126 1563 1482 1634 Ὑποστρέψω
1498 1602 1513 1625 ,
1531 1582 1548 1614 t
1570 1562 1724 1632 φησὶ,
1746 1562 1910 1632 «πρὸς

328 1658 424 1713 τὸν
452 1655 624 1730 ἄνδρα
653 1673 758 1726 μου
786 1656 879 1710 τὸν
918 1656 1203 1728 πρότερον,
1230 1654 1312 1708 δτι
1345 1654 1526 1717 καλῶς
1559 1671 1649 1724 μοι
1671 1649 1741 1723 ἦν
1766 1653 1910 1721 τότε,

325 1749 362 1820 ἢ
393 1748 510 1802 νῦν.
546 1766 565 1799 ι
616 1747 786 1800 Ὅταν
834 1745 1017 1799 τοίνυν
1064 1743 1404 1814 ἀπαμφιέσω
1451 1744 1547 1813 μὲν
1595 1743 1767 1813 αὐτὴν
1813 1742 1912 1813 τῆς

327 1841 461 1909 παρ’
510 1837 672 1909 ἐμοῦ,
696 1836 882 1908 φησιν,
922 1835 1262 1905 ἐπικουρίας,
1286 1833 1661 1906 περιπεσοῦσα
1692 1834 1749 1888 δὲ
1796 1835 1911 1896 τοῖς

2012 649 2171 704 modo
2204 663 2341 731 ’quo
2369 648 2480 719 jam
2516 649 2845 708 dicebamus.
2878 655 3142 722 Qu0niam
3176 671 3299 711 cum
3336 658 3586 713 inciderit

2010 740 2063 794 in
2100 740 2281 810 palos,
2314 741 2416 797 hoc
2450 752 2566 809 est,
2600 742 2652 798 in
2687 742 3025 801 calamitates
3056 746 3212 813 belli,
3245 756 3300 803 et
3334 748 3386 803 in
3421 751 3588 805 dstri-

2012 840 2223 899 menta,
2268 848 2388 903 quae
2433 835 2727 903 percellere
2770 835 3004 892 maxime
3044 848 3301 907 possunt,
3341 850 3396 895 et
3440 843 3588 911 ipsos

2012 936 2151 992 quos
2192 925 2419 992 putabat
2456 923 2692 994 negliget
2729 924 2878 991 deos,
2912 936 3020 979 non
3055 922 3107 980 in
3142 928 3253 980 otio
3283 927 3349 981 iis
3378 928 3589 983 hostias

2011 1013 2327 1081 immolans,
2366 1028 2466 1069 nec
2503 1024 2760 1071 consueta
2802 1016 2870 1069 ad
2911 1015 3148 1086 ipsorum
3186 1015 3408 1085 gloriam
3450 1033 3588 1087 pra:-

2011 1116 2161 1162 stare
2186 1108 2346 1176 potis.
2372 1106 2624 1175 Quinimo
2648 1108 2910 1166 conviciis
2935 1106 3231 1174 insectans,
3259 1116 3317 1162 ut
3346 1108 3585 1174 inutiles,

2010 1208 2064 1253 et
2105 1198 2501 1267 quodammodo
2542 1214 2806 1254 summam
2854 1200 2984 1267 ipsis
3032 1198 3454 1255 imbecillitatem
3493 1217 3590 1256 ex-

2010 1287 2275 1357 probrans
2325 1305 2341 1342 :
2397 1306 2417 1341 ι
2472 1286 2754 1357 Revertar,
2805 1289 3014 1358 inquit,
3066 1290 3132 1345 ad
3177 1291 3352 1344 virum
3408 1307 3587 1347 meum

2010 1372 2281 1449 priorem,
2330 1381 2582 1449 quoniam
2635 1381 2828 1437 melius
2875 1381 3006 1435 mihi
3057 1391 3183 1437 tunc
3228 1392 3376 1449 erat,
3424 1398 3589 1453 quam

2013 1485 2174 1525 nunc.
2215 1489 2233 1522 ι
2272 1469 2500 1536 Quando
2536 1471 2717 1541 igitur,
2752 1471 2959 1540 inquit,
2991 1484 3195 1526 exuero
3231 1472 3401 1541 ipsam
3436 1475 3592 1528 auxi-

2009 1560 2098 1616 liis
2130 1562 2298 1626 meis,
2330 1571 2386 1617 et
2417 1561 2470 1616 in
2506 1561 2644 1618 mala
2678 1562 2988 1628 devenerit,
3020 1562 3390 1634 honoremque
3418 1574 3473 1619 et
3503 1564 3589 1619 di-

2011 1652 2293 1709 lectionem
2346 1667 2535 1708 eorum
2563 1655 2969 1725 contempserit,
2992 1656 3281 1725 animoque
3305 1664 3505 1725 aegroto
3526 1669 3593 1709 ac

2012 1745 2307 1815 pmnitente
2342 1745 2487 1814 ipsos
2520 1744 2824 1812 despuerit,
2857 1755 2987 1801 tunc
3017 1747 3123 1801 illis
3154 1747 3407 1801 indecora
3439 1746 3590 1800 vide-

2014 1833 2179 1886 bitur.
2205 1831 2336 1887 Nam
2365 1835 2541 1903 quoad
2573 1836 2681 1892 illis
2731 1837 2916 1891 suavia
2940 1845 2996 1892 et
3024 1837 3197 1891 amica
3248 1843 3476 1906 spectat,
3500 1851 3591 1889 ca-

322 1906 557 1995 δεινοῖς,
619 1930 714 1982 καὶ
755 1906 857 1997 τῆς
906 1928 987 1990 είς
1045 1926 1242 1989 αὐτοὺς
1294 1926 1541 1998 ἀλογήσῃ
1594 1923 1761 1995 τιμῆς
1821 1924 1915 1978 καὶ

2016 1920 2260 1977 lamitosa
2296 1926 2475 1994 potius
2499 1927 2748 1981 videatur
2773 1941 2993 1983 necesse
3027 1938 3143 1994 est,
3176 1929 3223 1984 si
3258 1943 3432 1998 neque
3466 1944 3588 1982 cum

324 2019 582 2089 ἀγάπης,
614 2017 740 2071 τότε
791 2016 886 2068 καὶ
933 2014 1119 2077 αὐτοῖς
1170 2014 1437 2084 ἀσχήμων
1468 2013 1795 2083 ὀφθήσεται,
1828 2029 1915 2066 σα-

327 2108 445 2182 θρῷ
477 2108 574 2162 καὶ
599 2105 882 2171 κολάζοντι
912 2103 988 2175 νῷ
1015 2104 1362 2159 διαπτύσασα
1382 2105 1479 2159 καὶ
1510 2103 1728 2167 αὐτούς.
1747 2105 1915 2158 Ὅσον

325 2201 437 2272 γὰρ
463 2201 591 2270 ήκει
639 2200 721 2262 είς
764 2198 827 2255 τὸ
869 2198 1097 2263 ἐκείνοις
1142 2197 1244 2266 ήδὺ
1278 2198 1375 2251 καὶ
1428 2194 1623 2265 φίλον,
1660 2194 1911 2267 τληπαθῆ

331 2292 537 2363 μᾶλλςν
568 2289 802 2362 ὁρᾶσθαι
827 2290 962 2361 χρή.
988 2290 1101 2343 Καὶ
1131 2286 1255 2342 οὐδὲ
1282 2288 1342 2341 ὲν
1378 2287 1568 2349 αὐταῖς
1594 2282 1762 2339 οὖσαν
1789 2287 1912 2349 ταῖς

325 2381 587 2453 ὲσχάταις
626 2381 955 2451 συμφοραῖς,
988 2377 1096 2432 τῶν
1139 2377 1325 2441 αὐτοῖς
1358 2376 1657 2431 δοκούντων
1684 2374 1907 2427 ἐπιλαν-

324 2468 608 2523 θάνεσθαι.
635 2466 847 2521 Οὐκοῦν
882 2467 1007 2520 ὅσον
1035 2465 1163 2536 ήκει
1195 2467 1277 2529 εἰς
1306 2465 1367 2518 τὺ
1406 2464 1635 2519 ἐκείνων
1672 2462 1904 2535 θέλημα,

324 2561 426 2615 καὶ
455 2561 591 2632 παρ’
616 2559 804 2623 αὐτοῖς
847 2557 1114 2628 ἀσχήμων
1139 2558 1169 2609 ὁ
1218 2554 1462 2627 Ἰσραήλ,
1488 2554 1584 2619 οὓς
1620 2555 1907 2626 νενόμικεν

2011 2015 2238 2070 summis
2266 2016 2610 2072 conﬂictatur
2640 2019 2903 2085 miseriis,
2934 2033 3121 2075 eorum
3153 2034 3273 2091 quae
3304 2020 3437 2088 ipsis
3470 2020 3590 2089 pla-

2010 2114 2135 2160 cent
2169 2104 2539 2162 obliviscatur.
2572 2109 2727 2176 Quod
2768 2125 2897 2183 ergo
2929 2110 2998 2166 ad
3038 2120 3224 2167 eorum
3259 2109 3587 2165 voluntatem

2010 2194 2225 2259 attinet,
2251 2196 2415 2250 etiam
2443 2197 2583 2265 apud
2614 2198 2761 2268 ipsos
2789 2214 2926 2269 quos
2951 2199 3160 2269 putavit
3186 2198 3318 2254 deos
3348 2212 3469 2255 esse
3496 2198 3591 2252 de-

2010 2284 2199 2342 formis
2226 2296 2311 2342 est
2339 2286 2524 2354 lsrael,
2554 2290 2773 2359 quando
2800 2305 2894 2347 eos
2918 2291 3144 2360 diligere
3174 2290 3432 2347 cessavit.
3462 2282 3589 2345 Exi-

2010 2378 2176 2431 stimo
2225 2391 2386 2445 porro
2437 2379 2541 2435 tale
2575 2381 2848 2452 quidpiam
2881 2382 3081 2437 dixisse
3113 2380 3328 2436 beatum
3367 2380 3535 2434 Eliam
3570 2395 3585 2431 :

2015 2484 2036 2518 ι
2074 2465 2367 2537 Usquequo
2420 2483 2515 2526 vos
2544 2472 2920 2538 claudicabitis
2973 2473 3237 2528 ambobus
3298 2470 3590 2542 p0plitibus

2008 2558 2243 2614 vestris?
2272 2558 2326 2614 Si
2360 2570 2443 2617 est
2472 2561 2731 2619 Dominus
2758 2562 2931 2630 Deus,
2964 2562 3042 2620 ite
3072 2574 3190 2635 post
3215 2576 3338 2618 eum
3369 2579 3385 2630 ;
3418 2564 3462 2618 si
3493 2577 3590 2615 au—

324 2650 470 2707 εἶναι
495 2651 682 2714 θεοὺς,
711 2650 774 2703 ού
815 2652 977 2721 μέχρι
1007 2649 1213 2710 παντὸς
1237 2646 1460 2717 ἀγαπᾷν
1489 2646 1785 2717 ᾑρημένος.
1819 2647 1911 2699 Δο-

2014 2658 2113 2703 iem
2145 2648 2270 2705 Baal
2296 2662 2399 2717 est,
2427 2653 2502 2707 ite
2525 2662 2645 2722 post
2669 2668 2791 2709 eum
2812 2655 2881 2710 ".
2912 2670 2932 2707 ›
2961 2656 3111 2723 Quod
3135 2655 3261 2709 alibi
3284 2654 3400 2708 ait:
3432 2669 3452 2704 ι
3485 2654 3590 2707 Aut

325 2746 415 2799 κεῖ
428 2743 488 2797 δέ
507 2760 597 2813 μοι
615 2742 783 2810 φάναι
812 2758 867 2794 τι
885 2739 1126 2794 τοιοῦτον
1142 2741 1170 2793 ὁ
1190 2738 1458 2810 μακάριος
1486 2738 1670 2802 Ἠλίας
1688 2753 1703 2770 ο
1735 2737 1912 2801 «Ἕως

326 2836 460 2889 πότε
488 2831 649 2904 ὑμεῖς
696 2833 989 2904 χωλανεῖτε
1017 2832 1106 2886 ἐπ’
1139 2831 1485 2902 ἀμφοτέραις
1514 2833 1637 2894 ταῖς
1669 2829 1913 2896 ίγνύαιςς

323 2926 530 2981 Ellam.
560 2923 762 2995 Κύριος
799 2923 1005 2988 ὸΘεδς,
1052 2921 1355 2993 πορεύεσθε
1407 2921 1584 2973 ὀπίσω
1619 2920 1804 2974 αὑτοῦ.
1855 2920 1919 2981 Ei

320 3018 384 3072 δὲ
408 3020 439 3072 ὀ
463 3015 610 3071 Βάαλ
630 3014 810 3079 αὐτὸς,
841 3013 1138 3084 πορεύεσθε
1168 3014 1343 3067 ὀπίσω
1372 3010 1536 3065 αὐτοῦ
1555 3028 1566 3040 ’
1583 3029 1600 3062 ι
1630 3010 1659 3064 δ
1686 3011 1919 3081 ἑτέρωθί

2008 2738 2137 2794 Baal
2163 2739 2311 2806 Baal,
2337 2755 2432 2797 aut
2456 2744 2567 2799 Deo
2597 2744 2727 2799 Deo.
2762 2763 2782 2797 ι
2811 2745 3093 2800 Neminem
3123 2754 3302 2799 autem
3333 2758 3426 2797 eos
3455 2742 3590 2796 libe—

2012 2846 2136 2887 rare
2174 2847 2353 2901 posse,
2387 2836 2477 2904 qui
2517 2836 2684 2893 semel
2728 2838 2780 2892 in
2825 2839 2961 2892 iram
3007 2836 3098 2891 Dei
3143 2834 3455 2900 inciderint,
3493 2852 3592 2890 nec

2016 2924 2255 2993 erigere,
2285 2937 2339 2979 et
2367 2925 2677 2983 instaurare
2703 2941 2860 2998 quem
2892 2927 3033 2985 Deus
3061 2930 3378 3000 projecerit,
3406 2939 3590 2982 osten-

2018 3012 2098 3066 dit
2130 3029 2250 3068 cum
2288 3015 2422 3069 dixit
2451 3034 2467 3071 :
2504 3035 2523 3069 ι
2560 3015 2730 3073 Nemo
2757 3030 2909 3073 eruet
2939 3036 3057 3076 eam
3091 3022 3158 3075 de
3189 3035 3351 3075 manu
3385 3035 3525 3074 mea.
3567 3036 3587 3069 ι

324 3124 522 3185 mam“
564 3128 585 3163 ι
609 3110 678 3163 Ἦ
712 3108 884 3174 Βάαλ,
920 3108 1071 3163 Βάαλ
1119 3107 1153 3178 ἢ
1182 3104 1303 3178 Θεῷ
1338 3104 1458 3176 Θεῷ
1490 3124 1509 3157 ι
1543 3106 1667 3159 Ὅτι
1694 3104 1953 3169 δὲνούδεὶς
1989 3106 2317 3173 ἀπαλλάξειε
2344 3112 2472 3173 τοὺς
2511 3110 2661 3177 ἅπαξ
2706 3113 2810 3167 ὑπὸ
2860 3113 3010 3167 θείαν
3064 3116 3355 3183 γεγονότας
3399 3110 3589 3184 ὀργὴν,

322 3207 437 3261 οὐδ’
458 3205 524 3260 ἀν
554 3201 817 3276 ὀρθώσειέ
839 3215 925 3264 τις
958 3198 1055 3253 τὸν
1084 3197 1522 3270 κατερριμμένον
1578 3192 1733 3266 παρά
1769 3192 1929 3258 Θεοῦ,
2006 3194 2241 3268 δέδειχεν
2284 3196 2457 3253 εἰπὼν
2486 3200 2567 3266 τὸ,
2616 3219 2635 3253 ι
2670 3202 2859 3268 Οὐδεὶς
2923 3202 2983 3256 οὐ
3022 3202 3099 3275 μὴ
3132 3203 3380 3275 ἐξέληται
3423 3201 3594 3271 αὐτὴν

325 3306 395 3360 ne
417 3295 599 3367 χειρός
631 3311 753 3364 μου.
792 3306 815 3344 ι’

400 3387 513 3443 Καὶ
548 3383 915 3453 ἀποστρέψαι
958 3379 1161 3446 πάσας
1212 3379 1319 3445 τὰς
1364 3376 1747 3446 εὐφροσύνας
1796 3376 1903 3429 αὺ-

2075 3376 2179 3450 41
2238 3377 2404 3434 Vens.
2436 3378 2523 3435 il.
2566 3378 2638 3434 Et
2678 3392 2910 3437 avertam
2968 3399 3145 3438 omnes
3214 3383 3428 3440 (milia:
3456 3386 3592 3456 ejus,

325 3480 461 3551 τῆς,
482 3477 692 3547 ἑορτὰς
728 3473 943 3543 αὐτῆς,
977 3472 1076 3529 καὶ
1101 3472 1208 3538 τὰς
1238 3470 1568 3541 νουμηνίας
1590 3466 1913 3535 αὐτῆς,καὶ

327 3573 405 3628 τὰ
439 3570 708 3625 Σάϐϐατα
749 3565 962 3635 αὐτῆς,
996 3564 1095 3619 καί
1135 3563 1339 3630 πάσας
1387 3565 1496 3627 τὰς
1545 3559 1911 3626 πανηγύρεις

328 3662 544 3729 αὐτῆς.

426 3753 529 3808 18'.
568 3750 634 3805 0i
674 3749 785 3820 γάρ
822 3747 961 3811 ὅλως
1000 3746 1115 3810 τοῖς
1145 3732 1290 3798 οὕτω
1338 3741 1594 3812 σκληροῖς
1642 3740 1737 3793 καὶ
1769 3737 1912 3808 ἀφύ-

328 3859 480 3907 κτοις
515 3837 895 3911 ἀνειλημμένα
924 3837 1135 3899 κακοῖς,
1159 3834 1234 3898 ὡς
1270 3833 1367 3887 καὶ
1411 3832 1516 3886 ὑπὸ
1561 3833 1719 3903 χεῖρα
1751 3830 1906 3899 γενέ-

329 3935 458 3990 σθαι
487 3930 846 4003 βαρϐαρικὴν,
870 3930 965 3983 καὶ
992 3927 1053 3980 ὲν
1075 3925 1421 3996 δορυκτήτων
1454 3921 1619 3993 μοίρᾳ
1641 3920 1914 3977 δουλεύειν

327 4022 567 4094 ἐχθροῖς,
591 4020 709 4084 πῶς
740 4018 806 4073 ἀν
845 4015 1197 4088 έορτάσειανς
1228 4014 1301 4068 Ἢ
1333 4014 1485 4066 ποῖον
1512 4012 1579 4066 ἀν
1609 4010 1783 4081 ἔχοιεν
1824 4012 1914 4064 εύ-

329 4111 608 4185 φροσύνης
647 4110 860 4182 καιρὸν,
901 4108 950 4163 oi
980 4108 1101 4171 ταῖς
1139 4105 1280 4159 οὕτω
1323 4103 1599 4175 δριμείαις
1640 4103 1915 4174 κατήχθη-

279 4214 293 4221 ⁸
334 4203 489 4275 μένοι
516 4202 786 4275 φροντίσι,
816 4200 913 4254 καὶ
940 4198 1235 4269 ἀφορήτοις
1265 4194 1463 4257 λύπαις
1496 4193 1911 4265 ὲντετηγμένοις

331 4295 547 4358 Καίτοι,
588 4294 706 4357 πῶς
731 4293 833 4347 οὐκ
856 4292 1079 4363 ἄμεινον
1110 4290 1287 4343 έκεῖνο
1314 4289 1477 4351 νοεῖν,
1508 4284 1584 4350 ὡς
1612 4286 1812 4358 πρέποι
1846 4284 1915 4339 ἀν

334 4386 539 4457 μᾶλλον
580 4387 694 4448 τοῖς
734 4385 816 4446 είς
861 4382 1021 4436 τοῦτο
1055 4377 1426 4451 ταλαιπωρίας
1492 4377 1874 4448 ὲνηνεγμένοις
1896 4416 1911 4441 ,

331 4479 667 4548 ἀνακραγεῖν
691 4474 753 4528 τὸ
773 4474 863 4529 διά
888 4472 988 4543 τῆς
1017 4470 1112 4526 τοῦ
1143 4471 1453 4533 Ψάλλοντος
1476 4468 1647 4540 λύρας
1672 4465 1731 4521 εὖ
1770 4465 1914 4537 μάλα

331 4566 867 4638 παραφωνούμενον“
907 4582 927 4616 t
969 4562 1093 4616 Ἐπὶ
1139 4560 1250 4614 τῶν
1299 4558 1563 4631 ποταμῶν
1596 4554 1915 4619 Βαϐυλῶνος

331 4659 452 4712 εκεῖ
479 4656 833 4727 ὲκαθίσαμεν,
877 4653 973 4708 καὶ
1005 4651 1369 4723 έκλαύσαμεν,
1396 4653 1455 4705 έν
1494 4648 1571 4720 τῷ
1607 4646 1913 4719 μνησθῆναι

2011 3473 2366 3526 solemnitate:
2388 3474 2502 3538 eius
2538 3486 2587 3527 et
2618 3477 2915 3530 neomeuias
2946 3477 3081 3545 ejus,
3100 3485 3146 3530 et
3177 3474 3408 3530 Subbata
3439 3478 3592 3547 ejus,

2010 3570 2060 3615 et
2092 3572 2307 3615 cunctas
2334 3564 2634 3632 festivitates
2658 3562 2795 3632 ejus.
3340 3568 3341 3571 “

2081 3733 2226 3790 XIX.
2276 3734 2378 3802 Qui
2426 3736 2570 3790 enim
2639 3750 2861 3806 prorsus
2932 3740 3067 3795 adeo
3111 3740 3269 3797 saevis
3324 3750 3379 3797 et
3416 3742 3593 3800 inelu-

2012 3826 2299 3882 ctabilibns
2336 3825 2679 3895 circumsepti
2706 3839 2862 3881 erant
2889 3828 3263 3898 incommodis,
3298 3842 3429 3894 utet
3464 3834 3593 3891 bar-

2012 3916 2161 3972 baris
2203 3916 2429 3985 subjecti
2475 3925 2677 3982 essent,
2706 3926 2762 3972 et
2809 3924 2867 3971 ut
2900 3916 3040 3973 bello
3096 3919 3239 3989 capti
3299 3925 3590 3990 servirent,

2014 4008 2284 4078 quomodo
2342 4007 2535 4063 festum
2598 4007 2934 4063 celebrarent
2965 4008 2990 4063 ?
3020 4017 3113 4064 aut
3177 4024 3337 4080 quam
3394 4012 3594 4068 laetitia:

2015 4100 2472 4171 opportunitatem
2510 4096 2805 4167 baberent,
2848 4100 2939 4170 qui
2994 4109 3103 4155 tam
3155 4100 3372 4157 acribus
3444 4105 3590 4160 curis

2016 4193 2370 4257 vexabantur,
2404 4200 2458 4246 et
2490 4190 2837 4246 intolerandis
2883 4191 3290 4262 aegritudinibus
3336 4194 3593 4249 contabe-

2017 4282 2244 4337 scebant
2270 4279 2294 4334 τ
2323 4279 2664 4349 Quanquam.
2717 4294 2816 4335 cur
2853 4295 2958 4334 non
3008 4280 3255 4336 malimus
3286 4281 3357 4336 ita
3399 4283 3593 4339 intelli-

2017 4388 2164 4445 gere,
2201 4370 2458 4429 futurum’
2496 4382 2555 4427 ut
2597 4372 2759 4427 tantis
2786 4372 3042 4426 arumnis
3110 4372 3285 4428 obruti
3337 4390 3439 4430 non
3495 4377 3592 4432 οὓς

2017 4459 2180 4514 surde
2222 4460 2549 4523 exclamem,
2580 4459 2720 4529 quod
2764 4457 2959 4513 Psaltae
2988 4459 3102 4529 lyra
3121 4461 3405 4518 verissime
3460 4464 3591 4533 ipsis

2016 4552 2271 4605 accinuit.
2305 4568 2324 4602 ι
2356 4549 2532 4618 Super
2552 4549 2771 4605 lluntina
2803 4549 3091 4620 Babylonis
3120 4550 3227 4606 illic
3252 4553 3511 4617 sedimus,
3538 4562 3609 4607 et,

2018 4639 2295 4707 llevimns,
2334 4642 2459 4696 dum
2504 4643 2916 4697 recordaremnr
2952 4640 3049 4709 tui,
3077 4638 3207 4696 Sion
3230 4637 3308 4692 ⁸⁸2
3335 4655 3353 4691 ι
3380 4639 3591 4697 Etlicet

330 4750 485 4819 ἡμᾶς
541 4748 640 4818 τῆς
690 4746 864 4813 Σιών;
901 4764 920 4798 ι
978 4742 1419 4813 Ἀνεπιτήδευτον
1447 4740 1504 4795 δὲ
1536 4738 1814 4802 παντελῶς
1855 4736 1915 4791 τὸ

2024 4730 2174 4786 festis
2221 4730 2507 4785 actitandis
2556 4730 2752 4785 nullam
2808 4732 3024 4800 penitus
3072 4747 3292 4804 operam
3355 4732 3588 4799 darent,

334 4838 615 4908 ἑορτάζειν
644 4836 881 4906 ἔχοντες,
906 4832 1062 4888 οὐδὲν
1090 4828 1252 4905 ἧττόν
1281 4846 1444 4900 φασι·
1481 4849 1499 4882 t
1529 4821 1655 4892 Πῶς
1694 4826 1917 4900 ᾇσωμεν

333 4928 438 4998 τὴν
461 4927 601 4999 ᾠδὴν
631 4925 834 4997 Κυρίου
858 4924 951 4978 ἐπὶ
975 4923 1079 4993 γῆς
1107 4920 1388 4992 ἀλλοτρίας
1403 4938 1418 4986 ;
1433 4938 1450 4971 ι
1488 4920 1603 4974 Ούκ
1626 4917 1912 4987 ἐφιέντων,

334 5017 493 5090 οἶμαί
525 5036 653 5082 που,
682 5018 790 5071 τῶν
814 5014 1168 5071 Βαϐυλωνίων
1189 5012 1287 5077 τὰς
1315 5011 1709 5082 νενομισμένας
1738 5006 1922 5071 αὐτοῖς

335 5111 615 5184 λατρείας,
644 5110 739 5163 καὶ
762 5108 832 5162 τά
858 5108 996 5162 οῐκοι
1029 5106 1159 5176 φίλα
1190 5122 1251 5158 τε
1297 5103 1393 5158 καὶ
1421 5102 1499 5166 ὡς
1536 5104 1593 5156 έν
1630 5100 1742 5156 εθει
1784 5099 1921 5172 πλιη⁹

340 5197 491 5271 ροῦν.
518 5196 661 5251 Ἀλλ’
686 5196 816 5259 ἴσως
834 5196 1015 5249 έκεῖνο
1033 5196 1151 5266 έρεῖ
1170 5209 1257 5257 τις
1273 5208 1289 5225 °
1313 5192 1376 5247 Ei
1400 5190 1536 5264 πρὸς
1556 5189 1617 5246 τὺ
1640 5188 1923 5261 λατρεύειν

337 5287 581 5351 εἰδώλοις
615 5284 977 5342 ἀπονένευκεν
1007 5288 1037 5341 ὁ
1072 5282 1308 5356 Ἰσραὴλ,
1341 5280 1459 5345 πῶς
1490 5280 1558 5335 ἂν
1595 5279 1670 5352 μὴ
1703 5279 1797 5334 καὶ
1823 5278 1923 5333 αύ-

338 5380 451 5434 τῶν
493 5377 639 5431 κατά
667 5377 832 5448 νόμον
874 5376 1098 5449 ἑορτῶν,
1131 5372 1427 5429 Σαδδάτων
1472 5388 1533 5424 τε
1575 5371 1668 5424 καὶ
1718 5385 1922 5440 νουμη-

339 5469 504 5536 νιῶνς
534 5467 680 5538 Πρὸς
709 5467 774 5538 δή
806 5467 964 5521 τοῦτο
996 5465 1196 5537 φαμεν,
1221 5465 1305 5517 ὅτι
1333 5461 1674 5535 παρώλισθον
1700 5460 1800 5532 μὲν
1823 5457 1921 5531 τῆς

340 5562 423 5621 είς
445 5557 577 5612 Θεὸν
611 5556 852 5628 ἀγάπης,
903 5558 998 5612 καὶ
1031 5554 1507 5627 προσκεκυνήκασι
1539 5550 1619 5621 τῷ
1645 5550 1792 5606 Βάαλ
1824 5548 1920 5604 καὶ

337 5647 465 5709 ταῖς
500 5644 767 5715 δαμάλεσι
823 5647 943 5711 ταῖς
984 5644 1246 5716 χρυσαῖς,
1289 5642 1350 5696 οὐ
1387 5639 1495 5713 μὴν
1540 5639 1772 5694 είσάπαν
1815 5638 1921 5693 ἀπ·-

415 5826 464 5862 ³⁴¹
497 5824 563 5881 lll
596 5825 726 5894 Reg.
756 5836 915 5888 xvm,
940 5823 1032 5879 2i.
1092 5818 1138 5853 “
1168 5816 1311 5876 νοοῖ.
1340 5830 1560 5875 cxxxvt.
1586 5815 1637 5870 l.
1715 5813 1761 5849 "
1794 5815 1925 5872 ibid.
1956 5814 2010 5869 ι.

672 5917 942 5979 Parnm.
989 5916 1107 5975 Gn.
1158 5910 1372 5973 LXXI.

2022 4821 2136 4890 lege
2169 4821 2406 4876 sancitas
2441 4821 2493 4875 in
2524 4822 2704 4877 divino
2748 4822 2893 4876 cuitu
2957 4823 3329 4887 caerimonias,
3372 4834 3426 4878 et
3468 4840 3587 4893 qua:

2019 4911 2163 4967 domi
2199 4920 2351 4983 grata
2384 4921 2439 4967 et
2486 4912 2683 4967 usitata
2728 4914 2994 4978 obibant,
3021 4913 3347 4984 Babyloniis,
3400 4917 3585 4983 credo,

2023 5017 2127 5058 non
2155 5004 2590 5071 permittentibus
2635 5019 2650 5056 :
2688 5002 3036 5058 nihilominus
3053 5002 3585 5071 aiunt”:tQuomo-

2024 5100 2092 5153 do
2123 5098 2461 5152 cantabimus
2491 5098 2755 5153 canticum
2786 5098 2995 5155 Domini
3054 5100 3106 5155 in
3149 5110 3291 5155 terra
3324 5101 3538 5156 aliena?
3564 5120 3583 5155 ι

2025 5183 2132 5240 Sed
2203 5185 2428 5240 forsitan
2499 5186 2721 5255 objiciet
2789 5188 3055 5259 quispiam
3087 5206 3102 5245 :
3140 5188 3197 5245 Si
3243 5191 3309 5246 ad
3364 5191 3586 5247 colenda

2024 5274 2165 5331 idola
2202 5276 2487 5333 declinavit
2517 5277 2701 5345 lsrael,
2727 5282 2997 5348 quomodo
3019 5295 3123 5335 non
3155 5282 3319 5336 etiam
3361 5282 3430 5338 ab
3455 5280 3588 5351 ipsis

2024 5364 2177 5422 festis
2243 5366 2360 5435 lege
2394 5367 2679 5436 institutis,
2731 5379 2787 5426 et
2829 5370 3104 5437 Sabbatis,
3137 5381 3193 5427 et
3252 5368 3589 5428 neomeniis?

2021 5456 2453 5530 Respondemus,
2490 5460 2797 5531 prolapsum
2847 5463 3062 5531 quidem
3119 5479 3240 5520 esse
3268 5478 3299 5519 α
3327 5465 3591 5519 charitale

2022 5550 2078 5606 in
2113 5550 2372 5616 Deum,et
2412 5552 2672 5608 adorasse
2701 5551 2827 5607 Baal
2862 5562 2919 5608 et
2951 5554 3146 5612 vitulos
3178 5569 3377 5610 aureos
3418 5571 3432 5607 :
3485 5566 3589 5608 non

2020 5650 2198 5698 tamen
2227 5641 2407 5698 omnia
2451 5648 2549 5714 per
2595 5641 2811 5716 Moysen
2853 5646 3058 5702 sancita
3111 5645 3437 5716 repudiasse.
3479 5642 3591 5699 lmo

3148 5907 3186 5965 3
