4094 6568
617 374 690 431 75
1602 372 1674 427 .S.
1706 370 1994 428 CYRILLI
2034 371 2501 429 ALEXANDRINI
2542 372 2863 430 AilCHlEP.
3801 373 3874 431 76

615 497 1037 565 perseverabant
1058 493 1335 550 ambobus
1364 492 1663 565 poplitibus
1700 494 2071 549 claudicantes
2105 495 2186 548 in-

2298 494 2503 549 ώσαντο
2524 494 2699 563 τάίδιά
2718 494 2978 558 Μωσέως.
2999 493 3277 549 Διετέλουν
3304 493 3361 548 δὲ
3386 492 3585 565 μᾶλλον
3610 491 3870 565 ἔπ’ἀμφω

615 585 829 651 cedere,
860 583 1012 654 juxta
1036 586 1311 656 prophetae
1340 599 1527 641 vocem
1554 584 1623 651 ⁸⁸,
1651 593 1711 638 ut
1742 598 1919 653 neque
1947 583 2075 638 Baal
2102 586 2191 637 ab-

614 675 813 742 solute,
848 690 1022 744 neque
1059 676 1224 731 Deum
1273 675 1650 731 universorum
1686 690 1836 745 pure
1863 688 1928 732 ac
1967 675 2193 730 sincere

617 766 814 821 vellem
850 767 1101 823 adorare.
1138 766 1501 833 Quamobrem
1548 774 1607 822 et
1664 765 1826 832 festa,
1850 773 1909 821 et
1958 765 2191 822 celebri-

618 867 777 924 tates,
805 866 860 912 et
915 857 1153 925 laetitias,
1182 868 1239 914 et
1282 856 1520 913 Sahhata
1574 856 2029 924 amiseruntmec
2072 857 2192 911 Deo

614 950 867 1022 permissi
895 950 1134 1021 legitima
1164 950 1494 1019 persolvere,
1521 964 1697 1022 neque
1719 948 1854 1005 Baal
1897 963 2036 1020 quos
2060 950 2193 1005 sole-

614 1043 746 1097 bant
775 1041 942 1098 festos
966 1050 1266 1098 conventus
1300 1051 1542 1113 agentes.

568 1207 575 1213 ’
688 1222 871 1276 Potest
899 1221 1002 1276 hoc
1035 1232 1087 1276 et
1128 1218 1313 1287 aliam,
1342 1232 1572 1290 eamque
1627 1232 1837 1285 veram,
1870 1226 1925 1272 et
1975 1215 2192 1287 aptissi-

618 1329 758 1367 mam
792 1314 992 1368 habere
1012 1312 1363 1366 sententiam.
1402 1309 1738 1365 Recedentes
1768 1322 1799 1361 a
1827 1307 1958 1374 Deo,
1994 1316 2050 1362 et
2072 1306 2194 1360 cha-

618 1406 832 1459 ritatem
881 1405 997 1475 ejus
1043 1412 1385 1473 aspernatos,
1416 1414 1640 1456 necesse
1676 1407 1761 1454 est
1781 1397 1983 1453 tristari
2035 1406 2090 1452 et
2126 1397 2194 1449 ab

616 1490 773 1551 omni
806 1496 1079 1551 hilaritate
1112 1494 1381 1565 refugere.
1414 1510 1434 1543 ι
1461 1491 1575 1548 Non
1622 1490 1769 1547 enim
1814 1498 1898 1546 est
1940 1489 2191 1558 gaudium

618 1588 822 1659 impiis,
846 1588 978 1643 dicit
1030 1587 1287 1642 Dominus
1311 1586 1378 1653 ³³,
1418 1604 1437 1639 ο
1474 1585 1668 1655 quibus
1693 1583 1894 1638 vermis
1920 1581 2195 1650 sempiter-

618 1696 719 1735 nus
764 1688 1072 1737 reservatur
1098 1679 1163 1733 δ’.
1190 1678 1355 1734 Bonis
1400 1687 1582 1732 autem
1608 1684 1663 1731 et
1723 1676 1868 1745 pium
1930 1687 1996 1728 ac
2028 1671 2193 1727 divini

621 1769 829 1823 timoris
866 1769 1082 1839 plenum
1129 1784 1351 1839 sc0pum
1402 1767 1722 1823 habentibus
1758 1765 2014 1820 decorum
2082 1761 2195 1816 fue-

2293 586 2598 655 βαίνοντες,
2645 588 2739 640 καὶ
2772 586 3091 652 σκάζοντες,
3138 585 3281 640 κατά
3324 586 3426 657 τὴν
3465 585 3561 639 τοῦ
3593 588 3871 655 προφήτου

2292 677 2497 749 φωνὴν,
2536 677 2612 740 ὼς
2652 678 2790 748 μήτε
2820 676 2901 748 τῷ
2934 677 3081 732 Βάαλ
3107 676 3441 748 όλοτρόπως,
3480 676 3619 747 μήτε
3657 676 3762 747 μὴν
3793 675 3873 746 τῷ

2290 768 2401 820 τῶν
2431 769 2568 822 ὅλων
2594 768 2712 839 Θεῷ
2756 768 3007 839 καθαρῶς
3040 768 3255 822 ἑλέσθαι
3286 770 3637 839 προσκυνεῖν.
3662 766 3877 820 Οὐκοῦν

2290 861 2645 914 ἐκπέπτωκεν
2670 860 2872 931 ἑορτῶν
2905 877 2965 913 τε
3004 860 3101 914 καὶ
3124 859 3506 930 πανηγύρεων,
3548 859 3648 913 καὶ
3676 860 3877 927 εὐφρο-

2294 945 2490 1011 συνῶν,
2524 947 2620 1000 καὶ
2650 948 2963 1014 Σαϐϐάτων,
2991 947 3113 1002 οὕτε
3140 948 3260 1019 Θεῷ
3279 946 3522 1018 πληροῦν
3550 948 3622 1000 τά
3646 948 3705 1000 έν
3726 946 3875 1016 νόμῳ

2293 1038 2763 1109 συγχωρούμενος,
2823 1039 2947 1093 οὔτε
2979 1040 3087 1110 μὴν
3114 1039 3192 1111 τῷ
3221 1040 3369 1096 Βάαλ
3398 1039 3498 1103 τάς
3536 1040 3597 1093 ὲν
3622 1038 3734 1092 ἔθει
3770 1056 3876 1093 πα-

2288 1129 2549 1199 νηγύρεις
2584 1130 2868 1186 ἐπιτελῶν.

2374 1219 2595 1290 ’Δληθὲς
2632 1221 2689 1274 δὲ
2723 1222 2817 1275 καὶ
2849 1222 3051 1293 ἑτέρως
3083 1222 3168 1292 εἴη
3199 1223 3287 1285 ἂν,
3316 1220 3413 1275 καὶ
3451 1218 3595 1291 μάλα
3623 1219 3871 1283 εἰκότως.

2293 1308 2417 1361 Ὀτι
2463 1310 2587 1373 τοὺς
2631 1310 3039 1379 ἀποφοιτῶντας
3088 1309 3255 1375 Θεοῦ,
3306 1310 3398 1363 καὶ
3440 1309 3543 1379 τῆς
3581 1310 3661 1373 εἰς
3714 1311 3877 1363 αὑτὸν

2292 1399 2510 1470 ἀγάπης
2541 1400 3005 1471 ὀλιγωρήσαντας,
3049 1400 3512 1469 καταστυγνάξειν
3551 1402 3875 1469 ἀναγκαῖον,

2294 1493 2390 1545 καὶ
2420 1492 2620 1556 παντὸς
2657 1493 2764 1557 ἔξω
2790 1492 3053 1547 διατελεῖν
3081 1491 3175 1545 τοῦ
3206 1492 3622 1562 κατευφραίνειν
3649 1493 3873 1557 εἰδότος.

2299 1600 2318 1635 t
2352 1583 2427 1635 υύ
2464 1582 2573 1655 γάρ
2602 1582 2719 1636 ἐστι
2750 1584 2962 1654 χαίρειν
2987 1587 3100 1647 τοῖς
3131 1583 3375 1646 ἀσεϐέσι,
3405 1582 3552 1651 λέγει
3586 1582 3823 1653 Κύριος·
3852 1602 3871 1635 ι

2294 1666 2375 1737 οἷς
2403 1674 2432 1726 6
2459 1673 2675 1744 σκώληξ
2714 1675 2794 1738 είς
2821 1673 2994 1729 αῑῶνα
3027 1676 3345 1746 τετήρηται.
3374 1674 3499 1737 Τοῖς
3528 1690 3592 1743 γε
3622 1675 3727 1745 μὴν
3757 1676 3877 1727 ὲπι-

2299 1765 2494 1828 εικέσι,
2527 1765 2623 1819 καὶ
2653 1765 2852 1837 εὐσεϐῆ
2901 1765 2996 1819 καὶ
3025 1765 3274 1836 τιμόθεον
3307 1766 3490 1836 έχουσι
3522 1765 3615 1818 τὸν
3651 1766 3875 1827 σκοπὸν,

621 1861 693 1915 rit
754 1871 808 1915 et
839 1862 1053 1925 merito,
1094 1861 1265 1915 lmtari
1297 1875 1460 1929 super
1506 1859 1756 1913 omnibus
1786 1856 1943 1911 bonis
1973 1869 1987 1906 :
2013 1872 2031 1905 ι
2058 1855 2190 1908 laeti-

2298 1854 2493 1924 πρέποι
2538 1856 2605 1909 ἂν
2650 1855 2876 1919 είκότως
2917 1856 3013 1911 καὶ
3056 1855 3118 1908 τό
3162 1858 3246 1925 ἐφ’
3276 1856 3449 1909 ἅπασι
3494 1857 3610 1919 τοῖς
3652 1854 3880 1923 ἀγαθοῖς

620 1954 693 2005 tia
724 1951 866 2005 enim
901 1952 1227 2020 sempiterna
1274 1965 1437 2019 super
1465 1955 1629 2018 caput
1676 1960 1888 2010 eorum,
1923 1962 1942 1996 ι
1995 1958 2190 1998 secun-

620 2043 746 2097 dum
796 2041 1133 2111 Scripturam
1160 2058 1176 2107 ;
1224 2040 1537 2109 aufugitque
1574 2037 1641 2092 ab
1666 2037 1747 2091 eis
1775 2034 1949 2100 dolor,
1978 2032 2195 2089 tristitia

619 2144 673 2189 et
703 2134 933 2204 gemitus
962 2133 1026 2186 ³³.
1050 2132 1254 2199 Quibus
1280 2142 1334 2185 et
1371 2130 1572 2185 Paulus
1622 2128 1840 2183 scribit:
1878 2144 1897 2179 ι
1953 2125 2197 2182 Gaudete

619 2228 673 2280 in
719 2226 948 2281 Domino
1004 2239 1252 2295 semper;
1308 2224 1503 2279 iterum
1556 2222 1676 2276 dico
1729 2221 1975 2290 gaudete.
2026 2217 2197 2272 Mode

617 2318 721 2371 stia
759 2330 935 2371 veStra
969 2324 1091 2371 nota
1126 2316 1197 2371 sit
1216 2315 1464 2371 omnibus
1491 2311 1804 2367 hominibus
1825 2310 1895 2367 ".
1923 2327 1943 2362 ι
1974 2307 2082 2381 42
2106 2307 2195 2361 Et-

618 2410 763 2463 enim
812 2417 868 2464 ut
906 2407 1229 2478 supplicium
1284 2405 1580 2461 sceleratos
1636 2400 1858 2457 omnino
1901 2403 2147 2470 sequitur
2177 2440 2193 2463 ,

618 2502 693 2554 ita
747 2507 802 2554 et
859 2514 1092 2568 superna
1153 2497 1427 2567 opulentia
1490 2502 1748 2563 sequetur
1784 2506 1915 2557 eos,
1966 2505 2193 2561 quorum

617 2590 953 2660 propositum
996 2588 1162 2643 fuerit
1211 2588 1379 2643 vitam
1418 2585 1620 2641 virtute
1663 2582 2015 2653 conspicuam
2081 2580 2198 2636 exi-

624 2697 775 2751 gere.

694 2769 858 2824 νεεδ.
889 2769 975 2824 12.
1007 2767 1075 2822 Et
1109 2767 1411 2837 disperdam
1436 2765 1642 2819 vineam
1674 2766 1809 2833 ejus,
1838 2768 1888 2815 et
1918 2758 2052 2829 ficus
2084 2758 2196 2828 ejus

620 2864 684 2917 de
739 2861 1129 2933 quibuscuuque
1194 2858 1350 2925 dixit,
1405 2854 1828 2910 Mercedesmea:
1889 2860 2009 2905 sunt
2060 2850 2196 2911 istae,

594 2972 751 3025 ,quas
799 2953 1055 3007 dederunt
1087 2953 1215 3006 mihi
1245 2959 1506 3005 amatores
1537 2948 1656 3001 mei.
1697 2946 1766 3001 Et
1812 2960 2003 3015 ponam
2031 2960 2092 2998 ea
2141 2944 2197 2995 in

621 3045 997 3109 testimonium,
1024 3053 1069 3097 et
1102 3041 1373 3097 comedent
1406 3055 1467 3095 ea
1497 3036 1727 3093 volucres
1756 3036 1895 3100 caeli,
1926 3043 1975 3090 et
2020 3033 2196 3087 bestia:

620 3138 758 3209 agri,
788 3147 837 3192 et
869 3136 1075 3207 reptilia
1127 3145 1302 3189 term.

696 3313 735 3368 X
750 3312 935 3369 Χ.ιίοο
958 3327 1168 3368 rursum
1185 3311 1304 3366 aliis
1322 3309 1503 3366 verbis
1519 3308 1622 3363 dici
1635 3296 1830 3378 potest,
1851 3318 2041 3373 nempe
2057 3302 2159 3358 illis
2183 3320 2196 3356 :

626 3423 647 3457 ι
677 3404 932 3459 Auferam
984 3402 1314 3457 frumentum
1365 3414 1543 3455 meum
1611 3408 1856 3467 tempore
1896 3410 2018 3459 suo,
2040 3404 2095 3450 et
2123 3399 2201 3448 vi-

596 3496 748 3550 'num
806 3510 985 3549 meum
1034 3507 1278 3562 tempore
1309 3506 1429 3546 suo.
1464 3508 1483 3543 ι
1520 3489 1808 3559 Postquam
1847 3488 1990 3542 enim
2033 3483 2201 3541 Israel

619 3585 892 3640 fructuum
926 3582 1136 3651 copiam
1186 3580 1521 3650 temporibus
1566 3580 1681 3634 suis
1708 3579 2059 3633 exsistentem
2091 3580 2199 3630 dae-

620 3688 840 3729 monum
886 3670 1077 3725 virtuti
1135 3667 1586 3726 etheneficentiae
1630 3666 2203 3734 ascrihens,insipieu-

513 3770 518 3777 '
623 3764 834 3819 tissime
865 3762 1021 3833 ipsis,
1052 3776 1158 3816 non
1205 3760 1313 3815 Deo
1339 3760 1519 3827 potius
1572 3768 1785 3829 gratum
1833 3773 1893 3813 se
1929 3758 2199 3824 ostendit;

622 3852 844 3918 idcirco,
908 3852 1100 3922 inquit,
1159 3852 1468 3923 disperdam
1519 3859 1576 3905 et
1616 3864 1958 3919 corrumpam
1987 3863 2071 3918 ea,
2112 3865 2205 3919 per

620 3961 741 4015 quae
782 3943 942 3999 male
979 3943 1205 4004 seducta
1262 3950 1381 4009 est,
1429 3941 1615 3996 dicens
1658 3954 1719 3996 se
1774 3938 2022 3995 mercede
2075 3954 2202 3995 cou-

621 4039 840 4092 ductam
865 4036 934 4091 ah
975 4034 1313 4090 amatoribus
1366 4033 1501 4089 suis.
1542 4030 1612 4086 Et
1664 4040 1912 4095 venuste,
1949 4040 2202 4100 tanquam

626 4129 693 4182 de
740 4127 967 4182 muliere
1021 4125 1307 4180 libidinosa
1370 4132 1670 4192 conceptus
1720 4132 1803 4177 est
1854 4136 2055 4177 sermo.
2102 4120 2207 4173 Rc-

626 4233 752 4273 vera
801 4218 944 4272 enim
976 4213 1323 4271 existimabat
1372 4214 1559 4280 Israel,
1605 4213 2049 4285 tempestivorum
2098 4209 2206 4264 fru-

622 4320 811 4365 ctuum
842 4308 1166 4373 ubertatem,
1196 4314 1250 4361 et
1279 4314 1439 4361 terra:
1460 4304 1801 4360 fertilitatem
1831 4317 1934 4372 qua
1963 4301 2206 4371 potieba-

2295 1945 2785 2016 κατευφραίνεσθαι
2808 1946 2944 2001 δεῖν·
2968 1966 2987 2001 ι
3019 1946 3339 2019 Εὑφροσύνη
3369 1946 3477 2018 γὰρ
3495 1946 3711 2009 αἰώνιος
3734 1945 3877 2016 ὑπὲρ

2294 2036 2533 2107 κεφαλῆς
2548 2036 2750 2105 αὐτῶν,
2775 2057 2795 2090 ι
2830 2038 2974 2093 κατά
2997 2039 3058 2091 τὸ
3084 2037 3487 2109 γεγραμμένον.
3524 2057 3543 2089 ι
3566 2037 3804 2109 ’Λπέδρα
3820 2053 3879 2089 τε

2292 2127 2473 2199 ὀδύνη,
2502 2129 2594 2183 καὶ
2609 2128 2775 2199 λύπη,
2793 2130 2888 2184 καὶ
2912 2129 3267 2199 στεναγμός.»
3306 2123 3399 2191 Οἷς
3427 2127 3522 2180 καὶ
3540 2130 3568 2180 6
3595 2127 3881 2190 θεσπέσιος

2293 2218 2504 2283 Παῦλος
2536 2219 2841 2274 ἐπιστέλλει
2878 2220 3049 2289 λέγων
3071 2236 3085 2251 ·
3124 2219 3391 2289 «Χαίρετε
3423 2219 3482 2271 ὲν
3515 2218 3707 2288 Κυρίῳ
3743 2217 3883 2271 πάν-

2294 2327 2415 2364 τοτε
2437 2326 2452 2340 ·
2503 2311 2666 2365 πάλιν
2708 2312 2819 2383 ἐρῶ
2841 2350 2854 2373 ,
2882 2313 3121 2383 χαίρετε.
3173 2311 3246 2363 Τὸ
3271 2309 3511 2373 ἐπιεικὲς
3552 2310 3707 2380 ὑμῶν
3737 2326 3881 2379 γνω-

2297 2398 2478 2469 σθήτω
2537 2403 2701 2454 πᾶσιν
2752 2401 3112 2470 ἀνθρώποις.»
3141 2402 3376 2471 Ἕψεται
3398 2402 3508 2473 γὰρ
3550 2401 3742 2481 ὥσπερ
3764 2405 3882 2466 τοῖς

2295 2488 2592 2559 ἁλιτηρίοις
2622 2491 2683 2544 τὸ
2713 2490 3034 2556 κολάζεσθαι
3065 2492 3197 2557 δεῖν,
3222 2491 3365 2546 οὕτω
3400 2493 3495 2545 καὶ
3528 2496 3640 2557 τοῖς
3674 2493 3883 2548 ἄνωθεν

2296 2583 2689 2637 καταπλουτεῖν
2715 2583 2964 2652 ἀγαθοῖς,
2990 2578 3073 2647 οἷς
3102 2582 3170 2637 ἂν
3201 2582 3411 2651 γένοιτο
3444 2584 3645 2650 σκοπὸς
3675 2586 3736 2639 τὸ
3765 2586 3883 2639 δια-

2297 2670 2489 2724 ϐιῶναι
2532 2670 2820 2743 λαμπρῶς.

2365 2760 2477 2813 Καὶ
2529 2760 2760 2828 ἀφανιῶ
2812 2760 3088 2830 ἄμπελον
3129 2760 3355 2831 αὐτῆς,
3398 2760 3499 2817 καί
3539 2761 3649 2827 τὰς
3682 2761 3881 2829 συκᾶς

2295 2850 2488 2919 αὐτῆς
2529 2851 2647 2905 ὅσα
2678 2848 2841 2906 εἷπε·
2886 2853 3251 2923 Μισθώματά
3272 2871 3392 2923 μου
3448 2854 3636 2909 ταῦτά
3686 2848 3877 2914 ἐστιν.

2294 2939 2334 2995 ἀ
2365 2941 2595 2996 ἔδωκάν
2617 2960 2719 3012 μοι
2747 2946 2800 2998 ot
2833 2943 3081 3013 ἐρασταί
3121 2962 3269 3013 μου,
3300 2944 3401 2999 καί
3432 2944 3693 3014 θήσομαι
3730 2945 3883 3000 αὑτά

2295 3036 2383 3100 είς
2424 3036 2767 3103 μαρτύριον,
2799 3035 2897 3090 καί
2933 3039 3333 3106 καταφάγεται
3366 3036 3519 3091 αὐτά
3552 3037 3730 3106 θηρία
3776 3037 3881 3094 τοῦ

2298 3126 2505 3196 ἀγροῦ,
2555 3126 2655 3181 καί
2688 3128 2761 3181 τὰ
2796 3128 3039 3183 πετεινὰ
3069 3128 3176 3183 τοῦ
3211 3129 3504 3198 οὐρανοῦ,
3541 3130 3644 3185 καί
3690 3131 3768 3187 τὰ
3792 3132 3884 3200 ἐρ-

2302 3219 2455 3273 πετὰ
2482 3219 2592 3288 τῆς
2632 3220 2765 3291 γῆς.

2374 3311 2457 3365 κ’.
2482 3311 2653 3365 Τοῦτο
2674 3311 2738 3383 δὴ
2762 3314 2925 3368 πάλιν
2967 3313 3170 3385 ἑτέρως
3193 3312 3341 3367 ἔστιν
3368 3314 3563 3379 εἰπεῖν,
3593 3313 3676 3378 τὸ,
3705 3332 3725 3367 ι
3760 3314 3886 3385 Ἀφο-

2300 3400 2531 3471 ελοῢμαι
2556 3403 2646 3457 τὸν
2670 3404 2813 3457 σῖτόν
2842 3422 2942 3474 μου
2974 3404 3097 3459 καθ’
3125 3404 3273 3475 ὥραν
3299 3402 3486 3469 αὑτοῦ,
3505 3404 3601 3458 καὶ
3622 3405 3714 3459 τὸν
3743 3401 3884 3460 οἶνόν

2298 3508 2408 3561 ¹μου
2453 3493 2509 3545 ὲν
2548 3493 2725 3565 καιρῷ
2752 3493 2938 3548 αὑτοῦ.
2967 3514 2986 3548 ι
3028 3496 3246 3565 Ἐπειδὴ
3280 3495 3391 3566 γὰρ
3436 3494 3535 3559 τὰς
3576 3495 3688 3548 τῶν
3723 3495 3883 3565 ὡρῶν

2304 3577 2609 3648 εὐκαρπίας
2634 3584 2755 3644 ταῖς
2790 3582 2898 3636 τῶν
2922 3583 3210 3653 δαιμονίων
3238 3583 3503 3653 δυνάμεσι
3558 3585 3652 3638 καὶ
3684 3584 3885 3654 φιλοτι-

2306 3666 2458 3737 μίαις
2502 3669 2823 3739 προσνέμων
2869 3673 2897 3724 ό
2934 3672 3184 3743 Ἰσραὴλ,
3221 3674 3317 3726 καὶ
3350 3672 3687 3727 ἀϐουλότατα
3717 3675 3881 3747 δρῶν,

2304 3755 2489 3819 αὐτοῖς
2513 3757 2746 3811 ἀνετίθει
2777 3759 2845 3812 τά
2865 3762 3212 3832 χαριστήρια,
3244 3760 3340 3813 καὶ
3368 3761 3491 3831 οὐχὶ
3518 3761 3718 3831 μᾶλλον
3743 3762 3882 3832 Θεῷ,

2303 3845 2579 3917 ταύτῃτοι,
2614 3848 2798 3919 φησὶν,
2828 3849 2903 3915 ὡς
2936 3852 3147 3921 ἀφανιῶ
3182 3853 3278 3905 καλ⁸
3322 3854 3653 3923 καταφθερῶ
3712 3854 3785 3908 τὰ
3817 3856 3883 3909 δι’

2303 3929 2377 3988 ὧν
2424 3938 2603 4009 ἐκείνη
2649 3939 2907 4009 χειρόνως
2950 3942 3326 4012 πεπλάνηται,
3379 3942 3883 4013 μεμισθαρνηκέναι

2304 4026 2543 4093 λέγουσα
2578 4028 2728 4097 παρά
2774 4028 2884 4082 τῶν
2927 4029 3073 4082 ίδίων
3120 4028 3388 4098 ἐραστῶν.
3436 4029 3547 4081 Καὶ
3594 4028 3884 4100 πεποίηται

2309 4114 2406 4184 μὲν
2437 4116 2667 4177 ἀστείως
2693 4116 2768 4179 ὡς
2802 4118 2895 4170 ἐπὶ
2927 4117 3221 4189 μαχλάωης
3247 4118 3504 4187 γυναικὸς
3531 4118 3559 4169 6
3587 4118 3767 4186 λόγος.
3803 4119 3887 4181 Ὠς

2304 4206 2366 4259 τό
2396 4224 2457 4275 γε
2493 4208 2600 4277 μὴν
2646 4208 2789 4261 κατά
2834 4208 3090 4279 ἀλήθειαν
3119 4210 3148 4262 6
3185 4208 3423 4281 Ἰσραὴλ,
3453 4209 3535 4261 ὅτι
3568 4209 3755 4279 μισθὸς
3788 4209 3884 4261 αὑ·

2303 4302 2418 4362 τοῖς
2467 4301 2561 4352 καὶ
2603 4300 2909 4364 ἀντέκτισις
2949 4301 3044 4371 τῆς
3089 4303 3169 4365 είς
3212 4303 3282 4355 τὰ
3312 4302 3508 4355 εἴδωλα
3561 4301 3727 4371 τιμῆς
3792 4300 3883 4354 καὶ

627 4410 737 4464 tur,
796 4400 846 4453 in
922 4399 1151 4467 pretium
1229 4407 1284 4453 et
1326 4398 1817 4453 remunerationem
1884 4393 2109 4449 honoris
2152 4402 2197 4447 el

2306 4384 2580 4457 λατρείας,
2621 4386 2682 4439 τὸ
2711 4386 2818 4441 τῶν
2863 4386 3086 4459 ὠρίμων
3120 4388 3433 4459 ἀμφιλαφὲς
3471 4389 3566 4442 καὶ
3597 4388 3660 4442 τὸ
3688 4388 3887 4459 εὔκαρο

625 4490 826 4556 cultus,
868 4505 1027 4560 quem
1077 4487 1231 4544 idolis
1276 4488 1578 4551 adhiberet.
1609 4486 1711 4543 sibi
1750 4486 1991 4556 rependi.
2052 4483 2197 4550 Quod

2308 4493 2408 4528 πον
2456 4477 2874 4547 περιτυγχάνειν
2924 4481 2992 4550 τῇ
3044 4480 3137 4551 γῇ.
3168 4480 3289 4533 Ὅτι
3332 4479 3390 4532 δὲ
3439 4479 3531 4532 καὶ
3574 4478 3674 4550 τῆς
3721 4478 3887 4549 ἄλλης

624 4593 806 4637 autem
853 4580 1003 4636 omni
1081 4588 1369 4650 prOpterea
1420 4577 1712 4633 securitate
1762 4586 1817 4632 et
1861 4575 2197 4645 iucunditate

2307 4568 2523 4638 ἁπάσης
2573 4569 2756 4631 αὐτοῖς
2807 4570 3072 4640 εὐθυμίας
3116 4570 3481 4641 παρακεῖσθαι
3533 4570 3634 4640 τὴν
3672 4569 3885 4640 μέθεξιν

622 4674 787 4728 animi
836 4671 1287 4743 prafruereutur,
1332 4671 1556 4726 hancet
1611 4669 1779 4725 solam
1829 4682 2047 4723 causam
2107 4681 2201 4720 eos

623 4764 916 4833 putavisse,
965 4762 1217 4817 facillime
1259 4762 1384 4832 quis
1433 4758 1786 4817 exiJeremiae
1815 4757 1992 4815 verbis
2040 4756 2200 4813 intel-

626 4854 839 4908 lexerit.
910 4853 1148 4909 Redacta
1217 4854 1360 4908 enim
1441 4853 1495 4908 in
1560 4852 1804 4907 hostium
1868 4856 2195 4920 potestatem

620 4939 1039 5013 Hierosolyma,
1090 4956 1211 4995 cum
1287 4940 1507 5011 quidam
1577 4938 1702 4993 belli
1787 4935 1958 4991 aciem
2028 4934 2200 4989 hosti-

627 5030 800 5085 lemve
846 5030 1079 5100 gladium
1113 5030 1429 5095 evasissent,
1465 5030 1517 5083 iu
1564 5027 1859 5099 Egyptum
1910 5024 2201 5079 descende-

630 5128 774 5184 runt,
822 5127 875 5171 et
908 5118 1086 5172 divino
1126 5120 1381 5173 mandato
1422 5118 1684 5189 pr0plieta
1731 5132 1852 5173 cum
1894 5116 2042 5185 ipsis.
2092 5113 2202 5169 Illic

630 5207 792 5276 igitur
826 5210 891 5263 al)
940 5209 1256 5264 idololatriae
1322 5208 1744 5280 inquinamentis
1797 5206 2202 5268 abstinendum.

628 5306 684 5351 et
713 5299 777 5351 ad
818 5297 983 5352 Beunt
1028 5301 1411 5355 recurrendum
1502 5300 1697 5355 suasit.
1727 5297 1863 5353 Tum
1916 5298 2205 5353 muliercu-

627 5388 802 5443 larum
872 5390 1055 5445 infelix
1107 5400 1163 5446 et
1228 5390 1609 5445 stultissimum
1662 5404 1873 5461 agmen,
1930 5390 2203 5459 prephette

630 5482 806 5534 verbis
861 5481 1215 5547 adversando,
1277 5482 1615 5549 impudenter
1661 5481 2021 5549 garriehutu
2082 5482 2203 5535 Ser-

629 5586 840 5625 monem
893 5587 1050 5641 quem
1105 5573 1314 5626 locutus
1347 5585 1407 5625 es
1457 5571 1521 5624 ad
1573 5586 1669 5625 nos
1712 5570 1763 5624 in
1834 5571 2048 5626 nomine
2097 5573 2200 5625 Do-

2300 4657 2505 4728 ταύτης
2530 4658 2691 4712 ἕνεκα
2723 4660 2816 4711 καὶ
2857 4661 3023 4732 μόνης
3052 4660 3220 4731 ᾤοντο
3250 4662 3348 4730 τῆς
3378 4659 3581 4725 αίτίας,
3609 4661 3777 4731 είδείη
3805 4676 3885 4722 τις

2303 4749 2370 4803 ἂν
2400 4750 2493 4803 καὶ
2535 4750 2682 4820 μάλα
2717 4751 2935 4822 ῥᾳδίως,
2968 4755 3082 4816 τοῖς
3112 4752 3377 4825 Ἰερεμίου
3405 4754 3586 4822 λόγοις
3625 4754 3880 4825 ἐντυχών.

2313 4840 2489 4895 Ἑάλω
2533 4842 2633 4910 μὲν
2679 4842 2787 4913 γὰρ
2818 4844 2887 4895 τὰ
2926 4843 3311 4914 Ἱεροσόλυμα·
3361 4843 3784 4913 διαπεφευγότες
3828 4842 3882 4895 δέ

2301 4950 2448 4997 τινες
2480 4932 2573 4986 τοῦ
2626 4933 2861 5004 πολέμου
2916 4936 3013 5006 τὴν
3056 4937 3263 5007 ἀκμὴν,
3301 4937 3616 5007 κατέϐησαν
3656 4938 3736 4999 εἰς
3789 4938 3884 5006 τὴν

2306 5027 2641 5095 Αίγυπτίων,
2681 5027 2776 5080 καλ⁸
2824 5030 2919 5082 σὺν
2955 5029 3140 5092 αὐτοῖς
3168 5031 3197 5081 6
3232 5030 3539 5101 προφήτης,
3560 5030 3703 5082 κατά
3738 5028 3884 5081 θείαν

2307 5116 2509 5187 ὀμφήν.
2548 5117 2757 5172 Ἐκεῖσε
2808 5117 2938 5186 γοῦν
2978 5118 3326 5173 συνεϐούλευε
3371 5120 3567 5187 λέγων,
3589 5120 3687 5189 τῆς
3731 5119 3883 5171 εἰδω-

2303 5204 2590 5278 λολατρίας
2639 5208 2954 5262 παύσασθαι
3000 5210 3319 5281 μολυσμῶν,
3360 5211 3454 5264 καὶ
3503 5209 3883 5279 παλινδρομεῖν

2301 5295 2519 5349 ἑλέσθαι
2552 5299 2687 5369 πρὸς
2720 5299 2874 5355 Θεόν.
2902 5296 3037 5355 Εἶτα
3060 5302 3299 5369 γυναίων
3325 5300 3487 5355 ἀθλία
3513 5318 3573 5353 τε
3603 5302 3699 5354 καὶ
3730 5302 3881 5352 ἀνου-

2303 5387 2471 5460 στάτη
2503 5390 2733 5459 πληθὺς,
2755 5394 2869 5455 τοῖς
2899 5391 2993 5446 τοῦ
3027 5393 3305 5464 προφήτου
3340 5393 3501 5447 πάλιν
3530 5391 3883 5461 ἀντεφέροντο

2298 5480 2491 5548 λόγοις,
2524 5482 2618 5533 καὶ
2645 5482 2709 5550 δὴ
2753 5484 2847 5535 καὶ
2868 5482 3105 5551 ἔφασκον
3137 5483 3367 5547 ἀναιδῶς
3389 5500 3402 5514 ⁸
3444 5502 3463 5535 ι
3496 5484 3603 5537 Τὸν
3629 5479 3787 5551 λόγον
3819 5483 3875 5533 ὃν

2297 5572 2566 5643 ἐλάλησας
2600 5574 2730 5644 πρὸς
2756 5576 2901 5645 ἡμᾶς
2924 5577 3000 5648 τῷ
3026 5578 3251 5649 ὀνόματι
3280 5577 3510 5645 Κυρίου,
3535 5575 3636 5629 οὐκ
3657 5574 3880 5630 ἀκουσό-

698 5749 744 5780 ³⁰
773 5748 859 5805 llI.
887 5750 1015 5819 Beg.
1043 5765 1194 5815 xvm,
1234 5749 1325 5803 ει.
1402 5750 1443 5781 ³¹
1482 5748 1584 5803 lsa.
1622 5763 1811 5813 XLVIII,
1840 5747 1931 5801 22.
2008 5750 2051 5781 ³³
2081 5748 2181 5804 lsa.
2228 5766 2371 5816 uvr,
2404 5750 2497 5805 24.
2574 5754 2619 5786 ³³
2650 5753 2769 5809 lsai.
2813 5772 2975 5823 xxxv,
3012 5758 3097 5811 f0.
3174 5757 3481 5828 a’“Philipp.
3514 5771 3589 5821 tv,
3623 5756 3677 5813 5.
