4094 6604
265 474 336 529 7')
1182 473 1735 533 COMMENTARlUS
1776 476 1839 531 IN
1881 477 2112 535 OSFZAM
2154 476 2595 535 PROPIIETAM.
3438 484 3506 539 78

268 585 409 657 μεθά
449 601 568 648 σου,
595 585 676 639 ὅτι
715 584 961 639 ποιοῦσαι
994 587 1291 658 ποιήσομεν
1325 590 1500 641 πάντα
1528 589 1620 642 τὸν
1661 589 1839 658 λόγον,

1961 592 2098 656 nini,
2161 607 2263 645 non
2309 594 2588 648 audiemus
2644 603 2716 659 te,
2748 596 2871 665 quia
2919 596 3179 651 facientes
3249 596 3508 654 faciemus

261 678 323 742 ὃς
364 675 703 741 ἐξελεύσεται
743 677 807 729 ἐκ
842 675 936 729 τοῦ
977 677 1244 747 στόματος
1293 677 1473 748 ἡμῶν,
1523 678 1725 750 θυμιᾷν
1772 682 1837 751 τῇ

267 769 553 840 βασιλίσσῃ
587 767 680 819 τοῦ
716 767 965 837 οὐρανοῦ,
992 770 1085 821 καὶ
1119 769 1367 822 σπένδειν
1401 770 1539 841 αὐτῇ
1583 771 1837 835 σπονδὰς,

264 859 409 914 καθά
455 859 791 929 ἐποιήσαμεν
835 860 1016 929 ἡμεῖς,
1064 860 1160 912 καὶ
1193 862 1242 913 οί
1274 861 1512 932 πατέρες
1538 861 1714 932 ἡμῶν,
1749 861 1843 916 καὶ

264 954 317 1004 oi
356 950 592 1021 βασιλεῖς
617 950 794 1019 ἡμῶν,
824 951 918 1003 καὶ
948 952 998 1003 οἱ
1035 951 1292 1024 ἄρχοντες
1333 955 1365 1023 ἠ
1377 954 1513 1023 μῶν,
1539 955 1598 1005 ἐν
1628 953 1842 1006 πόλεσιν

282 1044 483 1105 Ἰούδα,
531 1042 624 1094 καὶ
676 1040 874 1104 ἔξωθεν
911 1042 1287 1113 Ἰερουσαλήμ.
1335 1043 1444 1097 Καὶ
1495 1044 1843 1114 ἐπλήσθημεν

267 1138 471 1207 ἄρτων,
498 1135 593 1186 καὶ
634 1134 928 1204 ἐγενόμεθα
968 1135 1224 1205 χρηστοὶ,
1255 1135 1351 1187 καὶ
1395 1135 1543 1188 κακά
1567 1136 1667 1187 ούκ
1708 1137 1843 1201 eteo-

270 1242 391 1297 μεν.
424 1225 534 1277 Καὶ
559 1224 632 1287 ὼς
660 1224 973 1295 διελίπομεν
1000 1225 1303 1295 θυμιῶντες
1327 1229 1394 1296 τῇ
1437 1226 1723 1297 βασιλίσσῃ
1752 1226 1843 1279 τοῦ

270 1316 523 1382 ούρανοῦ,
543 1316 932 1388 ὴλαττώθημεν
960 1318 1159 1381 πάντες
1182 1320 1363 1388 ἡμεῖς,
1388 1320 1483 1371 καὶ
1500 1320 1558 1372 ἐν
1604 1320 1845 1391 ῥομφαίᾳ

270 1407 365 1459 καὶ
403 1408 460 1458 ἐν
494 1404 650 1476 θυμῷ
686 1405 1022 1477 ἐξελίπομεν.
1051 1425 1070 1458 ι
1115 1409 1311 1477 Συνίης
1347 1404 1439 1462 οὖν
1469 1408 1616 1472 ὅπως
1654 1427 1845 1480 μονον-

267 1498 392 1569 ουχὶ⁵
428 1502 519 1552 καὶ
563 1499 867 1552 ἀντέκτισιν
913 1498 1007 1553 τοῦ
1052 1499 1427 1571 πεπλανῆσθαί
1460 1519 1623 1574 φησιν
1681 1506 1845 1573 ἐσχη-

268 1592 429 1645 κέναι
456 1591 525 1643 τά
558 1590 805 1662 ζωαρκῆ,
846 1592 939 1645 καὶ
977 1591 1112 1663 πρός
1149 1609 1211 1661 γε
1253 1593 1317 1664 δὴ
1346 1594 1518 1665 τούτῳ
1558 1596 1617 1648 τὸ
1646 1595 1845 1665 εὐημε-

272 1684 422 1751 ρεῖν;
460 1699 478 1732 ι
522 1680 760 1749 Ἀφανιῶ
798 1683 1110 1754 τοιγαροῦν,
1152 1684 1338 1753 φησιν,
1384 1683 1420 1738 ἃ
1460 1682 1602 1750 εἶπε,
1629 1684 1847 1739 Μισθώ-

275 1772 422 1842 ματά
453 1790 554 1843 μου
579 1772 755 1829 ταῦτά
783 1775 954 1840 ἐστιν,
976 1775 1012 1830 ἃ
1040 1775 1246 1831 ἔδωκάν
1278 1794 1368 1849 μοι
1395 1780 1443 1831 0i
1471 1780 1695 1850 ἐρασταί
1724 1797 1847 1851 μου,

271 1864 369 1917 καὶ
397 1863 633 1934 θήσομεν
661 1865 756 1919 καὶ
786 1866 926 1920 αύτά
960 1868 1038 1931 είς
1072 1868 1387 1940 μαρτύριον.
1414 1889 1432 1920 ι
1481 1872 1851 1943 Καταμαρτυ-

276 1957 433 2027 ρήσει
466 1956 574 2026 γὰρ
620 1956 812 2026 ὥσπερ
867 1959 966 2027 τῆς
1001 1957 1096 2011 τοῦ
1132 1959 1347 2031 Ἰσραὴλ
1397 1962 1693 2033 μοχθηρίας
1743 1965 1842 2032 ἀφ-

271 2046 525 2118 ῃρημένα
564 2046 741 2110 ταυτὶ,
771 2046 865 2100 καὶ
891 2047 990 2119 τὴν
1025 2047 1182 2119 δίκην
1218 2051 1403 2114 αὐτοῖς
1447 2053 1849 2124 ἐπισημοτέραν

274 2140 590 2211 ἐργάσεται,
621 2139 714 2191 καὶ
742 2141 1027 2211 καταφανῆ
1061 2143 1276 2211 ποιήσει
1307 2143 1407 2213 τὴν
1433 2144 1620 2215 ὀργήν.
1652 2164 1668 2196 ι
1698 2146 1851 2198 Ἔδε-

272 2247 363 2283 ται
387 2230 445 2283 δὲ
472 2230 611 2283 αύτά
641 2229 711 2283 τὰ
742 2229 907 2301 θηρία
930 2230 1025 2283 τοῦ
1057 2231 1251 2302 ἀγροῦ,
1290 2234 1384 2286 καὶ
1416 2233 1482 2286 τὰ
1512 2236 1728 2290 πετεινὰ
1757 2235 1850 2289 τοῦ

274 2318 525 2390 ούρανοῦ,
554 2320 646 2372 καὶ
662 2320 730 2372 τά
751 2320 1197 2393 ἐρπετὰτῆςγῆς.
1214 2341 1232 2374 ι
1257 2324 1448 2377 Νοοῖτο
1470 2324 1517 2377 δ’
1546 2325 1612 2379 ἀν
1642 2328 1700 2379 ού
1730 2327 1853 2381 καθ’

274 2411 371 2463 ἕνα
404 2411 562 2465 ταυτὶ
586 2411 650 2481 δὴ
677 2414 894 2482 τρόπον,
923 2412 1085 2483 τριχῆ
1110 2412 1165 2466 δὲ
1217 2414 1414 2484 μᾶλλον
1441 2416 1510 2468 τά
1538 2418 1598 2470 ἐκ
1632 2417 1725 2470 τοῦ
1757 2435 1852 2489 ση-

281 2502 606 2573 μαινομένου
660 2502 1017 2573 ληφθήσεται,
1050 2506 1119 2557 Ἦ
1165 2506 1274 2577 γὰρ
1330 2507 1506 2561 ἐκεῖνό
1555 2525 1739 2578 φησιν,
1772 2510 1852 2563 ὅτι

276 2592 483 2663 θηρίων
510 2592 661 2645 ἔσται
692 2595 865 2665 τροφὴ
893 2596 961 2647 τὰ
987 2596 1044 2648 ὲν
1076 2597 1286 2667 ἀγροῖς,
1324 2597 1400 2661 ὡς
1433 2598 1535 2652 ούκ
1574 2598 1725 2663 ὄντος
1772 2600 1853 2653 ἔτι

275 2683 373 2736 τοῦ
399 2683 774 2747 κατοικοῦντος
798 2684 894 2755 τὴν
918 2686 1045 2756 γῆν,
1066 2686 1152 2741 διὰ
1176 2688 1237 2741 τὸ
1261 2688 1544 2753 πλείστους
1576 2691 1674 2760 μὲν
1698 2692 1855 2756 ὅσους

276 2778 444 2830 οῐκων
484 2781 545 2829 τε
589 2777 682 2831 καὶ
728 2778 934 2832 πόλεων
979 2779 1451 2852 ἐκσεσοϐημένους
1517 2783 1855 2854 ἀποδραμεῖν

278 2869 380 2939 οὐχ
416 2868 639 2932 ἑκόντας
677 2870 757 2932 εἰς
792 2868 1085 2923 Βαϐυλῶνα
1137 2872 1231 2923 καὶ
1270 2872 1516 2942 Μήδους,
1557 2872 1857 2945 δεδαπανῆ-

285 2960 412 3013 σθαι
446 2960 504 3013 δὲ
541 2960 619 3031 τῷ
651 2960 872 3031 πολέμῳ
901 2962 995 3014 καὶ
1034 2961 1253 3033 ἐτέρους
1284 2964 1473 3028 ὅσους,
1518 2962 1594 3028 ὡς
1625 2964 1729 3018 ὑπὸ
1761 2966 1858 3035 μό-

284 3070 392 3105 νων
432 3052 535 3123 ἦδη
577 3052 780 3122 θηρίων
821 3069 880 3104 τε
926 3051 1019 3104 καὶ
1049 3052 1292 3122 ἑρπετῶν
1332 3055 1439 3107 τῶν
1495 3056 1856 3128 Σαμαρειτῶν

282 3143 552 3196 οἰκεῖσθαι
581 3142 764 3213 χώραν
785 3159 798 3174 ο
825 3144 989 3214 ἤγουν
1022 3143 1196 3196 ἐκεῖνο
1228 3144 1409 3209 πάλιν,
1437 3148 1519 3200 ὅτι
1544 3147 1645 3217 τῆς
1677 3146 1857 3219 χώρας

281 3234 587 3305 εὐκαρπίαν
615 3230 704 3289 οἷά
742 3252 887 3296 τινες
929 3236 1092 3304 θῆρες
1127 3236 1176 3288 οἱ
1210 3235 1540 3291 Βαϐυλώνιοι
1580 3237 1856 3309 θοινήσον-
1882 3274 1924 3330 C

283 3344 399 3391 ται,
430 3327 537 3379 τῶν
583 3325 934 3380 ἐνοικούντων
960 3328 1059 3397 τὴν
1107 3327 1233 3396 γῆν,
1283 3330 1400 3390 ταῖς
1430 3331 1857 3400 τετειχισμέναις

292 3419 407 3471 τῶν
438 3418 643 3472 πόλεων
670 3418 1038 3489 ἐνισχημένων
1090 3419 1183 3471 καὶ
1212 3418 1351 3483 οὐδὲ,
1382 3420 1505 3473 ὅσον
1534 3423 1729 3483 εἰπεῖν,
1761 3425 1858 3475 ἐπ-

288 3514 473 3568 έκεινα
496 3513 679 3568 πυλῶν
718 3514 849 3568 ἰέναι
876 3511 1221 3584 τολμώντων,
1254 3512 1429 3566 καίτοι
1470 3511 1859 3582 καταφθείρον-

290 3621 385 3669 τος
412 3604 506 3658 τοῦ
533 3602 712 3675 λιμοῦ.

367 3696 430 3749 Εί
456 3695 511 3749 δέ
544 3713 621 3765 τῳ
640 3694 789 3747 δοκεῖ
822 3694 1060 3749 συνιέναι
1100 3693 1501 3765 πνευματικῶς,
1536 3692 1631 3746 καὶ
1660 3692 1725 3745 δι’
1754 3690 1864 3744 ἐτέ-

295 3803 397 3850 οας
438 3784 505 3839 ἀν
555 3786 623 3838 ῐοι
672 3785 880 3857 τρίϐου.
936 3785 1242 3857 Ἀμπελῶνι
1286 3786 1385 3856 μὲν
1444 3784 1552 3854 γὰρ
1595 3783 1687 3837 καλ⁸
1726 3785 1861 3854 συκῇ

293 3877 688 3947 παρεικαστέον
710 3872 768 3930 εῦ
800 3875 943 3946 μάλα
960 3876 1058 3947 τὴν
1081 3877 1169 3931 διὰ
1193 3876 1358 3949 νόμου
1403 3876 1700 3939 παίδευσιν,
1732 3876 1867 3929 ἀπο·

293 3966 627 4037 κομίζουσαν
649 3969 726 4030 είς
762 3966 1012 4038 Χριστόν.
1038 3966 1386 4037 Παιδαγωγεῖ
1414 3966 1525 4037 γὰρ
1566 3968 1644 4030 είς
1688 3966 1865 4030 τοῦτο,

295 4060 437 4113 κατά
463 4058 561 4129 τὴν
580 4057 672 4111 τοῦ
698 4059 972 4129 μακαρίου
1005 4058 1220 4110 Παύλου
1251 4058 1452 4128 φωνήν.
1483 4058 1591 4110 Καὶ
1625 4056 1867 4127 ἄμπελος

308 4148 409 4222 μὲν
468 4149 770 4219 εύφρασίας
815 4147 881 4202 ἀν
926 4149 1091 4201 νοοῖτο
1128 4147 1413 4217 σύμϐολον,
1449 4148 1780 4217 γλυκύτητος
1810 4146 1868 4199 δὲ

301 4242 463 4312 συκῆ.
501 4242 624 4293 Ὀτι
667 4240 723 4293 δὲ
754 4239 897 4310 ψυχῇ
952 4237 1182 4309 φιλοθέῳ
1212 4239 1416 4307 γλυκὺς
1457 4238 1671 4309 ἀληθῶς
1699 4239 1727 4291 ὁ
1774 4236 1866 4290 τοῦ

298 4331 435 4386 Θεοῦ
468 4332 652 4402 νόμος,
685 4331 779 4384 καὶ
827 4329 1243 4401 κατευφραίνειν
1297 4328 1473 4392 εἰδὼς,
1517 4327 1634 4392 πῶς
1681 4327 1746 4381 ἂν
1778 4327 1864 4379 ἐν-

302 4422 535 4476 δοιὰσειέ
563 4438 679 4487 τις;
712 4419 918 4473 Οὐκοῦν
944 4420 1207 4489 ἀμέτοχος
1230 4420 1327 4488 μὲν
1353 4421 1381 4471 ὁ
1418 4417 1631 4489 Ἰσραὴλ
1665 4418 1870 4487 ἀπομε-

306 4514 543 4584 μένηκεν
588 4511 901 4578 ἀναγκαίως
931 4509 1040 4563 τῶν
1088 4508 1293 4562 ἀνωθεν
1344 4508 1439 4562 καὶ
1491 4505 1870 4577 πνευματικῶν

1943 698 2102 738 omne
2154 685 2400 749 verbum,
2454 687 2597 753 quod
2661 686 2965 754 egredietur
3042 688 3109 742 de
3165 702 3258 743 ore
3299 700 3506 754 nostro,

1942 783 2001 829 ut
2064 775 2376 830 adoleamus
2421 774 2616 843 regina:
2668 774 2811 837 coeli.
2841 783 2894 829 et
2933 774 3160 831 libemus
3214 776 3507 843 libamina,

1942 868 2083 921 sicut
2112 867 2339 921 fecimus
2377 881 2471 919 nos
2521 873 2574 918 et
2626 875 2806 935 patres
2854 867 3055 933 nostri,
3097 878 3149 922 et
3197 883 3347 939 reges
3407 885 3508 924 no-

1943 956 2063 1017 stri,
2109 965 2163 1009 et
2200 957 2470 1025 principes
2520 955 2710 1018 nostri,
2745 955 2796 1008 in
2852 954 3075 1010 urbibus
3119 956 3280 1024 Juda,
3338 970 3392 1014 et
3417 961 3510 1015 de-

1946 1047 2077 1100 foris
2147 1044 2466 1110 Jerusalem,
2525 1055 2578 1099 et
2643 1047 2864 1100 saturati
2912 1061 3101 1103 sumus
3156 1050 3405 1117 panibus,
3457 1060 3513 1106 et

1943 1135 2073 1190 facti
2113 1152 2299 1190 sumus
2333 1136 2479 1201 boni,
2507 1136 2714 1189 etmala
2746 1152 2849 1189 non
2882 1136 3134 1191 vidimus.
3158 1138 3223 1192 Et
3248 1145 3305 1192 ut
3339 1155 3515 1195 cessa-

1943 1229 2121 1281 vimus
2162 1226 2439 1279 adoleutes
2498 1226 2694 1295 reginae
2749 1226 2891 1292 coeli,
2933 1234 2987 1281 et
3031 1226 3260 1282 libantes
3287 1230 3336 1284 ei
3382 1226 3549 1285 liba-'

1946 1318 2110 1381 mina,
2154 1318 2479 1386 iudiguimus
2538 1332 2728 1371 omnes
2767 1331 2883 1383 nos,
2912 1327 2967 1372 et
3031 1320 3082 1372 in
3122 1319 3319 1389 gladio,
3360 1333 3415 1376 et
3462 1323 3512 1377 iu

1948 1409 2089 1463 fame
2137 1407 2433 1462 defecimus
2460 1408 2525 1464 ⁸⁵.
2559 1426 2579 1459 ι
2618 1409 3015 1463 Animadvertis
3066 1411 3227 1481 igitur
3289 1428 3515 1482 quomo-

1947 1502 2015 1553 do
2071 1514 2157 1553 res
2224 1500 2290 1552 ad
2348 1514 2500 1552 usum
2558 1500 2679 1553 vitae
2751 1502 3111 1567 necessarias,
3176 1512 3230 1557 et
3295 1506 3518 1575 insuper

1948 1605 2265 1660 prosperum
2334 1605 2512 1647 rerum
2592 1600 2787 1647 statum
2843 1602 2902 1647 ut
2974 1594 3177 1649 erroris
3244 1595 3329 1649 sui
3373 1612 3517 1652 mer-

1949 1686 2133 1738 cedem
2174 1698 2239 1738 ac
2277 1684 2559 1754 praemium
2600 1700 2659 1740 se
2684 1686 2951 1754 recepisse
2985 1686 3205 1741 dicant?
3243 1690 3318 1741 ait
3352 1703 3514 1758 ergo:

1956 1794 1975 1827 ι
2025 1775 2335 1845 Disperdam
2408 1777 2474 1832 de
2537 1779 2943 1847 quibuscunque
3013 1779 3183 1845 dixit,
3240 1778 3518 1837 Men-edes

1952 1879 2083 1920 mem
2127 1875 2252 1919 sunt
2291 1862 2399 1936 43
2436 1864 2572 1930 istac,
2619 1879 2753 1933 quas
2792 1865 3054 1920 dederunt
3126 1866 3259 1920 mihi
3316 1877 3518 1923 amato-

1953 1972 2039 2011 res
2076 1956 2199 2018 mei,
2230 1964 2283 2010 et
2320 1970 2512 2025 ponam
2547 1969 2607 2008 ea
2628 1955 2681 2009 in
2724 1955 3138 2011 testimonium.»
3162 1956 3350 2012 Ablata
3372 1950 3519 2013 enim

1952 2048 2067 2103 haec
2135 2046 2352 2102 Israelis
2420 2049 2829 2118 perversitatem
2894 2049 3323 2104 testificabantur
3379 2064 3517 2119 quo-

1951 2139 2259 2205 dammodo,
2299 2149 2353 2193 et
2390 2140 2556 2208 ipsius
2593 2152 2806 2209 pmnam
2862 2139 3221 2205 illustrabant,
3255 2141 3521 2195 divinam-

1952 2243 2057 2297 que
2106 2228 2239 2282 iram
2291 2228 2551 2282 adversus
2597 2230 2844 2284 eumdem
2870 2229 3238 2286 declarabant.
3274 2249 3293 2280 σ
3327 2230 3520 2287 Come-

1951 2322 2081 2376 dent
2116 2335 2180 2376 ea
2222 2320 2406 2374 bestia:
2442 2320 2579 2388 agri,
2606 2330 2660 2375 et
2693 2320 2939 2376 volucres
2994 2322 3152 2387 coeli,
3202 2331 3257 2377 et
3312 2323 3519 2393 reptilia

1951 2424 2129 2468 terraa.
2163 2431 2181 2463 ι
2238 2412 2367 2479 Qua:
2419 2412 2633 2481 quidem
2683 2427 2787 2466 non
2829 2427 2956 2477 uno,
2999 2413 3093 2467 sed
3141 2414 3310 2468 tribus
3345 2415 3521 2470 modis

1953 2505 2224 2575 explicare
2271 2505 2414 2559 licet.
2476 2506 2586 2558 Aut
2628 2505 2771 2557 enim
2836 2506 2939 2559 hoc
2995 2504 3163 2569 dicit,
3224 2504 3517 2559 bestiarum

1954 2596 2133 2652 cibum
2198 2595 2312 2650 fore
2352 2610 2470 2664 qua:
2512 2607 2637 2655 sunt
2692 2596 2744 2648 in
2781 2598 2925 2665 agris
2951 2634 2968 2660 ,
3004 2605 3190 2666 utpote
3255 2611 3361 2651 non
3431 2612 3522 2652 ex-

1953 2696 2132 2741 stante
2190 2684 2419 2754 amplius
2461 2686 2549 2752 qui
2595 2694 2794 2738 terram
2850 2684 3092 2750 habitet;
3130 2685 3383 2754 quoniam
3409 2686 3523 2739 lou-

1955 2793 2021 2849 ge
2075 2778 2287 2847 plurimi
2336 2778 2581 2833 domibus
2628 2784 2682 2831 et
2729 2776 2952 2831 urbibus
3006 2777 3235 2853 expulsi,
3297 2776 3522 2849 Babylo-

1956 2884 2114 2935 nem,
2167 2877 2223 2924 et
2267 2869 2333 2923 ad
2387 2867 2568 2922 Medos
2617 2868 2767 2922 inviti
2798 2866 3064 2934 abierint;
3108 2868 3198 2922 alii
3265 2878 3529 2937 praeterea.

1960 2975 2062 3014 non
2115 2960 2269 3029 pauci
2310 2958 2451 3014 bello
2501 2959 2769 3027 absumpti
2818 2960 2947 3023 sint,
2988 2968 3048 3013 ut
3093 2958 3205 3028 jam
3250 2974 3281 3013 a
3340 2958 3528 3014 bestiis

1956 3060 2163 3107 tantum
2200 3059 2252 3107 et
2272 3051 2549 3120 reptilibus
2572 3051 3035 3105 Samaritanorum
3068 3052 3214 3120 regio
3236 3050 3525 3105 incolatur.

1959 3143 2063 3196 Aut
2102 3152 2249 3198 certe
2282 3142 2383 3197 hoc
2431 3145 2545 3196 vult
2570 3182 2585 3207 ,
2626 3142 2840 3211 frugum
2881 3142 3088 3211 copiam
3136 3141 3373 3210 regionis
3423 3140 3529 3194 Ba-

1960 3234 2202 3304 hylonios
2239 3235 2291 3287 in
2350 3248 2553 3287 morem
2598 3233 2891 3287 bestiarum
2934 3234 3322 3299 devoraturos,
3374 3232 3527 3286 inco-

1961 3326 2027 3379 lis
2065 3326 2204 3379 intra
2241 3339 2423 3378 muros
2448 3324 2659 3378 urbium
2711 3336 2770 3378 se
2822 3323 3150 3385 tenentibus,
3180 3336 3281 3377 nec
3315 3321 3400 3375 vel
3459 3323 3527 3377 ad

1962 3424 2289 3471 momentum
2317 3424 2467 3469 extra
2496 3424 2678 3482 portas
2708 3414 2926 3484 prodire
2951 3414 3295 3481 audentibus,
3333 3428 3529 3483 quam-

1962 3510 2043 3563 vis
2074 3507 2215 3562 fame
2259 3507 2557 3561 moriantur

2033 3687 2187 3754 Quod
2238 3685 2283 3740 si
2325 3682 2554 3752 cuipiam
2607 3682 2720 3736 haec
2782 3678 3140 3749 Spiritualiter
3184 3679 3531 3750 intelligenda
3592 3733 3597 3737 .

1964 3779 2235 3841 videntur,
2269 3775 2317 3830 ei
2364 3774 2468 3826 alia
2529 3784 2743 3840 quoque
2795 3770 2878 3823 via
2936 3769 3142 3824 licitum
3182 3781 3267 3825 est
3299 3772 3398 3826 ire.
3434 3770 3535 3827 Vi-

1968 3884 2082 3925 nea:
2158 3878 2393 3933 namque
2447 3871 2502 3916 et
2553 3860 2675 3914 licui
2738 3859 3179 3913 commodissime
3225 3862 3530 3931 comparari

1966 3967 2143 4030 potest
2176 3972 2274 4026 per
2302 3957 2472 4025 legem
2513 3952 2802 4017 institutio,
2843 3952 2909 4006 ad
2935 3950 3206 4007 Christum
3237 3951 3529 4010 deducens.

1967 4053 2045 4107 Ad
2097 4051 2199 4105 hoc
2239 4048 2379 4103 enim
2418 4046 2509 4101 illa
2549 4054 2735 4098 noster
2771 4044 3091 4113 paedagogus
3111 4051 3215 4105 est.
3261 4044 3411 4112 juxta
3442 4060 3536 4100 vo-

1968 4158 2085 4200 cem
2121 4142 2260 4197 beati
2300 4139 2451 4194 Pauli
2475 4138 2538 4191 “.
2560 4138 2625 4192 Et
2655 4137 2806 4191 vinea
2836 4136 3053 4205 quidem
3094 4136 3312 4203 laetitiae,
3347 4137 3533 4191 dulce-

1971 4237 2113 4292 dinis
2155 4243 2333 4288 autem
2396 4231 2528 4287 ficus
2576 4228 2875 4299 symbolum
2926 4227 3097 4300 accipi
3144 4237 3340 4297 potest.
3404 4228 3537 4283 Esse

1970 4336 2146 4380 autem
2188 4322 2377 4376 animm
2414 4321 2577 4373 Deum
2624 4317 2825 4370 amanti
2864 4315 3032 4385 legem
3078 4331 3265 4371 revera
3301 4316 3535 4383 dulcem,

1970 4425 2025 4471 et
2090 4428 2247 4484 posse
2292 4425 2410 4465 eam
2440 4409 2763 4471 exhilarare,
2813 4407 2940 4476 quid
2982 4415 3068 4462 est
3110 4422 3206 4463 cur
3250 4407 3537 4476 quisquam

1973 4503 2220 4558 dubitet?
2285 4500 2621 4569 Quapropter
2671 4496 2831 4552 Israel
2878 4510 3229 4566 supernorum
3288 4497 3543 4566 spiritua-

304 4604 551 4672 ἀγαθῶν.
578 4602 825 4655 Δέδονται
856 4601 913 4654 δέ
954 4601 1090 4672 πρὸς
1123 4599 1419 4671 μετάληψιν
1454 4600 1565 4660 τοῖς
1596 4597 1756 4651 οἱονεὶ
1785 4597 1859 4666 θη

1982 4594 2218 4662 linmqne
2272 4592 2534 4644 bonorum
2567 4603 2759 4656 expers
2811 4602 3028 4642 manere
3082 4588 3300 4651 debuit,
3332 4596 3387 4642 et
3423 4596 3543 4641 tan-

303 4695 443 4769 ρίοις
486 4710 546 4746 τε
590 4694 683 4746 καὶ
728 4694 996 4763 ἑρπετοῖς,
1047 4692 1189 4763 ιρημλ⁸
1235 4690 1300 4761 δὴ
1336 4692 1451 4752 τοῖς
1490 4689 1549 4754 ἐξ
1591 4687 1792 4749 ἐθνῶν,
1826 4686 1877 4739 οἳ

305 4786 415 4858 πρὸ
438 4786 538 4855 τῆς
573 4786 823 4855 Σωτῆρος
864 4783 1156 4854 ἐπιδημίας
1191 4782 1345 4851 ὀλίγα
1373 4781 1667 4847 διενεγκεῖν
1697 4776 1878 4848 θηρῶν

301 4895 375 4930 τε·
411 4877 503 4930 καὶ
549 4875 792 4947 ἑρπετῶν
845 4874 1063 4927 ίοόὀλων
1114 4873 1459 4943 ύπονοηθεῖεν
1502 4870 1598 4932 ἂν,
1645 4869 1733 4923 διὰ
1778 4869 1877 4939 τὴν

309 4969 606 5038 σκαιότητα
638 4967 746 5021 τῶν
793 4966 1031 5037 τρόπων.
1076 4964 1221 5035 Πλὴν
1270 4964 1329 5016 ού
1396 4963 1765 5034 μεμενήκασιν
1819 4961 1877 5011 ἐν

300 5058 537 5123 τούτοις,
593 5055 909 5111 ἀκολουθεῖν
962 5055 1224 5127 ᾑρημένοι
1271 5054 1476 5123 λέγοντι
1506 5052 1583 5123 τῷ
1618 5049 1872 5123 Χριστῷ·

310 5170 330 5201 ι
364 5149 581 5204 Μάθετε
605 5148 698 5201 ἀπ’
728 5146 886 5218 ἐμοῦ,
913 5148 994 5200 ὅτι
1025 5148 1199 5218 πρᾶός
1238 5147 1353 5213 είμι
1392 5144 1485 5197 καὶ
1512 5141 1765 5204 ταπεινὸς
1808 5143 1873 5211 τῇ

302 5240 526 5310 καρδίᾳ,
569 5239 662 5292 καὶ
689 5238 949 5310 εὑρήσετε
974 5236 1275 5290 ἀνάπαυσιν
1297 5236 1413 5296 ταῖς
1434 5233 1631 5302 ψυχαῖς
1654 5231 1826 5301 ὑμῶν.
1852 5248 1870 5281 ι

200 5406 211 5411 Ὢ
305 5329 610 5401 Προσθείην
630 5328 674 5381 δ’
704 5328 771 5382 ἂν
799 5328 973 5397 ἔγωγε
1000 5330 1110 5391 τοῖς
1151 5324 1459 5398 εἰρημένοις
1487 5324 1581 5378 καὶ
1616 5323 1735 5377 τόδε
1756 5338 1767 5350 ·
1803 5322 1878 5386 ὡς

304 5422 455 5473 ἔστιν
484 5420 694 5490 ἀνάγκη
739 5420 853 5482 τοῖς
894 5418 985 5471 τὸν
1025 5418 1296 5487 ἐπάρατον
1340 5415 1436 5469 καὶ
1483 5415 1711 5484 θεομισῆ
1762 5413 1879 5484 τρί-

306 5512 463 5564 ϐουσι
519 5510 653 5580 βίον,
696 5510 792 5564 καλ⁸
838 5507 1197 5577 ἀπολισθῆναι
1244 5509 1355 5561 δεῖν
1404 5505 1603 5570 παντὸς
1649 5504 1875 5573 ἀγαθοῦ,

306 5604 407 5656 καὶ
448 5605 506 5656 ἐν
556 5605 672 5666 ταῖς
720 5601 946 5657 ἀπασῶν
995 5603 1253 5671 ἐσχάταις
1305 5598 1552 5669 γενέσθαι
1602 5598 1879 5653 ταλαιπω-

312 5694 478 5763 ρίαις.

1979 4700 2140 4755 quam
2188 4682 2380 4738 belluis
2412 4696 2475 4735 ac
2513 4680 2789 4748 reptilibus
2844 4679 2897 4732 in
2963 4678 3199 4748 praedam
3252 4678 3371 4732 data
3414 4686 3540 4741 est,

1979 4776 2259 4846 gentibus,
2299 4774 2541 4841 inquam,
2587 4787 2723 4841 quas
2761 4778 2885 4823 ante
2936 4769 3136 4825 Christi
3179 4768 3465 4823 adventum
3512 4784 3544 4821 a

1980 4867 2110 4921 feris
2167 4876 2222 4920 et
2278 4863 2555 4931 reptilibus
2633 4861 2943 4925 venenatis,
2996 4870 3220 4929 propter
3278 4868 3542 4931 agrestem

1981 4971 2186 5011 morum
2232 4953 2648 5007 inurbanilatem
2702 4966 2890 5019 parum
2948 4951 3307 5020 discrepuisse
3369 4950 3550 5004 existi-

1984 5063 2129 5104 mare
2155 5046 2296 5102 licet.
2329 5045 2433 5100 Sed
2477 5053 2653 5099 tamen
2693 5043 2826 5097 tales
2858 5058 2960 5096 nou
2992 5051 3428 5112 permanserunt.
3459 5040 3548 5094 ubi

1982 5140 2255 5195 Christum
2299 5135 2449 5204 sequi
2493 5136 2868 5198 instituerunt,
2918 5134 3218 5188 dicentem:
3248 5151 3266 5186 ι
3291 5132 3490 5187 Discite
3520 5148 3547 5184 a
3580 5196 3581 5199 η

1984 5246 2091 5294 me,
2124 5230 2246 5298 quia
2297 5230 2443 5283 mitis
2482 5243 2600 5281 sum
2664 5235 2719 5282 et
2758 5224 2975 5281 humilis
3013 5224 3196 5289 corde,
3228 5233 3283 5279 et
3309 5224 3553 5279 invenie-

1986 5322 2054 5377 tis
2100 5320 2336 5389 requiem
2380 5318 2662 5373 animabus
2694 5318 2891 5372 vestris
2912 5317 3011 5370 ³⁷.)
3040 5314 3145 5370 Fas
3187 5329 3350 5383 porro
3394 5315 3553 5369 dictis

1984 5412 2088 5467 hoc
2125 5425 2289 5465 unum
2342 5410 2558 5471 addere,
2620 5408 2985 5471 maledictam,
3046 5415 3102 5461 et
3156 5406 3264 5459 Deo
3323 5404 3552 5459 invisam

1985 5502 2126 5555 viam
2158 5501 2515 5563 ambulantes,
2537 5499 2702 5554 veliut
2724 5498 2896 5553 nolint
2925 5499 3070 5552 omni
3108 5500 3247 5553 bono
3268 5494 3552 5557 excedere,

1988 5602 2043 5647 et
2087 5592 2155 5647 ad
2191 5601 2461 5648 extremas
2492 5588 2743 5645 miserias
2788 5587 3016 5642 devolvi.

386 5869 432 5900 ³⁸
463 5867 661 5925 Jereiu.
699 5884 842 5932 ιιιιν,
874 5869 1054 5924 16-18.
1129 5866 1371 5923 "Galat.
1414 5882 1496 5931 ιιι,
1523 5864 1614 5919 24.
1652 5862 1692 5895 ⁸⁷
1731 5860 1914 5916 Matth.
1955 5872 2030 5923 xl,
2065 5855 2155 5909 29.
