4094 6616
671 464 741 519 79

1644 458 1709 513 8.
1752 457 2026 513 CYRlLLi
2066 453 2536 512 ALEXANDRINI
2577 456 2893 515 ARCHIEP.
3844 469 3907 526 30

742 584 804 635 Et
832 564 1097 635 'ulciscar
1146 595 1303 649 super
1362 595 1478 633 eam
1536 579 1647 632 dies
1689 579 1920 641 Baalim,
1957 582 2010 632 in
2056 580 2212 647 quibu

2413 577 2523 631 Kal
2553 578 2854 647 ἐκδικήσω
2881 579 2976 631 ἐπ’
2998 579 3195 648 αὐτὴν
3234 579 3343 647 τὰς
3369 581 3588 652 ἡμέρας
3622 584 3741 638 τῶν
3776 588 3905 641 Βαα-

662 672 969 726 immolabat
1031 670 1124 733 eis,
1173 678 1221 723 et
1263 669 1620 721 circumdabat
1826 671 2034 723 inaures
2079 686 2235 732 suos,

662 776 707 816 et
731 763 947 814 monilia
969 777 1088 825 sua,
1112 770 1158 814 et
1187 761 1299 814 ibat
1330 768 1450 826 post
1467 769 1729 815 mnatores
1753 776 1875 814 suos
1898 775 1916 812 :
1938 760 2042 815 mei
2065 768 2238 814 autem

661 853 824 907 oblita
868 861 966 917 est,
993 851 1121 905 dicit
1146 850 1427 907 Dominus.

730 1031 873 1088 XXI.
920 1032 1053 1086 Tam
1115 1031 1350 1096 severae}
1402 1031 1509 1085 imo
1539 1030 1707 1085 etiam
1759 1030 1813 1084 in
1857 1030 1980 1085 illos
2041 1045 2236 1086 conve-

656 1123 1023 1177 nientissima;
1051 1121 1438 1189 indignationis
1460 1138 1677 1177 causam
1715 1124 1910 1177 iterum
1934 1124 2231 1194 subiungit.

652 1212 798 1283 Quia
822 1216 970 1269 enim
1006 1216 1057 1272 in
1102 1230 1296 1269 errore
1358 1214 1648 1269 admodum
1702 1215 1792 1269 diu
1855 1218 2232 1283 perstiterunt,

661 1308 851 1377 aequali
872 1306 1134 1375 temporis
1173 1306 1524 1361 diuturnitate
1553 1322 1647 1361 eos
1694 1307 1785 1362 Dei
1826 1308 1959 1362 iram
1987 1320 2237 1377 expertu-

659 1413 750 1453 ros
795 1398 1043 1451 aﬂirutat.
1092 1394 1203 1449 Hoc
1241 1397 1340 1451 sibi
1381 1395 1511 1462 vult,
1545 1399 1777 1466 opinor:
1816 1417 1833 1449 ι
1866 1396 2112 1453 Ulciscar
2142 1414 2234 1454 su-

657 1505 754 1555 per
784 1504 903 1544 eam
950 1489 1071 1541 dies
1108 1486 1334 1552 Baalim,
1371 1505 1391 1537 ι
1425 1487 1527 1541 hoc
1554 1496 1636 1542 est
1665 1487 1948 1565 idolorum.
1969 1489 2231 1560 Exazqua-

657 1582 789 1634 bunt
835 1579 976 1633 enim
1028 1577 1207 1647 plane,
1248 1577 1441 1645 inquit.
1467 1579 1586 1633 dies
1634 1580 1866 1645 erroris,
1906 1579 2100 1649 quibus
2148 1581 2231 1634 in~

655 1683 878 1723 censum
928 1668 1164 1723 adolevit
1225 1666 1377 1734 Baal,
1418 1668 1534 1723 dies
1592 1668 1840 1738 supplicii
1873 1677 1929 1723 et
1988 1669 2228 1724 ultionis.

657 1759 772 1815 Non
808 1761 950 1815 enim
996 1759 1203 1814 destitit
1238 1773 1298 1812 se
1320 1773 1540 1824 ornare,
1575 1767 1631 1815 et
1677 1760 1813 1815 velle
1879 1760 2228 1815 multifariam

2344 669 2503 738 λεὶμ,
2542 670 2613 722 ἐν
2644 664 2740 735 αἷς
2768 670 3023 723 ἐπέθυεν
3059 670 3289 737 αὐτοῖς,
3331 672 3431 727 καὶ
3462 676 3816 742 περιετίθετο
3842 678 3905 732 τὰ

2343 760 2553 814 ἐνώτια
2583 760 2794 830 αὐτῆς.
2825 760 2922 813 καὶ
2948 760 3021 815 τὰ
3060 764 3351 831 καθόρμια
3375 763 3571 833 αὐτῆς
3591 780 3608 797 ·
3655 764 3755 819 καὶ
3788 766 3903 820 ἐπο-

2333 852 2548 918 ρεύετο
2580 853 2773 904 ὀπίσω
2809 850 2929 905 τῶν
2954 851 3224 919 ἐραστῶν
3276 852 3491 921 αὐτῆς,
3521 854 3670 923 ἐμοῦ
3714 855 3781 909 δὲ
3812 857 3903 911 ὲκ-

2342 939 2615 1006 ελάθετο,
2646 941 2807 1009 λέγει
2840 943 3074 1010 Κύριος.

2412 1032 2543 1085 KA’.
2631 1032 2910 1103 Ἐπιφέρει
2960 1033 3121 1086 πάλιν
3167 1033 3329 1096 εὐθὺς
3372 1034 3471 1104 τῆς
3529 1032 3676 1088 οὕτω
3711 1034 3899 1104 δεινῆς⁵

2343 1121 2544 1192 μᾶλλον
2580 1122 2637 1175 δὲ
2673 1124 2769 1177 καὶ
2820 1123 2939 1176 λίαν
2987 1124 3447 1196 πρεπωδεστάτης
3498 1125 3683 1188 αὐτοῖς
3717 1126 3902 1193 ἀγανα-

2341 1215 2587 1285 κτήσεως
2632 1215 2731 1287 τὴν
2776 1215 2973 1268 αἰτίαν.
3024 1216 3241 1287 Ἐπειδὴ
3292 1216 3402 1286 γὰρ
3448 1218 3694 1288 μακροὺς
3743 1218 3801 1271 ὲν
3835 1218 3903 1288 τῷ

2340 1301 2716 1372 πεπλανῆσθαι
2743 1301 3143 1357 διατετελέκασι
3173 1303 3417 1374 χρόνους,
3450 1304 3509 1357 ἐν
3543 1304 3685 1367 εσαις
3709 1304 3901 1374 καιρῶν

2341 1394 2708 1464 παρατάσεσι,
2737 1395 2922 1464 φησὶν,
2952 1395 3135 1461 ἕξουσι
3170 1397 3269 1467 τὴν
3297 1397 3486 1467 ὀργήν.
3517 1394 3709 1458 Τοῦτο,
3737 1391 3900 1465 οἴμαι,

2337 1484 2457 1536 ἐστὶ
2505 1484 2586 1547 τὸ,
2644 1501 2663 1535 ι
2712 1484 3011 1555 Ἑκδικήσω
3054 1485 3143 1538 ἐπ’
3185 1485 3353 1557 αὐτὴν
3398 1487 3499 1549 τὰς
3549 1485 3761 1556 ἡμέρας
3805 1487 3901 1540 τῶν

2339 1573 2603 1643 Βααλεὶμ,
2647 1593 2665 1625 ι
2706 1575 2953 1630 τουτέστι
2978 1575 3085 1628 τῶν
3113 1576 3368 1630 εἰδώλων.
3416 1577 3775 1646 Ἰσομοιρήσει
3802 1577 3901 1647 γὰρ

2339 1666 2575 1728 πάντως,
2611 1666 2768 1736 φησὶ,
2810 1669 2928 1730 ταῖς
2958 1668 3056 1737 τῆς
3089 1667 3409 1739 πλανήσεως
3448 1667 3700 1737 ἡμέραις,
3732 1669 3791 1721 ἐν
3821 1664 3901 1732 αἶς

2336 1753 2532 1824 ἐθυμία
2559 1758 2623 1827 τῇ
2656 1756 2825 1819 Βάαλ,
2854 1757 2922 1809 τὰ
2952 1759 3018 1810 ὲκ
3045 1758 3235 1829 ποινῆς
3264 1775 3322 1811 τε
3353 1759 3447 1812 καὶ
3495 1759 3669 1831 δίκης.
3701 1762 3777 1815 Οὐ
3800 1762 3901 1833 γὰρ

655 1852 865 1920 placere
915 1851 1027 1905 suis
1057 1850 1411 1906 amatoribus.
1427 1849 1663 1905 Ornatus
1697 1860 1877 1905 autem
1926 1851 2214 1904 animarum

2334 1843 2665 1899 διαλέλοιπεν
2708 1846 3076 1918 ὡραῖζομένη,
3125 1848 3222 1903 καὶ
3252 1851 3364 1912 τοῖς
3409 1850 3610 1920 ἑαυτῆς
3655 1853 3900 1922 ἐρασταῖς

658 1944 973 2000 idololatria:
1003 1942 1389 2009 implicitarum
1415 1949 1499 1995 est
1547 1940 1634 1995 illa
1676 1942 1926 2012 persequi
1985 1950 2041 1996 et
2076 1941 2214 1996 facti.

2333 1935 2637 1990 ἁνδάνουσα
2671 1938 3045 2008 πολυτρόπως.
3080 1939 3298 2010 Κόσμος
3325 1939 3381 1993 δὲ
3407 1942 3605 2012 ψυχαῖς
3628 1944 3899 1998 είδωλολαυ

658 2046 779 2091 tare
817 2046 935 2102 quae
975 2032 1200 2101 impuris
1230 2031 1562 2086 daemonibus
1594 2032 1853 2085 arrident.
1903 2031 2056 2087 Sicut
2080 2033 2214 2087 enim

2329 2030 2476 2097 τρεῖν
2511 2028 2835 2099 ᾑρημέναις,
2869 2030 2931 2083 τὸ
2983 2030 3169 2083 ἐκεῖνα
3216 2031 3485 2103 πληροῦν,
3534 2033 3571 2089 ἃ
3614 2037 3728 2099 τοῖς
3773 2038 3899 2089 ἀκα-

652 2124 997 2192 conspicuam
1042 2136 1162 2177 esse
1191 2121 1425 2176 dicimus
1465 2121 1700 2175 hominis
1755 2125 2012 2186 animam,
2040 2125 2214 2192 inqua

2329 2117 2550 2189 θάρτοις
2594 2120 2892 2190 δαιμονίοις
2934 2120 3102 2177 δοκεῖ.
3152 2122 3359 2195 Ὥσπερ
3404 2127 3512 2194 γὰρ
3567 2125 3898 2180 ἀπόϐλεπτον

652 2215 869 2270 virtutis
912 2213 1253 2279 excellentia,
1279 2221 1331 2266 et
1387 2211 1729 2280 pulchritudo
1768 2212 2122 2280 perspicitur:
2147 2214 2214 2269 sit

2327 2199 2465 2260 εἷναί
2495 2223 2675 2277 φαμεν
2700 2206 2989 2279 ἀνθρώπου
3014 2208 3211 2280 ψυχὴν,
3236 2205 3379 2283 ᾗπερ
3412 2212 3477 2265 ἂν
3503 2213 3678 2283 ὁρῷτο
3707 2216 3897 2285 προσὸν

653 2309 894 2362 animam
945 2306 1184 2376 peccatis
1223 2305 1475 2372 amicam,
1504 2305 1941 2374 cogitantemque
1969 2313 2026 2359 et
2063 2320 2226 2375 agen-

652 2406 758 2452 tem
785 2412 849 2451 ex
909 2397 1157 2451 instituto
1192 2410 1311 2465 qua:
1355 2395 1661 2449 daemonum
1707 2394 1958 2463 gregibus
1989 2395 2225 2463 jucunda

649 2499 705 2543 et
734 2497 958 2558 accepta
999 2494 1155 2551 sunt,
1189 2485 1344 2556 longe
1378 2484 1792 2552 pulcherrimam
1828 2484 1927 2538 illis
1967 2500 2091 2540 esse
2112 2493 2225 2539 stu-

649 2580 906 2634 tuendum
949 2587 1056 2632 est.
1092 2576 1238 2631 Talis
1277 2577 1455 2629 anima
1494 2589 1615 2629 cum
1681 2575 1906 2629 muliere
1959 2578 2224 2643 improba,

650 2684 785 2722 auro
811 2683 873 2722 se
913 2666 1075 2722 stulte
1120 2662 1438 2730 clamante,
1462 2666 1901 2733 ornamentisque
1932 2665 2143 2719 aurium
2168 2677 2224 2719 et

648 2759 771 2815 colli
824 2740 1125 2813 amatorum
1174 2772 1391 2812 suorum
1419 2756 1580 2810 corda
1626 2756 2013 2825 prepetnodum
2044 2757 2224 2811 incan-

651 2859 799 2904 tante
823 2847 1057 2903 conferri
1095 2856 1291 2918 potest.
1320 2846 1623 2913 Quatndam
1674 2846 1840 2915 igitur
1903 2848 2219 2916 dignitatem

647 2942 791 3011 parit
848 2940 1105 3010 improbis
1144 2955 1315 2997 omne
1345 2954 1516 3009 genus
1556 2938 1935 2992 immunditiat.
1980 2936 2217 3003 Quorum

647 3040 828 3086 autem
866 3046 1062 3100 scapus
1088 3038 1172 3085 est
1204 3032 1269 3084 ad
1302 3031 1387 3083 illa
1420 3029 1710 3097 respicere,
1739 3029 1807 3083 iis
1827 3029 1993 3082 etiam
2029 3028 2219 3082 solem-

646 3140 715 3179 ne
752 3134 809 3179 et
856 3126 1217 3179 necessarium
1277 3139 1395 3178 esse
1434 3123 1604 3191 ipsius
1639 3137 1851 3191 quoque
1888 3123 1978 3176 Dei
2029 3123 2219 3177 oblivi-

644 3217 745 3281 sci,
774 3216 1011 3270 ostendit
1054 3230 1179 3270 cum
1204 3215 1335 3270 dicit
1360 3231 1377 3271 :
1406 3233 1425 3266 ι
1460 3214 1560 3268 Mei
1610 3222 1792 3267 autem
1822 3213 1987 3267 oblita
2014 3223 2119 3280 est,
2143 3215 2219 3265 di-

644 3307 722 3361 dt
765 3306 1091 3362 Dominus.)
1150 3302 1252 3359 Ubi
1312 3306 1458 3360 enim
1510 3305 1782 3358 iniit-mata
1825 3312 1944 3369 est,
1997 3303 2210 3374 inquit,
2241 3282 2282 3338 (ἶ

652 3398 983 3452 ιῑεειιουίιιιιε
1033 3396 1391 3461 οάιιετοηάο,
1452 3396 1560 3450 imo
1606 3410 1634 3448 ε
1684 3394 1948 3449 desiderio
1988 3403 2043 3449 et
2094 3410 2216 3465 pro-

639 3488 900 3556 pensione
935 3487 999 3541 ad
1064 3487 1262 3541 bonum
1304 3486 1518 3555 penitus
1559 3485 1904 3552 discedendo,
1937 3487 2049 3555 ipsa
2086 3503 2218 3557 quo—

637 3593 743 3647 que
764 3578 853 3632 Dei
879 3578 1138 3630 memoria
1160 3577 1378 3642 decidit,
1391 3589 1509 3645 qua:
1531 3575 1691 3630 tutius
1719 3574 2011 3643 impietatis
2028 3584 2214 3643 aperta

639 3666 1027 3724 demortstratio
1074 3674 1179 3722 est.
1521 3658 1527 3660 ⁷

704 3944 873 4000 Vitas.
900 3945 987 4000 l4.
1018 3943 1147 3999 Ideo
1162 3960 1286 3999 ecce
1312 3961 1402 4016 ego
1444 3948 1636 4000 seduco
1661 3961 1804 4011 eam,
1831 3955 1878 3999 et
1909 3963 2099 4014 ponam
2141 3947 2209 4001 il-

635 4036 745 4089 lam
776 4038 927 4105 quasi
948 4034 1233 4089 desertum.

706 4124 870 4178 XXII.
914 4122 1201 4192 Postquam
1246 4124 1413 4190 enim,
1466 4122 1660 4193 inquit,
1686 4123 1775 4178 illa
1809 4124 1990 4179 multis
2035 4124 2207 4179 modis

633 4216 879 4279 oﬂendit,
909 4230 1010 4283 ego
1055 4226 1233 4269 autem
1298 4213 1618 4269 defectionis
1669 4228 1858 4284 pwnas
1907 4216 2205 4285 justissime

633 4306 912 4375 νομοῃοεεὶ
944 4306 1109 4374 (ultus
1144 4320 1263 4359 sum
1295 4305 1437 4359 enim
1482 4320 1645 4375 super
1682 4321 1802 4360 eam
1824 4307 1942 4360 dies
1968 4304 2200 4368 Baalim,

2322 2295 2386 2349 τὺ
2415 2296 2736 2369 διαπρέπειν
2768 2300 2829 2352 ἐν
2855 2300 3078 2369 ἀρεταῖς
3096 2317 3111 2331 θ
3138 2301 3282 2355 οὕτω
3315 2302 3410 2355 καὶ
3448 2302 3625 2376 ψυχὴν
3652 2306 3754 2377 τὴν
3780 2306 3895 2377 φιλ-

2324 2392 2693 2459 αμαρτήμονα
2721 2393 2840 2455 ταῖς
2875 2390 2985 2444 τῶν
3035 2393 3328 2463 δαιμονίων
3373 2395 3596 2464 ἀγέλαις
3630 2397 3896 2469 ὑποτοπηο

2324 2479 2443 2533 τέον
2474 2476 2616 2535 εἶναι
2640 2482 2969 2553 περικαλλῆ,
3005 2486 3223 2554 φρονεῖν
3251 2501 3311 2539 τε
3361 2487 3455 2540 καὶ
3482 2486 3613 2557 δρᾷν
3642 2488 3895 2560 ἑλομένην

2324 2573 2433 2625 πᾶν
2457 2573 2485 2626 ὅ
2502 2571 2554 2625 τί
2585 2574 2733 2627 ἐστιν
2762 2574 2857 2645 ἡδύ
2898 2591 2958 2628 τε
2985 2576 3168 2639 αὐτοῖς
3186 2576 3284 2630 καὶ
3311 2578 3485 2647 φίλον.
3506 2581 3897 2651 Παρεικάζοιτο

2321 2664 2365 2716 δ’
2410 2663 2476 2717 ἂν
2532 2666 2566 2736 ἡ
2611 2666 2837 2737 τοιαύτη
2888 2666 3030 2739 ψυχὴ
3086 2671 3308 2736 γυναικὶ
3362 2670 3490 2735 τοὺς
3536 2673 3775 2741 τρόπους
3802 2675 3896 2727 οὐκ

2320 2756 2522 2827 ἀγαθῇ,
2556 2757 2591 2828 ἡ
2643 2759 2733 2811 καὶ
2766 2757 3028 2830 ὲξιτήλως
3060 2760 3412 2830 χρυσαῖζεται
3436 2800 3451 2827 ,
3494 2763 3658 2833 μόνον
3688 2764 3749 2818 δὲ
3780 2766 3896 2836 οὐχί

2319 2847 2414 2898 καὶ
2463 2849 2575 2910 τοῖς
2608 2850 2688 2911 εις
2743 2848 2879 2901 ὠτία
2929 2850 3023 2902 καὶ
3070 2850 3237 2921 δέρην
3288 2854 3608 2922 κοσμήμασι
3650 2854 3755 2926 τὴν
3793 2856 3894 2910 τῶν

2316 2936 2570 3008 ἐρώντων
2610 2939 2783 3009 αὐτῆς
2812 2940 3208 3010 καταγοητεύει
3236 2942 3485 3012 καρδίαν.
3520 2944 3790 3015 Σεμνύνει
3832 2946 3893 3017 δὴ

2317 3022 2411 3079 οὖν
2443 3027 2553 3097 ἄρα
2578 3030 2703 3091 τοὺς
2736 3029 3007 3099 πονηροὺς
3040 3029 3147 3081 πᾶν
3194 3023 3332 3093 εἶδος
3375 3030 3739 3105 ἀκαθαρσίας.
3776 3035 3895 3089 Ὅτι

2316 3114 2393 3180 δὲ,
2431 3109 2512 3179 οἷς
2539 3117 2570 3167 ὁ
2598 3117 2800 3182 σκοπὸς
2821 3118 2957 3189 πρὸς
2981 3120 3164 3171 ὲκεῖνα
3192 3118 3435 3189 βλέπειν,
3476 3121 3687 3188 τούτοις
3717 3124 3787 3180 ἂν
3810 3128 3893 3196 εἴη

2320 3206 2554 3278 σύνηθές
2590 3224 2649 3260 τε
2678 3208 2772 3261 καὶ
2822 3210 3119 3277 ἀναγκαῖον
3158 3208 3222 3261 τὸ
3266 3210 3361 3264 καὶ
3385 3212 3558 3282 αὐτῆς
3585 3213 3893 3269 ἁπολισθεῖν

2317 3297 2417 3367 τῆς
2444 3298 2539 3351 τοῦ
2572 3297 2706 3352 Θεοῦ
2752 3302 2993 3370 μνήμης,
3027 3299 3261 3369 δέδειχεν
3305 3301 3509 3356 εἰπών’
3560 3321 3580 3355 ι
3633 3304 3802 3374 Ἐμοῦ
3841 3305 3893 3359 (Σὲ

2318 3388 2634 3457 ἐπελάθετο,
2680 3390 2827 3458 λέγει
2874 3391 3098 3462 Κύριος.
3141 3410 3162 3444 ι
3210 3392 3427 3464 Ἐπειδὴ
3464 3394 3572 3466 γὰρ
3602 3397 3892 3467 κατηρρὠ

2320 3497 2508 3552 στησε,
2536 3482 2690 3553 φησὶ,
2712 3482 2790 3554 τῷ
2823 3483 3179 3556 προσκεῖσθαι
3206 3486 3319 3548 τοῖς
3344 3484 3660 3556 δαιμονίοις,
3690 3488 3891 3557 μᾶλλον

2314 3571 2371 3623 δὲ
2402 3557 2834 3643 καὶὸλοτρόπως
2888 3575 3190 3646 ἁποφοιτᾷν
3229 3574 3330 3645 τῆς
3370 3579 3448 3641 είς
3473 3577 3535 3630 τὸ
3563 3579 3772 3647 ἀγαθὸν
3797 3581 3891 3651 ιφ-

2316 3661 2486 3725 ἐσεώς
2528 3679 2588 3716 τε
2622 3665 2719 3717 καὶ
2758 3664 3084 3737 προθυμίας,
3133 3667 3229 3721 καὶ
3270 3667 3440 3739 αὐτῆς
3482 3669 3764 3725 ἀπώλισθε
3795 3673 3890 3743 τῆς

2312 3752 2406 3803 τοῦ
2433 3751 2568 3804 Θεοῦ
2603 3754 2846 3825 μνήμης.
2880 3754 3050 3809 Τοῦτο
3080 3755 3139 3809 δέ
3176 3756 3293 3809 ἐστι
3319 3757 3419 3830 τῆς
3445 3758 3678 3813 είσάπαν
3699 3760 3888 3814 δυσσεο

2310 3842 2463 3907 ὅείας
2492 3845 2771 3912 ἀπόδειξις
2815 3847 3072 3917 ἐναργής.

2379 3933 2483 3986 Διὰ
2518 3933 2693 3988 τοῦτο
2738 3934 2869 3989 ἰδοὺ
2913 3935 3031 4006 ἐγὼ
3075 3935 3286 3991 πλανῶ
3317 3936 3532 4006 αὐτὴν,
3577 3938 3682 3992 καί
3725 3939 3887 4006 τάξω

2306 4023 2505 4090 αὐτὴν
2535 4024 2616 4086 ὡς
2647 4023 2891 4092 ἔρημον.

2380 4115 2507 4168 KB’.
2562 4116 2780 4187 Ἐπειδὴ
2823 4116 2968 4188 γὰρ,
3029 4117 3227 4188 φησὶν,
3286 4117 3429 4189 αῦτη
3483 4118 3584 4190 μὲν
3624 4118 3883 4187 ἐξώκειλε

2306 4206 2678 4277 πολυτρόπως,
2710 4208 2950 4279 ἐζήτησα
2990 4207 3046 4260 δὲ
3090 4208 3184 4262 καὶ
3233 4208 3354 4263 λίαν
3392 4209 3567 4281 ὀρθῶς
3609 4212 3710 4286 τῆς
3750 4213 3881 4266 ﬁmo

2306 4298 2531 4361 στασίας
2560 4297 2659 4360 τὰς
2706 4298 2862 4361 δίκας
2912 4300 3260 4371 (ἐκδεδίκηκα
3302 4301 3411 4372 γὰρ
3439 4303 3527 4356 ἐπ’
3576 4304 3749 4376 αὐτὴν
3784 4305 3881 4369 τὰς

631 4411 687 4451 et
730 4397 1076 4464 proportione
1115 4395 1432 4451 delictorum
1464 4397 1665 4467 savii);
1691 4397 1811 4451 ideo
1850 4400 1902 4450 in
1929 4407 2200 4463 posterum

2315 4388 2516 4460 ἡμέρας
2540 4388 2648 4443 τῶν
2680 4389 2942 4461 Βααλεὶμ,
2984 4391 3080 4443 καὶ
3112 4393 3339 4465 ἰσοπαλῆ
3385 4396 3497 4458 τοῖς
3541 4396 3879 4468 πταίσμασιν

629 4486 698 4538 ad
740 4485 1165 4539 misericordiam
1208 4501 1292 4541 me
1314 4487 1577 4554 ,dabo,et
1614 4503 1731 4543 eam
1776 4491 1842 4541 ad
1881 4488 2122 4555 meliora,
2147 4499 2201 4542 et

2315 4481 2605 4551 izsvﬁvoxa.
2634 4482 2734 4551 τὴν
2769 4482 2961 4553 ὀργήν)
3011 4483 3182 4556 ταύτῃ
3228 4502 3309 4539 τοι
3350 4485 3534 4540 λοιπὸν
3574 4489 3654 4551 εἰς
3698 4490 3879 4542 ἔλαιον

626 4578 696 4632 ad
737 4577 1045 4631 facultatem
1091 4592 1155 4630 ea
1206 4579 1521 4646 prmstandi,
1571 4594 1666 4646 per
1705 4594 1827 4648 qum
1874 4578 1985 4633 Deo
2041 4591 2192 4650 grata

2315 4574 2736 4643 ιεταστήσομαι,
2766 4573 2862 4627 καὶ
2885 4574 3021 4644 πρὸς
3041 4576 3101 4628 τὸ
3124 4577 3348 4644 ἄμεινον
3373 4580 3711 4650 μετακομιῶ,
3738 4581 3879 4651 πρός

624 4670 851 4723 evadere
890 4678 1071 4738 queat,
1115 4669 1456 4725 transferam.
1490 4670 1623 4736 Quis
1659 4685 1808 4740 ergo,
1856 4671 2047 4738 inquit,
2078 4688 2191 4725 mo-

2315 4680 2353 4715 πε
2372 4663 2433 4716 τὸ
2451 4662 2709 4716 δύνασθαι
2732 4662 2970 4735 πληροῦν
2994 4666 3063 4718 τὰ
3085 4666 3151 4719 δι’
3174 4660 3249 4720 ὧν
3274 4666 3338 4719 ἂν
3359 4669 3565 4735 γένοιτο
3591 4669 3873 4743 θεοφιλής.

623 4758 722 4813 dus
744 4760 850 4812 erit
894 4758 1246 4813 sanationis?
1298 4776 1315 4808 ι
1360 4758 1500 4812 Ecce
1532 4774 1631 4828 ego
1672 4760 1877 4813 seduco
1925 4757 2073 4813 illam
2110 4776 2123 4813 :
2166 4777 2185 4809 ι

2315 4755 2388 4819 Γίς
2413 4755 2478 4826 δὴ
2504 4752 2598 4811 οὖν
2627 4756 2755 4828 ἄρα,
2785 4758 2969 4827 φησὶν,
3003 4760 3031 4810 ὁ
3057 4757 3157 4827 τῆς
3182 4759 3421 4821 ἀκέσεως
3450 4759 3600 4812 ἔσται
3634 4763 3873 4832 τρόποςς

620 4862 727 4899 non
776 4863 906 4901 sane
956 4848 1024 4901 ab
1060 4862 1132 4901 eo
1184 4849 1323 4915 quod
1373 4848 1583 4901 tuendae
1635 4850 1754 4903 vitae
1822 4849 2186 4905 necessarium

2370 4846 2499 4900 Ἰδοὺ
2527 4844 2638 4915 ἐγὼ
2680 4846 2867 4901 πλανῶ
2901 4848 3107 4917 αὑτήν
3142 4866 3161 4899 ι
3200 4850 3297 4901 οὑκ
3334 4849 3441 4901 ἀπό
3469 4866 3532 4917 γε
3572 4850 3667 4903 τοῦ
3702 4854 3876 4922 ἀναγ-

616 4943 703 4988 est
740 4944 901 5003 atque
950 4937 1099 5000 utile,
1129 4947 1187 4991 ut
1227 4938 1479 5004 deinceps
1530 4937 1640 4991 tale
1690 4954 1794 4991 non
1820 4936 1927 5009 45
1965 4939 2185 4992 sitzsed

2315 4938 2443 4990 εαίου
2479 4941 2573 4991 καὶ
2628 4939 2902 5010 χρησίμου
2939 4941 3077 5010 πρὸς
3107 4939 3253 5011 ζωὴν
3290 4940 3425 5010 πρὸς
3460 4940 3520 4993 τὸ
3570 4942 3647 5012 μὴ
3692 4942 3873 5007 οὕτως

618 5043 648 5079 a
694 5027 958 5094 turpibus,
985 5037 1038 5080 et
1060 5043 1260 5082 nocere
1301 5026 1475 5080 solitis
1499 5028 1566 5080 ad
1614 5028 1782 5081 utilia.
1824 5029 2184 5092 Quemadmo-

2315 5046 2430 5099 χον,
2459 5029 2577 5083 ἀλλ’
2609 5032 2675 5083 ὲκ
2704 5028 2812 5085 τῶν
2856 5030 3144 5099 αἰσχιόνων
3172 5031 3265 5084 καὶ
3291 5030 3497 5084 ἀδικεῖν
3538 5035 3871 5101 πεφυκότων

615 5116 740 5167 dum
779 5116 921 5169 enim
955 5132 987 5169 a
1025 5117 1223 5171 virtute
1253 5121 1318 5172 ad
1366 5120 1493 5172 vitia
1530 5118 1805 5173 seducitur
1855 5122 2064 5183 anima;
2108 5118 2180 5172 ita

2315 5121 2377 5173 πὶ
2400 5121 2461 5174 τὺ
2491 5121 2678 5175 τελοῦν
2706 5123 2787 5185 είς
2829 5121 3035 5192 ὄνησιν.
3069 5121 3280 5191 Ὥσπερ
3312 5121 3420 5192 γὰρ
3462 5122 3522 5187 ἐξ
3550 5123 3759 5195 αρετῆς
3790 5131 3869 5190 εἰς

613 5218 694 5268 ut,
736 5207 993 5271 arbitror,
1043 5223 1072 5261 a
1123 5211 1364 5263 moribus
1409 5211 1678 5276 perversis
1724 5211 1868 5267 velut
1908 5217 2178 5278 retwgre-

608 5297 786 5363 diens,
816 5298 1032 5353 seducta
1065 5304 1450 5369 pmpemodnm
1510 5300 1675 5355 videri
1718 5309 1898 5370 queat,
1934 5318 1965 5356 e
2015 5316 2179 5369 scopo

604 5402 704 5443 suo
755 5389 987 5455 detorta,
1016 5402 1072 5446 et
1108 5394 1377 5461 proposita
1407 5395 1601 5450 semita
1653 5408 1759 5447 non
1789 5393 2021 5462 amplius
2049 5410 2177 5449 cur-

603 5494 752 5535 rens.
800 5481 867 5534 Et
902 5482 1045 5536 sicut
1092 5484 1207 5550 ejus
1238 5484 1339 5538 via:
1366 5485 1569 5539 utiliter
1616 5485 1754 5553 palis
1802 5486 2175 5555 impedieban-

600 5572 709 5637 tui‘,
764 5588 831 5628 ne
884 5586 1153 5629 amatores
1191 5590 1318 5630 suos
1368 5580 1891 5646 assequemtttrzita
1938 5588 1994 5634 et
2034 5598 2175 5636 nunc

598 5664 762 5717 veluti
818 5679 913 5733 per
939 5682 1176 5735 praeceps
1206 5670 1256 5720 in
1292 5668 1582 5735 perniciem
1642 5681 1692 5724 et
1730 5672 1951 5725 exitium
1990 5688 2175 5727 errare

596 5754 830 5818 videtur,
859 5756 926 5810 ad
977 5772 1216 5810 amorem
1270 5759 1480 5813 virtutis
1524 5758 1631 5814 Deo
1667 5761 1957 5817 miserante
1999 5774 2172 5817 trans-

595 5840 728 5909 lata,
762 5854 818 5897 et
853 5858 976 5900 vera
1018 5846 1111 5901 Dei
1143 5848 1450 5915 cognitione
1475 5849 1526 5903 in
1578 5851 1835 5916 animum,
1867 5862 1921 5907 et
1965 5854 2168 5909 tamine

2284 5213 2594 5282 φαυλότητα
2612 5213 2879 5266 πλανᾶται
2904 5212 3047 5282 ψυχή
3072 5226 3088 5243 ⁸
3123 5211 3213 5265 τὸν
3240 5212 3423 5278 αὑτὸν,
3453 5209 3630 5284 οἶμαι,
3658 5218 3869 5287 τρόπον

2280 5310 2346 5362 ὲκ
2372 5309 2483 5362 τῶν
2511 5309 2609 5379 τῆς
2630 5309 2963 5380 φαυλότητος
2984 5308 3201 5379 τρόπων
3225 5309 3417 5366 ἀνόπιν
3458 5310 3647 5384 ὥσπερ
3678 5314 3863 5375 ἰοῦσα.

2282 5402 2564 5472 μονονουχὶ
2586 5401 2963 5471 πεπλανῆσθαι
2993 5400 3193 5465 δόξειεν
3233 5400 3322 5463 ἂν,
3353 5401 3448 5455 τοῦ
3485 5404 3614 5457 ίδίου
3648 5408 3863 5462 σκοποῦ

2277 5493 2751 5563 παρενηνεγμένη,
2792 5493 2886 5545 καὶ
2922 5492 3108 5563 τρίϐον
3135 5492 3318 5546 οὐκέτι
3360 5494 3460 5564 τὴν
3493 5495 3863 5565 προτεθεῖσαν

2275 5581 2583 5637 διάττουσα.
2620 5584 2729 5637 Καὶ
2759 5584 2947 5652 ὥσπερ
2974 5583 3146 5653 αὐτῆς
3193 5584 3250 5636 αί
3277 5583 3389 5637 ὁδοὶ
3421 5585 3707 5656 χρησίμως
3740 5592 3861 5654 τοῖς

2276 5671 2528 5741 σκόλοψιν
2570 5672 2984 5744 ἀνεφράττοντο,
3019 5673 3105 5725 ἵνα
3131 5672 3204 5742 μὴ
3232 5671 3510 5743 καταλάϐῃ
3535 5675 3658 5737 τοὺς
3678 5676 3861 5747 αὐτῆς

2274 5763 2507 5833 ἐραστάς
2534 5779 2548 5794 ’
2586 5761 2726 5815 οὓτω
2756 5762 2851 5816 καὶ
2896 5760 2992 5815 νῦν
3041 5761 3203 5813 οἱονεί
3230 5778 3347 5826 πως
3391 5763 3660 5834 τρέχουσα
3704 5766 3861 5820 κατὰ.

2272 5855 2512 5925 πρανοῦς
2555 5856 2633 5919 είς
2658 5856 2879 5927 ὄλεθρον
2920 5854 3019 5909 καὶ
3052 5853 3348 5924 ἀπώλειαν,
3377 5856 3516 5926 ἐλέῳ
3544 5856 3680 5911 Θεοῦ
3702 5856 3853 5913 πλα-
