4094 6562
278 432 340 488 81
1191 434 1738 494 COMMENTARIUS
1774 437 1843 493 IN
1883 437 2115 494 OSEAM
2156 433 2604 496 PBOPIIETAH.

3451 439 3542 495 8‘1“

277 546 472 603 νᾱσθαι
492 547 662 613 δοκεῖ,
692 548 1060 620 μεθισταμένη
1101 552 1237 623 πρὸς
1263 552 1450 623 ἔφεσιν
1492 555 1713 626 ἀρετῆς,
1754 557 1849 610 καὶ

1954 557 2004 609 in
2046 571 2141 633 cpr
2180 563 2455 624 suscepto,
2486 563 2542 609 et
2572 553 2714 607 viam
2779 554 3088 623 pristinam,
3134 562 3194 607 ut
3228 553 3362 617 dixi,
3414 568 3523 609 non

274 637 377 706 τῆς
403 636 639 709 ἀληθοῦς
667 637 997 706 θεογνωσίας
1023 641 1104 704 είς
1146 640 1274 694 νοῦν
1323 644 1417 696 καὶ
1443 645 1670 715 καρδίαν
1698 645 1850 716 δεχο·

280 726 417 797 μόνη
445 725 508 780 τὸ
534 726 671 795 φῶς,
700 728 795 781 καὶ
822 728 921 798 τὴν
966 729 1218 800 ἀρχαίαν,
1240 731 1317 795 ὡς
1342 732 1498 804 ἔφην,
1528 734 1709 788 οὐκέτι
1742 735 1851 805 τρί-

278 818 373 874 σον
396 818 745 889 εὑρίσκουσα.
791 819 982 874 ’ἰστέον
1002 820 1079 885 δέ,
1112 822 1195 875 ὅτι
1226 822 1308 887 τὸ,
1340 842 1359 876 ι
1387 823 1582 878 Πλανῶ
1606 825 1794 896 αὐτὴν,
1823 845 1843 879 ι

275 912 390 971 τοῖς
419 910 626 981 ἐτέροις
661 912 1023 982 ἐρμηνευταῖς
1059 914 1272 985 εἴρηται
1307 915 1408 985 μὲν
1451 915 1647 980 ἄλλως.
1680 918 1846 988 Πλὴν,

278 1002 361 1066 είς
388 1002 485 1056 ἱνα
512 1004 605 1057 καὶ
635 1003 729 1057 τὸν
756 1003 919 1057 αὑτὸν
954 1005 1381 1076 ἀποπεραίνεται
1412 1007 1555 1061 νοῦν.
1596 1008 1851 1063 Ἐκδεδὼ-

278 1106 411 1144 κασι
440 1091 570 1163 γὰρ,
613 1093 664 1145 oi
723 1092 842 1161 μὲν,
868 1110 887 1143 ι
922 1094 1005 1146 ὅτι
1032 1093 1142 1148 ίδοὺ
1168 1092 1280 1161 ἐγὼ
1300 1094 1561 1167 ἀποφέρω
1581 1097 1751 1168 αὐτήν
1771 1113 1786 1128 ⁸
1824 1116 1844 1151 ι

277 1184 328 1234 oi
352 1181 430 1247 δέ,
467 1200 486 1234 ι
516 1183 598 1235 ὅτι
620 1181 844 1236 Ἀπατῶ
889 1183 1061 1255 αὑτήν
1079 1201 1095 1216 ·
1126 1203 1146 1238 ι
1175 1186 1567 1257 ἐτεροτρόπως,
1585 1188 1662 1252 ὡς
1688 1189 1846 1259 ἔφην,

283 1274 418 1327 αὐτὸ
453 1274 519 1343 δὴ
553 1274 713 1327 τοῦτο
750 1275 1127 1344 σημαίνοντες,
1174 1277 1254 1343 τὸ,
1293 1296 1313 1329 ι
1347 1277 1565 1343 Πλανῶ,
1615 1298 1636 1331 ι
1684 1281 1846 1349 φημὶ,

278 1364 565 1435 χρησίμως
609 1368 917 1436 νοούμενον.
971 1367 1212 1437 Βάσιμον
1254 1367 1315 1422 δὲ
1360 1363 1548 1432 οὖσαν,
1596 1370 1690 1423 καὶ
1738 1368 1848 1425 οἷον

277 1455 499 1527 ἔνυδρον
549 1457 655 1527 γῆν
703 1460 825 1522 ταῖς
871 1456 980 1511 τῶν
1031 1458 1322 1528 δαιμονίων
1372 1459 1615 1528 ἀγέλαις,
1664 1460 1848 1528 τάξειν

278 1552 378 1623 ερη
387 1568 486 1622 μον
523 1548 942 1618 ἐπαγγέλλεται,
968 1547 1256 1612 διδάσκων,
1282 1550 1367 1603 ὅτι
1412 1548 1644 1620 σκληρόν
1671 1567 1731 1603 τε
1755 1552 1849 1605 καὶ

278 1642 480 1712 ἀστιδῆ
514 1640 609 1695 καὶ
641 1640 869 1711 ἄνυδρον
914 1641 1185 1709 ἀποφανεῖ
1224 1642 1335 1702 τοῖς
1363 1639 1585 1694 ἐκείνων
1616 1640 1850 1712 θελήμα.

280 1750 385 1793 σιν.
419 1733 497 1796 ὡς
540 1730 855 1802 άναπαύλης
884 1731 1070 1784 οὐδένα
1113 1730 1299 1784 λοιπὸν
1330 1731 1683 1802 εὑρίσκοντας
1720 1733 1847 1805 τρό-

278 1840 400 1889 πον,
433 1822 813 1894 παραιτεῖσθαι
852 1822 944 1874 καὶ
974 1821 1297 1892 ἀποφοιτᾷν.

346 1914 504 1969 Οῦτω
555 1914 650 1968 καὶ
697 1914 727 1965 6
769 1912 970 1983 Κύριος
1018 1910 1174 1983 ἡμῶν
1218 1912 1423 1983 Ἰησοῦς
1465 1913 1699 1984 Χριστὸς

276 2006 492 2072 ἐξελθὸν
538 2005 844 2075 ἀκάθαρτον
893 2002 1108 2074 πνεῦμα
1142 2005 1208 2056 ἐκ
1243 2002 1337 2057 τοῦ
1374 2003 1660 2075 ἀνθρώπου
1704 2005 1847 2077 διέρ-

276 2099 468 2171 χεσθαί
498 2116 632 2168 φησι
662 2097 728 2151 δι’
759 2096 1001 2165 ἀνύδρων
1051 2095 1250 2160 τόπων,
1286 2095 1481 2165 ζητοῦν
1522 2097 1847 2162 ἀνάπαυσιν,

276 2190 373 2243 καὶ
425 2188 500 2261 μὴ
554 2188 844 2259 εὑρίσκειν.
877 2187 1089 2257 Ὠσπερ
1128 2189 1236 2256 γὰρ
1285 2185 1595 2258 ἀνθρώποις
1635 2188 1735 2242 οὑκ
1770 2190 1849 2242 oi-

276 2282 513 2351 κήσιμος
555 2280 586 2332 6
633 2279 858 2350 ἄνυδρος
909 2277 1082 2348 χῶρος
1107 2292 1121 2307 ·
1182 2275 1326 2331 οὕτω
1372 2277 1465 2331 καὶ
1522 2278 1850 2350 ἀκαθάρτοις

274 2372 554 2441 πνεύμασι
580 2372 789 2442 πονηρά
823 2372 918 2425 καὶ
946 2373 1327 2445 ἀπηχθημένη,
1374 2377 1470 2430 καὶ
1502 2371 1613 2431 οἷον
1650 2378 1847 2442 άϐατός

273 2474 339 2511 τε
390 2458 486 2511 καὶ
509 2457 736 2529 ἄνυδρος
763 2459 833 2530 γῆ
858 2462 1018 2513 νοοῖτ’
1039 2460 1105 2515 ἂν
1126 2462 1349 2527 εἰκότως
1381 2466 1415 2535 ἡ
1449 2465 1701 2537 θεοφιλὴς
1753 2467 1849 2521 καὶ

273 2548 401 2601 ὁσία
426 2548 593 2619 ψυχὴ,
622 2551 717 2604 καὶ
754 2550 822 2604 τὰ
853 2550 1080 2616 ἐκείνοις
1111 2555 1234 2607 καθ’
1264 2555 1478 2627 ἡδονὴν,
1515 2556 1549 2626 ἢ
1607 2559 1844 2628 φρονεῖν,

274 2637 310 2706 ἦ
336 2638 468 2709 δρᾷν
497 2640 597 2692 οὐκ
621 2640 944 2713 ἀνεχομένη.
986 2644 1337 2714 Ἐπικουρίας
1380 2642 1473 2699 οῦν
1511 2646 1619 2718 ἀρα
1648 2648 1847 2718 τρόπος

273 2730 310 2800 ἠ
358 2729 544 2783 ἐνθάδε
586 2730 850 2801 λεγομένη
890 2732 1176 2804 πλάνησις,
1217 2736 1312 2789 καὶ
1359 2736 1465 2807 μὴν
1512 2739 1609 2792 καὶ
1655 2737 1720 2791 τὸ
1764 2742 1847 2803 είς

273 2820 483 2891 ἔρημον
528 2822 959 2876 κατατάττεσθαι
1005 2824 1140 2895 γῆν,
1190 2826 1333 2880 κατά
1379 2842 1443 2895 γε
1480 2829 1609 2892 τοὺς
1647 2830 1847 2900 ἀρτίως

272 2912 409 2984 ⁴ἡμῖν
436 2913 556 2982 ιίρη
566 2912 759 2981 μένους
778 2911 991 2979 λόγους.

344 3004 457 3057 Καὶ
488 3002 742 3069 λαλήσω
770 3003 868 3057 ἐπὶ
894 3004 1010 3072 τὴν
1031 3004 1283 3072 καρδίαν
1305 3005 1516 3075 αὐτῆς,
1549 3007 1648 3061 καί
1671 3006 1851 3063 δώσω

270 3090 427 3158 αὐτῇ
462 3092 534 3147 τὰ
565 3091 831 3160 κτήματα
858 3091 1048 3160 αὐτῆς
1075 3092 1321 3147 ἐκεῖθεν.

347 3185 474 3237 KI".
492 3184 581 3237 Ἐν
595 3183 801 3247 τούτοις
818 3185 948 3253 ἡμῖν
967 3185 995 3236 6
1008 3183 1163 3253 λόγος
1181 3185 1281 3256 τὴν
1302 3185 1390 3239 διὰ
1404 3185 1638 3257 Χριστοῦ
1663 3204 1843 3258 σωτη-

274 3276 399 3349 ρίαν
436 3273 882 3344 καθυπισχνεῦται
932 3273 1224 3346 λαμπρῶς,
1279 3276 1375 3329 καὶ
1428 3275 1537 3329 τῶν
1576 3279 1675 3348 τῆς
1721 3280 1845 3333 ἐπι-

267 3367 472 3439 δημίας
495 3365 861 3436 διαμέμνηται
910 3367 1136 3435 χρόνων,
1168 3365 1289 3418 καθ’
1326 3364 1421 3429 οὒς
1456 3367 1851 3438 πεπληρῶσθαι

270 3476 452 3529 φαμεν
499 3458 581 3522 τὸ,
622 3476 641 3509 r
683 3456 771 3509 Ἐν
793 3460 915 3520 ταῖς
964 3456 1201 3528 ἡμέραις
1250 3456 1509 3520 ἐκείναις,
1540 3458 1634 3511 καί
1668 3460 1727 3511 ἐν
1768 3459 1847 3530 τῷ

269 3550 451 3620 καιρῷ
474 3548 667 3619 ἐκείνῳ
685 3549 860 3611 διδοὺς
906 3546 1061 3600 δώσω
1104 3547 1300 3617 νόμους
1338 3564 1440 3617 μου
1489 3550 1569 3611 είς
1611 3549 1849 3603 διάνοιαν

271 3642 473 3709 αὐτῶν,
504 3642 597 3695 καὶ
640 3640 736 3693 ἐπὶ
783 3640 1006 3710 καρδίας
1030 3639 1210 3693 αὐτῶν
1255 3639 1517 3710 ἐγγράφω
1556 3641 1772 3705 αὐτούς.
1817 3660 1843 3694 ι

269 3733 428 3788 Οῦτω
464 3734 572 3804 γὰρ
620 3733 685 3803 δὴ
732 3732 828 3785 καὶ
877 3732 907 3784 6
950 3732 1258 3801 σοφώτατος
1307 3731 1539 3798 Παῦλος,
1585 3734 1698 3797 τοῖς
1748 3735 1848 3806 τὴν

266 3823 414 3877 οῦτω
456 3822 712 3893 λαμπρὰν
763 3820 859 3876 καὶ
911 3820 1233 3890 ἀξιόληπτον
1277 3820 1493 3892 ἀληθῶς
1546 3823 1850 3878 καταπλου-

268 3914 469 3983 τήσασι
535 3912 695 3982 χάριν
772 3911 1107 3976 ἐπιστέλλει,
1156 3910 1364 3979 λέγων·
1407 3930 1427 3965 ι
1472 3913 1536 3966 Ἦ
1593 3915 1849 3987 ἐπιστολὴ

271 4003 430 4073 ἡμῶν
465 4003 621 4074 ὑμεῖς
653 4004 777 4055 ἐστε
834 4003 1258 4073 ἐγγεγραμμένη
1315 4003 1373 4057 ἐν
1431 4006 1551 4067 ταῖς
1599 4005 1850 4077 καρδίαις

270 4094 450 4167 ἡμῶν,
481 4094 858 4166 γινωσκομένη
903 4094 999 4147 καὶ
1042 4094 1527 4166 ἀναγινωσκομένη
1557 4096 1664 4150 ὑπὸ
1711 4098 1850 4152 πάν-

266 4204 380 4242 των
439 4184 782 4257 ἀνθρώπων,
827 4183 1219 4255 φανερούμενοι
1271 4186 1354 4239 ὅτι
1412 4186 1535 4240 ἐστέ
1595 4188 1853 4261 ἐπιστολὴ

268 4279 531 4349 Χριστοῦ,
565 4276 942 4347 διακονηθεῖσα
972 4276 1062 4345 ὑφ’
1098 4275 1276 4346 ήμῶν,
1325 4277 1752 4351 ἐγγεγραμμένη
1786 4282 1853 4335 οὑ

276 4370 485 4440 μέλανι,
513 4368 647 4423 ἀλλά
678 4367 949 4437 πνεύματι
998 4365 1132 4420 Θεοῦ
1160 4366 1380 4432 ζῶντος.
1416 4388 1435 4420 ι
1462 4369 1710 4424 Διδακτο)⁵
1741 4369 1850 4442 γὰρ

271 4461 408 4516 Θεοῦ
435 4461 735 4530 γεγόναμεν
758 4461 807 4512 οἱ
837 4459 1275 4523 πεπιστευκότες.
1309 4460 1418 4512 Καὶ
1443 4460 1572 4528 γοῦν
1600 4463 1628 4514 6
1656 4461 1850 4515 θεσπέ-

1955 647 2183 715 amplius
2240 646 2537 701 iuveniens.
2578 642 2867 700 Sciendum
2909 659 3097 715 porro,
3126 644 3293 699 iiludr
3326 645 3526 700 seduco

1957 736 2124 805 ipsam
2165 754 2186 789 ι
2220 735 2360 791 alios
2410 735 2566 789 aliter
2630 734 2950 789 reddidisse.
3016 731 3393 788 Verumtamen
3456 732 3527 786 ad

1957 843 2119 882 unum
2173 836 2229 883 et
2279 829 2524 881 eumdem
2574 826 2733 878 tinem
2787 824 2998 878 recidit.
3054 824 3349 878 Edideruut
3377 824 3527 879 enim

1955 920 2169 987 quidam
2192 936 2206 972 :
2237 936 2255 970 ι
2279 917 2414 984 Quia
2436 932 2565 971 ecce
2587 931 2686 984 ego
2708 915 2895 970 aufero
2918 916 3108 984 ipsam.
3143 934 3165 966 ι
3193 917 3318 977 Alii.
3350 935 3369 966 ι
3394 918 3533 983 quia;

1956 1011 2163 1079 decipio
2214 1011 2406 1079 ipsam,
2446 1028 2465 1062 ι
2517 1009 2642 1064 aliis
2698 1007 2958 1072 vocibus,
2992 1016 3053 1061 ιιι
3106 1007 3371 1071 dicebam,
3424 1009 3524 1062 hoe

1955 1101 2129 1170 ipsum
2162 1100 2523 1170 significantes
2551 1117 2564 1165 ;
2602 1098 2732 1153 illud
2755 1097 3288 1167 «seduconiuquam,
3320 1097 3525 1156 utiliter

1955 1190 2308 1248 intellectum.
2375 1191 2621 1246 Perviam
2692 1199 2906 1256 autem,
2966 1198 3023 1243 et
3069 1189 3219 1244 velut
3263 1204 3522 1256 aquosam

1954 1290 2153 1335 terram
2184 1279 2485 1334 daemonum
2530 1278 2765 1332 catervis
2801 1276 3104 1346 positurum
3149 1291 3209 1332 se
3251 1276 3529 1331 desertam

1953 1371 2239 1439 promittit,
2266 1370 2486 1432 docens,
2516 1383 2794 1439 asperam,
2844 1368 3043 1422 inviam
3092 1377 3147 1422 et
3204 1368 3525 1436 inaquosam

1956 1462 2164 1517 illorum
2197 1458 2581 1531 cupiditatibus
2630 1462 3008 1523 facturum,ut
3064 1458 3267 1528 requiei
3316 1457 3531 1512 nullum

1953 1552 2020 1607 de
2052 1560 2247 1605 caetero
2292 1551 2505 1604 modum
2552 1551 2918 1619 reperientes,
2966 1565 3083 1605 eam
3122 1558 3531 1619 aspernentur,

1954 1649 2008 1696 et
2040 1641 2351 1696 abscedant.

1723 1953 1739 1978 ν
1786 1916 1848 1969 τὸ
1878 1906 1920 1961 Β
2020 1920 2110 1977 Sic
2137 1921 2300 1977 etiam
2341 1921 2599 1977 Dominus
2629 1931 2813 1978 noster
2838 1920 3258 1980 Jesustristus
3282 1923 3535 1992 “egres—V

1951 2030 2070 2068 sum
2099 2014 2349 2083 spiritum
2390 2014 2724 2069 immundum
2757 2015 2824 2069 ab
2856 2014 3072 2070 homine
3115 2013 3391 2068 ambulare
3442 2012 3527 2067 ait

1948 2118 2045 2173 per
2075 2104 2191 2159 loca
2237 2103 2518 2174 inaquosa,
2548 2114 2881 2172 quaerentem
2932 2104 3201 2173 requiem,
3240 2117 3339 2159 nec
3371 2103 3525 2157 iuve-

1950 2195 2207 2253 nientem.
2238 2193 2368 2248 Nam
2402 2204 2461 2249 ut
2493 2195 2801 2251 hominibus
2836 2194 2986 2250 locus
3013 2196 3168 2263 aquis
3187 2209 3381 2250 carens
3409 2210 3525 2251 non

1947 2294 2029 2339 est
2065 2284 2395 2349 habitabilis,
2439 2287 2512 2340 ita
2555 2295 2609 2339 et
2637 2286 2925 2340 immundis
2973 2285 3254 2356 spiritibus
3292 2286 3433 2341 mala
3464 2294 3527 2340 et.

1947 2374 2193 2438 molesta,
2220 2385 2274 2429 et
2295 2375 2442 2429 velut
2464 2374 2603 2429 invia
2650 2384 2707 2431 et
2754 2377 3015 2443 inaquosa
3044 2386 3189 2430 terra
3226 2390 3329 2429 non
3375 2375 3531 2441 injuo

1946 2466 2026 2520 ria
2054 2466 2385 2533 intelligatur
2435 2465 2527 2521 Dei
2554 2480 2765 2532 amans,
2793 2476 2849 2520 et
2896 2467 2963 2521 ad
2996 2466 3209 2521 illorutn
3258 2466 3529 2535 placitam.

1947 2558 2081 2613 nihil
2114 2566 2207 2612 aut
2230 2560 2470 2629 cogitare
2520 2568 2613 2614 aut
2649 2558 2827 2614 facere
2862 2558 3138 2613 sustinens
3167 2558 3367 2611 anima.
3405 2556 3529 2611 Mo-

1946 2649 2046 2703 dus
2081 2649 2245 2720 igitur
2271 2650 2457 2705 auxilii
2482 2658 2588 2715 est,
2619 2665 2741 2720 qua:
2765 2649 2852 2704 hic
2887 2649 3086 2703 dicitur
3129 2648 3393 2711 seductio,
3424 2657 3521 2699 at-

1947 2754 2053 2809 que
2095 2740 2260 2795 etiam
2310 2742 2364 2796 in
2421 2742 2691 2797 desertam
2749 2750 2972 2803 terram,
3027 2756 3119 2795 seu
3173 2738 3534 2795 solitudinemc

1945 2833 2222 2912 constitui,
2246 2831 2402 2902 juxta
2432 2833 2483 2887 id
2508 2833 2651 2902 quod
2675 2830 2786 2901 jam
2819 2845 2849 2884 a
2885 2831 3039 2886 nobis
3063 2832 3262 2885 dictum
3293 2839 3397 2886 est.

2018 3011 2085 3067 Et
2104 3014 2292 3084 loquar
2307 3014 2376 3068 ad
2403 3029 2493 3067 cor
2517 3012 2655 3083 ejus,
2689 3021 2736 3068 et
2758 3010 2893 3065 dabo
2915 3009 2995 3063 illi
3031 3007 3384 3078 possessiones
3404 3005 3535 3073 eius:

1946 3107 2091 3162 inde.

2020 3195 2200 3254 XXIII.
2236 3194 2331 3250 His
2360 3194 2539 3251 verbis
2565 3193 2710 3249 salus
2740 3208 2836 3261 per
2861 3190 3135 3246 Christum
3168 3189 3323 3244 nobis
3354 3186 3523 3257 liqui-

1950 3290 2017 3343 do
2049 3287 2401 3357 promittitur,
2435 3294 2492 3339 et
2530 3295 2771 3351 tempora
2815 3283 3076 3335 adventus
3119 3277 3523 3351 signiﬁcantur,

1949 3379 2143 3447 quibus
2167 3376 2443 3446 impletum
2473 3375 2703 3429 dicimus
2747 3372 2872 3425 illud
2901 3390 2913 3424 :
2944 3390 2962 3423 ι
2992 3371 3049 3425 In
3078 3371 3266 3426 diebus
3315 3369 3440 3431 illis,
3465 3377 3531 3421 et‘

1948 3470 2009 3523 in
2036 3479 2276 3536 tempore
2321 3465 2410 3520 illo
2444 3465 2578 3518 dans
2614 3463 2754 3516 dabo
2802 3462 2946 3530 leges
2986 3474 3135 3515 meas
3184 3461 3235 3513 in
3282 3467 3531 3513 mentem.

1948 3574 2156 3621 eorum,
2189 3566 2242 3611 et
2271 3558 2322 3610 in
2353 3556 2513 3610 corda
2541 3568 2725 3608 eorum
2766 3552 3057 3606 inscribam
3101 3565 3196 3605 eas
3241 3549 3306 3604 ”.
3356 3568 3379 3601 ι
3429 3547 3521 3601 Sic

1947 3649 2093 3703 enim
2147 3645 2579 3716 sapientissimus
2617 3642 2814 3697 Paulus
2862 3641 2996 3696 adeo
3043 3639 3219 3708 ampla
3270 3648 3325 3693 et
3369 3651 3533 3690 acce-

1948 3741 2131 3811 ptioue
2157 3740 2313 3809 digna
2342 3736 2514 3805 gratia
2542 3750 2668 3789 vere
2692 3732 2946 3789 divitibus
2980 3732 3202 3786 scribit:
3231 3729 3345 3803 46
3363 3729 3529 3799 «Ειιῑοε

1948 3832 2085 3887 stola
2142 3840 2326 3886 nostra
2380 3843 2476 3883 vos
2534 3827 2701 3888 estis,
2753 3824 2954 3892 scripta
3011 3824 3066 3875 in
3111 3823 3370 3876 cordibus
3425 3834 3528 3872 no-

1950 3927 2100 3984 stris.
2128 3937 2248 3991 quat
2275 3920 2445 3974 scitur
2469 3927 2521 3972 et
2565 3917 2759 3987 legitur
2786 3915 2853 3968 ab
2885 3911 3135 3967 omnibus
3168 3906 3476 3964 hominibus
3502 3928 3517 3963 :

1951 4012 2302 4076 martifestati,
2336 4010 2479 4079 quod
2510 4008 2735 4078 epistola
2776 4007 2907 4061 estis
2941 4002 3161 4066 Christi,
3217 4002 3529 4055 ministrata

1951 4121 1981 4160 ιι
2016 4104 2190 4168 nobis,
2227 4104 2428 4171 scripta
2478 4117 2581 4158 non
2633 4108 2955 4164 atramento,
3016 4101 3111 4156 sed
3172 4101 3362 4171 spiritu
3424 4096 3531 4151 Dei

1950 4196 2057 4252 vivi
2085 4196 2155 4250 “.
2196 4214 2216 4248 ι
2254 4195 2299 4249 Δ
2330 4196 2439 4250 Deo
2458 4197 2603 4248 enim
2632 4192 2777 4248 docti
2820 4192 3115 4256 evasimus,
3148 4193 3239 4261 qui
3291 4189 3527 4247 credidi-

1952 4300 2092 4339 mus.
2126 4283 2311 4351 Itaque
2344 4288 2563 4337 sanctus
2603 4280 2838 4337 Joannes
2881 4283 2962 4337 sic
3015 4296 3112 4337 nos
3163 4280 3455 4348 alloquitur
3503 4294 3519 4331 :

1957 4394 1975 4428 ι
2017 4375 2078 4430 Ει
2102 4388 2196 4429 vos
2224 4373 2536 4429 unctionem
2562 4373 2769 4428 habetis
2795 4388 2825 4427 a
2857 4383 3062 4439 sancto,
3084 4382 3138 4429 et
3168 4386 3275 4427 non
3302 4381 3523 4425 necesse

1955 4465 2170 4521 habetis
2204 4473 2265 4519 ut
2307 4464 2503 4533 aliquis
2530 4464 2722 4518 doceat
2764 4478 2863 4519 vos
2906 4480 2921 4517 :
2962 4464 3055 4531 sed
3102 4462 3242 4518 sicut
3297 4461 3532 4529 spiritus

274 4569 389 4615 σιος
443 4552 698 4621 Ἰωάννης
750 4547 1209 4620 προσπεφώνηκε,
1264 4548 1471 4618 λέγων·
1513 4550 1663 4603 «Καὶ
1692 4550 1849 4621 ὑμεῖς

1953 4556 2069 4621 ejus
2098 4554 2257 4610 docet
2289 4570 2382 4609 vos
2412 4555 2479 4607 de
2504 4555 2758 4609 omnibus
2799 4553 2864 4607 “.
2904 4571 2923 4605 ι
2956 4553 3018 4607 Ει
3067 4552 3118 4606 in
3170 4552 3333 4608 corde
3378 4551 3531 4602 intus~
3598 4542 3601 4545 Α

272 4644 486 4717 χρίσμα
514 4642 663 4712 ἔχετε
707 4642 817 4696 ἀπὸ
848 4640 942 4695 τοῦ
968 4640 1123 4708 ἁγίου
1145 4656 1159 4670 ο
1190 4659 1207 4691 ι
1235 4640 1331 4693 καὶ
1368 4640 1429 4694 οὑ
1464 4641 1652 4712 χρείαν
1676 4641 1850 4712 ἔχετε,

275 4738 366 4790 ἴνα
393 4752 474 4799 τις
504 4736 728 4806 διδάσκῃ
761 4735 937 4804 ὑμᾶς·
971 4731 1106 4786 ἀλλὰ
1141 4731 1324 4794 καθὼς
1361 4732 1420 4786 τὺ
1445 4732 1610 4787 αὑτοῦ
1635 4732 1854 4804 πνεῦμα

272 4827 517 4881 διδάσκει
558 4826 700 4896 ὑμᾶς
727 4825 857 4895 περὶ
884 4824 1118 4878 πάντων.
1158 4842 1178 4876 ι
1211 4824 1319 4876 Καὶ
1367 4826 1446 4886 είς
1488 4823 1714 4890 καρδίαν
1746 4825 1855 4878 ἔσω

273 4919 461 4972 λοιπὸν
481 4918 693 4987 ἔχοντες
729 4917 890 4969 αὑτὸν
921 4915 1231 4969 ἐνοικοῦντα
1259 4915 1512 4986 Χριστὸν,
1541 4915 1648 4968 τῶν
1682 4917 1854 4983 ἀναγη

274 5007 450 5062 καίων
497 5005 812 5076 εἰσηγητὴν,
856 5007 1075 5075 ἀπάσης
1118 5005 1281 5069 εὐθὺς
1337 5005 1538 5076 ἀρετῆς
1589 5005 1729 5058 ἰδέαν
1754 5021 1853 5058 πε-

278 5099 679 5168 πλουτήκαμεν,
709 5099 803 5150 καὶ
830 5098 926 5168 τὴν
957 5096 1065 5150 τῶν
1090 5095 1472 5167 πνευματικῶν
1498 5095 1852 5166 χαρισμάτων

275 5188 570 5259 ἀμφιλαφῆ
593 5205 653 5241 τε
693 5188 788 5241 καὶ
833 5187 1203 5258 ἀναπόϐλητον
1242 5187 1454 5256 κτῆσιν.
1489 5186 1596 5240 Καὶ
1627 5180 1690 5256 δῆ
1715 5186 1853 5261 πρὸς

276 5279 439 5335 τοῦτο
473 5280 619 5349 ἡμᾶς
641 5278 867 5349 ἐμπεδοῖ
895 5279 1121 5351 γράφων
1142 5277 1353 5341 Παῦλος
1376 5293 1388 5306 ·
1420 5277 1575 5331 «Ὅτι
1598 5276 1633 5331 ἃ.
1653 5277 1852 5345 ὀφθαλ-

282 5373 384 5443 μὸς
412 5371 510 5424 οὑκ
546 5366 677 5432 οἶδε,
706 5370 800 5424 καὶ
826 5365 917 5434 οῦς
945 5370 1045 5423 οὐκ
1084 5371 1312 5441 ἤκουσε,
1334 5367 1476 5442 [καὶ]
1497 5370 1588 5421 ἐπὶ
1630 5370 1855 5441 καρδίαν

278 5461 570 5532 ἀνθρώπου
599 5463 696 5516 οὐκ
723 5462 912 5532 ἀνέϐη,
949 5462 985 5517 ἃ
1011 5464 1307 5534 ἡτοίμασεν
1333 5464 1361 5516 6
1397 5462 1531 5526 Θεὸς
1576 5465 1688 5527 τοῖς
1726 5466 1859 5534 ἀγα-

281 5552 460 5607 πῶσιν
509 5554 691 5609 αὐτόν.
726 5572 745 5606 ι
790 5554 1215 5623 Ἐπαγγέλλεται
1255 5554 1436 5609 τοίνυν
1479 5553 1730 5625 λαλήσειν
1781 5556 1859 5617 είς

279 5643 383 5718 τὴν
404 5645 633 5718 καρδίαν
660 5646 830 5717 αὐτῆς
853 5661 870 5678 ο
903 5646 1228 5718 κεκλήσεται
1253 5647 1360 5719 γὰρ
1380 5647 1459 5713 είς
1504 5647 1800 5718 ἐπίγνωσιν
1827 5649 1860 5719 ἡ

1954 4646 2021 4701 de
2070 4655 2266 4701 caetero
2311 4644 2585 4699 Christum
2636 4644 2964 4697 habitantem
3021 4643 3381 4704 continentes,
3432 4655 3529 4693 nc—

1954 4736 2316 4791 cessariorum
2370 4738 2715 4796 monitorem.
2775 4735 3018 4802 protinus
3066 4734 3281 4789 virtutis
3325 4731 3521 4795 forma,

1955 4827 2421 4897 spiritualiumque
2441 4826 2829 4881 charismatum
2859 4827 3010 4881 uberi
3031 4834 3084 4879 et
3118 4823 3521 4891 indeprmdabili

1955 4919 2295 4989 possessione
2323 4919 2474 4974 ditati
2506 4933 2714 4974 sumus.
2757 4918 2933 4988 Atque
2962 4919 3124 4972 etiam
3165 4918 3230 4971 ad
3268 4917 3369 4971 hoc
3426 4930 3533 4969 nos

1958 5011 2245 5065 conﬁrmat
2272 5009 2493 5075 Paulus,
2520 5010 2761 5065 scribens
2797 5027 2811 5064 :
2850 5027 2869 5061 ι
2908 5009 3042 5076 Quia
3071 5008 3259 5063 oculus
3289 5022 3392 5061 non
3446 5007 3528 5059 vi-

1960 5101 2059 5165 dit,
2084 5109 2141 5154 et
2163 5099 2310 5154 auris
2346 5115 2450 5153 non
2491 5099 2715 5165 audivit,
2759 5107 2812 5153 et
2860 5099 2913 5152 iu
2976 5112 3070 5151 cor
3126 5095 3358 5149 hominis
3419 5111 3525 5147 nou

1958 5191 2221 5256 ascendit,
2249 5206 2368 5261 quae
2403 5192 2724 5261 prmparavit
2758 5192 2896 5245 Deus
2925 5190 3269 5262 diligentibus
3308 5204 3364 5241 se
3392 5189 3453 5241 δ’.
3501 5206 3523 5238 ›

1957 5282 2247 5337 Pnllicetur
2274 5282 2456 5351 itaque
2484 5298 2541 5336 se
2568 5282 2868 5336 locuturum
2901 5281 2964 5336 ad
3007 5296 3103 5335 cor
3136 5279 3271 5349 ejus.
3297 5276 3528 5332 Vocabi-

1960 5384 2045 5427 tur
2075 5373 2218 5427 enim
2242 5373 2308 5427 ad
2339 5374 2666 5441 agnitionem
2690 5371 3000 5427 Iudaeorum
3037 5372 3345 5443 Synagnga,
3392 5356 3528 5423 divi-

1959 5482 2056 5519 uas
2088 5465 2228 5535 leges
2252 5474 2431 5520 mente
2463 5463 2761 5532 complexa,
2810 5462 3096 5531 inscriptas
3139 5476 3231 5529 per
3266 5457 3525 5527 Spiriiﬂm

1958 5569 2226 5621 sanctum,
2260 5557 2481 5625 perinde
2522 5567 2578 5610 ut
2617 5571 2682 5609 ex
2712 5556 2962 5626 gentibus
3016 5552 3250 5608 Ecclesia
3299 5563 3527 5616 congru-

1959 5662 2108 5720 gata.
2142 5649 2315 5705 Erunt
2342 5657 2522 5702 autem
2559 5648 2931 5717 possessiones
2954 5645 3068 5714 ejus
3094 5644 3235 5709 inde,
3259 5655 3361 5711 pro
3376 5638 3527 5703 hinc,

358 5818 407 5851 ⁸⁸
443 5819 633 5877 Matth.
669 5840 766 5890 sn,
791 5823 880 5890 45,
909 5825 993 5881 si.
1073 5826 1116 5858 ³⁹
1138 5824 1337 5881 Jerem.
1368 5842 1517 5893 xxxi,
1546 5826 1631 5885 55,
1711 5829 1755 5860 ⁸ο
1782 5827 1820 5883 ll

1952 5844 1982 5881 Γ.
2022 5843 2106 5893 ιιι,
2138 5826 2193 5891 2,
2229 5827 2280 5880 3.
2358 5826 2400 5857 "
2424 5824 2574 5880 han.
2612 5839 2679 5887 ιι,
2714 5822 2799 5874 27.
2879 5821 2921 5851 δ’
2957 5818 3124 5874 lCor.
3168 5832 3233 5881 tt,
3253 5813 3315 5871 ο.
