4094 6568
598 427 668 483 83
1574 422 1639 477 S.
1677 420 1952 477 CYRILLI
1992 418 2460 476 ALEXANDIHNI
2500 420 2817 477 ARCIIIEP.
3762 430 3833 484 δι

597 558 692 597 seu
722 556 785 597 ex
811 541 910 593 hoc
934 546 1195 609 tempore,
1227 534 1341 593 sive
1367 549 1434 591 ex
1465 535 1568 591 hac
1613 549 1692 590 rc.
1729 535 1807 589 Ex
1864 550 1971 604 quo
2017 535 2161 590 enim

2266 537 2372 589 τῶν
2411 537 2676 590 Ἰουδαίων
2713 539 3032 609 Συναγωγὴ,
3055 540 3181 602 τοὺς
3222 538 3399 603 θείους
3446 541 3525 602 είς
3563 539 3687 594 νοῦν
3734 543 3833 595 λα-

596 632 807 685 locutus
838 636 921 683 est
950 628 1090 682 Deus
1119 626 1171 681 in
1196 628 1372 694 nobis,
1404 634 1459 682 et
1487 641 1581 697 per
1627 625 1886 696 Spiritum
1930 627 2164 680 insonuit

596 737 930 792 qutecuuqtte
962 722 1027 775 ad
1055 723 1244 787 vitam,
1275 728 1328 775 et
1352 718 1716 788 cognitionem
1747 717 1839 771 Dei
1868 717 1918 770 in
1949 717 2164 771 Christo

593 814 923 872 intellectam
944 812 1311 881 requiruntur,
1344 824 1438 881 per
1458 824 1638 878 quem,
1670 817 1723 862 et
1753 809 1804 862 in
1822 823 1928 877 quo
1949 807 2163 861 Patrem

592 903 856 969 vidimus,
884 917 979 971 spe
1009 900 1473 956 immarcescibilis
1497 898 1682 968 gloria;
1706 898 1772 964 ",
1803 898 2160 968 gloriationis,

594 997 805 1067 gratiae,
828 993 1149 1064 adoptionis,
1190 990 1468 1047 societatis
1498 990 1752 1058 regnandi
1781 1004 1901 1043 cum
1947 988 2163 1042 Christo

594 1088 712 1156 ipso
743 1074 958 1141 divitias
989 1082 1265 1139 consecuti
1297 1096 1505 1136 sumus.
1558 1080 1648 1134 Hae
1680 1090 1806 1134 sunt
1853 1090 2161 1133 sanctorum

594 1178 979 1247 possessiones,
998 1174 1081 1229 ha:
1107 1172 1354 1230 caelestes
1374 1187 1520 1241 opes.
1552 1171 1692 1226 Nihil
1720 1171 1860 1225 enim
1888 1180 2160 1224 terrenum

592 1283 783 1337 sapere
813 1275 1039 1337 queunt,
1084 1266 1425 1334 Oderuntque
1480 1264 1735 1318 mundum
1772 1270 1828 1316 et
1863 1276 1985 1330 qua:
2013 1262 2065 1316 in
2098 1276 2162 1316 eo

593 1368 740 1416 Sunt.

2260 627 2431 681 δοῦσα
2455 627 2672 697 νόμους,
2702 628 3212 699 ἐγκεχαραγμένους
3255 630 3342 683 διὰ
3376 630 3469 683 τοῦ
3495 630 3827 700 Πνεύματος,

2260 718 2403 772 καθὰ
2433 718 2527 771 xui
2572 721 2605 789 ἡ
2644 717 2701 784 ἐξ
2752 716 2920 772 ἐθνῶν
2960 719 3281 791 Ἐκκλησία’
3313 720 3460 773 ἔσται
3502 721 3557 773 δὲ
3601 721 3669 773 τὰ
3706 724 3834 792 xtl}-

2263 824 2409 878 ματα
2436 807 2601 877 αὐτῆς
2626 806 2852 867 ἐκεῖθεν,
2881 808 3002 861 ἀντὶ
3042 809 3136 861 τοῦ
3176 809 3445 874 ἐντεῦθεν,
3481 812 3649 881 ῆγουν
3677 810 3829 864 τοῦδε

2256 900 2353 954 τοῦ
2381 901 2724 970 πράγματος.
2774 900 2905 952 Ἀπὸ
2936 900 3041 971 γάρ
3080 917 3163 953 τοι
3202 901 3296 952 τοῦ
3337 900 3568 970 λαλῆσαι
3613 902 3743 954 Θεὸν
3773 902 3832 954 ἐν

2259 991 2411 1061 ἡμῖν,
2465 988 2728 1059 ἐνηχῆσαί
2771 1005 2830 1041 τε
2875 990 2969 1040 xui
3019 989 3112 1041 τοῦ
3152 988 3459 1059 πνεύματος
3510 990 3578 1043 τὰ
3624 992 3833 1060 ὅσαπέρ

2259 1080 2406 1132 ἐστιν
2445 1080 2715 1146 ἀναγκαῖα
2754 1078 2890 1148 πρὸς
2935 1077 3082 1149 ζωὴν
3138 1079 3231 1132 καὶ
3274 1080 3601 1148 θεογνωσίαν
3641 1081 3738 1151 τὴν
3774 1082 3834 1132 ἐν

2259 1170 2479 1242 Χριστῷ
2530 1169 2845 1240 νοουμένην,
2888 1170 2955 1223 δι’
3004 1164 3067 1224 οὗ
3132 1172 3225 1224 xui.
3277 1174 3333 1225 ἐν
3382 1166 3427 1240 ᾧ
3476 1172 3569 1225 τὸν
3614 1172 3833 1241 Πατέρα

2257 1260 2584 1330 τεθεάμεθα,
2611 1260 3089 1332 πεπλουτήκαμεν,
3115 1262 3190 1324 ὡς
3220 1262 3375 1331 ἔφην,
3396 1262 3498 1331 τὴν
3524 1263 3835 1333 ἀμάραντον

2258 1352 2466 1413 ἐλπίδα,
2504 1351 2604 1421 τὴν
2653 1350 2829 1417 δόξαν,
2856 1352 2923 1404 τὰ
2958 1353 3248 1421 αὐχήματα
3287 1352 3387 1421 τῆς
3422 1352 3707 1413 υἱοθεσίας,
3734 1353 3835 1421 τὴν

592 1452 770 1522 χάριν,
810 1447 903 1503 xui
944 1448 1007 1501 τὸ
1047 1444 1195 1517 αὐτῷ
1268 1445 1695 1517 συμϐασιλεῦσαι
1740 1444 1978 1516 Χριστῷ.
2023 1439 2187 1497 Αὗται
2250 1443 2357 1495 τῶν
2397 1443 2567 1510 ἁγίων
2620 1444 2675 1497 αἱ
2723 1445 2961 1513 κτήσεις,
3003 1438 3157 1509 οὗτος
3214 1446 3243 1496 ό
3280 1445 3526 1516 οὐράνιος
3569 1440 3831 1506 πλοῦτος·

590 1548 810 1617 Φρονεῖν
843 1544 942 1615 μὲν
964 1542 1073 1614 γὰρ
1098 1542 1378 1611 ἀνέχονται
1407 1542 1512 1595 τῶν
1553 1542 1808 1609 ἐπιγείων
1841 1540 1991 1593 οὐδέν
2010 1558 2023 1571 ο
2061 1558 2123 1611 με
2134 1542 2392 1609 μισήκασι
2421 1539 2478 1591 δὲ
2507 1539 2597 1592 τὸν
2620 1539 2821 1609 κόσμον
2855 1541 2948 1592 xui.
2977 1541 3045 1593 τὰ
3075 1541 3132 1593 ἐν
3159 1541 3323 1611 αὐτῷ.

664 1636 826 1692 Vsus.
861 1639 945 1692 l5.
987 1636 1050 1691 Et
1076 1638 1259 1693 vallem
1298 1638 1494 1703 Achar,
1527 1640 1595 1692 ad
1632 1638 1963 1692 auerieudam
2006 1637 2157 1690 intel-

592 1730 861 1800 ligentiam
888 1729 1023 1799 ejus.

2334 1634 2444 1687 Καὶ
2487 1632 2604 1702 τὴν
2658 1633 2909 1688 κοιλάδα
2969 1634 3166 1705 Ἁχὼρ,
3236 1635 3527 1701 διανοῖξαι
3581 1638 3839 1692 σύνεσιν

2265 1725 2471 1793 αὐτῆς.

667 1817 861 1875 XXIV.
891 1819 1262 1889 Repetendum
1302 1830 1385 1875 est
1423 1834 1487 1875 ex
1518 1818 1884 1889 superioribus
1917 1818 2161 1882 verbum,

2336 1816 2458 1871 KA'.
2486 1817 2711 1887 Ἐψεται
2747 1817 2908 1872 πάλιν
2934 1817 3014 1889 τῷ
3042 1818 3186 1889 λόγῳ
3209 1818 3290 1883 τὶ),
3317 1837 3335 1870 ι
3362 1822 3544 1874 Δωσω.
3578 1838 3597 1870 ι
3624 1838 3644 1870 ι
3667 1822 3833 1875 Δωσω

599 1926 619 1958 ι
651 1908 821 1966 Dabo.
852 1929 869 1962 ι
915 1909 1258 1980 lnquitenim
1292 1931 1303 1965 :
1372 1928 1390 1962 ι
1424 1910 1567 1964 Dabo
1618 1910 1989 1978 possessiones
2044 1906 2159 1970 ejus

594 2001 773 2057 inde:
847 2001 985 2057 dabo
1077 2001 1327 2056 similiter
1391 2001 1581 2055 vallem
1670 1999 1870 2061 Achor,
1952 1998 2162 2065 aperire

596 2092 1003 2161 intelligentiam
1029 2092 1164 2159 ejus.
1203 2111 1221 2144 ι
1274 2092 1338 2146 Ει
1380 2092 1518 2160 quod
1564 2090 1871 2160 signiﬁcare
1920 2089 2052 2152 vult,
2109 2088 2162 2141 id

596 2183 899 2250 huiusmodi
933 2194 1034 2239 est.
1058 2184 1165 2238 Nos
1195 2184 1284 2253 qui
1316 2183 1664 2246 credidimus,
1706 2196 1885 2235 rerum
1931 2180 2166 2248 agenda-

596 2292 716 2331 rum
761 2277 925 2331 veluti
966 2275 1191 2344 formam
1232 2284 1287 2330 et
1336 2273 1612 2343 exetuplar
1659 2273 1816 2327 nobis
1864 2286 2165 2341 praponere

594 2370 871 2424 studentes
888 2382 949 2425 ea
968 2383 1086 2437 ane
1110 2366 1386 2422 veteribus
1405 2367 1771 2434 contigerunt,
1795 2373 1854 2416 ut
1877 2363 2163 2416 exitiosum

594 2461 846 2532 quiddam
885 2474 1203 2514 aversamur
1235 2460 1401 2513 Deum
1440 2455 1712 2509 oﬁ‘endere
1757 2473 1769 2508 :
1807 2455 1932 2523 quin
1989 2454 2166 2523 potius

593 2553 908 2622 quaerimus,
944 2559 999 2605 et
1027 2549 1240 2603 solliciti
1274 2562 1477 2611 sumus,
1510 2562 1617 2615 quo
1647 2558 1806 2617 pacto
1851 2547 1922 2601 illi
1974 2547 2163 2615 placita

595 2642 880 2697 faciamus.
912 2640 1353 2712 Sapientissimus
1388 2640 1529 2693 enim
1560 2639 1756 2693 Paulus
1781 2642 1831 2692 in
1866 2640 1980 2693 haec
2004 2638 2164 2692 verba

596 2750 697 2789 nos
726 2738 973 2790 hortatur
1006 2751 1020 2788 :
1057 2751 1076 2786 ι
1113 2732 1236 2788 Haec
1265 2742 1442 2787 autem
1474 2733 1527 2786 in
1564 2730 1732 2802 ﬁgura
1784 2730 2168 2798 contingebant

596 2824 704 2897 4⁸1
732 2825 872 2891 illis;
905 2825 1105 2895 scripta
1146 2833 1274 2879 sunt
1310 2833 1489 2877 autem
1530 2823 1595 2878 ad
1629 2822 2021 2889 correptiouem
2071 2835 2165 2873 no-

599 2927 786 2977 stram,
836 2916 887 2969 in
917 2930 1053 2983 quos
1088 2915 1222 2969 lines
1261 2914 1583 2969 surculorum
1643 2915 1977 2967 devenerunt
2022 2911 2086 2962 “.
2140 2929 2160 2962 ›

599 3006 757 3061 Ratio
788 3008 951 3077 igitur
982 3008 1303 3076 paedagogia:
1340 3021 1431 3060 seu
1482 3004 1835 3059 institutionis
1876 3003 1942 3055 ad
1998 3002 2167 3055 virtu-

601 3111 707 3152 tem
736 3108 838 3164 est,
874 3107 950 3163 ut,
984 3114 1102 3167 qua:
1133 3099 1400 3153 veteribus
1430 3105 1745 3161 evenerunt,
1772 3095 1925 3149 nobis
1946 3094 2165 3147 omnino

2264 1909 2392 1981 γὰρ,
2448 1912 2601 1979 φησὶ,
2644 1912 2711 1964 τὰ
2754 1912 3012 1981 κτήματα
3061 1912 3233 1982 αὐτῆς
3279 1914 3507 1969 ἐκεῖθεν.
3559 1913 3722 1966 Δώσω
3780 1914 3839 1968 δὲ

2261 2003 2461 2072 ὁμοίως
2487 2002 2582 2073 τὴν
2604 2002 2825 2056 κοιλάδα
2858 2001 3057 2074 Ἀχὼρ,
3081 2002 3334 2068 διανοῖξαι
3361 2004 3573 2057 σύνεσιν
3599 2004 3788 2073 αὐτῆς.
3813 2023 3833 2056 ι

2263 2094 2373 2147 Καὶ
2405 2094 2432 2147 δ
2467 2094 2711 2163 βούλεται
2749 2095 2959 2165 δηλοῦν,
2985 2094 3100 2147 ἔστι
3129 2094 3390 2149 τοιοῦτον·
3426 2096 3613 2165 Ἡμεῖς
3651 2097 3701 2149 οἱ
3736 2113 3840 2149 πε-

2264 2186 2635 2247 πιστευκότες,
2662 2185 3016 2239 ὑποτύπωσίν
3044 2202 3166 2239 τινα
3193 2188 3301 2239 τῶν
3324 2188 3612 2258 πρακτέων
3636 2187 3705 2240 τὰ
3725 2190 3843 2250 τοῖς

2263 2276 2510 2347 ἀρχαίοις
2538 2276 2920 2347 συμϐεϐηκότα
2955 2277 3219 2329 ποιεῖσθαι
3266 2278 3671 2341 σπουδάζοντες,
3700 2295 3843 2349 παρα

2264 2366 2414 2421 αιτοὺ
2426 2366 2562 2437 μεθα
2602 2368 2699 2437 μὲν
2735 2369 2810 2430 ὡς
2848 2367 3065 2438 ὀλέθρου
3099 2367 3358 2437 πρόξενον
3388 2367 3447 2419 τὸ
3482 2367 3840 2437 προσκρούειν

2264 2456 2383 2527 Θεῷ
2400 2475 2411 2487 ·
2437 2456 2702 2528 ζητοῦμεν
2742 2457 2797 2510 δὲ
2822 2457 3037 2528 μᾶλλον,
3061 2458 3154 2511 xui
3181 2456 3267 2510 διὰ
3303 2456 3576 2527 φροντίδος
3612 2460 3841 2527 πεποιή-

2268 2547 2407 2618 μεθα
2436 2549 2499 2600 τὸ
2538 2548 2924 2619 ἀποπεραίνειν
2965 2549 3026 2600 τὸ
3073 2548 3297 2601 ἁνδάνον
3334 2548 3505 2617 αὐτῷ.
3537 2548 3839 2619 Προτρέπει

2264 2639 2374 2708 γὰρ
2409 2641 2555 2711 ἡμᾶς
2600 2640 2679 2701 είς
2720 2638 2877 2691 τοῦτο
2905 2638 2999 2691 xui
3038 2639 3065 2690 ό
3107 2638 3411 2706 σοφώτατος
3440 2639 3673 2702 Παῦλος,
3698 2638 3842 2692 οὕτω

2264 2728 2475 2797 λέγων’
2518 2749 2536 2779 ι
2589 2729 2772 2781 Ταῦτα
2827 2729 2884 2781 δέ
2930 2729 3174 2791 τυπικῶς
3228 2729 3539 2782 συνέϐαινεν
3588 2729 3838 2791 ἐκείνοις*

2266 2820 2480 2890 ἐγράφη
2507 2819 2563 2873 δέ
2590 2820 2727 2891 πρὸς
2756 2820 3039 2873 νουθεσίαν
3065 2820 3243 2890 ἡμῶν,
3267 2822 3346 2883 είς
3368 2819 3461 2884 οὓς
3485 2821 3554 2874 τὰ
3578 2821 3705 2891 τέλη
3728 2821 3844 2873 τῶν

2266 2907 2477 2961 αίὼνιιιν
2505 2911 2857 2979 κατήντησεν.
2893 2928 2911 2961 ι
2951 2910 3162 2980 Τρόπος
3204 2907 3297 2964 οὖν
3328 2912 3433 2982 ἄρα
3466 2912 3844 2981 παιδαγωγίας

2266 2998 2347 3060 είς
2379 2998 2597 3069 ἀρετὴν,
2631 2998 2692 3050 τὸ
2722 2998 2831 3051 δεῖν
2862 2998 3069 3052 οἴεσθαι
3116 2998 3352 3071 καθορᾷν
3382 3000 3450 3053 τὰ
3475 3003 3587 3063 τοῖς
3619 3003 3841 3071 ἀρχαιο-

2267 3088 2445 3158 τέροις
2479 3088 3009 3158 συμϐεϐηκότα.”οτι
3035 3091 3211 3145 τοίνυν
3243 3093 3292 3144 οί
3323 3091 3589 3157 ἀπειθεῖς,
3622 3093 3716 3145 xui
3755 3093 3843 3158 ἐξ·

601 3193 935 3262 inspicienda
990 3202 1046 3248 et
1086 3191 1474 3247 consideranda
1522 3200 1787 3257 putemus.
1823 3186 1974 3252 Quod
2009 3186 2164 3255 igitur

2272 3180 2431 3240 ήνιοι,
2468 3180 2559 3231 xui
2592 3179 2699 3231 τῶν
2733 3178 2892 3232 θείων
2924 3183 3350 3251 καταφρονηταὶ,
3385 3182 3532 3252 δεινῇ
3578 3184 3670 3236 xui
3697 3183 3842 3251 ἀφύ-

482 3292 491 3295 “
600 3284 862 3339 increduli
918 3294 972 3339 et
1028 3282 1254 3338 rebelles
1314 3281 1723 3348 divinorumque
1792 3276 2164 3329 mandatorum

604 3382 1003 3443 contemptores
1042 3372 1095 3426 in
1140 3384 1327 3441 pmnas
1378 3368 1665 3425 horribiles
1711 3375 1766 3420 et
1806 3364 2165 3427 inevitabiles,

601 3462 821 3517 Christo
842 3463 1139 3531 judicanle,
1193 3460 1451 3523 incident,
1499 3456 1809 3527 planissime
1858 3453 2165 3515 ostendere,

597 3563 851 3623 tanquam
869 3555 921 3608 in
942 3552 1173 3621 imagine
1191 3560 1460 3621 poterunt,
1484 3565 1602 3619 quae
1626 3548 1890 3616 quondam
1918 3547 1967 3599 in
1987 3545 2170 3598 Achar

596 3654 747 3715 gesta
761 3652 885 3697 sunt
903 3642 968 3702 ".
989 3641 1395 3710 qulcontempto
1409 3643 1671 3705 prmcepto
1684 3634 1883 3693 divino,
1902 3641 1954 3685 et
1972 3633 2038 3685 de
2054 3630 2170 3683 thu-

598 3748 759 3787 sauro
776 3730 1095 3799 pretiosiora
1116 3727 1343 3788 furatus,
1372 3741 1399 3778 ει
1426 3722 1552 3778 Jcsu
1588 3722 1733 3775 Nave
1750 3717 1948 3773 Christi
1984 3724 2166 3785 typum

597 3832 838 3892 gerente,
852 3834 974 3874 cum
994 3828 1101 3871 tota
1117 3818 1273 3871 domo
1292 3831 1383 3869 sua
1405 3820 1650 3867 extremo
1666 3808 1926 3878 supplicio
1938 3816 2021 3860 est
2040 3806 2170 3857 mul-

596 3924 761 3967 tatus.
812 3911 972 3965 Duxit
1021 3908 1165 3961 enim
1202 3918 1318 3975 post
1364 3904 1598 3973 Moysem
1644 3900 1915 3971 populum,
1948 3907 2001 3951 et
2028 3896 2167 3949 ﬁlios

595 4002 759 4058 Israel
779 4017 872 4069 per
886 3998 1172 4055 Jordanem
1191 3995 1447 4061 traduxit,
1462 3994 1713 4062 idemque
1729 4002 1923 4044 terram
1940 3989 2170 4057 promis-

596 4095 735 4149 εἰοιιί
749 4124 767 4143 π
783 4091 969 4146 iisdem
987 4087 1258 4143 distribuit
1280 4087 1344 4139 “.
1360 4084 1451 4139 Sic
1465 4094 1641 4138 autem
1660 4084 1725 4136 de
1738 4082 1913 4135 Achar
1929 4094 2167 4134 comme-

597 4195 804 4241 morata
819 4198 877 4238 se
896 4183 1115 4251 habent.
1129 4178 1298 4233 Simul
1320 4177 1460 4231 enim
1476 4174 1601 4228 furti
1620 4182 1947 4241 compertus,
1968 4180 2021 4225 et
2036 4185 2164 4239 pec-

597 4294 776 4333 (talum
808 4276 1084 4332 confessus
1106 4282 1208 4337 est,
1235 4292 1253 4324 ι
1274 4282 1329 4326 et
1350 4271 1581 4339 accepit,
1599 4266 1795 4334 inquit,
1815 4262 1970 4317 Jesus
1987 4260 2166 4316 Achar

599 4371 765 4424 lilium
817 4367 1063 4431 Zaraa,et
1101 4364 1322 4419 abduxit
1361 4378 1481 4416 eum
1526 4360 1592 4414 ad
1636 4359 1832 4412 vallem
1877 4356 2075 4416 Achor,
2102 4355 2166 4407 ﬁ-

595 4462 696 4515 lios
724 4460 860 4529 ejus,
897 4468 951 4514 et
991 4458 1127 4511 ﬁlias
1152 4457 1291 4524 ejus,
1324 4464 1378 4507 et
1409 4453 1605 4506 vitulos
1632 4452 1764 4522 ejus.
1791 4458 1844 4505 et
1866 4449 2160 4519 subjugalia

2266 3286 2379 3339 κτιρ
2431 3269 2850 3341 περιπεσοῦνται
2902 3271 3056 3340 δίκῃ,
3101 3271 3377 3343 κρίνοντος
3423 3273 3518 3325 τοῦ
3564 3272 3845 3345 Χριστοῦ,

2269 3363 2642 3434 παραδείξειεν
2677 3363 2764 3425 ἂν,
2791 3364 2886 3415 xui
2922 3365 3066 3432 μάλα
3098 3365 3314 3436 ῥᾳδίως,
3342 3365 3414 3429 ὡς
3446 3366 3502 3420 ἐν
3522 3384 3583 3434 γε
3613 3370 3725 3429 τοῖς
3751 3367 3846 3419 tti-

2268 3471 2411 3517 ποις,
2441 3455 2509 3507 τὰ
2555 3456 2647 3507 ἐπὶ
2687 3454 2764 3524 τῷ
2798 3456 2971 3527 Ἀχαρ
3007 3458 3372 3528 πεπραγμένα
3418 3459 3559 3512 κατά
3596 3461 3841 3531 καιρούς.

2274 3546 2369 3607 Ὃς
2391 3545 2490 3614 τῆς
2513 3545 2659 3609 θείας
2687 3546 2957 3617 ἀλογήσας
2977 3547 3212 3618 ἐντολῆς,
3243 3549 3333 3602 καὶ
3363 3549 3641 3618 κεκλοφὼς
3666 3553 3730 3603 ἐκ
3751 3549 3844 3602 τοῦ

2269 3639 2638 3709 ἀναθήματος,
2674 3638 3043 3709 τετιμώρηται
3096 3641 3333 3704 πανοικὶ,
3361 3642 3551 3711 ποινὴν
3600 3630 3844 3711 ἐπαρτή-

2272 3745 2463 3791 σαντος
2490 3729 2588 3798 τὴν
2620 3730 2855 3800 ἐσχάτην
2882 3730 3032 3800 αὖτῷ
3066 3730 3239 3801 Ἰησοῦ
3266 3732 3359 3784 τοῦ
3390 3732 3567 3802 Ναυῆ,
3600 3734 3700 3802 τὴν
3750 3732 3843 3784 τοῦ

2267 3817 2502 3888 Χριστοῦ
2532 3817 2868 3889 πληροῦντος
2899 3820 3524 3891 είκόνα.Ἐστρατήγησε
3568 3821 3677 3891 γὰρ
3705 3823 3843 3891 μετὰ

2268 3909 2488 3970 Μωσέα,
2517 3911 2610 3962 xui
2640 3910 2799 3973 αὐτὸς
2831 3910 3103 3964 διεϐίϐασε
3130 3913 3221 3965 τὸν
3257 3914 3525 3985 Ἰορδάνην
3549 3916 3672 3977 τοὺς
3694 3916 3844 3978 υἱοὺς

2279 4001 2514 4070 Ἰσραὴλ,
2549 4001 2641 4055 xui
2684 4000 2845 4065 αὐτὸς
2875 4004 3060 4066 αὐτοῖς
3088 4005 3582 4077 κατεκληροδότησε
3613 4007 3712 4077 τῆς
3743 4009 3844 4060 ἐπ-

2266 4092 2526 4160 αγγελίας
2551 4093 2651 4163 τὴν
2681 4092 2966 4163 γῆν.Ἔχει
2995 4094 3051 4147 δὲ
3083 4093 3224 4148 οὕτω
3248 4096 3314 4150 τὰ
3341 4098 3431 4149 ἐπὶ
3449 4098 3524 4168 τῷ
3541 4100 3714 4169 Ἀχαρ
3749 4116 3844 4168 γε-

2266 4182 2814 4253 γραμμένα.Ἑπειδὴ
2850 4185 2957 4256 γὰρ
2986 4186 3127 4239 ἐάλω
3171 4187 3471 4256 κεκλοφὼς,
3512 4192 3602 4243 xui
3632 4191 3843 4260 ὡμολό-

2265 4292 2401 4347 γησε
2432 4276 2532 4346 τὴν
2580 4276 2872 4347 ἁμαρτίαν,
2901 4296 2918 4326 ι
2945 4277 3054 4330 Καὶ
3075 4277 3253 4342 ἔλαϐε,
3292 4282 3475 4349 φησιν,
3494 4280 3698 4351 Ἰησοῦς
3751 4283 3841 4335 τὸν

2270 4367 2447 4436 ’Δχαρ
2476 4365 2589 4418 υἱὸν
2616 4366 2787 4436 Ζαρὰ,
2826 4367 2920 4420 καὶ
2957 4368 3246 4436 ἀπήγαγεν
3270 4370 3433 4422 αὑτὸν
3468 4372 3548 4433 είς
3580 4372 3842 4440 φάραγγα

2265 4454 2463 4526 Ἀχὼρ,
2497 4457 2589 4509 xui
2622 4458 2748 4521 τοὺς
2781 4459 2931 4521 υἱοὺς
2960 4459 3255 4524 uti—colui
3283 4460 3381 4524 τὰς
3412 4461 3714 4532 θυγατέρας
3743 4465 3841 4517 αὖ·

595 4553 731 4620 ejus,
766 4561 820 4606 et
849 4564 977 4604 oves
992 4548 1129 4616 ejus,
1150 4557 1203 4601 et
1239 4544 1638 4600 tabernaculum
1670 4541 1806 4610 ejus,
1836 4552 1890 4595 et
1910 4551 2158 4595 cunctam

2266 4545 2379 4609 τοῦ,
2411 4546 2505 4599 xui
2530 4548 2655 4610 τοὺς
2686 4548 2919 4619 μόσχους
2946 4549 3132 4612 αὑτοῦ,
3153 4551 3245 4603 xui
3270 4550 3335 4603 τὰ
3361 4549 3627 4619 ὑποζύγια
3652 4551 3838 4616 αὐτοῦ,

594 4644 975 4712 supellectilem
1009 4641 1145 4709 ejus.
1188 4646 1243 4691 et
1289 4636 1464 4690 omnis
1516 4636 1742 4705 populus
1790 4649 1913 4688 cum
1967 4648 2053 4699 eo,
2111 4638 2165 4684 et

596 4739 869 4791 duxerunt
886 4748 981 4789 eos
1012 4732 1075 4785 ad
1112 4726 1457 4800 Ἐμεκαχώρ,
1484 4728 1533 4783 id
1556 4738 1632 4781 est
1660 4726 1847 4779 vallem
1874 4725 2071 4779 Achor.
2101 4724 2167 4777 Et

594 4829 729 4882 dixit
752 4827 910 4882 Iesus
935 4826 1000 4878 ad
1031 4822 1210 4878 Achar
1241 4840 1255 4876 :
1286 4820 1462 4886 Quare
1494 4818 1773 4888 perdidisti
1812 4818 1944 4871 nos?
1968 4816 2163 4870 Perdat

599 4932 648 4973 te
682 4916 938 4971 Dominus
965 4915 1105 4969 sicut
1135 4924 1189 4967 et
1217 4913 1398 4966 hodie.
1439 4912 1503 4965 Et
1529 4910 1785 4979 lapidavit
1816 4923 1936 4963 eum
1985 4907 2163 4960 ouunis

597 5009 820 5080 p0pnlns
840 5007 1022 5073 Israel,
1042 5016 1095 5061 et
1119 5013 1574 5075 congregaverunt
1593 5016 1753 5071 super
1768 5015 1887 5053 eum
1912 5014 2161 5054 acervum

599 5102 833 5169 lapidum
884 5113 1133 5166 magnum
1163 5098 1229 5151 ".
1276 5117 1294 5149 ι
1333 5096 1513 5150 Achor
1550 5096 1712 5164 igitur
1743 5093 2027 5159 exponitur
2058 5091 2166 5143 dis-

597 5193 776 5257 tortio,
808 5204 901 5243 seu
934 5189 1214 5258 pervenio.
1247 5186 1436 5240 Juncta
1466 5194 1640 5237 autem
1673 5198 1770 5237 vox
1816 5180 2160 5250 Ἐμεκαχώρ,

597 5280 915 5349 intelligitur
967 5279 1118 5335 vallis
1177 5276 1538 5349 perversionis.
1579 5274 1650 5328 lbi
1700 5273 1898 5336 Achar,
1953 5282 2010 5325 ut
2053 5271 2162 5324 Deo

595 5387 842 5436 exosum,
875 5371 1291 5440 divitiarumque
1340 5368 1554 5422 avidum
1606 5365 1695 5418 ﬁlii
1746 5364 1906 5417 Israel
1957 5365 2167 5417 occide-

596 5471 744 5526 runt,
768 5476 891 5516 cum
919 5462 1170 5518 omnibus
1192 5477 1309 5530 quae
1333 5458 1582 5514 habebat.
1608 5457 1876 5525 Scriptum
1910 5465 1993 5510 est
2025 5457 2164 5508 enim

599 5571 619 5603 ι
660 5553 852 5622 impios
879 5554 1139 5609 radicitus
1173 5553 1238 5607 de
1266 5562 1405 5606 terra
1442 5552 1709 5621 perituros
1745 5550 1809 5601 ⁸³.
1850 5568 1868 5600 ι
1910 5548 2170 5602 Similiter

595 5644 687 5699 ﬁet
718 5644 773 5703 in
806 5646 1065 5704 extremis
1115 5644 1298 5697 saeculi
1357 5646 1709 5714 temporibus,
1752 5642 1963 5710 quando
2015 5641 2168 5695 nobis

2270 4641 2366 4693 xui
2415 4643 2483 4694 τὰ
2536 4643 2780 4713 πρόϐατα
2826 4643 3010 4705 αὑτοῦ,
3041 4647 3136 4698 xui
3164 4645 3260 4715 τὴν
3296 4645 3496 4715 σκηνὴν
3528 4643 3715 4709 αὐτοῦ,
3750 4645 3841 4696 καὶ

2270 4730 2447 4785 πάντα
2478 4732 2547 4786 τὰ
2573 4734 2884 4805 ὑπάρχοντα
2910 4736 3099 4798 αὑτοῦ,
3128 4736 3224 4791 καὶ
3254 4739 3359 4799 πᾶς
3394 4738 3421 4788 ό
3448 4736 3573 4799 λαὸς
3605 4738 3721 4805 μετ’
3744 4735 3841 4788 αὐ-

2267 4825 2383 4888 τοῦ,
2412 4826 2506 4878 xui
2541 4826 2813 4894 ἀνήγαγεν
2844 4827 3038 4890 αὐτοὺς
3066 4829 3144 4891 είς
3168 4827 3508 4897 Ἐμεκαχώρ.
3541 4827 3648 4879 Καὶ
3690 4821 3843 4879 εἶπεν

2281 4916 2485 4987 Ἰησοῦς
2514 4916 2591 4987 τῷ
2615 4918 2821 4988 Ἀχαρ·
2853 4919 2917 4970 Τί
2942 4919 3023 4971 ὅτι
3052 4919 3391 4990 ὠλόθρευσας
3414 4920 3591 4988 ήμᾶςς
3634 4917 3841 4981 Ἐξολο-

2272 5009 2496 5079 θρεύσαι
2530 5027 2589 5062 σε
2624 5009 2846 5080 Κύριος,
2876 5010 3017 5063 καθά
3042 5012 3135 5064 xui
3168 5012 3425 5081 σήμερον.
3454 5010 3563 5061 Καὶ
3604 5006 3841 5060 ἐλιθοϐό-

2269 5097 2442 5168 λησαν
2466 5100 2626 5151 αὑτὸν
2654 5099 2822 5163 λίθοις
2848 5102 2956 5164 πᾶς
2986 5100 3216 5172 Ἰσραὴλ,
3244 5101 3338 5153 xui
3366 5100 3671 5170 ἐπέστησαν
3693 5098 3842 5169 αὐτῷ

2274 5191 2448 5259 σωρδν
2500 5190 2661 5243 λίθων
2704 5192 2895 5259 μέγαν.
2930 5211 2947 5241 ι
2987 5191 3162 5262 Ἀχὼρ
3207 5192 3305 5262 μὲν
3350 5187 3441 5245 οὖν
3483 5191 3840 5261 ἑρμηνεύεται

2268 5280 2616 5349 διαστροφή.
2653 5283 3231 5352 Προσεπενηνεγμένου
3284 5284 3339 5337 δέ
3372 5282 3464 5335 τοῦ
3498 5283 3837 5353 Ἐμεκαχὼρ,

2269 5375 2467 5425 νοεῖται
2495 5372 2557 5442 δὴ
2578 5374 2736 5427 πάλιν
2767 5376 2973 5439 κοιλὰς
2988 5373 3377 5443 διαστροφῆς.
3397 5375 3543 5426 Ἐκεῖ
3556 5376 3647 5426 τὸν
3665 5375 3839 5444 Ἀχαρ

2270 5463 2629 5518 ἀπεκτόνασιν
2675 5466 2749 5529 ὡς
2802 5466 3024 5536 θεομισῆ
3087 5466 3182 5519 καὶ
3242 5465 3592 5533 φιλόπλουτον
3634 5467 3683 5516 οί
3737 5465 3841 5517 υίοὶ

2283 5554 2496 5625 Ἰσραὴλ
2518 5597 2531 5620 ,
2566 5556 2891 5626 προσθέντες
2920 5556 3067 5626 αὐτῷ
3103 5557 3196 5608 xui
3230 5556 3407 5609 πάντα
3437 5555 3505 5607 τὰ
3534 5553 3718 5607 αὐτοῦ.
3744 5554 3784 5605 Γ
3787 5552 3840 5604 ἑ-

2272 5663 2510 5715 γραπται
2563 5646 2709 5717 γὰρ,
2753 5646 2833 5699 ὅτι
2884 5665 2901 5697 ι
2944 5647 3004 5699 0i
3050 5644 3269 5708 ἀσεϐεῖς
3312 5644 3579 5714 ὀλόρριζοι
3624 5645 3689 5695 ἐκ
3739 5641 3842 5711 γῆς

674 5800 939 5861 ⁸⁸1Ριέίΐ.
973 5822 1024 5874 v,
1066 5807 1118 5863 4.
1198 5810 1237 5839 ⁸⁸
1273 5807 1446 5862 lCor.
1490 5825 1543 5875 Χ,
1574 5810 1624 5862 '2.
1669 5812 1711 5845 ⁸⁵
1734 5808 1845 5865 Jns.
1889 5827 1983 5875 vtt,
2015 5811 2102 5865 ‘25.

2266 5810 2357 5865 los.
2398 5828 2480 5879 ιιι,
2516 5813 2562 5865 l.
2642 5815 2683 5844 ⁵⁷
2723 5812 2830 5868 Jos.
2874 5826 2970 5878 vn,
3002 5810 3192 5865 24⁷26.
3273 5810 3314 5841 ³⁸
3341 5806 3483 5864 fsal.
3517 5821 3594 5872 LI,
3619 5805 3670 5858 7.
