4094 6548
287 426 359 483 85
1183 431 1737 493 COMMENTARIUS
1770 439 1834 493 IN
1879 439 2111 496 OSEMI
2149 438 2597 495 PROI’IIE‘I‘AM.
3461 430 3559 485 86'!

284 546 549 602 ὀλοῦνται.
581 566 598 598 ι
639 546 823 612 Οὕτως
865 548 1021 604 ἔσται
1052 554 1143 606 καῖ
1175 555 1231 606 ἐν
1259 554 1503 623 ἐσχάτοις
1532 554 1626 608 τοῦ
1665 556 1857 619 αἰῶνος

1958 557 2189 627 desuper
2230 571 2263 613 e
2317 555 2456 610 caelo
2505 554 2752 609 Christus
2804 553 3089 614 adveniet,l
3140 566 3162 602 ι
3223 547 3530 603 redditurus

286 641 517 709 καιροίς,
568 638 696 692 ὅταν
736 641 865 710 ἡμῖν
914 642 1122 697 ἀνωθεν
1171 644 1228 710 ἐξ
1281 644 1511 714 οὐρανοῦ
1564 646 1855 717 καθίκηται

288 727 548 796 Χριστὸς,
576 747 593 780 ι
614 730 934 784 Ἄποδώσων
961 733 1174 805 ἑκάστῳ
1207 735 1347 789 κατὰ
1373 736 1442 789 τά
1474 736 1611 808 ἔργα
1632 738 1850 791 αὐτοῦ.»

284 817 423 879 Τοὺς
451 816 561 888 γὰρ
589 816 833 872 ἀπειθεῖν
867 822 1178 892 ᾑρημένους
1214 828 1336 890 ταῖς
1380 826 1554 891 θείαις
1596 829 1879 895 ἐντολαῖς,

281 908 376 959 καὶ
410 907 477 960 τά
504 909 563 960 ὲν
605 908 796 980 κόσμῳ
831 912 1033 979 μᾶλλον
1062 914 1439 988 ἠγαπηκότας,
1473 913 1585 972 οἷον
1626 921 1706 983 είς
1750 922 1856 992 φά-

287 1012 465 1066 ραγγα
498 996 716 1066 βαθεῖαν
756 1000 848 1053 τὸν
876 1001 1010 1073 ᾅδην
1043 1006 1408 1074 κατενεγκὼν,
1449 1025 1467 1058 ι
1494 1010 1700 1070 κακοὺς
1746 1027 1850 1063 κα-

282 1087 396 1149 κῶς
432 1088 704 1143 ἀπολέσει.
732 1109 751 1142 ι
783 1110 801 1143 ι
829 1091 995 1146 Δώσω
1017 1113 1034 1144 ι
1062 1096 1261 1157 τοίνυν,
1287 1099 1440 1167 φησι,
1468 1119 1486 1151 ι
1508 1099 1607 1170 τὴν
1635 1100 1885 1155 κοιλάδα

295 1176 490 1248 Ἀχὼρ,
540 1180 660 1252 ήτοι
694 1180 1054 1254 Ἐμεκαχὼρ,
1109 1188 1188 1250 εἰς
1228 1188 1307 1241 τδ-
1333 1188 1593 1255 διανοῖξαι
1642 1190 1873 1244 σύνεσιν-

282 1269 473 1339 αὑτῆς.
509 1289 527 1323 ι
556 1272 748 1325 Ἔσται
774 1273 883 1344 γάρ
911 1276 1071 1346 αὐτῇ,
1106 1278 1259 1348 φησὶ,
1290 1279 1397 1333 τῶν
1428 1282 1629 1352 σφόδρα
1661 1284 1857 1354 χρησί-

284 1376 423 1429 μων,
450 1363 529 1427 είς
558 1362 619 1416 τὸ
652 1364 922 1437 ἀνανῆψαι
951 1366 1079 1430 δεῖν,
1113 1370 1206 1421 καὶ
1254 1373 1330 1423 ὲκ·
1357 1372 1456 1441 τῆς
1481 1375 1714 1443 αρχαίας
1744 1393 1871 1428 rue--

282 1450 504 1520 ρώσεως
530 1454 632 1525 τῆς
654 1455 905 1519 διανοίας
919 1455 1011 1510 τὸν
1031 1456 1313 1530 ὀφθαλμδν
1329 1462 1620 1534 ἀνευρῦναι
1643 1464 1849 1532 λοιπὸν,

277 1542 350 1594 τά
403 1548 768 1617 πεπραγμένα
813 1548 954 1601 κατὰ
1004 1552 1228 1620 καιροὺς
1278 1554 1337 1606 ὲν
1384 1558 1451 1625 τῇ
1498 1555 1702 1610 κοιλάδι
1750 1558 1852 1628 τῆς

292 1633 617 1708 Ἐμεκαχὼρ
644 1637 1104 1707 (διαστροφῆς-δὲ
1131 1644 1497 1701 κοιλάδα-τδν
1524 1647 1699 1716 χῶρον
1720 1648 1852 1700 ὠνό-

282 1740 454 1793 μασεν
477 1742 491 1756 ·
518 1728 637 1781 ἐκεῖ
660 1729 769 1800 γὰρ
801 1732 1125 1786 πεπτώκασι
1150 1734 1259 1787 τῶν
1288 1734 1353 1800 ἐξ
1376 1736 1590 1813 Ἰσραὴλ
1611 1739 1710 1791 οὐκ
1741 1738 1847 1791 ὀλί-

276 1830 389 1883 γοι,
413 1816 716 1873 διωκόντων
738 1822 934 1885 αὐτοὺς
963 1825 1071 1879 τῶν
1096 1824 1203 1879 ἀπὸ
1229 1825 1327 1895 τῆς
1358 1825 1506 1888 Γαῒν,
1532 1827 1627 1881 καὶ
1649 1826 1857 1899 πολλὴν

1962 650 2251 718 unicuique
2282 648 2574 702 secundum
2609 659 2772 714 Opera
2803 659 2901 699 sua
2928 646 2991 696 ".
3029 662 3048 695 ι
3094 642 3308 696 Divinis-
3332 639 3555 708 quippe

1962 741 2229 795 mandatis
2263 740 2652 799 inobedientes.
2700 746 2755 793 et
2787 738 2876 806 qui
2923 751 3043 804 quae
3072 734 3126 788 in
3171 731 3385 787 munde‘
3410 735 3555 783 snnt~

1960 832 2138 902 potius
2165 832 2491 895 dilexerunt,
2526 844 2626 885 ceu
2657 830 2709 885 in
2741 828 2933 883 vallem
2974 822 3294 894 profundam
3338 824 3403 875 in
3446 818 3544 871 iu-

1962 923 2168 976 fernum
2201 923 2512 976 deturbatos
2541 940 2562 971 r
2601 920 2768 975 malos
2800 917 2939 972 male
2966 915 3154 984 perdet
3188 914 3257 968 '°.
3301 930 3320 963 ι
3360 909 3559 978 lnquit.

1959 1013 2165 1083 igitur:
2196 1030 2215 1065 ι
2268 1012 2412 1067 Dabo
2446 1011 2634 1066 vallem
2682 1011 2864 1066 Achor
2903 1007 3038 1066 (sive
3076 1000 3417 1074 Ἐμεκαχώρ)
3466 999 3535 1071 ad

1955 1104 2300 1172 aperiendam
2343 1104 2443 1173 ipsi
2483 1101 2910 1169 intelligentiam.
2961 1117 2987 1151 ›
3036 1097 3153 1150 Erit
3207 1094 3403 1164 quippe
3458 1092 3537 1147 illi

1958 1208 2211 1265 perquam
2241 1194 2390 1259 utile,
2424 1194 2619 1262 inquit,
2648 1192 2765 1261 cogi
2800 1192 2866 1244 ad
2903 1186 3353 1257 resipiscendum,
3380 1190 3434 1235 et
3466 1181 3539 1235 ad

1956 1286 2146 1341 oculos
2183 1285 2379 1339 mentis
2409 1299 2477 1337 ex-
2498 1284 2717 1350 antiqua
2749 1280 2996 1335 caecitate
3023 1277 3076 1331 in
3098 1284 3370 1345 posterum
3403 1284 3538 1339 ape-

1956 1373 2363 1429 riendos.F‘acta
2392 1374 2517 1429 olim
2538 1372 2589 1427 in
2620 1371 2757 1426 valle
2789 1367 3117 1441 Ἑμεκαχώρ
3137 1365 3320 1435 (quem
3350 1361 3535 1415 locum

1954 1466 2297 1534 perversionis
2343 1464 2537 1520 vallem
2563 1461 2898 1530 interpretati
2933 1468 3094 1525 sunt;
3141 1456 3215 1511 ibi
3258 1453 3542 1523 siquidem

1953 1571 2060 1611 non
2091 1556 2245 1625 pauci
2272 1568 2337 1610 ex
2373 1553 2535 1608 Israel
2564 1552 2895 1615 ceciderunt,
2930 1549 3120 1604 incolis
3159 1546 3378 1602 llaieos
3410 1557 3538 1611 per-

1952 1648 2322 1716 sequentibus,
2372 1655 2428 1700 et
2474 1646 2640 1700 multa
2692 1627 3226 1712 ibidem'perversio
3284 1635 3541 1704 contigit.

1951 1746 2172 1807 putante
2210 1737 2335 1792 Jesu
2372 1736 2621 1792 lsraelem
2641 1736 2817 1791 divina
2860 1734 3192 1804 benignitate
3217 1729 3332 1802 ω
3351 1739 3404 1789 et
3427 1740 3535 1794 ορθ

1951 1829 2267 1898 excidisse).
2291 1827 2462 1883 Facta-
2482 1828 2663 1896 igitur,
2688 1827 2886 1896 inquit,
2910 1826 2963 1879 in
2988 1823 3129 1878 valle
3148 1819 3534 1891 perversiouis,

279 1905 481 1978 συνέϐη
533 1909 787 1977 γενέσθαι
839 1912 1190 1988 διαστροφὴν,
1225 1915 1498 1987 οἰηθέντος
1542 1917 1714 1988 Ἰησοῦ
1758 1919 1854 1988 τῆς

1962 1927 2181 1987 propter
2211 1934 2335 1973 eum
2369 1920 2459 1987 qui
2493 1917 2801 1972 mandatum
2830 1916 3069 1972 divinum
3096 1911 3400 1980 transgredi
3433 1924 3541 1961 au-

277 1999 411 2068 περὶ
441 1999 575 2052 Θεοῦ
631 2002 847 2070 φειδοῦς
876 2007 971 2059 καὶ
1020 2007 1341 2079 ἐπικουρίας
1383 2008 1739 2079 ἀπολισθῆναι
1770 2010 1860 2063 τὸν

291 2090 537 2161 Ἰσραήλ)
556 2108 570 2122 ’
598 2093 667 2147 τὰ
696 2099 1064 2169 πεπραγμένα
1091 2100 1155 2171 δὴ
1189 2096 1305 2165 οῦν,
1336 2101 1521 2171 φησὶν,
1570 2101 1629 2153 έν
1667 2103 1733 2171 τῇ
1759 2102 1863 2169 φά-

278 2197 449 2250 ραγγι
478 2182 577 2253 τῆς
605 2183 960 2257 διαστροφῆς,
984 2189 1077 2242 ἐπὶ
1104 2189 1184 2260 τῷ
1213 2191 1311 2260 τὴν
1339 2190 1486 2243 θείαν
1511 2190 1732 2261 ἐντολὴν
1755 2208 1861 2243 πα-

279 2271 508 2341 ραλῦσαι
524 2273 876 2347 τολμήσαντι,
894 2278 1148 2344 διανοίξει
1169 2280 1272 2351 τὴν
1293 2280 1510 2334 σύνεσιν
1531 2280 1702 2351 αὐτῆς
1722 2281 1867 2352 πρδς

271 2362 335 2413 τὸ
369 2363 565 2418 ειδέναι
594 2365 878 2437 λαμπρῶς,
904 2371 987 2434 είς
1004 2366 1117 2424 οἷον
1138 2371 1432 2443 ἐκϐήσεται
1456 2371 1609 2434 τέλος
1632 2374 1746 2435 τοῖς
1766 2389 1861 2426 κα·

271 2457 565 2523 ταφρονεῖν
599 2456 841 2512 ἐθέλουσι
872 2459 935 2513 τὸ
965 2462 1494 2533 ἐγχείρημαέᾌθρει
1535 2462 1592 2515 δὲ
1618 2464 1767 2523 ὅπως
1794 2463 1869 2515 οὐκ

273 2546 545 2617 πρότερον
584 2548 791 2604 δέδοται
834 2551 974 2623 πρὸς
998 2553 1059 2606 τὸ
1085 2555 1346 2619 διανοῖξαι
1378 2554 1601 2609 σύνεσιν
1622 2554 1794 2624 αὐτῆς
1821 2556 1861 2625 ἡ

274 2636 462 2701 κοιλὰς
495 2641 527 2708 ή
569 2640 777 2713 Ἀχὼρ.
824 2644 950 2715 πρὶν
974 2643 1042 2698 ἂν
1064 2645 1363 2715 λελάληκεν
1393 2649 1475 2709 είς
1498 2646 1600 2717 τὴν
1628 2646 1858 2717 καρδίαν

273 2726 469 2795 αὐτῆςσ
506 2728 567 2781 οὐ
595 2729 704 2805 γὰρ
742 2730 809 2785 ἂν
843 2736 1051 2787 συνεῖεν
1082 2734 1180 2797 τὰς
1212 2734 1363 2799 θείας
1396 2735 1614 2799 ἐντολὰς
1655 2737 1706 2789 οἱ
1746 2737 1872 2790 τῶν

284 2817 555 2871 Ἰουδαίων
578 2820 761 2892 δῆμοι,
791 2823 907 2876 ἀλλ’
927 2825 1034 2879 οὐδ’
1052 2828 1121 2880 ἂν
1152 2828 1210 2880 ὲν
1234 2826 1426 2890 τύποις
1450 2825 1696 2897 καταθρή
1706 2843 1857 2880 σειαν

272 2906 333 2959 τὸ
371 2909 607 2979 Χριστοῦ
642 2915 967 2985 μυστήριον,
988 2917 1036 2969 εί
1071 2916 1145 2987 μὴ
1166 2916 1273 2988 ἀρα
1297 2916 1585 2987 καθ’ήμᾶς
1605 2918 1730 2978 τοὺς
1752 2917 1853 2988 ἤδη

273 3003 708 3069 πεπιστευκότας
739 3007 837 3078 τὴν
862 3006 957 3060 τοῦ
1001 3008 1157 3076 ἁγίου
1188 3007 1506 3078 Πνεῦματος
1543 3008 1857 3062 καταπλου-

269 3093 499 3162 τήσειαν
530 3094 768 3163 μέθεξιν,
802 3098 900 3151 καὶ
943 3099 1044 3169 τῆς
1088 3098 1304 3153 ἀνωθεν
1324 3099 1690 3167 φωταγωγίας
1719 3099 1857 3152 ἀπο-

269 3183 534 3253 δειχθεῖεν
585 3189 1005 3258 μετεσχηκότες.
1039 3188 1375 3243 Πιστώσεται
1421 3189 1478 3242 δὲ
1519 3189 1655 3262 πρὸς
1699 3189 1857 3243 τοῦτο

271 3274 426 3344 ἡμᾶς
449 3276 479 3327 ό
512 3276 781 3348 μακάριος
805 3279 1035 3349 γράφων
1080 3278 1293 3343 Παῦλος
1322 3279 1577 3349 περὶτῶν
1600 3279 1658 3345 ἐξ
1688 3281 1854 3351 αἴμαυ

269 3382 361 3428 τος
397 3366 613 3437 Ἰσραήλ
635 3384 648 3398 ·
674 3369 868 3440 «Ἄχρι
902 3370 1012 3441 γὰρ
1040 3371 1139 3441 τῆς
1166 3372 1403 3441 σήμερον
1432 3371 1647 3443 ἡμέρας
1669 3372 1730 3425 τὸ
1756 3374 1865 3428 κά-

270 3454 467 3526 λυμμα
482 3457 575 3509 έπῖ
594 3460 659 3529 τῇ
675 3459 981 3528 ἀναγνώσει
1000 3460 1100 3531 τῆς
1119 3460 1363 3524 Παλαιᾶς
1383 3461 1657 3532 Διαθήκης
1682 3462 1853 3532 μένει,

276 3548 348 3619 μὴ
398 3550 934 3622 ἀνακαλυπτόμενον,
975 3554 1057 3606 ὅτι
1109 3555 1164 3606 ὲν
1212 3553 1433 3623 Χριστῷ
1483 3556 1853 3623 καταργεῖται.

285 3638 427 3691 Ἀλλ’
460 3640 563 3703 ἕως
614 3642 875 3713 σήμερον,
925 3641 1086 3713 ἡνίκα
1141 3641 1579 3711 ἀναγινώσκεται
1625 3643 1853 3711 Μωσῆς,

270 3730 538 3801 κάλυμμα
568 3732 660 3785 ἐπὶ
688 3733 786 3803 τὴν
813 3733 1037 3803 καρδίαν
1072 3732 1252 3787 αὐτῶν
1278 3735 1471 3786 κεῖται.
1490 3732 1680 3786 Ἡνίκα
1709 3733 1751 3786 δ’
1786 3732 1852 3786 ἂν

272 3819 579 3892 ἐπιστρέψῃ
604 3822 739 3891 πρὸς
765 3820 991 3891 Κύριον,
1016 3824 1381 3893 περιαιρεῖται
1402 3820 1462 3873 τδ
1489 3821 1773 3891 κάλυμμα.
1792 3821 1859 3873 Ὀ

270 3908 325 3961 δὲ
374 3908 582 3980 Κύριος
622 3910 683 3963 τὺ
712 3909 937 3980 Πνεῦμά
966 3911 1113 3963 ἐστιν
1132 3927 1145 3941 ·
1174 3903 1235 3962 οὗ
1267 3910 1324 3963 δὲ
1352 3908 1578 3978 Πνεῦμα
1613 3909 1843 3978 Κυρίου,

272 3998 576 4071 ἐλευθερία.
609 4018 628 4051 ι
664 4001 935 4071 Πρότερον
975 4000 1155 4053 τοίνυν
1184 4001 1264 4061 είς
1294 3999 1393 4069 τὴν
1431 3998 1653 4067 καρδίαν
1680 3997 1847 4065 αὐτῆς

272 4089 529 4161 λαλήσειν
560 4092 979 4161 ἐπαγγέλλεται,
1009 4091 1132 4155 τοὺς
1168 4090 1346 4153 θείους
1387 4091 1555 4159 αὐτῆς
1582 4089 1863 4158 ὲγχαράτι

272 4198 461 4246 τοντος
479 4183 695 4254 νόμους,
717 4184 810 4237 καὶ
830 4182 1207 4252 παιδαγωγίαν
1227 4181 1324 4252 τὴν
1351 4180 1559 4235 ἄνωθεν
1580 4180 1673 4234 τοῦ
1698 4180 1851 4247 ἁγίου

274 4273 416 4327 Πνεύ
426 4292 594 4344 ματος
614 4291 630 4307 ο
662 4272 761 4329 εἷθ’
792 4274 965 4340 οὕτως
987 4276 1239 4345 συνήσειν
1264 4274 1359 4327 καὶ
1380 4272 1450 4327 τὰ
1471 4275 1528 4327 ὲν
1555 4276 1620 4344 τῇ
1645 4271 1855 4325 κοιλάδι

273 4368 697 4439 τῆςἘμεκαχὼρ
711 4369 955 4432 τυπικῶς
967 4386 1026 4422 τε
1042 4368 1136 4421 καὶ
1150 4367 1435 4439 ίστορικῶς
1468 4365 1852 4435 πεπραγμένα,

1961 2024 2061 2064 sus-
2088 2009 2281 2073 fuerat,
2327 2010 2570 2079 aperiant
2611 2007 3024 2079 intelligentiam
3066 2005 3211 2073 ejus,
3251 2012 3309 2056 ut
3360 2002 3547 2054 ιιιοιιίι

1961 2100 2100 2154 [cste
2128 2098 2287 2165 sciat,
2315 2114 2472 2167 quem
2498 2100 2658 2154 linem
2685 2108 3114 2168 contemptorum
3149 2094 3356 2149 facinus
3378 2091 3549 2145 habi-

1962 2199 2137 2243 turum
2169 2190 2261 2246 sit.
2290 2188 2570 2258 Perpende
2600 2199 2776 2243 autem
2808 2187 3077 2258 quomodo
3107 2199 3211 2239 non
3235 2183 3386 2253 prius
3409 2182 3552 2234 data.

1959 2280 2030 2333 sit
2059 2280 2124 2333 ad
2161 2279 2505 2349 aperiendam
2538 2278 2947 2347 intelligentiam
2987 2276 3103 2345 ejus
3137 2275 3291 2329 vallis
3331 2273 3539 2336 Achar,

1957 2384 2116 2439 quam
2146 2369 2454 2437 loqueretur
2476 2370 2543 2423 ad
2573 2385 2668 2425 cor
2698 2368 2832 2437 ejus.
2872 2368 2988 2423 Nec
3018 2367 3160 2422 enim
3188 2365 3545 2432 divina-pray-

1958 2468 2110 2528 cepta
2138 2457 2447 2515 Iudaeorum
2481 2460 2708 2530 populus
2744 2460 3097 2529 intelligeret;
3142 2472 3245 2513 neo
3286 2455 3339 2510 in
3392 2455 3551 2525 typis

1958 2551 2161 2607 Christi
2190 2552 2511 2621 mysterium
2537 2552 2865 2621 aspexisset,
2889 2549 3016 2614 nisi,
3047 2558 3109 2604 ut
3137 2562 3259 2610 nos,
3287 2545 3379 2615 qui
3414 2560 3550 2599 cre-

1958 2642 2211 2707 didimus,
2259 2642 2639 2697 communione
2691 2641 2929 2711 Spiritus
2988 2639 3159 2694 sancti
3211 2645 3426 2701 auctus,
3476 2644 3546 2688 et

1957 2748 2188 2803 superna
2220 2734 2614 2789 illuminatione
2645 2734 2891 2804 dignatus
2919 2731 3127 2786 fuisset.
3156 2729 3235 2783 Ad
3278 2728 3381 2781 hoc
3412 2739 3547 2779 cre~

1957 2824 2189 2878 dendum
2217 2839 2317 2878 nos
2341 2824 2556 2878 inducet
2600 2824 2790 2878 beatus
2820 2821 3035 2886 Paulus,
3084 2820 3152 2874 de
3188 2816 3433 2871 oriumlis
3461 2828 3537 2867 es

1956 2915 2219 2983 sanguine
2248 2914 2410 2971 Israel
2448 2916 2596 2970 hunc
2616 2915 2666 2968 in
2694 2913 2910 2968 modum
2961 2911 3243 2966 scribens:
3278 2926 3299 2958 ι
3352 2906 3555 2974 ΙΙειιιιθι

1959 3006 2011 3061 in
2048 3006 2365 3062 hodiernum
2399 3007 2542 3061 enim
2591 3005 2745 3060 diem.
2774 3005 3002 3072 idipsnm
3055 3000 3297 3054 velamen
3351 2997 3403 3051 in
3450 2996 3547 3050 ιθ..

1957 3097 2137 3152 etione
2184 3094 2401 3152 Veteris
2451 3093 2780 3150 Testamenti
2840 3101 3032 3147 manes
3076 3106 3178 3145 non
3234 3088 3551 3142 revelatum~

1962 3187 2237 3259 (quoniam
2272 3187 2327 3241 in
2361 3187 2577 3242 Christo
2604 3186 2942 3252 evacuatur),
3016 3181 3110 3237 sed
3144 3195 3312 3249 usque
3344 3178 3395 3232 in
3434 3177 3550 3230 ho-«

1956 3278 2206 3333 diernum
2230 3278 2395 3341 diem,
2425 3277 2641 3345 quando
2671 3264 2873 3346 legitur
2896 3273 3127 3345 Moyses,
3156 3271 3399 3326 velamen
3429 3283 3549 3337 po-

1954 3369 2116 3423 situm
2147 3376 2230 3425 est
2253 3382 2414 3436 super
2445 3382 2540 3422 cor
2568 3356 2803 3420 eorum."
2824 3365 2958 3419 Cum
3008 3374 3187 3417 autem
3237 3373 3548 3416 conwrsus.

1955 3458 2118 3511 fuerit
2149 3458 2216 3511 ad
2270 3457 2578 3517 Dominum,
2626 3454 2902 3508 auferetur
2950 3453 3213 3507 velamen.
3271 3450 3550 3503 Dominus.

1954 3558 2132 3602 autem
2173 3546 2405 3616 Spiritus
2428 3554 2545 3607 est;
2584 3545 2880 3598 ubi‘autern
2915 3543 3149 3612 Spiritus
3189 3540 3426 3599 Domini.
3455 3539 3547 3593 ibi:

1955 3639 2182 3694 libertas
2217 3638 2285 3691 ".
2338 3657 2355 3689 ι
2398 3637 2575 3703 Quare
2602 3636 2751 3705 prius
2782 3636 2847 3689 ad
2874 3649 2969 3689 cor
2993 3635 3108 3703 ejus
3137 3633 3440 3687 locuturum
3472 3636 3532 3684 Se

1955 3731 2199 3801 spondet,
2230 3730 2405 3784 divina
2437 3730 2484 3783 ei
2517 3729 2793 3792 mandata,
2833 3736 2889 3782 et
2910 3740 3194 3794 supernam
3242 3725 3549 3777 institutio—

1957 3838 2079 3877 nem
2116 3830 2303 3876 sancto
2335 3820 2537 3889 Spiritu
2576 3819 2912 3887 insculpeute
2939 3836 2953 3871 :
2985 3817 3177 3871 deinde
3207 3817 3278 3869 ita
3318 3815 3547 3868 intelle-—

1956 3920 2167 3966 cturnm
2191 3926 2310 3980 quae
2336 3911 2386 3964 in
2418 3909 2556 3964 valle
2589 3906 2915 3979 Ἐμεκαχώρ
2945 3905 3026 3977 (ιιι
3059 3906 3268 3961 Hebraei
3316 3905 3545 3975 vocant)“
3656 3908 3659 3909 ⁷

1957 4004 2132 4072 tyniee
2157 4012 2209 4057 et
2243 4003 2497 4058 historice
2519 4010 2725 4072 patrata
2759 4011 2905 4063 sunt,
2932 4014 3052 4067 qua:
3079 3998 3145 4053 ad
3178 3998 3547 4066 aperiendum

1952 4093 2316 4162 intelligentiae
2341 4090 2457 4159 ejus
2498 4090 2731 4150 oculum.
2788 4097 2842 4143 et
2888 4103 2919 4143 a
2971 4088 3135 4143 veteri
3195 4087 3437 4142 cazcitate
3477 4084 3541 4137 in~

1958 4192 2231 4250 posterum
2257 4181 2638 4236 vindicandum
2674 4194 2779 4234 non
2812 4178 2944 4232 satis
2972 4189 3217 4247 possunt.
3254 4195 3277 4228 ο
3303 4174 3546 4230 Caecitas

1956 4274 2096 4327 enim
2130 4289 2197 4326 ex
2232 4282 2381 4341 parte
2416 4273 2640 4341 contigit
2678 4272 2729 4325 in
2763 4270 2923 4325 Israel
2958 4272 3069 4337 ⁸⁸,ιι
3097 4277 3204 4324 utra
3242 4268 3407 4321 Paulo
3437 4281 3547 4320 sa-

1955 4363 2163 4431 pienter
2197 4363 2396 4416 dictum
2433 4374 2535 4416 est.

276 4462 367 4515 καὶ
414 4462 517 4513 οὐκ
556 4459 826 4523 ἀνικάνως
859 4459 1049 4530 ἔχοντα
1109 4459 1247 4529 πρὸς
1293 4458 1354 4511 τὸ
1397 4455 1656 4521 διανοῖξαι
1722 4456 1820 4526 τὴν
1861 4452 2088 4507 σύνεσινε
2117 4454 2284 4522 αὐτῆς
2307 4493 2322 4516 ,
2358 4454 2453 4506 καὶ
2489 4453 2588 4522 τῆς
2615 4450 2847 4521 ἀρχαίας
2882 4448 3190 4520 πωρώσεως
3218 4445 3543 4510 ἀπαλλάξαυ

273 4551 476 4606 λοιπόν.
535 4569 553 4603 ι
585 4550 848 4621 Πώρωσις
895 4549 1002 4621 γὰρ
1063 4549 1169 4603 ἀπὸ
1248 4552 1451 4621 μέρους
1514 4548 1703 4617 γέγονε
1733 4547 1810 4617 τῷ
1858 4544 2092 4615 Ἰσραὴλ,
2127 4563 2145 4596 ι
2181 4543 2325 4597 καθὰ
2354 4546 2447 4598 καὶ
2471 4546 2500 4597 ὁ
2530 4544 2692 4611 σοφὸς
2717 4543 2916 4613 γράφει
2949 4541 3179 4601 Παῦλος.

344 4643 456 4696 Καὶ
482 4641 981 4707 ταπεινωθήσεται
1003 4641 1133 4695 ἑκεῖ
1157 4642 1307 4695 κατὰ
1350 4642 1457 4707 τὰς
1502 4641 1724 4709 ἡμέρας
1752 4657 1855 4706 νη-

2034 4637 2096 4689 Et
2127 4637 2491 4690 humiliabitur
2521 4637 2594 4689 ibi
2632 4636 2793 4703 juxta
2832 4635 2943 4687 dies
2979 4631 3267 4700 juventutis
3301 4646 3432 4694 sum,
3479 4640 3536 4684 et»

277 4733 556 4801 πιότητος
583 4732 794 4801 αὐτῆς,
824 4732 920 4786 καί
951 4731 1103 4787 κατὰ
1127 4733 1231 4799 τὰς
1254 4732 1476 4801 ἡμέρας
1506 4731 1853 4796 ἀναϐάσεως

1956 4733 2099 4791 iuxta
2125 4730 2233 4782 dies
2266 4729 2583 4782 ascensionis
2616 4742 2725 4781 stur
2754 4727 2818 4781 de
2847 4734 2988 4780 terra
3011 4722 3277 4793 {Egypth

278 4820 466 4890 αὐτῆς
493 4824 561 4876 ἐκ
592 4821 708 4892 γῆς
733 4823 1055 4891 Αἰγύπτου.

350 4915 476 4968 KE'.
521 4916 690 4969 Ὅταν
725 4915 896 4985 αὐτῆς
931 4917 1011 4977 είς
1048 4912 1172 4966 νοῦν
1201 4914 1296 4965 καὶ⁸
1352 4912 1578 4983 καρδίαν
1609 4911 1851 4981 λαλήσω,

280 5006 433 5076 φησὶ,
466 5007 563 5060 καὶ
586 5007 741 5062 δώσω
768 5008 866 5076 τὴν
894 5006 1114 5060 κοιλάδα
1150 5006 1325 5076 Ἀχὼρ
1351 5003 1612 5068 διανοῖξαι
1643 5002 1855 5057 σύνεσιν

280 5100 468 5169 αὐτῆς,
504 5099 641 5165 ἐκεῖ,
670 5096 914 5152 τουτέστι
938 5099 997 5151 τὸ
1022 5098 1276 5167 τηνικάδε
1301 5139 1316 5163 ,
1346 5095 1849 5165 ταπεινωθήσεται,

280 5190 373 5241 καὶ
396 5190 496 5243 οὐκ
525 5189 616 5242 ὲπί
640 5206 692 5242 τι
718 5189 825 5243 τῶν
859 5190 1013 5259 ὰνιᾷν
1044 5186 1311 5241 είωθότων
1364 5186 1659 5256 καθιεμένη
1682 5202 1739 5238 τε
1760 5187 1853 5238 καὶ

282 5280 633 5346 ὑφιζάνουσα,
682 5280 883 5351 τρόπον
927 5280 983 5333 δὲ
1037 5280 1236 5351 μᾶλλον
1288 5280 1487 5346 ἀφεῖσα
1529 5277 1713 5331 λοιπὸν
1766 5276 1857 5329 τὸν

282 5369 501 5439 ἀπειθῆ,
533 5370 627 5423 καὶ
668 5370 1003 5438 δυσάγωγον,
1032 5371 1124 5423 καὶ
1167 5373 1280 5432 τοῖς
1324 5368 1626 5438 ὑπεροψίας
1652 5367 1854 5437 ἐγκλή-

288 5477 448 5527 μασιν
477 5462 792 5530 ὲνεχόμενον
815 5477 831 5491 ⁸
874 5460 1088 5525 ἀλαζὼν
1118 5461 1226 5532 γὰρ
1254 5462 1282 5513 ὁ
1309 5460 1561 5529 ἀπειθὴς,
1592 5459 1686 5512 καὶ
1716 5460 1855 5511 clov-

285 5565 331 5602 ει
353 5567 468 5610 πως
496 5551 753 5623 ἀνάντης,
784 5552 877 5605 καὶ
894 5551 1126 5622 ἑξήνιος,
1161 5552 1252 5603 καὶ
1276 5551 1408 5621 παρ’
1428 5550 1578 5602 οὐδὲν
1605 5549 1854 5619 ἡγεῖσθαι

290 5640 669 5714 μεμελετηκὼς
706 5644 804 5715 τὴν
844 5645 923 5708 είς
954 5662 1016 5713 γε
1051 5645 1109 5698 τὺ
1140 5645 1338 5716 χρῆναι
1374 5642 1616 5713 πληροῦν
1647 5643 1738 5695 τὸν
1766 5642 1853 5695 νό-

362 5818 406 5850 "
436 5819 616 5878 Matth.
660 5840 767 5892 xw,
802 5824 893 5880 27.

2022 4904 2190 4962 XXV.
2221 4905 2354 4960 Cum
2382 4904 2455 4960 illi
2487 4905 2553 4961 ad
2588 4913 2844 4969 mentem,
2879 4912 2941 4959 et
2981 4916 3083 4958 cor
3106 4902 3316 4955 locutus
3351 4900 3537 4965 fuero.

1953 4997 2151 5066 inquit,
2187 4995 2493 5066 dederoque
2521 4996 2710 5050 vallem
2761 4995 2962 5059 Achar,
2996 4991 3537 5063 aperireintclligen‘

1960 5091 2085 5144 tiam
2113 5090 2248 5160 ejus,
2286 5089 2387 5154 ibi,
2421 5089 2523 5144 hoc
2552 5098 2637 5143 est
2683 5098 2831 5154 tunc,
2865 5085 3255 5152 humiliabitur,
3280 5100 3382 5139 nec
3410 5086 3540 5140 συὶ-ι

1959 5187 2101 5256 piam
2130 5185 2271 5254 quod
2309 5183 2609 5238 molestiam
2649 5179 2843 5236 all'erre
2881 5179 3071 5249 possit,
3116 5193 3175 5233 se
3226 5179 3537 5244 submittet,

1952 5279 2108 5346 eique
2136 5274 2544 5338 immorabitur;
2577 5273 2670 5328 sed
2702 5270 2941 5326 moribus
2979 5268 3332 5334 relractariis,
3363 5278 3418 5324 et
3444 5270 3523 5323 in.

1957 5368 2349 5433 tractabilibus,
2392 5373 2451 5422 et
2475 5380 2595 5420 cum
2654 5362 2918 5433 superbiae
2965 5361 3196 5415 crimine
3224 5360 3535 5427 conjunctis

1954 5463 2131 5531 potius
2176 5460 2426 5527 deinceps
2461 5456 2708 5520 relictis;
2740 5467 3002 5523 arrogans
3036 5452 3179 5507 enim
3208 5460 3289 5505 est
3336 5451 3493 5504 inohe

1953 5553 2127 5615 diens,
2158 5562 2213 5606 et
2251 5549 2410 5605 veluti
2456 5547 2692 5613 acclivis,
2723 5555 2779 5601 et
2805 5544 3042 5607 ell'renis,
3069 5553 3125 5597 et
3162 5543 3294 5613 legis
3341 5542 3523 5595 obser-

1952 5645 2166 5696 vatione
2195 5657 2256 5696 ac
2287 5639 2584 5695 reverentia
2608 5636 2996 5691 contemnenda
3027 5634 3388 5696 exercitatus;
3424 5630 3530 5685 hu-

1040 5827 1085 5857 ⁸ο
1120 5824 1305 5879 Matth.
1342 5839 1449 5887 ut,
1488 5822 1562 5875 Η.
1643 5823 1681 5854 δ’
1725 5820 1762 5873 ll
1798 5822 1921 5874 Cor.
1959 5818 2115 5875 mil
2160 5819 2235 5869 t7.
2315 5817 2359 5848 “
2404 5813 2557 5867 Rom.
2597 5828 2672 5876 χι,
