4094 6564
569 409 637 468 87
1549 407 1609 462 S.
1647 404 1914 461 CYRILLI
1952 402 2426 463 ALEXANDRINI.
2451 403 2744 460 ARCHEP.
3746 404 3819 464 88

570 522 714 579 milis
743 529 921 577 autem
966 522 1336 589 vehementer,
1383 533 1438 580 et
1467 527 1623 594 quasi
1669 539 1890 580 accessu
1946 524 2138 588 facilis,

2247 540 2346 592 μον
2371 522 2504 577 αἰδῶ
2523 540 2537 553 ·
2562 521 2812 584 ταπεινὸς
2835 520 2890 573 δὲ
2907 519 3046 583 λίαν,
3065 523 3159 576 καὶ
3187 523 3349 579 οἱονεί
3366 541 3482 589 πως
3502 523 3821 594 εὐπρόσιτος

567 615 634 669 ad
657 613 1017 669 obediendum
1043 625 1343 685 promptus,
1391 625 1446 672 et
1475 632 1510 692 a
1555 616 1668 671 Deo
1700 617 1754 670 in
1785 616 1977 686 primis
2009 615 2142 670 dile-

565 712 705 760 ctus.
733 704 1040 777 “Quare
1061 721 1158 777 per
1186 708 1500 778 prophetam
1529 707 1815 778 quemdam
1844 707 2018 776 inquit
2039 705 2138 760 ali-

565 795 686 850 cubi
721 814 736 850 :
767 814 786 848 ι
816 798 990 866 Super
1015 813 1174 866 quem
1206 798 1515 868 respiciam,
1545 799 1644 852 nisi
1671 811 1834 866 super
1856 796 2138 858 humilem,

564 897 618 941 et
644 888 905 956 quietum,
936 897 990 942 et
1015 897 1334 944 trementem
1363 904 1640 945 sermones
1673 903 1822 943 meos
1849 888 1936 942 ιιι
1964 906 1982 940 ι
2018 902 2140 941 cum

565 981 731 1048 igitur
759 979 970 1035 locutus
1001 981 1172 1046 fuero,
1201 982 1394 1051 inquit,
1427 981 1492 1036 ad
1517 996 1613 1035 cor
1643 980 1782 1048 ejus,
1819 987 1946 1034 tunc
1989 988 2137 1044 tunc,

563 1082 618 1124 et
647 1071 760 1139 ipsa
793 1071 1184 1138 humiliabitur,
1226 1073 1366 1128 sicut
1413 1081 1470 1128 et
1514 1073 1570 1128 in
1601 1071 1888 1142 principio,
1923 1072 2141 1140 quando

565 1172 793 1216 vocante
832 1162 1032 1232 Moyse,
1074 1174 1129 1219 et
1175 1180 1238 1219 ex
1287 1164 1527 1237 Egypto
1576 1165 1855 1221 discedere
1914 1164 2141 1232 lubente

567 1252 922 1307 misericorde
961 1254 1088 1319 Deo,
1135 1257 1535 1325 promptissime
1574 1256 1676 1312 hoc
1717 1254 1899 1310 facere
1959 1254 2143 1310 stude-

565 1339 718 1404 bant,
745 1349 800 1394 et
824 1356 855 1395 e
880 1343 1039 1397 terris
1066 1343 1476 1412 imperiosorum
1513 1343 1853 1398 dominorum
1882 1353 2142 1409 propera-

567 1431 718 1484 bant.
749 1431 980 1487 Ferente
1028 1443 1207 1488 autem
1240 1433 1412 1504 legem
1445 1433 1498 1489 in
1544 1431 1782 1497 Cboreb,
1829 1427 2142 1500 congregati

566 1535 688 1577 cum
722 1523 904 1593 Moyse
944 1523 1011 1578 ad
1051 1534 1288 1578 montem
1324 1525 1474 1588 Sina,
1509 1521 1912 1593 promittebant,
1951 1537 1971 1572 ι
2024 1533 2141 1573 om-

565 1614 653 1667 nia
696 1628 816 1683 quae
864 1613 1000 1669 dixit
1023 1614 1177 1670 nobis
1204 1615 1462 1670 Dominus
1523 1613 1807 1676 faciemus,
1854 1621 1909 1666 et
1937 1610 2141 1666 erimus

566 1706 881 1760 obedientes
916 1706 984 1760 “.
1023 1724 1041 1758 ι
1087 1706 1204 1760 Erit
1247 1706 1409 1776 igitur
1455 1705 1674 1761 humilis
1715 1712 1770 1758 et
1817 1701 2136 1766 tractabilis,

565 1799 1017 1868 quemadmodum
1052 1809 1105 1854 et
1140 1799 1316 1864 initio,
1347 1799 1562 1869 quando
1590 1812 1684 1866 per
1709 1796 1883 1867 legem
1927 1795 1994 1850 ad
2044 1808 2139 1850 co-

2239 611 2416 684 όπρδς
2439 611 2748 666 εὐπείθειαν
2775 609 3014 674 εὔκολος,
3033 612 3128 665 καὶ
3153 613 3271 683 Θεῷ
3292 615 3411 667 λίαν
3430 617 3618 685 ὴγαπη
3627 614 3784 684 μένος
3801 654 3819 670 .

2238 702 2348 754 Καὶ
2398 700 2531 770 γοῦν
2579 701 2682 771 ἐφη
2730 716 2832 753 που
2879 699 2942 752 δι’
2970 700 3088 764 ἑνὸς
3127 702 3236 755 τῶν
3281 704 3450 773 ἁγίων
3481 705 3776 776 προφητῶν
3803 721 3820 736 ·

2246 811 2265 845 ι
2289 794 2413 847 Ἐπὶ
2459 793 2582 847 τίνα
2630 792 2928 862 ἐπιϐλέψω,
2957 793 3074 846 ἀλλ’
3105 793 3138 865 ἢ
3163 795 3258 849 ἐπὶ
3299 796 3392 850 τὸν
3420 797 3693 858 ταπεινὸν,
3724 798 3824 850 καὶ

2237 885 2484 955 ἡσύχιον,
2512 885 2607 938 καὶ
2637 885 2912 956 τρέμοντά
2941 903 3043 955 μου
3067 888 3195 951 τοὺς
3221 887 3412 956 λόγους
3437 904 3451 952 ;
3489 909 3507 940 ι
3537 889 3704 942 Ὅταν
3729 885 3824 942 οῦν

2238 975 2476 1046 λαλήσω,
2514 975 2699 1046 φησιν,
2734 977 2826 1029 ἐπὶ
2855 976 2954 1045 τὴν
2987 977 3216 1049 καρδίαν
3248 979 3572 1049 αὐτῆς,τότε
3593 979 3675 1049 δὴ,
3698 980 3825 1031 τότε

2238 1069 2336 1123 καὶ
2376 1068 2515 1138 αὐτὴ
2549 1068 3043 1141 ταπεινωθήσεται,
3078 1071 3222 1126 καθὰ
3257 1072 3350 1126 καὶ
3399 1074 3457 1126 ἐν
3489 1074 3704 1144 ἀρχαῖς,
3732 1075 3825 1126 ὅτε

2238 1158 2532 1223 καλοῦντος
2590 1160 2835 1224 Μωσέως
2857 1200 2872 1225 ,
2920 1163 3016 1215 καὶ
3068 1163 3166 1234 τῆς
3215 1164 3528 1232 Αἰγυπτίων
3570 1164 3827 1234 ἀπαίρειν

2240 1253 2673 1324 προπεταχότος
2689 1253 2782 1307 τοῦ
2802 1254 3036 1322 φιλοικτί
3045 1272 3237 1325 ρμονος
3252 1255 3411 1321 Θεοῦ,
3423 1255 3593 1327 προθυ
3602 1255 3827 1325 μὼτατα

2243 1344 2342 1415 μὲν
2391 1341 2550 1398 τοῦτο
2595 1343 2728 1415 δρᾷν
2785 1343 3138 1408 ἐσπούδαζον,
3200 1346 3298 1400 καί⁵
3335 1346 3436 1415 τῆς
3477 1345 3584 1398 τῶν
3632 1344 3826 1397 πλεον-

2241 1433 2548 1488 εκτούντων
2572 1433 2873 1504 άπέτρεχον
2894 1434 3017 1503 γῆς.
3062 1431 3367 1505 Ὀρίζοντος
3391 1435 3448 1488 δὲ
3475 1435 3597 1497 τοὺς
3627 1435 3828 1504 νόμους

2241 1527 2298 1579 ἐν
2318 1523 2540 1595 Χωρὴϐ,
2575 1524 3045 1595 συναγηγερμένοι
3081 1524 3220 1594 μετὰ
3248 1524 3490 1588 Μωσέως
3513 1524 3606 1578 ἐπὶ
3625 1523 3686 1576 τὺ
3699 1524 3827 1594 δρος

2239 1614 2390 1680 Σινὰ,
2422 1613 2927 1685 κατεπηγγέλλοντο
2957 1613 3207 1682 λέγοντες
3236 1631 3249 1645 ·
3281 1633 3299 1666 ι
3337 1614 3522 1668 Πάντα
3543 1615 3644 1667 ὅσα
3671 1609 3828 1667 εἶπεν

2239 1711 2373 1779 ἡμῖν
2402 1707 2604 1780 Κύριος
2640 1711 2669 1762 ό
2719 1707 2870 1772 Θεὸς,
2902 1709 3224 1778 ποιήσομεν,
3261 1708 3358 1762 καὶ
3404 1708 3766 1778 ἀκουσόμεθα.
3801 1728 3820 1760 ι

2243 1801 2452 1854 Οὐκοῦν
2478 1801 2627 1855 ἔσται
2657 1799 2885 1870 ταπεινὴ
2920 1800 3014 1854 καί,
3044 1801 3276 1871 εὐήνιος,
3299 1800 3445 1854 καθὰ
3475 1801 3569 1854 καὶ
3613 1803 3671 1856 ἐν
3718 1801 3827 1870 ἀρ-

564 1889 856 1957 gnitionem
885 1889 978 1945 Dei
1015 1899 1291 1960 generata,
1326 1891 1655 1944 voluntatem
1688 1889 1924 1944 divinam
1969 1886 2141 1941 libens

2244 1895 2386 1963 χαῖς,
2417 1893 2506 1946 ὅτε
2547 1892 2647 1962 τὴν
2691 1890 2779 1948 διὰ
2829 1891 2997 1960 νόμου
3047 1891 3183 1962 πρὸς
3223 1890 3551 1959 Θεογνωσίαν
3583 1889 3829 1945 λαϐοῦσα

566 1977 1049 2047 complectebatur.
1092 1978 1218 2035 Dies
1252 1995 1384 2048 ergo
1406 1978 1704 2048 iuventutis
1731 1979 2019 2049 appellavit
2059 1991 2142 2030 re-

565 2070 970 2137 generationem
1003 2086 1097 2140 per
1128 2072 1298 2140 legem
1323 2072 1388 2125 ad
1420 2071 1782 2141 cognitionem
1817 2069 1934 2122 Dei.
1965 2065 2144 2132 Quare

566 2159 732 2214 etiam
767 2161 901 2215 dixit
932 2178 947 2218 :
986 2178 1008 2213 ι
1040 2160 1438 2230 Primogenitus
1467 2159 1612 2215 ﬁlius
1645 2174 1798 2214 meus
1831 2156 1998 2212 Israel
2021 2155 2086 2208 ".
2118 2173 2137 2205 ι

635 2351 800 2406 Vsus.
843 2352 930 2418 16,
968 2353 1053 2407 l7.
1096 2352 1162 2407 Et
1184 2354 1306 2417 erit,
1335 2353 1392 2404 in
1423 2351 1510 2406 die
1531 2350 1646 2416 illa,
1683 2349 1815 2403 dicit
1845 2347 2142 2408 Dominus;

564 2445 767 2497 vocabit
806 2460 886 2497 me
916 2461 933 2498 :
964 2443 1059 2498 Vir
1082 2460 1247 2510 meus,
1273 2455 1318 2497 et
1351 2460 1453 2496 non
1483 2443 1688 2496 vocabit
1717 2457 1798 2494 me
1830 2438 1972 2492 ultra
2002 2436 2145 2491 Ban-

563 2535 676 2591 Iim.
729 2535 798 2588 Et
846 2538 1105 2606 auferam
1149 2536 1364 2588 nomina
1417 2533 1627 2587 Baalim
1677 2547 1742 2585 ea:
1794 2546 1882 2584 ore
1921 2529 2058 2597 ejus,
2094 2540 2142 2582 et

565 2644 668 2680 non
709 2628 1128 2681 recordabuntur
1156 2626 1296 2678 ultra
1338 2627 1615 2679 nominum
1653 2622 1889 2677 illorum.

635 2785 825 2841 XXVI.
869 2786 1016 2840 Diem
1055 2785 1160 2839 hoc
1191 2783 1308 2838 loco
1341 2792 1554 2852 tempus
1594 2781 1860 2837 adventus
1896 2779 2144 2834 Salvato-

564 2877 640 2933 ris
667 2878 837 2932 nostri
861 2877 1146 2931 nominat:
1195 2875 1408 2944 proprie
1446 2875 1594 2926 enim
1647 2887 1713 2926 ac
1742 2888 1868 2926 vere
1899 2873 2014 2928 dies
2042 2886 2141 2924 vo-

565 2971 678 3026 cari
733 2979 911 3040 potest
959 2978 1174 3037 tempus
1241 2966 1632 3022 incarnationis
1685 2965 1982 3032 Unigeniti,
2036 2977 2142 3034 quo

563 3061 739 3130 caligo
767 3060 819 3112 in
857 3059 1055 3113 mundo
1089 3058 1308 3126 depulsa
1341 3065 1445 3120 est,
1477 3065 1532 3111 et
1557 3053 1850 3125 proﬂigata:
1883 3053 2139 3116 tenebrae,

563 3161 618 3204 et
661 3151 811 3218 quasi
843 3149 1063 3217 quidam
1105 3148 1420 3216 splendores
1471 3147 1524 3199 in
1571 3145 1768 3199 animis
1807 3143 2138 3198 credentium

564 3242 765 3305 exorti,
819 3251 874 3296 et
894 3241 971 3294 sol
1027 3239 1252 3308 justilize
1300 3237 1566 3300 illuxit",
1629 3250 1768 3289 veras
1820 3233 2210 3301 c0gnitionisc

563 3335 658 3390 Dei
704 3335 882 3387 lumen
915 3333 1162 3386 inserens
1190 3332 1276 3397 iis,
1307 3330 1402 3400 qui
1453 3328 1649 3384 mentis
1687 3326 1872 3382 oculos
1925 3324 2139 3393 aperire

561 3409 850 3480 noveriint.
905 3424 997 3478 Illo
1050 3423 1215 3491 igitur
1255 3429 1515 3491 tempore,
1577 3421 1776 3488 inquit,
1831 3427 2019 3472 vocata
2070 3415 2138 3469 ad

564 3511 890 3581 agnitionem
923 3511 1033 3565 veri
1063 3510 1177 3570 Dei.
1211 3524 1241 3562 a
1269 3510 1435 3561 veteri
1465 3508 1553 3561 illa
1617 3515 1674 3562 et
1703 3505 1888 3562 odiosa
1920 3504 2142 3560 levitate

563 3602 823 3666 discedet,
848 3615 947 3656 nec
967 3601 1198 3670 amplius
1227 3600 1473 3654 alicunde
1497 3599 1563 3652 ad
1583 3598 1907 3668 apostasiam
1939 3613 1968 3651 a
1991 3606 2141 3652 recto

568 3687 838 3742 curriculo
882 3686 1038 3740 facile
1065 3687 1518 3754 detorquebitur;
1559 3688 1652 3741 sed
1687 3687 1926 3740 animum
1962 3685 2139 3754 potius

566 3789 713 3836 recte
753 3789 806 3832 et
849 3779 1140 3833 salubriter
1182 3778 1488 3833 constantia
1531 3779 1752 3848 pietatis
1796 3779 2137 3833 incedentem

564 3870 808 3932 habebit,
836 3880 889 3926 ut
919 3885 1095 3939 neque
1121 3879 1380 3939 punctum
1409 3872 1669 3938 temporis
1706 3871 1922 3924 nomina
1971 3869 2142 3922 idolo-

565 3980 686 4018 rum
712 3965 764 4018 in
794 3977 1046 4018 sermone
1087 3971 1328 4030 usurpet.
1374 3962 1768 4018 Yocabitenim
1797 3978 1904 4027 me,
1942 3963 2137 4032 inquit,

566 4055 663 4109 Vir
685 4070 856 4120 meus,
892 4064 945 4108 et
973 4069 1076 4108 non
1109 4053 1323 4108 vocabit
1353 4067 1438 4107 me
1467 4053 1606 4107 ultra
1637 4052 1864 4118 Baalim,
1908 4053 2010 4108 hoc
2059 4063 2143 4106 est

566 4145 891 4213 temperabit
935 4160 963 4197 a
1017 4144 1284 4209 libidine,
1336 4154 1393 4199 et
1443 4142 1700 4199 fornicari
1763 4145 1816 4198 in
1865 4154 2140 4212 posterum

569 4237 862 4293 recusabit.
898 4236 1072 4305 Magni
1100 4244 1284 4291 autem
1329 4231 1645 4300 aestimabit,
1696 4251 1817 4291 esse
1857 4249 1920 4290 se
1967 4235 2142 4306 legiti-

567 4343 730 4392 mam,
765 4337 819 4380 et
844 4328 1218 4394 cognationem
1249 4327 1616 4392 conﬁtebitur,
1651 4327 1997 4394 'spiritualem
2035 4328 2142 4381 uli-

565 4436 694 4487 que.
747 4419 1067 4486 Neutiquam
1109 4427 1289 4472 autem
1326 4417 1464 4472 idola
1503 4417 1706 4472 Baalim
1736 4418 2030 4481 invocabit,
2073 4432 2140 4472 ex

566 4514 745 4581 lapide
778 4511 1046 4574 confecta,
1094 4520 1146 4566 et
1175 4511 1536 4580 quorumdam
1586 4510 1816 4566 artiﬁcio
1861 4510 2044 4564 solerti
2087 4512 2140 4564 in

2243 1985 2520 2056 γέννησιν,
2551 1985 2804 2055 ἀσμένως
2825 1983 3038 2055 ἐδέχετο
3061 1984 3122 2039 τὺ
3148 1983 3228 2054 τῷ
3253 1982 3372 2053 Θεῷ
3397 1983 3588 2037 δοκοῦν
3631 1982 3831 2052 νηπιό-

2242 2093 2423 2144 τητος.
2454 2075 2645 2129 Τοίνυν
2670 2076 2903 2147 ἡμέρας,
2930 2075 3028 2146 τὴν
3057 2074 3146 2128 διὰ
3191 2076 3356 2144 νόμου
3404 2075 3570 2143 φησιν
3602 2073 3833 2139 ἀναγέν-

2243 2184 2400 2237 νησιν
2428 2169 2507 2231 εἰς
2535 2165 2865 2235 θεογνωσίαν
2882 2181 2899 2201 ο
2929 2165 3209 2237 τοιγάρτοι
3245 2164 3340 2218 καὶ
3365 2163 3623 2233 ἔφασκεν,
3653 2183 3670 2214 ι
3698 2164 3832 2227 Υἱὸς

2244 2257 2586 2328 πρωτότοκός
2615 2274 2718 2328 μου
2753 2257 2990 2328 Ἰσραήλ.
3025 2274 3046 2308 ι

2315 2347 2425 2402 Καὶ
2450 2347 2654 2412 ἔσται,
2687 2346 2758 2400 ἐν
2778 2345 2856 2415 τῇ
2893 2345 3084 2415 ἡμέρᾳ
3108 2345 3334 2412 ἐκείνῃ,
3370 2345 3532 2412 λέγει
3570 2342 3787 2408 Κύριος
3810 2379 3828 2404 ,

2243 2439 2492 2494 καλέοισι
2513 2454 2592 2507 με
2625 2454 2640 2468 ⁸
2668 2436 2851 2505 Ἀνήρ
2903 2454 3024 2506 μου
3045 2453 3060 2469 ο
3093 2435 3192 2490 καὶ
3221 2437 3292 2490 οὐ
3323 2433 3566 2489 καλέσει
3605 2449 3684 2501 με
3740 2433 3830 2484 ἔτι

2242 2532 2529 2599 Βααλείμ.
2566 2529 2675 2584 Kal
2707 2525 2902 2595 ἐξαρῶ
2933 2525 3004 2580 τὰ
3035 2527 3297 2595 ὀνόματα
3336 2525 3456 2578 τῶν
3478 2523 3741 2589 Βααλεὶμ
3760 2523 3830 2574 ἐκ

2241 2622 2543 2690 στόματος
2567 2618 2782 2688 αὐτῆς,
2834 2617 2933 2672 καὶ
2970 2619 3046 2673 οὐ
3086 2617 3171 2687 μὴ
3211 2615 3569 2684 μνησθῶσιν
3601 2616 3712 2667 οὐκ
3739 2613 3830 2666 ἔτι

2241 2716 2312 2770 τὰ
2333 2715 2595 2783 ὀνόματα
2621 2710 2840 2768 αὐτῶν.

2309 2806 2455 2870 KG’.
2506 2804 2749 2873 Ἠμέραν
2781 2802 2881 2871 μὲν
2905 2802 2963 2855 ἐν
2987 2799 3195 2862 τούτοις
3223 2799 3314 2852 τὸν
3333 2799 3432 2868 τῆς
3453 2797 3548 2850 τοῦ
3579 2796 3830 2865 Σωτῆρος

2237 2895 2398 2968 ἡμῶν
2450 2894 2744 2964 ἐπιδημίας
2779 2892 3037 2962 ὀνομάζει
3065 2889 3257 2964 καιράν
3281 2905 3296 2920 ⁸
3353 2889 3680 2957 κεκλήσεται
3718 2887 3830 2956 γὰρ

2239 2987 2423 3056 ήμέρα
2477 2985 2682 3055 κυρίως
2742 2985 2836 3037 καὶ
2867 2984 3116 3053 άληθῶς,
3177 2982 3277 3051 τῆς
3339 2979 3436 3035 τοῦ
3488 2977 3829 3047 Μονογενοῦς

2240 3076 2396 3129 ἐνανο
2408 3075 2750 3146 ρωπήσεωςὸ
2781 3074 2992 3143 καιρὸς,
3026 3072 3147 3126 καθ’
3172 3073 3232 3125 ὃν
3255 3074 3289 3142 ή
3310 3074 3366 3124 ἐν
3390 3072 3582 3141 κόσμῳ
3609 3071 3828 3124 λέλυται

2244 3165 2343 3233 μὲν
2370 3163 2559 3232 ἀχλύς
2592 3162 2888 3230 ἠφάνισται
2924 3162 2980 3214 δὲ
3024 3161 3119 3214 καὶ
3145 3162 3208 3214 τὸ
3257 3161 3464 3224 σκότος’
3491 3161 3744 3232 λαμπραὶ
3772 3160 3829 3212 δὲ

2243 3254 2432 3323 ὥσπερ
2460 3253 2772 3322 ἀνίσχουσιν
2787 3253 2955 3319 αὐγαὶ
2981 3250 3122 3304 κατὰ
3141 3250 3266 3304 νοῦν
3287 3253 3398 3314 τοῖς
3415 3250 3828 3311 πεπιστευκόσι,

2242 3346 2338 3398 καὶ
2365 3345 2395 3397 ὁ
2422 3345 2522 3414 τῆς
2547 3343 2896 3412 δικαιοσύνης
2925 3342 3240 3412 ἐπέλαμψεν
3274 3342 3443 3413 ἥλιος,
3471 3343 3570 3412 τῆς
3595 3341 3829 3410 ἀληθοῦς

2243 3432 2574 3501 θεογνωσίας
2612 3432 2675 3484 τὸ
2708 3432 2822 3500 φῶς
2849 3432 3012 3496 ἐνιεὶς
3038 3435 3149 3496 τοῖς
3187 3431 3503 3501 ἀνευρύνειν
3537 3431 3702 3484 εἰδόσι
3730 3432 3830 3501 τῆς

2240 3523 2480 3586 διανοίας
2534 3522 2626 3576 τὸν
2672 3522 2972 3592 ὀφθαλμόν.
3020 3524 3156 3576 Κατ’
3189 3524 3364 3575 ἐκεῖνο
3386 3522 3451 3592 δὴ
3471 3517 3562 3576 οῦν
3585 3522 3678 3575 τοῦ
3706 3540 3832 3575 και-

2243 3615 2362 3688 ροῦ,
2407 3615 2562 3685 φησὶ,
2624 3614 2936 3684 κεκλημένη
2998 3614 3133 3684 πρὸς
3183 3614 3475 3681 ἐπίγνωσιν
3531 3611 3623 3666 τοῦ
3685 3613 3827 3666 κατὰ

2241 3706 2498 3777 ἀλήθειαν
2523 3706 2672 3768 δντος
2705 3705 2862 3769 Θεοῦ,
2896 3704 3188 3774 καταλήξει
3225 3705 3323 3773 μὲν
3349 3703 3450 3773 τῆς
3480 3705 3654 3774 ἀρχῆς
3680 3703 3828 3756 ἐκεί-

2242 3815 2360 3867 νης,
2406 3797 2501 3848 καὶ
2549 3796 2819 3864 στυγητῆς
2857 3795 3120 3864 ἐλαφρίας
3145 3811 3158 3824 ·
3192 3795 3573 3864 εὐπαράφορος
3601 3794 3658 3845 δὲ
3698 3795 3830 3846 οὐκ·

2243 3885 2324 3938 έτι
2377 3886 2512 3956 πρὸς
2581 3884 2920 3937 ἀποστασίαν
2985 3884 3138 3937 ἐσται
3200 3883 3385 3938 ποθέν.
3441 3883 3717 3955 Βεὸηκότα
3773 3884 3828 3935 δὲ

2245 3975 2443 4046 μᾶλλον
2482 3975 2657 4044 ὀρθῶς
2679 3991 2737 4028 τε
2765 3974 2860 4027 καὶ
2899 3973 3086 4041 ὑγιῶς,
3120 3975 3214 4027 καὶ
3260 3974 3597 4044 άκράδαντον
3629 3975 3707 4037 εἰς
3741 3974 3828 4024 εὐ-

2245 4066 2457 4119 σέϐειαν
2487 4064 2596 4128 ἕξει
2619 4066 2709 4118 τὸν
2731 4063 2876 4128 νοῦν,
2911 4064 2987 4127 ὼς
3019 4063 3154 4133 μηδέ
3179 4065 3302 4117 ὅσον
3332 4066 3527 4128 εἰπεῖν,
3559 4065 3638 4127 εἰς
3662 4064 3827 4131 λόγου

2242 4157 2438 4226 χρῆσιν
2464 4153 2638 4208 ἐλθεῖν
2681 4153 2750 4206 τὰ
2798 4152 2907 4205 τῶν
2943 4151 3177 4205 εἰδώλων
3210 4151 3470 4221 ὀνόματα.
3529 4171 3546 4202 ι
3590 4150 3828 4204 Καλέσει

2242 4246 2350 4315 γάρ
2386 4261 2474 4314 με,
2508 4243 2697 4313 φησὶν,
2721 4243 2749 4294 ὁ
2773 4242 2913 4312 ἀνήρ
2939 4258 3064 4311 μου,
3098 4242 3192 4294 καὶ
3219 4242 3281 4294 οὐ
3309 4241 3526 4296 καλέσει
3553 4257 3618 4310 με
3642 4240 3826 4293 οὐκέτι

2243 4335 2484 4406 Βααλείμ
2501 4351 2514 4363 ο
2532 4355 2550 4386 ι
2576 4334 2878 4399 τουτέστιν,
2897 4333 3278 4387 ἀποπαύσεται
3303 4332 3397 4385 τοῦ
3424 4328 3560 4386 εἶναι
3593 4331 3824 4401 μαχλάς,

2244 4430 2337 4481 καὶ
2365 4429 2769 4500 παραιτήσεται
2801 4425 2898 4496 μέν
2922 4424 2981 4478 τὸ
3015 4423 3296 4494 πορνεύειν
3321 4423 3420 4476 ἐτι.
3446 4423 3738 4490 Ποιήσεται
3769 4419 3823 4470 δὲ

2244 4520 2372 4588 περὶ
2410 4518 2604 4571 πολλοῦ
2645 4518 2704 4570 τὸ
2749 4513 2890 4571 εἶναι
2935 4516 3166 4587 γνησία,
3203 4515 3298 4568 καὶ
3345 4514 3668 4583 ὁμολογήσει
3728 4510 3823 4580 τὴν

566 4605 800 4670 speciem
860 4603 1151 4657 humanam
1198 4601 1532 4657 conformata
1595 4603 1647 4656 in
1685 4603 1788 4656 diis
1828 4617 2140 4658 numerans.

2247 4613 2572 4681 οἰκειότητα,
2592 4610 2750 4678 δῆλον
2783 4609 2839 4661 δὲ
2866 4609 2947 4661 ὅτι
2980 4609 3078 4677 τὴν
3113 4606 3506 4674 πνευματικήν.
3537 4599 3824 4656 Ἐπικαλὲο

571 4717 591 4746 ι
625 4695 806 4762 Itaque
851 4709 957 4760 me,
1009 4695 1204 4762 inquit,
1242 4693 1457 4748 vocabit
1486 4693 1578 4748 Vir
1612 4707 1784 4750 meus.
1817 4711 1836 4746 ι
1871 4692 1979 4764 50
2004 4692 2138 4747 Nam

565 4797 624 4840 ut
654 4787 839 4856 pudica
876 4797 930 4840 et
957 4786 1278 4855 probissima
1313 4800 1371 4840 se
1418 4786 1486 4842 ad
1529 4802 1613 4840 me
1648 4798 1951 4854 convertet,
1983 4803 2046 4842 ac
2075 4788 2142 4844 de

565 4888 762 4931 caetero
791 4876 980 4944 diliget
1003 4876 1232 4931 aliorum
1261 4877 1532 4933 neminem
1563 4894 1580 4946 ;
1616 4893 1716 4933 nec
1742 4878 1879 4934 ultra
1917 4879 2139 4934 invoca-

565 4971 644 5024 bit
670 4970 893 5024 Baalim.
921 4970 1094 5023 Etiam
1119 4970 1224 5024 alio
1248 4985 1407 5026 sensu
1429 5009 1445 5035 ,
1478 4972 1526 5027 si
1558 4971 1642 5027 cui
1679 4971 1965 5042 placuerit.
1996 4971 2141 5038 quod

567 5062 766 5121 dicitur
799 5062 1046 5129 accipiet.
1070 5061 1272 5116 Baalim
1316 5064 1482 5127 enim,
1509 5062 1652 5132 quod
1691 5071 1892 5118 norunt
1921 5077 2134 5127 omnes,

570 5153 710 5207 idola
752 5153 1046 5221 signiﬁcat.
1084 5153 1345 5208 Solebant
1389 5165 1571 5208 autem
1616 5153 1854 5208 Hebraeae
1887 5154 2140 5208 mulieres

571 5247 796 5300 maritos
818 5261 945 5299 suos
971 5245 1228 5299 falsorum
1252 5245 1474 5299 deormn
1507 5247 1817 5300 nominibus
1847 5243 2140 5312 appellare,

568 5339 657 5404 qui
690 5352 806 5392 mos
830 5339 1206 5407 iniquissimus
1237 5339 1344 5394 illis
1363 5340 1552 5393 bonori
1577 5347 1717 5393 erat.
1750 5337 1879 5406 Ejus
1908 5337 2142 5407 primutn

570 5441 805 5482 actorem
853 5428 1047 5484 Ninum
1095 5430 1452 5502 Babylonium
1514 5430 1724 5497 ferunt,
1787 5435 1877 5499 qui
1932 5438 2142 5498 patrem

571 5534 729 5572 suum
757 5520 1054 5573 nominavit
1081 5520 1291 5583 Belum,
1339 5535 1368 5574 a
1413 5519 1504 5574 Bel
1529 5520 1672 5573 idolo
1699 5523 1840 5588 quod
1873 5520 2140 5574 colebant.

572 5607 874 5666 Desituram
909 5611 1072 5682 igitur
1120 5622 1174 5666 et
1219 5611 1358 5665 hanc
1411 5613 1545 5664 adeo
1580 5613 1883 5681 pudendam
1915 5627 2143 5668 consue-

641 5787 704 5822 "'
741 5787 840 5846 lsa.
874 5805 1018 5859 LXVI,
1051 5793 1103 5846 Ξ.
1183 5793 1228 5824 ⁵⁵
1255 5792 1421 5850 Ειυα.
1455 5807 1602 5857 xxiv,
1635 5792 1683 5847 7.

2249 4718 2398 4754 σεται
2421 4701 2476 4754 δὲ
2505 4699 2757 4770 οὐδαμῶς
2789 4699 2858 4751 τὰ
2881 4697 3144 4766 Βααλεὶμ,
3175 4695 3329 4756 θεοὺς
3363 4688 3498 4746 εἶναι
3527 4689 3822 4760 νομίζουσα

2243 4794 2312 4847 τὰ
2339 4795 2402 4846 ἐκ
2439 4794 2603 4847 λίθων
2633 4791 2996 4862 πεποιημένα,
3049 4789 3144 4842 καὶ
3177 4791 3296 4850 ταῖς
3325 4804 3488 4840 τινων
3523 4783 3822 4854 εὐτεκνίαις

2247 4884 2813 4954 πεπλαστουργημένα
2849 4883 2985 4953 πρὸς
3011 4876 3150 4944 εἶδος
3173 4880 3236 4932 τὸ
3268 4875 3631 4948 ἀνθρώπινον.
3676 4895 3694 4925 ι
3722 4875 3821 4928 Οὐ-

2247 4979 2376 5033 κοῦν
2399 4979 2496 5048 ἐμὲ
2536 4979 2654 5047 μὲν,
2683 4978 2835 5048 φησὶ,
2867 4977 3087 5031 καλέσει
3129 4977 3158 5028 ό
3189 4975 3328 5044 ἀνήρ
3357 4989 3478 5044 μου.
3507 4990 3537 5032 ,ι
3581 4968 3820 5040 Σώφρων

2245 5069 2354 5141 γὰρ
2380 5065 2467 5124 οἷά
2506 5087 2589 5132 τις
2642 5070 2734 5123 καὶ
2783 5067 3165 5138 ἐπιεικεστάτη
3226 5066 3511 5137 ποιήσεται
3571 5062 3712 5132 πρὸς
3754 5077 3819 5130 με

2244 5160 2343 5230 τὴν
2372 5161 2749 5230 ἀποστροφήν·
2781 5159 3060 5228 ἀγαπήσει
3085 5157 3142 5210 δέ
3167 5155 3352 5208 λοιπὸν
3379 5153 3488 5208 τῶν
3522 5152 3698 5207 ἄλλων
3727 5153 3816 5205 οὐ-

2245 5253 2390 5312 δένα,
2424 5252 2806 5306 ἐπικαλέσεται
2855 5253 2913 5306 δέ
2940 5250 3122 5304 οὐκέτι
3159 5251 3228 5303 τὰ
3257 5247 3519 5316 Βααλείμ.
3561 5247 3673 5300 Καὶ
3698 5245 3818 5300 καθ’

2243 5343 2428 5414 ἕτερον
2475 5343 2531 5397 δὲ
2571 5345 2786 5414 τρόπον,
2823 5344 2980 5414 εἴπερ
3017 5361 3095 5412 τῳ
3118 5343 3282 5406 δοκεῖ,
3326 5342 3386 5393 τὸ
3410 5339 3697 5412 εἰρημένον
3727 5341 3816 5390 ἐκ·

2241 5434 2471 5499 δέξεται.
2498 5436 2739 5505 Βααλεὶμ
2759 5435 2859 5505 μὲν
2887 5435 2993 5506 γὰρ
3026 5432 3470 5505 ὁμολογουμένως
3498 5431 3816 5502 σημαίνεται

2243 5526 2312 5578 τὰ
2359 5526 2574 5579 εἴδωλα.
2641 5527 2729 5578 Ἐν
2777 5525 2887 5578 ἔθει
2916 5525 2971 5580 δὲ
2999 5522 3067 5596 ἦν
3103 5527 3224 5587 ταῖς
3285 5521 3550 5593 Ἑϐραίων
3601 5518 3815 5589 γυναιξὶ

2244 5619 2369 5680 τοὺς
2414 5617 2574 5682 ἰδίους
2603 5617 2799 5689 ἄνδρας
2829 5621 2939 5685 τοῖς
2979 5617 3086 5673 τῶν
3117 5614 3482 5687 ψευδωνύμων
3536 5611 3675 5666 θεῶν
3703 5611 3813 5664 όνόο

1781 5797 1826 5827 ⁸⁵
1859 5798 2024 5851 [ίξχυιί.
2057 5813 2127 5863 tv,
2170 5798 2255 5854 '22.
2334 5801 2378 5832 ⁵⁸
2410 5799 2632 5859 Μάιιιιὴ.
2677 5817 2748 5868 tv,
2780 5802 2834 5859 9..
