4094 6550
259 407 331 464 89
1177 410 1724 474 COMMENTARIUS
1743 486 1746 490 γ
1762 419 1830 473 IN
1871 421 2101 478 OSEAM
2142 425 2589 484 PROPHETAM.
3435 438 3506 494 90

259 539 427 594 μασιν
453 523 766 586 ἀποκαλεῖν.
802 525 894 580 καὶ
917 526 1085 598 τιμῆς
1107 521 1178 598 ἦν
1196 520 1352 594 οὗτος
1383 533 1565 597 αὐτοῖς
1594 536 1812 602 ἐξαίσιος

1935 542 2172 596 tudinem
2229 544 2504 613 indicavit,
2562 562 2684 601 cum
2739 548 2912 605 dixit:
2945 569 2963 601 ι
2995 549 3224 606 Vocabit
3268 566 3354 606 me
3412 553 3506 606 Vir

252 613 475 685 τρόπος.
535 615 837 686 Ἀρξασθαι
889 617 983 670 τοῦ
1045 620 1250 673 τοιοῦδε
1297 623 1620 693 πράγματος
1669 627 1830 681 Νῖνον

252 704 346 758 τὸν
378 704 736 770 Βαϐυλώνιον,
765 707 824 772 ὂς
853 708 944 763 τὸν
969 709 1099 764 ῐδιον
1125 712 1334 783 πατέρα
1355 714 1604 784 ὠνόμασε
1635 717 1832 787 Βῆλον,

253 793 323 846 ὲκ
348 794 441 847 τοῦ
490 797 619 865 παρ’
648 797 830 860 αὐτοῖς
859 798 1099 865 εἰδώλου,
1144 804 1287 872 φημὶ
1313 803 1377 875 δὴ
1427 805 1521 858 τοῦ
1553 805 1682 877 Βήλ.
1709 809 1831 862 ’Ότι

250 884 433 936 τοίνυν
457 885 904 942 ἀποπεπαύσεται
945 891 1040 943 καὶ
1074 891 1173 961 τῆς
1201 892 1373 957 οὕτως
1420 897 1652 968 αίσχρᾶς
1700 916 1831 952 συν.

251 973 464 1043 ηθείας,
496 969 979 1046 κατάμεμήνυκεν,
1007 979 1175 1032 εἰπών
1198 995 1212 1009 '
1247 982 1513 1038 «Καλέσει
1542 1003 1608 1055 με
1628 987 1658 1045 ὁ
1683 988 1822 1060 ἀνήρ

253 1080 378 1132 μου,
431 1065 526 1118 καὶ⁸
571 1066 629 1118 οὐ
661 1067 878 1120 καλέσει
912 1086 978 1139 με
1010 1070 1190 1124 οὐκέτι
1225 1071 1484 1145 Βααλείμ.
1526 1095 1546 1130 ι
1607 1079 1670 1131 Ei
1714 1081 1822 1151 γὰρ

248 1151 443 1218 ἕλοιτο,
473 1154 628 1225 φησι,
654 1156 813 1227 τυχὸν
843 1157 1010 1229 ἄνδρα
1057 1160 1342 1232 ὀνομάζειν
1385 1165 1508 1236 ἐμὲ,
1566 1173 1824 1240 προσερεῖ

1932 646 2104 694 meus,
2152 641 2208 686 et
2252 648 2356 688 non
2405 636 2616 689 vocabit
2651 653 2735 692 me
2768 638 2905 692 ultra
2944 639 3167 696 Baalim.
3201 660 3220 692 ι
3251 640 3308 695 Si
3352 641 3501 696 enim

1928 720 2192 786 voluerit,
2266 723 2481 793 inquit,
2539 726 2773 782 fortasse
2827 728 3000 783 virum
3057 732 3327 800 appellare
3385 749 3493 797 me,

1927 812 2146 866 omnino
2172 813 2353 880 addet,
2379 824 2435 870 et
2459 818 2802 886 compellabit
2829 835 2936 884 me,
2968 819 3064 874 Vir
3096 837 3268 884 meus,
3303 833 3358 877 et
3394 839 3500 878 non

1928 902 2066 958 ultra
2119 905 2383 961 idolorum
2433 910 2740 965 nominibus
2787 911 3010 966 honoris
3061 915 3230 982 gratia
3277 930 3362 968 me
3405 931 3500 969 vo-

1928 994 2088 1048 cabit.
2121 995 2347 1062 Idcirco,
2376 999 2567 1068 inquit,
2605 1019 2623 1052 ι
2651 1001 2775 1070 quia
2805 1003 2967 1058 etiam
3001 1004 3244 1064 auferam
3280 1007 3498 1059 namina

1927 1083 2128 1139 Baalim
2155 1088 2220 1142 de
2249 1105 2345 1144 ore
2376 1089 2518 1158 ejus,
2549 1107 2650 1148 nec
2685 1093 3115 1149 recordabuntur
3140 1095 3370 1158 amplius
3403 1112 3499 1148 no-

1931 1177 2135 1231 minum
2162 1193 2374 1235 eorum.
2405 1200 2424 1234 ι

340 1246 659 1348 παντως,’(λ
676 1251 815 1322 ἀνήρ
845 1269 969 1322 μου,
1001 1255 1093 1308 καὶ
1120 1257 1304 1348 οὐκέτι
1342 1261 1455 1324 τοῖς
1481 1261 1588 1315 τῶν
1633 1265 1882 1319 είδώλων.
1907 1267 2134 1341 ὀνόμασι
2169 1273 2384 1342 τιμῶσα
2415 1275 2654 1329 καλέσει.
2701 1276 2970 1348 Ταύτῃτοί
3019 1295 3155 1348 φησι
3175 1319 3188 1342 ,
3227 1278 3308 1329 ὅτι
3346 1296 3364 1328 ι
3389 1277 3500 1330 Καὶ

250 1335 433 1408 ἐξαρῶ
463 1338 533 1392 τὰ
565 1339 803 1410 ὀνόματα
857 1345 966 1397 τῶν
1030 1347 1274 1420 Βααλεὶμ
1317 1351 1382 1404 ὲκ
1415 1353 1684 1424 στόματος
1721 1358 1892 1431 αὐτῆς
1923 1335 2016 1414 καί
2037 1362 2097 1415 οὑ
2135 1335 2552 1435 μὴ’μνησθῶσιν
2578 1367 2759 1421 οὐκέτι
2781 1335 3116 1437 τὰᾌνόματα
3137 1335 3337 1420 αῦτῶν.
3369 1386 3387 1417 ι

318 1448 428 1538 Kal
457 1448 814 1521 διαθήσομαι
855 1457 1055 1523 αὐτοῖς
1087 1459 1379 1528 διαθήκην
1417 1463 1488 1518 ὲν
1515 1464 1590 1534 τῇ
1631 1468 1821 1538 ἡμέρᾳ

241 1537 452 1606 ἐκείνῃ
466 1541 617 1608 μετὰ
646 1541 765 1596 τῶν
786 1547 1006 1613 θηρίων
1023 1549 1130 1603 τοῦ
1153 1551 1359 1618 ἀγροῦ,
1403 1557 1501 1609 καὶ
1525 1560 1672 1624 μετὰ
1705 1558 1821 1614 τῶν

242 1631 534 1686 πετεινῶν
551 1635 658 1688 τοῦ
683 1638 964 1704 οὐρανοῦ,
988 1641 1086 1694 καί
1116 1643 1234 1696 τῶν
1266 1645 1526 1714 ἑρπετῶν
1547 1650 1655 1718 τῆς
1669 1652 1783 1722 τῆς
1801 1671 1816 1686 ⁶

1988 1474 2259 1531 Vsust.
2286 1477 2353 1530 Et
2397 1479 2671 1545 disponam
2710 1478 2819 1531 illis
2857 1479 2914 1532 in
2955 1480 3039 1532 die
3081 1478 3176 1532 illa
3224 1488 3488 1531 testamen'

1916 1573 2022 1616 tum
2069 1583 2187 1618 cum
2234 1567 2412 1620 bestiis
2459 1577 2635 1631 terrm,
2683 1579 2728 1622 et
2765 1585 2884 1622 cunt
2930 1569 3229 1622 volatilibus
3273 1568 3408 1630 coeli,
3449 1578 3496 1620 et

1915 1657 2187 1720 reptilibus
2248 1670 2421 1712 terra.
2471 1657 2539 1712 Et
2588 1675 2790 1726 arcum,
2833 1667 2884 1714 et
2921 1659 3178 1730 gladium,
3215 1669 3264 1713 et
3303 1659 3500 1713 bellum

241 1720 345 1812 καί
366 1724 567 1790 τόξον,
601 1726 696 1779 καί
727 1729 1051 1798 ῥομφαίαν,
1081 1732 1180 1786 καί
1208 1737 1477 1807 πόλεμον
1501 1720 1812 1812 συντρίψω

1917 1758 2188 1802 conteram
2220 1750 2282 1803 de
2314 1761 2478 1806 terra.

240 1811 364 1866 ἀπὸ
399 1812 510 1881 τῆρ
543 1815 675 1886 τῆς.

310 1963 421 2017 ΚΕ¹
451 1961 539 2019 Ἐν
576 1970 690 2031 τοῖς
724 1968 826 2039 ἤδη
861 1976 1397 2046 προανεγνωσμένοις
1446 1979 1704 2048 ἔφασκεν,
1738 1982 1821 2038 ὅτι

237 2053 664 2143 καὶζι-’Δφανιῶ
685 2057 925 2128 ἄμπελον
945 2064 1135 2134 αὐτῆς,
1177 2067 1272 2121 καὶ
1297 2068 1396 2131 τὰς
1425 2071 1595 2135 συκᾶς
1624 2072 1819 2143 αὐτῆς,

235 2145 343 2199 δσα
375 2141 519 2213 εἷπε,
550 2149 897 2221 Μισθώματά
916 2171 1017 2224 μου
1048 2156 1220 2212 ταῦτα
1249 2158 1467 2223 ἐστιν,δι
1490 2161 1695 2216 ἔδωκάν
1728 2141 1818 2234 μοι

235 2237 288 2290 oi
319 2237 549 2307 ἐρασταί
576 2257 696 2310 μου.
732 2261 752 2294 ι
789 2244 1106 2315 Προσετίθει
1141 2248 1197 2301 δὲ
1223 2248 1452 2314 τούτοις,
1479 2251 1558 2305 ὅτι
1589 2271 1608 2305 ι
1644 2255 1820 2308 Κατα-

234 2329 472 2398 φάγεται
498 2333 639 2386 αὐτὰ
667 2334 737 2388 τὰ
788 2334 952 2406 θηρία
983 2337 1078 2390 τοῦ
1113 2338 1308 2410 ἀγροῦ,
1361 2344 1455 2397 καὶ
1483 2343 1552 2397 τὰ
1597 2346 1819 2401 πετεινὰ

231 2421 326 2475 τοῦ
355 2425 606 2495 οὐρανοῦ,
633 2426 726 2479 καὶ
757 2427 823 2480 τὰ
850 2428 1059 2498 ἑρπετὰ
1085 2429 1186 2500 τῆς
1223 2432 1347 2502 γῆς.
1377 2453 1396 2486 ι
1424 2437 1812 2507 Διερμηνεύον-

1991 1969 2204 2026 XXVII.
2276 1971 2451 2040 Supra
2512 1971 2782 2028 dicebat:
2849 1989 2868 2023 ι
2902 1970 3227 2039 Disperdam
3276 1969 3490 2024 vineam

1919 2056 2053 2127 ejus,
2083 2068 2135 2114 et
2175 2059 2306 2113 ficus
2340 2058 2475 2126 ejus,
2505 2073 2840 2127 quaecunque
2872 2059 3027 2123 dixit,
3057 2057 3327 2112 Mercedes
3361 2070 3493 2110 meae

1919 2153 2000 2206 lue
2022 2163 2166 2217 sunt,
2206 2169 2344 2223 quas
2376 2153 2638 2208 dederunt
2674 2154 2803 2207 mihi
2834 2164 3106 2208 amatores
3137 2153 3240 2206 mei
3286 2152 3330 2184 ⁸⁷
3352 2169 3398 2216 ;›
3439 2161 3493 2206 et

1920 2244 2188 2298 addebat:
2223 2261 2241 2294 ι
2268 2242 2567 2297 Comedent
2614 2257 2678 2296 ea
2731 2243 2915 2298 bestiae
2953 2244 3092 2309 agri,
3147 2251 3202 2297 et
3244 2243 3490 2295 volucres

1917 2335 2061 2397 caeli,
2097 2344 2149 2388 et
2185 2334 2392 2402 reptilia
2441 2343 2598 2388 terra:
2620 2334 2687 2388 ⁵⁸.
2720 2353 2739 2387 ι
2785 2335 2913 2400 Quae
2950 2334 3368 2400 interpretantes
3409 2331 3490 2384 dt-

1916 2424 2190 2489 cebamus,
2232 2439 2328 2493 per
2354 2423 2561 2478 bestias
2595 2435 2650 2480 et
2678 2424 2926 2478 volucres
2951 2425 3167 2493 oblique
3193 2422 3488 2492 signiﬁcari

230 2529 322 2576 τες
353 2513 412 2567 δὲ
444 2514 504 2568 τὸ
535 2516 722 2586 ῥητὸν,
753 2518 917 2588 θηρία
960 2519 1055 2573 καὶ
1106 2523 1328 2576 πετεινὰ
1369 2526 1812 2596 παραδηλοῦσθαι

1915 2515 2118 2578 hostes,
2155 2512 2457 2568 Judaaorum
2489 2517 2759 2585 regionem
2809 2514 3223 2583 depopulantes,
3271 2512 3488 2573 Persas,

231 2603 481 2673 πλαγίως
506 2607 767 2678 ἐλέγομεν
795 2611 923 2674 τοὺς
943 2610 1188 2681 ἐχθροὺς,
1205 2612 1254 2664 οἳ
1286 2613 1384 2684 τὴν
1404 2615 1514 2668 τῶν
1547 2618 1812 2673 Ἰουδαίων

1921 2601 2125 2666 Medos,
2173 2601 2517 2675 Babylonios,
2578 2614 2632 2658 et
2673 2619 2741 2659 ex
2791 2603 2911 2658 aliis
2964 2603 3225 2671 cujusque
3275 2601 3490 2670 generis

230 2696 614 2768 κατεληῖςοντο
644 2700 848 2770 χώραν,
889 2703 1128 2775 Πέρσαι,
1171 2706 1266 2759 καὶ
1296 2708 1490 2777 Μῆδοι,
1514 2713 1608 2764 καὶ
1641 2713 1812 2766 Βαϐυ-

1912 2696 2246 2749 commistam
2272 2696 2503 2750 hostium
2541 2696 2956 2760 multitudinem,
2984 2695 3074 2763 qui
3144 2709 3169 2747 a
3217 2691 3488 2746 ferocibus

229 2786 438 2847 λὼνιοι.
471 2791 564 2844 καὶ
590 2793 619 2844 ό
653 2794 946 2864 παμμιγὴς
971 2795 1079 2850 τῶν
1111 2797 1285 2851 ἄλλων
1315 2799 1588 2872 πολεμίων
1617 2803 1771 2872 ὄχλος
1793 2841 1809 2868 ,

1912 2785 2097 2840 bestiis
2160 2800 2266 2842 non
2326 2787 2552 2842 multum
2590 2786 2828 2841 abfuisse
2861 2785 3084 2855 intelligi
3108 2791 3326 2853 queant,
3358 2797 3486 2852 pro-

228 2877 278 2929 οἳ
306 2878 492 2949 θηρῶν
526 2881 733 2952 ἀγρίων
763 2883 920 2951 ὀλίγα
962 2885 1259 2956 διενεγκεῖν
1292 2892 1482 2944 νοοῖντ⁹
1515 2891 1602 2955 ἂν,
1629 2893 1717 2947 διά
1745 2911 1810 2962 γε

1912 2887 2028 2945 pter
2061 2891 2238 2932 mores
2260 2880 2638 2950 sanguinarios
2665 2878 2917 2933 videlicet
2951 2896 2964 2943 ;
2995 2886 3049 2932 et
3082 2878 3332 2930 volucres
3367 2874 3489 2944 qui-

228 2968 287 3020 τὸ
317 2970 602 3040 μιαιφόνον
642 2973 735 3025 τοῦ
771 2974 995 3044 τρόπου,
1025 2978 1118 3029 καὶ
1171 2979 1357 3042 μέντοι
1398 2981 1575 3049 πτηνὰ
1601 2982 1689 3036 διὰ
1710 2985 1810 3056 τὴν

1912 2970 2030 3024 dem
2093 2979 2313 3038 pr0pter
2375 2970 2714 3024 celeritatem
2768 2985 2997 3036 cursus;
3066 2968 3278 3036 reptilia
3336 2981 3485 3030 vero,

227 3060 464 3132 ὀξύτητα
509 3063 602 3116 τοῦ
651 3063 876 3135 δρόμου.
940 3067 1179 3138 Ἐρπετὰ
1237 3068 1314 3131 δὲ,
1368 3069 1450 3122 ὅτι
1498 3070 1679 3136 δεινοὶ,
1715 3073 1809 3126 καὶ

1912 3061 2030 3127 quia
2076 3069 2308 3126 atroces,
2358 3068 2413 3114 et
2444 3061 2838 3127 malignissimi,
2880 3069 2935 3114 et
2978 3059 3043 3114 ad
3085 3059 3260 3113 scelus
3310 3071 3484 3110 acres.

227 3152 640 3227 παμμόχθηροι,
673 3157 768 3210 καὶ
798 3158 1011 3229 δριμεῖς
1048 3160 1129 3223 είς
1179 3159 1461 3231 πονηρίαν.
1511 3157 1672 3216 Οὗτοι
1713 3164 1807 3218 τοῦ

1915 3150 2002 3216 lli,
2052 3151 2248 3207 lsraele
2286 3151 2340 3205 in
2372 3150 2636 3206 Samaria:
2671 3151 2894 3206 urbibus
2939 3148 3168 3213 incluso,
3208 3147 3389 3202 omnia
3432 3149 3484 3200 in

241 3249 463 3318 Ἰσραὴλ
486 3250 542 3303 ὲν
561 3252 683 3313 ταῖς
710 3252 806 3322 τῆς
823 3252 1136 3322 Σαμαρείας
1154 3255 1369 3308 πόλεσιν
1391 3255 1811 3329 ἀποκεκλεισμέο

1912 3241 2057 3311 agris
2087 3242 2440 3306 devoraruut,
2470 3241 2607 3296 nihil
2637 3241 2943 3296 insolentia:
2977 3241 3299 3294 intentatum
3325 3237 3487 3291 relin-

227 3354 315 3390 vou
353 3340 746 3410 κατεδηδόκασι
774 3341 951 3396 πάντα
979 3344 1046 3398 τὰ
1077 3346 1262 3409 ἐντοῖς
1283 3346 1493 3416 ἀγροῖς,
1515 3348 1665 3402 οὐδὲν
1699 3349 1810 3403 τῶν

1912 3342 2160 3400 quentes.
2211 3333 2319 3389 Sed
2366 3349 2487 3388 cum
2531 3331 2800 3397 auferam,
2862 3332 3060 3401 inquit,
3105 3330 3324 3385 nomina
3370 3329 3487 3382 ido-

229 3431 476 3484 ἐκτόπων
515 3432 711 3496 ἐῶντες
749 3434 1190 3505 ἀνεπιτήδευτον.
1239 3435 1382 3488 Ἀλλ’
1429 3437 1575 3502 ὅταν,
1622 3441 1805 3508 φησὶν,

227 3523 408 3587 ἐξελῶ.
428 3523 497 3578 τὰ
521 3524 764 3595 ὀνόματα
794 3526 903 3580 τῶν
931 3525 1164 3580 εἰδώλων
1199 3526 1378 3581 αὐτῶν
1406 3527 1514 3580 ἀπὸ
1540 3527 1639 3594 τῆς
1664 3531 1766 3598 γῆς
1789 3567 1806 3592 ,

232 3614 350 3667 τότε
374 3615 474 3668 καὶ
497 3614 762 3686 διαθήκην
812 3617 1035 3687 είρήνης
1072 3617 1398 3686 διαθήσομαι
1438 3618 1619 3681 αὐτοῖς
1672 3620 1807 3690 πρὸς

228 3706 372 3761 ἅπαν
399 3706 551 3777 ὠμὸν
578 3707 671 3760 καὶ
699 3707 971 3778 βάρϐαρον
1025 3707 1201 3776 γένος.
1255 3709 1514 3779 Ἀργήσει
1553 3710 1661 3780 γὰρ
1707 3711 1810 3782 ἤδη

227 3797 294 3851 τὰ
323 3799 459 3868 παρ’
488 3797 714 3868 ἐχθρῶν,
749 3798 842 3851 καὶ
879 3798 1116 3868 πολέμου
1173 3799 1268 3852 καὶ
1295 3800 1564 3868 δειμάτων
1617 3801 1810 3869 μενοῦ-

231 3907 316 3942 σιν
339 3888 651 3960 ἀπείρατοι.
684 3908 702 3941 ι
728 3889 1008 3959 Συντρίψω
1025 3888 1138 3960 γὰρ
1153 3890 1338 3954 ὅπλον,
1357 3891 1450 3944 καὶ
1476 3891 1766 3960 ῥομφαίαν,
1783 3912 1802 3946 ι

226 3981 255 4034 δ
283 3981 345 4053 δὴ
366 3981 466 4036 καὶ
491 3981 571 4044 είς
594 3980 767 4051 πέρας
793 3981 1076 4051 ίστορικῶς
1098 3981 1455 4052 ἐνηνεγμένον
1481 3983 1802 4054 εὑρήσομεν.

239 4073 458 4142 Ἐπειδὴ
489 4071 597 4143 γὰρ
626 4071 725 4143 τὴν
770 4071 913 4125 κατὰ
963 4073 1179 4126 πάντων
1216 4074 1390 4144 ἀρχὴν
1421 4076 1471 4128 oi
1514 4077 1805 4146 περιφανέ-

231 4179 410 4217 στατοι
440 4162 549 4214 τῶν
590 4162 875 4232 Ῥωμαίων
895 4161 1085 4232 ἔλαχον
1131 4164 1446 4233 στρατηγοὶ,
1483 4165 1807 4236 πεποίηνται

228 4252 280 4304 δὲ
310 4253 417 4307 ὑπὸ
447 4255 606 4323 χεῖρα
631 4251 728 4321 τὴν
751 4253 840 4305 ὑπ’
867 4251 1116 4323 οὐρανὸν,
1139 4252 1274 4306 Θεοῦ
1307 4253 1406 4323 τὴν
1442 4254 1599 4319 δόξαν
1623 4256 1806 4320 αὐτοῖς

229 4342 586 4412 οἰκονομικῶς
638 4341 1056 4411 προσνέμοντος,
1115 4343 1320 4411 Πέρσαι
1373 4343 1471 4413 μὲν
1500 4345 1668 4415 μόνης
1707 4346 1807 4416 τῆς

235 4431 360 4495 ιδίας
383 4432 810 4501 πεφροντίκασιν
837 4433 1032 4503 ἀρχῆς,
1083 4435 1175 4486 καὶ
1217 4433 1410 4502 ἔληξαν
1447 4452 1507 4487 τε
1554 4436 1650 4488 καὶ
1697 4437 1806 4492 τῶν

232 4521 399 4574 ἄλλων
429 4521 720 4591 βαρϐάρων
747 4521 804 4573 αί
835 4520 978 4574 κατὰ
997 4521 1192 4592 χωρῶν
1227 4539 1287 4575 τε
1318 4524 1410 4576 καὶ
1449 4523 1656 4576 πόλεων
1688 4526 1808 4578 ὲπι-

232 4610 442 4681 δρομαί.
499 4611 610 4664 Kal.
640 4611 1002 4681 διαμέμνηται
1035 4612 1220 4680 σαφῶς
1267 4613 1362 4665 τοῦ
1391 4613 1594 4666 τοιοῦδε
1631 4614 1808 4684 πράγ-

238 4720 398 4771 ματος
445 4703 475 4755 δ
516 4703 782 4774 μακάριος
807 4703 1057 4768 Ἡσαΐας,
1074 4703 1267 4771 λέγων·
1293 4723 1311 4755 ι
1337 4704 1445 4758 Καὶ
1477 4706 1805 4775 συγκόψουσι

234 4793 325 4853 τὰς
348 4793 617 4864 μαχαίρας
637 4793 816 4846 αὐτῶν
851 4793 932 4856 είς
958 4794 1184 4866 ἄροτρα,
1216 4794 1309 4848 καὶ
1335 4795 1432 4858 τὰς
1458 4793 1681 4867 ζιὸήνας
1709 4798 1806 4851 αὑ·

236 4881 337 4935 τῶν
366 4885 446 4947 είς
472 4883 732 4954 δρέπανα.
767 4887 877 4938 Καὶ
929 4883 991 4937 οὐ
1029 4885 1103 4955 μὴ
1133 4886 1241 4957 ἄρῃ
1276 4886 1427 4951 ἔθνος
1470 4890 1588 4940 κατ’
1616 4889 1804 4954 ἔθνους

241 4971 527 5042 μάχαιραν·
567 4974 660 5026 καὶ
689 4974 749 5026 οὑ
792 4974 866 5045 μὴ
911 4973 1155 5044 μάθωσιν
1206 4976 1284 5028 ἔτι
1346 4978 1618 5047 πολεμεῖν.
1657 4998 1676 5030 ι
1715 4981 1806 5046 Ὠς

237 5061 339 5132 γὰρ
357 5064 456 5134 ἢδη
485 5065 767 5132 γεγονότες
793 5065 883 5132 ὑφ’
914 5066 1010 5120 ἕνα
1035 5066 1216 5134 ζυγὸν,
1271 5069 1566 5138 ἐτράποντο
1607 5070 1805 5138 μᾶλλον

238 5153 313 5215 είς
333 5155 582 5224 ἐπωφελῆ
610 5155 916 5225 φιλεργίαν,
943 5157 1039 5210 καὶ
1083 5162 1151 5228 τῇ
1177 5160 1422 5230 γεωργίᾳ
1458 5161 1700 5230 χρήσιμα
1729 5160 1799 5214 τὰ

237 5243 326 5296 τοῦ
352 5245 586 5316 πολέμου
648 5246 817 5318 σκεύη
857 5247 1242 5317 μετέπλαττον.
1279 5249 1470 5304 Ἔσται
1519 5249 1696 5305 τοίνυν
1727 5254 1806 5307 εί-

245 5337 392 5405 ρήνη,
423 5337 576 5407 φησὶ,
611 5337 705 5392 καὶ
732 5340 783 5392 οἱ
817 5338 986 5393 πάλαι
1037 5339 1200 5393 δεινοὶ
1240 5341 1603 5397 πεπαύσονται
1630 5344 1804 5413 φόϐοι,

241 5425 368 5480 Θεοῦ
387 5429 826 5494 κατευνάζοντος,
855 5431 950 5484 καὶ
971 5433 1084 5494 τοῖς
1105 5432 1162 5498 ὲξ
1186 5433 1232 5485 εί
1240 5433 1407 5503 ρήνης
1424 5435 1648 5503 ἀγαθοῖς
1672 5454 1807 5490 κατ-

245 5522 610 5588 ευφραίνοντος
637 5523 761 5586 τοὺς
790 5523 1116 5590 ἀγαπῶντας
1146 5524 1329 5579 αὐτόν.

311 5611 622 5683 Προσθεῖναι
647 5614 724 5680 δὲ,
759 5610 931 5686 οἶμαι,
971 5616 1190 5670 κάκεῖνο
1230 5617 1429 5688 δεήσει.
1483 5618 1655 5674 Πάλαι
1706 5619 1805 5690 μὲν

318 5805 362 5839 ⁸’
381 5806 512 5866 Osee
540 5825 598 5875 tt,
630 5811 710 5865 ιῖ.
790 5811 834 5843 ³⁸
869 5811 974 5866 ibid
1074 5813 1117 5843 ⁵⁸
1156 5811 1254 5867 lsa.
1298 5828 1358 5879 il,
1389 5813 1441 5866 4.

1909 3423 2084 3478 lorum
2111 3425 2352 3493 ipsorum
2385 3425 2449 3478 de
2478 3432 2654 3490 terra,
2690 3433 2819 3477 tunc
2843 3433 2898 3478 et
2924 3431 3307 3477 testamentum
3337 3420 3485 3488 pacis

1907 3513 2187 3582 diSponam
2213 3514 2342 3582 ipsis
2385 3529 2504 3568 cum
2533 3515 2677 3569 omni
2706 3529 2847 3568 saeva
2891 3523 2947 3568 et
2979 3513 3212 3567 barbara
3248 3516 3482 3565 natione.

1907 3603 2210 3660 Cessabunt
2255 3605 2400 3659 enim
2442 3615 2551 3658 tum
2598 3603 2849 3669 hostilia,
2895 3602 3217 3668 tolleturque
3262 3599 3484 3662 bellum,

1907 3706 1961 3754 et
1991 3707 2261 3751 terrorum
2319 3706 2576 3766 expertes
2620 3694 2936 3751 manebunt.
2970 3712 2989 3745 t
3020 3692 3306 3746 Conteram
3339 3690 3482 3744 enim

1907 3801 2056 3841 arma
2093 3796 2148 3842 et
2187 3787 2442 3854 gladium.
2481 3806 2500 3840 ι
2552 3786 2703 3852 Quod
2747 3786 2912 3839 etiam
2963 3784 3028 3836 ad
3076 3783 3234 3836 linem
3278 3781 3484 3848 perdu-

1905 3887 2072 3942 ctum,
2116 3877 2268 3945 juxta
2317 3878 2600 3933 historiam
2657 3875 2984 3930 invenimus.
3039 3872 3141 3943 51
3185 3871 3480 3940 Postquam

1906 3969 2050 4024 enim
2090 3968 2440 4023 illustrissimi
2481 3968 2849 4023 Romanorum
2895 3966 3058 4020 duces
3108 3963 3391 4031 imperium
3429 3964 3480 4014 in

1907 4072 2094 4112 omnes
2145 4058 2322 4127 adepti
2377 4067 2528 4122 sunt,
2581 4064 2636 4112 et
2677 4055 2938 4125 quidquid
2985 4054 3066 4109 sol
3113 4053 3332 4122 aspicit,
3380 4054 3482 4106 sub

1907 4149 2166 4205 ditionem
2209 4152 2557 4220 redegerunt,
2592 4152 2701 4205 Deo
2735 4149 2841 4203 illis
2869 4146 3335 4201 administratorie
3366 4143 3481 4212 glo-

1906 4241 2042 4294 riam
2099 4240 2408 4305 tribuente,
2467 4239 2647 4294 Persaa
2709 4240 2926 4294 unicum
2983 4236 3267 4305 imperium
3323 4251 3478 4288 suum

1907 4342 2370 4399 procuraverunt,
2434 4342 2491 4386 et
2551 4331 2782 4386 aliorum
2847 4343 3062 4398 quoque
3124 4327 3480 4381 barbarorum

1909 4422 2243 4477 incursiones
2311 4423 2362 4477 in
2425 4424 2731 4491 provincias
2796 4427 2850 4474 et
2916 4420 3076 4473 urbes
3149 4417 3479 4486 conquieve-

1837 4489 1882 4543 Β
1911 4525 2038 4569 runt
2084 4533 2097 4568 :
2143 4515 2300 4585 cujus
2349 4489 2438 4569 rei
2487 4516 2677 4568 beatus
2722 4513 2886 4566 Isaias
2948 4521 3137 4580 aperte
3189 4509 3479 4564 meminit:

1919 4625 1939 4660 t
1974 4607 2038 4660 Et
2071 4609 2402 4662 contundent
2450 4606 2658 4674 gladios
2706 4619 2830 4658 suos
2856 4606 2906 4656 in
2948 4617 3217 4666 vomeres,
3267 4610 3321 4653 et
3373 4599 3482 4651 lan-

1915 4713 2038 4756 ceas
2087 4714 2212 4752 suas
2267 4698 2322 4751 in
2378 4698 2592 4762 falces;
2651 4707 2704 4750 et
2757 4711 2860 4749 non
2922 4696 3068 4748 tollet
3128 4706 3260 4762 gens
3293 4701 3478 4744 contra

1912 4797 2123 4859 gentem
2160 4788 2417 4856 gladium,
2454 4797 2508 4844 et
2545 4803 2650 4842 non
2683 4788 2892 4842 discent
2926 4786 3061 4840 ultra
3094 4784 3420 4855 prmliari”.
3455 4802 3476 4835 ι

1910 4879 2026 4935 .Iant
2081 4881 2225 4933 enim
2269 4887 2326 4932 ut
2368 4881 2469 4933 sub
2520 4895 2682 4932 unum
2727 4878 2917 4946 jugum
2949 4878 3142 4940 coacti,
3190 4875 3368 4945 potius
3415 4874 3482 4930 ad

1910 4971 2067 5025 utiles
2089 4986 2310 5038 operum
2348 4971 2563 5024 labores
2610 4985 2668 5024 se
2694 4969 3059 5038 applicahant,
3095 4970 3481 5023 instrumenta-

1911 5077 2016 5131 que
2057 5061 2314 5116 militaria
2352 5062 2402 5113 in
2443 5062 2518 5114 rei
2569 5061 2785 5114 rustica:
2828 5059 3015 5113 idonea
3054 5057 3478 5111 commutabant.

1905 5150 2022 5206 Erit
2071 5150 2231 5219 igitur
2275 5166 2400 5219 pax,
2455 5150 2649 5220 inquit,
2698 5158 2752 5203 et
2801 5158 2975 5204 metus
3023 5148 3150 5202 olim
3205 5146 3476 5202 terribiles

1914 5242 2225 5305 cessabunt,
2265 5241 2372 5296 Deo
2410 5243 2780 5312 consopiente,
2808 5247 2862 5296 et
2902 5238 2985 5295 sui
3015 5246 3260 5294 amantes
3291 5236 3481 5290 fructi-

1913 5333 2015 5390 bus
2045 5335 2195 5404 pacis
2225 5335 2588 5390 cxhilarante.

1983 5621 2186 5694 Opinor
2225 5631 2405 5678 autem
2457 5632 2513 5680 et
2554 5623 2683 5679 illud
2724 5621 2845 5678 addi
2877 5620 3092 5676 debere.
3136 5614 3275 5672 Olim
3306 5624 3472 5677 cnim,
