4094 6566
616 437 680 493 9|
1595 431 1649 487 S.
1690 430 1961 488 CYRILLI
2002 423 2468 485 ALEXANDRINI
2504 420 2822 478 AltCIIIEP.
3774 413 3848 469 9‘2

606 549 824 618 quando
862 549 913 604 in
949 530 1135 605 errore
1157 547 1629 618 permanebamus,
1664 558 1719 601 et
1766 546 1861 601 ﬁlii
1908 548 2003 602 irae
2029 560 2175 599 voca-

2283 541 2392 610 γὰρ
2425 540 2511 592 ὅτε
2542 534 2881 604 διετελοῦμεν
2925 532 2982 585 ἐν
3029 529 3225 602 πλάνῃ,
3283 529 3377 583 καὶ
3415 528 3585 599 ὀργῆς
3607 527 3849 599 ἐχρημαο

575 641 816 726 δἰ›τιιιιιιι·,
849 641 1020 694 instar
1058 639 1412 708 quarumdam
1459 638 1721 691 malarum
1760 640 2080 701 bestiarum,
2122 647 2175 690 et

577 725 784 783 iavium
817 729 1246 789 caruivorarum,
1289 737 1449 795 atque
1478 727 1642 780 etiam
1679 725 2173 795 perniciosissimo-

604 832 722 873 rum
753 819 1048 871 dracOnum
1081 817 1375 885 perdebant
1403 831 1501 870 nos
1536 831 1715 886 pravae
1745 824 1799 871 et
1845 816 2174 869 adversar-ite

603 909 853 964 virtutes.
910 908 1009 964 Ubi
1056 919 1235 963 autem
1283 909 1337 963 in
1381 908 1598 963 Christo
1632 923 1816 962 verum
1867 909 2032 961 Deum
2083 921 2173 961 co-

604 1003 928 1072 gnovimus,
976 1001 1280 1068 delictaque
1330 1011 1517 1053 nostra
1551 1014 1646 1067 per
1691 997 1884 1062 ﬁdem,
1936 1005 1992 1052 et
2034 997 2174 1052 snti-

604 1107 766 1163 quam
806 1092 1126 1147 charitatem
1155 1091 1447 1155 abluimus,
1480 1100 1609 1144 tunc
1634 1098 1689 1144 et
1727 1089 1919 1143 salvati
1962 1104 2171 1153 sumus,

608 1199 629 1234 ι
667 1190 722 1236 et
750 1190 1071 1251 potestatem
1107 1180 1352 1235 calcandi
1385 1196 1548 1250 supra
1577 1188 1879 1248 serpentes,
1923 1190 1978 1235 et
2016 1194 2172 1233 scor-

602 1273 811 1342 piones,
853 1281 907 1327 et
948 1287 1113 1341 super
1153 1286 1366 1326 omnem
1403 1271 1657 1325 virtutem
1704 1271 1911 1325 inimici
1964 1272 2175 1340 accepi-

603 1363 804 1418 mus“.
842 1382 862 1414 ι
900 1363 1055 1417 Tunc
1085 1362 1212 1418 item
1244 1362 1637 1416 ambulavimus
1667 1377 1829 1432 super
1855 1364 2092 1431 aspidem
2120 1372 2172 1417 et

602 1453 953 1520 basiliscutn,
1009 1462 1066 1508 et
1120 1452 1559 1508 conculcavimus
1609 1452 1818 1507 leonem
1872 1462 1928 1506 et
1980 1453 2173 1506 draco-

603 1561 727 1601 nem
752 1546 819 1611 “,
852 1546 1070 1601 Christo
1107 1554 1448 1616 protegente,
1481 1554 1536 1599 et
1584 1546 1781 1599 virtute
1819 1544 2015 1599 invicta
2047 1559 2174 1599 suos

602 1637 1023 1702 communiente,
1071 1652 1366 1707 pacemque
1407 1653 1559 1691 suam
1612 1638 1664 1691 in
1708 1636 1920 1691 animos
1961 1645 2175 1690 nostros

600 1728 893 1784 inserente.
948 1730 1040 1784 Ait
1093 1730 1279 1784 enim:
1313 1747 1332 1780 ‹
1373 1728 1568 1783 Pacem
1626 1744 1799 1784 meam
1855 1729 1923 1784 do
1984 1728 2170 1794 vobis,

601 1835 791 1891 pacem
818 1835 992 1877 meam
1021 1821 1268 1891 relinquo
1298 1820 1451 1875 vobis
1466 1820 1530 1874 ⁸³.
1565 1839 1584 1872 ι

670 1977 836 2032 νεεδ.
870 1976 957 2032 I9.
999 1975 1067 2030 Et
1105 1976 1345 2031 habitare
1371 1976 1565 2046 faciant
1595 1984 1645 2030 te
1684 1977 1741 2030 in
1784 1991 1907 2044 spe;
1947 1982 1995 2030 et
2024 1991 2173 2045 spon-

599 2067 728 2122 sabo
755 2077 803 2121 te
838 2067 968 2120 mihi
998 2067 1052 2120 in
1080 2067 1356 2120 sarculum.

671 2156 905 2212 XXVIII.
947 2156 1062 2211 Non
1116 2157 1287 2211 solum
1339 2156 1459 2211 belli
1540 2156 1844 2211 terroribus
1908 2156 2170 2219 liberabo,

600 2250 802 2320 inquit,
852 2250 945 2305 sed
997 2249 1246 2319 adjiciam
1300 2250 1401 2302 hoc
1440 2263 1675 2317 quoque,
1708 2256 1767 2302 ut
1817 2249 2074 2318 deinceps
2120 2251 2172 2303 in

598 2341 738 2396 bona
770 2355 865 2411 spe
908 2340 983 2395 sis
1016 2350 1236 2410 propter
1281 2341 1442 2405 bona,
1480 2348 1538 2394 ut
1581 2348 1809 2403 certam,
1854 2352 1909 2395 et
1940 2341 2172 2409 ﬁrmam,

595 2443 652 2488 et
691 2432 1021 2486 immobilem
1058 2432 1301 2486 Iattitiam
1349 2431 1575 2486 habeas.
1622 2430 1750 2485 Mihi
1787 2433 1931 2486 enim
1982 2440 2033 2486 te
2078 2433 2173 2487 de—

596 2521 887 2592 sponsabo,
913 2521 1076 2590 idque
1122 2521 1175 2575 in
1209 2522 1620 2589 sempiternum.
1651 2519 1790 2587 Quid
1820 2536 1985 2589 porro
2034 2522 2175 2575 istuc

596 2613 717 2667 est?
746 2611 1122 2681 Despondebat
1158 2613 1261 2667 sibi
1294 2613 1693 2682 quodammodo
1726 2622 1965 2668 veterem
1998 2612 2172 2667 Israe-

596 2704 724 2767 lem,
754 2703 870 2758 sive
898 2702 1204 2758 Judmorum
1247 2701 1610 2773 Synagngam,
1636 2712 1692 2757 et
1721 2704 1788 2757 ad
1821 2703 2176 2758 necessitudi-

598 2808 720 2847 nem
744 2794 991 2857 vocabat,
1014 2807 1111 2861 per
1132 2793 1303 2863 legem
1326 2792 1553 2857 scilicet,
1578 2792 1761 2863 Moyse
1781 2794 2173 2858 subserviente,

598 2893 654 2937 et
700 2882 907 2950 angelis
934 2882 1269 2937 administris
1311 2882 1376 2936 ⁸⁸.
1429 2880 1626 2937 Verum
1660 2884 1940 2938 enimvero
1984 2884 2176 2938 modus

599 2973 1037 3042 desponsationis
1069 2989 1175 3028 non
1204 2974 1308 3029 fuit
1333 2985 1648 3044 perpetuus,
1676 2989 1777 3029 nec
1801 2975 1854 3029 in
1887 2976 2174 3045 sempiter-

600 3080 727 3120 num
776 3066 1022 3133 duravit;
1074 3064 1232 3136 longe
1290 3068 1470 3133 abest;
1522 3081 1631 3121 non
1682 3065 1988 3135 enimtypi,
2045 3085 2063 3117 ι
2122 3075 2177 3120 et

600 3171 770 3225 usque
791 3156 857 3209 ad
892 3169 1105 3226 tempus
1140 3156 1497 3212 correctionis
1537 3157 1875 3226 imposita“,
1909 3174 1928 3207 ι
1961 3170 2176 3225 semper

598 3247 832 3301 valitura
881 3257 1059 3305 erant.
1099 3248 1204 3320 52
1232 3248 1500 3318 Tempore
1551 3258 1732 3303 autem
1780 3250 2167 3312 correctionis,
2198 3241 2239 3298 C

602 3337 705 3391 hoc
741 3345 844 3403 est,
890 3337 1155 3393 adventus
1196 3339 1497 3393 Salvatoris
1536 3339 1729 3401 nostri,
1779 3339 1883 3392 alia
1918 3342 2056 3393 ratio
2083 3338 2179 3393 de-

600 3430 966 3499 sponsationis
1020 3430 1310 3501 apparuit,
1378 3439 1639 3501 perpetua
1693 3439 1750 3486 et
1815 3431 2175 3497 inconcussa,

602 3520 879 3588 multoque
907 3520 1089 3589 priore
1120 3520 1453 3590 splendidior
1490 3531 1543 3574 et
1571 3520 1779 3574 umbris
1809 3521 2174 3589 praestantior.

602 3606 744 3662 Deus
786 3608 987 3678 quippe
1037 3608 1407 3663 universitatis
1456 3608 1622 3662 veluti
1671 3609 1960 3677 quamdam
1999 3610 2177 3662 dotem

601 3708 814 3762 sponsae
843 3708 977 3756 stite,
1002 3696 1241 3750 carnalis
1268 3696 1546 3750 servitutis
1576 3697 1917 3751 vacationem
1952 3696 2179 3763 largitus

601 3790 682 3834 est
729 3799 743 3834 :
790 3790 846 3834 et
896 3795 993 3850 per
1045 3781 1294 3837 umbram
1356 3784 1669 3854 ﬁgurasque
1720 3786 1787 3840 ad
1839 3786 2176 3856 spiritualem

602 3873 1044 3940 expurgationem
1067 3876 1301 3929 vocavit.
1338 3876 1532 3931 Verum
1562 3879 1839 3932 enimvero
1885 3878 2179 3947 desponsa-

604 3961 733 4015 tioni
774 3974 982 4031 tempus
1012 3964 1315 4032 praeﬁnivit.
1346 3965 1503 4031 Nam,
1536 3983 1659 4021 cum
1691 3969 1865 4037 prima
1907 3969 1993 4023 illa
2024 3970 2174 4041 culpa

604 4066 709 4104 nou
754 4061 975 4108 vacaret
992 4054 1059 4120 ⁸⁵,
1103 4058 1398 4111 secundum
1432 4056 1582 4110 Pauli
1638 4071 1845 4124 vocem,
1882 4073 1981 4113 nec
2028 4074 2182 4113 sene-

604 4143 769 4197 ctutis
793 4159 985 4214 expers
1007 4156 1168 4213 esset,
1204 4162 1303 4202 nec
1329 4147 1553 4203 multum
1583 4149 1648 4202 ab
1677 4149 1898 4203 interitu
1930 4150 2175 4217 distaret,

603 4232 755 4289 locus
793 4237 1039 4292 secundat
1075 4248 1156 4293 est
1204 4239 1514 4309 inquisitus,
1560 4240 1663 4295 hoc
1719 4249 1804 4295 est
1848 4256 2020 4307 novre,
2054 4256 2176 4310 quae

604 4340 701 4395 per
735 4326 935 4383 Christi
970 4329 1191 4395 donum,
1237 4330 1480 4400 inquam,
1531 4341 1585 4386 et
1623 4333 1852 4401 gratiam
1891 4347 1996 4386 non
2043 4341 2182 4387 tem—

604 4415 842 4484 poralem
875 4418 1055 4484 nobis,
1089 4435 1264 4489 neque
1289 4422 1563 4475 carnalem
1598 4422 1903 4477 libertatem
1939 4422 2172 4479 allerret.

2273 632 2493 699 τίςομεν
2522 630 2714 691 τέκνα,
2772 626 3021 695 καθάπερ
3067 624 3215 687 τινὲς
3241 622 3406 694 θῆρες
3448 621 3695 691 πονηροὶ,
3752 621 3848 673 καὶ

2273 725 2346 778 τά
2377 723 2481 776 τῶν
2505 722 2706 792 ὀρνέων
2739 718 3103 790 σαρκοφάγων
3131 715 3380 781 εἰωθότα,
3414 715 3509 770 καὶ
3539 713 3753 785 μήνκαὶ
3797 714 3847 766 οἰ

2275 815 2615 884 παγχάλεποι
2655 812 2965 883 δράκοντες,
2997 809 3279 864 ἀπώλλυον
3324 809 3471 878 ἡμᾶς
3511 807 3568 861 αί
3616 804 3849 876 πονηραὶ

2273 909 2368 961 καὶ
2422 906 2793 974 ἀντικείμεναι
2846 902 3124 973 δυνάμεις.
3193 899 3406 969 Ἐπειδὴ
3434 899 3494 982 δξ
3522 899 3580 950 ἐν
3630 894 3848 967 Χριστῷ

2273 997 2362 1049 τὸν
2395 996 2469 1064 φῦ
2474 1013 2554 1047 σει
2593 994 2723 1047 Θεὸν
2744 992 3083 1064 ἐγνώκαμεν,
3107 990 3489 1060 ἀπενιψάμεθα
3507 988 3595 1042 διὰ
3616 987 3848 1049 πίστεως

2274 1088 2494 1157 καὶτῆς
2553 1085 2779 1157 ἀρχαίας
2824 1084 3042 1155 ἀγάπης
3072 1083 3142 1136 τὰ
3191 1081 3531 1153 ἐγκλήματα,
3578 1079 3698 1132 τότε
3754 1077 3848 1129 καὶ

2274 1175 2617 1246 σεσώσμεθα,
2654 1193 2672 1224 t
2715 1174 2825 1226 Kal
2850 1173 3146 1244 εἰλήφαμεν
3175 1170 3420 1236 ἐξουσίαν
3446 1170 3633 1222 πατεῖν
3661 1167 3847 1220 ἐπάνω

2272 1266 2447 1334 ὄφεων
2508 1266 2604 1318 καί⁵
2642 1264 2938 1335 σκορπίων,
2984 1263 3077 1316 καῖ
3132 1264 3223 1316 ἐπὶ
3271 1264 3447 1315 πᾶσαν
3496 1261 3596 1331 τὴν
3620 1258 3849 1327 δύναμιν

2271 1358 2367 1411 τοῦ
2410 1355 2625 1426 ἐχθροῦ.
2675 1375 2693 1408 ι
2749 1355 2887 1409 Τότε
2912 1357 3008 1409 καὶ
3063 1354 3341 1423 ἐπέϐημεν
3369 1352 3460 1406 ἐπὶ
3507 1351 3707 1405 ἀσπίδα
3754 1356 3849 1403 καί

2276 1448 2604 1518 βασιλίσκον,
2634 1446 3032 1517 πεπατήκαμέν
3082 1463 3143 1499 τε
3184 1445 3371 1498 λέοντα
3419 1444 3511 1495 καὶ
3546 1442 3839 1511 δράκοντα,

2274 1539 2517 1610 Χριστοῦ
2551 1538 3001 1615 προασπίζοντος,
3058 1537 3153 1591 καὶ
3177 1537 3430 1606 ’ἀνικήτῳ
3459 1534 3684 1604 δυνάμει
3719 1536 3846 1595 τοὺς

2278 1631 2438 1693 ἰδίους
2484 1630 2955 1701 περιτειχίζοντος.
3010 1630 3104 1682 καὶ
3148 1628 3371 1699 εἰρήνην
3410 1627 3541 1695 ἡμῖν
3587 1624 3686 1693 τὴν
3712 1623 3848 1675 ἰδίαν

2277 1722 2445 1785 ἱέντος
2509 1724 2588 1784 εἰς
2645 1721 2798 1775 νοῦνο
2865 1739 2883 1772 t
2918 1721 3154 1791 Εἰρήνην
3193 1739 3211 1771 ι
3266 1718 3404 1787 γὰρ,
3465 1716 3632 1785 φησὶ,
3691 1732 3711 1764 t
3747 1714 3850 1783 τὴν

2276 1811 2414 1882 ἐμὴν
2488 1810 2679 1882 δίδωμι
2733 1812 2899 1882 ὑμῖνο
2984 1811 3210 1883 εἰρήνην
3275 1809 3373 1879 τὴν
3439 1806 3578 1878 ἐμὴν
3642 1803 3851 1875 ἀςιίημι

2203 1900 2246 1956 Β
2274 1902 2422 1972 ὑμῖν.
2462 1920 2481 1952 ι

2341 1994 2449 2048 Καὶ
2472 1991 2745 2048 κατοικιῶ
2774 2008 2848 2047 σε
2889 1993 2980 2047 ἐπ’
3014 1990 3232 2047 ἐλπίδι·
3261 1990 3359 2045 καί
3388 1984 3850 2060 μνηστεύσομαί

2272 2100 2346 2139 σε
2379 2084 2612 2152 ἐμαυτῷ
2652 2087 2740 2151 εἰς
2777 2084 2883 2138 τὸν·
2908 2083 3110 2137 αἰῶνα.

2343 2176 2476 2228 KH’.
2506 2176 2640 2245 Οὐχὶ
2669 2176 2845 2246 μόνον,
2870 2175 3021 2244 φησί,
3048 2172 3339 2237 ἀπαλλάξω
3359 2175 3467 2224 τῶν
3489 2168 3583 2222 τοῦ
3610 2166 3847 2237 πολέμου

2274 2266 2564 2337 δειμάτων,
2606 2267 2898 2337 προσθήσω
2930 2266 2986 2319 δὲ
3024 2266 3182 2319 τοῦτο
3215 2265 3307 2317 καὶ
3340 2264 3401 2316 τδ
3431 2264 3487 2315 ἐν
3516 2260 3667 2329 καλῷ
3696 2259 3851 2328 γενέ-

2277 2358 2398 2411 σθαι
2450 2359 2634 2411 λοιπὸν
2682 2359 2782 2428 τῆς
2816 2360 2900 2412 ἐπ’
2941 2359 3161 2427 ἀγαθοῖς
3195 2357 3427 2417 ἐλπίδος,
3471 2354 3546 2416 ὡς
3594 2352 3846 2422 ἀσφαλῆ.

2276 2448 2369 2502 καὶ
2391 2430 2811 2519 ἐρηρεισμένην,
2849 2449 2941 2501 καὶ
2962 2448 3252 2517 ἀκλὸνητον
3280 2446 3420 2515 ἔχειν
3442 2445 3540 2514 τὴν
3564 2440 3846 2511 εὐθυμίαν.

2288 2538 2542 2609 Ἐμαυτῷ
2576 2541 2684 2609 γάρ
2726 2556 2784 2591 σε
2844 2538 3268 2609 μνηστεύσομαι,
3320 2536 3412 2588 καὶ
3474 2534 3630 2587 τοῦτο
3655 2535 3735 2597 εἰς
3762 2531 3851 2585 τὸν

2274 2627 2465 2680 αἰῶνα.
2495 2629 2605 2680 Καὶ
2629 2627 2681 2680 τί
2710 2627 2772 2698 δὴ
2802 2627 2957 2680 τοῦτό
2990 2628 3163 2690 ἐστιν;
3191 2626 3367 2685 Οἰονεὶ
3391 2625 3499 2695 γάρ
3531 2641 3647 2687 πως
3683 2625 3852 2692 ἐμνηο

2277 2718 2495 2772 στεύετο
2531 2719 2621 2773 τὸν
2647 2720 2870 2790 ἀρχαῖον
2911 2718 3148 2789 Ἰσραὴλ,
3179 2718 3297 2788 ἦτοι
3325 2718 3423 2788 τὴν
3446 2715 3552 2769 τῶν
3586 2713 3853 2768 Ἰουδαίων

2276 2809 2627 2880 Συναγωγὴν,
2667 2810 2761 2862 καὶ
2804 2809 2941 2880 πρὸς
2994 2810 3296 2878 οἰκειότητα
3347 2807 3600 2875 κέκληκε,
3643 2806 3741 2875 τὴν
3764 2803 3853 2857 διά

2275 2899 2444 2971 νόμου
2484 2901 2648 2969 φημὶ,
2670 2898 3043 2962 διακονοῦντος
3067 2899 3331 2962 Μωσέως,
3359 2899 3451 2952 καὶ
3492 2894 3851 2968 μεσολαΰούν-

2274 3003 2383 3039 των
2411 2986 2680 3055 ἀγγέλων.
2718 2987 2859 3039 Ἀλλ’
2886 2982 2955 3057 ἦν
2996 2987 3097 3055 τῆς
3128 2987 3421 3057 μνηστείας
3470 2987 3499 3039 6
3544 2986 3745 3057 τρόπος
3787 2983 3849 3037 οὗ

2275 3076 2547 3147 διηνεκὴς,
2578 3078 2698 3131 οὔτε
2732 3077 2839 3149 μὴν
2869 3080 2949 3141 εἰς
2972 3078 3063 3132 τὸν
3086 3079 3276 3141 αἰῶνα,
3302 3077 3496 3131 πολλοῦ
3522 3095 3585 3146 γε
3624 3078 3723 3130 δεῖ.
3774 3081 3849 3133 υυ

2276 3165 2384 3236 γάρ
2413 3166 2634 3237 ἔμελλον
2658 3169 2706 3220 οἱ
2727 3167 2883 3220 τύποι
2907 3170 3200 3239 κρατήσειν
3238 3166 3324 3220 δια
3344 3167 3563 3231 παντὸς,
3594 3186 3613 3218 t
3649 3166 3765 3219 Καὶ
3785 3162 3853 3219 τὰ

2275 3254 2434 3325 μέχρι
2459 3255 2649 3325 καιροῦ
2685 3255 3021 3326 διορθώσεως
3060 3255 3397 3324 ἐπικείμενα.
3439 3272 3457 3305 ι
3514 3253 3672 3307 Κατά
3709 3252 3852 3321 δέγε

2274 3348 2368 3401 τὸν
2392 3349 2492 3417 τῆς
2521 3346 2860 3418 διορθώσεως
2912 3348 3126 3416 καιρὸν,
3172 3345 3454 3412 τουτέστι,
3501 3344 3592 3398 τὸν
3629 3343 3731 3413 τῆς
3761 3357 3855 3396 του

2276 3438 2528 3507 Σωτῆρος
2573 3437 2731 3507 ήμῶν
2790 3437 3116 3507 ἐπιδημίας,
3171 3438 3357 3509 ἕτερος
3404 3439 3503 3507 τῆς
3563 3437 3855 3506 μνηστείας

2274 3527 2651 3594 ἀναπέφανται
2680 3527 2900 3597 τρόπος,
2929 3526 3202 3596 διηνεκὴς,
3257 3526 3353 3579 καὶ
3399 3526 3719 3591 ἀσάλευτος,
3761 3525 3855 3578 καὶ

2275 3620 2410 3671 πολὺ
2457 3618 2553 3671 τοῦ
2596 3619 2810 3688 πρώτου
2853 3619 3263 3689 λαμπρότερος,
3303 3620 3397 3672 καὶ
3450 3618 3550 3686 τῆς
3590 3619 3749 3680 σκιᾶς
3798 3619 3854 3670 ἐν

2276 3709 2573 3779 ἀμείνοσιν.
2618 3710 2675 3761 '0
2704 3709 2802 3779 μὲν
2833 3710 2944 3779 γὰρ
2988 3709 3098 3762 τῶν
3126 3711 3261 3763 ὅλων
3320 3709 3451 3773 Θεὸς
3482 3710 3633 3762 ἕδνον
3659 3708 3852 3779 ὥσπερ

2274 3817 2328 3852 τι
2358 3802 2422 3869 τῇ
2446 3801 2654 3871 νύμφῃ,
2702 3802 2803 3870 τῆς
2836 3801 3106 3872 σαρκικῆς
3156 3802 3398 3865 δουλείας
3452 3802 3552 3871 τὴν
3597 3800 3856 3854 ἀπόθεσιν

2275 3890 2578 3961 ἐχαρίζετο,
2634 3892 2731 3944 καὶ
2773 3892 2861 3945 διὰ
2925 3894 3082 3955 σκιᾶς
3129 3893 3224 3945 καὶ
3274 3892 3462 3945 τύπων
3500 3892 3683 3945 ἐκάλει
3717 3891 3854 3962 πρὸς

2276 3981 2655 4053 ἀποκάθαρσιν
2678 3982 2777 4051 τὴν
2808 3984 3204 4053 πνευματικήν.
3232 3983 3377 4052 Πλὴν
3416 3982 3634 4052 ἐμέτρει
3663 3981 3856 4051 καιρὸν

2275 4075 2341 4143 τῇ
2374 4073 2659 4144 μνηστείᾳ.
2685 4073 2758 4125 Οὐ
2786 4073 2893 4144 γὰρ
2923 4071 3212 4143 ἄμεμπτος
3238 4074 3272 4143 ὴ
3315 4070 3529 4143 πρώτη,
3568 4070 3711 4124 κατά
3754 4070 3853 4141 τήν

2280 4162 2376 4216 τοῦ
2412 4162 2624 4216 Παύλου
2651 4164 2853 4234 φωνὴν,
2882 4162 3005 4216 οὔτε
3036 4164 3259 4232 ἀγήρως
3284 4157 3373 4233 ἦν,
3424 4164 3519 4215 καὶ
3543 4160 3852 4231 ἀφανισμοῦ

2281 4259 2520 4329 μακράν.
2554 4257 2820 4328 Ταύτῃτοι
2849 4257 2945 4310 καὶ
2972 4260 3071 4327 τῆς
3094 4256 3355 4325 δευτέρας
3394 4256 3639 4326 ἐζητεῖτο
3668 4255 3850 4317 τόπος,

2275 4349 2539 4411 τουτέστι,
2566 4348 2668 4418 τῆς
2709 4348 2853 4413 νέας,
2897 4348 2995 4417 τῆς
3028 4348 3116 4401 διά
3144 4346 3406 4417 Χριστοῦ,
3444 4346 3608 4416 φημὶ,
3646 4346 3853 4417 δωρεᾶς

2277 4457 2338 4493 τε
2394 4442 2487 4493 καὶ
2525 4440 2766 4511 χάριτος,
2792 4442 2853 4494 οὐ
2880 4441 3209 4511 πρόσκαιρον
3229 4441 3385 4510 ἡμῖν,
3416 4438 3536 4491 οὐδέ
3586 4438 3852 4509 οαρκικήν

603 4505 834 4576 COOptat
875 4509 1019 4564 enim
1072 4526 1169 4566 nos
1218 4512 1273 4565 in
1332 4528 1613 4567 numerum
1668 4514 1902 4567 ﬁliorum
1955 4514 2071 4581 Dei,
2123 4524 2175 4570 et

2279 4505 2698 4599 εἰσκομιζούσης
2717 4505 3048 4598 ἐλευθερίαν.
3071 4505 3427 4596 καταγράφει
3448 4524 3627 4593 γὰρέν
3643 4505 3853 4584 τέκνοίς

602 4599 795 4671 pignus
825 4601 1043 4670 spiritus
1069 4602 1366 4657 liberaliter
1391 4606 1825 4674 supperaddit“,
1859 4616 2175 4677 perpetuas-

2277 4591 2551 4684 8s06,-xott
2577 4591 2667 4673 τὸν
2694 4591 2988 4691 ἀῤῥαϐἰῦνα
3016 4618 3112 4671 τοῦ
3138 4591 3281 4670 Πνεῦ
3287 4591 3455 4686 ματος
3479 4591 3853 4683 ἐπιδαψιλεύε-

601 4706 711 4762 que
744 4693 888 4763 leges
919 4695 1238 4762 praescribit.
1267 4694 1448 4761 Quare
1488 4699 1565 4753 sic
1596 4713 1717 4752 eum
1750 4698 1964 4755 divinus
2005 4699 2173 4756 David

604 4785 939 4855 alloquitur:
973 4804 991 4837 t
1021 4785 1235 4842 Justitia
1285 4800 1375 4843 tua
1417 4788 1628 4857 juSIitia
1679 4791 1732 4845 in
1788 4802 2077 4857 aeternum,
2121 4803 2174 4848 et

605 4890 786 4933 sermo
813 4886 936 4932 tuus
961 4878 1255 4946 veritas";
1295 4897 1314 4930 ι
1352 4879 1660 4946 manifeste,
1693 4890 1752 4936 ut
1782 4884 2000 4951 opinor,
2034 4882 2174 4935 indi—

607 4982 770 5034 cans,
832 4983 1007 5038 neque
1064 4968 1117 5025 in
1176 4971 1564 5041 sempiternum
1615 4987 1836 5029 manere
1888 4988 2006 5043 quae
2059 4974 2174 5043 lege

608 5060 911 5125 traduntur,
968 5061 1225 5117 translata
1285 5064 1473 5118 umbra
1528 5065 1580 5118 in
1630 5065 1950 5132 veritatem;
1998 5081 2173 5134 neque

604 5153 850 5207 veritatis
871 5152 1033 5208 decus
1058 5153 1113 5209 in
1143 5153 1338 5209 litteris
1364 5155 1625 5226 legalibus
1657 5171 1817 5226 posse
1841 5172 1869 5210 a
1902 5170 2171 5225 quoquam

607 5249 865 5320 perspici.
915 5248 1044 5305 Erat
1077 5252 1218 5306 enim
1262 5251 1373 5317 lex,
1413 5259 1473 5305 ut
1505 5250 1638 5318 dixi,
1670 5251 1856 5305 umbra
1894 5260 1949 5305 et
1982 5250 2172 5318 ﬁgura.

605 5343 807 5410 Quterit
846 5342 1009 5414 igitur
1050 5344 1378 5398 connubium
1421 5342 1572 5412 ejus,
1627 5344 1853 5411 antiquo
1905 5350 1960 5398 ct
1998 5344 2176 5411 primo

604 5433 697 5490 illo
726 5434 1009 5490 dissoluto.
1055 5434 1165 5490 Lex
1195 5435 1340 5489 enim
1376 5435 1441 5489 ad
1489 5450 1585 5488 nos
1612 5449 1735 5488 cum
1776 5433 1884 5488 Deo
1937 5434 2177 5503 perfecte

603 5542 669 5584 ac
705 5542 839 5598 pure
868 5527 1198 5599 copulandos
1247 5527 1352 5581 vim
1385 5526 1518 5582 satis
1550 5541 1799 5596 magnam
1845 5541 1949 5580 non
1992 5526 2171 5581 habet.

695 5730 740 5764 '°
769 5732 897 5788 Luc.
929 5748 983 5794 χ,
1009 5732 1095 5788 19.
1170 5731 1213 5763 ⁸⁸
1237 5731 1379 5784 Psal.
1412 5747 1497 5792 xc,
1526 5730 1611 5785 13.

582 5787 655 5892 ζιξ
688 5799 731 5856 ιι
759 5787 885 5859 Cor.
1123 5801 1167 5835 ον
1204 5801 1345 5861 Psal.
1380 5787 1567 5867 min.
1595 5801 1714 5858 142.

1721 5731 1765 5763 θ’
1792 5730 1944 5790 Joatt.
1972 5747 2083 5802 xw,
2106 5732 2196 5789 27.

2268 4730 2380 4778 ται,
2411 4714 2504 4765 καὶ
2528 4712 2796 4782 διηνεκεῖς
2818 4709 2990 4781 ὁρίζει
3017 4710 3235 4779 νόμους.
3264 4708 3373 4761 Καὶ
3401 4707 3533 4775 γοῦν
3570 4706 3704 4775 πρὸς
3752 4704 3850 4757 αὖ·

2269 4805 2360 4864 τὸν
2380 4807 2408 4857 6
2433 4805 2572 4867 θεῖος
2598 4804 2699 4873 ἔφη
2741 4802 2902 4855 Δαϐίδ
2928 4819 2941 4833 ’
2979 4820 2998 4853 t
3040 4801 3103 4854 'H
3126 4800 3441 4868 δικαιοσύνη
3487 4815 3605 4857 σου,
3650 4796 3851 4848 δικαιο·

2269 4897 2402 4965 σύνη
2467 4897 2547 4957 εἰς
2597 4895 2686 4947 τὸν
2736 4893 2929 4958 αἰῶνα,
2987 4891 3081 4944 καὶ
3134 4893 3163 4943 6
3210 4890 3367 4956 λόγος
3422 4905 3515 4940 σου
3544 4885 3843 4955 ἀλήθεια.»

2282 4985 2628 5055 ’Δναφανδὸν,
2651 4980 2801 5054 οἶμαί
2833 5001 2957 5049 που,
2984 4981 3276 5052 δηλῶν,ὃτι
3305 4978 3428 5032 οὔτε
3456 4979 3533 5039 εἰς
3564 4976 3654 5028 τὸν
3678 4974 3851 5027 αἰῶνα

2281 5077 2433 5148 μένει
2475 5077 2542 5130 τά
2602 5077 2660 5129 ἐν
2715 5076 2884 5147 νόμῳ,
2926 5070 3403 5143 μεταστησομένης
3429 5068 3531 5137 τῆς
3584 5067 3740 5127 σκιᾶς
3774 5067 3850 5125 εἰς

2279 5167 2553 5239 ἀλήθειαν·
2581 5166 2704 5220 οὔτε
2742 5167 2847 5237 μὴν
2874 5165 2975 5235 τῆς
3000 5162 3256 5232 ἀληθείας
3302 5160 3363 5213 τὸ
3393 5158 3588 5220 κάλλος
3628 5157 3686 5207 ἐν
3741 5156 3849 5215 τοῖς

2272 5263 2518 5332 νομικοῖς
2550 5261 2842 5331 γράμμασι
2868 5256 3188 5326 καταθρήσῃ
3219 5270 3305 5316 τις
3343 5252 3428 5306 ἄν.
3461 5245 3569 5302 Ἦν
3600 5249 3729 5315 γάρ,
3775 5244 3849 5304 ὡς

2274 5351 2429 5421 ἔφην,
2471 5351 2597 5403 σκιά
2618 5352 2711 5403 καὶ
2738 5348 2910 5411 τύπος
2945 5350 2974 5401 6
3021 5348 3207 5416 νόμος.
3246 5342 3622 5414 Μνηστεύεται
3672 5337 3847 5389 τοίνυν

2273 5443 2461 5516 αὐτὴν,
2488 5445 2579 5496 τὸν
2605 5445 2662 5496 ἐν
2691 5444 2886 5513 ἀρχαῖς
2906 5457 2964 5494 τε
3005 5440 3098 5493 καὶ
3117 5438 3332 5510 πρῶτον
3356 5435 3628 5502 ἀθετήσας
3649 5430 3844 5497 γάμον.

2275 5534 2348 5587 Οὐ
2379 5532 2488 5603 γὰρ
2518 5533 2697 5594 ἰκανὸς
2724 5533 2752 5583 6
2779 5531 2943 5602 νόμος
2996 5529 3231 5599 συνάψαι
3261 5526 3380 5596 Θεῷ
3410 5524 3642 5585 τελείως
3663 5537 3720 5573 τε
3756 5516 3846 5570 καί

2276 5735 2319 5768 ⁸³
2350 5734 2521 5791 Galnt.
2559 5750 2639 5797 Ill,
2672 5733 2753 5788 I9.
2834 5732 2877 5762 ⁸³
2911 5730 3069 5785 llehr.
3109 5745 3176 5789 tx,
3221 5729 3304 5781 [0.
3382 5728 3425 5758 ⁸⁵
3464 5724 3623 5778 llcbr.
3648 5735 3763 5785 \‘III,
3789 5718 3843 5772 7.
