4094 6546
258 427 332 484 93
1180 425 1734 484 COMMENTARIUS
1775 426 1839 482 IN
1878 428 2112 484 OSEAM
2151 426 2592 485 PROPHETAM.
3445 432 3514 487 9h

253 548 529 621 καθαρῶς⁸
566 545 865 617 προσίεμεν
914 545 972 600 δὲ
1024 545 1171 617 αὐτῷ
1198 548 1266 600 δι’
1314 548 1467 613 Υίοῦ,
1499 550 1594 602 καὶ
1622 550 1730 602 τῶν
1762 550 1829 603 δι’

1956 551 2257 606 tccedimus
2295 559 2477 604 autem
2511 549 2577 601 ad
2610 546 2755 602 illum
2786 564 2883 619 per
2910 549 3130 612 Filium,
3167 558 3218 601 et
3248 558 3512 618 praecepta

254 640 421 694 αὐτοῦ
448 638 859 707 θεσπισμάτων,
919 636 1191 700 τουτέστι,
1223 638 1333 691 τῶν
1380 640 1771 708 εύαγγελικῶν,
1806 639 1843 694 θ.

256 731 353 784 καὶ
390 726 768 798 πνευματικὴν
827 725 940 797 ἔχει
971 726 1072 796 τὴν
1104 726 1319 792 ἕνωσιν,
1352 729 1471 799 ήτοι
1525 728 1841 799 συνάφειαν.

270 818 569 889 Ἐνούμεθα
590 817 700 889 γὰρ
735 817 814 890 τῷ
842 817 962 888 Θεῷ
990 821 1046 872 ὲν
1071 818 1366 887 πνεύματι,
1407 821 1504 873 καὶ
1545 822 1645 891 τῆς
1694 821 1847 884 Θείας

260 910 427 966 αὑτοῦ
455 910 671 979 φύσεως
696 909 1035 980 πλουτοῦμεν
1091 910 1192 981 τὴν
1246 911 1483 980 μέθεξιν.
1524 913 1684 977 Εἰκὸς
1711 913 1768 965 δέ
1791 930 1845 966 τι

261 1004 355 1056 καὶ
379 1003 573 1071 ἕτερον
602 1000 919 1069 ὑποφαίνειν
945 1001 1174 1064 ἀστείως
1190 1003 1272 1063 τὸ,
1302 1004 1757 1075 «Μνηστεύσομαί
1784 1021 1845 1058 σε

260 1098 285 1149 ὲ
295 1094 503 1165 μαυτιῖν
518 1113 537 1146 ι
558 1094 823 1155 συνείσεις
838 1092 944 1163 γὰρ
962 1086 1063 1147 ὧδε
1079 1095 1261 1147 πάλιν.
1272 1096 1340 1147 Ἦ
1355 1095 1463 1164 γὰρ
1478 1094 1538 1147 τδ
1552 1136 1566 1159 ,
1584 1096 1842 1165 ἐμαυτῷ,

262 1188 429 1258 φησὶν
461 1186 584 1240 ἀντὶ
616 1184 736 1250 τοῦ,
766 1185 841 1239 δι’
870 1186 1135 1253 ἐμαυτοῦ
1156 1226 1171 1249 ,
1212 1187 1272 1240 ού
1308 1188 1447 1241 καθὰ
1499 1190 1593 1241 καὶ
1644 1189 1841 1254 πάλαιν,

264 1278 707 1349 μεσολαὸούντων
735 1276 1004 1345 ἀγγέλων·
1032 1277 1155 1331 οὔτε
1189 1278 1293 1349 μὴν
1317 1280 1566 1333 διακόνου
1599 1281 1742 1343 τινὸς
1764 1283 1845 1344 εἰς

261 1369 421 1423 τοῦτο
444 1368 911 1440 παρειλημμένου,
940 1369 1080 1428 κατά
1107 1369 1196 1423 τὸν
1228 1369 1322 1423 τοῦ
1353 1370 1594 1434 Μωσέως
1622 1372 1841 1442 τρόπον.

262 1461 340 1514 Ού
374 1460 482 1532 γὰρ
515 1460 774 1531 πρέσϐυς,
796 1460 897 1513 ούκ
921 1459 1169 1529 ἄγγελος,
1194 1461 1336 1513 κατὰ
1354 1462 1414 1514 το
1439 1463 1841 1533 γεγραμμένον,

265 1552 380 1604 ἀλλ’
410 1550 572 1614 αὐτὸς
601 1553 630 1603 6
654 1550 875 1620 Κύριος,
896 1551 998 1603 όὲκ
1024 1549 1113 1603 τοῦ
1142 1550 1278 1604 Θεοῦ
1307 1551 1515 1621 Πατρὸς
1535 1553 1726 1621 Λόγος,
1755 1555 1845 1608 ἆν-

263 1642 483 1705 θοωπυς
531 1639 770 1710 γεγονὼς
820 1640 1130 1711 καθ’ὴμᾶς,
1182 1641 1356 1711 ἐαυτῷ
1403 1642 1715 1714 παρέστησε
1745 1645 1844 1715 τὴν

277 1730 637 1799 Ἐκκλησίανο
685 1747 705 1781 ι
744 1730 858 1783 Kal.
884 1730 1010 1792 τοὺς
1051 1729 1145 1782 δύο
1185 1730 1348 1794 λαοὺς
1380 1730 1593 1785 ἔκτισεν
1625 1734 1705 1796 είς
1748 1733 1845 1787 ἕνα

262 1823 445 1876 κοινὸν
465 1820 781 1893 ἄνθρωπον,
815 1821 984 1874 ποιῶν
1006 1822 1229 1893 εἰρήνην
1249 1862 1264 1887 ,
1304 1824 1399 1877 καὶ
1429 1823 1843 1879 ἀπκαταλλάσ-

264 1931 376 1968 σων
400 1914 529 1977 τοὺς
550 1912 892 1986 ἀμφοτέρους
934 1914 994 1966 ὲν
1027 1914 1107 1966 ὲνὶ
1151 1913 1423 1984 πνεύματι
1452 1916 1588 1985 πρὸς
1610 1915 1700 1969 τὸν
1733 1917 1842 1970 Πα-
1872 1894 1917 1950 Β

260 2006 441 2077 τέρα,
503 2024 522 2059 ι
583 2006 726 2059 κατά
773 2005 873 2075 τὴν
922 2004 1016 2057 τοῦ
1070 2006 1338 2076 μακαρίου
1370 2006 1583 2060 Παύλου
1638 2009 1842 2079 φωνήν.

262 2097 341 2150 ..Η
389 2096 483 2149 καὶ
549 2094 671 2149 καθ’
716 2096 904 2166 ἕτερον
932 2136 946 2160 ,
1010 2096 1059 2147 ει
1120 2095 1341 2166 βούλει,
1392 2098 1594 2168 τρόπον
1656 2098 1844 2171 ὲκδέξῃ

260 2187 329 2240 τὸ
386 2187 698 2257 εἰρημένον.
763 2185 1159 2257 Ἐμνηστεύετο
1208 2186 1355 2258 γὰρ,
1408 2189 1484 2252 ὡς
1544 2190 1725 2260 ἔφην,
1788 2193 1847 2244 ὲν

260 2278 530 2349 Αἰγύπτῳ
596 2277 727 2330 ποτὲ
794 2277 892 2347 τὴν
952 2278 1061 2331 τῶν
1140 2277 1411 2332 Ἰουδαίων
1477 2281 1804 2351 Συναγωγήν
1829 2297 1846 2315 ⁶

260 2369 384 2423 ἀλλ’
426 2369 588 2422 οἱονεί
616 2386 735 2430 πως
768 2368 939 2439 ἑτέρῳ
973 2368 1191 2439 μᾶλλον,
1223 2370 1320 2438 ούχ
1366 2370 1565 2440 ἐαυτῷ,
1611 2372 1754 2441 φημὶ
1782 2372 1847 2444 δὴ

262 2460 349 2531 τῷ
378 2461 648 2532 θεσπεσίῳ
678 2462 886 2525 Μωσεῖ,
920 2463 1058 2532 πρὸς
1087 2462 1145 2515 ὃν
1174 2462 1278 2534 ἔφη
1302 2477 1315 2492 ’
1351 2462 1553 2533 βάδιζε,
1578 2465 1849 2535 κατάϐηθι

264 2553 332 2606 τὸ
357 2554 521 2623 τάχος
568 2551 821 2606 ἐντεῦθεν
846 2570 860 2584 ’
891 2553 1136 2625 ἡνόμησε
1168 2554 1278 2626 γὰρ
1310 2557 1338 2608 6
1356 2556 1481 2619 λαός
1506 2573 1621 2619 σου,
1639 2555 1734 2619 οὒς
1766 2556 1852 2621 ἐξ·

265 2646 475 2716 ήγαγες
526 2646 591 2697 ἐκ
642 2645 745 2714 γῆς
793 2644 1094 2713 Αἰγύπτου.
1144 2665 1163 2699 ι
1233 2646 1498 2709 Ἀκούεις,
1535 2648 1617 2700 ὅτι
1664 2648 1854 2701 Μωσεϊ

266 2735 679 2807 προσνενέμηκε
718 2736 821 2806 τὴν
853 2738 1362 2809 μεμνηστευμένην,
1399 2739 1517 2809 ἦτοι
1544 2738 1637 2791 τὸν
1686 2738 1849 2803 λαὸν,

266 2828 421 2880 οὔπω
443 2829 544 2898 τῆς
564 2827 898 2898 οἰκειότητος
913 2829 1088 2895 ἀξιῶν
1114 2830 1214 2899 τῆς
1241 2830 1377 2902 πρὸς
1400 2831 1611 2884 ἑαυτόν.
1637 2831 1712 2884 ού
1741 2830 1853 2903 γὰρ

269 2917 492 2982 ἰκανῶς,
520 2919 596 2982 ὡς
620 2918 775 2989 ἔφην,
810 2921 839 2972 6
867 2919 1051 2990 νόμος,
1078 2919 1196 2991 ἦτοι
1226 2920 1453 2991 Μωσῆς,
1473 2920 1706 2990 συνάψαι
1735 2919 1855 2991 Θεῷ

265 3008 526 3080 καθαρῶς
558 3025 616 3062 τε
652 3009 748 3063 καὶ
778 3011 1106 3081 ὁλοτρόπως.
1137 3011 1415 3082 Τετήρητο
1459 3012 1569 3081 γὰρ
1608 3012 1685 3075 ὡς
1721 3028 1856 3065 κατ-

264 3098 601 3171 ορθωμάτων
654 3098 898 3170 ἄριστον,
928 3101 1022 3154 καὶ
1066 3099 1370 3171 θεοπρεπὲς
1396 3099 1613 3171 ἀληθῶς
1642 3099 1720 3170 τῷ
1763 3117 1858 3170 με-

268 3190 393 3263 σίτῃ
436 3190 571 3245 Θεοῦ
609 3194 705 3246 καὶ
738 3192 1042 3263 ἀνθρώπων
1063 3234 1079 3259 ,
1129 3194 1376 3246 τουτέστι
1413 3192 1665 3264 Χριστῷ,
1690 3194 1756 3247 δι’
1788 3186 1851 3247 οῦ

267 3283 367 3336 καὶ
399 3285 457 3336 ὲν
503 3276 549 3351 ᾧ
593 3285 730 3355 πρὸς
777 3285 910 3338 Θεὸν
950 3285 1237 3356 ἑνούμεθα.
1272 3287 1385 3339 Καὶ
1416 3287 1525 3356 γάρ
1568 3287 1716 3339 ἐστιν
1756 3288 1855 3341 αύ-

265 3376 413 3447 seu;
442 3377 632 3447 εἰρήνη
668 3376 848 3447 ἡμῶν,
896 3377 1035 3432 κατά
1062 3377 1165 3440 τὰς
1201 3377 1442 3448 Γραφὰς,
1470 3380 1498 3431 ό
1526 3378 1623 3448 τὴν
1655 3378 1857 3449 μεταξὺ

269 3467 533 3539 κειμένην
569 3467 770 3535 ἐξελὼν
811 3469 1107 3540 ἁμαρτίαν,
1141 3468 1236 3521 καὶ
1262 3468 1535 3539 καθαροὺς
1579 3470 1726 3538 ἡμᾶς
1766 3468 1860 3521 καὶ

271 3558 705 3630 ὲκνενιμμένους
732 3560 811 3630 τῷ
852 3559 1129 3631 Πνεύματι
1164 3558 1407 3628 συνάψας
1445 3559 1642 3629 ἐαυτῷ,
1671 3558 1765 3613 καὶ
1790 3558 1858 3612 δι’

270 3650 469 3703 ἑαυτοῦ
503 3650 579 3721 τῷ
605 3650 723 3720 Θεῷ
752 3651 845 3704 καὶ
892 3652 1086 3722 Πατρί.

342 3740 452 3793 Καὶ
481 3740 939 3809 μνηστεύσομαί
968 3754 1043 3793 σε
1097 3739 1333 3809 ἐμαυτῷ
1378 3738 1449 3793 ἐν
1480 3739 1856 3809 δικαιοσύνῃ,

270 3828 458 3895 καὶέν
477 3830 731 3899 κρίματι,
761 3830 858 3883 καί
888 3829 1144 3892 ὲνέλέει,
1173 3829 1272 3883 καί
1295 3830 1365 3884 ἐν
1393 3830 1734 3899 οίκτιρμοῖς.
1752 3831 1861 3885 Καὶ

265 3920 727 3989 μνηστεύσομαι
770 3920 1005 3990 ἐμαυτῷ
1040 3920 1109 3974 ἐν
1139 3921 1359 3986 πίστει,
1404 3919 1503 3974 καί
1553 3920 1858 3991 ἐπιγνώσῃ

271 4011 385 4064 τὸν
420 4012 665 4079 Κύριον.

347 4102 476 4155 ΚΘ’.
529 4101 837 4171 Ἐξηγεῖται
868 4100 1072 4169 σαφῶς,
1106 4100 1189 4163 τίς
1242 4100 1308 4154 ἂν
1341 4101 1550 4169 γένοιτο
1596 4101 1694 4173 τῆς
1746 4119 1865 4156 συν-

270 4194 519 4261 αφείαςὸ
546 4194 766 4263 τρόπος,
796 4192 888 4247 καὶ
932 4192 1022 4246 διὰ
1072 4191 1242 4245 ποίων
1292 4192 1358 4245 ἂν
1407 4192 1475 4245 ἴοι
1520 4195 1861 4264 πραγμάτων

270 4287 373 4353 τῆς
426 4284 739 4354 οἰκονομίας
766 4284 826 4338 τὸ
858 4285 1179 4355 μυστήριον.
1215 4302 1232 4335 ι
1280 4284 1367 4337 Ἐν
1396 4283 1708 4356 δικαιοσύνῃ
1753 4286 1861 4355 γὰρ

272 4376 450 4439 ἔσται,
482 4376 637 4446 φησὶ,
662 4377 754 4429 καὶ
783 4378 840 4429 ἐν
868 4378 1117 4447 κρίματι,
1150 4377 1244 4429 καὶ
1272 4377 1457 4446 μέντοι
1501 4378 1595 4430 καὶ
1626 4379 1682 4431 ὲν
1723 4378 1861 4431 ἐλέει

272 4470 371 4521 καὶ
400 4468 458 4520 ὲν
483 4469 806 4539 οἰκτιρμοῖς.
846 4488 865 4520 ι
904 4468 998 4532 Τίς
1025 4464 1117 4522 οὖν
1137 4469 1245 4539 ἄρα
1276 4470 1424 4521 ἐστὶν
1458 4470 1491 4539 ή
1523 4470 1859 4541 δικαιοσύνη,

1944 643 2012 697 ab
2044 642 2163 711 ipso
2190 641 2407 705 tradita,
2458 638 2792 709 evangelica,
2840 640 3083 709 inquam,
3114 656 3232 708 qua:
3271 648 3323 692 et
3357 638 3516 707 spiri-

1945 734 2143 788 tualem
2173 733 2424 786 unionem
2480 733 2594 787 sive
2620 730 3013 799 copulationem
3052 731 3353 784 conlinunt.
3385 730 3518 784 Uni-

1945 838 2071 876 mur
2112 822 2255 875 enim
2292 819 2401 874 Deo
2453 821 2505 873 in
2552 820 2778 888 Spiritu,
2832 830 2884 874 et
2926 819 3120 871 divinae
3160 820 3275 887 ejus
3314 827 3519 871 natura!

1946 912 2439 967 communicatione
2481 911 2893 980 locupletainur.
2931 911 3026 963 Est
3068 920 3246 962 autem
3287 922 3518 962 ccusen-

1948 1013 2189 1067 taneum,
2229 1004 2374 1057 aliud
2405 1018 2620 1073 quoque
2655 1003 2830 1057 verbis
2872 1002 3009 1065 istis,
3046 1019 3065 1053 ι
3097 1000 3430 1069 desponsabo
3466 1009 3519 1053 te

1945 1095 2100 1163 mihi,
2133 1114 2153 1147 ι
2195 1096 2470 1164 eleganter
2539 1094 2953 1150 snbmonstrari.
3008 1093 3098 1147 Sic
3141 1092 3283 1145 enim
3335 1105 3521 1144 rursus

1944 1202 2005 1241 ea
2051 1188 2341 1257 intelliges.
2391 1188 2498 1240 Aut
2545 1188 2691 1242 enim
2732 1186 2857 1239 mihi
2899 1187 3049 1249 dicit,
3098 1201 3214 1253 pro,
3278 1200 3371 1251 per
3421 1199 3518 1246 me,

1947 1297 2049 1334 non
2096 1280 2235 1333 sicut
2277 1279 2404 1333 olim
2442 1280 2646 1349 angelis
2682 1279 3174 1337 intercedentibus;
3218 1290 3316 1330 nec
3364 1275 3523 1328 titini-

1943 1382 2059 1426 stto
2114 1372 2294 1441 aliquo
2351 1373 2519 1425 inStar
2554 1370 2752 1441 Moysis
2797 1374 2861 1425 ad
2911 1372 3011 1423 hoc
3062 1377 3359 1436 assumpto.
3402 1365 3522 1419 Non

1943 1469 2087 1521 enim
2133 1465 2357 1535 legatus,
2401 1481 2504 1519 non
2559 1466 2803 1535 angelus,
2857 1467 2972 1525 sed,
3012 1474 3069 1516 ut
3109 1462 3367 1528 scriptum
3416 1470 3520 1522 est,

1942 1556 2061 1625 ipse
2111 1555 2389 1622 Dominus;
2440 1572 2505 1610 ex
2559 1556 2669 1610 Deo
2716 1555 2874 1609 Patre
2922 1554 3178 1615 Verbum,
3230 1555 3388 1604 homo
3425 1566 3522 1603 no-

1944 1658 2116 1702 strum
2171 1646 2364 1700 similis
2419 1645 2629 1707 factus,
2689 1645 2788 1708 sibi
2855 1646 2967 1713 ipse
3023 1642 3269 1698 exhibuit
3338 1640 3523 1693 Eccle-

1945 1736 2079 1792 siam
2104 1736 2170 1801 ⁶⁸,
2208 1753 2227 1788 ι
2261 1745 2314 1790 et
2339 1736 2566 1806 populos
2593 1737 2724 1789 duos
2748 1736 2799 1788 in
2827 1750 2988 1788 unum
3023 1749 3216 1788 novum
3254 1732 3523 1785 hominem

1946 1827 2206 1890 condiat,
2275 1827 2479 1881 faciens
2529 1841 2737 1895 pacem,
2796 1824 3153 1880 reconcilians
3233 1821 3420 1875 ambos
3472 1819 3525 1874 in

1949 1935 2057 1975 uno
2100 1920 2291 1989 spiritu
2338 1920 2405 1973 ad
2448 1918 2661 1972 Patrem
2679 1917 2746 1985 “,
2782 1936 2802 1969 ι
2836 1917 3132 1971 secundum
3169 1916 3306 1968 beati
3380 1911 3537 1965 Pauli

1950 2024 2160 2065 vocem.
2190 2012 2297 2064 Aut
2334 2010 2495 2065 etiam
2524 2009 2632 2063 alio
2664 2009 2841 2074 modo,
2876 2008 2919 2062 si
2953 2008 3121 2069 lubet,
3150 2007 3291 2075 quod
3322 2004 3523 2057 dictum

1951 2112 2035 2157 est
2078 2102 2330 2172 accipies.
2387 2101 2744 2171 Desponsavit
2802 2101 2945 2153 enim
2999 2099 3122 2162 sibi,
3182 2108 3240 2151 ut
3294 2097 3422 2157 dixi,
3472 2097 3525 2148 in

1952 2192 2189 2263 Egypto
2219 2193 2507 2261 aliquando
2550 2191 2886 2261 Synagogam
2918 2188 3222 2245 Iudaeorum
3258 2206 3270 2241 :
3299 2187 3403 2256 53
3435 2186 3528 2239 sed

1951 2284 2097 2337 velut
2128 2283 2283 2336 alteri
2326 2283 2508 2351 potius
2533 2297 2692 2351 quam
2730 2282 2855 2345 sibi,
2890 2280 3081 2350 Moysi,
3110 2280 3351 2347 inquam,
3398 2292 3528 2329 san-

1952 2388 2062 2437 eto,
2093 2376 2179 2429 cui
2206 2375 2341 2429 dixit
2370 2388 2385 2427 :
2420 2393 2438 2426 ι
2476 2372 2642 2438 Vade,
2670 2374 2937 2428 descende
2965 2373 3073 2426 cito
3108 2372 3255 2433 hinc,
3288 2370 3532 2438 peccavit

1954 2467 2095 2521 enim
2142 2466 2373 2535 populus
2415 2476 2558 2530 tuus,
2591 2479 2754 2533 quem
2800 2463 3037 2517 eduxisti
3070 2464 3137 2515 de
3183 2470 3324 2514 terra
3358 2458 3530 2529 Egy-

1954 2558 2029 2627 pti
2052 2557 2196 2610 ⁷⁰’⁸⁸.
2231 2576 2249 2608 ι
2284 2556 2452 2610 Audis
2481 2556 2754 2624 quomodo
2788 2554 2951 2625 Moysi
2981 2554 3382 2622 desponsatam,
3418 2552 3533 2605 sive

1956 2649 2235 2720 populum,
2288 2650 2523 2702 nomlum
2570 2648 2822 2700 familiari
2872 2646 3260 2698 consuetudine
3309 2659 3403 2696 sua
3445 2644 3532 2695 di-

1957 2748 2176 2809 gnatnm
2232 2737 2516 2791 attribuit?
2561 2736 2677 2790 Non
2732 2735 2875 2790 enim
2919 2732 3217 2787 sufﬁciebat
3263 2734 3371 2797 lex,
3420 2732 3537 2785 sive

1958 2829 2190 2901 Moyses,
2235 2838 2295 2883 nt
2336 2830 2442 2883 Deo
2491 2844 2624 2898 pure
2658 2838 2713 2883 et
2756 2827 3062 2882 arctissime
3106 2840 3199 2880 eos
3235 2823 3533 2894 copularet.

1960 2919 2073 2975 Hoc
2116 2921 2258 2976 enim
2309 2929 2368 2973 ut
2417 2929 2566 2974 recte
2606 2919 2870 2973 factorum
2908 2915 3291 2976 rectissimum,
3327 2930 3391 2969 ac
3426 2912 3538 2968 Deo

1962 3027 2149 3067 revera
2167 3012 2409 3079 dignum,
2430 3009 2709 3063 mediatori
2733 3008 2823 3061 Dei
2843 3016 2896 3059 et
2914 3005 3195 3059 hominum
3217 3004 3287 3069 ",
3319 3003 3538 3058 Christo

1961 3102 2237 3165 videlicet,
2268 3101 2607 3163 servabatur,
2640 3114 2736 3168 per
2763 3112 2947 3166 quem,
2977 3104 3031 3151 et
3059 3097 3111 3149 in
3147 3109 3255 3163 quo
3278 3108 3398 3147 cum
3431 3094 3539 3146 Deo

1964 3193 2198 3247 unimur.
2236 3210 2257 3243 ι
2288 3192 2407 3260 Ipse
2455 3190 2599 3245 enim
2654 3198 2738 3243 est
2786 3204 2887 3258 pax
2940 3197 3147 3251 nostra,
3180 3203 3198 3236 ι
3236 3183 3537 3240 secundum

1964 3283 2298 3352 Scriptores,
2333 3282 2423 3349 qui
2471 3280 2799 3347 interiacens
2844 3286 3119 3347 peccatum
3170 3274 3428 3337 sustulit,
3483 3282 3540 3328 et

1936 3366 2129 3445 ‘pnros
2169 3388 2283 3437 nos,
2328 3382 2381 3427 et
2425 3388 2521 3440 per
2552 3370 2815 3440 Spiritum
2864 3370 3077 3423 ablutos
3118 3368 3240 3432 sibi,
3273 3378 3329 3423 et
3348 3381 3443 3436 per
3479 3378 3540 3420 se

1963 3470 2074 3522 Deo
2101 3472 2155 3517 et
2186 3462 2331 3516 Patri
2363 3459 2647 3531 conjunxit
2676 3468 2838 3528 atque
2872 3455 3167 3528 colligavit.

2038 3749 2202 3803 Vsus.
2243 3746 2441 3811 19,20.
2479 3745 2544 3799 Et
2580 3745 2834 3809 sponsabo
2865 3755 2912 3797 le
2956 3743 3082 3796 mihi
3110 3742 3163 3795 in
3187 3741 3432 3810 justitia,
3490 3749 3539 3794 et

1965 3842 2018 3895 in
2067 3841 2296 3910 judicio,
2322 3847 2369 3892 el
2412 3838 2466 3890 in
2493 3838 2871 3901 misericordia,
2924 3846 2973 3888 et
3007 3835 3059 3887 in
3092 3832 3537 3886 miserationibus.

1966 3934 2035 3987 Et
2067 3932 2320 4001 sponsabo
2337 3939 2382 3983 te
2397 3929 2526 3982 mihi
2555 3928 2607 3980 iu
2630 3926 2754 3994 ﬁde,
2773 3936 2819 3979 et
2852 3926 2984 3979 scies
2998 3924 3121 3994 quia
3146 3939 3237 3992 ego
3258 3921 3529 3973 Dominus.

2038 4106 2231 4163 XXIX.
2262 4106 2556 4176 Perspicue
2607 4110 2848 4169 enarrat,
2909 4101 3029 4171 quis
3077 4100 3268 4155 modus
3314 4096 3543 4164 conjun-

1968 4202 2166 4257 ctionis
2218 4214 2337 4255 esse
2405 4208 2588 4269 queat,
2647 4206 2702 4251 et
2758 4196 2954 4264 quibus
3016 4193 3175 4247 rebus
3227 4191 3543 4247 (economite

1970 4291 2285 4362 mysterium
2353 4304 2729 4358 processurum
2797 4287 2887 4341 sit.
2958 4303 2975 4336 ι
3022 4283 3077 4337 ln
3132 4283 3341 4351 justitia
3397 4282 3540 4334 enim

1969 4384 2097 4446 erit,
2150 4381 2343 4450 inquit,
2379 4381 2431 4433 in
2451 4380 2676 4448 judicio,
2711 4377 2763 4430 in
2791 4374 3181 4437 misericordia,
3215 4373 3345 4427 etin
3379 4371 3542 4425 mise—

1972 4473 2291 4529 rationibus.
2324 4490 2344 4522 ι
2397 4469 2654 4536 Quzenatn
2684 4469 2847 4538 igitur
2874 4467 2945 4521 sit
2999 4465 3226 4534 iustitia,
3261 4464 3402 4533 quod
3463 4463 3545 4532 ju-

271 4559 330 4610 τί
358 4558 414 4611 δὲ
454 4557 516 4610 τὸ
572 4561 779 4628 κρῖμα,
815 4558 911 4612 καὶ
964 4562 1071 4628 μὴν
1124 4559 1219 4612 καλ⁸
1256 4560 1318 4611 τὸ
1357 4559 1539 4625 ἔλεος,
1570 4562 1765 4624 εἰπεῖν,
1788 4564 1854 4626 ὡς

1971 4566 2188 4627 dicinm,
2221 4572 2480 4632 praeterea
2506 4576 2624 4630 quae
2651 4557 3043 4619 misericordia,
3070 4556 3352 4609 dicendum
3403 4554 3545 4608 vide-

274 4650 455 4703 ἔοικεν
480 4688 496 4714 ,
524 4651 841 4718 ἀναγκαῖον.
883 4648 1090 4703 υύκοῦν
1140 4650 1654 4720 πεπλεονεκτήμεθα
1691 4652 1789 4722 μὲν
1814 4655 1863 4705 οἰ

272 4741 537 4807 τάλανες,
573 4740 959 4813 διαρπάζοντος
1018 4742 1167 4810 ἡμᾶς
1219 4742 1294 4804 ὡς
1335 4742 1499 4812 θηρὸς
1537 4742 1728 4813 ἀγρίου
1766 4741 1861 4796 τοῦ

276 4834 515 4897 Σατανᾶ,
546 4833 640 4887 καὶ
663 4833 1029 4903 ἀποφέροντος
1068 4832 1167 4901 μὲν
1193 4834 1273 4895 εἰς
1306 4832 1593 4902 πλάνησιν,
1628 4835 1870 4898 ὲνιέντος-

274 4925 338 4979 δὲ
376 4925 518 4979 κατὰ
546 4926 608 4979 τὸ
640 4924 786 4995 αύτῷ
827 4924 1018 4978 δοκοῦν
1044 4927 1156 4987 τοῖς
1188 4925 1287 4993 τῆς
1321 4924 1595 4994 ἁμαρτίας
1629 4922 1862 4993 βόθροις,

275 5015 432 5067 οὐδὲν
473 5016 683 5077 ἑαυτοῖς
712 5013 1011 5083 ἐπαμύνειν
1045 5011 1345 5082 ἰσχύοντας.
1374 5012 1729 5081 Παγχάλεπος
1755 5011 1863 5083 γὰρ

276 5107 376 5161 καὶ
423 5107 726 5176 βιαιότατος
768 5106 985 5175 ἀληθῶς
1043 5106 1135 5158 καὶ
1188 5103 1631 5174 ἀνθρωποκτόνος
1664 5106 1692 5157 6
1736 5103 1859 5175 Θήρ.

290 5197 510 5268 Ἐπειδὴ
555 5197 611 5250 δὲ
642 5197 722 5261 εἰς
764 5194 921 5249 τοῦτο
972 5193 1345 5265 ταλαιπωρίας
1390 5192 1763 5263 κατεκομίσθη
1792 5193 1862 5246 τὰ

276 5287 619 5357 ἀνθρώπινα,
647 5270 849 5358 συχνάς
871 5287 1154 5339 ἐποιοῦντο
1186 5290 1286 5349 τάς
1310 5285 1463 5349 λιτὰς
1488 5286 1625 5356 πρὸς
1643 5286 1734 5339 τὸν
1763 5287 1862 5339 ἐπ-

278 5379 510 5448 αμύνειν
535 5379 829 5449 δυνάμενον
855 5380 904 5432 οἰ
932 5378 1195 5449 μακάριοι
1222 5378 1517 5449 προφῆται,
1542 5378 1635 5430 καὶ
1666 5377 1727 5429 τὸ
1752 5395 1865 5430 κοι-

243 5542 249 5563 ι
278 5474 372 5527 νὺν
396 5475 495 5544 τῆς
524 5474 945 5546 ἀνθρωπότητος
976 5475 1253 5544 μονονουχὶ
1284 5477 1623 5545 προσωπεῖον
1654 5475 1865 5535 ἑαυτοῖς

280 5567 756 5635 περιπλάττοντες,
787 5567 1151 5637 συλλήπτορα,
1190 5567 1283 5619 καὶ
1322 5566 1573 5637 ἀρῤωγὸν
1616 5564 1675 5629 ἐξ
1700 5564 1865 5635 ούρα-

276 5658 389 5712 νῶν
447 5657 739 5726 ἀφικέσθαι
793 5658 1132 5731 παρεκάλουν
1173 5658 1263 5710 τὸν
1306 5657 1453 5711 Υἰόν.
1484 5658 1625 5727 Ἔφη
1679 5654 1808 5724 γοῦν
1838 5657 1866 5707 6

1970 4664 2075 4709 tur.
2121 4651 2641 4723 ltaquecirumventi
2688 4666 2873 4704 Simius
2904 4649 3109 4711 miseri,
3152 4646 3391 4716 rapiente
3443 4658 3540 4699 nos

1965 4745 2019 4799 in
2073 4758 2276 4798 morem
2306 4742 2505 4797 atrocis
2539 4741 2723 4794 bestia:
2772 4739 2992 4803 Satana,
3052 4747 3106 4794 et
3151 4739 3202 4791 in
3299 4750 3540 4790 errorem

1966 4847 2180 4906 agente,
2213 4844 2269 4890 et
2309 4850 2405 4905 pro
2436 4832 2698 4888 arbitratu
2733 4847 2829 4887 suo
2852 4832 2904 4885 in
2934 4831 3138 4901 peccati
3171 4829 3375 4884 foveam
3405 4845 3543 4897 βιαιο

1968 4932 2246 5001 cipitante,
2305 4928 2438 4983 nihil
2508 4927 2775 4981 nobismet
2845 4926 2963 4995 epis
3016 4924 3212 4978 afferre
3279 4921 3539 4979 valentes.

1970 5022 2106 5076 Vere
2143 5020 2284 5074 enim
2328 5018 2719 5081 crudelissima,
2761 5026 2813 5070 et
2865 5015 3273 5077 violentissima,
3330 5022 3384 5067 et
3442 5016 3541 5067 ho-

1970 5110 2174 5165 minnm
2212 5108 2549 5164 interfectrix
2584 5107 2760 5162 bellua
2780 5116 2880 5161 est.
2904 5106 3083 5162 Rebus
3114 5114 3291 5158 autem
3350 5105 3541 5158 huma-

1969 5201 2053 5255 nis
2083 5201 2185 5253 hue
2216 5200 2557 5254 miseriarum
2595 5198 2849 5266 delapsis,
2880 5198 3102 5251 crebras
3152 5210 3341 5265 preces
3400 5196 3539 5249 beati

1965 5297 2242 5363 prophetae
2283 5291 2579 5345 fundebant
2637 5289 2703 5343 ad
2790 5290 2979 5350 Deum,
3060 5288 3148 5355 qui
3226 5301 3541 5342 succurrere

1968 5391 2165 5451 potest,
2200 5394 2650 5448 communemque
2706 5379 2956 5432 humana:
2989 5388 3194 5432 natura;
3256 5391 3539 5445 personam

1969 5481 2176 5526 tantum
2233 5486 2336 5525 non
2373 5472 2674 5535 induentes,
2736 5469 3037 5538 adiutorem
3092 5478 3147 5522 et
3199 5465 3537 5519 auxiliarium

1968 5563 2035 5619 de
2064 5563 2217 5618 caalis
2254 5564 2508 5618 advenire
2540 5563 2731 5617 Filium
2760 5560 3092 5631 ﬂagitabant.
3124 5555 3213 5611 Ait
3276 5568 3405 5625 ergo
3454 5553 3539 5607 di-

1970 5656 2126 5708 vinus
2166 5652 2380 5707 David:
2434 5658 2455 5705 ι
2504 5652 2699 5723 Surge,
2734 5653 2895 5717 Deus,
2946 5650 3122 5719 iudica
3173 5658 3370 5702 terram
3398 5644 3444 5677 ⁸⁸
3472 5660 3486 5706 ;
3516 5664 3534 5697 ι

358 5818 402 5849 ⁸⁸
435 5820 673 5887 Act.vn,
703 5821 792 5879 38.
870 5823 913 5857 ‘9
936 5821 1129 5892 Ephes.
1153 5836 1209 5889 II,
1236 5821 1319 5878 16.
1363 5823 1483 5854 ⁷⁰’⁵⁶
1509 5822 1524 5840 ⁵
1552 5820 1703 5876 Deut.
1740 5834 1813 5885 ix,
1850 5818 1936 5876 '12.
1979 5820 2023 5852 "
2050 5818 2228 5873 lTim.
2268 5816 2411 5891 11,.5.
2489 5817 2533 5850 "
2556 5816 2749 5887 Ephes.
2774 5829 2833 5875 ll,
2867 5812 2950 5866 ll.
3029 5811 3132 5865 "i’
3169 5810 3235 5864 1|.
3269 5821 3455 5869 unt,
3479 5799 3535 5854 8ο
