  <div class='ocr_page' id='page_1' title='image "/cluster/home/n/w/nwhite01/storage/ocr_20150623/71/hvd.32044019207885/055.png"; bbox 0 0 4094 6572; ppageno 0'>
   <div class='ocr_carea' id='block_1_1' title="bbox 609 383 3867 486">
    <p class='ocr_par' dir='ltr' id='par_1_1' title="bbox 609 383 3867 486">
     <span class='ocr_line' id='line_1_1' title="bbox 609 383 3867 486; baseline 0.014 -44"><span class='ocrx_word' id='word_1_1' title='bbox 609 383 687 442; x_wconf 79' lang='lat'><strong>95</strong></span> <span class='ocrx_word' id='word_1_2' title='bbox 1594 397 1652 455; x_wconf 88' lang='lat' dir='ltr'><strong>S.</strong></span> <span class='ocrx_word' id='word_1_3' title='bbox 1694 400 1970 459; x_wconf 78' lang='lat' dir='ltr'><strong>CYRILLI</strong></span> <span class='ocrx_word' id='word_1_4' title='bbox 2013 405 2482 467; x_wconf 76' lang='lat' dir='ltr'><strong>ALEXANDle</strong></span> <span class='ocrx_word' id='word_1_5' title='bbox 2521 410 2833 471; x_wconf 80' lang='lat' dir='ltr'><strong>ARClllEl’.</strong></span> <span class='ocrx_word' id='word_1_6' title='bbox 3797 429 3867 486; x_wconf 72' lang='lat'><strong><em>98</em></strong></span> 
     </span>
    </p>
   </div>
   <div class='ocr_carea' id='block_1_2' title="bbox 602 508 2163 621">
    <p class='ocr_par' dir='ltr' id='par_1_2' title="bbox 602 508 2163 593">
     <span class='ocr_line' id='line_1_2' title="bbox 602 508 2163 593; baseline 0.013 -29"><span class='ocrx_word' id='word_1_7' title='bbox 602 517 659 565; x_wconf 90' lang='lat' dir='ltr'><strong>ct</strong></span> <span class='ocrx_word' id='word_1_8' title='bbox 701 522 948 564; x_wconf 85' lang='lat' dir='ltr'><strong>rursum:</strong></span> <span class='ocrx_word' id='word_1_9' title='bbox 987 527 1007 562; x_wconf 82' lang='grc' dir='ltr'><strong>ι</strong></span> <span class='ocrx_word' id='word_1_10' title='bbox 1047 508 1212 579; x_wconf 72' lang='lat' dir='ltr'><strong>Deus,</strong></span> <span class='ocrx_word' id='word_1_11' title='bbox 1247 513 1300 569; x_wconf 90' lang='lat' dir='ltr'><strong>in</strong></span> <span class='ocrx_word' id='word_1_12' title='bbox 1332 516 1547 571; x_wconf 78' lang='lat' dir='ltr'><strong>nomine</strong></span> <span class='ocrx_word' id='word_1_13' title='bbox 1576 529 1669 575; x_wconf 89' lang='lat' dir='ltr'><strong>tuo</strong></span> <span class='ocrx_word' id='word_1_14' title='bbox 1692 522 1900 579; x_wconf 85' lang='lat' dir='ltr'><strong>salvum</strong></span> <span class='ocrx_word' id='word_1_15' title='bbox 1940 541 2027 583; x_wconf 89' lang='lat' dir='ltr'><strong>me</strong></span> <span class='ocrx_word' id='word_1_16' title='bbox 2068 526 2163 593; x_wconf 77' lang='lat' dir='ltr'><strong>iac,</strong></span> 
     </span>
    </p>
   </div>
   <div class='ocr_carea' id='block_1_3' title="bbox 2269 508 3858 621">
    <p class='ocr_par' dir='ltr' id='par_1_3' title="bbox 2279 532 3858 621">
     <span class='ocr_line' id='line_1_3' title="bbox 2279 532 3858 621; baseline 0.014 -37"><span class='ocrx_word' id='word_1_17' title='bbox 2279 532 2567 597; x_wconf 81' lang='grc' dir='ltr'><strong>Θεσπέσιος</strong></span> <span class='ocrx_word' id='word_1_18' title='bbox 2595 535 2782 600; x_wconf 74' lang='grc' dir='ltr'>Δαὸὶδ,</span> <span class='ocrx_word' id='word_1_19' title='bbox 2806 556 2825 589; x_wconf 85' lang='grc' dir='ltr'><strong>ι</strong></span> <span class='ocrx_word' id='word_1_20' title='bbox 2868 536 3101 593; x_wconf 79' lang='grc' dir='ltr'><strong>Ἀνάστα</strong></span> <span class='ocrx_word' id='word_1_21' title='bbox 3126 542 3156 595; x_wconf 87' lang='grc' dir='ltr'><strong>ό</strong></span> <span class='ocrx_word' id='word_1_22' title='bbox 3177 541 3330 609; x_wconf 72' lang='grc' dir='ltr'>Θεὸς,</span> <span class='ocrx_word' id='word_1_23' title='bbox 3349 548 3536 617; x_wconf 89' lang='grc' dir='ltr'>κρῖνον</span> <span class='ocrx_word' id='word_1_24' title='bbox 3572 547 3669 619; x_wconf 80' lang='grc' dir='ltr'>τὴν</span> <span class='ocrx_word' id='word_1_25' title='bbox 3700 552 3822 621; x_wconf 84' lang='grc' dir='ltr'>γῆν.</span> <span class='ocrx_word' id='word_1_26' title='bbox 3839 573 3858 606; x_wconf 76' lang='grc' dir='ltr'><strong>ι</strong></span> 
     </span>
    </p>
   </div>
   <div class='ocr_carea' id='block_1_4' title="bbox 602 600 2178 687">
    <p class='ocr_par' dir='ltr' id='par_1_4' title="bbox 602 600 2178 687">
     <span class='ocr_line' id='line_1_4' title="bbox 602 600 2178 687; baseline 0.015 -35"><span class='ocrx_word' id='word_1_27' title='bbox 602 600 735 654; x_wconf 81' lang='lat' dir='ltr'><strong>etin</strong></span> <span class='ocrx_word' id='word_1_28' title='bbox 784 601 983 657; x_wconf 85' lang='lat' dir='ltr'><strong>virtute</strong></span> <span class='ocrx_word' id='word_1_29' title='bbox 1017 610 1106 657; x_wconf 89' lang='lat' dir='ltr'><strong>tua</strong></span> <span class='ocrx_word' id='word_1_30' title='bbox 1137 604 1317 674; x_wconf 73' lang='lat' dir='ltr'><strong>judico</strong></span> <span class='ocrx_word' id='word_1_31' title='bbox 1367 611 1538 664; x_wconf 79' lang='lat' dir='ltr'><strong>me”.</strong></span> <span class='ocrx_word' id='word_1_32' title='bbox 1583 630 1602 664; x_wconf 79' lang='grc' dir='ltr'><strong>ι</strong></span> <span class='ocrx_word' id='word_1_33' title='bbox 1658 610 1932 671; x_wconf 80' lang='lat' dir='ltr'><strong>Judicavit</strong></span> <span class='ocrx_word' id='word_1_34' title='bbox 1992 619 2178 687; x_wconf 87' lang='lat' dir='ltr'><strong>itaque</strong></span> 
     </span>
    </p>
   </div>
   <div class='ocr_carea' id='block_1_5' title="bbox 602 692 2174 775">
    <p class='ocr_par' dir='ltr' id='par_1_5' title="bbox 602 692 2174 775">
     <span class='ocr_line' id='line_1_5' title="bbox 602 692 2174 775; baseline 0.011 -28"><span class='ocrx_word' id='word_1_35' title='bbox 602 692 658 747; x_wconf 89' lang='lat' dir='ltr'><strong>in</strong></span> <span class='ocrx_word' id='word_1_36' title='bbox 700 692 901 757; x_wconf 85' lang='lat' dir='ltr'><strong>iustitia</strong></span> <span class='ocrx_word' id='word_1_37' title='bbox 936 694 1095 760; x_wconf 86' lang='lat' dir='ltr'><strong>Deus,</strong></span> <span class='ocrx_word' id='word_1_38' title='bbox 1138 707 1193 751; x_wconf 92' lang='lat' dir='ltr'><strong>et</strong></span> <span class='ocrx_word' id='word_1_39' title='bbox 1248 701 1477 756; x_wconf 81' lang='lat' dir='ltr'><strong>aﬂlictos</strong></span> <span class='ocrx_word' id='word_1_40' title='bbox 1534 706 1796 775; x_wconf 81' lang='lat' dir='ltr'><strong>salvavit;</strong></span> <span class='ocrx_word' id='word_1_41' title='bbox 1849 709 2174 766; x_wconf 83' lang='lat' dir='ltr'><strong>homicidam</strong></span> 
     </span>
    </p>
   </div>
   <div class='ocr_carea' id='block_1_6' title="bbox 599 787 2165 868">
    <p class='ocr_par' dir='ltr' id='par_1_6' title="bbox 599 787 2165 868">
     <span class='ocr_line' id='line_1_6' title="bbox 599 787 2165 868; baseline 0.012 -32"><span class='ocrx_word' id='word_1_42' title='bbox 599 792 779 837; x_wconf 88' lang='lat' dir='ltr'><strong>autem</strong></span> <span class='ocrx_word' id='word_1_43' title='bbox 825 794 881 840; x_wconf 88' lang='lat' dir='ltr'><strong>et</strong></span> <span class='ocrx_word' id='word_1_44' title='bbox 931 787 1244 855; x_wconf 82' lang='lat' dir='ltr'><strong>pestiferum</strong></span> <span class='ocrx_word' id='word_1_45' title='bbox 1302 792 1558 849; x_wconf 76' lang='lat' dir='ltr'><strong>Satanam</strong></span> <span class='ocrx_word' id='word_1_46' title='bbox 1617 800 1819 868; x_wconf 78' lang='lat' dir='ltr'><strong>abegit,</strong></span> <span class='ocrx_word' id='word_1_47' title='bbox 1870 810 2002 855; x_wconf 73' lang='lat' dir='ltr'><strong>eta</strong></span> <span class='ocrx_word' id='word_1_48' title='bbox 2050 816 2165 857; x_wconf 81' lang='lat' dir='ltr'><strong>cer-</strong></span> 
     </span>
    </p>
   </div>
   <div class='ocr_carea' id='block_1_7' title="bbox 598 874 2173 957">
    <p class='ocr_par' dir='ltr' id='par_1_7' title="bbox 598 874 2173 957">
     <span class='ocr_line' id='line_1_7' title="bbox 598 874 2173 957; baseline 0.013 -32"><span class='ocrx_word' id='word_1_49' title='bbox 598 874 806 929; x_wconf 86' lang='lat' dir='ltr'><strong>vicibus</strong></span> <span class='ocrx_word' id='word_1_50' title='bbox 862 878 1061 932; x_wconf 85' lang='lat' dir='ltr'><strong>nostris</strong></span> <span class='ocrx_word' id='word_1_51' title='bbox 1107 881 1322 948; x_wconf 76' lang='lat' dir='ltr'><strong>repulit,</strong></span> <span class='ocrx_word' id='word_1_52' title='bbox 1400 887 1800 957; x_wconf 88' lang='lat' dir='ltr'><strong>superbumque</strong></span> <span class='ocrx_word' id='word_1_53' title='bbox 1869 889 2173 945; x_wconf 69' lang='lat' dir='ltr'><strong>daemonum</strong></span> 
     </span>
    </p>
   </div>
   <div class='ocr_carea' id='block_1_8' title="bbox 596 967 2176 1051">
    <p class='ocr_par' dir='ltr' id='par_1_8' title="bbox 596 967 2176 1051">
     <span class='ocr_line' id='line_1_8' title="bbox 596 967 2176 1051; baseline 0.012 -33"><span class='ocrx_word' id='word_1_54' title='bbox 596 967 957 1037; x_wconf 84' lang='lat' dir='ltr'><strong>principatum</strong></span> <span class='ocrx_word' id='word_1_55' title='bbox 985 972 1198 1027; x_wconf 80' lang='lat' dir='ltr'><strong>evertit.</strong></span> <span class='ocrx_word' id='word_1_56' title='bbox 1246 973 1307 1027; x_wconf 89' lang='lat' dir='ltr'><strong>Et</strong></span> <span class='ocrx_word' id='word_1_57' title='bbox 1347 975 1448 1031; x_wconf 90' lang='lat' dir='ltr'><strong>hoc</strong></span> <span class='ocrx_word' id='word_1_58' title='bbox 1522 981 1841 1050; x_wconf 83' lang='lat' dir='ltr'><strong>mysterium</strong></span> <span class='ocrx_word' id='word_1_59' title='bbox 1894 982 2006 1050; x_wconf 83' lang='lat' dir='ltr'><strong>ipse</strong></span> <span class='ocrx_word' id='word_1_60' title='bbox 2079 997 2176 1051; x_wconf 90' lang='lat' dir='ltr'><strong>per</strong></span> 
     </span>
    </p>
   </div>
   <div class='ocr_carea' id='block_1_9' title="bbox 597 1058 2171 1137">
    <p class='ocr_par' dir='ltr' id='par_1_9' title="bbox 597 1058 2171 1137">
     <span class='ocr_line' id='line_1_9' title="bbox 597 1058 2171 1137; baseline 0.01 -25"><span class='ocrx_word' id='word_1_61' title='bbox 597 1058 835 1126; x_wconf 85' lang='lat' dir='ltr'><strong>seipsum</strong></span> <span class='ocrx_word' id='word_1_62' title='bbox 861 1058 1175 1126; x_wconf 78' lang='lat' dir='ltr'><strong>declaravit,</strong></span> <span class='ocrx_word' id='word_1_63' title='bbox 1209 1063 1318 1136; x_wconf 61' lang='grc'><strong>54</strong></span> <span class='ocrx_word' id='word_1_64' title='bbox 1336 1083 1454 1122; x_wconf 83' lang='lat' dir='ltr'><strong>cum</strong></span> <span class='ocrx_word' id='word_1_65' title='bbox 1475 1069 1630 1134; x_wconf 79' lang='lat' dir='ltr'><strong>dixit,</strong></span> <span class='ocrx_word' id='word_1_66' title='bbox 1661 1087 1691 1137; x_wconf 93' lang='lat' dir='ltr'><strong>p</strong></span> <span class='ocrx_word' id='word_1_67' title='bbox 1711 1087 1769 1125; x_wconf 87' lang='lat' dir='ltr'><strong>ro</strong></span> <span class='ocrx_word' id='word_1_68' title='bbox 1792 1074 2031 1127; x_wconf 89' lang='lat' dir='ltr'><strong>omnium</strong></span> <span class='ocrx_word' id='word_1_69' title='bbox 2062 1076 2171 1128; x_wconf 88' lang='lat' dir='ltr'><strong>vita</strong></span> 
     </span>
    </p>
   </div>
   <div class='ocr_carea' id='block_1_10' title="bbox 595 1159 2170 1230">
    <p class='ocr_par' dir='ltr' id='par_1_10' title="bbox 595 1159 2170 1230">
     <span class='ocr_line' id='line_1_10' title="bbox 595 1159 2170 1230; baseline 0.005 -18"><span class='ocrx_word' id='word_1_70' title='bbox 595 1173 811 1213; x_wconf 88' lang='lat' dir='ltr'><strong>crucem</strong></span> <span class='ocrx_word' id='word_1_71' title='bbox 855 1175 1224 1230; x_wconf 85' lang='lat' dir='ltr'><strong>perpessurus.</strong></span> <span class='ocrx_word' id='word_1_72' title='bbox 1254 1179 1275 1214; x_wconf 81' lang='grc' dir='ltr'><strong>ι</strong></span> <span class='ocrx_word' id='word_1_73' title='bbox 1334 1159 1485 1215; x_wconf 85' lang='lat' dir='ltr'><strong>Nunc</strong></span> <span class='ocrx_word' id='word_1_74' title='bbox 1530 1160 1795 1230; x_wconf 83' lang='lat' dir='ltr'><strong>judicium</strong></span> <span class='ocrx_word' id='word_1_75' title='bbox 1850 1173 1931 1219; x_wconf 89' lang='lat' dir='ltr'><strong>est</strong></span> <span class='ocrx_word' id='word_1_76' title='bbox 1989 1166 2170 1220; x_wconf 90' lang='lat' dir='ltr'><strong>mundi</strong></span> 
     </span>
    </p>
   </div>
   <div class='ocr_carea' id='block_1_11' title="bbox 594 1249 2165 1324">
    <p class='ocr_par' dir='ltr' id='par_1_11' title="bbox 594 1249 2165 1324">
     <span class='ocr_line' id='line_1_11' title="bbox 594 1249 2165 1324; baseline 0.004 -20"><span class='ocrx_word' id='word_1_77' title='bbox 594 1249 775 1317; x_wconf 87' lang='lat' dir='ltr'><strong>hujus,</strong></span> <span class='ocrx_word' id='word_1_78' title='bbox 819 1260 874 1305; x_wconf 91' lang='lat' dir='ltr'><strong>et</strong></span> <span class='ocrx_word' id='word_1_79' title='bbox 910 1253 1156 1321; x_wconf 88' lang='lat' dir='ltr'><strong>princeps</strong></span> <span class='ocrx_word' id='word_1_80' title='bbox 1186 1255 1370 1309; x_wconf 89' lang='lat' dir='ltr'><strong>mundi</strong></span> <span class='ocrx_word' id='word_1_81' title='bbox 1423 1254 1585 1324; x_wconf 83' lang='lat' dir='ltr'><strong>hujus</strong></span> <span class='ocrx_word' id='word_1_82' title='bbox 1634 1255 1883 1322; x_wconf 84' lang='lat' dir='ltr'><strong>ejicietur</strong></span> <span class='ocrx_word' id='word_1_83' title='bbox 1940 1254 2112 1312; x_wconf 84' lang='lat' dir='ltr'><strong>foras.</strong></span> <span class='ocrx_word' id='word_1_84' title='bbox 2145 1275 2165 1310; x_wconf 75' lang='grc' dir='ltr'><strong>ι</strong></span> 
     </span>
    </p>
   </div>
   <div class='ocr_carea' id='block_1_12' title="bbox 594 1339 2163 1410">
    <p class='ocr_par' dir='ltr' id='par_1_12' title="bbox 594 1339 2163 1410">
     <span class='ocr_line' id='line_1_12' title="bbox 594 1339 2163 1410; baseline 0.003 -15"><span class='ocrx_word' id='word_1_85' title='bbox 594 1339 661 1395; x_wconf 86' lang='grc' dir='ltr'>Ει</span> <span class='ocrx_word' id='word_1_86' title='bbox 696 1360 713 1393; x_wconf 85' lang='grc' dir='ltr'><strong>ι</strong></span> <span class='ocrx_word' id='word_1_87' title='bbox 738 1340 849 1410; x_wconf 85' lang='lat' dir='ltr'><strong>Ego</strong></span> <span class='ocrx_word' id='word_1_88' title='bbox 875 1358 994 1396; x_wconf 92' lang='lat' dir='ltr'><strong>cum</strong></span> <span class='ocrx_word' id='word_1_89' title='bbox 1009 1343 1276 1399; x_wconf 81' lang='lat' dir='ltr'><strong>exaltatus</strong></span> <span class='ocrx_word' id='word_1_90' title='bbox 1300 1343 1450 1401; x_wconf 80' lang='lat' dir='ltr'><strong>fuero</strong></span> <span class='ocrx_word' id='word_1_91' title='bbox 1479 1360 1507 1398; x_wconf 91' lang='lat' dir='ltr'><strong>a</strong></span> <span class='ocrx_word' id='word_1_92' title='bbox 1531 1354 1696 1410; x_wconf 87' lang='lat' dir='ltr'><strong>terra,</strong></span> <span class='ocrx_word' id='word_1_93' title='bbox 1725 1343 1908 1399; x_wconf 85' lang='lat' dir='ltr'><strong>omnia</strong></span> <span class='ocrx_word' id='word_1_94' title='bbox 1950 1346 2163 1399; x_wconf 83' lang='lat' dir='ltr'><strong>traham</strong></span> 
     </span>
    </p>
   </div>
   <div class='ocr_carea' id='block_1_13' title="bbox 592 1432 2168 1507">
    <p class='ocr_par' dir='ltr' id='par_1_13' title="bbox 592 1432 2168 1507">
     <span class='ocr_line' id='line_1_13' title="bbox 592 1432 2168 1507; baseline 0.006 -21"><span class='ocrx_word' id='word_1_95' title='bbox 592 1432 660 1486; x_wconf 88' lang='lat' dir='ltr'><strong>ad</strong></span> <span class='ocrx_word' id='word_1_96' title='bbox 694 1437 953 1501; x_wconf 89' lang='lat' dir='ltr'><strong>meipsum</strong></span> <span class='ocrx_word' id='word_1_97' title='bbox 984 1434 1049 1485; x_wconf 70' lang='grc' dir='ltr'><strong>σθ.</strong></span> <span class='ocrx_word' id='word_1_98' title='bbox 1082 1453 1100 1486; x_wconf 74' lang='grc' dir='ltr'><strong>ι</strong></span> <span class='ocrx_word' id='word_1_99' title='bbox 1142 1433 1250 1489; x_wconf 85' lang='lat' dir='ltr'><strong>Nec</strong></span> <span class='ocrx_word' id='word_1_100' title='bbox 1288 1451 1419 1490; x_wconf 89' lang='lat' dir='ltr'><strong>sane</strong></span> <span class='ocrx_word' id='word_1_101' title='bbox 1471 1437 1716 1493; x_wconf 92' lang='lat' dir='ltr'><strong>volumus</strong></span> <span class='ocrx_word' id='word_1_102' title='bbox 1754 1440 1958 1496; x_wconf 75' lang='lat' dir='ltr'><strong>dixisse</strong></span> <span class='ocrx_word' id='word_1_103' title='bbox 1994 1441 2168 1507; x_wconf 91' lang='lat' dir='ltr'><strong>illum,</strong></span> 
     </span>
    </p>
   </div>
   <div class='ocr_carea' id='block_1_14' title="bbox 592 1524 2168 1599">
    <p class='ocr_par' dir='ltr' id='par_1_14' title="bbox 592 1524 2168 1599">
     <span class='ocr_line' id='line_1_14' title="bbox 592 1524 2168 1599; baseline 0.006 -21"><span class='ocrx_word' id='word_1_104' title='bbox 592 1524 710 1591; x_wconf 88' lang='lat' dir='ltr'><strong>ipso</strong></span> <span class='ocrx_word' id='word_1_105' title='bbox 748 1534 987 1593; x_wconf 90' lang='lat' dir='ltr'><strong>tempore</strong></span> <span class='ocrx_word' id='word_1_106' title='bbox 1020 1526 1287 1581; x_wconf 87' lang='lat' dir='ltr'><strong>adventus</strong></span> <span class='ocrx_word' id='word_1_107' title='bbox 1312 1526 1547 1582; x_wconf 80' lang='lat' dir='ltr'><strong>futurum</strong></span> <span class='ocrx_word' id='word_1_108' title='bbox 1589 1530 1771 1584; x_wconf 91' lang='lat' dir='ltr'><strong>mundi</strong></span> <span class='ocrx_word' id='word_1_109' title='bbox 1824 1531 1984 1599; x_wconf 83' lang='lat' dir='ltr'><strong>hujus</strong></span> <span class='ocrx_word' id='word_1_110' title='bbox 2025 1532 2168 1599; x_wconf 82' lang='lat' dir='ltr'><strong>judi-</strong></span> 
     </span>
    </p>
   </div>
   <div class='ocr_carea' id='block_1_15' title="bbox 592 1613 2171 1685">
    <p class='ocr_par' dir='ltr' id='par_1_15' title="bbox 592 1613 2171 1685">
     <span class='ocr_line' id='line_1_15' title="bbox 592 1613 2171 1685; baseline 0.006 -16"><span class='ocrx_word' id='word_1_111' title='bbox 592 1614 757 1670; x_wconf 91' lang='lat' dir='ltr'><strong>cium.</strong></span> <span class='ocrx_word' id='word_1_112' title='bbox 795 1613 928 1669; x_wconf 84' lang='lat' dir='ltr'><strong>Nam</strong></span> <span class='ocrx_word' id='word_1_113' title='bbox 961 1625 1017 1669; x_wconf 90' lang='lat' dir='ltr'><strong>ut</strong></span> <span class='ocrx_word' id='word_1_114' title='bbox 1072 1617 1297 1685; x_wconf 87' lang='lat' dir='ltr'><strong>ipsemet</strong></span> <span class='ocrx_word' id='word_1_115' title='bbox 1348 1634 1561 1673; x_wconf 89' lang='lat' dir='ltr'><strong>rursum</strong></span> <span class='ocrx_word' id='word_1_116' title='bbox 1628 1619 1730 1674; x_wconf 88' lang='lat' dir='ltr'><strong>ait:</strong></span> <span class='ocrx_word' id='word_1_117' title='bbox 1768 1639 1788 1673; x_wconf 83' lang='grc' dir='ltr'><strong>ι</strong></span> <span class='ocrx_word' id='word_1_118' title='bbox 1847 1621 1965 1677; x_wconf 87' lang='lat' dir='ltr'><strong>Non</strong></span> <span class='ocrx_word' id='word_1_119' title='bbox 2022 1624 2171 1680; x_wconf 87' lang='lat' dir='ltr'><strong>misit</strong></span> 
     </span>
    </p>
   </div>
   <div class='ocr_carea' id='block_1_16' title="bbox 591 1706 2169 1784">
    <p class='ocr_par' dir='ltr' id='par_1_16' title="bbox 591 1706 2169 1784">
     <span class='ocr_line' id='line_1_16' title="bbox 591 1706 2169 1784; baseline 0.004 -22"><span class='ocrx_word' id='word_1_120' title='bbox 591 1707 735 1762; x_wconf 86' lang='lat' dir='ltr'><strong>Dens</strong></span> <span class='ocrx_word' id='word_1_121' title='bbox 766 1706 960 1763; x_wconf 87' lang='lat' dir='ltr'><strong>Filium</strong></span> <span class='ocrx_word' id='word_1_122' title='bbox 990 1724 1143 1764; x_wconf 90' lang='lat' dir='ltr'><strong>suum</strong></span> <span class='ocrx_word' id='word_1_123' title='bbox 1179 1709 1232 1764; x_wconf 89' lang='lat' dir='ltr'><strong>in</strong></span> <span class='ocrx_word' id='word_1_124' title='bbox 1263 1710 1841 1780; x_wconf 76' lang='lat' dir='ltr'><strong>mundum,utjndicet</strong></span> <span class='ocrx_word' id='word_1_125' title='bbox 1880 1716 2169 1784; x_wconf 83' lang='lat' dir='ltr'><strong>mundum,</strong></span> 
     </span>
    </p>
   </div>
   <div class='ocr_carea' id='block_1_17' title="bbox 590 1797 2166 1871">
    <p class='ocr_par' dir='ltr' id='par_1_17' title="bbox 590 1797 2166 1871">
     <span class='ocr_line' id='line_1_17' title="bbox 590 1797 2166 1871; baseline 0.006 -19"><span class='ocrx_word' id='word_1_126' title='bbox 590 1797 685 1852; x_wconf 85' lang='lat' dir='ltr'><strong>sed</strong></span> <span class='ocrx_word' id='word_1_127' title='bbox 714 1807 771 1853; x_wconf 87' lang='lat' dir='ltr'><strong>ut</strong></span> <span class='ocrx_word' id='word_1_128' title='bbox 803 1798 1043 1854; x_wconf 84' lang='lat' dir='ltr'><strong>salvetur</strong></span> <span class='ocrx_word' id='word_1_129' title='bbox 1078 1801 1309 1856; x_wconf 84' lang='lat' dir='ltr'><strong>mundus</strong></span> <span class='ocrx_word' id='word_1_130' title='bbox 1342 1816 1439 1871; x_wconf 91' lang='lat' dir='ltr'><strong>per</strong></span> <span class='ocrx_word' id='word_1_131' title='bbox 1464 1801 1637 1870; x_wconf 91' lang='lat' dir='ltr'><strong>ipsum</strong></span> <span class='ocrx_word' id='word_1_132' title='bbox 1685 1804 1727 1836; x_wconf 83' lang='grc'><strong>⁶¹</strong></span> <span class='ocrx_word' id='word_1_133' title='bbox 1755 1822 1768 1857; x_wconf 88' lang='lat'><strong>:</strong></span> <span class='ocrx_word' id='word_1_134' title='bbox 1809 1823 1829 1858; x_wconf 70' lang='grc' dir='ltr'><strong>ι</strong></span> <span class='ocrx_word' id='word_1_135' title='bbox 1892 1803 2166 1861; x_wconf 65' lang='lat' dir='ltr'><strong>Iudicium</strong></span> 
     </span>
    </p>
   </div>
   <div class='ocr_carea' id='block_1_18' title="bbox 2284 625 3863 715">
    <p class='ocr_par' dir='ltr' id='par_1_18' title="bbox 2284 625 3863 715">
     <span class='ocr_line' id='line_1_18' title="bbox 2284 625 3863 715; baseline 0.013 -39"><span class='ocrx_word' id='word_1_136' title='bbox 2284 625 2394 677; x_wconf 98' lang='lat' dir='ltr'><strong>Kal</strong></span> <span class='ocrx_word' id='word_1_137' title='bbox 2419 626 2583 679; x_wconf 81' lang='grc' dir='ltr'>πάλιν</span> <span class='ocrx_word' id='word_1_138' title='bbox 2608 644 2623 659; x_wconf 85' lang='grc'>·</span> <span class='ocrx_word' id='word_1_139' title='bbox 2659 647 2677 679; x_wconf 87' lang='grc' dir='ltr'><strong>ι</strong></span> <span class='ocrx_word' id='word_1_140' title='bbox 2721 630 2778 682; x_wconf 86' lang='grc'><strong>’0</strong></span> <span class='ocrx_word' id='word_1_141' title='bbox 2806 629 2958 695; x_wconf 83' lang='grc' dir='ltr'><strong>Θεὸς,</strong></span> <span class='ocrx_word' id='word_1_142' title='bbox 2991 634 3050 687; x_wconf 76' lang='grc' dir='ltr'>ὲν</span> <span class='ocrx_word' id='word_1_143' title='bbox 3079 634 3161 705; x_wconf 81' lang='grc' dir='ltr'>τῷ</span> <span class='ocrx_word' id='word_1_144' title='bbox 3182 636 3406 707; x_wconf 86' lang='grc' dir='ltr'>ὀνόματί</span> <span class='ocrx_word' id='word_1_145' title='bbox 3440 655 3536 693; x_wconf 89' lang='grc' dir='ltr'><strong>σου</strong></span> <span class='ocrx_word' id='word_1_146' title='bbox 3566 640 3737 695; x_wconf 85' lang='grc' dir='ltr'>σῶσόν</span> <span class='ocrx_word' id='word_1_147' title='bbox 3771 662 3863 715; x_wconf 87' lang='grc' dir='ltr'><strong>με,</strong></span> 
     </span>
    </p>
   </div>
   <div class='ocr_carea' id='block_1_19' title="bbox 2283 716 3867 800">
    <p class='ocr_par' dir='ltr' id='par_1_19' title="bbox 2283 716 3867 800">
     <span class='ocr_line' id='line_1_19' title="bbox 2283 716 3867 800; baseline 0.014 -32"><span class='ocrx_word' id='word_1_148' title='bbox 2283 716 2377 768; x_wconf 80' lang='grc' dir='ltr'>καὶ</span> <span class='ocrx_word' id='word_1_149' title='bbox 2398 717 2456 768; x_wconf 82' lang='grc' dir='ltr'>ὲν</span> <span class='ocrx_word' id='word_1_150' title='bbox 2481 720 2546 789; x_wconf 78' lang='grc' dir='ltr'>τῇ</span> <span class='ocrx_word' id='word_1_151' title='bbox 2571 718 2797 789; x_wconf 83' lang='grc' dir='ltr'><strong>δυνάμει</strong></span> <span class='ocrx_word' id='word_1_152' title='bbox 2828 738 2922 775; x_wconf 90' lang='grc' dir='ltr'><strong>σου</strong></span> <span class='ocrx_word' id='word_1_153' title='bbox 2954 724 3137 795; x_wconf 79' lang='grc' dir='ltr'>κρῖνον</span> <span class='ocrx_word' id='word_1_154' title='bbox 3168 743 3259 797; x_wconf 85' lang='grc' dir='ltr'><strong>με.</strong></span> <span class='ocrx_word' id='word_1_155' title='bbox 3300 745 3319 781; x_wconf 75' lang='grc' dir='ltr'><strong>ι</strong></span> <span class='ocrx_word' id='word_1_156' title='bbox 3354 730 3577 800; x_wconf 83' lang='grc' dir='ltr'>Ἔκρινε</span> <span class='ocrx_word' id='word_1_157' title='bbox 3600 732 3777 788; x_wconf 81' lang='grc' dir='ltr'>τοίνυν</span> <span class='ocrx_word' id='word_1_158' title='bbox 3806 738 3867 792; x_wconf 67' lang='grc' dir='ltr'>ἐν</span> 
     </span>
    </p>
   </div>
   <div class='ocr_carea' id='block_1_20' title="bbox 2280 807 3861 895">
    <p class='ocr_par' dir='ltr' id='par_1_20' title="bbox 2280 807 3861 895">
     <span class='ocr_line' id='line_1_20' title="bbox 2280 807 3861 895; baseline 0.013 -34"><span class='ocrx_word' id='word_1_159' title='bbox 2280 807 2597 882; x_wconf 78' lang='grc' dir='ltr'>δικαιοσύνῃ</span> <span class='ocrx_word' id='word_1_160' title='bbox 2619 814 2646 865; x_wconf 85' lang='grc' dir='ltr'><strong>ὁ</strong></span> <span class='ocrx_word' id='word_1_161' title='bbox 2665 812 2823 877; x_wconf 83' lang='grc' dir='ltr'>Θεὸς,</span> <span class='ocrx_word' id='word_1_162' title='bbox 2847 815 2939 867; x_wconf 72' lang='grc' dir='ltr'><strong>καὶ</strong></span> <span class='ocrx_word' id='word_1_163' title='bbox 2960 816 3166 871; x_wconf 80' lang='grc' dir='ltr'>σέσωκε</span> <span class='ocrx_word' id='word_1_164' title='bbox 3192 820 3291 889; x_wconf 78' lang='grc' dir='ltr'>μὲν</span> <span class='ocrx_word' id='word_1_165' title='bbox 3319 822 3446 886; x_wconf 85' lang='grc' dir='ltr'>τοὺς</span> <span class='ocrx_word' id='word_1_166' title='bbox 3464 824 3626 893; x_wconf 81' lang='grc' dir='ltr'>ὴδικη</span> <span class='ocrx_word' id='word_1_167' title='bbox 3635 826 3861 895; x_wconf 84' lang='grc' dir='ltr'>μένους’</span> 
     </span>
    </p>
   </div>
   <div class='ocr_carea' id='block_1_21' title="bbox 2279 898 3861 983">
    <p class='ocr_par' dir='ltr' id='par_1_21' title="bbox 2279 898 3861 983">
     <span class='ocr_line' id='line_1_21' title="bbox 2279 898 3861 983; baseline 0.013 -32"><span class='ocrx_word' id='word_1_168' title='bbox 2279 898 2371 952; x_wconf 81' lang='grc' dir='ltr'>τὸν</span> <span class='ocrx_word' id='word_1_169' title='bbox 2403 900 2461 953; x_wconf 83' lang='grc' dir='ltr'>δὲ</span> <span class='ocrx_word' id='word_1_170' title='bbox 2497 904 2777 972; x_wconf 78' lang='grc' dir='ltr'>μιαιφόνον</span> <span class='ocrx_word' id='word_1_171' title='bbox 2809 906 2900 959; x_wconf 77' lang='grc' dir='ltr'><strong>καὶ</strong></span> <span class='ocrx_word' id='word_1_172' title='bbox 2934 907 3218 979; x_wconf 80' lang='grc' dir='ltr'>ἀλιτήριον</span> <span class='ocrx_word' id='word_1_173' title='bbox 3253 911 3567 982; x_wconf 80' lang='grc' dir='ltr'>ἀπεσόϐησε</span> <span class='ocrx_word' id='word_1_174' title='bbox 3596 917 3861 983; x_wconf 77' lang='grc' dir='ltr'>Σατανᾶν,</span> 
     </span>
    </p>
   </div>
   <div class='ocr_carea' id='block_1_22' title="bbox 2280 990 3864 1081">
    <p class='ocr_par' dir='ltr' id='par_1_22' title="bbox 2280 990 3864 1081">
     <span class='ocr_line' id='line_1_22' title="bbox 2280 990 3864 1081; baseline 0.013 -39"><span class='ocrx_word' id='word_1_175' title='bbox 2280 990 2518 1081; x_wconf 75' lang='grc' dir='ltr'>καὶτῆς</span> <span class='ocrx_word' id='word_1_176' title='bbox 2573 993 2692 1046; x_wconf 89' lang='grc' dir='ltr'>καθ’</span> <span class='ocrx_word' id='word_1_177' title='bbox 2722 996 2878 1066; x_wconf 83' lang='grc' dir='ltr'>ήμῶν</span> <span class='ocrx_word' id='word_1_178' title='bbox 2931 999 3223 1054; x_wconf 76' lang='grc' dir='ltr'>ἀπεώσατο</span> <span class='ocrx_word' id='word_1_179' title='bbox 3256 1002 3570 1071; x_wconf 79' lang='grc' dir='ltr'>πλεονεξίας</span> <span class='ocrx_word' id='word_1_180' title='bbox 3594 1046 3608 1070; x_wconf 90' lang='grc'><strong>,</strong></span> <span class='ocrx_word' id='word_1_181' title='bbox 3641 1009 3734 1061; x_wconf 71' lang='grc' dir='ltr'>καὶ</span> <span class='ocrx_word' id='word_1_182' title='bbox 3764 1011 3864 1081; x_wconf 74' lang='grc' dir='ltr'>τὴν</span> 
     </span>
    </p>
   </div>
   <div class='ocr_carea' id='block_1_23' title="bbox 2278 1080 3864 1167">
    <p class='ocr_par' dir='ltr' id='par_1_23' title="bbox 2278 1080 3864 1167">
     <span class='ocr_line' id='line_1_23' title="bbox 2278 1080 3864 1167; baseline 0.012 -32"><span class='ocrx_word' id='word_1_183' title='bbox 2278 1080 2511 1144; x_wconf 78' lang='grc' dir='ltr'>ἀλαζόνα</span> <span class='ocrx_word' id='word_1_184' title='bbox 2548 1083 2654 1137; x_wconf 85' lang='grc' dir='ltr'><strong>τῶν</strong></span> <span class='ocrx_word' id='word_1_185' title='bbox 2690 1086 2981 1157; x_wconf 81' lang='grc' dir='ltr'>δαιμονίων</span> <span class='ocrx_word' id='word_1_186' title='bbox 3028 1090 3278 1146; x_wconf 78' lang='grc' dir='ltr'>καθεῖλεν</span> <span class='ocrx_word' id='word_1_187' title='bbox 3322 1094 3515 1167; x_wconf 87' lang='grc' dir='ltr'>ἀρχήν.</span> <span class='ocrx_word' id='word_1_188' title='bbox 3563 1099 3675 1152; x_wconf 88' lang='lat' dir='ltr'><strong>Kal</strong></span> <span class='ocrx_word' id='word_1_189' title='bbox 3703 1080 3864 1155; x_wconf 83' lang='grc' dir='ltr'>τοῦτο</span> 
     </span>
    </p>
   </div>
   <div class='ocr_carea' id='block_1_24' title="bbox 2278 1174 3861 1261">
    <p class='ocr_par' dir='ltr' id='par_1_24' title="bbox 2278 1174 3861 1261">
     <span class='ocr_line' id='line_1_24' title="bbox 2278 1174 3861 1261; baseline 0.014 -36"><span class='ocrx_word' id='word_1_190' title='bbox 2278 1174 2410 1243; x_wconf 82' lang='grc' dir='ltr'>ἡμῖν</span> <span class='ocrx_word' id='word_1_191' title='bbox 2436 1174 2498 1228; x_wconf 86' lang='grc' dir='ltr'>τὸ</span> <span class='ocrx_word' id='word_1_192' title='bbox 2535 1178 2833 1250; x_wconf 86' lang='grc' dir='ltr'>μυστήριον</span> <span class='ocrx_word' id='word_1_193' title='bbox 2861 1181 3024 1245; x_wconf 81' lang='grc' dir='ltr'>αὐτὸς</span> <span class='ocrx_word' id='word_1_194' title='bbox 3043 1183 3110 1237; x_wconf 86' lang='grc' dir='ltr'><strong>δι’</strong></span> <span class='ocrx_word' id='word_1_195' title='bbox 3139 1186 3336 1242; x_wconf 78' lang='grc' dir='ltr'>ἑαυτοῦ</span> <span class='ocrx_word' id='word_1_196' title='bbox 3366 1187 3637 1260; x_wconf 85' lang='grc' dir='ltr'>διεσαφεῖ,</span> <span class='ocrx_word' id='word_1_197' title='bbox 3664 1191 3861 1261; x_wconf 83' lang='grc' dir='ltr'>λέγων,</span> 
     </span>
    </p>
   </div>
   <div class='ocr_carea' id='block_1_25' title="bbox 2286 1265 3863 1354">
    <p class='ocr_par' dir='ltr' id='par_1_25' title="bbox 2286 1265 3863 1354">
     <span class='ocr_line' id='line_1_25' title="bbox 2286 1265 3863 1354; baseline 0.013 -36"><span class='ocrx_word' id='word_1_198' title='bbox 2286 1265 2378 1319; x_wconf 83' lang='grc' dir='ltr'>ὅτε</span> <span class='ocrx_word' id='word_1_199' title='bbox 2404 1266 2496 1320; x_wconf 77' lang='grc' dir='ltr'>τὸν</span> <span class='ocrx_word' id='word_1_200' title='bbox 2520 1268 2662 1340; x_wconf 78' lang='grc' dir='ltr'>ὑπὲρ</span> <span class='ocrx_word' id='word_1_201' title='bbox 2695 1270 2798 1339; x_wconf 87' lang='grc' dir='ltr'><strong>τῆς</strong></span> <span class='ocrx_word' id='word_1_202' title='bbox 2838 1273 3095 1329; x_wconf 83' lang='grc' dir='ltr'>ἁπάντων</span> <span class='ocrx_word' id='word_1_203' title='bbox 3144 1276 3289 1349; x_wconf 82' lang='grc' dir='ltr'>ζωῆς</span> <span class='ocrx_word' id='word_1_204' title='bbox 3321 1278 3546 1350; x_wconf 77' lang='grc' dir='ltr'>ἔμελλεν</span> <span class='ocrx_word' id='word_1_205' title='bbox 3570 1284 3863 1354; x_wconf 81' lang='grc' dir='ltr'>ἀνατλῆναι</span> 
     </span>
    </p>
   </div>
   <div class='ocr_carea' id='block_1_26' title="bbox 2278 1358 3863 1448">
    <p class='ocr_par' dir='ltr' id='par_1_26' title="bbox 2278 1358 3863 1448">
     <span class='ocr_line' id='line_1_26' title="bbox 2278 1358 3863 1448; baseline 0.013 -37"><span class='ocrx_word' id='word_1_206' title='bbox 2278 1358 2510 1429; x_wconf 87' lang='grc' dir='ltr'>σταυρόν</span> <span class='ocrx_word' id='word_1_207' title='bbox 2531 1376 2544 1390; x_wconf 87' lang='grc'><strong>·</strong></span> <span class='ocrx_word' id='word_1_208' title='bbox 2581 1360 2725 1415; x_wconf 74' lang='grc' dir='ltr'>(Νῦν</span> <span class='ocrx_word' id='word_1_209' title='bbox 2743 1363 2925 1434; x_wconf 88' lang='grc' dir='ltr'>κρίσις</span> <span class='ocrx_word' id='word_1_210' title='bbox 2946 1368 3064 1420; x_wconf 70' lang='grc' dir='ltr'>ἐστὶ</span> <span class='ocrx_word' id='word_1_211' title='bbox 3080 1367 3181 1421; x_wconf 90' lang='grc' dir='ltr'><strong>τοῦ</strong></span> <span class='ocrx_word' id='word_1_212' title='bbox 3198 1370 3403 1442; x_wconf 85' lang='grc' dir='ltr'>κόσμου</span> <span class='ocrx_word' id='word_1_213' title='bbox 3426 1372 3638 1439; x_wconf 89' lang='grc' dir='ltr'>τούτου,</span> <span class='ocrx_word' id='word_1_214' title='bbox 3655 1378 3749 1429; x_wconf 72' lang='grc' dir='ltr'>καὶ</span> <span class='ocrx_word' id='word_1_215' title='bbox 3764 1377 3863 1448; x_wconf 77' lang='grc' dir='ltr'>ἀρ-</span> 
     </span>
    </p>
   </div>
   <div class='ocr_carea' id='block_1_27' title="bbox 2276 1450 3861 1535">
    <p class='ocr_par' dir='ltr' id='par_1_27' title="bbox 2276 1450 3861 1535">
     <span class='ocr_line' id='line_1_27' title="bbox 2276 1450 3861 1535; baseline 0.013 -33"><span class='ocrx_word' id='word_1_216' title='bbox 2276 1466 2386 1519; x_wconf 86' lang='grc' dir='ltr'>χων</span> <span class='ocrx_word' id='word_1_217' title='bbox 2410 1450 2506 1504; x_wconf 87' lang='grc' dir='ltr'><strong>τοῦ</strong></span> <span class='ocrx_word' id='word_1_218' title='bbox 2537 1453 2743 1523; x_wconf 85' lang='grc' dir='ltr'>κόσμου</span> <span class='ocrx_word' id='word_1_219' title='bbox 2758 1454 2948 1509; x_wconf 88' lang='grc' dir='ltr'>τούτου</span> <span class='ocrx_word' id='word_1_220' title='bbox 2966 1458 3205 1530; x_wconf 77' lang='grc' dir='ltr'>ὲκόληθή</span> <span class='ocrx_word' id='word_1_221' title='bbox 3218 1478 3369 1516; x_wconf 85' lang='grc' dir='ltr'>σεται</span> <span class='ocrx_word' id='word_1_222' title='bbox 3401 1463 3523 1531; x_wconf 75' lang='grc' dir='ltr'>ἔξω.</span> <span class='ocrx_word' id='word_1_223' title='bbox 3542 1484 3561 1517; x_wconf 71' lang='grc' dir='ltr'><strong>ι</strong></span> <span class='ocrx_word' id='word_1_224' title='bbox 3582 1467 3861 1535; x_wconf 83' lang='grc' dir='ltr'>-ιΚάγὼ</span> 
     </span>
    </p>
   </div>
   <div class='ocr_carea' id='block_1_28' title="bbox 2278 1542 3860 1630">
    <p class='ocr_par' dir='ltr' id='par_1_28' title="bbox 2278 1542 3860 1630">
     <span class='ocr_line' id='line_1_28' title="bbox 2278 1542 3860 1630; baseline 0.013 -36"><span class='ocrx_word' id='word_1_225' title='bbox 2278 1542 2373 1595; x_wconf 75' lang='grc' dir='ltr'><strong>ἐὰν</strong></span> <span class='ocrx_word' id='word_1_226' title='bbox 2406 1543 2602 1613; x_wconf 69' lang='grc' dir='ltr'>ὑψωθῶ</span> <span class='ocrx_word' id='word_1_227' title='bbox 2636 1548 2700 1600; x_wconf 82' lang='grc' dir='ltr'>ὲκ</span> <span class='ocrx_word' id='word_1_228' title='bbox 2733 1548 2832 1618; x_wconf 89' lang='grc' dir='ltr'><strong>τῆς</strong></span> <span class='ocrx_word' id='word_1_229' title='bbox 2865 1550 2987 1619; x_wconf 74' lang='grc' dir='ltr'>γῆς,</span> <span class='ocrx_word' id='word_1_230' title='bbox 3023 1552 3205 1606; x_wconf 84' lang='grc' dir='ltr'>πάντα</span> <span class='ocrx_word' id='word_1_231' title='bbox 3251 1554 3465 1609; x_wconf 77' lang='grc' dir='ltr'><strong>ἑλκύσω</strong></span> <span class='ocrx_word' id='word_1_232' title='bbox 3504 1559 3642 1629; x_wconf 80' lang='grc' dir='ltr'>πρὸς</span> <span class='ocrx_word' id='word_1_233' title='bbox 3682 1562 3860 1630; x_wconf 77' lang='grc' dir='ltr'>ἐμαυ-</span> 
     </span>
    </p>
   </div>
   <div class='ocr_carea' id='block_1_29' title="bbox 2275 1632 3859 1720">
    <p class='ocr_par' dir='ltr' id='par_1_29' title="bbox 2275 1632 3859 1720">
     <span class='ocr_line' id='line_1_29' title="bbox 2275 1632 3859 1720; baseline 0.011 -35"><span class='ocrx_word' id='word_1_234' title='bbox 2275 1632 2385 1686; x_wconf 91' lang='grc' dir='ltr'>τόν.</span> <span class='ocrx_word' id='word_1_235' title='bbox 2403 1635 2541 1688; x_wconf 73' lang='grc' dir='ltr'><strong>»Καὶ</strong></span> <span class='ocrx_word' id='word_1_236' title='bbox 2572 1636 2633 1689; x_wconf 87' lang='grc' dir='ltr'><strong>ού</strong></span> <span class='ocrx_word' id='word_1_237' title='bbox 2657 1637 2830 1709; x_wconf 85' lang='grc' dir='ltr'>δήπου</span> <span class='ocrx_word' id='word_1_238' title='bbox 2859 1640 3057 1709; x_wconf 85' lang='grc' dir='ltr'>φαμὲν,</span> <span class='ocrx_word' id='word_1_239' title='bbox 3077 1642 3161 1695; x_wconf 79' lang='grc' dir='ltr'>ὅτι</span> <span class='ocrx_word' id='word_1_240' title='bbox 3190 1643 3373 1715; x_wconf 78' lang='grc' dir='ltr'>κρίσιν</span> <span class='ocrx_word' id='word_1_241' title='bbox 3392 1645 3495 1715; x_wconf 81' lang='grc' dir='ltr'>ἔφη</span> <span class='ocrx_word' id='word_1_242' title='bbox 3524 1648 3618 1701; x_wconf 90' lang='grc' dir='ltr'><strong>τοῦ</strong></span> <span class='ocrx_word' id='word_1_243' title='bbox 3651 1649 3859 1720; x_wconf 84' lang='grc' dir='ltr'>κόσμου</span> 
     </span>
    </p>
   </div>
   <div class='ocr_carea' id='block_1_30' title="bbox 2274 1725 3860 1807">
    <p class='ocr_par' dir='ltr' id='par_1_30' title="bbox 2274 1725 3860 1807">
     <span class='ocr_line' id='line_1_30' title="bbox 2274 1725 3860 1807; baseline 0.01 -32"><span class='ocrx_word' id='word_1_244' title='bbox 2274 1725 2469 1777; x_wconf 82' lang='grc' dir='ltr'>τούτου</span> <span class='ocrx_word' id='word_1_245' title='bbox 2484 1726 2810 1795; x_wconf 80' lang='grc' dir='ltr'>γενήσεσθαι</span> <span class='ocrx_word' id='word_1_246' title='bbox 2828 1730 2959 1800; x_wconf 77' lang='grc' dir='ltr'>παρ’</span> <span class='ocrx_word' id='word_1_247' title='bbox 2982 1729 3146 1784; x_wconf 84' lang='grc' dir='ltr'>αὐτοῦ</span> <span class='ocrx_word' id='word_1_248' title='bbox 3164 1733 3309 1786; x_wconf 79' lang='grc' dir='ltr'>κατὰ</span> <span class='ocrx_word' id='word_1_249' title='bbox 3326 1734 3417 1787; x_wconf 76' lang='grc' dir='ltr'><strong>τὸν</strong></span> <span class='ocrx_word' id='word_1_250' title='bbox 3434 1735 3539 1805; x_wconf 83' lang='grc' dir='ltr'><strong>τῆς</strong></span> <span class='ocrx_word' id='word_1_251' title='bbox 3568 1736 3723 1807; x_wconf 86' lang='grc' dir='ltr'>ὲπιδη</span> <span class='ocrx_word' id='word_1_252' title='bbox 3732 1738 3860 1807; x_wconf 88' lang='grc' dir='ltr'>μίας</span> 
     </span>
    </p>
   </div>
   <div class='ocr_carea' id='block_1_31' title="bbox 2275 1811 3860 1887">
    <p class='ocr_par' dir='ltr' id='par_1_31' title="bbox 2275 1811 3860 1887">
     <span class='ocr_line' id='line_1_31' title="bbox 2275 1811 3860 1887; baseline 0.011 -25"><span class='ocrx_word' id='word_1_253' title='bbox 2275 1811 2486 1880; x_wconf 81' lang='grc' dir='ltr'>καιρόν.</span> <span class='ocrx_word' id='word_1_254' title='bbox 2529 1812 2617 1875; x_wconf 84' lang='grc' dir='ltr'>Ὦς</span> <span class='ocrx_word' id='word_1_255' title='bbox 2644 1814 2753 1885; x_wconf 90' lang='grc' dir='ltr'><strong>γάρ</strong></span> <span class='ocrx_word' id='word_1_256' title='bbox 2781 1815 2947 1879; x_wconf 79' lang='grc' dir='ltr'>αὐτὸς</span> <span class='ocrx_word' id='word_1_257' title='bbox 2974 1817 3076 1887; x_wconf 72' lang='grc' dir='ltr'>ἔφη</span> <span class='ocrx_word' id='word_1_258' title='bbox 3111 1820 3296 1886; x_wconf 82' lang='grc' dir='ltr'>πάλιν,</span> <span class='ocrx_word' id='word_1_259' title='bbox 3335 1842 3354 1874; x_wconf 83' lang='grc' dir='ltr'><strong>ι</strong></span> <span class='ocrx_word' id='word_1_260' title='bbox 3394 1825 3508 1877; x_wconf 78' lang='grc' dir='ltr'>Οὐκ</span> <span class='ocrx_word' id='word_1_261' title='bbox 3538 1825 3860 1880; x_wconf 84' lang='grc' dir='ltr'>ἀπέστειλεν</span> 
     </span>
    </p>
   </div>
   <div class='ocr_carea' id='block_1_32' title="bbox 590 1890 2163 1985">
    <p class='ocr_par' dir='ltr' id='par_1_32' title="bbox 590 1890 2163 1965">
     <span class='ocr_line' id='line_1_32' title="bbox 590 1890 2163 1965; baseline 0.006 -23"><span class='ocrx_word' id='word_1_262' title='bbox 590 1897 767 1943; x_wconf 88' lang='lat' dir='ltr'><strong>autem</strong></span> <span class='ocrx_word' id='word_1_263' title='bbox 796 1905 918 1945; x_wconf 84' lang='lat' dir='ltr'><strong>esse</strong></span> <span class='ocrx_word' id='word_1_264' title='bbox 948 1890 1077 1946; x_wconf 87' lang='lat' dir='ltr'><strong>dicit</strong></span> <span class='ocrx_word' id='word_1_265' title='bbox 1105 1903 1305 1948; x_wconf 85' lang='lat' dir='ltr'><strong>rectam</strong></span> <span class='ocrx_word' id='word_1_266' title='bbox 1346 1903 1401 1948; x_wconf 88' lang='lat' dir='ltr'><strong>et</strong></span> <span class='ocrx_word' id='word_1_267' title='bbox 1435 1894 1759 1965; x_wconf 77' lang='lat' dir='ltr'><strong>inculpatum</strong></span> <span class='ocrx_word' id='word_1_268' title='bbox 1787 1897 1928 1951; x_wconf 88' lang='lat' dir='ltr'><strong>velut</strong></span> <span class='ocrx_word' id='word_1_269' title='bbox 1971 1897 2163 1963; x_wconf 83' lang='lat' dir='ltr'><strong>dijudi-</strong></span> 
     </span>
    </p>
   </div>
   <div class='ocr_carea' id='block_1_33' title="bbox 2269 1890 3855 1985">
    <p class='ocr_par' dir='ltr' id='par_1_33' title="bbox 2270 1900 3855 1985">
     <span class='ocr_line' id='line_1_33' title="bbox 2270 1900 3855 1985; baseline 0.011 -33"><span class='ocrx_word' id='word_1_270' title='bbox 2270 1900 2301 1951; x_wconf 79' lang='grc' dir='ltr'>ὁ</span> <span class='ocrx_word' id='word_1_271' title='bbox 2329 1901 2462 1964; x_wconf 84' lang='grc' dir='ltr'>Θεὸς</span> <span class='ocrx_word' id='word_1_272' title='bbox 2490 1902 2582 1956; x_wconf 78' lang='grc' dir='ltr'>τὸν</span> <span class='ocrx_word' id='word_1_273' title='bbox 2608 1903 2736 1957; x_wconf 58' lang='lat' dir='ltr'><strong>re»</strong></span> <span class='ocrx_word' id='word_1_274' title='bbox 2757 1906 2838 1970; x_wconf 80' lang='grc' dir='ltr'>εἰς</span> <span class='ocrx_word' id='word_1_275' title='bbox 2852 1905 2950 1959; x_wconf 83' lang='grc' dir='ltr'>τὸν</span> <span class='ocrx_word' id='word_1_276' title='bbox 2970 1909 3194 1979; x_wconf 84' lang='grc' dir='ltr'>κόσμον,</span> <span class='ocrx_word' id='word_1_277' title='bbox 3215 1911 3301 1964; x_wconf 80' lang='grc' dir='ltr'><strong>ἵνα</strong></span> <span class='ocrx_word' id='word_1_278' title='bbox 3326 1914 3485 1983; x_wconf 80' lang='grc' dir='ltr'>κρίνῃ</span> <span class='ocrx_word' id='word_1_279' title='bbox 3514 1914 3605 1969; x_wconf 76' lang='grc' dir='ltr'>τὸν</span> <span class='ocrx_word' id='word_1_280' title='bbox 3632 1917 3855 1985; x_wconf 85' lang='grc' dir='ltr'>κόσμον,</span> 
     </span>
    </p>
   </div>
   <div class='ocr_carea' id='block_1_34' title="bbox 588 1982 2169 2057">
    <p class='ocr_par' dir='ltr' id='par_1_34' title="bbox 588 1982 2169 2057">
     <span class='ocr_line' id='line_1_34' title="bbox 588 1982 2169 2057; baseline 0.006 -20"><span class='ocrx_word' id='word_1_281' title='bbox 588 1982 855 2038; x_wconf 76' lang='lat' dir='ltr'><strong>cntionem</strong></span> <span class='ocrx_word' id='word_1_282' title='bbox 886 1984 1129 2052; x_wconf 84' lang='lat' dir='ltr'><strong>:jnstum</strong></span> <span class='ocrx_word' id='word_1_283' title='bbox 1165 1986 1307 2041; x_wconf 88' lang='lat' dir='ltr'><strong>enim</strong></span> <span class='ocrx_word' id='word_1_284' title='bbox 1360 1987 1536 2053; x_wconf 88' lang='lat' dir='ltr'><strong>nobis,</strong></span> <span class='ocrx_word' id='word_1_285' title='bbox 1570 1998 1626 2043; x_wconf 89' lang='lat' dir='ltr'><strong>et</strong></span> <span class='ocrx_word' id='word_1_286' title='bbox 1659 1988 1731 2043; x_wconf 92' lang='lat' dir='ltr'><strong>illi</strong></span> <span class='ocrx_word' id='word_1_287' title='bbox 1775 1989 1864 2057; x_wconf 79' lang='lat' dir='ltr'><strong>jus</strong></span> <span class='ocrx_word' id='word_1_288' title='bbox 1898 1991 2055 2046; x_wconf 79' lang='lat' dir='ltr'><strong>dixit.</strong></span> <span class='ocrx_word' id='word_1_289' title='bbox 2101 1991 2169 2047; x_wconf 83' lang='lat' dir='ltr'><strong>Et</strong></span> 
     </span>
    </p>
   </div>
   <div class='ocr_carea' id='block_1_35' title="bbox 589 2074 2165 2145">
    <p class='ocr_par' dir='ltr' id='par_1_35' title="bbox 589 2074 2165 2145">
     <span class='ocr_line' id='line_1_35' title="bbox 589 2074 2165 2145; baseline 0.005 -15"><span class='ocrx_word' id='word_1_290' title='bbox 589 2074 818 2130; x_wconf 85' lang='lat' dir='ltr'><strong>salvavit</strong></span> <span class='ocrx_word' id='word_1_291' title='bbox 849 2077 1063 2145; x_wconf 86' lang='lat' dir='ltr'><strong>quidem</strong></span> <span class='ocrx_word' id='word_1_292' title='bbox 1102 2093 1200 2132; x_wconf 90' lang='lat' dir='ltr'><strong>nos</strong></span> <span class='ocrx_word' id='word_1_293' title='bbox 1233 2078 1299 2132; x_wconf 89' lang='lat' dir='ltr'><strong>ad</strong></span> <span class='ocrx_word' id='word_1_294' title='bbox 1326 2092 1387 2133; x_wconf 90' lang='lat' dir='ltr'><strong>se</strong></span> <span class='ocrx_word' id='word_1_295' title='bbox 1418 2088 1648 2145; x_wconf 86' lang='lat' dir='ltr'><strong>tractos,</strong></span> <span class='ocrx_word' id='word_1_296' title='bbox 1680 2090 1737 2135; x_wconf 89' lang='lat' dir='ltr'><strong>et</strong></span> <span class='ocrx_word' id='word_1_297' title='bbox 1764 2082 1932 2135; x_wconf 90' lang='lat' dir='ltr'><strong>nostri</strong></span> <span class='ocrx_word' id='word_1_298' title='bbox 1992 2083 2165 2138; x_wconf 87' lang='lat' dir='ltr'><strong>domi-</strong></span> 
     </span>
    </p>
   </div>
   <div class='ocr_carea' id='block_1_36' title="bbox 587 2162 2165 2244">
    <p class='ocr_par' dir='ltr' id='par_1_36' title="bbox 587 2162 2165 2244">
     <span class='ocr_line' id='line_1_36' title="bbox 587 2162 2165 2244; baseline 0.006 -23"><span class='ocrx_word' id='word_1_299' title='bbox 587 2176 830 2233; x_wconf 88' lang='lat' dir='ltr'><strong>nantem,</strong></span> <span class='ocrx_word' id='word_1_300' title='bbox 868 2184 929 2223; x_wconf 87' lang='lat' dir='ltr'><strong>ae</strong></span> <span class='ocrx_word' id='word_1_301' title='bbox 984 2169 1315 2224; x_wconf 87' lang='lat' dir='ltr'><strong>multimodis</strong></span> <span class='ocrx_word' id='word_1_302' title='bbox 1359 2186 1457 2226; x_wconf 87' lang='lat' dir='ltr'><strong>nos</strong></span> <span class='ocrx_word' id='word_1_303' title='bbox 1512 2162 1822 2242; x_wconf 78' lang='lat' dir='ltr'><strong>perdentem</strong></span> <span class='ocrx_word' id='word_1_304' title='bbox 1874 2174 2165 2244; x_wconf 84' lang='lat' dir='ltr'><strong>tyrannide</strong></span> 
     </span>
    </p>
   </div>
   <div class='ocr_carea' id='block_1_37' title="bbox 587 2257 2159 2331">
    <p class='ocr_par' dir='ltr' id='par_1_37' title="bbox 587 2257 2159 2331">
     <span class='ocr_line' id='line_1_37' title="bbox 587 2257 2159 2331; baseline 0.005 -21"><span class='ocrx_word' id='word_1_305' title='bbox 587 2257 766 2325; x_wconf 87' lang='lat' dir='ltr'><strong>ejecit.</strong></span> <span class='ocrx_word' id='word_1_306' title='bbox 803 2259 1002 2313; x_wconf 86' lang='lat' dir='ltr'><strong>Salvati</strong></span> <span class='ocrx_word' id='word_1_307' title='bbox 1038 2276 1227 2315; x_wconf 89' lang='lat' dir='ltr'><strong>sumus</strong></span> <span class='ocrx_word' id='word_1_308' title='bbox 1279 2262 1440 2331; x_wconf 81' lang='lat' dir='ltr'><strong>igitur</strong></span> <span class='ocrx_word' id='word_1_309' title='bbox 1500 2263 1798 2317; x_wconf 89' lang='lat' dir='ltr'><strong>miserante</strong></span> <span class='ocrx_word' id='word_1_310' title='bbox 1850 2280 1947 2320; x_wconf 90' lang='lat' dir='ltr'><strong>nos</strong></span> <span class='ocrx_word' id='word_1_311' title='bbox 2028 2264 2159 2318; x_wconf 85' lang='lat' dir='ltr'><strong>Deo.</strong></span> 
     </span>
    </p>
   </div>
   <div class='ocr_carea' id='block_1_38' title="bbox 591 2349 2164 2426">
    <p class='ocr_par' dir='ltr' id='par_1_38' title="bbox 591 2349 2164 2426">
     <span class='ocr_line' id='line_1_38' title="bbox 591 2349 2164 2426; baseline 0.006 -24"><span class='ocrx_word' id='word_1_312' title='bbox 591 2368 612 2402; x_wconf 79' lang='grc' dir='ltr'><strong>ι</strong></span> <span class='ocrx_word' id='word_1_313' title='bbox 642 2349 927 2408; x_wconf 73' lang='lat' dir='ltr'><strong>Juslilicati</strong></span> <span class='ocrx_word' id='word_1_314' title='bbox 966 2354 1109 2407; x_wconf 87' lang='lat' dir='ltr'><strong>enim</strong></span> <span class='ocrx_word' id='word_1_315' title='bbox 1137 2368 1345 2418; x_wconf 87' lang='lat' dir='ltr'><strong>sumus,</strong></span> <span class='ocrx_word' id='word_1_316' title='bbox 1398 2369 1503 2408; x_wconf 91' lang='lat' dir='ltr'><strong>non</strong></span> <span class='ocrx_word' id='word_1_317' title='bbox 1532 2369 1600 2409; x_wconf 78' lang='lat' dir='ltr'><strong>ex</strong></span> <span class='ocrx_word' id='word_1_318' title='bbox 1643 2355 1901 2425; x_wconf 86' lang='lat' dir='ltr'><strong>operibus</strong></span> <span class='ocrx_word' id='word_1_319' title='bbox 1938 2355 2164 2426; x_wconf 67' lang='lat' dir='ltr'><strong>iustitiae</strong></span> 
     </span>
    </p>
   </div>
   <div class='ocr_carea' id='block_1_39' title="bbox 586 2443 2164 2515">
    <p class='ocr_par' dir='ltr' id='par_1_39' title="bbox 586 2443 2164 2515">
     <span class='ocr_line' id='line_1_39' title="bbox 586 2443 2164 2515; baseline 0.004 -21"><span class='ocrx_word' id='word_1_320' title='bbox 586 2459 707 2513; x_wconf 79' lang='lat' dir='ltr'><strong>quae</strong></span> <span class='ocrx_word' id='word_1_321' title='bbox 753 2443 978 2498; x_wconf 81' lang='lat' dir='ltr'><strong>fecimus</strong></span> <span class='ocrx_word' id='word_1_322' title='bbox 1009 2459 1127 2507; x_wconf 87' lang='lat' dir='ltr'><strong>nos,</strong></span> <span class='ocrx_word' id='word_1_323' title='bbox 1158 2445 1252 2500; x_wconf 88' lang='lat' dir='ltr'><strong>sed</strong></span> <span class='ocrx_word' id='word_1_324' title='bbox 1285 2445 1582 2499; x_wconf 85' lang='lat' dir='ltr'><strong>secundum</strong></span> <span class='ocrx_word' id='word_1_325' title='bbox 1630 2461 1899 2515; x_wconf 44' lang='lat' dir='ltr'><strong>magnam‘</strong></span> <span class='ocrx_word' id='word_1_326' title='bbox 1951 2448 2164 2503; x_wconf 82' lang='lat' dir='ltr'><strong>miseri-</strong></span> 
     </span>
    </p>
   </div>
   <div class='ocr_carea' id='block_1_40' title="bbox 584 2533 2160 2603">
    <p class='ocr_par' dir='ltr' id='par_1_40' title="bbox 584 2533 2160 2603">
     <span class='ocr_line' id='line_1_40' title="bbox 584 2533 2160 2603; baseline 0.003 -15"><span class='ocrx_word' id='word_1_327' title='bbox 584 2533 828 2588; x_wconf 82' lang='lat' dir='ltr'><strong>cordiam</strong></span> <span class='ocrx_word' id='word_1_328' title='bbox 881 2533 1051 2603; x_wconf 82' lang='lat' dir='ltr'><strong>ipsius</strong></span> <span class='ocrx_word' id='word_1_329' title='bbox 1080 2536 1147 2600; x_wconf 80' lang='lat'><strong>“,</strong></span> <span class='ocrx_word' id='word_1_330' title='bbox 1187 2554 1207 2587; x_wconf 74' lang='grc' dir='ltr'><strong>ι</strong></span> <span class='ocrx_word' id='word_1_331' title='bbox 1243 2535 1384 2589; x_wconf 90' lang='lat' dir='ltr'><strong>sicut</strong></span> <span class='ocrx_word' id='word_1_332' title='bbox 1407 2537 1664 2602; x_wconf 88' lang='lat' dir='ltr'><strong>scriptum</strong></span> <span class='ocrx_word' id='word_1_333' title='bbox 1694 2547 1799 2593; x_wconf 92' lang='lat' dir='ltr'><strong>est.</strong></span> <span class='ocrx_word' id='word_1_334' title='bbox 1832 2537 2019 2594; x_wconf 83' lang='lat' dir='ltr'><strong>Vocati</strong></span> <span class='ocrx_word' id='word_1_335' title='bbox 2061 2554 2160 2593; x_wconf 83' lang='lat' dir='ltr'><strong>an-</strong></span> 
     </span>
    </p>
   </div>
   <div class='ocr_carea' id='block_1_41' title="bbox 584 2626 2158 2697">
    <p class='ocr_par' dir='ltr' id='par_1_41' title="bbox 584 2626 2158 2697">
     <span class='ocr_line' id='line_1_41' title="bbox 584 2626 2158 2697; baseline 0.003 -19"><span class='ocrx_word' id='word_1_336' title='bbox 584 2633 694 2678; x_wconf 88' lang='lat' dir='ltr'><strong>tem</strong></span> <span class='ocrx_word' id='word_1_337' title='bbox 721 2639 909 2680; x_wconf 80' lang='lat' dir='ltr'><strong>sumus</strong></span> <span class='ocrx_word' id='word_1_338' title='bbox 940 2626 1007 2679; x_wconf 90' lang='lat' dir='ltr'><strong>ad</strong></span> <span class='ocrx_word' id='word_1_339' title='bbox 1031 2626 1481 2680; x_wconf 85' lang='lat' dir='ltr'><strong>necessitudinem</strong></span> <span class='ocrx_word' id='word_1_340' title='bbox 1508 2628 1842 2695; x_wconf 85' lang='lat' dir='ltr'><strong>spiritualem</strong></span> <span class='ocrx_word' id='word_1_341' title='bbox 1858 2644 1953 2697; x_wconf 89' lang='lat' dir='ltr'><strong>per</strong></span> <span class='ocrx_word' id='word_1_342' title='bbox 1975 2627 2158 2684; x_wconf 80' lang='lat' dir='ltr'><strong>(idem.</strong></span> 
     </span>
    </p>
   </div>
   <div class='ocr_carea' id='block_1_42' title="bbox 584 2717 2167 2790">
    <p class='ocr_par' dir='ltr' id='par_1_42' title="bbox 584 2717 2167 2790">
     <span class='ocr_line' id='line_1_42' title="bbox 584 2717 2167 2790; baseline 0.003 -19"><span class='ocrx_word' id='word_1_343' title='bbox 584 2717 664 2771; x_wconf 84' lang='lat' dir='ltr'><strong>Ita</strong></span> <span class='ocrx_word' id='word_1_344' title='bbox 694 2726 873 2770; x_wconf 88' lang='lat' dir='ltr'><strong>autem</strong></span> <span class='ocrx_word' id='word_1_345' title='bbox 930 2718 1128 2783; x_wconf 80' lang='lat' dir='ltr'><strong>vocati,</strong></span> <span class='ocrx_word' id='word_1_346' title='bbox 1168 2732 1290 2771; x_wconf 92' lang='lat' dir='ltr'><strong>eum</strong></span> <span class='ocrx_word' id='word_1_347' title='bbox 1317 2720 1405 2787; x_wconf 89' lang='lat' dir='ltr'><strong>qui</strong></span> <span class='ocrx_word' id='word_1_348' title='bbox 1436 2729 1519 2773; x_wconf 88' lang='lat' dir='ltr'><strong>est</strong></span> <span class='ocrx_word' id='word_1_349' title='bbox 1567 2728 1757 2773; x_wconf 81' lang='lat' dir='ltr'><strong>natura</strong></span> <span class='ocrx_word' id='word_1_350' title='bbox 1804 2721 1943 2774; x_wconf 82' lang='lat' dir='ltr'><strong>Dens</strong></span> <span class='ocrx_word' id='word_1_351' title='bbox 1996 2737 2167 2790; x_wconf 79' lang='lat' dir='ltr'><strong>agno-</strong></span> 
     </span>
    </p>
   </div>
   <div class='ocr_carea' id='block_1_43' title="bbox 585 2806 2163 2879">
    <p class='ocr_par' dir='ltr' id='par_1_43' title="bbox 585 2806 2163 2879">
     <span class='ocr_line' id='line_1_43' title="bbox 585 2806 2163 2879; baseline 0.003 -18"><span class='ocrx_word' id='word_1_352' title='bbox 585 2809 781 2862; x_wconf 90' lang='lat' dir='ltr'><strong>vimus.</strong></span> <span class='ocrx_word' id='word_1_353' title='bbox 810 2806 1037 2873; x_wconf 81' lang='lat' dir='ltr'><strong>Idcirco,</strong></span> <span class='ocrx_word' id='word_1_354' title='bbox 1061 2807 1249 2879; x_wconf 85' lang='lat' dir='ltr'><strong>inquit,</strong></span> <span class='ocrx_word' id='word_1_355' title='bbox 1291 2827 1310 2863; x_wconf 83' lang='grc' dir='ltr'><strong>ι</strong></span> <span class='ocrx_word' id='word_1_356' title='bbox 1342 2811 1677 2878; x_wconf 88' lang='lat' dir='ltr'><strong>desponsabo</strong></span> <span class='ocrx_word' id='word_1_357' title='bbox 1703 2821 1754 2866; x_wconf 92' lang='lat' dir='ltr'><strong>te</strong></span> <span class='ocrx_word' id='word_1_358' title='bbox 1793 2812 1921 2866; x_wconf 90' lang='lat' dir='ltr'><strong>mihi</strong></span> <span class='ocrx_word' id='word_1_359' title='bbox 1958 2812 2011 2866; x_wconf 91' lang='lat' dir='ltr'><strong>in</strong></span> <span class='ocrx_word' id='word_1_360' title='bbox 2035 2813 2163 2879; x_wconf 79' lang='lat' dir='ltr'><strong>ﬁde,</strong></span> 
     </span>
    </p>
   </div>
   <div class='ocr_carea' id='block_1_44' title="bbox 586 2902 2163 2974">
    <p class='ocr_par' dir='ltr' id='par_1_44' title="bbox 586 2902 2163 2974">
     <span class='ocr_line' id='line_1_44' title="bbox 586 2902 2163 2974; baseline 0.003 -18"><span class='ocrx_word' id='word_1_361' title='bbox 586 2910 639 2956; x_wconf 84' lang='lat' dir='ltr'><strong>et</strong></span> <span class='ocrx_word' id='word_1_362' title='bbox 665 2917 961 2972; x_wconf 75' lang='lat' dir='ltr'><strong>cognosces</strong></span> <span class='ocrx_word' id='word_1_363' title='bbox 1000 2902 1304 2956; x_wconf 88' lang='lat' dir='ltr'><strong>Dominum.</strong></span> <span class='ocrx_word' id='word_1_364' title='bbox 1345 2922 1364 2955; x_wconf 74' lang='grc' dir='ltr'><strong>ι</strong></span> <span class='ocrx_word' id='word_1_365' title='bbox 1400 2902 1679 2958; x_wconf 67' lang='lat' dir='ltr'><strong>Praecessit</strong></span> <span class='ocrx_word' id='word_1_366' title='bbox 1700 2918 1830 2974; x_wconf 80' lang='lat' dir='ltr'><strong>ergo</strong></span> <span class='ocrx_word' id='word_1_367' title='bbox 1862 2903 2017 2960; x_wconf 75' lang='lat' dir='ltr'><strong>ﬁdes.</strong></span> <span class='ocrx_word' id='word_1_368' title='bbox 2071 2903 2163 2961; x_wconf 86' lang='lat' dir='ltr'><strong>Sic</strong></span> 
     </span>
    </p>
   </div>
   <div class='ocr_carea' id='block_1_45' title="bbox 587 2995 2161 3066">
    <p class='ocr_par' dir='ltr' id='par_1_45' title="bbox 587 2995 2161 3066">
     <span class='ocr_line' id='line_1_45' title="bbox 587 2995 2161 3066; baseline 0.003 -20"><span class='ocrx_word' id='word_1_369' title='bbox 587 3004 770 3048; x_wconf 76' lang='lat' dir='ltr'><strong>antem</strong></span> <span class='ocrx_word' id='word_1_370' title='bbox 836 2995 1055 3049; x_wconf 88' lang='lat' dir='ltr'><strong>Christo</strong></span> <span class='ocrx_word' id='word_1_371' title='bbox 1109 2996 1487 3064; x_wconf 79' lang='lat' dir='ltr'><strong>cognoscendo</strong></span> <span class='ocrx_word' id='word_1_372' title='bbox 1550 3011 1680 3065; x_wconf 87' lang='lat' dir='ltr'><strong>opes</strong></span> <span class='ocrx_word' id='word_1_373' title='bbox 1746 2998 2161 3066; x_wconf 77' lang='lat' dir='ltr'><strong>acquisivinius.</strong></span> 
     </span>
    </p>
   </div>
   <div class='ocr_carea' id='block_1_46' title="bbox 2270 1990 3855 2072">
    <p class='ocr_par' dir='ltr' id='par_1_46' title="bbox 2270 1990 3855 2072">
     <span class='ocr_line' id='line_1_46' title="bbox 2270 1990 3855 2072; baseline 0.011 -29"><span class='ocrx_word' id='word_1_374' title='bbox 2270 1990 2384 2043; x_wconf 84' lang='grc' dir='ltr'>ἀλλ’</span> <span class='ocrx_word' id='word_1_375' title='bbox 2411 1993 2497 2047; x_wconf 76' lang='grc' dir='ltr'>ἵνα</span> <span class='ocrx_word' id='word_1_376' title='bbox 2526 1994 2671 2066; x_wconf 83' lang='grc' dir='ltr'>σωθῇ</span> <span class='ocrx_word' id='word_1_377' title='bbox 2702 1997 2731 2049; x_wconf 85' lang='grc' dir='ltr'><em>ὁ</em></span> <span class='ocrx_word' id='word_1_378' title='bbox 2769 1996 2974 2067; x_wconf 86' lang='grc' dir='ltr'>κόσμος</span> <span class='ocrx_word' id='word_1_379' title='bbox 3004 2000 3072 2053; x_wconf 76' lang='grc' dir='ltr'>δι’</span> <span class='ocrx_word' id='word_1_380' title='bbox 3098 2001 3285 2055; x_wconf 76' lang='grc' dir='ltr'>αὑτοῦ.</span> <span class='ocrx_word' id='word_1_381' title='bbox 3334 2021 3354 2053; x_wconf 73' lang='grc' dir='ltr'><strong>ι</strong></span> <span class='ocrx_word' id='word_1_382' title='bbox 3393 2003 3583 2072; x_wconf 85' lang='grc' dir='ltr'>Κρίσιν</span> <span class='ocrx_word' id='word_1_383' title='bbox 3611 2007 3667 2060; x_wconf 80' lang='grc' dir='ltr'>δὲ</span> <span class='ocrx_word' id='word_1_384' title='bbox 3709 2003 3855 2060; x_wconf 79' lang='grc' dir='ltr'>εῖναι</span> 
     </span>
    </p>
   </div>
   <div class='ocr_carea' id='block_1_47' title="bbox 2271 2082 3854 2161">
    <p class='ocr_par' dir='ltr' id='par_1_47' title="bbox 2271 2082 3854 2161">
     <span class='ocr_line' id='line_1_47' title="bbox 2271 2082 3854 2161; baseline 0.01 -28"><span class='ocrx_word' id='word_1_385' title='bbox 2271 2096 2426 2150; x_wconf 80' lang='grc' dir='ltr'>φησι,</span> <span class='ocrx_word' id='word_1_386' title='bbox 2458 2082 2563 2154; x_wconf 83' lang='grc' dir='ltr'>τὴν</span> <span class='ocrx_word' id='word_1_387' title='bbox 2609 2084 2776 2156; x_wconf 82' lang='grc' dir='ltr'>ὀρθὴν</span> <span class='ocrx_word' id='word_1_388' title='bbox 2832 2088 2925 2140; x_wconf 79' lang='grc' dir='ltr'><strong>καὶ</strong></span> <span class='ocrx_word' id='word_1_389' title='bbox 2970 2089 3273 2161; x_wconf 79' lang='grc' dir='ltr'>ἀμώμητον</span> <span class='ocrx_word' id='word_1_390' title='bbox 3302 2092 3464 2146; x_wconf 73' lang='grc' dir='ltr'>οἱονεὶ</span> <span class='ocrx_word' id='word_1_391' title='bbox 3497 2094 3854 2149; x_wconf 80' lang='grc' dir='ltr'>διαδικασίαν.</span> 
     </span>
    </p>
   </div>
   <div class='ocr_carea' id='block_1_48' title="bbox 2269 2170 3858 2255">
    <p class='ocr_par' dir='ltr' id='par_1_48' title="bbox 2269 2170 3858 2255">
     <span class='ocr_line' id='line_1_48' title="bbox 2269 2170 3858 2255; baseline 0.011 -33"><span class='ocrx_word' id='word_1_392' title='bbox 2269 2170 2528 2225; x_wconf 82' lang='grc' dir='ltr'>Δεδίκακε</span> <span class='ocrx_word' id='word_1_393' title='bbox 2562 2174 2692 2245; x_wconf 87' lang='grc' dir='ltr'>γὰρ,</span> <span class='ocrx_word' id='word_1_394' title='bbox 2717 2174 2793 2238; x_wconf 82' lang='grc' dir='ltr'>ὡς</span> <span class='ocrx_word' id='word_1_395' title='bbox 2817 2175 2977 2248; x_wconf 72' lang='grc' dir='ltr'>ἔφην,</span> <span class='ocrx_word' id='word_1_396' title='bbox 2997 2178 3174 2249; x_wconf 81' lang='grc' dir='ltr'>ὀρθῶς</span> <span class='ocrx_word' id='word_1_397' title='bbox 3224 2183 3356 2252; x_wconf 83' lang='grc' dir='ltr'>ἡμῖν</span> <span class='ocrx_word' id='word_1_398' title='bbox 3377 2200 3442 2235; x_wconf 81' lang='grc' dir='ltr'><strong>τε</strong></span> <span class='ocrx_word' id='word_1_399' title='bbox 3468 2184 3726 2255; x_wconf 86' lang='grc' dir='ltr'>κάκείνῳ.</span> <span class='ocrx_word' id='word_1_400' title='bbox 3748 2187 3858 2240; x_wconf 80' lang='grc' dir='ltr'>Καὶ</span> 
     </span>
    </p>
   </div>
   <div class='ocr_carea' id='block_1_49' title="bbox 2271 2260 3856 2340">
    <p class='ocr_par' dir='ltr' id='par_1_49' title="bbox 2271 2260 3856 2340">
     <span class='ocr_line' id='line_1_49' title="bbox 2271 2260 3856 2340; baseline 0.012 -27"><span class='ocrx_word' id='word_1_401' title='bbox 2271 2260 2477 2316; x_wconf 80' lang='grc' dir='ltr'>σέσωκε</span> <span class='ocrx_word' id='word_1_402' title='bbox 2515 2265 2614 2334; x_wconf 83' lang='grc' dir='ltr'>μὲν</span> <span class='ocrx_word' id='word_1_403' title='bbox 2638 2267 2808 2335; x_wconf 80' lang='grc' dir='ltr'>ἡμᾶς,</span> <span class='ocrx_word' id='word_1_404' title='bbox 2836 2267 3071 2333; x_wconf 75' lang='grc' dir='ltr'>ἑλκύσας</span> <span class='ocrx_word' id='word_1_405' title='bbox 3097 2270 3233 2340; x_wconf 80' lang='grc' dir='ltr'>πρὸς</span> <span class='ocrx_word' id='word_1_406' title='bbox 3277 2273 3469 2328; x_wconf 78' lang='grc' dir='ltr'>ἑαυτόν</span> <span class='ocrx_word' id='word_1_407' title='bbox 3501 2290 3517 2304; x_wconf 85' lang='grc'>⁶</span> <span class='ocrx_word' id='word_1_408' title='bbox 3553 2276 3856 2335; x_wconf 75' lang='grc' dir='ltr'>ἐκϐέϐληκε</span> 
     </span>
    </p>
   </div>
   <div class='ocr_carea' id='block_1_50' title="bbox 2268 2352 3856 2430">
    <p class='ocr_par' dir='ltr' id='par_1_50' title="bbox 2268 2352 3856 2430">
     <span class='ocr_line' id='line_1_50' title="bbox 2268 2352 3856 2430; baseline 0.012 -25"><span class='ocrx_word' id='word_1_409' title='bbox 2268 2352 2326 2406; x_wconf 79' lang='grc' dir='ltr'>δὲ</span> <span class='ocrx_word' id='word_1_410' title='bbox 2376 2355 2474 2425; x_wconf 86' lang='grc' dir='ltr'><strong>τῆς</strong></span> <span class='ocrx_word' id='word_1_411' title='bbox 2516 2355 2638 2409; x_wconf 86' lang='grc' dir='ltr'>καθ’</span> <span class='ocrx_word' id='word_1_412' title='bbox 2673 2357 2829 2427; x_wconf 80' lang='grc' dir='ltr'>ήμῶν</span> <span class='ocrx_word' id='word_1_413' title='bbox 2873 2361 3188 2430; x_wconf 88' lang='grc' dir='ltr'>τυραννίδος</span> <span class='ocrx_word' id='word_1_414' title='bbox 3218 2362 3309 2417; x_wconf 81' lang='grc' dir='ltr'><strong>τὸν</strong></span> <span class='ocrx_word' id='word_1_415' title='bbox 3343 2365 3767 2423; x_wconf 86' lang='grc' dir='ltr'>πλεονεκτοῦντά</span> <span class='ocrx_word' id='word_1_416' title='bbox 3799 2386 3856 2423; x_wconf 87' lang='grc' dir='ltr'><strong>τε</strong></span> 
     </span>
    </p>
   </div>
   <div class='ocr_carea' id='block_1_51' title="bbox 2269 2446 3857 2527">
    <p class='ocr_par' dir='ltr' id='par_1_51' title="bbox 2269 2446 3857 2527">
     <span class='ocr_line' id='line_1_51' title="bbox 2269 2446 3857 2527; baseline 0.009 -28"><span class='ocrx_word' id='word_1_417' title='bbox 2269 2446 2365 2500; x_wconf 78' lang='grc' dir='ltr'>καὶ</span> <span class='ocrx_word' id='word_1_418' title='bbox 2389 2446 2669 2504; x_wconf 81' lang='grc' dir='ltr'>διολλύντα</span> <span class='ocrx_word' id='word_1_419' title='bbox 2710 2452 2993 2516; x_wconf 79' lang='grc' dir='ltr'>ποικίλως.</span> <span class='ocrx_word' id='word_1_420' title='bbox 3019 2453 3348 2526; x_wconf 85' lang='grc' dir='ltr'>Σεσώσμεθα</span> <span class='ocrx_word' id='word_1_421' title='bbox 3372 2457 3437 2527; x_wconf 83' lang='grc' dir='ltr'>δὴ</span> <span class='ocrx_word' id='word_1_422' title='bbox 3459 2454 3553 2512; x_wconf 81' lang='grc' dir='ltr'>οὖν</span> <span class='ocrx_word' id='word_1_423' title='bbox 3579 2459 3857 2525; x_wconf 74' lang='grc' dir='ltr'>ἐλεοῦντός</span> 
     </span>
    </p>
   </div>
   <div class='ocr_carea' id='block_1_52' title="bbox 2267 2539 3855 2622">
    <p class='ocr_par' dir='ltr' id='par_1_52' title="bbox 2267 2539 3855 2622">
     <span class='ocr_line' id='line_1_52' title="bbox 2267 2539 3855 2622; baseline 0.011 -33"><span class='ocrx_word' id='word_1_424' title='bbox 2267 2554 2327 2590; x_wconf 90' lang='grc' dir='ltr'><strong>τε</strong></span> <span class='ocrx_word' id='word_1_425' title='bbox 2353 2539 2502 2609; x_wconf 73' lang='grc' dir='ltr'>ἡμᾶς</span> <span class='ocrx_word' id='word_1_426' title='bbox 2552 2542 2646 2594; x_wconf 76' lang='grc' dir='ltr'><strong>καὶ</strong></span> <span class='ocrx_word' id='word_1_427' title='bbox 2689 2544 3159 2618; x_wconf 75' lang='grc' dir='ltr'>κατοικτείραντος</span> <span class='ocrx_word' id='word_1_428' title='bbox 3186 2547 3343 2602; x_wconf 88' lang='grc' dir='ltr'>Θεοῦ.</span> <span class='ocrx_word' id='word_1_429' title='bbox 3375 2568 3395 2601; x_wconf 85' lang='grc' dir='ltr'><strong>ι</strong></span> <span class='ocrx_word' id='word_1_430' title='bbox 3449 2551 3855 2622; x_wconf 86' lang='grc' dir='ltr'>Δεδικαιὼμεθα</span> 
     </span>
    </p>
   </div>
   <div class='ocr_carea' id='block_1_53' title="bbox 2268 2629 3839 2713">
    <p class='ocr_par' dir='ltr' id='par_1_53' title="bbox 2268 2629 3839 2713">
     <span class='ocr_line' id='line_1_53' title="bbox 2268 2629 3839 2713; baseline 0.009 -32"><span class='ocrx_word' id='word_1_431' title='bbox 2268 2629 2397 2699; x_wconf 73' lang='grc' dir='ltr'>γὰρ,</span> <span class='ocrx_word' id='word_1_432' title='bbox 2427 2631 2527 2683; x_wconf 75' lang='grc' dir='ltr'>οὐκ</span> <span class='ocrx_word' id='word_1_433' title='bbox 2562 2629 2621 2696; x_wconf 72' lang='grc' dir='ltr'>ἐξ</span> <span class='ocrx_word' id='word_1_434' title='bbox 2651 2632 2946 2705; x_wconf 75' lang='grc' dir='ltr'>ἔργωντῶν</span> <span class='ocrx_word' id='word_1_435' title='bbox 2966 2638 3023 2691; x_wconf 73' lang='grc' dir='ltr'><strong>ιν</strong></span> <span class='ocrx_word' id='word_1_436' title='bbox 3046 2637 3360 2713; x_wconf 80' lang='grc' dir='ltr'>δικαιοσύνῃ</span> <span class='ocrx_word' id='word_1_437' title='bbox 3385 2636 3462 2694; x_wconf 84' lang='grc' dir='ltr'>ὧν</span> <span class='ocrx_word' id='word_1_438' title='bbox 3499 2644 3839 2713; x_wconf 79' lang='grc' dir='ltr'>ἐποιήσαμεν</span> 
     </span>
    </p>
   </div>
   <div class='ocr_carea' id='block_1_54' title="bbox 2268 2723 3857 2803">
    <p class='ocr_par' dir='ltr' id='par_1_54' title="bbox 2268 2723 3857 2803">
     <span class='ocr_line' id='line_1_54' title="bbox 2268 2723 3857 2803; baseline 0.007 -27"><span class='ocrx_word' id='word_1_439' title='bbox 2268 2723 2447 2793; x_wconf 79' lang='grc' dir='ltr'>ἡμεῖς,</span> <span class='ocrx_word' id='word_1_440' title='bbox 2479 2724 2617 2779; x_wconf 85' lang='grc' dir='ltr'><strong>ἀλλά</strong></span> <span class='ocrx_word' id='word_1_441' title='bbox 2657 2727 2889 2781; x_wconf 80' lang='grc' dir='ltr'>κατὰτὸ</span> <span class='ocrx_word' id='word_1_442' title='bbox 2937 2729 3072 2785; x_wconf 72' lang='grc' dir='ltr'>πολὺ</span> <span class='ocrx_word' id='word_1_443' title='bbox 3102 2731 3267 2784; x_wconf 81' lang='grc' dir='ltr'>αὑτοῦ</span> <span class='ocrx_word' id='word_1_444' title='bbox 3307 2732 3475 2797; x_wconf 68' lang='grc' dir='ltr'>ἕλεος,</span> <span class='ocrx_word' id='word_1_445' title='bbox 3520 2752 3539 2785; x_wconf 73' lang='grc' dir='ltr'><strong>ι</strong></span> <span class='ocrx_word' id='word_1_446' title='bbox 3575 2734 3721 2788; x_wconf 83' lang='grc' dir='ltr'><strong>καθά</strong></span> <span class='ocrx_word' id='word_1_447' title='bbox 3766 2735 3857 2803; x_wconf 82' lang='grc' dir='ltr'><strong>γέ-</strong></span> 
     </span>
    </p>
   </div>
   <div class='ocr_carea' id='block_1_55' title="bbox 2267 2818 3850 2897">
    <p class='ocr_par' dir='ltr' id='par_1_55' title="bbox 2267 2818 3850 2897">
     <span class='ocr_line' id='line_1_55' title="bbox 2267 2818 3850 2897; baseline 0.008 -29"><span class='ocrx_word' id='word_1_448' title='bbox 2267 2832 2529 2885; x_wconf 82' lang='grc' dir='ltr'>γραπται.</span> <span class='ocrx_word' id='word_1_449' title='bbox 2564 2818 2896 2889; x_wconf 83' lang='grc' dir='ltr'>Κεκλήμεθά</span> <span class='ocrx_word' id='word_1_450' title='bbox 2933 2836 2996 2873; x_wconf 88' lang='grc' dir='ltr'><strong>τε</strong></span> <span class='ocrx_word' id='word_1_451' title='bbox 3029 2822 3166 2892; x_wconf 78' lang='grc' dir='ltr'>πρὸς</span> <span class='ocrx_word' id='word_1_452' title='bbox 3198 2824 3508 2895; x_wconf 73' lang='grc' dir='ltr'>οἰκειότητα</span> <span class='ocrx_word' id='word_1_453' title='bbox 3538 2826 3637 2897; x_wconf 79' lang='grc' dir='ltr'><strong>τήν</strong></span> <span class='ocrx_word' id='word_1_454' title='bbox 3688 2845 3850 2880; x_wconf 85' lang='grc' dir='ltr'>πνευ-</span> 
     </span>
    </p>
   </div>
   <div class='ocr_carea' id='block_1_56' title="bbox 2272 2908 3857 2987">
    <p class='ocr_par' dir='ltr' id='par_1_56' title="bbox 2272 2908 3857 2987">
     <span class='ocr_line' id='line_1_56' title="bbox 2272 2908 3857 2987; baseline 0.009 -29"><span class='ocrx_word' id='word_1_455' title='bbox 2272 2908 2507 2978; x_wconf 81' lang='grc' dir='ltr'>ματικὴν</span> <span class='ocrx_word' id='word_1_456' title='bbox 2533 2908 2622 2962; x_wconf 83' lang='grc' dir='ltr'><strong>διὰ</strong></span> <span class='ocrx_word' id='word_1_457' title='bbox 2650 2910 2888 2974; x_wconf 80' lang='grc' dir='ltr'>πίστεως</span> <span class='ocrx_word' id='word_1_458' title='bbox 2905 2928 2919 2942; x_wconf 73' lang='grc'><em>³</em></span> <span class='ocrx_word' id='word_1_459' title='bbox 2958 2913 3288 2985; x_wconf 82' lang='grc' dir='ltr'>κεκλημένοι</span> <span class='ocrx_word' id='word_1_460' title='bbox 3307 2933 3368 2970; x_wconf 85' lang='grc' dir='ltr'><strong>τε</strong></span> <span class='ocrx_word' id='word_1_461' title='bbox 3384 2917 3555 2981; x_wconf 79' lang='grc' dir='ltr'>οὕτω,</span> <span class='ocrx_word' id='word_1_462' title='bbox 3576 2920 3668 2972; x_wconf 85' lang='grc' dir='ltr'>τὸν</span> <span class='ocrx_word' id='word_1_463' title='bbox 3697 2919 3857 2987; x_wconf 83' lang='grc' dir='ltr'>φύσει</span> 
     </span>
    </p>
   </div>
   <div class='ocr_carea' id='block_1_57' title="bbox 2267 2998 3856 3082">
    <p class='ocr_par' dir='ltr' id='par_1_57' title="bbox 2267 2998 3856 3082">
     <span class='ocr_line' id='line_1_57' title="bbox 2267 2998 3856 3082; baseline 0.009 -31"><span class='ocrx_word' id='word_1_464' title='bbox 2267 2998 2403 3053; x_wconf 75' lang='grc' dir='ltr'>Θεὸν</span> <span class='ocrx_word' id='word_1_465' title='bbox 2443 2999 2782 3072; x_wconf 73' lang='grc' dir='ltr'>ἐγνώκαμεν.</span> <span class='ocrx_word' id='word_1_466' title='bbox 2818 3005 3003 3078; x_wconf 77' lang='grc' dir='ltr'>Ταύτῃ</span> <span class='ocrx_word' id='word_1_467' title='bbox 3039 3023 3121 3060; x_wconf 80' lang='grc' dir='ltr'><strong>τοι</strong></span> <span class='ocrx_word' id='word_1_468' title='bbox 3168 3011 3335 3078; x_wconf 82' lang='grc' dir='ltr'>φησί’</span> <span class='ocrx_word' id='word_1_469' title='bbox 3372 3029 3393 3060; x_wconf 82' lang='grc' dir='ltr'><strong>ι</strong></span> <span class='ocrx_word' id='word_1_470' title='bbox 3433 3011 3540 3063; x_wconf 86' lang='lat' dir='ltr'><strong>Kal</strong></span> <span class='ocrx_word' id='word_1_471' title='bbox 3589 3012 3856 3082; x_wconf 83' lang='grc' dir='ltr'>μνηστεύ-</span> 
     </span>
    </p>
   </div>
   <div class='ocr_carea' id='block_1_58' title="bbox 588 3085 2163 3175">
    <p class='ocr_par' dir='ltr' id='par_1_58' title="bbox 588 3085 2161 3157">
     <span class='ocr_line' id='line_1_58' title="bbox 588 3085 2161 3157; baseline 0.001 -17"><span class='ocrx_word' id='word_1_472' title='bbox 588 3085 652 3140; x_wconf 86' lang='lat' dir='ltr'><strong>Et</strong></span> <span class='ocrx_word' id='word_1_473' title='bbox 683 3085 805 3152; x_wconf 90' lang='lat' dir='ltr'><strong>hoc,</strong></span> <span class='ocrx_word' id='word_1_474' title='bbox 830 3094 885 3140; x_wconf 88' lang='lat' dir='ltr'><strong>ut</strong></span> <span class='ocrx_word' id='word_1_475' title='bbox 941 3086 1198 3151; x_wconf 83' lang='lat' dir='ltr'><strong>arbitror,</strong></span> <span class='ocrx_word' id='word_1_476' title='bbox 1235 3097 1316 3141; x_wconf 86' lang='lat' dir='ltr'><strong>est</strong></span> <span class='ocrx_word' id='word_1_477' title='bbox 1375 3088 1518 3157; x_wconf 90' lang='lat' dir='ltr'><strong>quod</strong></span> <span class='ocrx_word' id='word_1_478' title='bbox 1570 3089 1889 3157; x_wconf 83' lang='lat' dir='ltr'><strong>quibusdam</strong></span> <span class='ocrx_word' id='word_1_479' title='bbox 1956 3091 2161 3143; x_wconf 86' lang='lat' dir='ltr'><strong>dictum</strong></span> 
     </span>
    </p>
   </div>
   <div class='ocr_carea' id='block_1_59' title="bbox 2269 3085 3857 3175">
    <p class='ocr_par' dir='ltr' id='par_1_59' title="bbox 2270 3090 3857 3175">
     <span class='ocr_line' id='line_1_59' title="bbox 2270 3090 3857 3175; baseline 0.011 -34"><span class='ocrx_word' id='word_1_480' title='bbox 2270 3090 2436 3159; x_wconf 88' lang='grc' dir='ltr'>σομαί</span> <span class='ocrx_word' id='word_1_481' title='bbox 2484 3108 2540 3145; x_wconf 86' lang='grc' dir='ltr'><strong>σε</strong></span> <span class='ocrx_word' id='word_1_482' title='bbox 2584 3094 2804 3166; x_wconf 82' lang='grc' dir='ltr'>ὲμαυτῷ</span> <span class='ocrx_word' id='word_1_483' title='bbox 2848 3097 2907 3150; x_wconf 84' lang='grc' dir='ltr'>ὲν</span> <span class='ocrx_word' id='word_1_484' title='bbox 2940 3099 3157 3163; x_wconf 85' lang='grc' dir='ltr'>πίστει,</span> <span class='ocrx_word' id='word_1_485' title='bbox 3180 3102 3275 3155; x_wconf 72' lang='grc' dir='ltr'>καὶ</span> <span class='ocrx_word' id='word_1_486' title='bbox 3305 3102 3581 3175; x_wconf 79' lang='grc' dir='ltr'>ὲπιγνώσῃ</span> <span class='ocrx_word' id='word_1_487' title='bbox 3622 3106 3718 3158; x_wconf 74' lang='grc' dir='ltr'><strong>τὸν</strong></span> <span class='ocrx_word' id='word_1_488' title='bbox 3743 3104 3857 3158; x_wconf 67' lang='lat' dir='ltr'><strong>K6-</strong></span> 
     </span>
    </p>
   </div>
   <div class='ocr_carea' id='block_1_60' title="bbox 587 3177 2163 3271">
    <p class='ocr_par' dir='ltr' id='par_1_60' title="bbox 587 3177 2157 3250">
     <span class='ocr_line' id='line_1_60' title="bbox 587 3177 2157 3250; baseline 0.005 -23"><span class='ocrx_word' id='word_1_489' title='bbox 587 3188 715 3233; x_wconf 75' lang='lat' dir='ltr'><strong>est:</strong></span> <span class='ocrx_word' id='word_1_490' title='bbox 778 3196 799 3230; x_wconf 86' lang='grc' dir='ltr'><strong>ι</strong></span> <span class='ocrx_word' id='word_1_491' title='bbox 872 3177 985 3233; x_wconf 86' lang='lat' dir='ltr'><strong>Nisi</strong></span> <span class='ocrx_word' id='word_1_492' title='bbox 1052 3179 1414 3244; x_wconf 84' lang='lat' dir='ltr'><strong>credideritis,</strong></span> <span class='ocrx_word' id='word_1_493' title='bbox 1476 3197 1579 3234; x_wconf 91' lang='lat' dir='ltr'><strong>non</strong></span> <span class='ocrx_word' id='word_1_494' title='bbox 1646 3181 1954 3250; x_wconf 76' lang='lat' dir='ltr'><strong>intelligetis</strong></span> <span class='ocrx_word' id='word_1_495' title='bbox 2021 3182 2157 3235; x_wconf 71' lang='grc'><strong>⁸³.»</strong></span> 
     </span>
    </p>
   </div>
   <div class='ocr_carea' id='block_1_61' title="bbox 2269 3177 3859 3271">
    <p class='ocr_par' dir='ltr' id='par_1_61' title="bbox 2270 3184 3859 3271">
     <span class='ocr_line' id='line_1_61' title="bbox 2270 3184 3859 3271; baseline 0.013 -38"><span class='ocrx_word' id='word_1_496' title='bbox 2270 3198 2404 3251; x_wconf 91' lang='grc' dir='ltr'>ριον.</span> <span class='ocrx_word' id='word_1_497' title='bbox 2448 3201 2465 3235; x_wconf 82' lang='grc' dir='ltr'><strong>ι</strong></span> <span class='ocrx_word' id='word_1_498' title='bbox 2509 3184 2717 3238; x_wconf 72' lang='grc' dir='ltr'>Οὐκοῦν</span> <span class='ocrx_word' id='word_1_499' title='bbox 2768 3190 3183 3261; x_wconf 76' lang='grc' dir='ltr'>προεκδέδηκεν</span> <span class='ocrx_word' id='word_1_500' title='bbox 3221 3194 3253 3264; x_wconf 78' lang='grc' dir='ltr'>ἡ</span> <span class='ocrx_word' id='word_1_501' title='bbox 3300 3194 3516 3261; x_wconf 83' lang='grc' dir='ltr'>πίστις,</span> <span class='ocrx_word' id='word_1_502' title='bbox 3552 3197 3859 3271; x_wconf 80' lang='grc' dir='ltr'>πεπλουτῆ-</span> 
     </span>
    </p>
   </div>
   <div class='ocr_carea' id='block_1_62' title="bbox 587 3264 2163 3357">
    <p class='ocr_par' dir='ltr' id='par_1_62' title="bbox 587 3267 2159 3341">
     <span class='ocr_line' id='line_1_62' title="bbox 587 3267 2159 3341; baseline 0.003 -18"><span class='ocrx_word' id='word_1_503' title='bbox 587 3267 793 3323; x_wconf 88' lang='lat' dir='ltr'><strong>Christi</strong></span> <span class='ocrx_word' id='word_1_504' title='bbox 826 3283 955 3323; x_wconf 89' lang='lat' dir='ltr'><strong>vero</strong></span> <span class='ocrx_word' id='word_1_505' title='bbox 982 3270 1297 3341; x_wconf 83' lang='lat' dir='ltr'><strong>mysterium</strong></span> <span class='ocrx_word' id='word_1_506' title='bbox 1336 3271 1484 3325; x_wconf 83' lang='lat' dir='ltr'><strong>clare</strong></span> <span class='ocrx_word' id='word_1_507' title='bbox 1530 3287 1722 3335; x_wconf 87' lang='lat' dir='ltr'><strong>nosse,</strong></span> <span class='ocrx_word' id='word_1_508' title='bbox 1786 3283 2004 3326; x_wconf 74' lang='lat' dir='ltr'><strong>aeterna:</strong></span> <span class='ocrx_word' id='word_1_509' title='bbox 2036 3273 2159 3327; x_wconf 69' lang='lat' dir='ltr'><strong>vitta</strong></span> 
     </span>
    </p>
   </div>
   <div class='ocr_carea' id='block_1_63' title="bbox 2269 3264 3856 3357">
    <p class='ocr_par' dir='ltr' id='par_1_63' title="bbox 2269 3264 3856 3357">
     <span class='ocr_line' id='line_1_63' title="bbox 2269 3264 3856 3357; baseline 0.013 -34"><span class='ocrx_word' id='word_1_510' title='bbox 2269 3287 2441 3340; x_wconf 81' lang='grc' dir='ltr'>καμεν</span> <span class='ocrx_word' id='word_1_511' title='bbox 2465 3272 2521 3326; x_wconf 69' lang='grc' dir='ltr'>δὲ</span> <span class='ocrx_word' id='word_1_512' title='bbox 2550 3272 2723 3338; x_wconf 80' lang='grc' dir='ltr'>οὕτως</span> <span class='ocrx_word' id='word_1_513' title='bbox 2750 3277 2848 3330; x_wconf 68' lang='grc' dir='ltr'><strong>καὶ</strong></span> <span class='ocrx_word' id='word_1_514' title='bbox 2873 3280 2939 3333; x_wconf 77' lang='grc' dir='ltr'><strong>τὸ</strong></span> <span class='ocrx_word' id='word_1_515' title='bbox 2982 3281 3181 3337; x_wconf 77' lang='grc' dir='ltr'>εἰδέναι</span> <span class='ocrx_word' id='word_1_516' title='bbox 3216 3285 3473 3355; x_wconf 83' lang='grc' dir='ltr'>Χριστόν.</span> <span class='ocrx_word' id='word_1_517' title='bbox 3513 3288 3624 3342; x_wconf 82' lang='lat' dir='ltr'><strong>Kal</strong></span> <span class='ocrx_word' id='word_1_518' title='bbox 3676 3264 3856 3357; x_wconf 78' lang='grc' dir='ltr'>τοῦτο,</span> 
     </span>
    </p>
   </div>
   <div class='ocr_carea' id='block_1_64' title="bbox 587 3358 2163 3452">
    <p class='ocr_par' dir='ltr' id='par_1_64' title="bbox 587 3360 2163 3433">
     <span class='ocr_line' id='line_1_64' title="bbox 587 3360 2163 3433; baseline 0.006 -22"><span class='ocrx_word' id='word_1_519' title='bbox 587 3360 877 3430; x_wconf 82' lang='lat' dir='ltr'><strong>participes</strong></span> <span class='ocrx_word' id='word_1_520' title='bbox 914 3360 1138 3415; x_wconf 83' lang='lat' dir='ltr'><strong>reddere</strong></span> <span class='ocrx_word' id='word_1_521' title='bbox 1165 3378 1261 3417; x_wconf 88' lang='lat' dir='ltr'><strong>eos</strong></span> <span class='ocrx_word' id='word_1_522' title='bbox 1308 3362 1398 3431; x_wconf 90' lang='lat' dir='ltr'><strong>qui</strong></span> <span class='ocrx_word' id='word_1_523' title='bbox 1435 3363 1580 3433; x_wconf 87' lang='lat' dir='ltr'><strong>digni</strong></span> <span class='ocrx_word' id='word_1_524' title='bbox 1621 3374 1765 3426; x_wconf 86' lang='lat' dir='ltr'><strong>sunt,</strong></span> <span class='ocrx_word' id='word_1_525' title='bbox 1817 3362 1983 3418; x_wconf 86' lang='lat' dir='ltr'><strong>Filius</strong></span> <span class='ocrx_word' id='word_1_526' title='bbox 2049 3364 2163 3432; x_wconf 87' lang='lat' dir='ltr'><strong>ipse</strong></span> 
     </span>
    </p>
   </div>
   <div class='ocr_carea' id='block_1_65' title="bbox 2269 3358 3858 3452">
    <p class='ocr_par' dir='ltr' id='par_1_65' title="bbox 2269 3358 3858 3452">
     <span class='ocr_line' id='line_1_65' title="bbox 2269 3358 3858 3452; baseline 0.013 -36"><span class='ocrx_word' id='word_1_527' title='bbox 2269 3358 2439 3431; x_wconf 77' lang='grc' dir='ltr'>οἶμαι,</span> <span class='ocrx_word' id='word_1_528' title='bbox 2466 3364 2584 3419; x_wconf 69' lang='grc' dir='ltr'>ἐστὶ</span> <span class='ocrx_word' id='word_1_529' title='bbox 2625 3367 2685 3419; x_wconf 88' lang='grc' dir='ltr'>τὸ</span> <span class='ocrx_word' id='word_1_530' title='bbox 2730 3369 2870 3439; x_wconf 89' lang='grc' dir='ltr'>πρός</span> <span class='ocrx_word' id='word_1_531' title='bbox 2899 3387 3053 3434; x_wconf 87' lang='grc' dir='ltr'>τινας</span> <span class='ocrx_word' id='word_1_532' title='bbox 3089 3376 3379 3446; x_wconf 84' lang='grc' dir='ltr'>εἰρημένον</span> <span class='ocrx_word' id='word_1_533' title='bbox 3406 3395 3421 3411; x_wconf 87' lang='grc'><strong>·</strong></span> <span class='ocrx_word' id='word_1_534' title='bbox 3458 3397 3477 3431; x_wconf 85' lang='grc' dir='ltr'><strong>ι</strong></span> <span class='ocrx_word' id='word_1_535' title='bbox 3517 3381 3615 3434; x_wconf 77' lang='grc' dir='ltr'>Ἂν</span> <span class='ocrx_word' id='word_1_536' title='bbox 3645 3381 3755 3452; x_wconf 82' lang='grc' dir='ltr'>γὰρ</span> <span class='ocrx_word' id='word_1_537' title='bbox 3787 3382 3858 3452; x_wconf 83' lang='grc' dir='ltr'>μὴ</span> 
     </span>
    </p>
   </div>
   <div class='ocr_carea' id='block_1_66' title="bbox 586 3451 2163 3531">
    <p class='ocr_par' dir='ltr' id='par_1_66' title="bbox 586 3451 2162 3524">
     <span class='ocr_line' id='line_1_66' title="bbox 586 3451 2162 3524; baseline 0.003 -18"><span class='ocrx_word' id='word_1_538' title='bbox 586 3451 803 3507; x_wconf 85' lang='lat' dir='ltr'><strong>Patrem</strong></span> <span class='ocrx_word' id='word_1_539' title='bbox 872 3453 1150 3508; x_wconf 72' lang='lat' dir='ltr'><strong>cmlestem</strong></span> <span class='ocrx_word' id='word_1_540' title='bbox 1252 3454 1539 3524; x_wconf 89' lang='lat' dir='ltr'><strong>alloquens</strong></span> <span class='ocrx_word' id='word_1_541' title='bbox 1625 3464 1773 3510; x_wconf 87' lang='lat' dir='ltr'><strong>certe</strong></span> <span class='ocrx_word' id='word_1_542' title='bbox 1843 3456 2162 3510; x_wconf 75' lang='lat' dir='ltr'><strong>confirmat:</strong></span> 
     </span>
    </p>
   </div>
   <div class='ocr_carea' id='block_1_67' title="bbox 2269 3451 3857 3531">
    <p class='ocr_par' dir='ltr' id='par_1_67' title="bbox 2269 3451 3857 3531">
     <span class='ocr_line' id='line_1_67' title="bbox 2269 3451 3857 3531; baseline 0.011 -28"><span class='ocrx_word' id='word_1_543' title='bbox 2269 3452 2622 3523; x_wconf 81' lang='grc' dir='ltr'>πιστεύσητε,</span> <span class='ocrx_word' id='word_1_544' title='bbox 2661 3456 2782 3510; x_wconf 82' lang='grc' dir='ltr'>οὐδὲ</span> <span class='ocrx_word' id='word_1_545' title='bbox 2836 3460 2911 3531; x_wconf 83' lang='grc' dir='ltr'>μὴ</span> <span class='ocrx_word' id='word_1_546' title='bbox 2947 3462 3163 3531; x_wconf 83' lang='grc' dir='ltr'>συνῆτε.</span> <span class='ocrx_word' id='word_1_547' title='bbox 3208 3484 3227 3516; x_wconf 76' lang='grc' dir='ltr'><strong>ι</strong></span> <span class='ocrx_word' id='word_1_548' title='bbox 3270 3466 3395 3521; x_wconf 75' lang='grc' dir='ltr'>Ὅτι,</span> <span class='ocrx_word' id='word_1_549' title='bbox 3424 3467 3483 3521; x_wconf 80' lang='grc' dir='ltr'>δὲ</span> <span class='ocrx_word' id='word_1_550' title='bbox 3521 3469 3580 3522; x_wconf 80' lang='grc' dir='ltr'>τὸ</span> <span class='ocrx_word' id='word_1_551' title='bbox 3616 3451 3857 3523; x_wconf 77' lang='grc' dir='ltr'>συνιέναι</span> 
     </span>
    </p>
   </div>
   <div class='ocr_carea' id='block_1_68' title="bbox 592 3540 2163 3629">
    <p class='ocr_par' dir='ltr' id='par_1_68' title="bbox 592 3542 2162 3615">
     <span class='ocr_line' id='line_1_68' title="bbox 592 3542 2162 3615; baseline 0.003 -21"><span class='ocrx_word' id='word_1_552' title='bbox 592 3559 611 3594; x_wconf 86' lang='grc' dir='ltr'><strong>ι</strong></span> <span class='ocrx_word' id='word_1_553' title='bbox 662 3542 785 3597; x_wconf 69' lang='lat' dir='ltr'><strong>Haec</strong></span> <span class='ocrx_word' id='word_1_554' title='bbox 825 3553 910 3598; x_wconf 77' lang='lat' dir='ltr'><strong>est</strong></span> <span class='ocrx_word' id='word_1_555' title='bbox 953 3544 1058 3597; x_wconf 85' lang='lat' dir='ltr'><strong>vita</strong></span> <span class='ocrx_word' id='word_1_556' title='bbox 1114 3554 1358 3610; x_wconf 69' lang='lat' dir='ltr'><strong>aeterna,</strong></span> <span class='ocrx_word' id='word_1_557' title='bbox 1407 3553 1465 3597; x_wconf 94' lang='lat' dir='ltr'><strong>ut</strong></span> <span class='ocrx_word' id='word_1_558' title='bbox 1530 3553 1858 3615; x_wconf 84' lang='lat' dir='ltr'><strong>cognoscant</strong></span> <span class='ocrx_word' id='word_1_559' title='bbox 1887 3554 1938 3598; x_wconf 91' lang='lat' dir='ltr'><strong>te</strong></span> <span class='ocrx_word' id='word_1_560' title='bbox 1990 3545 2162 3599; x_wconf 85' lang='lat' dir='ltr'><strong>solum</strong></span> 
     </span>
    </p>
   </div>
   <div class='ocr_carea' id='block_1_69' title="bbox 2269 3540 3855 3629">
    <p class='ocr_par' dir='ltr' id='par_1_69' title="bbox 2269 3540 3855 3629">
     <span class='ocr_line' id='line_1_69' title="bbox 2269 3540 3855 3629; baseline 0.011 -34"><span class='ocrx_word' id='word_1_561' title='bbox 2269 3540 2534 3613; x_wconf 82' lang='grc' dir='ltr'>λαμπρῶς</span> <span class='ocrx_word' id='word_1_562' title='bbox 2578 3546 2642 3601; x_wconf 76' lang='grc' dir='ltr'>τὸ</span> <span class='ocrx_word' id='word_1_563' title='bbox 2682 3549 2915 3619; x_wconf 80' lang='grc' dir='ltr'>Χριστοῦ</span> <span class='ocrx_word' id='word_1_564' title='bbox 2951 3554 3276 3623; x_wconf 84' lang='grc' dir='ltr'>μυστήριον,</span> <span class='ocrx_word' id='word_1_565' title='bbox 3306 3556 3403 3627; x_wconf 89' lang='grc' dir='ltr'><strong>τῆς</strong></span> <span class='ocrx_word' id='word_1_566' title='bbox 3445 3559 3666 3613; x_wconf 79' lang='grc' dir='ltr'>αἰωνίου</span> <span class='ocrx_word' id='word_1_567' title='bbox 3706 3558 3855 3629; x_wconf 82' lang='grc' dir='ltr'>ζωῆς</span> 
     </span>
    </p>
   </div>
   <div class='ocr_carea' id='block_1_70' title="bbox 586 3632 2163 3721">
    <p class='ocr_par' dir='ltr' id='par_1_70' title="bbox 586 3632 2161 3702">
     <span class='ocr_line' id='line_1_70' title="bbox 586 3632 2161 3702; baseline 0.001 -15"><span class='ocrx_word' id='word_1_568' title='bbox 586 3649 772 3688; x_wconf 90' lang='lat' dir='ltr'><strong>verum</strong></span> <span class='ocrx_word' id='word_1_569' title='bbox 804 3636 993 3701; x_wconf 88' lang='lat' dir='ltr'><strong>Deum,</strong></span> <span class='ocrx_word' id='word_1_570' title='bbox 1022 3644 1075 3687; x_wconf 93' lang='lat' dir='ltr'><strong>et</strong></span> <span class='ocrx_word' id='word_1_571' title='bbox 1104 3649 1263 3702; x_wconf 88' lang='lat' dir='ltr'><strong>quem</strong></span> <span class='ocrx_word' id='word_1_572' title='bbox 1296 3634 1493 3687; x_wconf 88' lang='lat' dir='ltr'><strong>misisti</strong></span> <span class='ocrx_word' id='word_1_573' title='bbox 1522 3632 1706 3689; x_wconf 85' lang='lat' dir='ltr'><strong>Jesum</strong></span> <span class='ocrx_word' id='word_1_574' title='bbox 1738 3636 2014 3690; x_wconf 87' lang='lat' dir='ltr'><strong>Christum</strong></span> <span class='ocrx_word' id='word_1_575' title='bbox 2043 3636 2109 3689; x_wconf 73' lang='lat'><strong>“.</strong></span> <span class='ocrx_word' id='word_1_576' title='bbox 2139 3653 2161 3687; x_wconf 72' lang='grc' dir='ltr'><strong>ι</strong></span> 
     </span>
    </p>
   </div>
   <div class='ocr_carea' id='block_1_71' title="bbox 2269 3632 3858 3721">
    <p class='ocr_par' dir='ltr' id='par_1_71' title="bbox 2269 3638 3858 3721">
     <span class='ocr_line' id='line_1_71' title="bbox 2269 3638 3858 3721; baseline 0.016 -37"><span class='ocrx_word' id='word_1_577' title='bbox 2269 3638 2633 3703; x_wconf 84' lang='grc' dir='ltr'>περιποιεῖται</span> <span class='ocrx_word' id='word_1_578' title='bbox 2655 3639 2753 3710; x_wconf 79' lang='grc' dir='ltr'>τὴν</span> <span class='ocrx_word' id='word_1_579' title='bbox 2788 3641 3004 3711; x_wconf 81' lang='grc' dir='ltr'>μέθεξιν</span> <span class='ocrx_word' id='word_1_580' title='bbox 3024 3646 3136 3707; x_wconf 87' lang='grc' dir='ltr'>τοῖς</span> <span class='ocrx_word' id='word_1_581' title='bbox 3170 3646 3313 3700; x_wconf 79' lang='grc' dir='ltr'>ἑλεῖν</span> <span class='ocrx_word' id='word_1_582' title='bbox 3345 3648 3549 3715; x_wconf 79' lang='grc' dir='ltr'>ἀξίοις,</span> <span class='ocrx_word' id='word_1_583' title='bbox 3583 3650 3858 3721; x_wconf 74' lang='grc' dir='ltr'>πληροφο·</span> 
     </span>
    </p>
   </div>
   <div class='ocr_carea' id='block_1_72' title="bbox 586 3724 3856 3813">
    <p class='ocr_par' dir='ltr' id='par_1_72' title="bbox 586 3724 3856 3813">
     <span class='ocr_line' id='line_1_72' title="bbox 586 3724 3856 3813; baseline 0.004 -34"><span class='ocrx_word' id='word_1_584' title='bbox 586 3726 745 3797; x_wconf 86' lang='grc' dir='ltr'>ρήσει</span> <span class='ocrx_word' id='word_1_585' title='bbox 773 3724 945 3795; x_wconf 84' lang='grc' dir='ltr'>λέγων</span> <span class='ocrx_word' id='word_1_586' title='bbox 976 3725 1134 3789; x_wconf 76' lang='grc' dir='ltr'>αὐτὸς</span> <span class='ocrx_word' id='word_1_587' title='bbox 1166 3729 1194 3780; x_wconf 88' lang='grc' dir='ltr'><strong>ό</strong></span> <span class='ocrx_word' id='word_1_588' title='bbox 1225 3727 1354 3790; x_wconf 76' lang='grc' dir='ltr'>Υἱὸς</span> <span class='ocrx_word' id='word_1_589' title='bbox 1400 3727 1536 3797; x_wconf 79' lang='grc' dir='ltr'>πρὸς</span> <span class='ocrx_word' id='word_1_590' title='bbox 1562 3726 1653 3781; x_wconf 81' lang='grc' dir='ltr'>τὸν</span> <span class='ocrx_word' id='word_1_591' title='bbox 1683 3729 1739 3781; x_wconf 80' lang='grc' dir='ltr'>ὲν</span> <span class='ocrx_word' id='word_1_592' title='bbox 1772 3729 1885 3790; x_wconf 87' lang='grc' dir='ltr'>τοῖς</span> <span class='ocrx_word' id='word_1_593' title='bbox 1918 3727 2168 3799; x_wconf 74' lang='grc' dir='ltr'>οὐρανοῖς</span> <span class='ocrx_word' id='word_1_594' title='bbox 2199 3726 2418 3796; x_wconf 85' lang='grc' dir='ltr'>Πατέρα</span> <span class='ocrx_word' id='word_1_595' title='bbox 2449 3728 2544 3779; x_wconf 70' lang='grc' dir='ltr'>καὶ</span> <span class='ocrx_word' id='word_1_596' title='bbox 2570 3728 2706 3783; x_wconf 79' lang='grc' dir='ltr'>Θεὸν</span> <span class='ocrx_word' id='word_1_597' title='bbox 2730 3746 2743 3762; x_wconf 78' lang='lat'>&#39;</span> <span class='ocrx_word' id='word_1_598' title='bbox 2792 3731 2971 3803; x_wconf 73' lang='grc' dir='ltr'>(Αὕτη</span> <span class='ocrx_word' id='word_1_599' title='bbox 2998 3733 3055 3786; x_wconf 82' lang='grc' dir='ltr'><strong>δέ</strong></span> <span class='ocrx_word' id='word_1_600' title='bbox 3083 3736 3232 3790; x_wconf 74' lang='grc' dir='ltr'>ἐστιν</span> <span class='ocrx_word' id='word_1_601' title='bbox 3265 3740 3299 3809; x_wconf 83' lang='grc' dir='ltr'><strong>ή</strong></span> <span class='ocrx_word' id='word_1_602' title='bbox 3340 3740 3556 3804; x_wconf 75' lang='grc' dir='ltr'>αἰώνιος</span> <span class='ocrx_word' id='word_1_603' title='bbox 3596 3742 3731 3813; x_wconf 79' lang='grc' dir='ltr'>ζωὴ,</span> <span class='ocrx_word' id='word_1_604' title='bbox 3776 3743 3856 3795; x_wconf 83' lang='grc' dir='ltr'><strong>ἰνα</strong></span> 
     </span>
    </p>
   </div>
   <div class='ocr_carea' id='block_1_73' title="bbox 582 3819 2574 3891">
    <p class='ocr_par' dir='ltr' id='par_1_73' title="bbox 582 3819 2574 3891">
     <span class='ocr_line' id='line_1_73' title="bbox 582 3819 2574 3891; baseline 0.001 -17"><span class='ocrx_word' id='word_1_605' title='bbox 582 3821 895 3891; x_wconf 80' lang='grc' dir='ltr'>γινώσκωσί</span> <span class='ocrx_word' id='word_1_606' title='bbox 926 3838 985 3873; x_wconf 80' lang='grc' dir='ltr'><strong>σε</strong></span> <span class='ocrx_word' id='word_1_607' title='bbox 1011 3821 1102 3873; x_wconf 80' lang='grc' dir='ltr'>τὸν</span> <span class='ocrx_word' id='word_1_608' title='bbox 1131 3822 1289 3890; x_wconf 85' lang='grc' dir='ltr'>μόνον</span> <span class='ocrx_word' id='word_1_609' title='bbox 1319 3820 1572 3890; x_wconf 76' lang='grc' dir='ltr'>ἀληθινὸν</span> <span class='ocrx_word' id='word_1_610' title='bbox 1603 3820 1755 3884; x_wconf 81' lang='grc' dir='ltr'>Θεὸν,</span> <span class='ocrx_word' id='word_1_611' title='bbox 1785 3821 1878 3874; x_wconf 73' lang='grc' dir='ltr'><strong>καὶ</strong></span> <span class='ocrx_word' id='word_1_612' title='bbox 1907 3820 1965 3874; x_wconf 77' lang='grc' dir='ltr'>ὃν</span> <span class='ocrx_word' id='word_1_613' title='bbox 1994 3819 2321 3882; x_wconf 84' lang='grc' dir='ltr'>ἀπέστειλας</span> <span class='ocrx_word' id='word_1_614' title='bbox 2346 3819 2574 3891; x_wconf 81' lang='grc' dir='ltr'>Ἰησοῦν.</span> 
     </span>
    </p>
   </div>
   <div class='ocr_carea' id='block_1_74' title="bbox 660 3910 2156 3979">
    <p class='ocr_par' dir='ltr' id='par_1_74' title="bbox 660 3910 2156 3979">
     <span class='ocr_line' id='line_1_74' title="bbox 660 3910 2156 3979; baseline 0 -14"><span class='ocrx_word' id='word_1_615' title='bbox 660 3913 819 3967; x_wconf 71' lang='lat' dir='ltr'><strong>Vens-</strong></span> <span class='ocrx_word' id='word_1_616' title='bbox 870 3912 960 3974; x_wconf 73' lang='grc'>21,</span> <span class='ocrx_word' id='word_1_617' title='bbox 989 3912 1079 3965; x_wconf 68' lang='grc'><strong>22.</strong></span> <span class='ocrx_word' id='word_1_618' title='bbox 1136 3910 1202 3964; x_wconf 84' lang='grc' dir='ltr'>Ει</span> <span class='ocrx_word' id='word_1_619' title='bbox 1233 3914 1328 3966; x_wconf 76' lang='lat' dir='ltr'><strong>erit</strong></span> <span class='ocrx_word' id='word_1_620' title='bbox 1368 3914 1421 3967; x_wconf 81' lang='lat' dir='ltr'><strong>in</strong></span> <span class='ocrx_word' id='word_1_621' title='bbox 1444 3914 1527 3966; x_wconf 81' lang='lat' dir='ltr'><strong>die</strong></span> <span class='ocrx_word' id='word_1_622' title='bbox 1556 3912 1670 3979; x_wconf 85' lang='lat' dir='ltr'><strong>illa,</strong></span> <span class='ocrx_word' id='word_1_623' title='bbox 1706 3914 1834 3966; x_wconf 83' lang='lat' dir='ltr'><strong>dicit</strong></span> <span class='ocrx_word' id='word_1_624' title='bbox 1881 3913 2156 3979; x_wconf 78' lang='lat' dir='ltr'><strong>Dominus,</strong></span> 
     </span>
    </p>
   </div>
   <div class='ocr_carea' id='block_1_75' title="bbox 583 4004 2159 4069">
    <p class='ocr_par' dir='ltr' id='par_1_75' title="bbox 583 4004 2159 4069">
     <span class='ocr_line' id='line_1_75' title="bbox 583 4004 2159 4069; baseline -0.001 -10"><span class='ocrx_word' id='word_1_625' title='bbox 583 4005 867 4060; x_wconf 79' lang='lat' dir='ltr'><strong>exaudiam</strong></span> <span class='ocrx_word' id='word_1_626' title='bbox 893 4004 1096 4067; x_wconf 70' lang='lat' dir='ltr'><strong>caelum,</strong></span> <span class='ocrx_word' id='word_1_627' title='bbox 1126 4015 1169 4057; x_wconf 81' lang='lat' dir='ltr'><strong>et</strong></span> <span class='ocrx_word' id='word_1_628' title='bbox 1195 4004 1379 4058; x_wconf 74' lang='lat' dir='ltr'><strong>caelum</strong></span> <span class='ocrx_word' id='word_1_629' title='bbox 1409 4004 1653 4058; x_wconf 77' lang='lat' dir='ltr'><strong>exaudiet</strong></span> <span class='ocrx_word' id='word_1_630' title='bbox 1680 4016 1895 4069; x_wconf 80' lang='lat' dir='ltr'><strong>terram,</strong></span> <span class='ocrx_word' id='word_1_631' title='bbox 1941 4015 1987 4058; x_wconf 90' lang='lat' dir='ltr'><strong>et</strong></span> <span class='ocrx_word' id='word_1_632' title='bbox 2017 4015 2159 4058; x_wconf 86' lang='lat' dir='ltr'><strong>terra</strong></span> 
     </span>
    </p>
   </div>
   <div class='ocr_carea' id='block_1_76' title="bbox 582 4093 2157 4163">
    <p class='ocr_par' dir='ltr' id='par_1_76' title="bbox 582 4093 2157 4163">
     <span class='ocr_line' id='line_1_76' title="bbox 582 4093 2157 4163; baseline -0.001 -14"><span class='ocrx_word' id='word_1_633' title='bbox 582 4093 824 4149; x_wconf 61' lang='lat' dir='ltr'><strong>exaudiet</strong></span> <span class='ocrx_word' id='word_1_634' title='bbox 881 4094 1224 4163; x_wconf 74' lang='lat' dir='ltr'><strong>frumentum,</strong></span> <span class='ocrx_word' id='word_1_635' title='bbox 1276 4104 1326 4149; x_wconf 80' lang='lat' dir='ltr'><strong>et</strong></span> <span class='ocrx_word' id='word_1_636' title='bbox 1375 4097 1573 4160; x_wconf 73' lang='lat' dir='ltr'><strong>viuum,</strong></span> <span class='ocrx_word' id='word_1_637' title='bbox 1624 4108 1670 4150; x_wconf 78' lang='lat' dir='ltr'><strong>et</strong></span> <span class='ocrx_word' id='word_1_638' title='bbox 1704 4097 1901 4158; x_wconf 83' lang='lat' dir='ltr'><strong>oleum,</strong></span> <span class='ocrx_word' id='word_1_639' title='bbox 1931 4104 1979 4149; x_wconf 81' lang='lat' dir='ltr'><strong>et</strong></span> <span class='ocrx_word' id='word_1_640' title='bbox 2042 4096 2157 4151; x_wconf 81' lang='lat' dir='ltr'><strong>ivsa</strong></span> 
     </span>
    </p>
   </div>
   <div class='ocr_carea' id='block_1_77' title="bbox 584 4183 1105 4241">
    <p class='ocr_par' dir='ltr' id='par_1_77' title="bbox 584 4183 1105 4241">
     <span class='ocr_line' id='line_1_77' title="bbox 584 4183 1105 4241; baseline 0.002 -1"><span class='ocrx_word' id='word_1_641' title='bbox 584 4187 861 4241; x_wconf 74' lang='lat' dir='ltr'><strong>exaudient</strong></span> <span class='ocrx_word' id='word_1_642' title='bbox 877 4183 1105 4241; x_wconf 75' lang='lat' dir='ltr'><strong>Jezrael.</strong></span> 
     </span>
    </p>
   </div>
   <div class='ocr_carea' id='block_1_78' title="bbox 642 4360 2160 4435">
    <p class='ocr_par' dir='ltr' id='par_1_78' title="bbox 642 4360 2160 4435">
     <span class='ocr_line' id='line_1_78' title="bbox 642 4360 2160 4435; baseline 0.003 -19"><span class='ocrx_word' id='word_1_643' title='bbox 642 4360 795 4416; x_wconf 77' lang='lat' dir='ltr'><strong>XXX</strong></span> <span class='ocrx_word' id='word_1_644' title='bbox 821 4360 1053 4416; x_wconf 81' lang='lat' dir='ltr'><strong>Rursum</strong></span> <span class='ocrx_word' id='word_1_645' title='bbox 1068 4362 1156 4426; x_wconf 89' lang='lat' dir='ltr'><strong>hic</strong></span> <span class='ocrx_word' id='word_1_646' title='bbox 1167 4362 1307 4419; x_wconf 89' lang='lat' dir='ltr'><strong>diem</strong></span> <span class='ocrx_word' id='word_1_647' title='bbox 1323 4363 1593 4421; x_wconf 86' lang='lat' dir='ltr'><strong>vocationi</strong></span> <span class='ocrx_word' id='word_1_648' title='bbox 1610 4365 1937 4420; x_wconf 82' lang='lat' dir='ltr'><strong>conveniens</strong></span> <span class='ocrx_word' id='word_1_649' title='bbox 1952 4373 2160 4435; x_wconf 87' lang='lat' dir='ltr'><strong>tempus</strong></span> 
     </span>
    </p>
   </div>
   <div class='ocr_carea' id='block_1_79' title="bbox 2333 3914 3851 3995">
    <p class='ocr_par' dir='ltr' id='par_1_79' title="bbox 2333 3914 3851 3995">
     <span class='ocr_line' id='line_1_79' title="bbox 2333 3914 3851 3995; baseline 0.011 -29"><span class='ocrx_word' id='word_1_650' title='bbox 2333 3914 2443 3967; x_wconf 76' lang='lat' dir='ltr'><strong>Kal</strong></span> <span class='ocrx_word' id='word_1_651' title='bbox 2492 3916 2665 3979; x_wconf 59' lang='grc' dir='ltr'>ἔσται</span> <span class='ocrx_word' id='word_1_652' title='bbox 2712 3915 2785 3969; x_wconf 78' lang='grc' dir='ltr'><strong>ἐν</strong></span> <span class='ocrx_word' id='word_1_653' title='bbox 2831 3918 3032 3990; x_wconf 75' lang='grc' dir='ltr'>ἐκείνῃ</span> <span class='ocrx_word' id='word_1_654' title='bbox 3075 3922 3151 3992; x_wconf 78' lang='grc' dir='ltr'>τῇ</span> <span class='ocrx_word' id='word_1_655' title='bbox 3176 3924 3382 3993; x_wconf 75' lang='grc' dir='ltr'>ἡμέρᾳ,</span> <span class='ocrx_word' id='word_1_656' title='bbox 3420 3924 3579 3995; x_wconf 70' lang='grc' dir='ltr'>,λέγει</span> <span class='ocrx_word' id='word_1_657' title='bbox 3614 3928 3851 3995; x_wconf 71' lang='grc' dir='ltr'>Κύριοςν</span> 
     </span>
    </p>
   </div>
   <div class='ocr_carea' id='block_1_80' title="bbox 2263 4005 3851 4083">
    <p class='ocr_par' dir='ltr' id='par_1_80' title="bbox 2263 4005 3851 4083">
     <span class='ocr_line' id='line_1_80' title="bbox 2263 4005 3851 4083; baseline 0.01 -25"><span class='ocrx_word' id='word_1_658' title='bbox 2263 4005 2671 4076; x_wconf 76' lang='grc' dir='ltr'>ἐπακούσομαι</span> <span class='ocrx_word' id='word_1_659' title='bbox 2693 4008 2772 4075; x_wconf 83' lang='grc' dir='ltr'>τῷ</span> <span class='ocrx_word' id='word_1_660' title='bbox 2799 4011 3052 4080; x_wconf 82' lang='grc' dir='ltr'>οὐρανῷ.</span> <span class='ocrx_word' id='word_1_661' title='bbox 3089 4016 3186 4069; x_wconf 78' lang='grc' dir='ltr'>καὶ</span> <span class='ocrx_word' id='word_1_662' title='bbox 3231 4016 3414 4083; x_wconf 85' lang='grc' dir='ltr'>αὐτὸς</span> <span class='ocrx_word' id='word_1_663' title='bbox 3447 4017 3851 4074; x_wconf 80' lang='grc' dir='ltr'>ἐπακούσεται</span> 
     </span>
    </p>
   </div>
   <div class='ocr_carea' id='block_1_81' title="bbox 2264 4098 3854 4173">
    <p class='ocr_par' dir='ltr' id='par_1_81' title="bbox 2264 4098 3854 4173">
     <span class='ocr_line' id='line_1_81' title="bbox 2264 4098 3854 4173; baseline 0.009 -22"><span class='ocrx_word' id='word_1_664' title='bbox 2264 4098 2339 4168; x_wconf 74' lang='grc' dir='ltr'>τῇ</span> <span class='ocrx_word' id='word_1_665' title='bbox 2377 4098 2473 4169; x_wconf 76' lang='grc' dir='ltr'><strong>γῇ,</strong></span> <span class='ocrx_word' id='word_1_666' title='bbox 2504 4100 2600 4153; x_wconf 75' lang='grc' dir='ltr'>καὶ</span> <span class='ocrx_word' id='word_1_667' title='bbox 2645 4103 2683 4169; x_wconf 74' lang='grc' dir='ltr'>ἡ</span> <span class='ocrx_word' id='word_1_668' title='bbox 2711 4102 2788 4171; x_wconf 72' lang='grc' dir='ltr'><strong><em>γιῆ</em></strong></span> <span class='ocrx_word' id='word_1_669' title='bbox 2820 4103 3221 4160; x_wconf 73' lang='grc' dir='ltr'>ἐπακούσεται</span> <span class='ocrx_word' id='word_1_670' title='bbox 3249 4108 3355 4161; x_wconf 74' lang='grc' dir='ltr'><strong>τὸν</strong></span> <span class='ocrx_word' id='word_1_671' title='bbox 3399 4110 3591 4173; x_wconf 74' lang='grc' dir='ltr'>σῖτον,</span> <span class='ocrx_word' id='word_1_672' title='bbox 3620 4112 3717 4164; x_wconf 74' lang='grc' dir='ltr'>καὶ</span> <span class='ocrx_word' id='word_1_673' title='bbox 3748 4114 3854 4165; x_wconf 79' lang='grc' dir='ltr'><strong>τὸν</strong></span> 
     </span>
    </p>
   </div>
   <div class='ocr_carea' id='block_1_82' title="bbox 2264 4186 3850 4260">
    <p class='ocr_par' dir='ltr' id='par_1_82' title="bbox 2264 4186 3850 4260">
     <span class='ocr_line' id='line_1_82' title="bbox 2264 4186 3850 4260; baseline 0.009 -17"><span class='ocrx_word' id='word_1_674' title='bbox 2264 4186 2430 4244; x_wconf 76' lang='grc' dir='ltr'>οἶνον</span> <span class='ocrx_word' id='word_1_675' title='bbox 2460 4190 2559 4243; x_wconf 78' lang='grc' dir='ltr'>καὶ</span> <span class='ocrx_word' id='word_1_676' title='bbox 2593 4191 2660 4244; x_wconf 84' lang='grc' dir='ltr'>τὸ</span> <span class='ocrx_word' id='word_1_677' title='bbox 2699 4192 2926 4260; x_wconf 73' lang='grc' dir='ltr'>ἔλαιον,</span> <span class='ocrx_word' id='word_1_678' title='bbox 2955 4197 3049 4250; x_wconf 79' lang='grc' dir='ltr'>καὶ</span> <span class='ocrx_word' id='word_1_679' title='bbox 3082 4198 3235 4253; x_wconf 80' lang='grc' dir='ltr'>αὐτὰ</span> <span class='ocrx_word' id='word_1_680' title='bbox 3277 4200 3719 4257; x_wconf 69' lang='grc' dir='ltr'>ἐπακούσονται</span> <span class='ocrx_word' id='word_1_681' title='bbox 3742 4202 3850 4257; x_wconf 78' lang='grc' dir='ltr'><strong>τοῦ</strong></span> 
     </span>
    </p>
   </div>
   <div class='ocr_carea' id='block_1_83' title="bbox 2279 4280 2553 4348">
    <p class='ocr_par' dir='ltr' id='par_1_83' title="bbox 2279 4280 2553 4348">
     <span class='ocr_line' id='line_1_83' title="bbox 2279 4280 2553 4348; baseline -0.004 -12"><span class='ocrx_word' id='word_1_682' title='bbox 2279 4280 2553 4348; x_wconf 73' lang='grc' dir='ltr'>Ἰεζραέλ.</span> 
     </span>
    </p>
   </div>
   <div class='ocr_carea' id='block_1_84' title="bbox 2333 4372 3848 4458">
    <p class='ocr_par' dir='ltr' id='par_1_84' title="bbox 2333 4372 3848 4458">
     <span class='ocr_line' id='line_1_84' title="bbox 2333 4372 3848 4458; baseline 0.01 -34"><span class='ocrx_word' id='word_1_683' title='bbox 2333 4373 2414 4426; x_wconf 86' lang='grc' dir='ltr'><strong>Λ’.</strong></span> <span class='ocrx_word' id='word_1_684' title='bbox 2465 4372 2714 4445; x_wconf 79' lang='grc' dir='ltr'>Ἥμέραν</span> <span class='ocrx_word' id='word_1_685' title='bbox 2750 4375 2813 4445; x_wconf 78' lang='grc' dir='ltr'>δὴ</span> <span class='ocrx_word' id='word_1_686' title='bbox 2844 4377 3005 4430; x_wconf 77' lang='grc' dir='ltr'>πάλιν</span> <span class='ocrx_word' id='word_1_687' title='bbox 3056 4379 3113 4431; x_wconf 71' lang='grc' dir='ltr'>ὲν</span> <span class='ocrx_word' id='word_1_688' title='bbox 3161 4381 3371 4445; x_wconf 85' lang='grc' dir='ltr'>τούτοις</span> <span class='ocrx_word' id='word_1_689' title='bbox 3402 4384 3495 4435; x_wconf 81' lang='grc' dir='ltr'>τὸν</span> <span class='ocrx_word' id='word_1_690' title='bbox 3541 4386 3605 4454; x_wconf 83' lang='grc' dir='ltr'><strong>τῇ</strong></span> <span class='ocrx_word' id='word_1_691' title='bbox 3658 4385 3848 4458; x_wconf 84' lang='grc' dir='ltr'>κλήσει</span> 
     </span>
    </p>
   </div>
   <div class='ocr_carea' id='block_1_85' title="bbox 583 4450 2163 4548">
    <p class='ocr_par' dir='ltr' id='par_1_85' title="bbox 583 4450 2153 4526">
     <span class='ocr_line' id='line_1_85' title="bbox 583 4450 2153 4526; baseline 0.007 -21"><span class='ocrx_word' id='word_1_692' title='bbox 583 4461 882 4520; x_wconf 79' lang='lat' dir='ltr'><strong>nuncupat.</strong></span> <span class='ocrx_word' id='word_1_693' title='bbox 933 4450 1030 4508; x_wconf 86' lang='lat' dir='ltr'><strong>llic</strong></span> <span class='ocrx_word' id='word_1_694' title='bbox 1072 4454 1269 4523; x_wconf 90' lang='lat' dir='ltr'><strong>quippe</strong></span> <span class='ocrx_word' id='word_1_695' title='bbox 1324 4456 1623 4526; x_wconf 74' lang='lat' dir='ltr'><strong>Scriptum</strong></span> <span class='ocrx_word' id='word_1_696' title='bbox 1675 4472 1846 4513; x_wconf 64' lang='lat' dir='ltr'><strong>sacrae</strong></span> <span class='ocrx_word' id='word_1_697' title='bbox 1895 4473 2011 4513; x_wconf 92' lang='lat' dir='ltr'><strong>mos</strong></span> <span class='ocrx_word' id='word_1_698' title='bbox 2051 4469 2153 4516; x_wconf 78' lang='lat' dir='ltr'><strong>est.</strong></span> 
     </span>
    </p>
   </div>
   <div class='ocr_carea' id='block_1_86' title="bbox 2269 4450 3846 4548">
    <p class='ocr_par' dir='ltr' id='par_1_86' title="bbox 2269 4450 3846 4548">
     <span class='ocr_line' id='line_1_86' title="bbox 2269 4450 3846 4548; baseline 0.01 -33"><span class='ocrx_word' id='word_1_699' title='bbox 2269 4465 2543 4535; x_wconf 80' lang='grc' dir='ltr'>πρέποντα</span> <span class='ocrx_word' id='word_1_700' title='bbox 2593 4468 2957 4537; x_wconf 78' lang='grc' dir='ltr'>κατονομάζει</span> <span class='ocrx_word' id='word_1_701' title='bbox 3006 4471 3226 4542; x_wconf 86' lang='grc' dir='ltr'>καιρόν·</span> <span class='ocrx_word' id='word_1_702' title='bbox 3264 4473 3426 4527; x_wconf 83' lang='grc' dir='ltr'>τοῦτο</span> <span class='ocrx_word' id='word_1_703' title='bbox 3475 4450 3604 4545; x_wconf 67' lang='grc' dir='ltr'><strong>γὰρ⁷</strong></span> <span class='ocrx_word' id='word_1_704' title='bbox 3632 4450 3846 4548; x_wconf 45' lang='grc' dir='ltr'>ἔθυς’τῇ</span> 
     </span>
    </p>
   </div>
   <div class='ocr_carea' id='block_1_87' title="bbox 584 4543 2153 4619">
    <p class='ocr_par' dir='ltr' id='par_1_87' title="bbox 584 4543 2153 4619">
     <span class='ocr_line' id='line_1_87' title="bbox 584 4543 2153 4619; baseline 0.004 -21"><span class='ocrx_word' id='word_1_705' title='bbox 584 4543 645 4598; x_wconf 85' lang='grc' dir='ltr'>1η</span> <span class='ocrx_word' id='word_1_706' title='bbox 685 4543 925 4598; x_wconf 90' lang='lat' dir='ltr'><strong>omnium</strong></span> <span class='ocrx_word' id='word_1_707' title='bbox 974 4544 1140 4616; x_wconf 81' lang='lat' dir='ltr'><strong>igitur</strong></span> <span class='ocrx_word' id='word_1_708' title='bbox 1184 4546 1472 4613; x_wconf 90' lang='lat' dir='ltr'><strong>bonorum,</strong></span> <span class='ocrx_word' id='word_1_709' title='bbox 1509 4562 1998 4619; x_wconf 87' lang='lat' dir='ltr'><strong>snpernorumque,</strong></span> <span class='ocrx_word' id='word_1_710' title='bbox 2045 4559 2153 4605; x_wconf 87' lang='lat' dir='ltr'><strong>eta</strong></span> 
     </span>
    </p>
   </div>
   <div class='ocr_carea' id='block_1_88' title="bbox 589 4633 2155 4705">
    <p class='ocr_par' dir='ltr' id='par_1_88' title="bbox 589 4633 2155 4705">
     <span class='ocr_line' id='line_1_88' title="bbox 589 4633 2155 4705; baseline 0.004 -17"><span class='ocrx_word' id='word_1_711' title='bbox 589 4633 700 4690; x_wconf 87' lang='lat' dir='ltr'><strong>Deo</strong></span> <span class='ocrx_word' id='word_1_712' title='bbox 734 4637 1195 4705; x_wconf 84' lang='lat' dir='ltr'><strong>suppeditatorum</strong></span> <span class='ocrx_word' id='word_1_713' title='bbox 1232 4637 1493 4693; x_wconf 90' lang='lat' dir='ltr'><strong>donorum</strong></span> <span class='ocrx_word' id='word_1_714' title='bbox 1558 4638 1831 4696; x_wconf 81' lang='lat' dir='ltr'><strong>amuentia</strong></span> <span class='ocrx_word' id='word_1_715' title='bbox 1905 4639 2155 4696; x_wconf 85' lang='lat' dir='ltr'><strong>lsraelem</strong></span> 
     </span>
    </p>
   </div>
   <div class='ocr_carea' id='block_1_89' title="bbox 584 4731 2155 4801">
    <p class='ocr_par' dir='ltr' id='par_1_89' title="bbox 584 4731 2155 4801">
     <span class='ocr_line' id='line_1_89' title="bbox 584 4731 2155 4801; baseline 0.002 -16"><span class='ocrx_word' id='word_1_716' title='bbox 584 4731 691 4786; x_wconf 68' lang='lat' dir='ltr'><strong>fide</strong></span> <span class='ocrx_word' id='word_1_717' title='bbox 731 4732 782 4785; x_wconf 90' lang='lat' dir='ltr'><strong>in</strong></span> <span class='ocrx_word' id='word_1_718' title='bbox 814 4732 1087 4787; x_wconf 83' lang='lat' dir='ltr'><strong>Christum</strong></span> <span class='ocrx_word' id='word_1_719' title='bbox 1131 4731 1418 4801; x_wconf 86' lang='lat' dir='ltr'><strong>aliquando</strong></span> <span class='ocrx_word' id='word_1_720' title='bbox 1454 4734 1779 4788; x_wconf 88' lang='lat' dir='ltr'><strong>illustratum</strong></span> <span class='ocrx_word' id='word_1_721' title='bbox 1818 4734 1903 4795; x_wconf 87' lang='lat' dir='ltr'><strong>iri,</strong></span> <span class='ocrx_word' id='word_1_722' title='bbox 1928 4734 2028 4788; x_wconf 85' lang='lat' dir='ltr'><strong>sub</strong></span> <span class='ocrx_word' id='word_1_723' title='bbox 2061 4749 2155 4788; x_wconf 79' lang='lat' dir='ltr'><strong>ve-</strong></span> 
     </span>
    </p>
   </div>
   <div class='ocr_carea' id='block_1_90' title="bbox 585 4822 2158 4896">
    <p class='ocr_par' dir='ltr' id='par_1_90' title="bbox 585 4822 2158 4896">
     <span class='ocr_line' id='line_1_90' title="bbox 585 4822 2158 4896; baseline 0.004 -20"><span class='ocrx_word' id='word_1_724' title='bbox 585 4822 785 4877; x_wconf 85' lang='lat' dir='ltr'><strong>lamine</strong></span> <span class='ocrx_word' id='word_1_725' title='bbox 833 4824 1066 4894; x_wconf 89' lang='lat' dir='ltr'><strong>quodam</strong></span> <span class='ocrx_word' id='word_1_726' title='bbox 1114 4826 1375 4882; x_wconf 84' lang='lat' dir='ltr'><strong>ostendit.</strong></span> <span class='ocrx_word' id='word_1_727' title='bbox 1408 4824 1717 4881; x_wconf 87' lang='lat' dir='ltr'><strong>Pluviarum</strong></span> <span class='ocrx_word' id='word_1_728' title='bbox 1767 4827 2030 4896; x_wconf 87' lang='lat' dir='ltr'><strong>siquidem</strong></span> <span class='ocrx_word' id='word_1_729' title='bbox 2063 4841 2158 4881; x_wconf 88' lang='lat' dir='ltr'><strong>co-</strong></span> 
     </span>
    </p>
   </div>
   <div class='ocr_carea' id='block_1_91' title="bbox 586 4914 2158 4988">
    <p class='ocr_par' dir='ltr' id='par_1_91' title="bbox 586 4914 2158 4988">
     <span class='ocr_line' id='line_1_91' title="bbox 586 4914 2158 4988; baseline 0.003 -23"><span class='ocrx_word' id='word_1_730' title='bbox 586 4914 732 4984; x_wconf 88' lang='lat' dir='ltr'><strong>piam</strong></span> <span class='ocrx_word' id='word_1_731' title='bbox 780 4914 895 4969; x_wconf 82' lang='lat' dir='ltr'><strong>l’ore</strong></span> <span class='ocrx_word' id='word_1_732' title='bbox 935 4925 1181 4971; x_wconf 87' lang='lat' dir='ltr'><strong>autumat</strong></span> <span class='ocrx_word' id='word_1_733' title='bbox 1220 4918 1336 4988; x_wconf 90' lang='lat' dir='ltr'><strong>ipso</strong></span> <span class='ocrx_word' id='word_1_734' title='bbox 1380 4927 1692 4985; x_wconf 85' lang='lat' dir='ltr'><strong>annuente;</strong></span> <span class='ocrx_word' id='word_1_735' title='bbox 1730 4918 1832 4973; x_wconf 89' lang='lat' dir='ltr'><strong>hoc</strong></span> <span class='ocrx_word' id='word_1_736' title='bbox 1878 4919 2020 4974; x_wconf 89' lang='lat' dir='ltr'><strong>enim</strong></span> <span class='ocrx_word' id='word_1_737' title='bbox 2044 4918 2158 4987; x_wconf 79' lang='lat' dir='ltr'><strong>api—</strong></span> 
     </span>
    </p>
   </div>
   <div class='ocr_carea' id='block_1_92' title="bbox 588 5008 2157 5075">
    <p class='ocr_par' dir='ltr' id='par_1_92' title="bbox 588 5008 2157 5075">
     <span class='ocr_line' id='line_1_92' title="bbox 588 5008 2157 5075; baseline 0.003 -15"><span class='ocrx_word' id='word_1_738' title='bbox 588 5022 709 5071; x_wconf 81' lang='lat' dir='ltr'><strong>nor,</strong></span> <span class='ocrx_word' id='word_1_739' title='bbox 759 5017 863 5072; x_wconf 79' lang='lat' dir='ltr'><strong>eSI,</strong></span> <span class='ocrx_word' id='word_1_740' title='bbox 901 5008 1039 5074; x_wconf 89' lang='lat' dir='ltr'><strong>quod</strong></span> <span class='ocrx_word' id='word_1_741' title='bbox 1084 5009 1299 5071; x_wconf 87' lang='lat' dir='ltr'><strong>asserit,</strong></span> <span class='ocrx_word' id='word_1_742' title='bbox 1338 5027 1356 5060; x_wconf 86' lang='grc' dir='ltr'><strong>ι</strong></span> <span class='ocrx_word' id='word_1_743' title='bbox 1385 5011 1669 5065; x_wconf 75' lang='lat' dir='ltr'><strong>exaudiam</strong></span> <span class='ocrx_word' id='word_1_744' title='bbox 1694 5011 1911 5065; x_wconf 78' lang='lat' dir='ltr'><strong>cmlnm.</strong></span> <span class='ocrx_word' id='word_1_745' title='bbox 1942 5029 1960 5062; x_wconf 75' lang='grc' dir='ltr'><strong>ι</strong></span> <span class='ocrx_word' id='word_1_746' title='bbox 2018 5009 2157 5075; x_wconf 86' lang='lat' dir='ltr'><strong>Quin</strong></span> 
     </span>
    </p>
   </div>
   <div class='ocr_carea' id='block_1_93' title="bbox 586 5097 2159 5158">
    <p class='ocr_par' dir='ltr' id='par_1_93' title="bbox 586 5097 2159 5158">
     <span class='ocr_line' id='line_1_93' title="bbox 586 5097 2159 5158; baseline 0.003 -6"><span class='ocrx_word' id='word_1_747' title='bbox 586 5107 642 5152; x_wconf 91' lang='lat' dir='ltr'><strong>et</strong></span> <span class='ocrx_word' id='word_1_748' title='bbox 698 5097 750 5152; x_wconf 91' lang='lat' dir='ltr'><strong>in</strong></span> <span class='ocrx_word' id='word_1_749' title='bbox 818 5109 959 5153; x_wconf 90' lang='lat' dir='ltr'><strong>terra</strong></span> <span class='ocrx_word' id='word_1_750' title='bbox 1036 5100 1285 5155; x_wconf 85' lang='lat' dir='ltr'><strong>deorsum</strong></span> <span class='ocrx_word' id='word_1_751' title='bbox 1354 5101 1671 5156; x_wconf 85' lang='lat' dir='ltr'><strong>utilissimos</strong></span> <span class='ocrx_word' id='word_1_752' title='bbox 1726 5114 1780 5158; x_wconf 90' lang='lat' dir='ltr'><strong>et</strong></span> <span class='ocrx_word' id='word_1_753' title='bbox 1819 5102 2159 5157; x_wconf 82' lang='lat' dir='ltr'><strong>necessarios</strong></span> 
     </span>
    </p>
   </div>
   <div class='ocr_carea' id='block_1_94' title="bbox 588 5185 2161 5264">
    <p class='ocr_par' dir='ltr' id='par_1_94' title="bbox 588 5185 2161 5264">
     <span class='ocr_line' id='line_1_94' title="bbox 588 5185 2161 5264; baseline 0.004 -23"><span class='ocrx_word' id='word_1_754' title='bbox 588 5185 798 5243; x_wconf 80' lang='lat' dir='ltr'><strong>fructus</strong></span> <span class='ocrx_word' id='word_1_755' title='bbox 865 5190 1023 5244; x_wconf 86' lang='lat' dir='ltr'><strong>nobis</strong></span> <span class='ocrx_word' id='word_1_756' title='bbox 1083 5191 1264 5246; x_wconf 82' lang='lat' dir='ltr'><strong>dntnm</strong></span> <span class='ocrx_word' id='word_1_757' title='bbox 1311 5191 1400 5246; x_wconf 91' lang='lat' dir='ltr'><strong>iri.</strong></span> <span class='ocrx_word' id='word_1_758' title='bbox 1451 5191 1586 5246; x_wconf 78' lang='lat' dir='ltr'><strong>Nam</strong></span> <span class='ocrx_word' id='word_1_759' title='bbox 1630 5195 1745 5247; x_wconf 91' lang='lat' dir='ltr'><strong>sine</strong></span> <span class='ocrx_word' id='word_1_760' title='bbox 1811 5195 1916 5247; x_wconf 85' lang='lat' dir='ltr'><strong>Deo</strong></span> <span class='ocrx_word' id='word_1_761' title='bbox 1948 5192 2052 5264; x_wconf 82' lang='lat'><strong>55</strong></span> <span class='ocrx_word' id='word_1_762' title='bbox 2105 5206 2161 5248; x_wconf 89' lang='lat' dir='ltr'><strong>et</strong></span> 
     </span>
    </p>
   </div>
   <div class='ocr_carea' id='block_1_95' title="bbox 590 5283 2157 5352">
    <p class='ocr_par' dir='ltr' id='par_1_95' title="bbox 590 5283 2157 5352">
     <span class='ocr_line' id='line_1_95' title="bbox 590 5283 2157 5352; baseline 0.003 -18"><span class='ocrx_word' id='word_1_763' title='bbox 590 5294 826 5350; x_wconf 87' lang='lat' dir='ltr'><strong>superno</strong></span> <span class='ocrx_word' id='word_1_764' title='bbox 860 5283 1155 5348; x_wconf 85' lang='lat' dir='ltr'><strong>arbitratu,</strong></span> <span class='ocrx_word' id='word_1_765' title='bbox 1215 5298 1314 5339; x_wconf 89' lang='lat' dir='ltr'><strong>nec</strong></span> <span class='ocrx_word' id='word_1_766' title='bbox 1354 5284 1551 5339; x_wconf 86' lang='lat' dir='ltr'><strong>coelum</strong></span> <span class='ocrx_word' id='word_1_767' title='bbox 1613 5284 1901 5352; x_wconf 81' lang='lat' dir='ltr'><strong>aliquando</strong></span> <span class='ocrx_word' id='word_1_768' title='bbox 1954 5286 2157 5339; x_wconf 85' lang='lat' dir='ltr'><strong>imbres</strong></span> 
     </span>
    </p>
   </div>
   <div class='ocr_carea' id='block_1_96' title="bbox 589 5371 2159 5443">
    <p class='ocr_par' dir='ltr' id='par_1_96' title="bbox 589 5371 2159 5443">
     <span class='ocr_line' id='line_1_96' title="bbox 589 5371 2159 5443; baseline 0.004 -17"><span class='ocrx_word' id='word_1_769' title='bbox 589 5371 645 5426; x_wconf 87' lang='lat' dir='ltr'><strong>in</strong></span> <span class='ocrx_word' id='word_1_770' title='bbox 694 5382 891 5427; x_wconf 87' lang='lat' dir='ltr'><strong>terram</strong></span> <span class='ocrx_word' id='word_1_771' title='bbox 943 5374 1211 5442; x_wconf 87' lang='lat' dir='ltr'><strong>demittet,</strong></span> <span class='ocrx_word' id='word_1_772' title='bbox 1263 5389 1363 5430; x_wconf 89' lang='lat' dir='ltr'><strong>nec</strong></span> <span class='ocrx_word' id='word_1_773' title='bbox 1404 5385 1547 5430; x_wconf 83' lang='lat' dir='ltr'><strong>terra</strong></span> <span class='ocrx_word' id='word_1_774' title='bbox 1596 5375 1886 5443; x_wconf 87' lang='lat' dir='ltr'><strong>aliquando</strong></span> <span class='ocrx_word' id='word_1_775' title='bbox 1954 5376 2159 5432; x_wconf 75' lang='lat' dir='ltr'><strong>fructus</strong></span> 
     </span>
    </p>
   </div>
   <div class='ocr_carea' id='block_1_97' title="bbox 592 5464 2156 5538">
    <p class='ocr_par' dir='ltr' id='par_1_97' title="bbox 592 5464 2156 5538">
     <span class='ocr_line' id='line_1_97' title="bbox 592 5464 2156 5538; baseline 0.003 -19"><span class='ocrx_word' id='word_1_776' title='bbox 592 5478 723 5519; x_wconf 82' lang='lat' dir='ltr'><strong>suos</strong></span> <span class='ocrx_word' id='word_1_777' title='bbox 760 5465 1039 5532; x_wconf 90' lang='lat' dir='ltr'><strong>producet.</strong></span> <span class='ocrx_word' id='word_1_778' title='bbox 1069 5464 1124 5519; x_wconf 91' lang='lat' dir='ltr'><strong>ld</strong></span> <span class='ocrx_word' id='word_1_779' title='bbox 1166 5466 1312 5536; x_wconf 89' lang='lat' dir='ltr'><strong>quod</strong></span> <span class='ocrx_word' id='word_1_780' title='bbox 1354 5469 1529 5522; x_wconf 87' lang='lat' dir='ltr'><strong>sciens</strong></span> <span class='ocrx_word' id='word_1_781' title='bbox 1563 5467 1823 5538; x_wconf 85' lang='lat' dir='ltr'><strong>pr0pheta</strong></span> <span class='ocrx_word' id='word_1_782' title='bbox 1857 5467 2156 5530; x_wconf 80' lang='lat' dir='ltr'><strong>Jeremias,</strong></span> 
     </span>
    </p>
   </div>
   <div class='ocr_carea' id='block_1_98' title="bbox 587 5553 2159 5630">
    <p class='ocr_par' dir='ltr' id='par_1_98' title="bbox 587 5553 2159 5630">
     <span class='ocr_line' id='line_1_98' title="bbox 587 5553 2159 5630; baseline 0.005 -24"><span class='ocrx_word' id='word_1_783' title='bbox 587 5554 778 5608; x_wconf 84' lang='lat' dir='ltr'><strong>orabat</strong></span> <span class='ocrx_word' id='word_1_784' title='bbox 813 5573 869 5609; x_wconf 76' lang='grc' dir='ltr'>ει</span> <span class='ocrx_word' id='word_1_785' title='bbox 916 5553 1168 5625; x_wconf 85' lang='lat' dir='ltr'><strong>Nunquid</strong></span> <span class='ocrx_word' id='word_1_786' title='bbox 1215 5566 1297 5613; x_wconf 90' lang='lat' dir='ltr'><strong>est</strong></span> <span class='ocrx_word' id='word_1_787' title='bbox 1339 5558 1390 5611; x_wconf 93' lang='lat' dir='ltr'><strong>in</strong></span> <span class='ocrx_word' id='word_1_788' title='bbox 1433 5558 1589 5613; x_wconf 79' lang='lat' dir='ltr'><strong>idolis</strong></span> <span class='ocrx_word' id='word_1_789' title='bbox 1616 5562 1855 5630; x_wconf 87' lang='lat' dir='ltr'><strong>gentium</strong></span> <span class='ocrx_word' id='word_1_790' title='bbox 1916 5560 2159 5630; x_wconf 80' lang='lat' dir='ltr'><strong>pluens?</strong></span> 
     </span>
    </p>
   </div>
   <div class='ocr_carea' id='block_1_99' title="bbox 589 5644 2159 5716">
    <p class='ocr_par' dir='ltr' id='par_1_99' title="bbox 589 5644 2159 5716">
     <span class='ocr_line' id='line_1_99' title="bbox 589 5644 2159 5716; baseline 0.003 -15"><span class='ocrx_word' id='word_1_791' title='bbox 589 5654 645 5701; x_wconf 82' lang='lat' dir='ltr'><strong>et</strong></span> <span class='ocrx_word' id='word_1_792' title='bbox 686 5644 729 5701; x_wconf 80' lang='lat' dir='ltr'><strong>si</strong></span> <span class='ocrx_word' id='word_1_793' title='bbox 775 5646 975 5703; x_wconf 73' lang='lat' dir='ltr'><strong>cmlum</strong></span> <span class='ocrx_word' id='word_1_794' title='bbox 1013 5648 1167 5703; x_wconf 89' lang='lat' dir='ltr'><strong>dabit</strong></span> <span class='ocrx_word' id='word_1_795' title='bbox 1206 5649 1505 5705; x_wconf 86' lang='lat' dir='ltr'><strong>satietatem</strong></span> <span class='ocrx_word' id='word_1_796' title='bbox 1547 5666 1723 5716; x_wconf 81' lang='lat' dir='ltr'><strong>suam,</strong></span> <span class='ocrx_word' id='word_1_797' title='bbox 1753 5667 1936 5707; x_wconf 84' lang='lat' dir='ltr'><strong>nonne</strong></span> <span class='ocrx_word' id='word_1_798' title='bbox 1985 5663 2039 5706; x_wconf 89' lang='grc' dir='ltr'><strong>ιιι</strong></span> <span class='ocrx_word' id='word_1_799' title='bbox 2100 5666 2159 5706; x_wconf 85' lang='lat' dir='ltr'><strong>es</strong></span> 
     </span>
    </p>
   </div>
   <div class='ocr_carea' id='block_1_100' title="bbox 665 5823 1800 5897">
    <p class='ocr_par' dir='ltr' id='par_1_100' title="bbox 665 5823 1800 5897">
     <span class='ocr_line' id='line_1_100' title="bbox 665 5823 1800 5897; baseline 0.004 -18"><span class='ocrx_word' id='word_1_800' title='bbox 665 5824 712 5856; x_wconf 86' lang='lat'><strong>”</strong></span> <span class='ocrx_word' id='word_1_801' title='bbox 743 5823 882 5882; x_wconf 77' lang='lat' dir='ltr'><strong>Psal.</strong></span> <span class='ocrx_word' id='word_1_802' title='bbox 916 5842 1035 5885; x_wconf 81' lang='lat' dir='ltr'><strong>LIII.</strong></span> <span class='ocrx_word' id='word_1_803' title='bbox 1069 5827 1123 5882; x_wconf 82' lang='grc'><strong>5.</strong></span> <span class='ocrx_word' id='word_1_804' title='bbox 1198 5828 1244 5860; x_wconf 74' lang='grc' dir='ltr'><strong><em>⁸ο</em></strong></span> <span class='ocrx_word' id='word_1_805' title='bbox 1262 5825 1416 5883; x_wconf 81' lang='lat' dir='ltr'><strong>Jonn.</strong></span> <span class='ocrx_word' id='word_1_806' title='bbox 1452 5831 1682 5897; x_wconf 55' lang='grc' dir='ltr'>ημῖν,</span> <span class='ocrx_word' id='word_1_807' title='bbox 1712 5832 1800 5888; x_wconf 71' lang='lat'><strong>52.</strong></span> 
     </span>
    </p>
   </div>
   <div class='ocr_carea' id='block_1_101' title="bbox 1876 5832 2812 5902">
    <p class='ocr_par' dir='ltr' id='par_1_101' title="bbox 1876 5832 2812 5902">
     <span class='ocr_line' id='line_1_101' title="bbox 1876 5832 2812 5902; baseline 0.002 -14"><span class='ocrx_word' id='word_1_808' title='bbox 1876 5836 1917 5865; x_wconf 84' lang='lat'><strong><em>&quot;</em></strong></span> <span class='ocrx_word' id='word_1_809' title='bbox 1957 5832 2107 5888; x_wconf 83' lang='lat' dir='ltr'><strong>Juan.</strong></span> <span class='ocrx_word' id='word_1_810' title='bbox 2146 5850 2225 5902; x_wconf 87' lang='grc' dir='ltr'>ιιι,</span> <span class='ocrx_word' id='word_1_811' title='bbox 2264 5834 2348 5889; x_wconf 82' lang='grc'><strong>17.</strong></span> <span class='ocrx_word' id='word_1_812' title='bbox 2426 5836 2469 5867; x_wconf 73' lang='grc' dir='ltr'>θ’</span> <span class='ocrx_word' id='word_1_813' title='bbox 2502 5833 2605 5889; x_wconf 78' lang='lat' dir='ltr'><strong>&#39;l‘it.</strong></span> <span class='ocrx_word' id='word_1_814' title='bbox 2642 5852 2722 5902; x_wconf 86' lang='grc' dir='ltr'>ιιι,</span> <span class='ocrx_word' id='word_1_815' title='bbox 2760 5837 2812 5891; x_wconf 74' lang='lat'><strong>5.</strong></span> 
     </span>
    </p>
   </div>
   <div class='ocr_carea' id='block_1_102' title="bbox 2260 4554 3848 4637">
    <p class='ocr_par' dir='ltr' id='par_1_102' title="bbox 2260 4554 3848 4637">
     <span class='ocr_line' id='line_1_102' title="bbox 2260 4554 3848 4637; baseline 0.008 -28"><span class='ocrx_word' id='word_1_816' title='bbox 2260 4554 2603 4628; x_wconf 80' lang='grc' dir='ltr'>θεοπνεύστῳ</span> <span class='ocrx_word' id='word_1_817' title='bbox 2664 4559 2879 4630; x_wconf 84' lang='grc' dir='ltr'>Γραφῇ.</span> <span class='ocrx_word' id='word_1_818' title='bbox 2930 4561 3054 4615; x_wconf 81' lang='grc' dir='ltr'>Ὅτι</span> <span class='ocrx_word' id='word_1_819' title='bbox 3126 4563 3304 4617; x_wconf 86' lang='grc' dir='ltr'>τοίνυν</span> <span class='ocrx_word' id='word_1_820' title='bbox 3350 4566 3411 4619; x_wconf 82' lang='grc' dir='ltr'>ὲν</span> <span class='ocrx_word' id='word_1_821' title='bbox 3475 4567 3848 4637; x_wconf 78' lang='grc' dir='ltr'>μεθέξει,καὶ</span> 
     </span>
    </p>
   </div>
   <div class='ocr_carea' id='block_1_103' title="bbox 2260 4646 3847 4730">
    <p class='ocr_par' dir='ltr' id='par_1_103' title="bbox 2260 4646 3847 4730">
     <span class='ocr_line' id='line_1_103' title="bbox 2260 4646 3847 4730; baseline 0.009 -31"><span class='ocrx_word' id='word_1_822' title='bbox 2260 4646 2492 4719; x_wconf 78' lang='grc' dir='ltr'>ἀφθονίᾳ</span> <span class='ocrx_word' id='word_1_823' title='bbox 2524 4648 2728 4714; x_wconf 82' lang='grc' dir='ltr'>παντὸς</span> <span class='ocrx_word' id='word_1_824' title='bbox 2774 4651 3003 4719; x_wconf 84' lang='grc' dir='ltr'>ἀγαθοῦ,</span> <span class='ocrx_word' id='word_1_825' title='bbox 3032 4653 3129 4705; x_wconf 73' lang='grc' dir='ltr'>καὶ</span> <span class='ocrx_word' id='word_1_826' title='bbox 3159 4654 3266 4708; x_wconf 86' lang='grc' dir='ltr'><strong>τῶν</strong></span> <span class='ocrx_word' id='word_1_827' title='bbox 3312 4654 3541 4720; x_wconf 83' lang='grc' dir='ltr'>ἀνωθεν,</span> <span class='ocrx_word' id='word_1_828' title='bbox 3576 4660 3669 4711; x_wconf 77' lang='grc' dir='ltr'>καὶ</span> <span class='ocrx_word' id='word_1_829' title='bbox 3697 4660 3847 4730; x_wconf 79' lang='grc' dir='ltr'><strong>παρά</strong></span> 
     </span>
    </p>
   </div>
   <div class='ocr_carea' id='block_1_104' title="bbox 2259 4737 3846 4820">
    <p class='ocr_par' dir='ltr' id='par_1_104' title="bbox 2259 4737 3846 4820">
     <span class='ocr_line' id='line_1_104' title="bbox 2259 4737 3846 4820; baseline 0.009 -31"><span class='ocrx_word' id='word_1_830' title='bbox 2259 4737 2395 4790; x_wconf 84' lang='grc' dir='ltr'>Θεοῦ</span> <span class='ocrx_word' id='word_1_831' title='bbox 2428 4742 2784 4811; x_wconf 83' lang='grc' dir='ltr'>χαρισμάτων</span> <span class='ocrx_word' id='word_1_832' title='bbox 2834 4744 2929 4797; x_wconf 75' lang='grc' dir='ltr'>καὶ</span> <span class='ocrx_word' id='word_1_833' title='bbox 2970 4745 3135 4808; x_wconf 84' lang='grc' dir='ltr'>αὐτὸς</span> <span class='ocrx_word' id='word_1_834' title='bbox 3188 4745 3336 4799; x_wconf 79' lang='grc' dir='ltr'>ἔσται</span> <span class='ocrx_word' id='word_1_835' title='bbox 3382 4748 3523 4800; x_wconf 88' lang='grc' dir='ltr'><strong>κατά</strong></span> <span class='ocrx_word' id='word_1_836' title='bbox 3567 4750 3846 4820; x_wconf 79' lang='grc' dir='ltr'>καιροὺςό</span> 
     </span>
    </p>
   </div>
   <div class='ocr_carea' id='block_1_105' title="bbox 2272 4824 3846 4909">
    <p class='ocr_par' dir='ltr' id='par_1_105' title="bbox 2272 4824 3846 4909">
     <span class='ocr_line' id='line_1_105' title="bbox 2272 4824 3846 4909; baseline 0.009 -30"><span class='ocrx_word' id='word_1_837' title='bbox 2272 4824 2506 4898; x_wconf 80' lang='grc' dir='ltr'>Ἰσραὴλ,</span> <span class='ocrx_word' id='word_1_838' title='bbox 2536 4832 2601 4899; x_wconf 82' lang='grc' dir='ltr'><strong>τῇ</strong></span> <span class='ocrx_word' id='word_1_839' title='bbox 2632 4831 2710 4893; x_wconf 86' lang='grc' dir='ltr'><strong>είς</strong></span> <span class='ocrx_word' id='word_1_840' title='bbox 2741 4832 2977 4903; x_wconf 85' lang='grc' dir='ltr'>Χριστὸν</span> <span class='ocrx_word' id='word_1_841' title='bbox 3010 4833 3191 4888; x_wconf 85' lang='grc' dir='ltr'>πίστει</span> <span class='ocrx_word' id='word_1_842' title='bbox 3215 4836 3706 4909; x_wconf 83' lang='grc' dir='ltr'>λελαμπρυσμένος</span> <span class='ocrx_word' id='word_1_843' title='bbox 3725 4882 3738 4902; x_wconf 91' lang='grc'><strong>,</strong></span> <span class='ocrx_word' id='word_1_844' title='bbox 3765 4843 3846 4895; x_wconf 79' lang='lat' dir='ltr'><strong>ai-</strong></span> 
     </span>
    </p>
   </div>
   <div class='ocr_carea' id='block_1_106' title="bbox 2260 4918 3845 4997">
    <p class='ocr_par' dir='ltr' id='par_1_106' title="bbox 2260 4918 3845 4997">
     <span class='ocr_line' id='line_1_106' title="bbox 2260 4918 3845 4997; baseline 0.008 -29"><span class='ocrx_word' id='word_1_845' title='bbox 2260 4918 2620 4987; x_wconf 84' lang='grc' dir='ltr'>νιγματωδῶς</span> <span class='ocrx_word' id='word_1_846' title='bbox 2655 4920 2961 4989; x_wconf 78' lang='grc' dir='ltr'>ὑποφαίνει.</span> <span class='ocrx_word' id='word_1_847' title='bbox 2982 4924 3186 4976; x_wconf 77' lang='grc' dir='ltr'>’Υετῶν</span> <span class='ocrx_word' id='word_1_848' title='bbox 3206 4925 3314 4996; x_wconf 81' lang='grc' dir='ltr'>γὰρ</span> <span class='ocrx_word' id='word_1_849' title='bbox 3340 4927 3599 4997; x_wconf 81' lang='grc' dir='ltr'>ἀφθονίαν</span> <span class='ocrx_word' id='word_1_850' title='bbox 3631 4929 3845 4984; x_wconf 80' lang='grc' dir='ltr'>ἔσεσθαί</span> 
     </span>
    </p>
   </div>
   <div class='ocr_carea' id='block_1_107' title="bbox 2258 5006 3842 5086">
    <p class='ocr_par' dir='ltr' id='par_1_107' title="bbox 2258 5006 3842 5086">
     <span class='ocr_line' id='line_1_107' title="bbox 2258 5006 3842 5086; baseline 0.006 -27"><span class='ocrx_word' id='word_1_851' title='bbox 2258 5023 2442 5077; x_wconf 78' lang='grc' dir='ltr'>φησιν,</span> <span class='ocrx_word' id='word_1_852' title='bbox 2468 5006 2631 5060; x_wconf 83' lang='grc' dir='ltr'>αὐτοῦ</span> <span class='ocrx_word' id='word_1_853' title='bbox 2652 5011 3061 5076; x_wconf 78' lang='grc' dir='ltr'>κατανεύοντος.</span> <span class='ocrx_word' id='word_1_854' title='bbox 3081 5012 3253 5065; x_wconf 86' lang='grc' dir='ltr'>Τοῦτο</span> <span class='ocrx_word' id='word_1_855' title='bbox 3280 5016 3431 5085; x_wconf 83' lang='grc' dir='ltr'>γάρ,,</span> <span class='ocrx_word' id='word_1_856' title='bbox 3456 5011 3611 5086; x_wconf 73' lang='grc' dir='ltr'>οἶμαι</span> <span class='ocrx_word' id='word_1_857' title='bbox 3634 5018 3751 5069; x_wconf 67' lang='grc' dir='ltr'>ἐστὶ</span> <span class='ocrx_word' id='word_1_858' title='bbox 3767 5017 3842 5083; x_wconf 76' lang='grc' dir='ltr'><strong>τὸ,</strong></span> 
     </span>
    </p>
   </div>
   <div class='ocr_carea' id='block_1_108' title="bbox 2262 5098 3842 5179">
    <p class='ocr_par' dir='ltr' id='par_1_108' title="bbox 2262 5098 3842 5179">
     <span class='ocr_line' id='line_1_108' title="bbox 2262 5098 3842 5179; baseline 0.007 -30"><span class='ocrx_word' id='word_1_859' title='bbox 2262 5116 2281 5148; x_wconf 83' lang='grc' dir='ltr'><strong>ι</strong></span> <span class='ocrx_word' id='word_1_860' title='bbox 2305 5098 2799 5172; x_wconf 82' lang='grc' dir='ltr'>Ἐπακούσομαιτῷ</span> <span class='ocrx_word' id='word_1_861' title='bbox 2817 5102 3051 5175; x_wconf 80' lang='grc' dir='ltr'>οὐρανῷ.</span> <span class='ocrx_word' id='word_1_862' title='bbox 3087 5124 3105 5155; x_wconf 78' lang='grc' dir='ltr'><strong>ι</strong></span> <span class='ocrx_word' id='word_1_863' title='bbox 3134 5104 3245 5157; x_wconf 86' lang='lat' dir='ltr'><strong>Kal</strong></span> <span class='ocrx_word' id='word_1_864' title='bbox 3265 5106 3371 5177; x_wconf 83' lang='grc' dir='ltr'>μὴν</span> <span class='ocrx_word' id='word_1_865' title='bbox 3394 5108 3485 5159; x_wconf 77' lang='grc' dir='ltr'>καὶ</span> <span class='ocrx_word' id='word_1_866' title='bbox 3500 5109 3562 5161; x_wconf 81' lang='grc' dir='ltr'>ὲν</span> <span class='ocrx_word' id='word_1_867' title='bbox 3584 5111 3651 5179; x_wconf 79' lang='grc' dir='ltr'><strong>γῇ</strong></span> <span class='ocrx_word' id='word_1_868' title='bbox 3674 5111 3842 5173; x_wconf 78' lang='grc' dir='ltr'>κάτω,</span> 
     </span>
    </p>
   </div>
   <div class='ocr_carea' id='block_1_109' title="bbox 2254 5190 3841 5265">
    <p class='ocr_par' dir='ltr' id='par_1_109' title="bbox 2254 5190 3841 5265">
     <span class='ocr_line' id='line_1_109' title="bbox 2254 5190 3841 5265; baseline 0.003 -23"><span class='ocrx_word' id='word_1_869' title='bbox 2254 5190 2382 5253; x_wconf 84' lang='grc' dir='ltr'>τοὺς</span> <span class='ocrx_word' id='word_1_870' title='bbox 2430 5191 2512 5244; x_wconf 86' lang='grc' dir='ltr'>ὅτι</span> <span class='ocrx_word' id='word_1_871' title='bbox 2573 5192 2806 5261; x_wconf 82' lang='grc' dir='ltr'>μάλιστα</span> <span class='ocrx_word' id='word_1_872' title='bbox 2855 5194 3317 5265; x_wconf 85' lang='grc' dir='ltr'>χρειωδεστάτους</span> <span class='ocrx_word' id='word_1_873' title='bbox 3368 5196 3461 5249; x_wconf 76' lang='grc' dir='ltr'>καὶ</span> <span class='ocrx_word' id='word_1_874' title='bbox 3513 5196 3841 5264; x_wconf 86' lang='grc' dir='ltr'>ἀναγκαίους</span> 
     </span>
    </p>
   </div>
   <div class='ocr_carea' id='block_1_110' title="bbox 2265 5270 3841 5357">
    <p class='ocr_par' dir='ltr' id='par_1_110' title="bbox 2265 5270 3841 5357">
     <span class='ocr_line' id='line_1_110' title="bbox 2265 5270 3841 5357; baseline 0.004 -23"><span class='ocrx_word' id='word_1_875' title='bbox 2265 5284 2397 5353; x_wconf 81' lang='grc' dir='ltr'>ἡμῖν</span> <span class='ocrx_word' id='word_1_876' title='bbox 2454 5284 2841 5355; x_wconf 75' lang='grc' dir='ltr'>ἐκδοθήσεσθαι</span> <span class='ocrx_word' id='word_1_877' title='bbox 2904 5287 3185 5355; x_wconf 79' lang='grc' dir='ltr'>καρπούς.</span> <span class='ocrx_word' id='word_1_878' title='bbox 3235 5270 3373 5342; x_wconf 83' lang='grc' dir='ltr'>Θεοῦ</span> <span class='ocrx_word' id='word_1_879' title='bbox 3424 5288 3534 5357; x_wconf 87' lang='grc' dir='ltr'>γὰρ</span> <span class='ocrx_word' id='word_1_880' title='bbox 3583 5288 3704 5357; x_wconf 86' lang='grc' dir='ltr'>δίχα</span> <span class='ocrx_word' id='word_1_881' title='bbox 3749 5280 3841 5341; x_wconf 67' lang='grc' dir='ltr'>καὶ</span> 
     </span>
    </p>
   </div>
   <div class='ocr_carea' id='block_1_111' title="bbox 2265 5374 3841 5447">
    <p class='ocr_par' dir='ltr' id='par_1_111' title="bbox 2265 5374 3841 5447">
     <span class='ocr_line' id='line_1_111' title="bbox 2265 5374 3841 5447; baseline 0.003 -21"><span class='ocrx_word' id='word_1_882' title='bbox 2265 5374 2459 5447; x_wconf 82' lang='grc' dir='ltr'>βουλῆς</span> <span class='ocrx_word' id='word_1_883' title='bbox 2490 5376 2588 5447; x_wconf 89' lang='grc' dir='ltr'><strong>τῆς</strong></span> <span class='ocrx_word' id='word_1_884' title='bbox 2617 5377 2839 5440; x_wconf 82' lang='grc' dir='ltr'>ἀνωθεν,</span> <span class='ocrx_word' id='word_1_885' title='bbox 2872 5377 2981 5432; x_wconf 70' lang='grc' dir='ltr'>οὔτ’</span> <span class='ocrx_word' id='word_1_886' title='bbox 3023 5379 3090 5434; x_wconf 84' lang='grc' dir='ltr'>ἂν</span> <span class='ocrx_word' id='word_1_887' title='bbox 3120 5381 3283 5444; x_wconf 82' lang='grc' dir='ltr'>αὑτός</span> <span class='ocrx_word' id='word_1_888' title='bbox 3316 5397 3447 5434; x_wconf 89' lang='grc' dir='ltr'>ποτε</span> <span class='ocrx_word' id='word_1_889' title='bbox 3481 5381 3595 5442; x_wconf 83' lang='grc' dir='ltr'>τοῖς</span> <span class='ocrx_word' id='word_1_890' title='bbox 3628 5378 3719 5431; x_wconf 72' lang='grc' dir='ltr'><strong>ἐπὶ</strong></span> <span class='ocrx_word' id='word_1_891' title='bbox 3744 5378 3841 5447; x_wconf 85' lang='grc' dir='ltr'><strong>γῆς</strong></span> 
     </span>
    </p>
   </div>
   <div class='ocr_carea' id='block_1_112' title="bbox 2261 5467 3841 5546">
    <p class='ocr_par' dir='ltr' id='par_1_112' title="bbox 2261 5467 3841 5546">
     <span class='ocr_line' id='line_1_112' title="bbox 2261 5467 3841 5546; baseline -0.003 -20"><span class='ocrx_word' id='word_1_892' title='bbox 2261 5467 2455 5526; x_wconf 81' lang='grc' dir='ltr'>οὖσινό</span> <span class='ocrx_word' id='word_1_893' title='bbox 2482 5473 2726 5543; x_wconf 83' lang='grc' dir='ltr'>οὐρανὸς,</span> <span class='ocrx_word' id='word_1_894' title='bbox 2763 5471 2873 5529; x_wconf 73' lang='grc' dir='ltr'>οὔτ’</span> <span class='ocrx_word' id='word_1_895' title='bbox 2889 5473 2953 5528; x_wconf 83' lang='grc' dir='ltr'>ἂν</span> <span class='ocrx_word' id='word_1_896' title='bbox 2979 5475 3011 5546; x_wconf 83' lang='grc' dir='ltr'><strong>ἡ</strong></span> <span class='ocrx_word' id='word_1_897' title='bbox 3035 5474 3110 5543; x_wconf 83' lang='grc' dir='ltr'><strong>γῆ</strong></span> <span class='ocrx_word' id='word_1_898' title='bbox 3130 5475 3222 5528; x_wconf 84' lang='grc' dir='ltr'>τὸν</span> <span class='ocrx_word' id='word_1_899' title='bbox 3247 5476 3444 5529; x_wconf 81' lang='grc' dir='ltr'>οἰκεῖον</span> <span class='ocrx_word' id='word_1_900' title='bbox 3465 5471 3605 5535; x_wconf 76' lang='grc' dir='ltr'><strong>κατά</strong></span> <span class='ocrx_word' id='word_1_901' title='bbox 3624 5472 3841 5539; x_wconf 74' lang='grc' dir='ltr'>καιροὺς</span> 
     </span>
    </p>
   </div>
   <div class='ocr_carea' id='block_1_113' title="bbox 2263 5562 3841 5639">
    <p class='ocr_par' dir='ltr' id='par_1_113' title="bbox 2263 5562 3841 5639">
     <span class='ocr_line' id='line_1_113' title="bbox 2263 5562 3841 5639; baseline -0.004 -19"><span class='ocrx_word' id='word_1_902' title='bbox 2263 5564 2493 5634; x_wconf 84' lang='grc' dir='ltr'>ἀναφύοι</span> <span class='ocrx_word' id='word_1_903' title='bbox 2525 5564 2754 5634; x_wconf 81' lang='grc' dir='ltr'>καρπόν.</span> <span class='ocrx_word' id='word_1_904' title='bbox 2790 5566 2902 5619; x_wconf 86' lang='lat' dir='ltr'><strong>Kal</strong></span> <span class='ocrx_word' id='word_1_905' title='bbox 2931 5567 3089 5621; x_wconf 82' lang='grc' dir='ltr'>τοῦτο</span> <span class='ocrx_word' id='word_1_906' title='bbox 3123 5566 3277 5630; x_wconf 76' lang='grc' dir='ltr'>εἰδὼς</span> <span class='ocrx_word' id='word_1_907' title='bbox 3301 5568 3330 5620; x_wconf 79' lang='grc' dir='ltr'><strong>ὁ</strong></span> <span class='ocrx_word' id='word_1_908' title='bbox 3372 5564 3654 5639; x_wconf 80' lang='grc' dir='ltr'>προφήτης</span> <span class='ocrx_word' id='word_1_909' title='bbox 3686 5562 3841 5632; x_wconf 84' lang='grc' dir='ltr'>Ἰερε-</span> 
     </span>
    </p>
   </div>
   <div class='ocr_carea' id='block_1_114' title="bbox 2267 5652 3840 5730">
    <p class='ocr_par' dir='ltr' id='par_1_114' title="bbox 2267 5652 3840 5730">
     <span class='ocr_line' id='line_1_114' title="bbox 2267 5652 3840 5730; baseline -0.013 -7"><span class='ocrx_word' id='word_1_910' title='bbox 2267 5657 2414 5728; x_wconf 81' lang='grc' dir='ltr'>μίας,</span> <span class='ocrx_word' id='word_1_911' title='bbox 2461 5656 2731 5727; x_wconf 72' lang='grc' dir='ltr'>ἐλιπάρει,</span> <span class='ocrx_word' id='word_1_912' title='bbox 2754 5656 2935 5726; x_wconf 82' lang='grc' dir='ltr'>λέγων</span> <span class='ocrx_word' id='word_1_913' title='bbox 2958 5675 2972 5688; x_wconf 88' lang='grc'><strong>·</strong></span> <span class='ocrx_word' id='word_1_914' title='bbox 3001 5677 3019 5710; x_wconf 86' lang='grc' dir='ltr'><strong>ι</strong></span> <span class='ocrx_word' id='word_1_915' title='bbox 3052 5660 3143 5730; x_wconf 80' lang='grc' dir='ltr'><strong>Μὴ</strong></span> <span class='ocrx_word' id='word_1_916' title='bbox 3174 5658 3320 5713; x_wconf 76' lang='grc' dir='ltr'>ἔστιν</span> <span class='ocrx_word' id='word_1_917' title='bbox 3364 5658 3423 5711; x_wconf 81' lang='grc' dir='ltr'>ὲν</span> <span class='ocrx_word' id='word_1_918' title='bbox 3455 5654 3696 5717; x_wconf 84' lang='grc' dir='ltr'>είδὼλοις</span> <span class='ocrx_word' id='word_1_919' title='bbox 3734 5652 3840 5705; x_wconf 82' lang='grc' dir='ltr'><strong>τῶν</strong></span> 
     </span>
    </p>
   </div>
   <div class='ocr_carea' id='block_1_115' title="bbox 2892 5831 3833 5901">
    <p class='ocr_par' dir='ltr' id='par_1_115' title="bbox 2892 5831 3833 5901">
     <span class='ocr_line' id='line_1_115' title="bbox 2892 5831 3833 5901; baseline -0.009 -6"><span class='ocrx_word' id='word_1_920' title='bbox 2892 5840 2936 5872; x_wconf 78' lang='grc'><strong><em>⁸³</em></strong></span> <span class='ocrx_word' id='word_1_921' title='bbox 2985 5839 3083 5894; x_wconf 78' lang='lat' dir='ltr'><strong>lsa.</strong></span> <span class='ocrx_word' id='word_1_922' title='bbox 3117 5854 3207 5900; x_wconf 71' lang='lat' dir='ltr'><strong>vn,</strong></span> <span class='ocrx_word' id='word_1_923' title='bbox 3229 5837 3280 5894; x_wconf 85' lang='lat'><strong>9.</strong></span> <span class='ocrx_word' id='word_1_924' title='bbox 3358 5837 3405 5871; x_wconf 76' lang='lat'>“</span> <span class='ocrx_word' id='word_1_925' title='bbox 3430 5837 3585 5892; x_wconf 75' lang='lat' dir='ltr'><strong>Jonn.</strong></span> <span class='ocrx_word' id='word_1_926' title='bbox 3619 5847 3752 5901; x_wconf 80' lang='lat' dir='ltr'><strong>xm,</strong></span> <span class='ocrx_word' id='word_1_927' title='bbox 3781 5831 3833 5887; x_wconf 68' lang='grc' dir='ltr'><strong>ὅ,</strong></span> 
     </span>
    </p>
   </div>
  </div>
