4094 6552
252 411 324 466 97
1169 401 1723 463 COMMENTARIUS
1762 400 1826 456 IN
1867 399 2101 456 OSEAM
2140 398 2586 455 PROPIIETAM.
3434 400 3509 457 93

252 526 425 582 ἐθνῶν
456 525 711 592 suam;
741 525 836 579 καὶ
868 525 917 579 εί
943 524 1173 595 οὐρανὸς
1199 524 1357 578 δώσει
1387 520 1703 592 πλησμονὴν
1740 520 1831 572 αὐ-

1938 518 2049 588 ipse
2093 517 2352 572 Dominus
2399 517 2538 571 Deus
2592 523 2776 569 noster
2804 514 2828 567 ?
2856 522 2909 569 et
2948 514 3381 585 exspectabimus
3433 526 3507 583 te,

248 619 371 683 τοῦ,
409 618 529 687 οὐχὶ
582 618 646 670 σὺ
678 612 729 669 εῐ
764 615 925 683 Θεόςς
959 615 1054 669 καὶ
1108 612 1489 684 ὐπομενοῦμέν
1535 628 1615 675 σε,
1650 612 1732 664 ὅτι
1766 611 1831 664 σὺ

252 710 514 780 ἐποίησας
565 707 738 761 ταῦτα
795 707 992 760 πάντα.
1048 724 1066 757 ι
1116 704 1523 764 Κατανεύοντος
1573 700 1682 771 γὰρ
1706 741 1721 763 ,
1756 700 1832 762 ὡς

251 800 411 868 ἔφην,
443 798 538 851 τοῦ
558 798 912 869 δημιουργοῦ,
941 798 1036 851 καὶ
1064 796 1360 859 ἁπλοῦντος
1391 797 1492 867 τὴν
1539 797 1697 866 χεῖρα
1722 797 1833 857 τοῖς

249 888 348 940 ἐπὶ
374 888 471 957 τῆς
507 887 629 958 γῆς,
652 887 812 941 ὐετοῦ
844 888 943 958 μὲν
976 887 1126 941 ἔσται
1154 886 1318 956 δοτὴρ
1353 888 1382 939 ό
1411 884 1655 955 οὐρανὸς,
1698 900 1834 953 καρ-

249 980 373 1032 πῶν
419 979 475 1032 δὲ
503 979 815 1047 ἀναγκαίων
872 979 1055 1050 μήτηρ
1105 977 1239 1047 ὁμοῦ
1295 976 1391 1031 καὶ
1435 976 1692 1047 τροφὸςή
1736 974 1831 1044 γῆ.

257 1088 278 1122 ι
324 1069 729 1139 Ἐπακούσομαι
769 1087 789 1121 ι
820 1069 1002 1123 τοίνυν
1029 1106 1045 1131 ,
1070 1068 1226 1138 φησὶ,
1271 1067 1377 1138 «τῷ
1409 1065 1675 1138 οὐρανῷ,ι
1714 1064 1835 1118 ἀντὶ

248 1160 370 1224 τοῦ,
403 1161 719 1214 κατανεύσω
752 1160 1069 1214 καταθεῖναι
1105 1163 1216 1225 τοῖς
1245 1160 1342 1213 ἐπὶ
1364 1159 1465 1229 τῆς
1497 1158 1602 1229 γῆς
1625 1157 1831 1220 ὑετούς.

250 1248 329 1306 υῦ
354 1252 416 1323 δὴ
448 1252 757 1321 γεγονότος,
791 1252 1155 1306 ἐπακούσεται
1205 1252 1301 1306 καὶ
1352 1251 1513 1322 αὐτὴ,
1542 1251 1634 1303 τὸν
1666 1251 1831 1314 σῖτον,

245 1343 346 1396 τὸν
383 1338 525 1396 οἶνον
548 1384 562 1407 ,
592 1342 686 1396 καὶ
713 1343 774 1396 τὸ
814 1343 992 1396 ἔλαιον
1014 1383 1031 1409 ,
1057 1342 1360 1407 τουτέστιν,
1394 1340 1685 1413 ἀμφιλαφῆ
1721 1343 1835 1403 τοῖς

246 1432 494 1486 οἰκοῦσιν
519 1433 691 1502 αὐτὴν
712 1432 940 1486 ἐκδώσει
958 1433 1187 1503 καρπὸν,
1217 1433 1429 1498 οὐδενὸς
1454 1432 1835 1495 ἐκλελοιπότος

242 1525 361 1579 τῶν
391 1526 492 1579 ὅσα
518 1526 665 1577 ἐστὶν
696 1526 969 1594 ἀναγκαῖα
1002 1526 1099 1580 καὶ
1144 1524 1390 1596 ζωαρκῆ.
1442 1525 1603 1580 Ἀλλὰ
1652 1523 1817 1578 ταυτὶ

250 1617 356 1687 μὲν
383 1615 688 1687 ἱστορικῶς.
921 1649 942 1667 .
1398 1612 1409 1618 ’

334 1708 469 1761 Ἀπὸ
488 1708 545 1761 δέ
570 1723 632 1774 γε
660 1707 767 1760 τῶν
794 1708 1141 1779 σωματικῶν,
1173 1709 1251 1773 ὡς
1293 1708 1351 1773 ἐξ
1381 1707 1588 1772 εἰκόνος
1616 1708 1834 1780 ἐναργε-

249 1797 455 1868 στὰτης
517 1798 813 1869 ἁναφοιτᾷν
857 1800 1151 1867 ἀναγκαῖον
1204 1798 1296 1851 ἐπὶ
1349 1798 1416 1852 τὰ
1468 1799 1830 1869 πνευματικά.

1932 610 2059 678 quia
2092 616 2146 662 ιιι
2176 606 2350 662 fecisti
2374 608 2487 662 haec
2512 604 2692 660 omnia
2713 604 2855 660 °"".
2879 622 2898 657 ι
2916 606 3201 661 Aunuente
3223 608 3367 662 enim
3388 607 3510 676 epi-

1935 699 2056 763 fice,
2084 708 2144 753 ut
2181 698 2309 761 dixi,
2341 706 2396 753 et
2443 712 2659 751 manum
2700 710 2862 766 super
2911 706 3111 752 terram
3151 698 3508 763 extendente,

1934 790 2134 843 caelum
2168 788 2426 857 pluviam,
2473 796 2526 843 et
2578 786 2787 841 fructus
2836 786 3032 855 quibus
3094 802 3313 857 egemus
3365 799 3510 843 terra

1930 878 2099 934 simul
2132 889 2326 944 mater,
2362 886 2414 933 et
2446 878 2628 934 nutrix
2649 876 3030 946 suppeditabit.
3054 876 3146 931 Ait
3170 894 3327 949 ergo:
3359 898 3378 931 ι
3407 879 3511 933 Ex-

1939 970 2157 1026 audiam
2194 969 2419 1034 caelum,
2470 988 2489 1023 ι
2521 986 2639 1041 pro,
2685 985 2919 1024 annuam
2954 979 3012 1023 ut
3055 969 3233 1038 pluvia
3288 971 3507 1025 humum

1939 1061 2147 1132 irriget.
2179 1059 2295 1128 Quo
2326 1059 2467 1116 facto
2487 1071 2542 1116 et
2569 1062 2678 1129 ipsa
2712 1079 2730 1113 ι
2758 1060 3009 1115 exaudiet
3046 1061 3305 1126 triticum,
3328 1064 3507 1115 vinum

1938 1160 1995 1209 et
2037 1153 2234 1220 oleum,
2275 1173 2294 1205 ι
2339 1153 2439 1208 hoc
2466 1162 2551 1208 est
2594 1152 2892 1208 ubertatem
2934 1152 3203 1207 fructuum
3248 1152 3511 1223 indigenis

1929 1240 2049 1296 suis
2088 1243 2417 1312 procreabit,
2448 1243 2594 1297 nullo
2628 1259 2815 1299 eorum
2852 1243 3155 1307 deficiente,
3180 1258 3299 1313 quae
3338 1246 3405 1299 ad
3432 1244 3512 1298 vi-

1938 1344 2045 1388 tam
2078 1336 2329 1389 tuendam
2376 1336 2672 1390 necessitas
2719 1336 2974 1405 postulat.
3025 1336 3237 1393 Ethcc
3292 1337 3508 1408 quidem

1934 1425 2001 1481 ad
2042 1440 2265 1483 sensum
2312 1426 2652 1484 historicum.

2003 1701 2048 1755 Δ
2086 1700 2365 1771 corporeis
2410 1710 2613 1769 autem,
2642 1710 2701 1755 ut
2728 1702 2795 1756 ab
2834 1702 3066 1774 imagine
3107 1704 3509 1761 evidentissima

1936 1793 2000 1847 ad
2036 1794 2337 1864 spiritualia
2376 1795 2701 1850 redeundum
2742 1805 2844 1851 est.
2870 1797 3114 1862 Quandit:
3148 1797 3291 1850 enim
3326 1798 3509 1866 Israel,

248 1886 400 1951 Ἕως
433 1888 530 1957 μὲν
566 1887 676 1959 γὰρ
709 1889 920 1959 ὲξήνιος
939 1884 1030 1960 ἦν,
1053 1889 1147 1941 καὶ
1171 1889 1420 1960 ἀπειθὴς,
1455 1890 1549 1941 καὶ
1568 1888 1835 1959 θεομάχος

1938 1885 2093 1939 vinea
2130 1884 2339 1940 Domini
2370 1905 2391 1937 ι
2418 1886 2622 1941 novella
2659 1887 2923 1958 plantatio
2964 1896 3019 1942 et
3062 1888 3259 1943 dilecta
3280 1889 3346 1949 “.
3369 1908 3388 1942 ι
3422 1905 3508 1944 re-

240 1975 281 2027 ὸ
324 1976 563 2047 Ἰσραὴλ,
590 1979 618 2030 ὁ
639 1975 900 2046 ἁμπελὼν
922 1976 1148 2046 Κυρίου,
1183 1996 1202 2028 ι
1242 1978 1313 2030 Τὸ
1342 1977 1595 2044 νεόφυτον
1619 1977 1681 2029 τὸ
1698 1978 1837 2046 ἠγα-

242 2060 501 2137 πημένον
527 2105 543 2131 ,
578 2084 598 2117 t
647 2064 951 2119 ἐνετέλλετο
982 2068 1101 2129 ταῖς
1147 2066 1397 2134 νεφέλαις
1426 2067 1455 2117 ό
1476 2065 1606 2129 Θεὸς
1636 2064 1730 2118 τοῦ
1761 2066 1835 2137 μὴ

246 2156 445 2228 βρέξαι
470 2159 550 2220 εἰς
572 2156 732 2210 αὐτὸν
749 2157 922 2212 ὐετόν.
946 2157 1191 2228 Νεφέλας
1211 2157 1267 2209 δὲ
1290 2157 1507 2226 νοητέον
1530 2156 1629 2220 τὰς
1676 2156 1837 2224 ἁγίας

242 2250 352 2303 καὶ
396 2248 594 2320 νοητὰς
637 2251 894 2320 δυνάμεις
944 2250 1042 2314 τὰς
1081 2251 1287 2304 ἄνωθεν
1334 2251 1427 2304 καὶ
1464 2251 1522 2318 ἐξ
1568 2251 1833 2323 οὐρανῶν,

240 2340 321 2393 δι’
350 2333 424 2393 ὧν
458 2341 523 2394 ἂν
543 2342 755 2410 γένοιτο
784 2341 922 2412 πρὸς
944 2343 1097 2413 ἡμᾶς
1127 2344 1156 2396 ὁ
1191 2342 1292 2413 τῆς
1320 2344 1719 2414 παρακλήσεως
1749 2343 1838 2396 λό-

242 2448 374 2499 γος,
402 2431 557 2501 δῆλον
578 2432 635 2484 δὲ
662 2432 745 2485 ὅτι
766 2431 920 2503 παρὰ
942 2431 1099 2486 Θεοῦ.
1135 2434 1431 2503 Πνεύματα
1456 2434 1564 2505 γάρ
1594 2435 1700 2486 είσι
1728 2433 1836 2486 λει-

246 2521 539 2591 τουργικὰ,
564 2521 706 2574 κατὰ
725 2520 824 2592 τὴν
847 2519 941 2573 τοῦ
967 2521 1239 2593 μακαρίου
1256 2521 1471 2575 Παύλου
1498 2522 1703 2592 φωνὴν,
1725 2523 1836 2577 ἁνω

237 2628 310 2665 τε
350 2616 440 2666 καὶ
466 2612 614 2666 κὰτω
642 2612 945 2675 διαθέοντα,
984 2612 1078 2665 καὶ
1098 2613 1538 2685 ἀποστελλόμενα
1561 2613 1696 2686 πρὸς
1721 2614 1837 2667 δια-

242 2704 461 2768 κονίαν,
507 2704 594 2757 διὰ
647 2705 774 2767 τοὺς
824 2704 1112 2774 μέλλοντας
1145 2704 1502 2775 κληρονομεῖν
1535 2705 1832 2775 σωτηρίαν.

260 2794 486 2867 Ἐπειδὴ
517 2795 574 2848 δὲ
604 2793 934 2866 παρῴχηκεν
959 2798 987 2849 ό
1007 2795 1108 2866 τῆς
1132 2796 1286 2866 δίκης
1313 2797 1525 2866 καιρὸς,
1563 2795 1835 2849 σέσωσται

242 2886 346 2940 διὰ
398 2887 635 2949 πίστεως
684 2888 713 2939 ό
769 2886 941 2940 πάλαι
986 2889 1333 2958 κυριοκτόνος
1382 2888 1477 2941 καὶ
1532 2887 1835 2958 παρεδέχθη

246 2979 442 3031 λοιπὸν
469 2979 529 3031 ἐν
561 2978 897 3051 δικαιοσύνῃ,
943 2979 1037 3032 καὶ
1073 2981 1130 3033 ὲν
1174 2980 1437 3051 κρίματι,
1470 2979 1563 3033 καὶ
1599 2981 1658 3032 ὲν
1705 2978 1838 3050 ἐλέῳ

246 3069 354 3123 καὶ
383 3071 686 3140 οἰκτιρμοῖς
711 3109 726 3133 ,
758 3071 852 3123 καὶ
878 3070 1118 3141 καθῆκεν
1147 3072 1296 3143 αὐτῷ
1320 3073 1420 3138 τὰς
1448 3072 1655 3127 ἄνωθεν
1683 3071 1837 3125 εὐλο-

243 3163 404 3231 γίας,
439 3182 458 3215 ι
503 3162 559 3215 '0
597 3162 777 3215 πάντα
812 3164 945 3216 πᾶσι
1000 3162 1269 3227 πλουσίως
1309 3163 1576 3235 διανέμων
1626 3162 1777 3226 Θεός.
1808 3181 1829 3214 ι

261 3253 603 3307 Ἐνετείλατο
650 3255 759 3325 γὰρ
787 3257 906 3318 ταῖς
958 3254 1211 3324 νεφέλαις
1240 3255 1485 3309 καθεῖναι
1518 3256 1607 3310 τὸν
1642 3255 1795 3308 ὐετὺν
1819 3296 1835 3319 ,

243 3344 358 3415 τὴν
396 3346 478 3408 είς
512 3344 637 3398 νοῦν
678 3346 776 3399 καὶ
808 3346 1035 3417 καρδίαν
1082 3346 1428 3418 παράκλησίν
1480 3364 1640 3417 φημι.
1690 3347 1836 3416 Πλὴν

242 3435 339 3487 ὅτι
378 3434 472 3487 καὶ
507 3432 645 3504 αὐτὴ
676 3433 784 3485 τῶν
812 3434 1057 3503 ἀγγέλων
1095 3436 1128 3504 ἡ
1171 3432 1331 3501 φύσις
1374 3432 1525 3485 οὐδὲν
1579 3432 1679 3502 μὲν
1710 3432 1837 3484 ἴδιον

246 3522 394 3592 εχει,
430 3521 645 3574 πλουτεῖ
672 3521 730 3574 δὲ
764 3522 944 3576 πάντα
975 3522 1127 3591 παρὰ
1152 3520 1310 3585 Θεοῦ,
1339 3520 1609 3589 δεδίδαχεν
1628 3518 1798 3572 εἰπών
1819 3536 1834 3550 ι

257 3634 280 3665 ι
318 3611 729 3678 Ἐπακούσομαι
760 3611 837 3682 τῷ
866 3611 1080 3684 οὐρανῷ
1106 3652 1121 3677 ,
1177 3630 1197 3663 ι
1236 3612 1503 3675 τουτέστι,
1546 3609 1837 3681 πληρωτὴν

249 3704 369 3758 τῶν
397 3704 525 3773 παρ’
548 3701 681 3772 ἐμοῦ
713 3703 923 3773 ποιήσω
952 3702 1043 3755 τὸν
1070 3702 1297 3773 οὐρανὸν
1320 3742 1334 3766 ,
1381 3703 1498 3774 ἦτοι
1528 3702 1653 3765 τοὺς
1678 3701 1837 3765 ὄντας

248 3797 320 3849 ὲν
358 3794 605 3865 οὐρανῷ,
647 3791 871 3862 λογικὰς
919 3793 1161 3864 δηλονότι
1210 3793 1303 3847 καὶ
1338 3793 1497 3863 ἁγίας
1547 3792 1836 3862 δυνάμεις,

252 3885 406 3940 ὥστε
435 3886 693 3940 δύνασθαι
737 3886 833 3940 καὶ
872 3886 1042 3949 αὐτὰς
1075 3885 1411 3955 παρακαλεῖν
1437 3885 1563 3948 τοὺς
1600 3884 1838 3955 ἠλεημέ-

252 3995 413 4044 νους,
439 3978 530 4031 καὶ
557 3977 675 4030 τότε
722 3977 787 4049 δὴ
814 3976 1033 4041 πάντως
1065 3996 1083 4029 ι
1134 3976 1529 4030 Ἐπακούσεται
1556 3977 1589 4046 ὴ
1636 3975 1709 4045 γῆ
1747 3975 1838 4027 τὸν

252 4072 432 4135 σῖτον,
469 4067 674 4122 καὶτὸν
707 4065 868 4134 οἶνον,
900 4067 1077 4121 καὶτὸ
1107 4067 1304 4121 ἔλαιον.
1336 4088 1353 4118 ι
1388 4067 1533 4121 ’Δντὶ
1556 4065 1673 4130 τοῦ,
1701 4082 1838 4135 καρ-

253 4162 664 4231 ποφορήσουσιν
692 4161 739 4213 οί
770 4160 862 4212 ἐπὶ
882 4158 983 4227 τῆς
998 4159 1099 4229 γῆς
1127 4159 1318 4213 ἐλπίδα
1345 4157 1441 4228 τὴν
1470 4157 1562 4211 ἐπὶ
1586 4157 1721 4228 ζωῇ,
1746 4158 1839 4210 καλ⁵

249 4252 607 4323 εὐφροσύνῃ,
650 4250 745 4304 καὶ
794 4251 1092 4320 ἱλαρότητι.
1135 4251 1245 4303 Καὶ
1283 4250 1429 4320 ζωῆς
1472 4249 1573 4319 μὲν
1608 4249 1777 4311 τύπος
1810 4246 1839 4300 ὁ

256 4345 412 4406 σῖτος
434 4383 450 4407 ,
493 4338 632 4406 οἶνός
658 4359 721 4409 γε
752 4342 856 4414 μὴν
898 4341 1256 4414 εὐφροσύνης,
1299 4339 1617 4411 ἱλαρότητος
1649 4339 1707 4393 δὲ
1745 4340 1840 4393 καὶ

254 4437 479 4503 εὐεξίας
504 4437 564 4491 τὸ
590 4438 786 4494 ἔλαιον.
815 4439 1029 4492 Ἔνεστι
1059 4438 1166 4509 γὰρ
1191 4439 1254 4509 δὴ
1276 4440 1390 4501 τοῖς
1418 4438 1839 4492 πεπιστευκόσιν

255 4528 421 4592 ἐλπὶς
450 4529 650 4599 ἀγαθὴ,
683 4529 872 4599 βεϐαία
896 4547 957 4583 τε
987 4530 1082 4584 καὶ
1132 4528 1522 4601 ἑρηρεισμένη.
1558 4529 1669 4584 Καὶ
1702 4530 1831 4582 ἁπο-
1867 4553 1916 4612 D

255 4621 431 4689 φοιτᾷ
472 4621 569 4689 μέν
602 4637 685 4683 τις
731 4621 833 4691 τῆς
869 4621 1238 4693 φαυλότητος,
1295 4621 1506 4689 ἐφίεται
1545 4620 1602 4673 δὲ
1637 4620 1839 4684 παντὸς

255 4711 493 4779 ἀγαθοῦ,
528 4712 620 4765 καὶ
656 4714 769 4775 τοῖς
812 4712 906 4765 τοῦ
952 4714 1203 4784 Σωτῆρος
1240 4712 1424 4782 ζυγοῖς
1456 4711 1719 4782 ὑποφέρει
1747 4710 1839 4764 τὸν

256 4803 487 4872 αὐχένα,
515 4803 676 4873 καλῇ,
705 4804 800 4856 καὶ
829 4804 1208 4875 ἁναμφιὸόλῳ,
1250 4805 1346 4857 καὶ
1374 4802 1564 4874 ἀληθεῖ
1602 4802 1666 4872 δὴ
1705 4800 1841 4855 πὰνο

257 4910 375 4956 τως
402 4893 577 4946 ἐλπίδι
606 4894 938 4964 τρεφόμενος
995 4895 1093 4966 τῆς
1122 4897 1203 4959 είς
1230 4896 1291 4948 τὸ
1317 4894 1508 4965 μέλλον
1544 4894 1709 4964 ζωῆς,
1743 4891 1839 4946 καὶ

260 4984 356 5037 ἵνα
380 4986 493 5047 τοῖς
512 4983 691 5047 ἄλλοις
718 4985 893 5052 ἁγίοις
928 4985 1132 5057 ἀναμὶξ
1167 4985 1553 5057 εὐφραίνηται,
1600 4984 1695 5038 stat
1725 4982 1839 5036 ίλα-

264 5074 516 5143 ρωτάτην
556 5074 655 5146 ἔχῃ
688 5075 785 5146 τὴν
832 5076 1078 5144 καρδίαν.
1115 5079 1259 5148 Ἔφη
1291 5078 1397 5148 γάρ
1424 5094 1526 5130 που
1574 5075 1704 5147 περὶ
1732 5075 1840 5128 τῶν

263 5162 436 5229 ἁγίων
476 5163 506 5216 δ
536 5166 825 5236 προφήτης
870 5167 1119 5232 Ἡσαΐας,
1174 5168 1258 5220 ὅτι
1302 5185 1320 5218 ι
1354 5164 1671 5237 Εὐφροσύνη
1706 5164 1839 5218 αἰώ-

261 5271 377 5317 νιος
401 5254 542 5325 ὑπὲρ
585 5257 832 5327 κεφαλῆς
866 5258 1063 5311 αὐτῶν.
1111 5259 1348 5321 Αῖνεσις,
1380 5257 1473 5310 καὶ
1501 5254 1836 5324 ἁγαλλίαμα,

262 5346 361 5398 καὶ
384 5347 692 5420 εὐφροσύνη
731 5349 1105 5419 καταλήψεται
1129 5349 1344 5411 αὐτούς.
1394 5348 1627 5417 ’Δπέδρα
1656 5345 1835 5417 ὀδύνη,

262 5442 361 5492 καὶ
390 5439 559 5509 λύπη,
585 5443 679 5495 καὶ
733 5443 1055 5512 στεναγμός.
1091 5461 1109 5492 ι
1145 5442 1354 5495 Οὐκοῦν
1392 5438 1566 5492 ἑλπίδι
1594 5438 1741 5507 ζωῆς
1776 5453 1837 5491 τε

263 5532 360 5584 καὶ
383 5532 716 5603 ἱλαρότητος,
733 5535 828 5587 καὶ
851 5535 1033 5605 μέντοι
1055 5535 1147 5588 καὶ
1176 5532 1536 5604 εὐφροσύνης,
1565 5534 1682 5595 ταῖς
1698 5530 1838 5584 ἄνω-

264 5622 358 5677 θεν
390 5625 819 5696 παρακλήσεσιν,
848 5627 968 5697 ῆτοι
1001 5627 1113 5690 τοῖς
1142 5628 1353 5697 νοητοῖς
1390 5625 1565 5689 ὐετοίς
1593 5621 1836 5677 ὐπακού-

284 5856 285 5859 η
344 5776 468 5815 ”-"
497 5775 699 5834 Jerem.
731 5794 841 5847 xiv,
875 5779 967 5834 22.
1045 5780 1090 5813 “
1130 5778 1234 5836 Isa.
1268 5794 1317 5845 v,
1360 5779 1410 5833 I.
1487 5778 1535 5812 ιτ
1568 5778 1700 5836 ibid,
1727 5776 1780 5833 6,

1937 1977 2092 2032 bellis
2121 1986 2176 2032 et
2219 1977 2551 2043 incredulus,
2587 1990 2640 2034 et
2671 1979 2765 2035 Dei
2804 1980 3145 2034 adversarius
3175 1980 3293 2045 fuit,
3315 2000 3332 2032 ι
3359 1996 3511 2034 man-

1937 2068 2100 2123 dabat
2142 2067 2378 2123 nubibus
2417 2068 2589 2135 Deus,
2632 2085 2700 2124 ne
2748 2070 2993 2139 pluerent
3031 2086 3193 2138 super
3235 2085 3355 2124 eam
3383 2070 3447 2125 ⁸⁷.
3482 2090 3503 2124 ο

1934 2158 2117 2214 Nubes
2150 2170 2328 2215 autem
2385 2170 2603 2225 sanctae,
2631 2171 2685 2216 et
2738 2178 2873 2231 quas
2906 2164 3102 2218 mentis
3143 2163 3318 2218 oculis
3354 2164 3504 2219 vide-

1936 2266 2074 2315 mus,
2099 2252 2327 2307 virtutes
2365 2251 2730 2324 intelligenda)
2769 2263 2916 2319 sunt,
2956 2269 3206 2324 superna:
3236 2265 3290 2309 et
3346 2255 3510 2311 coele-

1936 2351 2047 2399 stes
2080 2343 2333 2398 videlicet
2368 2359 2467 2414 per
2505 2360 2639 2414 quas
2680 2358 2862 2400 sermo
2887 2347 3282 2401 exhortationis
3320 2349 3387 2401 ad
3409 2362 3510 2402 nos

1936 2450 2255 2505 permanare
2286 2437 2479 2505 possit,
2502 2451 2530 2488 a
2554 2435 2683 2501 Deo,
2715 2437 2951 2505 inquam,
2978 2437 3099 2492 sine
3120 2440 3506 2493 controversia.

1938 2527 2077 2582 Sunt
2092 2528 2234 2582 enim
2253 2530 2475 2598 Spiritus
2493 2530 3122 2596 administratorii,juxta
3142 2533 3357 2584 beatum
3374 2530 3513 2585 Pau-

1937 2620 2071 2686 lum,
2093 2636 2305 2675 sursum
2324 2631 2377 2675 et
2394 2622 2643 2675 deorsum
2664 2622 3057 2687 discurrentes,
3076 2632 3160 2677 «et
3177 2623 3323 2676 missi
3342 2624 3392 2677 in
3413 2623 3513 2677 tui-

1937 2712 2216 2767 nisterium
2260 2722 2478 2784 propter
2517 2728 2610 2768 eos
2636 2714 2724 2782 qui
2757 2716 3124 2769 haereditatem
3170 2717 3387 2785 capiunt
3422 2730 3510 2770 sa-

1937 2802 2067 2858 Iutis
2104 2801 2174 2856 “.
2205 2821 2225 2854 ι
2266 2801 2366 2856 Ast
2399 2802 2485 2857 ubi
2541 2813 2749 2871 tempus
2776 2803 2998 2857 ultionis
3026 2802 3305 2873 praeteriit,
3340 2804 3515 2859 salva-

1938 2902 2027 2947 tus
2062 2900 2148 2946 est
2184 2905 2282 2959 per
2310 2890 2341 2943 II
2369 2893 2488 2943 dem
2527 2900 2680 2944 vetus
2731 2892 2939 2945 Domini
2973 2892 3304 2959 interfector,
3340 2908 3404 2948 ac
3448 2895 3514 2948 de

1938 2996 2138 3042 caetero
2175 2993 2483 3054 assumptus
2511 2992 2594 3037 est
2623 2984 2674 3038 in
2722 2983 2964 3051 iustitia,
3009 2996 3062 3040 et
3099 2985 3323 3053 judicio,
3353 2995 3409 3041 et
3458 2986 3512 3041 in

1939 3077 2336 3141 misericordia,
2367 3075 2677 3146 dimisitque
2716 3076 2763 3130 ei
2828 3077 3230 3132 benedictiones
3283 3077 3351 3131 ab
3404 3078 3514 3132 alto

1940 3168 2143 3232 Deus,t
2180 3166 2269 3233 qui
2314 3165 2586 3219 distribuit
2629 3166 2878 3219 omnibus
2919 3164 3202 3222 aﬂlueuter
3224 3168 3292 3221 ".
3320 3187 3337 3221 ι
3365 3166 3513 3222 Mau-

1939 3260 2084 3313 davit
2118 3258 2263 3312 enim
2324 3256 2556 3311 nubibus
2596 3252 2870 3312 dimittere
2921 3259 3147 3328 pluvias,
3180 3260 3512 3315 exhortatio-

1940 3363 2083 3412 nem,
2116 3348 2356 3416 inquam,
2408 3346 2461 3400 in
2515 3357 2748 3401 mentem
2794 3355 2957 3416 atque
2990 3362 3104 3402 cor.
3141 3347 3517 3403 Verumenim-

1941 3454 2069 3493 vero
2136 3452 2234 3492 nec
2293 3437 2464 3506 ipsam
2527 3437 2837 3506 angelorum
2892 3446 3139 3492 naturatn
3217 3440 3509 3509 quidquatt.

1940 3530 2143 3583 habere
2211 3528 2488 3597 proprium
2540 3544 2605 3581 ac
2656 3528 2843 3597 sutttnf,
2890 3544 3079 3584 omnes
3143 3538 3320 3585 autem
3385 3544 3517 3601 opes

1939 3635 2064 3675 suas
2089 3635 2117 3671 a
2147 3618 2257 3673 Deo
2289 3627 2635 3673 consecutam
2665 3618 2877 3684 docuit,
2915 3620 3019 3674 illis
3042 3621 3220 3674 verbis
3250 3637 3263 3674 :
3302 3622 3513 3676 «Exau-

1937 3711 2080 3766 diam
2121 3710 2374 3775 celum,»
2419 3710 2518 3763 hoc
2562 3719 2665 3772 est,
2698 3724 2981 3764 munerum
3015 3726 3257 3766 meorum
3294 3712 3504 3783 Iargntu

1941 3802 2366 3872 dispensatorem
2421 3800 2613 3853 faciam
2659 3799 2875 3866 castum,
2901 3800 3017 3856 sive
3059 3802 3511 3866 cmlicolas,con-

1940 3893 2061 3947 silio
2097 3892 2351 3946 nimirum
2399 3891 2651 3961 praeditas
2719 3898 2773 3945 et
2803 3901 3020 3946 sanctas
3074 3893 3319 3953 virtutes,
3350 3905 3406 3946 nt
3457 3902 3515 3949 et

1942 3985 2071 4053 ipsa:
2102 3982 2529 4037 misericordiam
2575 3991 2894 4037 consecutos
2950 3984 3224 4037 exhortari
3284 3986 3509 4054 possint.

1939 4075 2008 4129 Et
2049 4084 2175 4130 tunc
2211 4074 2367 4144 plane
2393 4091 2412 4124 ι
2452 4085 2592 4127 terra
2639 4074 2891 4129 exaudiet
2922 4072 3284 4138 frumentum,
3321 4077 3504 4131 vinum

1940 4172 1998 4219 et
2037 4163 2236 4229 oleum,
2283 4182 2303 4216 ι
2341 4178 2440 4234 pro
2472 4162 2706 4217 fructum
2741 4163 2912 4218 ferent
2962 4166 3051 4234 qui
3084 4175 3211 4219 sunt
3244 4165 3295 4219 in
3348 4176 3513 4231 terra,

1941 4269 2089 4325 spem
2136 4254 2277 4319 vitae,
2305 4253 2525 4319 laetitiae,
2558 4253 2943 4309 hilaritudinis.
2988 4255 3057 4309 Et
3091 4266 3248 4326 typus
3292 4257 3511 4326 quidem

1942 4345 2063 4400 vitae
2097 4345 2422 4399 frumentum
2460 4355 2582 4411 est;
2626 4344 2807 4399 vinum
2847 4358 3023 4402 autem
3073 4346 3288 4413 laetitia,
3334 4348 3509 4404 oleum

1942 4436 2252 4500 hilaritatis,
2288 4445 2344 4490 et
2380 4435 2534 4492 bona:
2566 4437 2915 4493 habitudinis.
2966 4437 3073 4509 56
3104 4438 3245 4493 Inest
3282 4441 3423 4493 enim
3457 4440 3512 4495 in

1941 4530 2027 4583 his
2069 4529 2159 4598 qui
2196 4529 2539 4583 crediderunt
2585 4529 2746 4596 bona,
2775 4539 2829 4583 et
2861 4542 3139 4595 constans,
3189 4541 3244 4586 et
3292 4533 3505 4586 firmata

1942 4633 2085 4687 spes.
2118 4617 2180 4671 Et
2217 4619 2419 4671 recedit
2455 4617 2577 4686 quis
2612 4618 2679 4671 ab
2709 4604 3091 4685 improbitate;
3123 4630 3310 4674 contra
3354 4637 3516 4676 omne

1943 4710 2143 4764 bonum
2196 4709 2417 4775 appetit,
2454 4718 2508 4762 et
2543 4708 2836 4764 Salvatoris
2882 4709 3011 4779 jugo
3061 4712 3327 4765 cervicem
3377 4712 3511 4766 sub~

1946 4799 2130 4863 mittit,
2162 4797 2321 4862 bona,
2352 4808 2408 4853 et
2435 4799 2656 4854 minime
2700 4801 2880 4865 dubia,
2925 4811 2978 4856 et
3006 4816 3129 4855 vera
3173 4803 3393 4857 omnino
3419 4818 3515 4873 spe

1944 4893 2070 4947 vita:
2105 4891 2295 4946 futurae
2373 4901 2705 4947 sustentatus
2727 4933 2742 4955 ,
2772 4903 2831 4948 ut
2867 4909 2968 4949 una
3002 4910 3121 4950 cum
3166 4899 3366 4952 sanctis
3394 4898 3514 4953 aliis

1944 4981 2179 5047 laetetur,
2254 4991 2311 5037 et
2372 4997 2467 5038 cor
2533 4985 2726 5039 habeat
2767 5000 2927 5053 quam
2986 4987 3510 5044 hilarissimum.Ait

1933 5074 2077 5127 enim
2110 5071 2308 5126 alicubi
2346 5072 2413 5126 de
2434 5073 2637 5128 sanctis
2684 5076 2944 5143 propheta
2975 5074 3137 5130 Isaias
3169 5096 3184 5131 :
3223 5094 3243 5128 ι
3300 5077 3509 5131 Lmtitia

1931 5164 2252 5234 sempiterna
2272 5176 2436 5232 super
2466 5165 2639 5231 capita
2674 5179 2882 5219 eorum.
2910 5164 3074 5231 Laus,
3106 5176 3162 5221 et
3200 5169 3506 5235 exsultatio,

1944 5266 1998 5313 et
2038 5256 2289 5326 gaudium
2320 5256 2738 5326 comprehendet
2768 5271 2880 5312 eos.
2920 5258 3075 5329 Fugit
3118 5260 3291 5323 dolor,
3326 5270 3380 5315 et
3415 5261 3511 5314 tri-

1946 5349 2114 5412 stitia,
2157 5357 2214 5402 et
2246 5348 2497 5417 gemitus.
2540 5366 2558 5400 ι
2594 5349 2776 5420 Itaque
2809 5364 2906 5419 spe
2935 5353 3078 5417 vitae,
3117 5362 3172 5407 et
3200 5352 3507 5417 hilaritatis,

1946 5449 2106 5508 atque
2146 5440 2307 5493 etiam
2338 5438 2515 5494 laetitia
2556 5456 2818 5509 supernas
2850 5443 3204 5507 hortationes,
3237 5444 3349 5498 sive
3391 5444 3511 5512 pln-

1946 5530 2083 5598 vias,
2118 5547 2237 5600 quae
2264 5531 2444 5585 animo
2465 5535 3027 5597 cernuntur,omnino’
3062 5534 3310 5589 exaudiet
3341 5543 3507 5596 terra,

1947 5622 2000 5678 id
2025 5632 2130 5687 est,
2179 5622 2423 5678 homines
2456 5632 2655 5677 terram
2690 5625 3011 5681 habitantes.
3050 5624 3188 5679 Fore
3222 5633 3400 5679 autem
3454 5622 3510 5680 in

1893 5777 1939 5810 “
1982 5776 2147 5833 llcbr.
2173 5793 2213 5845 ι,
2247 5776 2335 5845 14,
2410 5776 2455 5810 ⁸³
2483 5792 2599 5834 δυο.
2640 5793 2679 5847 t,
2715 5779 2769 5834 5.
2846 5780 2891 5813 '°
2917 5777 3019 5835 lsa.
3048 5795 3211 5846 xuv,
3238 5783 3327 5835 τυ.
