4094 6550
635 379 710 437 99
1625 371 1685 426 S.
1726 367 2001 427 CYRILLI
2039 365 2511 428 ALEXANDRINI
2550 368 2869 426 ARCHIEP.
3780 371 3894 428 ιοο

635 494 861 566 gloriam
917 490 1116 547 Christi
1162 488 1396 545 fructum
1439 489 1563 545 vitae
1620 502 1966 545 sanctorum:
2003 508 2023 543 ι
2064 504 2198 544 unus

2317 507 2466 543 σεται
2493 489 2709 553 πάντως
2744 492 2778 561 ἡ
2812 490 2909 559 γῆ,
2940 487 3234 554 τουτέστιν,
3272 490 3322 544 οἱ
3351 489 3449 562 τὴν
3480 490 3586 561 γῆν
3611 490 3890 554 οίκοῦντες

633 586 775 640 enim
814 597 909 652 pro
939 582 1093 637 nobis
1140 590 1383 636 mortuus
1424 590 1527 647 est,
1557 588 1613 635 ut
1666 582 1912 635 viventes
1944 581 2058 651 jam
2101 595 2198 636 non

2312 579 2609 651 ἄνθρωποι.
2677 584 2775 633 Οτι
2807 580 2864 633 δὲ
2900 579 2980 642 είς
3007 578 3163 644 δόξαν
3188 580 3342 635 έσται
3386 580 3622 652 Χριστοῦ
3650 582 3749 651 τῆς
3773 582 3891 635 τῶν

633 678 733 734 sibi
778 677 957 730 vivant
981 717 995 740 ,
1027 676 1120 729 sed
1156 673 1226 738 ei,
1260 673 1350 741 qui
1392 687 1489 742 pro
1524 673 1656 741 ipsis
1685 682 1933 727 mortuus
1983 680 2087 735 est,
2154 679 2198 725 et

2312 671 2484 739 ἁγίων
2514 672 2657 743 ζωῆς
2679 672 2707 724 6
2736 670 2945 743 καρπὸς
2965 669 3011 740 (ι
3031 666 3123 735 Εἷς
3144 671 3254 743 γὰρ
3276 673 3417 745 ὑπὲρ
3437 674 3654 728 πάντων
3679 673 3889 727 ἀπέθα-

632 768 932 823 resurrexit
953 767 1052 833 ⁵⁸,ι
1082 765 1317 821 ostendit
1339 780 1461 820 cum
1494 765 1675 820 subdit
1695 782 1721 818 :-
1742 782 1761 815 ι
1791 762 1858 818 Ει
1886 764 1998 831 ipsa
2038 778 2207 818 exau-

630 858 778 913 dient
812 856 1040 911 Jezrael.
1078 874 1098 907 ι
1129 855 1230 925 Ipsi
1258 854 1428 919 enim,
1483 863 1543 908 ut
1588 854 1723 918 dixi,
1779 854 2015 907 fructum
2062 853 2206 909 fere-

630 965 771 1016 mus,
810 949 909 1018 ipsi
950 948 1113 1001 vitam
1155 954 1391 1001 nostram
1424 944 1706 1000 debentes.
1739 944 1949 999 Dictum
1974 954 2058 999 est
2082 959 2207 1015 por-

630 1056 692 1094 ro
741 1042 953 1110 szepius,
985 1036 1194 1092 Jezrael
1246 1052 1442 1092 sonare
1470 1054 1488 1087 ι
1531 1050 1718 1090 semen
1748 1033 1842 1088 Dei
1874 1051 1920 1099 ,ι
1956 1034 2060 1089 hoc
2095 1043 2202 1102 est,

626 1131 816 1195 Filius,
854 1146 919 1185 ex
972 1130 1080 1184 Deo
1110 1128 1273 1182 Patre
1310 1126 1607 1182 secundum
1647 1134 1897 1179 naturam
1948 1134 2003 1178 et
2049 1124 2203 1178 inex-

628 1226 859 1297 plicabili
897 1225 1054 1279 modo
1101 1224 1335 1293 genitus,
1385 1222 1630 1291 quamvis
1663 1218 1740 1274 rei
1773 1225 2073 1287 corporale:
2108 1231 2203 1272 vo-

626 1320 818 1377 cabulo
854 1317 1155 1374 afﬁciatur.

698 1496 859 1550 Vens.
899 1494 987 1558 25,
1015 1492 1105 1546 26.
1138 1492 1203 1545 Et
1243 1489 1512 1546 seminabo
1564 1504 1676 1543 eam
1711 1487 1841 1539 mihi
1891 1485 1992 1555 ipsi
2047 1499 2201 1554 super

626 1588 919 1649 (eiram,'et
950 1581 1248 1645 miserebor,
1304 1580 1455 1650 cujus
1498 1594 1600 1632 non
1652 1594 1768 1630 sum
1819 1577 2097 1634 misertus.
2150 1584 2198 1629 et

624 1680 795 1730 dicam
858 1694 958 1730 non
999 1675 1187 1744 populo
1237 1690 1346 1727 meo
1397 1688 1417 1727 :
1453 1670 1683 1739 Populus
1733 1686 1878 1723 meus
1923 1684 1977 1723 es
2017 1681 2115 1733 tu;
2148 1675 2196 1722 et

624 1774 731 1840 ipse
759 1772 929 1824 dicet:
960 1769 1221 1823 Dominus
1257 1767 1395 1821 Deus
1435 1782 1579 1818 meus
1609 1782 1661 1818 es
1693 1775 1771 1820 lu.

696 1862 887 1917 XXXI.
925 1862 1154 1915 Rursum
1197 1874 1357 1914 voces
1389 1876 1409 1910 ι
1441 1855 1570 1910 milii
1612 1858 1709 1925 ipsi
1746 1874 1764 1907 ι
1810 1854 2057 1908 bifariam
2114 1853 2197 1908 in-
2230 1873 2271 1927 Β

628 1952 857 2021 lelliges.
899 1949 1136 2004 Reddam
1176 1948 1346 2012 enim,
1379 1946 1571 2015 inquit,
1618 1947 1756 1999 bene
1790 1943 2089 2008 ﬂorentem,
2146 1954 2201 1997 et

626 2043 963 2097 fructiferam
1026 2038 1333 2093 Judaeorum
1394 2036 1729 2107 Synagogam
1792 2033 2056 2104 profecto,
2094 2047 2197 2086 non

630 2137 863 2204 amplius
910 2134 1078 2188 invite
1111 2140 1388 2203 parentem
1414 2130 1618 2200 legibus
1650 2128 1802 2191 meis,
1831 2141 2002 2196 neque
2032 2125 2198 2195 perti-

625 2233 836 2282 naciter
873 2227 1011 2296 typis
1039 2223 1250 2278 aﬂixam
1297 2232 1351 2277 et
1373 2222 1735 2287 inhaerentem
1758 2235 1772 2284 ;
1797 2220 1890 2273 sed
1922 2217 2061 2287 quod
2089 2232 2201 2271 ma-

622 2322 766 2374 xime
804 2320 975 2371 visum
1013 2315 1177 2370 fuerit
1211 2314 1319 2368 Deo
1367 2322 1602 2381 gratum,
1629 2319 1685 2366 et
1715 2311 1855 2379 quod
1905 2310 1976 2363 illi
2009 2324 2202 2378 Oppor-

624 2421 810 2464 tunum
841 2406 1259 2471 exiStimaverit,
1293 2406 1343 2459 id
1396 2414 1637 2473 paratam
1686 2403 1788 2455 rite
1818 2402 2066 2470 exsequi.
2103 2411 2204 2454 tta-

621 2516 726 2573 que
762 2500 891 2555 mihi
924 2500 1023 2569 ipsi
1069 2498 1378 2553 seminabo:
1408 2510 1586 2550 meum
1619 2494 1816 2563 quippe
1855 2506 2038 2547 semen
2091 2509 2204 2547 sus-

621 2595 806 2664 cipiet,
845 2602 901 2648 ut
937 2591 1245 2659 evangelica
1318 2587 1559 2650 oracula,
1606 2601 1710 2639 non
1748 2583 1858 2653 jam
1900 2586 2067 2655 legem
2108 2600 2205 2656 per

621 2684 842 2754 Moysen
886 2682 1306 2751 promulgatam,
1337 2677 1477 2731 sicut
1515 2676 1569 2729 in
1615 2674 1904 2744 principio,
1943 2674 2205 2741 intelliga-

622 2792 761 2831 nius.
824 2773 964 2829 Olim
1026 2771 1171 2826 enim
1229 2768 1369 2840 typis
1400 2776 1457 2821 et
1526 2766 1715 2835 ﬁguris
1748 2764 2046 2820 colebatur.
2097 2766 2205 2825 Aut

620 2878 769 2922 certe
799 2885 815 2916 ι
854 2863 982 2917 mihi
1019 2861 1142 2931 ipsi,
1179 2879 1197 2912 ι
1252 2859 1357 2912 alio
1411 2873 1571 2913 sensu
1628 2857 2066 2927 interpretabere.
2103 2857 2205 2911 Per

621 2975 730 3024 me,
762 2958 951 3027 inquit,
986 2956 1153 3024 ipsam
1212 2952 1433 3018 curabo,
1466 2964 1560 3005 seu
1611 2950 1678 3003 ad
1722 2950 1838 3020 ejus
1884 2964 2068 3004 curam
2125 2949 2204 3001 in-

620 3049 900 3113 cumbam,
932 3057 987 3101 et
1018 3044 1168 3115 quasi
1198 3051 1398 3098 terram
1432 3043 1716 3110 quamdam
1768 3043 2037 3111 pinguem,
2087 3054 2205 3093 ara-

624 3149 789 3209 tuque
814 3138 1043 3201 facilem,
1065 3151 1166 3190 non
1187 3150 1281 3204 per
1312 3135 1471 3187 alium
1495 3134 1823 3201 quempiam,
1844 3135 1935 3187 sed
1968 3149 2061 3203 per
2091 3147 2205 3186 me-

2309 780 2417 827 νεν,
2452 764 2539 818 ἵνα
2587 766 2634 817 οί
2676 765 2877 829 ζῶντες
2911 764 3109 835 μηκέτι
3152 766 3365 828 ἑαυτοῖς
3398 764 3563 828 ζῶσιν
3588 806 3603 831 ,
3632 764 3765 818 ἀλλά
3804 764 3889 834 τῷ

2309 854 2448 925 ὑπὲρ
2471 855 2651 908 αὐτῶν
2681 856 3003 909 ἀποθανόντι
3028 856 3123 913 καὶ
3150 855 3429 927 ἐγερθέντι
3461 854 3891 926 »),διαμεμήνυ·

2307 962 2400 998 κεν
2430 944 2598 1000 εἰπών
2620 963 2634 976 ⁸
2674 965 2693 997 ι
2729 947 2838 999 Καὶ
2874 947 3015 1000 αὑτά
3058 947 3418 1001 ἐπακούσεται
3444 946 3520 1017 τῷ
3565 946 3820 1018 Ἰεζραέλ.
3861 966 3881 999 ι

2304 1035 2462 1106 Αὐτῷ
2484 1037 2611 1108 γὰρ,
2638 1036 2713 1102 ὡς
2746 1038 2903 1110 ἔφην,
2927 1039 3438 1110 καρποφορήσομεν,
3460 1036 3610 1107 αὐτῷ
3631 1038 3730 1110 τὴν
3749 1037 3890 1091 ιδίαν

2271 1118 2283 1135 ’
2307 1128 2688 1196 ἐποφείλοντες
2736 1128 2898 1199 ζωήν.
2953 1132 3179 1202 Εἴρηται
3223 1131 3280 1183 δέ
3308 1129 3648 1193 πλειστάκις,
3680 1130 3765 1183 ὃτι
3799 1129 3887 1193 τὸ,

2316 1218 2557 1289 Ἰεζραέλ
2589 1220 2953 1292 ἑρμηνεύεται
2984 1241 3002 1273 ι
3042 1221 3220 1291 σπορὰ
3244 1220 3401 1285 Θεοῦ,
3433 1239 3452 1272 ι
3479 1221 3574 1274 καὶ
3587 1219 3743 1273 τοῦτό
3767 1222 3889 1272 ἐστι

2300 1308 2382 1374 τὸ,
2413 1309 2569 1375 Υἱὸς,
2596 1311 2672 1374 ὡς
2705 1314 2770 1365 ἐκ
2803 1311 2938 1366 Θεοῦ
2972 1313 3183 1383 [ἰατρὸς
3213 1312 3355 1367 κατὰ
3398 1311 3560 1380 φύσιν
3587 1313 3680 1365 καὶ
3711 1313 3890 1382 ἀπορ-

2302 1401 2479 1472 ρήτως
2490 1418 2687 1473 γεγενη
2695 1403 2973 1472 μένος,καὶ
2988 1405 3036 1455 εἰ
3054 1404 3268 1457 καλοῖτο
3284 1403 3515 1474 πρᾶγμα
3533 1401 3886 1472 σωματικῶς.

2369 1492 2479 1545 Καὶ
2532 1492 2735 1560 σπερῶ
2773 1494 2971 1561 αὐτὴν
3018 1493 3253 1563 ἐμαυτῷ
3302 1494 3402 1547 ἐπὶ
3432 1492 3545 1561 τῆς
3595 1492 3729 1563 τῆς,
3782 1492 3885 1545 καί

2298 1580 2531 1651 ὲλεήσω
2576 1583 2690 1651 τὴν
2724 1587 2836 1639 οὐκ
2867 1587 3236 1655 ἠλεημένην,
3269 1586 3367 1639 καί
3397 1584 3510 1653 ὲρῶ
3534 1586 3615 1651 τῷ
3653 1588 3726 1638 οὐ
3757 1584 3888 1648 ,λαῷ

2292 1689 2412 1741 μου
2437 1712 2452 1737 ,
2506 1675 2665 1741 Λαός
2684 1693 2808 1743 μου
2837 1672 2896 1731 εἷ
2938 1676 3044 1744 σὺ,
3068 1678 3168 1731 καὶ
3200 1676 3385 1742 αὐτὸς
3432 1676 3573 1745 ἐρεῖ,
3608 1678 3827 1745 Κύριος
3853 1678 3888 1728 ό

2301 1765 2443 1831 Θεός
2463 1784 2583 1834 μου
2605 1764 2665 1821 εἴ
2691 1769 2795 1823 σύ.

2390 1858 2517 1912 ΛΑ¹.
2549 1858 2623 1911 Τὸ
2656 1877 2673 1909 ι
2714 1858 2939 1931 ἐμαυτῷ
2987 1878 3005 1911 ι
3057 1860 3122 1931 δὴ
3177 1860 3338 1915 πάλιν
3392 1861 3645 1929 συνήσεις
3689 1858 3877 1929 διχῶς.

2314 1948 2599 2017 Ἀποφανῶ
2620 1949 2750 2021 γάρ,
2779 1952 2963 2022 φησὶν,
2992 1946 3102 2004 οἶόν
3125 1969 3240 2015 πως
3260 1951 3461 2022 εὐθαλῆ
3481 1968 3542 2003 τε
3558 1951 3651 2004 καλ¹
3676 1950 3885 2019 ἐγκαρ-

2301 2054 2422 2101 πον,
2441 2037 2597 2107 δῆλον
2615 2039 2673 2092 δὲ
2693 2041 2774 2093 ὃτι
2794 2040 2893 2111 τὴν
2912 2040 3021 2095 τῶν
3050 2039 3315 2094 Ἰουδαίων
3333 2040 3680 2109 συναγωγὴν,
3697 2038 3883 2091 οὐκέτι

2300 2135 2391 2182 τὸν
2412 2128 2710 2200 ἀϐούλητον
2748 2132 2872 2201 ἐμοὶ
2906 2131 3360 2202 διαπεραίνουσαν
3379 2133 3563 2201 νόμον,
3602 2129 3724 2183 οὗτε
3775 2128 3883 2199 μὴν

2302 2218 2683 2289 προσερεῖσθαι
2702 2222 2814 2282 τοῖς
2840 2218 3051 2283 τύποις,
3075 2217 3245 2289 ἀπρὶξ
3278 2217 3613 2289 ᾑρημένους·
3637 2214 3775 2269 ἀλλὰ
3798 2214 3881 2276 τὸ,

2301 2308 2383 2361 ὅτι
2419 2310 2657 2379 μάλιστα
2709 2309 2787 2381 τῷ
2819 2310 2937 2380 Θεῷ
2974 2310 3127 2379 φίλον
3164 2327 3225 2362 τε
3252 2308 3464 2373 δοκοῦν,
3494 2307 3589 2361 καὶ
3637 2302 3697 2360 εὖ
3735 2306 3883 2377 ἐχειν

2304 2402 2728 2473 ὑπειλημμένον,
2759 2402 3061 2475 κατορθοῦν
3100 2402 3381 2474 ἑλομένην.
3422 2400 3629 2455 Οὐκοῦν
3659 2398 3883 2470 ἐμαυτῷ

2305 2494 2633 2565 κατασπερῶ
2650 2511 2663 2526 ·
2687 2495 2777 2548 τὸν
2797 2495 2906 2564 γάρ
2929 2496 3060 2566 ἐμὸν
3083 2493 3375 2559 εἰσδέξεται
3399 2492 3620 2564 σπόρον,
3641 2492 3726 2545 ἵνα
3742 2491 3885 2544 νοῶ-

2311 2600 2409 2653 μεν
2434 2586 2501 2638 τά
2549 2586 2879 2654 εὐαγγελικά
2923 2586 3290 2657 θεσπίσματα,
3335 2587 3428 2640 καὶ
3459 2586 3643 2639 οὐκέτι
3670 2585 3761 2637 τὸν
3797 2583 3885 2636 διὰ

2306 2676 2572 2740 Μωσέως.
2596 2677 2740 2730 καθά
2762 2678 2857 2731 και)⁵
2885 2680 2942 2731 ἐν
2965 2678 3181 2749 ἀρχαῖς.
3209 2677 3561 2749 Ἐγεωργεῖτο
3579 2676 3688 2747 γάρ
3714 2675 3883 2729 πάλαι

2303 2770 2417 2828 τοῖς
2443 2767 2653 2832 τύποις.
2705 2771 2912 2837 Ἥγουν
2941 2769 3003 2823 τὸ
3030 2788 3048 2821 ι
3090 2769 3312 2841 ἐμαυτῷ
3348 2789 3367 2823 ι
3407 2771 3501 2824 καὶ
3528 2769 3650 2823 καθ’
3696 2768 3885 2835 ἕτερον

2305 2859 2498 2933 ἐκδέξῃ
2537 2861 2753 2931 τρόπον.
2794 2860 3105 2932 Αύτουργδς
3136 2861 3245 2933 γὰρ
3284 2860 3500 2932 ἔσομαι,
3549 2859 3713 2930 φησὶ,
3745 2857 3883 2929 πρὸς

2303 2952 2402 3023 τὴν
2426 2953 2513 3005 ἐπ’
2544 2953 2680 3023 αὐτῇ
2745 2953 3019 3023 φροντίδα,
3055 2953 3148 3006 καὶ
3178 2946 3289 3006 οἷόν
3323 2969 3444 3006 τινα
3493 2951 3594 3022 γῆν
3637 2951 3799 3003 πίονά
3822 2965 3881 3002 τε

2307 3042 2399 3094 καὶ
2424 3044 2700 3114 εύήροτον,
2725 3045 2785 3097 ού
2819 3043 2885 3097 δι’
2906 3043 3092 3114 ἐτέρου
3119 3043 3283 3108 τινὸς,
3307 3043 3420 3097 ἀλλ’
3449 3041 3683 3113 ἐμαυτοῦ
3715 3058 3881 3095 κατα·

2309 3134 2813 3204 σπερῶ.·Λελάληκε
2834 3134 2943 3205 γὰρ
2978 3137 3108 3205 ἡμῖν
3134 3137 3161 3188 6
3176 3136 3308 3198 Θεὸς
3327 3135 3421 3188 καὶ
3448 3133 3636 3204 Πατὴρ
3664 3135 3722 3186 ἐν
3744 3131 3879 3203 Υίῷ·

624 3232 907 3299 metipsum
933 3243 1235 3283 conseram.
1253 3225 1492 3279 Locutus
1518 3234 1790 3280 estautem
1816 3225 1971 3280 nobis
1997 3225 2134 3278 Deus
2149 3233 2198 3278 et

2306 3226 2483 3279 καίτοι
2526 3244 2544 3276 ι
2567 3227 2692 3289 Τοῖς
2736 3226 2902 3279 πάλαι
2940 3226 3180 3296 λαλήσας
3220 3225 3310 3279 διὰ
3360 3224 3655 3296 προφητῶν
3709 3224 3881 3291 ἁγίων

626 3320 786 3375 Pater
834 3321 888 3374 in
937 3320 1106 3383 Filio,
1168 3317 1415 3387 quamvis
1482 3318 1752 3369 veteribus
1794 3334 1811 3366 ι
1852 3314 2198 3369 multifariam

624 3412 915 3479 multisque
970 3409 1142 3463 modis
1196 3423 1291 3477 per
1353 3406 1645 3476 prapbetas
1711 3415 1928 3460 sanctos
1992 3406 2200 3460 locutus

620 3503 696 3558 sit
731 3504 831 3555 ".3
867 3502 969 3572 57
1023 3500 1307 3570 Segetibus
1359 3513 1518 3567 porro
1559 3497 1610 3550 in
1656 3512 1783 3566 agro
1813 3507 1867 3550 et
1908 3496 2019 3564 ipse
2080 3496 2197 3549 Sal-

622 3604 777 3649 vator
821 3595 1136 3649 immensam
1198 3589 1534 3644 credentium
1592 3588 1989 3641 multitudinem
2050 3603 2197 3641 com-

625 3687 853 3757 paravit,
900 3700 1023 3739 cum
1089 3681 1349 3752 apostolis
1394 3682 1470 3733 ait
1517 3696 1532 3732 :
1572 3698 1591 3730 ι
1644 3678 1833 3734 Nonne
1884 3694 1977 3733 vos
2022 3678 2198 3733 dicitis

624 3781 766 3849 quod
791 3779 967 3833 adhuc
1001 3783 1231 3845 quatuor
1283 3787 1494 3826 menses
1520 3781 1664 3835 sunt,
1699 3781 1752 3826 et
1796 3771 1984 3825 messis
2020 3770 2197 3824 venit?

630 3871 771 3926 Ecce
814 3868 936 3923 dico
974 3866 1162 3919 vobis:
1190 3864 1389 3919 Levate
1434 3863 1618 3918 oculos
1680 3871 1911 3924 vestros,
1937 3869 1990 3916 et
2025 3862 2197 3916 videte

628 3947 896 4029 regiones,
927 3956 1179 4025 quoniam
1237 3953 1368 4007 albae
1406 3962 1532 4005 sunt
1565 3951 1675 4020 jam
1736 3952 1802 4005 ad
1850 3965 2098 4004 messem.
2134 3951 2197 4004 Et

628 4049 721 4119 qui
763 4048 932 4109 metit,
969 4045 1267 4099 mercedem
1306 4043 1521 4111 accipit,
1553 4052 1605 4096 et
1649 4051 1940 4111 congregat
1964 4038 2192 4094 fructum

624 4141 681 4195 in
721 4141 884 4192 vitam
944 4146 1198 4190 aeternam
1242 4134 1340 4187 ⁸³.»
1376 4134 1441 4187 Et
1500 4134 1694 4187 iterum
1758 4132 1915 4185 alibi:
1952 4150 1969 4182 ι
2012 4130 2196 4185 Messis

625 4231 840 4298 quidem
879 4228 1072 4290 multa,
1108 4226 1340 4295 operarii
1368 4235 1546 4278 autem
1582 4222 1759 4293 pauci.
1790 4222 1990 4292 Rogate
2035 4222 2195 4292 igitur

626 4320 918 4374 Dominum
955 4320 1168 4384 messis,
1200 4327 1258 4371 ut
1291 4319 1500 4372 emittat
1534 4317 1809 4385 operarios
1858 4317 1910 4370 in
1965 4332 2189 4369 messem

626 4426 782 4465 suam
810 4408 879 4463 ".
906 4428 924 4460 ι
963 4409 1144 4475 Itaque
1172 4408 1401 4461 demissa
1449 4407 1602 4461 nobis
1628 4422 1656 4458 a
1684 4406 1962 4460 Salvatore
1993 4405 2188 4474 pluvia,

2302 3317 2624 3389 πολυμερῶς
2654 3335 2712 3371 τε
2742 3320 2835 3371 καὶ
2862 3318 3232 3389 πολυτρόπως.
3262 3319 3450 3389 Ληῖοις
3473 3318 3530 3370 δέ
3550 3315 3879 3388 παρεικάζει

2298 3412 2411 3473 τοῖς
2432 3412 2488 3462 ἐν
2514 3409 2668 3481 ἀγρῷ
2706 3411 2800 3464 καὶ
2821 3411 2981 3474 αὐτὸς
3016 3413 3044 3465 6
3074 3411 3266 3483 Σωτὴρ
3305 3412 3403 3481 τὴν
3437 3409 3745 3480 ἀμέτρητον
3771 3408 3879 3462 τῶν

2301 3501 2741 3554 πεπιστευκότων
2795 3501 3022 3572 πληθύν.
3065 3503 3173 3557 Καὶ
3222 3500 3354 3571 γοῦν
3397 3501 3503 3572 ἔφη
3544 3504 3655 3565 τοῖς
3701 3501 3877 3570 ἁγίοις

2299 3592 2649 3655 ἀποστόλοιςο
2690 3593 2832 3663 (Οὐχ
2858 3594 3015 3663 ὑμεῖς
3040 3594 3247 3662 λέγετε,
3265 3594 3701 3665 ὅτιτετράμηνός
3733 3597 3876 3661 ἐστι,

2299 3681 2729 3753 καὶόθερισμὸς
2773 3683 3025 3753 ἐρχεται;
3084 3685 3193 3738 ίδοὺ
3243 3684 3385 3753 λέγω
3429 3685 3577 3755 ὑμῖν,
3631 3687 3875 3757 ἐπάρατε

2297 3772 2420 3834 τοὺς
2441 3772 2753 3842 ὀφθαλμοὺς
2775 3774 2950 3844 ὑμῶν,
2985 3775 3075 3828 καὶ
3102 3774 3369 3829 θεάσασθε
3388 3778 3485 3840 τὰς
3514 3778 3716 3847 χώρας.
3751 3778 3873 3832 Ὀτι

2296 3862 2484 3917 λευκαί
2523 3866 2659 3917 εἰσιν
2701 3865 2799 3935 ῆδη
2835 3866 2970 3936 πρὸς
3012 3866 3299 3937 θερισμόν·
3338 3867 3433 3920 καὶ
3457 3871 3485 3922 ό
3509 3867 3739 3938 θερίζων
3781 3886 3871 3939 μι-

2298 3952 2421 4004 σθὸν
2444 3952 2708 4024 λαμϐάνει
2737 3971 2748 3983 ·
2771 3973 2789 4005 ι
2818 3954 2933 4017 καὶ,
2953 3973 2970 4005 ι
2990 3954 3257 4025 Θερισμὺς
3288 3956 3473 4020 πολὺς,
3490 3958 3540 4010 οί
3568 3957 3623 4011 δέ
3647 3958 3871 4029 ἐργάται

2294 4044 2483 4113 ὀλίγοι.
2532 4045 2768 4116 Δεήθητε
2810 4041 2902 4099 οὖν
2951 4045 3047 4098 τοῦ
3093 4048 3295 4118 Κυρίου
3336 4047 3431 4102 τοῦ
3472 4048 3755 4120 θερισμοῦ,
3786 4051 3872 4103 ἵνα

2294 4135 2498 4206 ἐκϐάλῃ
2512 4137 2744 4206 ἐργάτας
2765 4138 2844 4198 εἰς
2862 4135 2951 4188 τὸν
2974 4135 3029 4188 θε
3042 4137 3234 4207 ρισμὸν
3252 4137 3438 4191 αὑτοῦ.
3452 4157 3471 4191 ι
3497 4137 3708 4192 Οὐκοῦν
3733 4138 3871 4193 καθ-

2294 4224 2444 4288 έντος
2470 4228 2602 4295 ἡμῖν
2633 4225 2725 4279 τὸν
2747 4226 2935 4295 νοητὸν
2956 4225 3111 4278 ὑετὸν
3144 4224 3239 4277 τοῦ
3272 4224 3520 4295 Σωτῆρος
3564 4226 3741 4296 ἡμῶν,
3780 4244 3870 4293 γε-

2292 4320 2530 4387 γόναμεν
2563 4318 2635 4389 γῆ
2666 4317 2885 4389 θελητή.
2916 4318 3055 4371 κατὰ
3084 4319 3184 4386 τὴν
3217 4317 3311 4370 τοῦ
3344 4319 3626 4388 προφήτου
3660 4322 3866 4387 φωνήν.

2296 4409 2558 4478 Ἐσπειρε
2588 4407 2697 4478 γὰρ
2722 4410 2867 4477 ἡμᾶς
2896 4407 3096 4477 ἐαυτῷ,
3122 4411 3217 4460 καὶ
3244 4411 3619 4477 κεχρημάτικε
3640 4407 3701 4461 τὸ
3730 4408 3866 4462 Θεοῦ

625 4518 742 4572 qua:
796 4501 1143 4570 intelligentia
1213 4499 1541 4569 percipitur,
1600 4497 1723 4551 laeti
1777 4512 2002 4551 snmusc
2045 4510 2184 4551 terra

2298 4500 2602 4571 γεώργιονὸ
2651 4499 2887 4569 Ἰσραήλ.
2926 4500 3168 4570 Ἑλεήσει
3221 4499 3328 4571 γάρ
3362 4500 3458 4570 τὴν
3487 4500 3588 4553 οὑκ
3626 4500 3865 4571 ἠλεημέ-

626 4591 947 4658 volunlaria,
985 4611 1002 4643 ι
1041 4602 1097 4645 ιιι
1128 4590 1383 4659 propheta
1434 4588 1685 4657 loquitur.
1735 4587 1988 4641 Οιιιιεονίι
2044 4589 2185 4642 enim

2298 4608 2410 4660 νην,
2441 4591 2534 4643 καὶ
2558 4592 2649 4644 τόν
2676 4607 2806 4643 ποτε
2843 4591 2902 4642 ού
2933 4591 3080 4657 λαὸν,
3110 4591 3365 4661 όνομάσει
3396 4592 3543 4646 λαόν.
3567 4593 3680 4646 Καὶ
3704 4595 3866 4656 αὐτὸς

627 4699 727 4738 nos
764 4684 865 4738 sibi
901 4683 1024 4751 ipsi,
1067 4690 1398 4749 vocatusque
1448 4677 1613 4732 Israel
1668 4678 1994 4747 agricultura
2074 4679 2188 4733 Dei.

627 4774 963 4828 Miserebitur
1019 4772 1183 4836 enim,
1246 4771 1326 4822 cui
1396 4785 1499 4822 non
1561 4767 1735 4822 fuerat
1802 4769 2091 4821 misertus:
2136 4777 2191 4821 et

625 4864 718 4930 qni
752 4862 1038 4931 aliquando
1068 4858 1184 4914 Non
1218 4858 1461 4927 populus,
1512 4858 1785 4913 vocabitur
1817 4855 2080 4926 Populus;
2133 4867 2187 4910 et

626 4958 742 5025 ipse
772 4966 962 5011 exutus
993 4970 1230 5010 errorem
1259 4954 1562 5024 pristinum,
1597 4953 1761 5006 Deum
1803 4967 1985 5005 verum
2024 4967 2185 5020 agno-

564 5114 569 5119 λ
626 5056 763 5110 seet,
806 5055 860 5100 et
897 5047 1040 5101 dicet
1083 5062 1097 5098 :
1170 5063 1189 5095 ι
1218 5046 1355 5100 Deus
1384 5061 1534 5099 meus
1558 5060 1616 5099 es
1646 5055 1722 5108 tu,
1751 5062 1769 5095 ι
1811 5043 2023 5097 tametsi
2058 5043 2183 5097 olim

626 5152 692 5194 ex
742 5138 1029 5193 immodica
1087 5140 1305 5193 vesania
1349 5137 1644 5191 clamavit:
1701 5153 1720 5187 ι
1778 5134 1888 5189 Nos
1939 5136 2183 5199 scimus,

624 5231 749 5299 quia
781 5229 945 5299 Moysi
996 5230 1206 5284 locutus
1244 5239 1325 5284 est
1353 5230 1526 5293 Deus;
1563 5228 1706 5281 hunc
1763 5238 1942 5279 autem
2014 5228 2187 5281 nesci-

623 5338 744 5378 mus
774 5324 913 5376 unde
941 5323 1012 5376 sit
1038 5320 1518 5387 ".sQuamobrem
1574 5334 1696 5373 cum
1740 5318 2048 5387 ignorarent
2086 5319 2185 5374 Fi-

623 5413 773 5478 lium,
817 5428 914 5467 nec
945 5412 1156 5467 Patrem
1192 5420 1477 5466 noverant:
1513 5410 1654 5478 quod
1688 5410 1757 5462 ita
1804 5418 2031 5462 testatur
2061 5410 2181 5463 Sal-

624 5518 807 5560 vator:
848 5524 866 5556 ι
903 5505 959 5558 Si
1007 5521 1090 5559 me
1131 5505 1362 5567 sciretis,
1387 5512 1442 5555 et
1469 5500 1682 5554 Patrem
1721 5515 1898 5555 meum
1959 5499 2182 5555 forsitan

621 5598 833 5652 sciretis
862 5597 962 5650 ⁵⁸.»
1002 5596 1291 5666 Postquam
1318 5604 1497 5649 autem
1550 5592 1616 5646 ad
1651 5593 1975 5663 agnitionem
2027 5610 2185 5650 voca-

687 5782 731 5814 ”
762 5780 804 5835 ll
833 5780 959 5835 Cor.
995 5796 1047 5846 ν,
1083 5780 1168 5836 13.

2287 4680 2343 4734 δέ
2376 4681 2475 4751 τῆς
2502 4681 2732 4752 ἀρχαίας
2764 4682 3088 4753 καταλήγων
3130 4683 3359 4754 πλάνης,
3392 4684 3485 4736 τὸν
3529 4684 3706 4755 ἀληθῆ
3736 4686 3863 4739 Θεὸν

2288 4772 2669 4840 ἐπιγνώσεται.
2704 4773 2843 4824 «Καὶ
2864 4774 3001 4843 ἐρεῖ,
3022 4771 3153 4835 Θεός
3177 4790 3278 4843 μου
3297 4768 3347 4825 εἴ
3363 4774 3481 4837 σῦ,ι
3501 4774 3678 4827 καίτοι
3698 4776 3862 4827 πάλαι

2297 4862 2435 4933 βοιῖιν
2475 4862 2533 4928 ἐξ
2572 4864 2881 4935 ἀμετρήτου
2921 4863 3345 4935 φρενοϐλαϐείας
3369 4903 3384 4928 ,
3419 4864 3579 4934 ἡμεῖς
3621 4865 3859 4936 οἴδαμεν,

2291 4953 2372 5005 ὅτι
2392 4953 2583 5007 Minoe!
2620 4953 2912 5023 λελάληκεν
2943 4957 2971 5007 6
2998 4954 3130 5018 Θεός
3153 4968 3171 4986 ⁸
3204 4956 3394 5008 τοῦτον
3427 4954 3483 5007 δὲ
3516 4955 3617 5008 ούκ
3642 4954 3861 5025 οἴδαμεν

2293 5044 2455 5099 πόθεν
2482 5043 2651 5097 ἐστίν.
2683 5045 2893 5098 Οὐκοῦν
2920 5047 3287 5117 ἀγνοήσαντες
3316 5046 3408 5099 τὸν
3437 5045 3581 5109 Υίὺν,
3615 5045 3735 5098 οὐδὲ
3767 5046 3853 5099 αύ-

2287 5135 2379 5188 τδν
2407 5135 2604 5205 ᾔδεσαν
2630 5134 2721 5187 τὸν
2741 5136 2961 5206 Πατέρα
2980 5155 2993 5168 ·
3014 5138 3108 5190 καὶ
3134 5138 3471 5209 μαρτυρήσει
3501 5135 3674 5205 λέγων
3701 5138 3859 5199 αὐτὸς

2290 5228 2318 5280 6
2348 5228 2554 5296 Σωτήρ.
2608 5227 2673 5279 Εἰ
2718 5227 2818 5297 ἐμὲ
2851 5227 3049 5297 ᾔδειτε,
3103 5229 3197 5281 καὶ
3241 5227 3334 5281 τὸν
3376 5228 3598 5298 Πατέρα
3648 5244 3749 5299 μου
3797 5229 3858 5282 ἂν

2290 5319 2488 5389 ᾔδειτε.
2537 5317 2755 5389 Ἐπειδὴ
2779 5319 2837 5372 δὲ
2870 5319 3162 5390 κέκληνται
3209 5320 3345 5392 πρὸς
3390 5321 3718 5389 ἐπίγνωσιν,
3769 5321 3859 5375 καὶ

2289 5409 2673 5480 ὡμολογήκασι
2718 5410 2808 5463 τὸν
2849 5410 2997 5474 Υῑὸν,
3049 5411 3334 5465 τεθέανται
3380 5411 3562 5464 λοιπὸν
3591 5411 3658 5464 δι’
3694 5409 3856 5465 αὐτοῦ

2291 5516 2349 5551 τε
2377 5500 2468 5552 καί
2498 5500 2555 5551 ἐν
2587 5498 2734 5568 αύτῷ
2772 5498 2864 5551 τὸν
2893 5499 3132 5569 Πατέρα.
3188 5498 3411 5569 Ἀληθές
3437 5499 3566 5567 γὰρ,
3609 5500 3689 5552 ὅτι
3717 5498 3857 5553 καθά

2291 5607 2452 5661 φησιν
2482 5592 2509 5642 6
2554 5592 2824 5661 Ἰωάννης,
2857 5594 2885 5645 6
2932 5591 3262 5664 ἀρνούμενος
3299 5592 3389 5646 τὸν
3430 5592 3584 5659 Υίὸν,
3624 5592 3742 5645 οὐδὲ
3770 5589 3853 5643 τὸν

1242 5782 1286 5811 δ’
1308 5778 1465 5835 llebr.
1489 5794 1523 5833 I.
1549 5777 1597 5832 l.
1675 5777 1718 5809 ⁵³
1746 5776 1898 5833 Joan.
1930 5775 2108 5844 H355,
2140 5776 2198 5831 5U

2298 5776 2517 5832 ‘Matth.
2558 5792 2629 5842 ix,
2664 5776 2751 5831 57.
2833 5777 2874 5807 ⁸⁸
2905 5776 3057 5832 Joau.
3093 5792 3170 5842 ix,
3206 5776 3293 5830 50.
3369 5777 3414 5808 ⁵⁸
3444 5775 3596 5831 Joan.
3626 5791 3743 5842 vni,
3772 5774 3849 5843 19.
