4094 6554
210 373 314 430 101

1129 366 1673 425 COMMENTARIUS
1710 365 1778 422 IN
1819 364 2052 422 ossam
2093 366 2542 424 paopnmau.
2586 336 2590 340 ’

3363 368 3472 425 102

206 488 433 559 Πατέρα
461 486 575 556 ἔχει
596 502 610 517 ⁸
644 487 673 540 ὁ
701 485 758 539 δέ
798 484 1077 557 ὁμολογῶν
1107 484 1198 539 τὸν
1226 485 1353 539 Υἰὸν
1379 526 1394 550 ,
1427 484 1680 556 ὁμολογεῖ
1707 484 1786 538 xui

1906 482 1966 547 ti,
2000 491 2051 536 et
2083 482 2278 538 Filium
2315 481 2547 537 confessi
2579 490 2723 549 sunt,
2752 482 3007 553 deinceps
3059 495 3155 554 per
3180 483 3379 553 ipsum,
3409 496 3465 540 et

200 578 304 634 τὸν
332 576 569 648 Πατέρα.

1899 574 1951 628 in
1985 574 2102 642 ipso
2165 573 2383 629 Patrem
2444 574 2714 629 viderunt.
2756 574 2951 629 Verum
2994 583 3077 630 est
3119 575 3287 637 enim,
3318 574 3476 643 juxta

201 669 507 739 sapientem
548 667 811 722 Joannem
837 681 853 720 :
882 683 902 718 ι
938 667 1029 736 qui
1066 678 1225 737 negat
1258 666 1472 731 Filium,
1525 679 1624 720 nec
1684 664 1900 719 Putrem
1972 667 2171 722 habet-
2210 667 2311 733 Qui
2375 675 2552 720 autem
2616 666 2904 721 conﬁtetur
2935 666 3151 735 Filium,
3192 666 3480 723 confitetur

198 770 263 816 et
295 759 510 815 Patrem
547 757 615 810 ⁸⁷.
631 776 649 809 ι

809 870 1065 927 ΚΕΦΛΛ.
1117 870 1191 924 Γ’.

276 1002 387 1059 Καὶ
420 998 551 1056 εἶπε
584 1002 802 1069 Κύριος
842 1002 992 1070 πρός
1026 1019 1132 1071 με·
1173 1004 1301 1055 Ἔτι
1324 1000 1660 1068 πορεύθητι,
1692 1000 1793 1054 καί.

201 1095 532 1164 ἀγοὰπησον
570 1093 828 1162 γυναῖκα
874 1092 1208 1161 ἀγαπῶσαν
1252 1090 1503 1159 πονηρὰ,
1538 1093 1635 1145 καὶ
1664 1110 1820 1162 μοι-η

199 1188 408 1258 χιι-λίν,
436 1186 628 1252 καθὼς
656 1184 857 1254 ἀγαπᾷ
896 1189 927 1239 ό
966 1187 1109 1251 Θεὸς
1136 1185 1277 1251 τοὺς
1311 1185 1481 1250 υἱοὺς
1523 1183 1792 1252 Ἰσραὴλ,

199 1281 305 1333 καὶ
340 1278 503 1333 αὐτοὶ
538 1278 991 1331 ἀποϐλέπουσιν
1035 1277 1130 1330 ἐπὶ
1186 1276 1369 1341 Θεοὺς
1407 1275 1783 1344 ἀλλοτρίους,

194 1370 305 1425 καί
325 1370 576 1440 φιλοῦσι
602 1369 876 1438 πέμματα
898 1370 1045 1439 μετά
1071 1368 1397 1438 σταφίδων.

274 1484 399 1537 AB’.
441 1483 506 1536 Ti
536 1483 598 1536 τὸ
622 1484 808 1555 χρῆμα
838 1482 1018 1546 πάλιν,
1048 1483 1081 1553 ἢ
1121 1482 1173 1534 τί
1200 1481 1260 1535 τὸ
1294 1483 1623 1555 μυστήριον,
1653 1482 1786 1535 ἀνα-

201 1577 401 1645 μαθεῖν
434 1577 747 1643 ἀναγκαῖον.
783 1577 903 1628 Δεῖν
947 1575 1073 1645 γὰρ,
1104 1572 1279 1644 οἶμαι,
1306 1575 1374 1629 τά
1402 1575 1580 1627 τοιάδε
1616 1573 1782 1626 πολυ-

201 1671 567 1739 πραγμονεῖν,
597 1668 691 1719 xui
723 1665 1063 1737 καταθρῆσαι
1096 1664 1468 1735 λεπτομερῶς.
1500 1663 1652 1717 Μετὰ
1682 1662 1790 1732 γάρ

196 1778 285 1814 τοι
316 1762 416 1830 τὴν
450 1758 695 1829 πρώτην,
723 1757 821 1829 τὴν
853 1756 1100 1828 μαχλάδα
1124 1757 1216 1810 xui
1243 1755 1636 1825 σεσοϐημένην,
1669 1754 1783 1806 ἓτε-

203 1867 298 1920 ρον
332 1849 411 1919 τῷ
440 1851 696 1920 προφήτῃ
734 1847 954 1915 γύναιον
990 1847 1342 1918 είσκρίνεται,
1376 1850 1489 1909 τοῖς
1530 1846 1630 1915 τῆς
1664 1862 1783 1915 μοι-

196 1944 356 2013 χείας
384 1942 725 2012 ἐγκλήμασιν
756 1940 1031 2009 ἐχόμενον.
1069 1940 1179 1992 Καὶ
1205 1940 1287 2002 τίς
1310 1941 1338 1992 ὁ
1367 1939 1555 2007 λόγος;
1605 1942 1638 2008 ὴ
1692 1938 1792 2008 μὲν

193 2034 310 2102 γὰρ
350 2032 459 2084 τῶν
495 2030 764 2083 Ἰουδαίων
800 2029 1029 2098 πληθὺς,
1065 2031 1098 2099 ἠ
1134 2028 1242 2099 πρὸ
1273 2031 1371 2100 τῆς
1400 2028 1492 2081 τοῦ
1537 2028 1791 2098 Σωτῆρος

197 2122 365 2191 ἡμῶν
428 2120 760 2191 ἐπιδημίας,
806 2119 899 2173 ἆτε
948 2119 1013 2191 δή
1060 2120 1155 2171 xui
1203 2118 1640 2189 ἀφυλακτότερον
1697 2116 1792 2170 xui

204 2214 354 2284 μάλα
376 2213 607 2282 ἑτοίμως
640 2212 795 2264 ἰοῦσα
820 2211 953 2282 πρὸς
975 2210 1262 2280 πλάνησιν,
1286 2211 1379 2264 xui
1400 2209 1660 2280 δαμάλεσι
1692 2207 1790 2278 μὲν

202 2305 542 2376 λατρεύουσα
576 2305 696 2366 ταῖς
743 2305 992 2374 χρυσαῖς,
1026 2300 1406 2373 προσκυνοῦσά
1452 2318 1511 2354 τε
1568 2300 1661 2353 xui
1696 2299 1790 2353 θύ-

201 2412 342 2448 ουσα
368 2395 446 2465 τῷ
474 2394 639 2459 Βάαλ,
671 2395 789 2465 ἦτοι
816 2392 894 2464 τῷ
932 2392 1272 2464 Βεελφεγὼρ,
1305 2394 1477 2466 πόρνῃ
1521 2393 1790 2447 παρεικά-

201 2486 349 2549 ζετο,
388 2486 482 2537 xui
518 2483 636 2536 λίαν
684 2483 930 2547 εἰκότως,
963 2482 1124 2536 οἰονεί
1153 2500 1270 2546 πως
1302 2483 1597 2554 ἐκκειμένη
1626 2483 1789 2536 παντὶ

201 2574 429 2645 πονηρῷ
480 2575 571 2628 xui
614 2574 908 2645 ἀκαθάρτῳ
963 2573 1257 2644 πνεύματι,
1302 2574 1401 2638 τὰς
1438 2575 1573 2638 ἰδίας
1599 2573 1794 2645 ἡδονὰς

201 2666 559 2737 ἀποπληροῦν
618 2666 877 2720 ἐθέλοντι.
932 2666 1325 2738 Προσεδέχοντο
1381 2667 1489 2738 γὰρ
1538 2666 1631 2720 xui
1684 2665 1793 2719 τῶν

198 2760 423 2830 ὁμόρων
446 2759 617 2811 ἐθνῶν
636 2759 703 2811 τὰ
721 2758 1064 2829 σεϐάσματα,
1093 2758 1232 2812 κατά
1254 2759 1315 2811 τὸ
1345 2758 1560 2830 ἑκάστῳ
1581 2757 1791 2822 δοκοῦν,

202 2851 437 2913 ἀνοσίως
484 2852 576 2905 xui
618 2850 1010 2914 ἀϐασανίστως.
1038 2849 1177 2903 Ἀλλ’
1205 2850 1386 2920 ἐκείνη
1427 2849 1526 2919 μὲν
1554 2850 1629 2912 ὡς
1654 2848 1793 2902 ἑτοί-

2551 869 2705 926 CAP.
2746 867 2836 935 ιιι,

1961 1006 2128 1062 Vens.
2160 1008 2211 1061 l.
2242 1005 2311 1061 Et
2355 1008 2494 1062 dixit
2545 1008 2800 1065 Dominus
2837 1011 2906 1066 ad
2936 1028 3019 1067 me
3069 1014 3298 1068 :Adhuc
3345 1016 3475 1070 vade

1892 1107 1939 1152 et
1962 1099 2123 1167 dilige
2144 1098 2412 1152 mulierem
2443 1099 2743 1168 diligentem
2762 1101 2924 1168 mala,
2940 1110 2989 1157 et
3009 1102 3476 1169 adulteram,sicut

1893 1188 2079 1243 dilexit
2106 1189 2367 1243 Dominus
2380 1189 2521 1259 ﬁlios
2542 1189 2736 1255 Israel,
2757 1201 2805 1246 et
2833 1192 2933 1261 ipsi
2957 1194 3239 1260 respiciunt
3262 1194 3331 1249 ad
3353 1195 3477 1250 deos

1892 1279 2111 1347 alienos,
2130 1288 2181 1335 et
2196 1288 2375 1335 amant
2394 1282 2652 1337 coctiones
2687 1298 2807 1336 cum
2846 1284 3095 1342 vinaceis.

1960 1475 2175 1533 XXXII.
2206 1477 2343 1545 Quid
2367 1479 2465 1544 rei,
2489 1488 2580 1534 aut
2612 1480 2851 1551 mysterii
2878 1482 3020 1538 istud
3060 1482 3150 1551 sit,
3184 1497 3481 1555 cognosca-

1891 1585 2012 1625 mus
2036 1580 2269 1641 oportet.
2300 1571 2438 1626 Puto
2468 1573 2719 1643 equidem
2759 1574 2883 1630 talia
2918 1577 3210 1632 scrutanda
3240 1577 3472 1648 diligen-

1898 1661 2001 1715 tius
2048 1670 2103 1716 et
2146 1664 2523 1733 perpendenda
2563 1663 2835 1720 subtilius.
2872 1665 3002 1723 Post
3044 1668 3272 1737 primam
3308 1669 3476 1733 enim,

1893 1765 2121 1820 eamque
2163 1751 2525 1819 meretricem,
2581 1763 2636 1808 et
2679 1757 2980 1825 repulsam,
3013 1758 3117 1811 alia
3161 1757 3477 1814 muliercula

1894 1840 2169 1909 propheta:
2198 1839 2440 1907 offertur,
2476 1842 2724 1899 adulterii
2764 1844 2982 1917 ﬂagitiis
3034 1847 3297 1903 involuta.
3335 1848 3477 1915 Quid

1894 1930 2006 1985 ita?
2037 1928 2343 1987 Judzeorum
2389 1948 2621 2003 namque
2664 1936 2974 2002 multitudo,
3011 1954 3133 2008 qua:
3178 1939 3472 1997 adventum

1895 2020 2196 2076 Sulvatoris
2235 2024 2404 2078 nostri
2457 2027 2768 2094 antecessit,
2800 2038 2988 2097 utpote
3034 2030 3374 2099 insolentius,
3408 2047 3474 2088 ac

1894 2121 2141 2182 prompte
2177 2112 2339 2168 nimis
2380 2128 2619 2171 errorem
2669 2132 2925 2188 sequens,
2952 2129 3007 2174 et
3041 2120 3238 2177 vitulos
3276 2137 3473 2180 aureos

1895 2205 2099 2271 colens,
2124 2204 2482 2274 adoransque,
2499 2216 2554 2261 et
2573 2209 2887 2275 sacriﬁcans
2906 2212 3186 2279 Baal,sive
3207 2213 3473 2285 Beelpbe-

1894 2309 2011 2365 gor,
2044 2309 2163 2349 cum
2189 2304 2370 2350 scorto
2391 2295 2790 2365 conferebatur,
2820 2299 2929 2370 58
2955 2311 3008 2356 et
3035 2302 3331 2372 aptissime,
3394 2320 3469 2360 ve-

1893 2386 1991 2442 luti
2026 2387 2273 2457 exposita
2298 2390 2447 2459 omni
2474 2389 2709 2460 maligno
2726 2402 2782 2446 et
2798 2392 3076 2449 immundo
3096 2394 3332 2465 spiritui,
3347 2411 3476 2452 suas

1894 2479 1949 2534 in
1979 2493 2043 2534 ea
2091 2478 2393 2548 voluptates
2431 2481 2651 2551 explere
2676 2483 2936 2550 cupienti.
2968 2481 3101 2538 Nam
3135 2495 3189 2540 et
3218 2485 3474 2542 ﬁnitima-

1895 2582 2013 2623 rum
2039 2570 2275 2639 gentium
2298 2586 2474 2637 sacra,
2500 2581 2659 2642 prout
2688 2572 2885 2641 cuique
2911 2573 3125 2641 liberet,
3146 2576 3351 2647 absque
3369 2577 3474 2633 ulla

1893 2660 2260 2729 exploratione
2288 2663 2676 2732 suscipiebant.
2710 2661 2911 2718 Verum
2937 2664 3025 2719 illa
3052 2666 3473 2736 quidem,utde-

1894 2751 2180 2809 fectionem
2230 2754 2373 2809 haud
2413 2754 2582 2810 invita
2632 2753 2830 2821 iniens,
2879 2768 3097 2824 poenam
3152 2758 3475 2828 condignam

1893 2845 2126 2915 excepit,
2151 2846 2367 2900 redacta
2392 2845 2445 2900 in
2474 2845 2944 2916 captivitatem,et
2985 2846 3219 2901 hostium
3249 2848 3473 2917 pedibus

205 2957 323 3009 μως
358 2940 514 2993 ἰοῦσα
555 2939 691 3010 πρὸς
721 2939 1019 2993 ἀπόστασιν
1050 2939 1338 3004 ἐκολάζετο
1366 2939 1611 3002 δικαίως,
1647 2956 1786 3009 πεμ-

1895 2936 2160 3005 subjecta.
2205 2937 2397 3007 Aperit
2446 2937 2797 2993 nihilominus
2829 2938 3104 3008 propheta:
3137 2937 3303 3005 Deus,
3343 2946 3477 2994 tem-

202 3031 420 3102 πομένη
450 3031 586 3102 πρὸς
617 3032 1018 3101 αἰχμαλωσίαν,
1047 3033 1141 3085 xui
1175 3032 1279 3085 ὑπὸ
1320 3031 1487 3095 πόδας
1519 3030 1792 3084 πίπτουσα

200 3124 309 3177 τῶν
346 3123 579 3194 ἐχθρῶν.
608 3122 854 3194 Καθίστη
904 3139 971 3191 γε
1024 3124 1130 3195 μὴν
1171 3123 1397 3195 ἐναργὲς
1424 3123 1502 3194 τῷ
1535 3124 1790 3195 προφήτῃ

202 3216 360 3279 Θεὸς,
396 3216 477 3268 ὅτι
509 3214 650 3267 κατὰ
677 3215 768 3268 τὸν
808 3216 996 3285 καιρὸν
1025 3216 1126 3286 τῆς
1154 3217 1245 3269 τοῦ
1282 3216 1515 3285 Ἰεζραέλ
1540 3217 1751 3287 ἡμέρας
1774 3254 1789 3279 ,

200 3306 301 3376 τῆς
336 3306 414 3368 ὡς
461 3306 676 3377 ἀληθῶς
713 3307 974 3378 μεγάλης,
1005 3307 1364 3377 ἀναϐήσονται
1412 3310 1477 3360 ἐκ
1524 3308 1619 3377 τῆς
1667 3308 1790 3376 γῆς,

199 3395 470 3456 τουτέστι,
510 3395 609 3465 τῆς
633 3394 740 3448 τῶν
774 3394 1088 3464 ἀλλοφύλων
1116 3394 1556 3466 ἀποδραμοῦνται
1584 3395 1787 3467 χώρας.

201 3487 380 3540 Τοῦτο
406 3487 460 3539 δὲ
488 3481 556 3557 ἦν
582 3485 995 3556 αἰνιγματωδῶς
1034 3487 1306 3556 ὑποφῆναι
1350 3487 1532 3553 πάλιν,
1562 3488 1642 3539 ὅτι
1689 3503 1788 3539 πε-

202 3576 312 3631 παύ
326 3594 509 3629 σονται
550 3574 644 3629 τοῦ
696 3572 833 3628 εἶναι
863 3574 1003 3639 ξένοι
1037 3574 1131 3627 καὶ
1174 3574 1462 3644 ἐπήλυτοι,
1494 3574 1692 3643 μᾶλλον
1729 3573 1788 3626 δὲ

201 3669 555 3742 δορύληπτοι,
588 3669 683 3723 xui
718 3670 816 3740 τὴν
863 3670 1151 3740 ἀλλοτρίαν
1195 3668 1471 3732 οἰκοῦντες
1503 3669 1603 3721 οὐκ
1636 3668 1787 3721 ἐλευ-

204 3761 401 3831 θέρως.
422 3762 722 3832 Ἐκήρυσσε
760 3761 867 3832 γὰρ
896 3762 924 3813 ό
958 3761 1148 3831 Σωτὴρ
1178 3758 1545 3830 αἰχμαλώτοις
1568 3760 1782 3828 ἄφεσιν,

202 3855 294 3907 xui
331 3853 551 3921 τυφλοῖς
580 3852 891 3921 ἀνάϐλεψιν,
923 3852 1065 3905 κατὰ
1095 3852 1193 3921 τὴν
1226 3850 1318 3904 τοῦ
1360 3852 1640 3922 προφήτου
1670 3870 1785 3921 φω-

202 3946 319 4016 νήν.
353 3944 475 3997 Ὅτι
496 3944 555 3997 δὲ
575 3946 669 3997 xui
691 3943 1121 4014 εἰσδεχθήσονται
1148 3943 1237 3996 διά
1287 3943 1519 4006 πίστεως
1541 3945 1597 3997 ἐν
1621 3944 1789 4006 ἐλέοις

204 4036 294 4088 xui
324 4037 655 4105 οίκτιρμοῖς,
689 4035 781 4088 xui
814 4035 1171 4106 κεκλήσονται
1210 4033 1337 4097 λαὸς
1368 4033 1524 4098 Θεοῦ,
1551 4035 1644 4088 xui
1681 4036 1786 4106 μὴν

202 4127 297 4179 xui
323 4125 459 4197 ήλεη
470 4126 641 4194 μένοι,
664 4126 1069 4196 διαμεμήνυκεν
1097 4125 1361 4197 ἐναργῶς.
1393 4126 1546 4180 Μετὰ
1574 4128 1681 4196 γάρ
1707 4145 1786 4181 τοι

201 4216 298 4288 τὴν
332 4216 431 4269 τοῦ
463 4218 711 4287 Σωτῆρος
750 4218 1066 4288 ἐπιδημίαν,
1102 4218 1278 4270 καὶτὸ
1308 4218 1402 4269 ἐπὶ⁸
1448 4217 1526 4287 τῷ
1564 4218 1787 4290 σταυρῷ

1898 3041 2029 3097 pore
2054 3028 2158 3083 diei
2195 3026 2430 3093 Jezrael,
2461 3042 2590 3083 vere
2624 3029 2828 3099 magni,
2860 3044 3184 3085 ascensurus
3208 3028 3277 3084 de
3307 3038 3474 3094 terra,

1899 3119 1999 3174 hoc
2018 3129 2123 3185 est,
2158 3133 2189 3173 e
2222 3120 2441 3189 regione
2470 3119 2897 3191 alienigenarum
2938 3121 3267 3178 avolaturos.
3314 3121 3475 3190 Quod

1896 3225 2112 3265 rursum
2129 3218 2246 3264 erat
2277 3210 2377 3265 sub
2430 3219 2740 3280 tegumento
2788 3212 3334 3277 indicare.desituros
3354 3228 3476 3270 esse

1896 3302 2212 3374 peregrinos
2244 3310 2298 3357 et
2320 3304 2574 3369 advenas,
2598 3304 2704 3357 imo
2735 3303 2875 3359 bello
2911 3314 3119 3374 captos,
3158 3313 3211 3360 et
3235 3305 3467 3361 alienam

1897 3396 2193 3461 regionem,
2219 3409 2323 3448 nou
2355 3405 2411 3447 ut
2440 3394 2638 3451 liberos
2664 3395 2910 3461 decebat,
2932 3396 3251 3452 incolentes.
3268 3396 3473 3453 Praedia

1895 3484 2041 3538 cavit
2066 3484 2210 3539 enim
2248 3484 2497 3539 Salvator
2520 3503 2539 3536 ι
2564 3486 2791 3555 captivis
2821 3487 3295 3556 indulgentiam,et
3312 3490 3474 3544 caecis

1894 3583 2145 3643 aspectus
2174 3576 2569 3630 restitutionem
2601 3576 2672 3640 ⁸⁸,
2691 3595 2711 3628 ι
2730 3575 2886 3645 juxta
2910 3578 3131 3631 verbum
3165 3580 3463 3646 prophetae.

1894 3664 2064 3721 Porro
2090 3680 2187 3735 per
2218 3666 2375 3720 iidem
2409 3667 2461 3720 in
2507 3666 2902 3734 misericordia,
2943 3676 3000 3722 et
3030 3669 3470 3724 miserationibus

1892 3768 2226 3827 susceptum,
2259 3766 2312 3813 et
2339 3766 2585 3813 vocatum
2620 3759 2685 3813 iri
2733 3758 2959 3829 populus
2994 3760 3109 3825 Dei,
3130 3761 3259 3829 quin
3286 3771 3340 3816 et
3364 3762 3470 3816 mi-

1892 3849 2241 3907 sericordiam
2280 3859 2631 3905 consecutum
2668 3849 2904 3905 dilucide
2934 3851 3287 3907 demonstrat.
3321 3851 3460 3907 Nam

1892 3952 2016 4012 post
2051 3941 2345 3996 Salvatoris
2391 3942 2701 4007 adventum,
2739 3952 2793 3997 et
2827 3943 3233 4013 perpessionem
3266 3945 3466 4010 erucis,

1892 4042 1947 4087 et
1981 4034 2032 4087 in
2056 4034 2221 4087 vitam
2264 4031 2517 4097 reditum,
2546 4033 2771 4101 salvam:
2799 4044 2928 4089 sunt
2970 4034 3187 4106 quidem
3225 4037 3468 4107 reliqui-.c

1894 4122 2263 4193 (crediderunt
2284 4123 2427 4178 enim
2458 4139 2564 4179 non
2602 4126 2758 4193 pauci
2786 4139 3014 4181 numero
3046 4141 3112 4181 ex
3136 4126 3344 4199 Israel);
3374 4142 3466 4183 re-

1893 4215 2094 4270 mansit
2126 4226 2307 4271 tamen
2351 4216 2528 4272 adhuc
2559 4216 2835 4273 incredula
2860 4217 3166 4285 multitudo,
3197 4234 3319 4289 qua:
3348 4235 3467 4274 mu-

204 4308 396 4369 πάθος,
429 4308 523 4360 xui
554 4306 652 4377 τὴν
697 4308 762 4359 ἐκ
786 4307 995 4377 νεκρῶν
1025 4308 1342 4369 ἀναϐίωσιν,
1376 4307 1645 4360 σέσωσται
1688 4308 1786 4377 μὲν

1892 4306 2010 4362 lieri
2055 4307 2270 4361 lascivae
2329 4309 2573 4377 apposite
2608 4320 2984 4378 comparatur,
3024 4313 3149 4380 quia
3190 4312 3464 4368 caelestem

203 4394 263 4446 τὸ
290 4394 644 4464 ›ατάλειμμα
695 4395 712 4465 (
736 4395 1132 4449 πεπιστεύκασι
1159 4394 1267 4466 γὰρ
1294 4397 1395 4448 οὐκ
1426 4395 1783 4467 εὐαρίθμητοι

203 4481 307 4537 τῶν
341 4483 402 4547 ἐξ
438 4485 669 4573 Ἰσραήλ)
687 4502 702 4516 ο
744 4486 1130 4557 ἀπομεμένηκε
1155 4486 1212 4538 δὲ
1237 4486 1396 4541 πάλιν
1424 4488 1456 4557 ή
1483 4486 1783 4539 ἀπειθοῦσα

205 4574 435 4643 πληθὺς,
466 4576 534 4646 ἣν
580 4577 848 4646 μοιχαλίδι
896 4577 1313 4647 παρεικαστέον,
1341 4577 1432 4631 διά
1474 4594 1556 4631 τοι
1602 4578 1663 4630 τὸ
1705 4578 1780 4648 μὴ

204 4663 423 4718 ἑλέσθαι
455 4667 545 4719 τὸν
589 4667 648 4733 ἐξ
682 4667 910 4737 οὐρανοῦ
957 4669 1209 4738 νυμφίον,
1244 4669 1337 4721 xui
1370 4669 1630 4740 ἀθετῆσαι
1680 4672 1780 4741 μὲν

203 4754 293 4808 τὸν
325 4757 386 4809 ἐν
416 4757 593 4809 πίστει
624 4758 927 4828 μνώμενον,
962 4762 1165 4829 μοιχοῖς
1206 4760 1263 4813 δὲ
1303 4760 1492 4830 ὥσπερ
1518 4762 1658 4814 τισὶν
1685 4765 1781 4815 ἁν-

205 4850 344 4900 εῖναι
392 4848 483 4900 τὸν
532 4849 657 4902 νοῦν
706 4853 816 4912 τοῖς
865 4851 1253 4921 Γραμματεῦσι
1308 4854 1402 4906 xui
1439 4855 1773 4923 Φαρισαίοις.

216 4937 520 4992 Ἐδίδασκον
553 4941 660 5011 γὰρ
692 4941 1038 5005 διδασκαλίας
1091 4944 1184 4997 xui
1229 4945 1540 5014 ἐντάλματα
1575 4944 1783 5016 ἀνθρώ-

208 5030 561 5101 ταον.”Ωσπερ
586 5027 680 5085 οῦν
710 5035 776 5103 τῇ
810 5033 984 5104 πόρνῃ
1009 5035 1174 5105 συνῆν
1202 5036 1230 5087 ὁ
1253 5037 1558 5107 προφήτης,
1589 5037 1668 5099 εἰς
1692 5035 1783 5088 τύ-

207 5135 305 5171 πον
338 5120 473 5174 Θεοῦ
504 5123 601 5193 τῆς
626 5123 717 5176 τοῦ
756 5124 971 5196 Ἰσραὴλ
992 5125 1319 5196 ἀνεχομένου
1349 5127 1605 5197 πορνείας
1626 5166 1640 5189 ,
1686 5128 1781 5181 xui

205 5209 523 5275 κολάζοντος
556 5213 654 5280 μὲν
677 5214 1006 5285 συμμέτρως
1035 5218 1113 5279 εἰς
1137 5217 1492 5288 ἐπιστροφὴν,
1518 5219 1780 5288 ἀνακομί-

206 5294 389 5361 ζοντος
418 5299 473 5351 δέ
512 5301 647 5371 πρὸς
678 5304 970 5372 ἐπίγνωσιν
990 5321 1003 5335 ·
1035 5308 1126 5358 τὸν
1156 5307 1339 5373 αὐτὸν,
1367 5304 1541 5378 οἶμαι,
1580 5311 1781 5380 τρόπον

208 5386 301 5439 xui
358 5388 446 5441 διὰ
495 5390 604 5443 τῶν
656 5394 1033 5464 προκειμένων
1088 5396 1388 5467 μορφοῦται
1436 5398 1599 5451 πάλιν
1648 5401 1779 5469 ἡμῖν

208 5476 434 5541 ἀστείως
474 5480 535 5531 τὸ
588 5482 898 5552 μυστήριον,
942 5484 1033 5546 Εἰς
1063 5484 1228 5537 τύπον
1276 5488 1383 5556 γὰρ
1424 5487 1451 5539 ὁ
1496 5491 1779 5558 προφήτης

207 5563 337 5616 θεοῦ
379 5568 737 5639 παραδέχεται
768 5572 866 5641 μὲν
893 5574 990 5642 τὴν
1018 5575 1298 5644 μοιχαλίδα
1349 5577 1439 5629 xui
1480 5578 1778 5644 ἀγαπῶσαν

1892 4398 2157 4467 Sponsum
2190 4416 2293 4454 non
2324 4401 2565 4469 elegerit,
2594 4411 2650 4456 et
2675 4411 2963 4469 aspernata
2997 4403 3068 4457 sit
3092 4404 3182 4472 qui
3209 4403 3379 4474 ipsam
3406 4406 3458 4458 in

1890 4489 1993 4545 lide
2024 4492 2285 4557 ambibat,
2320 4501 2375 4547 et
2397 4493 2601 4549 Scribis
2632 4511 2696 4549 ac
2720 4495 3011 4553 Pbarisaeis
3038 4498 3205 4553 veluti
3237 4500 3466 4554 muecbis

1888 4582 2211 4652 quibusdam
2311 4585 2550 4639 animum
2610 4588 2934 4655 permiserit.
2989 4589 3260 4644 Docebant
3317 4591 3459 4645 enim

1890 4676 2193 4729 «doctrinas
2210 4686 2262 4729 et
2280 4678 2530 4731 mandata
2556 4678 3140 4749 hominum".iltaque
3164 4681 3315 4749 quasi
3340 4695 3459 4736 cum

1884 4766 2170 4819 meretrice
2204 4774 2321 4819 erat
2346 4767 2605 4835 propheta
2646 4768 2699 4822 in
2733 4777 2911 4838 typum
2940 4769 3054 4835 Dei,
3078 4770 3462 4827 fornicationes

1881 4854 2047 4910 Israel
2100 4856 2436 4921 sustinentis,
2486 4860 2875 4928 moderateque
2931 4860 2999 4914 ad
3047 4861 3457 4917 conversionem

1885 4946 2232 5016 punientis,et
2252 4947 2318 5001 ad
2346 4949 2672 5017 agnitionem
2693 4950 3012 5017 revocantis;
3030 4952 3455 5022 eodem,opinor,

1886 5035 2046 5089 modo
2083 5044 2135 5089 et
2172 5049 2268 5104 per
2292 5037 2455 5091 verba
2495 5038 2764 5106 proposita
2817 5054 3034 5094 rursum
3070 5040 3226 5095 nobis
3261 5050 3459 5110 mystc—
3552 5108 3555 5113 ν

1885 5126 2025 5181 rium
2056 5126 2191 5181 scite
2224 5128 2564 5182 informatur.
2583 5127 2713 5182 Nam
2737 5144 3022 5199 personam
3056 5144 3119 5185 ac
3148 5140 3327 5200 typum
3362 5132 3454 5187 Dei

1885 5231 2078 5285 gerens
2124 5220 2382 5287 prapheta
2423 5219 2720 5273 adulteram
2748 5231 2803 5274 et
2827 5221 3148 5291 diligentem
3182 5223 3319 5277 mala
3365 5225 3454 5277 ad.

1855 5346 1859 5351 ι
1885 5308 2080 5373 mittit;
2114 5309 2207 5361 sed
2240 5309 2384 5363 fovet
2411 5324 2554 5377 eam,
2582 5310 2979 5378 quodammodo
3008 5312 3453 5381 promissionibus

1884 5408 1939 5453 et
1973 5401 2110 5453 bona
2133 5414 2228 5468 spe
2244 5399 2497 5469 saginans
2523 5401 2744 5468 optime,
2764 5401 2828 5455 ad
2848 5401 3276 5467 deSperationem
3299 5418 3455 5457 ruere

1887 5504 1993 5541 non
2034 5488 2181 5543 sinit.
2218 5489 2269 5541 lu
2308 5489 2390 5541 his
2413 5489 2554 5541 enim
2582 5490 2881 5545 consistere
2922 5500 3092 5546 totum
3140 5490 3452 5561 mysterium

1886 5580 2126 5633 ostendit
2156 5579 2316 5645 Deus,
2340 5595 2461 5635 cum
2487 5581 2557 5635 ita
2593 5582 2908 5651 prophetam
2932 5582 3307 5654 compellavit;
3337 5579 3453 5636 «Di-

233 5736 277 5768 ⁸⁷
314 5736 506 5799 lJoan.
540 5760 601 5810 tt,
630 5746 720 5815 ‘25,
796 5749 967 5805 "lsa.
1002 5767 1110 5819 uti,
1142 5751 1192 5805 l.
1270 5755 1312 5786 “9
1353 5755 1536 5810 Matth.
1616 5775 1700 5821 xv,
1729 5758 1803 5825 9;
1856 5758 2017 5815 Marc.
2060 5774 2154 5825 vn,
2197 5758 2247 5813 7.
