4094 6568
680 346 784 430 ms

1661 369 1718 424 S.
1763 368 2039 424 CYRILLI
2076 369 2549 425 ALEXANDRINI
2587 370 2906 429 ARCIIlEP.

3819 389 3920 443 101

679 484 783 554 lige
817 481 1109 537 adulteram
1133 491 1187 535 et
1215 479 1524 551 diligentem
1559 482 1883 546 mala,sicut
1911 485 2050 538 Dens
2087 484 2233 555 diligi

2360 484 2428 538 τὰ
2464 485 2677 556 πονηρά
2697 502 2710 515 ·
2745 486 3070 558 περιθάλπει
3102 488 3180 553 δὲ,
3216 489 3405 563 ὥσπερ
3430 494 3548 556 ταῖς
3573 494 3918 563 ἐπαγγελίαι-ς

681 578 821 631 Iilios
867 574 1054 639 lsrael,
1085 584 1139 630 et
1168 574 1270 644 ipsi
1317 574 1610 644 respiciunt
1649 578 1717 630 ad
1761 577 1892 631 deos
1938 577 2164 642 alienos,
2194 587 2250 633 et

675 668 1149 722 amantcocﬁones
1181 681 1304 721 cum
1338 666 1625 720 vinaceis.»
1652 665 1970 735 Quanquam
1997 668 2139 720 enim
2173 667 2248 721 in-

674 759 942 824 credulos,
974 759 1168 826 inquit,
1202 767 1257 811 et
1289 757 1392 810 diis
1443 756 1826 810 commentitiis
1865 771 2103 810 amorem
2161 758 2249 812 tri-

676 853 990 914 buentes,et
1015 851 1249 918 ipsorum
1283 849 1492 902 libidini
1523 849 1746 915 obsequi
1773 862 1877 900 non
1911 859 2243 914 recusantes,

672 941 781 1012 59
831 957 893 995 ex
923 942 1080 994 insita
1118 939 1447 1009 benignitate
1485 937 1661 1007 diligit
1689 937 1849 1001 Deus,
1890 957 1908 988 ι
1936 940 2024 1006 qui
2057 953 2245 994 omnes

673 1034 919 1087 homines
951 1032 1062 1084 vult
1086 1031 1264 1086 salvos
1295 1029 1429 1093 fieri,
1467 1039 1520 1083 et
1548 1030 1616 1083 ad
1645 1029 1975 1098 agnitionem
2006 1030 2245 1084 veritatis

669 1123 854 1177 venire
876 1123 974 1174 ⁸ο.)
1005 1120 1213 1174 llabent
1244 1130 1422 1174 autem
1452 1117 1843 1189 propemodum
1883 1119 2020 1174 hanc
2040 1120 2241 1174 intelli-

669 1216 897 1285 gentiam
919 1215 1080 1268 verba
1109 1212 1226 1279 Dei,
1252 1222 1488 1281 tempore
1518 1212 1779 1276 adventus
1804 1209 2004 1265 Christi
2042 1212 2243 1268 vixisse

669 1304 806 1358 forte
832 1301 1198 1372 aputIJudazos
1233 1304 1406 1357 adhuc
1444 1302 1659 1368 multos,
1681 1303 1769 1370 qui
1801 1301 2046 1356 neutrius
2069 1303 2242 1373 partis

672 1397 765 1449 toti
789 1406 965 1450 essent
984 1412 999 1461 ;
1019 1397 1106 1464 qui
1131 1411 1228 1450 nec
1257 1396 1524 1449 mandatis
1548 1393 1797 1449 Mosaicis
1823 1395 2033 1449 sincere
2062 1396 2244 1450 adhae-

668 1497 963 1550 rescerent,
982 1503 1080 1541 nec
1103 1503 1130 1540 τι
1160 1487 1408 1542 sordibus
1439 1487 1774 1540 seductionis
1800 1485 2039 1555 perfecte
2060 1497 2241 1541 essent

668 1579 840 1643 liberi,
861 1581 1193 1650 respicerent
1222 1589 1397 1632 autem
1432 1578 1602 1648 magis
1623 1578 1689 1632 ad
1721 1577 1850 1631 deos
1876 1576 2241 1645 alienos,qui-

664 1671 768 1725 bus
798 1680 850 1724 et
893 1681 1044 1725 cocta
1082 1686 1201 1725 cum
1237 1670 1501 1733 vinaceis,
1541 1684 1633 1723 seu
1679 1669 1795 1722 uvis
1832 1669 2003 1737 passis
2046 1668 2240 1723 oﬂ'ere-

664 1761 814 1826 bant,
849 1777 1056 1832 popana
1090 1764 1323 1817 fortasse
1357 1763 1538 1833 (genus
1577 1759 1832 1829 crustuli)
1850 1768 1941 1814 aut
1969 1759 2242 1829 placentas

2348 577 2442 630 καὶ
2479 577 2710 645 ἀγαθαῖς
2756 578 2935 631 ἐλπίσι
2986 582 3361 637 καταπιαίνων
3403 579 3461 637 εὗ
3507 585 3672 654 μάλα,
3704 586 3919 642 πίπτειν

2345 669 2444 720 ούκ
2469 669 2532 738 ἐᾷ
2557 669 2693 739 πρὸς
2718 669 3174 738 ἀπόγνωσιν.”οτι
3207 675 3315 744 γάρ
3341 677 3397 728 ἐν
3428 675 3637 738 τούτοις
3664 676 3781 729 ὅλον
3805 677 3918 729 ἐστὶ

2346 760 2406 812 τὸ
2440 762 2756 833 μυστήριον,
2785 762 3120 833 παρέδειξεν,
3151 764 3319 818 εἰπὼν
3370 765 3447 837 τῷ
3492 768 3743 837 προφήτῃ
3789 767 3917 829 Θεὸς

2346 849 2520 913 οὕτως
2544 867 2558 884 ο
2605 852 2918 922 Ἀγάπησον
2961 854 3060 925 τὴν
3093 856 3373 925 μοιχαλίδα
3399 857 3492 922 καὶ
3529 857 3826 925 ἀγαπῶσαν
3853 858 3918 909 τά

2346 944 2579 1016 πονηρὰ,
2611 946 2794 1009 καθὼς
2849 948 3036 1016 ἀγαπᾷ
3078 950 3104 1000 ό
3147 947 3278 1011 Θεὸς
3318 950 3444 1011 τοὺς
3493 949 3641 1025 υἱοὺς
3685 949 3912 1020 Ἰσραήλ.

2347 1037 2459 1090 Καὶ
2503 1038 2657 1091 αὐτοὶ
2707 1039 3075 1092 ἀποϐλέπουσι
3118 1041 3252 1112 πρὸς
3287 1040 3442 1103 θεοὺς
3471 1041 3801 1111 ἀλλοτρίους,
3829 1042 3917 1093 καὶ

2345 1127 2560 1196 φιλοῦσι
2609 1127 2874 1198 πέμματα
2927 1128 3066 1198 μετὰ
3116 1128 3405 1197 σταφίδων.
3436 1128 3628 1181 Καίτοι
3657 1128 3764 1196 γάρ
3789 1143 3916 1197 φησι

2345 1220 2438 1273 καὶ
2473 1217 2718 1272 ἀπειθεῖν
2756 1219 3064 1288 ἑλομένους,
3097 1220 3190 1271 καὶ
3225 1221 3337 1281 τοῖς
3379 1217 3748 1286 ψευδωνύμοις
3781 1217 3916 1278 Θεοῖς

2345 1308 2714 1378 ἀπονέμοντας
2761 1309 2859 1378 τὴν
2913 1308 3206 1377 ἀγάπησιν,
3241 1308 3332 1360 καὶ
3362 1309 3545 1370 αὐτοῖς
3589 1307 3658 1359 τά
3701 1306 3913 1376 θυμήρη

2343 1399 2585 1470 πληροῦν
2616 1399 2917 1463 ἐθέλοντας,
2956 1397 3014 1463 ἐξ
3048 1400 3290 1468 ἐμφύτου
3321 1399 3685 1469 χρηστότητος
3731 1398 3916 1466 ἀγαπᾷ

2342 1493 2370 1543 ὁ
2398 1490 2550 1554 Θεὸς,
2579 1490 2637 1551 ὃς
2667 1491 2870 1551 πάντας
2901 1489 3217 1560 ἀνθρώπους
3245 1490 3386 1542 θέλει
3417 1489 3673 1558 σωθῆναι,
3704 1489 3798 1540 καὶ
3842 1489 3915 1550 εἰς

2343 1581 2636 1648 ἐπίγνωσιν
2669 1580 2925 1649 ἀληθείας
2956 1580 3148 1633 ἐλθεῖν.
3181 1599 3199 1629 ›
3234 1579 3426 1630 Δίδωσι
3472 1577 3529 1630 δέ
3577 1594 3694 1638 πως
3733 1578 3864 1645 ἡμῖν
3889 1578 3915 1627 ό

2342 1671 2432 1723 τοῦ
2478 1669 2612 1722 Θεοῦ
2656 1670 2812 1738 λόγος
2857 1671 3077 1731 ἐννοεῖν,
3105 1670 3184 1720 ὅτι
3214 1668 3352 1721 κατά
3381 1667 3471 1719 τὸν
3500 1666 3598 1735 τῆς
3629 1664 3915 1734 ἐπιδημίας

2341 1761 2534 1832 καιρὸν
2560 1757 2698 1830 ἦσάν
2726 1777 2828 1812 που
2858 1759 2999 1830 τάχα
3029 1759 3178 1830 παρά
3216 1759 3326 1820 τοῖς
3363 1756 3638 1817 Ἰουδαίοις
3668 1756 3912 1822 ἐπαμφο-

663 1851 1077 1905 mellitas.’l‘alia
1104 1851 1364 1919 siquidem
1399 1859 1666 1920 pemmata
1693 1849 2025 1903 daemonibus
2056 1849 2108 1903 in
2145 1865 2230 1904 sa-

2342 1854 2634 1925 τερίζοντες
2665 1853 2744 1905 ἐτι
2777 1851 2979 1913 πολλοὶ,
3015 1851 3110 1902 καὶ
3146 1848 3268 1901 οὔτε
3303 1849 3415 1909 τοῖς
3447 1847 3536 1899 διὰ
3562 1845 3805 1902 Μωσέως
3837 1841 3915 1893 ἐν-

661 1943 925 1996 crificium
962 1941 1156 2003 offerre
1184 1951 1598 1996 consueverant.

2342 1942 2577 2012 τάλμασι
2637 1940 2984 2012 προκείμενοι
3036 1935 3321 2007 καθαρῶς·
3358 1933 3483 1986 οὔτε
3533 1932 3640 2003 μὴν
3688 1928 3907 1982 είσάπαι

659 2033 1066 2105 ἀπηλλαγμένοι
1104 2034 1209 2086 τῶν
1252 2035 1352 2102 τῆς
1393 2032 1713 2102 πλανήσεως
1762 2031 1976 2103 ῥύπων,
2005 2033 2404 2099 ἀποϐλέποντες
2440 2036 2497 2088 δὲ
2543 2035 2741 2104 μᾶλλον
2802 2033 2896 2086 καὶ
2963 2033 3044 2093 είς
3074 2030 3226 2092 θεοὺς
3287 2027 3617 2098 ἀλλοτρίους,
3696 2019 3779 2086 οἷς
3823 2019 3913 2075 καὶ

659 2124 925 2196 πέμματα
941 2124 1214 2195 προσῆγον
1238 2121 1374 2190 μετά
1393 2120 1685 2188 σταφίδων,
1710 2121 1932 2176 πόπανά
1952 2140 2055 2175 που
2081 2122 2243 2194 τάχα,
2284 2125 2377 2178 καὶ
2428 2127 2799 2196 μελιττούτας.
2868 2121 3271 2194 Προσεκόμιζον
3306 2120 3414 2189 γὰρ
3460 2119 3540 2182 είς
3580 2116 3772 2170 θυσίαν
3811 2117 3914 2176 τοῖς

657 2205 876 2286 δαίμοσι
907 2215 976 2268 τά
1008 2215 1183 2267 τοιάδε
1212 2213 1500 2282 πέμματα.

731 2309 891 2362 Vens.
918 2307 1040 2359 2-4.
1076 2302 1142 2358 Ει
1170 2305 1398 2359 εοηάιιιιὶ
1421 2320 1534 2358 eam
1564 2305 1693 2359 mihi
1714 2307 2014 2376 quindecim
2043 2324 2233 2378 argen-

660 2399 776 2463 teis,
794 2405 842 2450 et
879 2412 1060 2466 gomor
1091 2395 1294 2458 hordei,
1327 2405 1375 2449 et
1415 2394 1561 2449 nebel
1594 2397 1724 2460 vini,
1758 2404 1806 2450 et
1834 2397 1948 2450 dixi
1971 2397 2039 2449 ad
2074 2413 2186 2450 earn
2215 2415 2233 2454 :

663 2490 781 2542 Dies
813 2489 1001 2541 multos
1026 2488 1223 2540 sedebis
1269 2488 1406 2555 apud
1437 2501 1555 2550 me;
1585 2504 1686 2541 non
1740 2489 2105 2557 [emicabat-is,
2141 2505 2234 2542 ne-

658 2596 756 2649 que
783 2581 884 2632 eris
915 2579 1024 2632 viro
1049 2577 1226 2643 alteri,
1255 2584 1303 2630 et
1329 2593 1422 2647 ego
1456 2577 1597 2631 auud
1631 2585 1700 2632 te.

2410 2305 2519 2359 Καὶ
2565 2305 3018 2375 ἐμισθευσάμην
3065 2302 3298 2375 ἐμαυτῷ
3354 2301 3783 2357 πεντεκαίδεκα
3822 2302 3914 2371 dp-

2339 2396 2607 2466 Τυρίους,
2667 2394 2764 2447 καὶ
2823 2394 3004 2464 γομὸρ
3059 2392 3293 2461 κριθῶν,
3334 2393 3434 2446 καὶ
3489 2390 3666 2445 νέϐελ
3719 2393 3914 2452 οἴνου.

2341 2485 2441 2539 καὶ
2464 2482 2602 2538 εἶπα
2645 2488 2793 2552 πρὸς
2827 2485 3039 2551 αὐτήν.
3100 2483 3344 2553 Ἡμέρας
3405 2481 3638 2546 πολλὰς
3685 2482 3914 2548 καθήσῃ

2337 2573 2433 2627 ἐπ’
2488 2573 2650 2643 ἐμοί’
2688 2574 2786 2626 καί
2819 2578 2892 2628 οὐ
2918 2573 3004 2643 μὴ
3057 2575 3421 2642 πορνεύσῃς,
3481 2570 3624 2626 οὐδὲ
3651 2571 3732 2640 μὴ
3779 2570 3915 2642 γένῃ

2339 2664 2512 2732 ἀνδρὶ
2537 2664 2736 2732 ἑτέρῳ,
2775 2665 2872 2718 καὶ
2900 2663 3015 2734 ἐγὼ
3048 2665 3143 2718 ἐπὶ
3173 2664 3294 2719 σοί.

736 2753 972 2809 XXXIII.
1029 2752 1277 2808 Mercede
1341 2753 1508 2822 igitur
1568 2754 1938 2810 mulierculam
1981 2759 2239 2814 conducit

2410 2758 2531 2810 AI".
2582 2755 3032 2826 Καταμισθοῢται
3093 2754 3192 2826 μὲν
3240 2749 3334 2808 οὖν
3367 2754 3428 2807 τὸ
3472 2753 3691 2822 γύναιον
3719 2753 3749 2806 δ
3789 2769 3918 2821 προ-

662 2848 939 2916 propbeta.
963 2845 1200 2900 Collocat
1229 2854 1410 2900 autem
1436 2846 1675 2911 domi,et
1693 2863 1809 2903 eam
1837 2867 1867 2902 a
1909 2852 2148 2919 nequitia
2178 2866 2236 2906 se

2344 2849 2541 2918 φήτης,
2574 2844 2789 2908 καθίζει
2815 2845 2873 2898 δὲ
2891 2843 3051 2906 οίκοι,
3076 2843 3169 2896 καὶ
3218 2843 3320 2912 τῆς
3351 2844 3407 2897 ἐν
3439 2842 3550 2896 ἔδει
3591 2841 3918 2910 φαυλότητος

664 2939 937 3002 cohibere,
969 2937 1326 3007 adulteriique
1380 2939 1715 2994 foeditatibus
1755 2940 1918 2994 ﬁnem
1963 2942 2239 3011 imponere

2345 2938 2679 3009 ἀποσχέσθαι
2735 2937 2970 2999 κελεύει,
3001 2938 3095 2989 καὶ
3119 2936 3225 2988 τῶν
3258 2937 3357 3006 τῆς
3412 2934 3657 3006 μοιχείας
3685 2933 3917 3001 καταλῆ-

659 3027 830 3097 jubet.
864 3025 1155 3081 Pollicetur
1185 3041 1335 3090 vero,
1370 3027 1413 3080 si
1442 3031 1508 3080 ad
1557 3028 1729 3096 ipsum
1768 3029 1938 3082 solum
1975 3045 2238 3086 conversa

2343 3033 2428 3100 ξαι
2450 2998 2759 3104 μδλυσμῶν.
2797 3027 3222 3096 Ἐπαγγέλλεταί
3244 2998 3441 3098 γεμὴν
3475 2998 3918 3095 σώφρονεῖνῄρη-

667 3119 734 3170 ab
763 3117 867 3170 alio
902 3118 1158 3170 intactam
1196 3131 1314 3171 sese
1335 3120 1759 3184 conservaverit,
1794 3121 1934 3188 apud
1984 3121 2155 3190 ipsam
2187 3132 2240 3178 et

2345 3124 2504 3194 μένῃ,
2555 3106 2651 3176 καὶ
2674 3123 2754 3184 είς
2781 3120 2940 3173 αὑτὸν
2969 3118 3152 3190 ὁρώσῃ
3179 3119 3339 3190 μόνον
3373 3119 3460 3171 ἐπ’
3483 3118 3618 3187 αὐτῇ
3655 3117 3750 3170 καὶ
3769 3115 3917 3172 αὐτὸς

666 3217 725 3256 se
749 3203 1008 3265 futurum,
1054 3203 1159 3255 hoc
1189 3211 1298 3266 est,
1320 3203 1385 3254 ad
1416 3202 1628 3254 thorum
1675 3203 2007 3272 coniugalem
2032 3206 2240 3261 adhibi-

669 3303 869 3358 turum,
899 3303 952 3347 et
1001 3307 1168 3346 unum
1229 3307 1351 3346 cum
1410 3292 1526 3360 ipsa
1577 3291 1837 3347 futurum.
1882 3293 2056 3362 lnquit
2095 3297 2238 3350 enim

668 3384 980 3454 Scriptura:
1015 3401 1034 3434 ‹
1066 3384 1228 3436 Erant
1254 3383 1304 3438 bi
1331 3385 1440 3438 duo
1466 3383 1518 3437 in
1536 3398 1697 3438 carne
1723 3401 1827 3438 una
1853 3386 1918 3440 ⁸¹.
1950 3405 1970 3438 ι
2000 3387 2244 3453 Quidau-

669 3485 772 3529 tem
800 3475 912 3529 vult
935 3475 1197 3543 mnigma?
1225 3474 1529 3529 Judzeorum
1556 3477 1768 3530 turbam
1808 3477 2160 3545 incredulam,
2188 3488 2244 3533 et

667 3567 877 3622 Domini
926 3567 1319 3632 mactatricem,
1363 3566 1662 3620 adulteram
1713 3577 1766 3622 et
1807 3569 2071 3637 impuram
2123 3578 2239 3639 post

665 3657 865 3712 Christi
919 3657 972 3710 in
1033 3655 1200 3709 cmlos
1246 3656 1476 3710 reditum
1520 3659 1708 3711 sedere
1753 3658 1926 3727 jubet,
1957 3659 2088 3723 sine
2126 3663 2242 3715 viro

665 3750 919 3819 quidem;
957 3756 1334 3800 verumtamen
1385 3747 1487 3802 nisi
1537 3749 1713 3802 adhuc
1743 3750 2010 3804 fornicata
2057 3750 2239 3818 fuerit,

669 3841 771 3894 hoc
806 3848 910 3903 est,
933 3839 979 3893 si
1013 3838 1144 3892 deos
1171 3837 1374 3892 alienos
1398 3855 1609 3910 rursum
1633 3843 1809 3896 colere
1841 3843 2260 3920 detrectaverit,g

667 3932 770 3984 sibi
787 3945 906 3984 eam
931 3944 1030 3984 suo
1054 3939 1292 3998 tempore
1312 3929 1684 3998 copulaturum
1707 3934 2240 4004 promittit,gentium

668 4022 920 4076 videlicet
951 4021 1288 4076 multitudine
1317 4023 1465 4091 prius
1491 4023 1751 4092 ingressa.
1769 4024 1984 4080 Positus
1999 4027 2241 4081 estenim

667 4128 698 4166 a
736 4122 881 4181 tergo
906 4110 1091 4175 lsrael,
1124 4112 1176 4166 id
1213 4122 1313 4177 est,
1347 4114 1561 4183 sequela
1591 4116 1854 4183 quaedam,
1877 4126 1931 4171 et
1952 4118 2237 4186 appendix,

666 4215 723 4260 et
751 4205 802 4258 in
839 4205 1147 4275 postremis.
1177 4205 1413 4261 Observa
1462 4207 1610 4272 item,
1636 4225 1742 4277 quo
1787 4219 1943 4279 pacto
1990 4212 2243 4280 nuptialis

2343 3213 2577 3268 ἔσεσθαι.
2626 3213 2934 3274 Τουτέστιν,
2989 3209 3372 3263 οἰκειώσασθαι
3414 3207 3685 3278 γαμικῶς,
3725 3206 3817 3259 καὶ
3865 3205 3917 3258 ἓν

2342 3303 2562 3357 ἔσεσθαι
2590 3303 2726 3373 πρὸς
2750 3302 2938 3372 αὑτήν*
2972 3321 2989 3352 ι
3007 3300 3262 3354 Ἔσονται
3286 3302 3413 3371 γὰρ,
3456 3298 3641 3367 φησὶν,
3660 3299 3710 3350 oi
3736 3298 3828 3350 δύο
3847 3299 3917 3358 εἰς

2345 3393 2523 3463 σάρκα
2568 3393 2751 3463 μίαν.»
2783 3393 2894 3446 Kal.
2921 3391 2974 3444 τί
3000 3391 3060 3445 τὸ
3087 3393 3350 3460 αἰνιγμα;
3376 3389 3485 3459 Τὴν
3505 3389 3614 3442 τῶν
3653 3389 3916 3442 Ἰουδαίων

2344 3485 2575 3556 πληθὺν,
2606 3485 2705 3555 τὴν
2732 3483 2934 3553 ἀπειθῆ
2963 3483 3058 3536 καὶ
3097 3481 3481 3552 Κυριοκτόνον,
3504 3480 3604 3551 τὴν
3643 3480 3916 3550 μοιχαλίδα

2344 3578 2435 3630 καὶ
2468 3575 2690 3645 βέϐηλον
2743 3574 2881 3644 μετά
2925 3575 2988 3627 τὸ
3017 3574 3374 3642 ἀναφοιτῆσαι
3423 3572 3655 3642 Χριστὸν
3687 3574 3770 3635 είς
3805 3573 3917 3633 τοὺς

2343 3667 2662 3739 ἀνθρώπους
2691 3666 2902 3729 καθίζει
2936 3666 3088 3728 Θεὸς,
3133 3665 3388 3734 ἄνανδρον
3419 3664 3548 3735 μέν·
3590 3664 3731 3735 πλὴν
3764 3665 3813 3718 εί
3849 3664 3915 3734 μὴ

2345 3759 2692 3831 πορνεύσειεν
2713 3756 2817 3821 ἔτι,
2849 3757 3147 3818 τουτέστιν,
3177 3757 3226 3808 εί
3253 3755 3327 3826 μὴ
3355 3753 3560 3824 βαδίζοι
3585 3754 3751 3807 πάλιν
3789 3754 3916 3823 πρὸς

2343 3851 2401 3904 τὸ
2420 3851 2530 3904 δεῖν
2562 3850 2777 3904 ἑλέσθαι
2807 3850 2972 3920 τιμᾷν
3001 3848 3155 3911 θεοὺς
3187 3846 3500 3918 ἀλλοτρίους
3520 3885 3534 3908 ,
3571 3844 3756 3915 ἐαυτῷ
3805 3861 3917 3898 συν-

2343 3943 2500 4012 άψειν
2523 3942 2667 3996 κατὰ
2695 3942 2919 4012 καιροὺς
2941 3941 3356 4009 ἐπαγγέλλεται,
3387 3939 3486 4009 τῆς
3506 3936 3612 3990 τῶν
3641 3935 3812 3990 ἐθνῶν
3833 3935 3916 4006 δη-

2343 4031 2517 4085 λονότι
2556 4031 2795 4102 πληθύος
2833 4031 3379 4102 προεισκεκριμένης.
3421 4013 3671 4082 Τέθειντο
3702 4027 3816 4098 γὰρ
3845 4027 3914 4088 είς

2343 4124 2510 4177 νῶτον
2558 4125 2608 4176 οι
2636 4122 2695 4187 ἐξ
2731 4123 2975 4193 Ἰσραὴλ,
3027 4124 3292 4184 τουτέστι,
3324 4117 3796 4192 παρακολούθημα
3832 4117 3916 4170 καὶ

2343 4215 2516 4268 ὀπίσω
2545 4215 2636 4268 καὶ
2662 4216 2719 4267 ἐν
2737 4217 2847 4277 τοῖς
2865 4214 3133 4283 ἐσχάτοις.
3152 4213 3342 4281 Ἐπιτή
3354 4228 3432 4281 ρει
3446 4211 3521 4275 δὲ,
3540 4211 3687 4271 ὅπως
3704 4207 3913 4268 σύνοδος

668 4310 954 4365 corporum
982 4297 1289 4364 conjunctio
1321 4300 1592 4368 prophetae
1623 4315 1743 4354 cum
1794 4301 2034 4356 adultera
2059 4313 2112 4356 et
2141 4306 2240 4356 im-

2349 4306 2446 4375 μὲν
2459 4322 2530 4373 γα
2539 4306 2673 4375 μικὴ
2695 4304 2772 4373 τῷ
2793 4305 3044 4374 προφήτῃ
3069 4304 3204 4373 πρὸς
3216 4303 3314 4372 τὴν
3331 4300 3615 4372 μοιχαλίδα
3645 4299 3745 4352 καὶ
3761 4315 3912 4365 mw;-

667 4388 834 4456 proba
867 4387 1005 4440 nulla
1049 4389 1205 4456 plane
1255 4388 1456 4454 fuerit;
1489 4392 1750 4458 promissa
1783 4408 1911 4446 vero
1953 4401 2073 4463 post
2123 4395 2237 4450 dies

2347 4396 2447 4468 ράν
2485 4396 2545 4449 οὑ
2596 4395 2818 4463 γέγονεν
2852 4395 3009 4459 ὅλως,
3045 4394 3338 4464 ὑπόσχεσις
3369 4393 3424 4445 δὲ
3469 4391 3564 4446 τοῦ
3596 4393 3912 4463 πράγματος

669 4477 886 4543 multos,
921 4479 1022 4532 nisi
1054 4480 1257 4534 interea
1301 4481 1491 4535 fuisset
1521 4498 1639 4536 cum
1679 4485 1796 4537 viro
1825 4500 2009 4539 rursus
2042 4486 2232 4552 altero,

669 4569 771 4624 hoc
799 4579 902 4635 est,
932 4585 991 4624 se
1016 4570 1066 4624 in
1094 4571 1395 4626 sceleribus
1424 4581 1478 4626 et
1507 4574 1901 4641 impuritatibus
1929 4575 2224 4631 fornicatio-

667 4660 752 4714 nis
789 4660 982 4715 anima:
1012 4671 1334 4730 perpetratae
1364 4678 1469 4716 non
1497 4665 1938 4720 contaminasset.
1971 4665 2240 4736 Suscipiet

667 4753 834 4817 enim,
871 4762 930 4806 ut
968 4754 1116 4817 dixi,
1161 4754 1447 4822 aliquando
1490 4756 1789 4810 adulteram
1839 4758 2250 4814 multitudinem'

671 4857 898 4912 sponsus
929 4845 996 4896 de
1034 4843 1194 4910 coelo,
1219 4845 1264 4898 si
1298 4845 1438 4900 idola
1475 4847 1657 4900 colere
1686 4849 1926 4902 desierit.
1953 4849 2080 4905 Post
2109 4867 2236 4906 cru-

672 4949 790 4989 cem
837 4936 980 4989 enim
1036 4935 1333 4993 Salvatoris
1375 4939 1504 4994 solis
1551 4939 1718 5011 Moysi
1770 4941 1979 5011 legibus
2029 4944 2240 5000 deditus

618 5030 620 5034 '
674 5034 793 5078 erat
817 5023 979 5080 Israel
1004 5043 1019 5093 ;
1054 5025 1274 5082 flaccide
1299 5030 1510 5098 quidem
1541 5041 1595 5085 et
1623 5033 1990 5102 negligenter;
2021 5049 2238 5088 verum-

676 5125 854 5170 tamen
881 5117 946 5172 ad
977 5119 1365 5187 pseudolatrias
1405 5122 1703 5176 daemonum
1738 5122 2020 5179 deﬂectere
2045 5140 2148 5180 non
2175 5125 2238 5179 ll-

674 5207 852 5261 bebat.
887 5209 1150 5265 Cmterum
1194 5226 1314 5280 quae
1367 5214 1504 5266 ratio
1550 5214 1673 5267 vita
1713 5213 1975 5270 adulterio
2001 5215 2234 5283 polluta,

671 5298 782 5368 60
810 5309 862 5352 et
897 5301 1169 5369 prophetae
1193 5304 1637 5358 consuetudinem
1673 5312 1914 5372 tempore
1953 5319 2050 5359 suo
2091 5306 2238 5359 futu-

675 5405 788 5444 ram
817 5393 1188 5458 exspectanti?
1217 5401 1308 5447 aut
1348 5408 1466 5462 qua:
1492 5392 1728 5457 fuerunt,
1756 5395 1949 5464 quibus
1976 5397 2238 5451 conducta

673 5490 776 5545 est,
805 5483 1118 5537 mercedes?
1156 5483 1520 5549 «Quindecim,
1559 5484 1756 5552 inquit,
1780 5486 2039 5554 argentei,
2069 5494 2121 5541 et
2142 5500 2240 5555 go-

674 5587 793 5628 mor
825 5573 1032 5641 hordei,
1056 5585 1110 5628 et
1151 5574 1304 5630 nebel
1333 5575 1460 5629 vini.
1503 5593 1521 5626 ι
1556 5574 1948 5634 Perseverabat
1974 5579 2118 5635 enim
2159 5578 2239 5635 ls-

745 5746 792 5780 ⁶⁰
822 5746 840 5800 l
867 5747 1003 5802 Tim.
1039 5765 1096 5814 ιι,
1137 5748 1188 5804 4.
1267 5750 1305 5780 ⁶¹
1345 5749 1479 5803 Gen.
1514 5764 1572 5814 ιι,
1600 5749 1687 5805 ‘25.

2344 4489 2482 4558 μετά
2516 4486 2717 4550 πολλάς
2742 4487 2977 4557 ἡμέρας,
3014 4487 3061 4538 εί
3095 4485 3170 4556 μὴ
3203 4485 3358 4555 ἀνδρὶ
3385 4484 3594 4553 γένοιτο
3623 4483 3790 4537 πάλιν
3818 4479 3914 4534 ἐτέ-

2318 4595 2439 4650 ρῳ,
2464 4579 2762 4644 τουτέστιν,
2784 4579 2832 4629 εί
2855 4577 3143 4647 ἀπόσχοιτο
3171 4575 3278 4629 τῶν
3309 4575 3407 4646 τῆς
3437 4576 3633 4645 νοητῆς
3664 4572 3913 4644 πορνείας

2333 4667 2697 4739 ἐγκλημάτων
2762 4669 2856 4720 καὶ
2917 4666 3226 4737 μολυσμῶν.
3273 4664 3585 4729 Είσδέξεται
3644 4661 3789 4733 γὰρ,
3846 4659 3913 4719 ὡς

2339 4758 2496 4830 ἔφην,
2533 4759 2676 4813 κατὰ
2705 4759 2930 4830 καιροὺς
2953 4758 3050 4828 τὴν
3081 4757 3361 4829 μοιχαλίδα
3405 4756 3616 4826 πληθὺν
3667 4753 3728 4818 ἐξ
3757 4754 3910 4819 οὐρα-

2339 4850 2432 4904 νοῦ
2461 4849 2711 4920 νυμφίος,
2739 4851 2800 4903 οὐ
2820 4849 3196 4920 λατρεύσασαν
3227 4848 3485 4909 εἰδώλοις.
3517 4845 3672 4900 Μετά
3695 4845 3804 4914 γάρ
3837 4858 3909 4894 τοι

2337 4942 2428 4996 τὸν
2462 4942 2557 4995 τοῦ
2592 4943 2842 5013 Σωτῆρος
2875 4942 3104 5012 σταυρὸν
3125 4980 3141 5005 ,
3193 4941 3372 5011 μόνοις
3407 4941 3521 5001 τοῖς
3545 4937 3631 4990 διὰ
3681 4933 3910 4992 Μωσέως

2339 5035 2734 5107 προσκείμενος
2771 5034 2956 5105 νόμοις
3020 5036 3048 5086 ὁ
3116 5032 3352 5104 Ἰσραὴλ,
3395 5029 3612 5100 σαθρῶς
3658 5027 3756 5096 μὲν
3813 5024 3909 5091 γὰρ

2340 5124 2459 5178 λίαν
2493 5125 2587 5179 καὶ
2643 5123 3127 5195 κατημελημένως,
3159 5121 3296 5193 πλὴν
3326 5121 3428 5174 οὐκ
3457 5118 3818 5173 ἀπονένευκεν
3841 5113 3910 5172 εἰς

2343 5217 2405 5270 τὸ
2428 5202 2641 5270 ἑλέσθαι
2671 5218 2835 5288 τιμᾷν
2861 5216 2958 5280 τὰς
2991 5215 3099 5268 τῶν
3140 5212 3432 5292 δαιμονίων
3479 5203 3907 5277 ψευδολατρείας.

2358 5309 2519 5361 Ἀλλά
2549 5310 2632 5371 τίς
2662 5311 2690 5362 ὁ
2735 5308 2932 5380 τρόπος
2965 5307 3063 5377 τῆς
3089 5306 3234 5373 ζωῆς
3259 5306 3327 5375 τῇ
3374 5298 3786 5374 μεμοιχευμένῃ
3830 5292 3912 5346 καὶ

2348 5399 2713 5470 περιμενούσῃ
2755 5399 2894 5452 κατά
2934 5398 3160 5469 καιροὺς
3196 5396 3291 5450 τοῦ
3345 5396 3626 5466 προφήτου
3667 5392 3769 5462 τὴν
3813 5403 3912 5441 κοι-

2347 5491 2580 5557 νωνίαν;
2611 5491 2644 5562 ἢ
2675 5492 2802 5544 ποῖα
2845 5490 3068 5558 γέγονεν
3096 5489 3232 5561 αὐτῇ
3273 5491 3341 5542 τὰ
3384 5485 3710 5558 μισθώματα
3736 5498 3751 5548 ;
3786 5480 3913 5532 Ilva

2346 5581 2657 5647 τεκαίδεκα,
2704 5582 2890 5653 φησὶν,
2931 5578 3191 5653 ἀργύρια,
3222 5580 3316 5634 καὶ
3351 5579 3527 5650 γόμορ
3555 5573 3782 5647 κριθῶν,
3828 5564 3915 5623 καὶ
