4094 6568
644 307 750 366 107
1628 300 1696 355 S.
1730 296 2013 354 'CYBILLl
2058 296 2524 389 ALEXANDRINI
2562 298 2886 357 ARCHIEP.
3787 305 3894 364 105

646 425 808 480 nebat
833 419 1082 486 lsrael,ut
1102 418 1522 484 docui,suorum
1554 418 1934 488 magistrorum
1961 416 2205 474 adulteri-

2323 419 2597 490 σωτηρίαν
2627 421 2754 485 τοὺς
2816 418 3285 492 πεπλανημινους.
3321 422 3667 477 Διατετέλεκε
3714 423 3894 476 τοίνυν

645 514 731 569 nis
771 510 1145 577 vocibus;seu
1178 509 1318 572 nuda
1362 508 1538 564 littera
1587 508 1933 578 pascebatur,
1965 508 2205 576 quamvis

2319 512 2349 564 ὁ
2388 512 2624 583 Ἰσραὴλ,
2669 513 2745 576 ὡς
2782 512 2938 583 ἔφην,
2969 515 3087 577 ταῖς
3123 513 3402 584 ἀδοκίμοις
3432 514 3542 567 τῶν
3574 514 3722 566 ίδίων
3749 513 3897 567 διδα-

641 612 696 658 et
725 601 813 657 illa
861 616 982 673 quae
1026 611 1233 657 octava:
1275 609 1422 665 sunt,
1454 601 1557 655 hoc
1583 608 1687 663 est,
1712 597 1913 654 Christi
1955 596 2205 668 mysteria

2321 604 2533 659 σκάλων
2577 606 2801 675 φωναῖς,
2842 606 2959 676 ήτοι
2990 604 3132 676 ψιλῷ
3178 605 3255 677 τῷ
3304 605 3517 677 νομικῷ
3559 605 3894 675 τρεφόμενος

640 694 1112 766 complecteretur.
1137 692 1289 760 Quod
1323 701 1505 747 autem
1532 692 1703 758 egerit
1735 690 1897 743 vitam
1926 687 2214 759 pecudum,

2318 698 2636 767 γράμματι,
2702 696 2876 749 καίτοι
2954 698 3258 767 περιέχοντι
3332 697 3427 751 καὶ
3486 696 3556 750 τὰ
3626 697 3725 765 τῆς
3793 697 3893 763 ὀγ-

639 795 689 842 et
735 786 802 841 ad
827 784 1068 841 carnalia
1124 784 1302 839 solum
1346 782 1737 852 propenderit,
1781 778 2205 835 commodissime

2317 785 2465 856 δύης,
2501 786 2770 848 τουτέστι,
2821 785 2889 839 τὰ
2934 786 3172 857 Χριστοῦ
3219 788 3516 858 μυστήρια.
3562 786 3682 839 Ὀτι
3711 786 3766 839 δὲ
3799 788 3894 839 καὶ

638 875 1023 939 subindicavit,
1071 876 1212 946 quod
1240 873 1423 928 datum
1450 881 1535 927 est
1567 873 1827 926 hordeum
1867 868 2120 924 adultera:
2149 868 2213 922 ad

639 968 975 1022 alimoniam.
1004 965 1113 1027 A-Est
1141 965 1285 1022 enim
1322 964 1482 1020 cibus
1513 961 1808 1032 pecudibus
1845 959 2209 1025 conveniens;

638 1058 921 1116 ebrietatis
950 1058 1144 1115 deinde
1191 1066 1315 1113 nota
1361 1056 1542 1110 vinum
1576 1068 1698 1108 esse
1741 1051 1965 1122 poterit.
2000 1050 2211 1105 Dictum

638 1160 722 1207 est
754 1160 934 1207 autem
967 1153 1034 1206 ad
1058 1165 1188 1206 eos:
1220 1168 1239 1201 ι
1263 1148 1461 1203 Auditu
1492 1146 1742 1207 audietis.
1786 1154 1840 1200 et
1868 1157 1975 1198 non
2018 1140 2214 1197 intelli-

639 1244 799 1315 getis,
830 1251 885 1297 et
906 1243 1150 1297 videntes
1185 1240 1458 1303 videbitis,
1483 1248 1665 1294 etnon
1693 1236 1945 1291 videbitis
1973 1235 2043 1300 "°,
2073 1251 2092 1285 ι
2120 1235 2211 1304 qui

641 1345 767 1391 sunt
796 1333 968 1390 morbi
987 1333 1323 1389 ebriosorum
1358 1341 1413 1386 et
1443 1328 1837 1399 crapulantiutn
1867 1327 2091 1392 vitia,ut
2121 1339 2213 1380 ne-

638 1442 745 1497 que
792 1427 1009 1481 videant
1061 1423 1324 1487 videntes,
1360 1435 1535 1491 neque
1583 1419 1867 1473 audientes
1919 1418 2211 1487 quidquam

639 1517 847 1588 possint
872 1515 1210 1585 intelligere;
1251 1512 1343 1568 sed
1382 1520 1611 1566 mentem
1664 1508 1809 1563 velut
1855 1508 2211 1563 incrassatam

636 1619 692 1665 et
714 1605 975 1665 cacitatis
1006 1606 1219 1676 plenam
1252 1602 1507 1658 habeant.

2317 876 2703 949 κτηνοπρεπὴς
2727 878 2755 929 ὁ
2778 876 2889 947 βίος
2915 877 3084 949 αὐτῷ,
3110 878 3207 932 καὶ
3231 878 3365 946 πρὸς
3395 878 3530 947 μόνα
3555 877 3624 930 τὰ
3650 876 3893 947 σαρκικὰ

2314 968 2655 1023 διανένευκεν
2684 1008 2698 1033 ,
2755 969 3079 1038 ὑποφήνειεν
3129 966 3197 1021 ἂν
3241 964 3301 1022 εὖ
3358 968 3543 1037 μάλα,
3593 968 3657 1022 τὸ
3697 967 3893 1037 κριθὴν

2313 1059 2643 1130 δεδόσθαιτῇ
2698 1059 2967 1131 μοιχαλίδι
3021 1059 3158 1128 πρὸς
3206 1059 3443 1131 τροφήν.
3498 1059 3892 1129 Κτηνοπρεπὲς

2314 1153 2422 1224 γὰρ
2457 1153 2516 1206 τὸ
2546 1152 2769 1223 ἔδεσμα,
2806 1152 2977 1223 μέθης
3005 1151 3049 1205 δ’
3069 1151 3135 1204 ἂν
3159 1152 3371 1219 γένοιτ)
3400 1153 3644 1222 σημεῖον.
3663 1152 3891 1220 Εἴρηται

2312 1243 2367 1297 δὲ
2402 1242 2539 1315 πρὸς
2569 1244 2790 1307 αύτούς·
2828 1263 2847 1296 ι
2885 1245 3048 1315 Ἀκοῇ
3081 1245 3376 1305 ἀκούσετε.
3412 1243 3507 1296 καὶ
3557 1244 3618 1295 οὐ
3652 1242 3729 1311 μὴ
3774 1259 3892 1293 συν⁸

2312 1335 2408 1405 ἦτε
2430 1350 2443 1363 ⁸
2480 1336 2574 1387 καὶ
2593 1335 2879 1405 βλέποντες
2900 1335 3148 1405 βλέψετε,
3170 1336 3264 1389 καὶ
3284 1336 3343 1387 οὐ
3376 1337 3450 1405 μὴ
3485 1335 3651 1405 ἴδητε,
3668 1353 3685 1384 ι
3703 1332 3891 1386 Ταῦτα

2311 1423 2367 1477 δέ
2391 1427 2507 1478 ἐστι
2540 1425 2846 1494 μεθυόντων
2876 1425 3048 1494 πάθη,
3078 1426 3173 1478 καὶ
3215 1424 3665 1494 κραιπαλούντων
3697 1424 3893 1493 ἐγκλή-

2314 1533 2481 1586 ματα,
2514 1516 2576 1569 τὸ
2614 1518 2748 1587 μήτε
2784 1518 2916 1588 ὁρᾷν
2950 1517 3215 1588 ὁρῶντας,
3263 1517 3401 1587 μήτε
3436 1514 3733 1577 ἀκούοντας
3760 1530 3888 1565 συν-

2314 1607 2447 1660 ιέναι
2477 1608 2736 1661 δύνασθαί
2768 1626 2818 1661 τι
2838 1625 2851 1639 ’
2894 1609 3290 1679 πεπαχυμένην
3321 1606 3378 1660 δὲ
3420 1607 3631 1677 ὥσπερ,
3659 1606 3755 1660 καί⁵
3784 1623 3894 1659 πω-

2312 1697 2533 1770 ρώσεως
2562 1699 2996 1771 μεμεστωμένην
3018 1699 3115 1771 τὴν
3147 1699 3383 1754 διάνοιαν
3405 1698 3567 1768 ἔχειν.

705 1786 873 1844 Vsus.
909 1786 1022 1853 ιβ.
1061 1784 1200 1851 Quia
1246 1784 1425 1837 diebus
1475 1780 1653 1835 multis
1688 1778 1938 1834 sedebant
1982 1775 2082 1845 filii
2116 1774 2205 1830 Is-

2379 1790 2533 1843 Διότι
2565 1789 2785 1859 ἡμέρας
2824 1790 3062 1856 πολλὰς
3106 1784 3477 1855 διαϐήσονται
3524 1792 3579 1842 οἱ
3611 1788 3727 1843 υιοὶ
3772 1790 3891 1843 Ἰσ-

637 1883 751 1938 rael
778 1924 795 1949 ,
843 1896 948 1935 non
986 1881 1272 1933 exsistenle
1333 1890 1470 1944 rege,
1515 1888 1677 1943 neque
1734 1870 1969 1941 principe
2041 1884 2206 1939 neque

637 1975 922 2032 exsistente
955 1970 1238 2039 sacriﬁcio,
1284 1983 1445 2036 neque
1474 1965 1747 2019 exsistenle
1786 1961 1944 2016 altari
1975 2000 1992 2027 ,
2042 1975 2206 2030 neque

638 2064 958 2128 sacerdotio,
996 2075 1156 2131 neque
1184 2056 1499 2127 manifestis.
1525 2053 1592 2107 Et
1619 2062 1733 2123 post
1758 2051 1870 2107 haec
1889 2057 2208 2105 revertentur

636 2156 742 2227 ﬁlii
773 2153 964 2218 Israel,
999 2162 1046 2206 et
1078 2156 1313 2220 quwrent
1369 2146 1656 2201 Dominum
1708 2142 1874 2198 Deum
1930 2156 2109 2205 suum,
2154 2152 2205 2193 et

640 2245 812 2300 David
846 2257 1015 2313 regem
1068 2255 1245 2307 suum,
1278 2247 1326 2292 et
1357 2236 1635 2304 stupebant
1660 2234 1717 2287 in
1772 2232 2022 2296 Dommo,
2060 2238 2106 2283 et
2148 2229 2206 2283 in

635 2336 784 2391 bonis
817 2333 931 2404 ejus
961 2332 1015 2386 in
1042 2329 1321 2385 novissima
1349 2327 1575 2382 dierum.

707 2508 947 2567 XXXIV.
974 2510 1176 2580 Aperta
1220 2504 1551 2572 minimeque
1582 2499 1741 2556 dubia
1767 2497 2035 2569 sequitur,
2058 2505 2117 2549 ut
2151 2494 2205 2550 in

636 2604 749 2669 his,
784 2600 1082 2657 declaratio
1098 2596 1487 2668 assumptionis
1512 2591 1773 2648 adulterae
1800 2587 2207 2657 mansionisque

633 2694 783 2750 demi
831 2692 1022 2747 diebus
1085 2689 1304 2752 multis,
1355 2687 1528 2742 donec
1569 2682 1838 2754 propheta
1898 2679 2038 2747 apud
2082 2692 2204 2732 eam

636 2793 806 2852 esset.
834 2782 1110 2853 Scriptum
1131 2789 1215 2835 est
1241 2778 1457 2849 quidem
1492 2777 1563 2831 ita
1592 2791 1607 2841 ;
1637 2779 1731 2829 sed
1752 2774 1894 2842 quod
1920 2771 2203 2841 agebatur,

636 2874 935 2934 delineatio
988 2887 1083 2928 seu
1118 2869 1463 2926 adumbratio
1491 2866 1734 2936 quaedam
1762 2873 1879 2919 erat
1898 2862 2036 2930 ejus,
2061 2860 2205 2930 quod

637 2966 909 3024 adulterio
940 2963 1257 3020 deformata:
1285 2958 1591 3014 Iudaeorum
1617 2956 1914 3027 Synagoga‘
1959 2954 2205 3022 aliquan-

636 3060 706 3114 do
781 3063 1102 3112 eventurum
1161 3061 1300 3107 erat.
1366 3050 1727 3119 Posteaquam
1795 3047 1939 3102 enim
1992 3045 2203 3100 Domini

636 3147 811 3203 nostri
848 3144 975 3201 Jesu
1006 3140 1208 3199 Christi
1230 3147 1422 3209 sponte
1457 3153 1555 3194 sua
1580 3152 1797 3192 crucem
1834 3150 1933 3206 pro
1958 3135 2200 3192 omnium

634 3239 811 3296 salute
842 3234 1088 3309 pertulit.
1128 3230 1477 3287 debacchatis
1509 3230 1561 3284 in
1585 3229 1733 3283 illum
1757 3228 2044 3294 lsraelitis,
2072 3235 2201 3281 tunc

632 3346 823 3389 eorum
852 3327 1071 3398 regione
1094 3323 1161 3379 ad
1183 3324 1491 3378 vastitatem
1522 3320 1767 3385 redacta,
1802 3318 1958 3388 quasi
1985 3319 2051 3374 ad
2084 3331 2203 3372 om-

634 3437 757 3477 nem
784 3428 1040 3481 ventum,
1097 3429 1191 3471 seu
1247 3414 1431 3467 mundi
1490 3411 1749 3480 angulum
1807 3409 2197 3480 profugerunt.

636 3511 818 3583 Usque
837 3510 998 3565 hodie
1025 3515 1208 3562 autem
1236 3504 1397 3559 otiosi
1422 3511 1547 3558 sunt
1576 3502 1719 3571 quod
1750 3504 1817 3557 ad
1868 3502 2040 3570 legem
2078 3500 2205 3554 atti-

630 3612 773 3667 net,
819 3601 1151 3656 inﬂammato
1195 3594 1413 3663 quidem
1457 3592 1656 3662 templo
1701 3590 2154 3662 Jerosolymitano
2184 3627 2200 3653 ,

629 3705 822 3750 everso
860 3689 1040 3756 altari,
1094 3686 1306 3742 sublato
1337 3681 1630 3744 sacriﬁcio,
1679 3689 1734 3735 et
1762 3687 1992 3735 vacante
2018 3692 2201 3733 sacer-

632 3782 801 3847 dotio,
836 3794 936 3835 nec
958 3775 1349 3848 apparentibus
1371 3772 1600 3840 amplius
1628 3770 1933 3825 manifestis
1955 3769 2026 3823 τί.
2058 3767 2192 3822 Nam

627 3888 757 3931 cum
786 3888 892 3929 non
930 3880 1075 3926 esset
1100 3881 1343 3925 summus
1386 3864 1638 3920 sacerdos
1666 3864 1775 3935 62
1814 3877 1912 3933 pro
1940 3861 2202 3932 dignitate

628 3962 951 4021 sacerdotali
982 3961 1276 4019 secundum
1320 3959 1491 4028 legem
1520 3957 1762 4012 vestibus
1790 3962 2036 4019 ornatus,
2067 3967 2201 4022 quo-

632 4053 793 4111 modo
816 4052 931 4120 jam
966 4049 1295 4105 manifestos
1335 4047 1519 4101 videre
1557 4045 1754 4101 licebat
1789 4044 1813 4098 i
1862 4044 1963 4111 Qui
2018 4052 2197 4097 autem

628 4145 779 4217 δῆλοι
808 4141 1029 4214 putandi
1054 4142 1183 4203 sint,
1210 4139 1379 4203 novit,
1409 4138 1597 4202 credo,
1629 4137 1873 4193 discendi
1898 4135 2194 4198 studiosus;

624 4238 869 4293 breviter
898 4245 1188 4303 suggerere
1220 4245 1328 4285 non
1360 4229 1470 4285 erit
1516 4229 1615 4283 abs
1651 4243 1728 4283 re.
1757 4228 1987 4295 Quando
2016 4228 2083 4284 ad
2117 4240 2199 4281 sa-

627 4328 865 4387 cerdotis
888 4336 1141 4383 ornatum
1176 4323 1504 4394 pertinentia
1558 4321 1674 4376 lieri
1728 4322 1875 4376 Dens
1917 4323 2200 4378 universo-

626 4435 747 4474 rum
767 4418 957 4489 jussit,
980 4425 1173 4473 saucto
1197 4414 1369 4484 Moysi
1396 4414 1527 4468 dicit
1556 4428 1572 4465 :
1610 4431 1629 4465 ι
1662 4413 1727 4468 Et
1746 4412 1914 4471 iacies
1937 4414 2199 4471 rationale

2300 1877 2485 1947 ραὴλ,
2516 1881 2627 1933 οὐκ
2651 1878 2825 1946 ὄντος
2839 1879 3168 1947 βασιλέως,
3204 1880 3346 1936 οὐδὲ
3375 1881 3553 1946 ὄντος
3574 1878 3886 1949 ἄρχοντος,

2305 1969 2449 2022 οὐδὲ
2502 1970 2695 2038 οὔσης
2739 1972 2981 2038 θυσίας,
3031 1971 3174 2027 οὐδὲ
3209 1970 3385 2037 ὄντος
3428 1971 3886 2038 θυσιαστηρίου,

2306 2061 2450 2115 οὐδὲ
2480 2063 2789 2132 ίερατείας,
2813 2064 2961 2118 οὐδὲ
2993 2063 3215 2131 δήλων,
3240 2064 3338 2119 καὶ
3377 2063 3525 2134 μετὰ
3550 2064 3737 2117 ταῦτα
3765 2062 3889 2116 ἑπι-

2305 2153 2680 2222 στρέψουσιν
2710 2158 2763 2209 οἱ
2803 2156 2922 2210 υίοὶ
2968 2154 3235 2223 Ἰσραὴλ,
3285 2155 3383 2209 καί
3416 2153 3890 2223 ἐπιζητήσουσιν

2305 2246 2523 2313 Κύριον
2543 2245 2651 2300 τὸν
2688 2247 2837 2301 Θεὸν
2876 2246 3096 2314 αὐτῶν,
3133 2247 3233 2301 καί
3267 2247 3446 2302 Δαόίδ
3479 2248 3586 2302 τόν
3619 2248 3888 2314 ,ϐασιλέα

2305 2335 2524 2399 αὐτῶν,
2566 2337 2665 2390 καὶ
2693 2336 3098 2407 ἐκστήσονται
3134 2337 3234 2392 ἐπὶ
3278 2337 3359 2404 τῷ
3398 2338 3596 2407 Κυρίῳ
3621 2380 3636 2405 ,
3660 2339 3763 2392 καὶ
3788 2339 3885 2393 ἐπὶ

2305 2424 2430 2492 τοῖς
2475 2426 2720 2496 ἀγαθοῖς
2760 2429 2947 2483 αὐτοῦ
2988 2430 3082 2484 ἐπ’
3131 2430 3409 2499 ἐσχάτων
3461 2428 3581 2484 τῶν
3626 2428 3885 2499 ἡμερῶν.

2375 2516 2497 2571 ΛΔ’.
2540 2520 2725 2590 Σαφὴς
2783 2521 2877 2574 καὶ
2906 2520 3291 2590 ἀναμφιλόγως
3329 2520 3528 2590 ἔχουσα
3573 2519 3782 2585 λοιπὸν,
3814 2520 3888 2583 ὡς

2307 2606 2364 2661 έν
2381 2625 2446 2677 γε
2474 2609 2538 2681 δὴ
2567 2611 2798 2675 τούτοις,
2824 2614 2856 2683 ή
2890 2611 3123 2681 δήλωσις
3137 2601 3230 2666 τού
3253 2612 3351 2682 τὴν
3387 2610 3667 2683 μοιχαλίδα
3692 2628 3889 2682 παρει-

2305 2696 2527 2768 λῆφθαι,
2562 2700 2654 2753 καὶ
2687 2702 2823 2755 οίκοι
2857 2700 3039 2772 μένειν
3077 2703 3289 2773 ἡμέρας
3318 2702 3538 2766 πολλὰς,
3568 2702 3730 2773 ἄχρις
3762 2701 3831 2756 ἂν
3862 2704 3891 2755 ὁ

2308 2788 2592 2859 προφήτης
2638 2789 2723 2841 ἐπ’
2762 2790 2896 2859 αὐτῇ
2951 2791 3177 2859 γένοιτο.
3215 2791 3526 2862 Γέγραπται
3587 2792 3696 2861 γὰρ
3745 2791 3887 2845 disi-

2306 2876 2654 2941 ὑποτύπωσις
2704 2878 2761 2931 δὲ
2811 2880 2873 2933 τὸ
2924 2879 3199 2952 δρώμενον
3236 2876 3304 2950 ἦν
3343 2880 3438 2933 τοῦ
3475 2881 3887 2953 κατὰκαιροὺς

2308 2966 2571 3040 ὑπάρξειν
2610 2970 2892 3040 μέλλοντος
2926 2975 2991 3042 τῇ
3035 2972 3441 3045 μεμοιχευμένῃ
3470 2973 3578 3026 τῶν
3618 2973 3888 3027 Ἰουδαίων

2307 3059 2626 3132 Συναγωγῇ.
2689 3060 2905 3132 Ἐπειδὴ
2959 3063 3068 3135 γὰρ
3119 3063 3398 3133 ἐθελοντὴς
3452 3064 3541 3118 τὸν
3598 3064 3740 3135 ὑπὲρ
3790 3066 3886 3132 τῆς

2228 3175 2270 3233 C
2309 3150 2565 3205 ἁπάντων
2599 3154 2869 3223 σωτηρίας
2905 3154 3291 3225 ὑπομεμένηκε
3330 3155 3561 3226 σταυρὸν
3603 3158 3633 3209 ὀ
3685 3155 3886 3226 Κύριος

2307 3241 2462 3312 ήμῶν
2505 3242 2708 3313 Ἰησοῦς
2740 3245 2994 3315 Χριστὸς,
3029 3246 3551 3317 ὲμπαροινησάντων
3593 3247 3751 3318 αύτῷ
3782 3247 3890 3302 τῶν

2305 3331 2365 3396 ἐξ
2410 3333 2645 3404 Ἰσραὴλ,
2677 3334 2796 3388 τότε
2843 3335 2929 3405 δὴ,
2954 3337 3074 3389 τότε
3107 3336 3546 3409 καταδῃωθείσης
3574 3340 3764 3401 αὐτοῖς
3792 3340 3888 3410 τῆς

2304 3421 2508 3493 χώρας,
2531 3423 2735 3494 ᾤχοντο
2772 3426 2868 3494 μὲν
2896 3424 3084 3495 ὥσπερ
3109 3426 3189 3487 είς
3222 3428 3400 3480 πάντα
3424 3427 3643 3497 ἄνεμον.
3671 3430 3887 3501 ’Ἄπρα-

2304 3531 2421 3567 κτοι
2466 3514 2523 3568 δὲ
2571 3516 2664 3568 καὶ
2710 3518 2790 3579 είς
2828 3516 2987 3588 δεῦρο
3025 3518 3153 3587 περὶ
3195 3518 3285 3571 τὸν
3324 3520 3486 3590 νόμον
3526 3523 3684 3590 εἰσιν,
3722 3524 3887 3593 ἐμπε-

2303 3604 2616 3675 πρησμένου
2648 3605 2747 3675 μὲν
2767 3605 2861 3658 τοῦ
2891 3608 2947 3659 ἐν
2975 3609 3086 3671 τοῖς
3127 3605 3523 3681 Ἱεροσολύμοις
3549 3612 3704 3677 ὄντος
3732 3613 3883 3679 ναοῦ,

2302 3696 2709 3769 περιῃρημένου
2742 3712 2801 3750 τε
2828 3697 2922 3751 τοῦ
2967 3698 3372 3773 θυσιαστηρίου,
3407 3703 3501 3757 καὶ
3532 3704 3884 3778 ἀνῃρημένης

2301 3786 2511 3851 θυσίας,
2533 3788 2626 3841 καὶ
2651 3788 2929 3860 ἀργούσης
2952 3792 3271 3863 ἱερωσύνης,
3298 3796 3391 3848 καὶ
3419 3796 3595 3867 δήλων
3616 3799 3717 3869 οὐχ
3756 3803 3884 3871 ὁρω-

2303 3878 2503 3948 μένων.
2536 3879 2611 3932 Ού
2645 3879 2753 3953 γὰρ
2782 3880 2931 3943 ὄντος
2976 3881 3275 3954 ἀρχιερέως
3309 3887 3649 3956 ἱεροπρεπῶς
3696 3889 3885 3943 ἐσταλ·

2303 3968 2470 4036 μένου
2504 3971 2647 4024 κατὰ
2678 3970 2770 4024 τὸν
2802 3971 2985 4041 νόμον,
3020 3974 3137 4037 πῶς
3177 3970 3247 4045 ἦν
3277 3975 3357 4029 ἔτι
3382 3977 3573 4047 δήλους
3605 3978 3771 4047 ίδείν;
3820 3979 3881 4035 Τί

2297 4058 2355 4111 δὲ
2375 4060 2470 4114 καὶ
2481 4063 2530 4114 oi
2548 4061 2697 4132 δῆλοι
2708 4063 3010 4133 νομισθεῖεν
3026 4066 3114 4131 ἂν,
3127 4062 3232 4120 οἵδε
3252 4068 3352 4137 μὲν
3364 4069 3531 4133 ῐσωςὸ
3553 4071 3879 4145 φιλομαθὴς,

2302 4148 2613 4221 ὑπομνῆσαι
2628 4152 2685 4208 δὲ
2704 4153 2791 4207 διὰ
2811 4153 3057 4226 βραχέων
3068 4157 3167 4209 οὐκ
3187 4158 3433 4230 ἀκερδές·
3460 4160 3589 4213 Ὅτε
3612 4160 3679 4215 τὰ
3695 4164 3779 4227 είς
3795 4164 3879 4217 κό-

2302 4254 2442 4309 σμον
2459 4240 2553 4295 τοῦ
2575 4242 2876 4314 ἀρχιερέως
2897 4245 3148 4312 γενέσθαι
3167 4247 3531 4320 προστέταχεν
3554 4251 3583 4303 ὁ
3613 4251 3721 4305 τῶν
3743 4253 3879 4306 ὅλων

2298 4331 2447 4398 θεὸς,
2464 4334 2587 4386 τότε
2612 4335 2748 4405 πρὸς
2773 4336 2868 4389 τὸν
2898 4336 3042 4408 ἱερὸν
3065 4336 3167 4407 ἔφη
3191 4339 3392 4393 Μωσέα
3412 4356 3424 4369 ·
3450 4358 3469 4393 ι
3493 4343 3604 4396 Καὶ
3636 4345 3879 4413 ποιήσεις

2282 4421 2475 4491 λόγιον
2493 4424 2724 4497 κρίσεως
2744 4426 2904 4497 ἔργον
2923 4428 3179 4497 ὑφαντοῦ,
3199 4430 3477 4502 σπιθαμῆς
3493 4432 3554 4507 τὸ
3569 4432 3878 4503 μῆκοςκαὶ

610 4510 831 4580 iudicii,
857 4524 993 4581 opus
1024 4506 1231 4563 textile.
1266 4504 1437 4559 Palmi
1474 4504 1783 4575 longitudo.
1816 4515 1873 4562 et
1916 4507 2082 4575 palmi
2111 4506 2195 4561 la-

2303 4514 2585 4587 σπιθαμῆς
2598 4517 2660 4570 τὺ
2681 4514 2859 4590 εὖρος.
2880 4520 3232 4590 Τετράγωνος
3247 4521 3421 4576 ἔσται.
3454 4542 3474 4575 ι
3497 4504 3630 4578 Εἶτα
3645 4527 3878 4598 προστέο

626 4601 817 4658 titndo.
858 4598 1308 4669 Quadrangulum
1337 4598 1444 4652 erit
1472 4598 1541 4652 ⁷³.
1580 4615 1600 4650 ι
1633 4598 1840 4653 Deinde
1869 4597 2077 4669 lapides
2114 4613 2197 4653 ar-

624 4693 863 4752 tillciose,
890 4690 1061 4748 inseri
1094 4689 1219 4745 huic
1256 4687 1424 4743 textili
1471 4703 1592 4745 cum
1636 4691 1946 4746 nominibus
1989 4691 2195 4746 duode-

612 4790 727 4843 cim
752 4786 989 4841 tribuum
1019 4780 1328 4847 mandavit;
1363 4780 1503 4836 inter
1527 4781 1663 4836 alios
1685 4790 1864 4837 autem
1891 4783 2050 4846 duos,
2070 4781 2196 4851 ἰιιιί-

625 4882 726 4935 bus
772 4877 993 4933 nomina
1045 4873 1416 4931 Manifestatio
1456 4882 1513 4928 et
1560 4870 1796 4928 Veritas.
1838 4871 2042 4927 Deinde
2092 4873 2195 4927 hoc

627 4968 893 5024 rationale
910 4967 1113 5037 iudicii,
1133 4981 1200 5023 ex
1240 4965 1511 5021 bumerali
1534 4964 1714 5019 aureis
1733 4964 1943 5019 catenis
1961 4977 2193 5032 suspen-

614 5076 741 5115 sum
769 5060 822 5115 in
856 5068 1044 5130 pectus
1069 5060 1263 5116 summi
1298 5057 1597 5115 sacerdotis
1624 5056 1984 5126 dependebat,
2009 5063 2193 5111 erant-

623 5169 729 5223 que
755 5153 806 5207 in
845 5161 1029 5224 typum
1055 5152 1421 5208 Emmanuelis
1456 5148 1826 5205 Manifestati’o
1863 5156 1917 5201 et
1955 5146 2189 5203 Veritas.

631 5261 650 5296 ι
685 5243 879 5301 Omnia
907 5243 1052 5301 enim
1098 5257 1220 5315 quae
1257 5242 1466 5298 audivit
1516 5256 1547 5295 a
1580 5240 1746 5295 Patre
1768 5278 1786 5307 ,
1850 5237 2190 5293 annuntiavit

2299 4623 2464 4676 ταχεν
2492 4608 2553 4672 ἐξ
2583 4610 2842 4680 ὀνόματος
2869 4612 2979 4666 τῶν
3013 4613 3195 4681 φυλῶν
3225 4614 3546 4670 δυοκαίδεκα
3575 4618 3653 4689 τῷ
3694 4637 3877 4691 ειςεχνη⁹

2300 4697 2534 4768 τεύματι
2570 4700 2748 4768 σοφῶς
2781 4702 3043 4772 ἐντέχνως
3078 4702 3153 4773 (l)
3190 4698 3509 4773 ὑφαίνεσθαι
3542 4705 3748 4772 λίθους.
3776 4709 3877 4762 Δύο

2299 4806 2365 4857 γε
2397 4790 2505 4860 μὴν
2534 4790 2754 4862 ἑτέρους
2780 4792 2982 4863 μεταξὺ
3016 4794 3123 4847 τῶν
3146 4794 3341 4858 ἄλλων,
3368 4791 3450 4860 οἷς
3480 4792 3550 4869 ἦν
3577 4798 3819 4869 ὀνόματα
3842 4802 3874 4870 ή

2299 4878 2534 4950 δήλωσις
2568 4881 2664 4936 καὶ
2701 4883 2735 4951 ἡ
2782 4881 3028 4955 ἀλήθεια.
3066 4879 3200 4938 Εἶτα
3244 4885 3405 4940 τοῦτο
3440 4887 3506 4963 ,τὸ
3554 4887 3735 4952 λόγιον
3780 4890 3875 4958 τῆς

2302 4971 2531 5041 κρίσεως
2562 4974 2628 5027 ἐκ
2657 4974 3049 5047 τῆςὲπωμίδος
3076 4980 3304 5049 χρυσαῖς
3331 4978 3627 5052 ἀπῃώρητο
3643 4985 3871 5052 σειραῖς.

2314 5060 2638 5133 Ἐπενήχετό
2665 5080 2725 5117 τε
2756 5064 2832 5134 τῷ
2871 5065 3078 5137 στέρνῳ
3108 5066 3202 5122 τοῦ
3248 5068 3568 5139 ἀρχιερέως,
3600 5072 3696 5124 καὶ
3736 5067 3872 5140 ἦσαν

2298 5150 2378 5212 είς
2404 5150 2574 5206 τύπον
2604 5153 2701 5206 τοῦ
2741 5154 3084 5225 Ἐμμανουήλ
3113 5156 3146 5225 ή
3170 5155 3400 5225 δήλωσις
3442 5157 3535 5209 καὶ
3567 5160 3599 5226 ή
3626 5157 3869 5228 ἀλήθεια,

2303 5259 2322 5292 ι
2360 5241 2542 5297 Πάντα
2559 5244 2666 5316 γὰρ
2696 5246 2732 5300 ἃ
2762 5247 2961 5317 ἢκουσε
2984 5246 3136 5317 παρὰ.
3161 5246 3255 5299 τοῦ
3285 5248 3517 5318 Πατρὸς,
3540 5248 3870 5318 ἀπήγγειλεν

693 5446 742 5480 ⁷⁸
765 5444 868 5503 lsa.
900 5461 979 5514 vt,
1012 5444 1065 5501 9.
1139 5444 1185 5477 “
1223 5441 1361 5500 Osee
1392 5459 1475 5508 ιιι,
1510 5443 1566 5497 4.
1640 5442 1686 5474 τ’
1717 5440 1889 5496 Exod.
1918 5450 2107 5506 xxvm,
2139 5440 2226 5511 15,
2256 5442 2343 5497 l6.

693 5632 772 5703 (l)
796 5623 1582 5703 CotelerjusAlpnggmtnlfgel.
1617 5623 1706 5679 Gr.
1739 5624 1804 5687 ll,
1842 5623 2009 5703 619k
2036 5636 2220 5703 vocem
2263 5624 2525 5695 ἐντέχνως
2570 5636 2722 5696 putat
2770 5643 2890 5685 esse
2947 5630 3211 5701 glossema
3273 5641 3326 5689 et
3369 5632 3867 5703 interpretationem

624 5692 863 5761 alve'rbii
891 5696 1089 5768 σοφῶς.
1119 5693 1249 5750 Vide
1270 5692 1453 5762 Cyrilli
1483 5692 1828 5762 Thesaurnm,
1862 5710 1917 5764 p.
1942 5693 2037 5750 48.
2056 5693 2215 5748 Enn.
