4094 6600
271 390 364 448 I39

1169 384 1723 443 COMMENTARIUS
1763 385 1825 439 IN
1867 384 2096 441 OSEAM
2136 355 2571 442 monuerant.

3390 390 3493 445 H0

268 512 407 582 ἡμῖν.
452 527 471 561 ι
524 507 635 562 Καὶ
676 505 943 577 δεδήλωκε
990 506 1052 559 το
1084 505 1294 578 θέλημα
1334 506 1429 560 τοῦ
1467 507 1823 577 γεννήσαντος

1937 507 2083 561 nobis
2111 507 2177 572 ⁷³,
2218 525 2238 558 ι
2282 517 2336 560 et
2366 506 2729 562 tnauifestavit
2763 509 3086 566 voluntatem
3121 510 3238 580 ejus
3267 512 3359 581 qui
3395 528 3490 582 ge-

269 601 452 657 αὐτόν·
484 601 578 654 καὶ
626 600 957 669 κατέστησεν
1005 599 1207 670 ἐναργῆ
1260 602 1359 670 τῆς
1414 597 1684 669 σωτηρίας
1732 601 1827 670 τὴν

267 694 393 747 δδόν.
436 692 559 745 Ὅτι
604 689 661 744 δέ
712 689 952 743 ἐστικαὶ
993 688 1240 759 ἀλήθεια,
1267 689 1385 753 πῶς
1430 688 1496 743 ἂν
1540 688 1829 743 ἐνδοιάσειὲ

268 802 361 848 τις,
412 780 577 836 αὐτοῦ
614 780 862 849 λέγοντος
897 780 1161 851 ἐναργῶςο
1219 798 1237 832 ι
1288 779 1428 848 Ἐγώ
1471 780 1649 850 ειμιή
1692 780 1823 849 ἀλή-

264 877 411 937 ista;
450 891 470 925 ι
506 871 605 925 Διά
634 869 794 924 τοῦτο
834 871 929 924 καὶ
968 870 1103 941 αὐτῇ
1150 872 1215 941 τῇ
1245 868 1338 924 τοῦ
1385 868 1683 941 ἀρχιερέως
1722 870 1829 922 ἀτι-

263 962 527 1035 εκρέματο
561 960 775 1031 καρδίᾳ,
814 961 1094 1031 μονονουχὶ
1137 960 1368 1030 βοῶντος
1390 958 1484 1013 τοῦ
1507 959 1700 1021 τύπου,
1735 958 1828 1013 καὶ

264 1052 557 1121 ἀναφανδὸν
596 1050 1051 1121 ἀνακεκραγότος,
1074 1052 1154 1104 ὅτι
1177 1051 1268 1103 τδν
1304 1048 1409 1103 τῶν
1438 1049 1572 1103 ὅλων
1601 1051 1829 1120 Σωτῆρα

262 1146 351 1198 καὶ
403 1141 723 1214 Λυτρωτὴν,
776 1140 872 1211 τὴν
903 1141 1179 1213 ἀλήθειαν,
1216 1141 1309 1194 καὶ
1344 1140 1443 1212 τὴν
1483 1140 1711 1212 δήλωσιν
1749 1140 1830 1204 είς

262 1233 399 1299 νοῦν,
433 1234 527 1287 καὶ
571 1232 797 1303 καρδίαν
840 1232 902 1285 τὸ
950 1233 1091 1303 ἱερὸν
1131 1231 1241 1297 ἔξει
1288 1232 1462 1300 γένος.
1502 1233 1705 1301 Ἤγουν
1746 1231 1830 1285 ὅτι

261 1325 409 1380 πᾶσά
441 1343 559 1385 πως
590 1324 826 1394 ἀνάγκη,
881 1324 1007 1388 τοὺς
1041 1324 1357 1397 ίερουργοὺς
1392 1324 1479 1377 ἀεὶ
1522 1322 1828 1395 μεμνῆσθαι

261 1417 515 1489 Χριστοῦ,
550 1416 643 1470 καὶ
675 1415 989 1470 ἐνοικοῦντα
1021 1415 1204 1487 φέρειν
1248 1416 1336 1468 διά
1366 1414 1461 1469 τοῦ
1492 1415 1825 1486 Πνεύματος.

259 1505 417 1570 Οἶκος
456 1507 511 1559 δὲ
551 1503 715 1560 αὐτοῦ
744 1504 869 1570 νοῦς
914 1505 1174 1577 καθαρὸς,
1224 1505 1319 1558 καὶ
1371 1504 1567 1575 καρδία
1601 1504 1826 1575 διεσμη-

260 1600 453 1671 γμένη.
500 1597 868 1653 Καθεδοῦνται
896 1597 959 1669 δὴ
1000 1593 1094 1651 οὖν
1137 1597 1351 1668 ἡμέρας
1390 1596 1589 1659 πολλὰς
1626 1596 1676 1649 oi
1722 1596 1828 1649 υἱοὶ

267 1690 504 1761 Ἰσραὴλ,
539 1690 690 1760 φησὶ,
728 1688 991 1759 βασιλέως
1032 1688 1132 1743 οὐκ
1175 1688 1347 1752 ὄντος,
1396 1686 1516 1741 οὐδὲ
1548 1686 1825 1757 ἄρχοντος,

257 1780 552 1845 τουτέστιν,
582 1778 942 1838 ἀϐασίλευτοι,
976 1775 1068 1830 καὶ
1098 1780 1112 1799 ⁸
1134 1776 1525 1830 ἀνεπίστευτοι.
1557 1774 1691 1828 οὔτε
1721 1773 1828 1843 γὰρ

258 1870 670 1943 βασιλεύσουσιν
694 1870 742 1921 οἱ
772 1869 836 1921 ἐκ
870 1867 1040 1938 φυλῆς
1079 1866 1267 1932 Ἰούδα,
1300 1864 1423 1920 οὔτε
1455 1865 1560 1936 μὴν
1597 1866 1647 1918 οἱ
1692 1864 1829 1918 κατά
1858 1860 1901 1916 Β

256 1963 421 2033 νόμον
449 1959 895 2033 προεδρεύσουσιν
926 1959 1204 2029 ἄρχοντες,
1233 1957 1530 2020 τουτέστιν,
1566 1958 1612 2009 οἱ
1644 1958 1827 2027 ἱερεῖς.

268 2055 410 2108 Ἀλλ’
455 2053 575 2107 οὐδὲ
605 2051 777 2117 ἔσται,
814 2051 969 2123 φησι,
1016 2051 1420 2122 θυσιαστήριον,
1469 2049 1502 2120 ἢ
1543 2048 1722 2115 θυσία,
1759 2049 1832 2101 ἱε-

259 2146 475 2218 ρωσύνη
496 2162 556 2199 τε
587 2146 682 2199 καὶ
701 2144 871 2215 δῆλοι.
899 2143 1045 2214 Πλὴν
1076 2145 1175 2197 οὐκ
1202 2145 1259 2196 ἐν
1288 2141 1497 2205 τούτοις
1520 2139 1828 2204 διαπαντὸς,

256 2238 380 2291 οὐδὲ
403 2237 764 2306 ἀπόπεμπτος
790 2234 1097 2306 δλότρόπως
1123 2235 1151 2287 ό
1188 2232 1402 2304 Ἰσραὴλ
1429 2231 1603 2295 ἐσται,
1642 2230 1834 2302 κεκλή-

260 2338 414 2383 σεται
437 2330 545 2400 γὰρ
570 2328 713 2383 κατά
740 2326 985 2398 καιροὺς,
1006 2326 1101 2380 καὶ
1130 2323 1443 2394 ἐπιστρέψει
1463 2323 1549 2377 διὰ
1575 2323 1831 2388 πίστεως,

256 2424 353 2478 xui.
398 2421 759 2492 ἐπιγνώσεται
802 2420 892 2476 τὸν
922 2419 1030 2475 τῶν
1069 2419 1205 2476 δλων
1238 2418 1392 2481 Θεὸν,
1428 2418 1521 2471 καὶ
1558 2417 1655 2470 σὺν
1684 2416 1833 2487 αρτῷ

255 2517 347 2572 τὸν
399 2515 582 2578 Δαϐὶδ,
627 2512 891 2577 τουτέστι,
939 2511 1030 2566 τὸν
1079 2512 1143 2564 ὲκ
1193 2509 1502 2579 σπέρματος
1530 2507 1710 2572 Δασὶδ,
1742 2507 1833 2561 τὸν

256 2607 403 2662 κατά
437 2607 615 2678 σάρκα
644 2602 896 2676 Χριστὸν,
929 2601 1020 2656 τὸν
1049 2600 1156 2655 τῶν
1175 2601 1313 2655 ὅλων
1338 2598 1564 2670 βασιλέα
1602 2598 1696 2652 καὶ
1721 2596 1835 2652 Κύ-

260 2719 395 2772 ριον.
429 2700 561 2753 Τότε
590 2696 678 2769 δὴ,
705 2697 825 2751 τότε
851 2692 1358 2764 καταπλαγήσονται
1398 2690 1498 2763 τῆς
1529 2688 1835 2761 φιλοτιμίας

254 2793 318 2846 τὸ
358 2791 610 2862 μέγεθος,
638 2788 734 2844 καὶ
766 2786 864 2859 τὴν
896 2787 994 2857 τῆς
1028 2784 1362 2856 ἡμερότητος
1391 2783 1698 2855 ἀμέτρητον
1734 2782 1834 2852 χά-

261 2900 367 2954 ριν.
421 2880 830 2970 Συμμεθέξουσι
862 2877 970 2950 γὰρ
998 2877 1096 2970 τῇς
1128 2879 1240 2940 τοῖς
1266 2873 1837 2970 ἁγίοις-ηὐτρεπισμέ-

258 2990 358 3044 νης
409 2963 641 3041 ἐλπίδος,
676 2969 769 3023 καὶ
811 2969 933 3030 ταῖς
980 2965 1086 3019 τῶν
1130 2964 1573 3018 πεπιστευκότων
1615 2963 1838 3031 ἀγέλαις

258 3062 485 3134 ἀναμὶξ,
516 3064 574 3116 ἐν
604 3062 739 3132 νομῇ
770 3058 973 3129 ἀγαθῇ,
1007 3058 1099 3111 καὶ
1138 3058 1197 3110 ἐν
1242 3055 1392 3127 τόπῳ
1419 3055 1562 3108 πίονι
1591 3052 1834 3126 νεμηθή-

260 3173 466 3211 σονται.
506 3153 708 3225 Καιρδς
740 3150 851 3223 γάρ
895 3150 1076 3213 αὐτοῖς
1114 3148 1213 3219 τῆς
1246 3148 1387 3201 οὕτω
1433 3146 1711 3218 λαμπρᾶς,
1741 3144 1837 3199 καὶ

258 3247 600 3317 ἀξιαγάστου
652 3244 874 3315 χάριτος
917 3243 946 3295 ὁ
996 3241 1302 3303 τελευταῖος
1350 3239 1444 3293 καὶ
1473 3241 1531 3292 ἐν
1568 3237 1834 3308 ἐσχάτοις,

259 3339 361 3394 καὶ
383 3341 440 3392 ὲν
471 3337 710 3409 Χριστῷ.
730 3336 797 3389 δι’
826 3330 905 3400 οῦ,
938 3337 1033 3389 καὶ
1066 3333 1184 3405 μεθ’
1210 3325 1271 3387 οὗ
1295 3333 1373 3403 τῷ
1400 3330 1519 3398 Θεῷ
1542 3332 1637 3385 καὶ
1662 3330 1839 3402 Πατρὶ

258 3430 292 3500 ἡ
321 3427 478 3492 δόξα,
511 3427 607 3481 σὺν
633 3425 711 3497 τῷ
736 3425 878 3497 ἀγίῳ
910 3423 1210 3496 Πνεῦματι,
1249 3424 1329 3487 είς
1348 3422 1475 3487 τοὺς
1503 3421 1700 3487 αἰῶνας
1730 3420 1838 3476 τῶν

258 3520 497 3575 αἰώνων.
546 3518 738 3589 Ἀμήν.

617 3640 999 3729 ΤΟΜΟΣ
1072 3636 1489 3725 ΤΡΙΤΟΣ.

863 3794 1114 3848 ΚΕΦΑΛ.
1162 3792 1236 3846 Δ⁹.

335 3910 665 3975 ’.ἀκούσατε
674 3908 860 3977 λόγον
873 3906 1114 3975 Κυρίου,
1129 3903 1245 3959 υἱοὶ
1261 3901 1524 3970 Ἰσραὴλ,
1543 3900 1629 3954 ὅτι
1647 3900 1842 3969 κρίσις

263 4002 348 4070 τῷ
402 4001 597 4071 Κυρίῳ
644 4000 794 4069 πρὸς
842 3999 984 4063 τοὺς
1045 3994 1472 4059 κατοικοῦντας
1523 3991 1641 4059 τὴν
1689 3989 1838 4060 γῆν·

265 4095 423 4149 διότι
454 4095 567 4148 οὐκ
593 4091 765 4146 ἐστιν
794 4089 1067 4156 ἀλήθεια,
1129 4085 1254 4141 οὐδ’
1283 4086 1474 4151 ἕλεος,
1524 4082 1667 4137 οὐδὲ
1716 4081 1844 4136 ἐπί-

267 4198 496 4254 γνωσις
546 4179 693 4237 Θεοῦ
742 4179 840 4233 ἐπὶ
875 4177 1008 4249 τῆς.
1075 4176 1232 4245 Ἀρὰ,
1293 4175 1391 4231 καί
1446 4173 1692 4243 ψεῦδος.
1745 4172 1844 4227 καὶ

266 4276 483 4345 φόνος,
512 4271 613 4326 καὶ
645 4270 865 4338 κλοπὴ,
899 4270 997 4325 καὶ
1033 4269 1267 4339 μοιχεία
1316 4267 1556 4337 κέχυται
1586 4266 1687 4319 ἐπὶ
1734 4264 1845 4334 τῆς

264 4365 406 4437 τῆς,
438 4364 774 4433 anticipata
805 4362 896 4432 ἐφ’
930 4362 1141 4432 αἵμασι
1174 4361 1523 4431 pla-pomum

336 4472 466 4528 AE'.
516 4472 838 4542 ’Δναγκαῖον
866 4472 1014 4542 ἡμᾶς
1056 4467 1374 4540 διατρανοῦν
1415 4467 1695 4530 ἐθέλοντας
1736 4466 1843 4519 τῶν

264 4564 649 4637 προκειμένων
678 4564 771 4617 τὸν
808 4562 954 4628 νοῦν,
1001 4561 1279 4633 μονονουχὶ
1319 4559 1685 4630 παλινάγρετα
1724 4573 1843 4609 ποιά-

264 4654 449 4708 εῖσθαι
472 4653 544 4708 τὰ
571 4655 629 4708 ἐν
660 4653 876 4725 ἀρχαῖς,
906 4655 1000 4706 καὶ
1027 4652 1147 4705 ὅλον
1168 4651 1355 4722 ὥσπερ
1385 4647 1841 4720 ἀναμηρύσασθαι

263 4746 368 4817 τῆς
402 4745 740 4817 προφητείας
772 4745 862 4799 τὸν
893 4744 1111 4797 σκοπόν.
1154 4743 1380 4809 Οὐκοῦν,
1410 4742 1487 4805 ὡς
1524 4740 1625 4805 ἔνι,
1664 4738 1757 4793 καὶ
1785 4740 1843 4791 ἐν

268 4838 499 4911 βραχέσι
529 4835 883 4906 συνενεγκὼν,
917 4834 1092 4890 ἐκεῖνό
1130 4851 1290 4906 φημι.
1331 4853 1350 4887 t
1385 4834 1579 4903 Γέγονε
1612 4832 1709 4903 μὲν
1736 4830 1845 4901 γὰρ

266 4928 417 5000 ἀρχὴ
446 4928 604 4997 λόγου
643 4926 849 4998 Κυρίου
895 4929 954 4980 ἐν
1013 4926 1193 4996 Ὠσηὲ.
1234 4945 1252 4978 t
1287 4924 1740 4998 Διερμηνεύοντες
1787 4922 1844 4976 δὲ

266 5020 342 5073 τά
371 5018 572 5083 τοιάδε,
613 5010 748 5086 πρὸς
772 5019 863 5072 τὸν
905 5018 1172 5089 μακάριον
1202 5019 1485 5090 προφήτην
1534 5015 1692 5086 Ὠσηὲ
1720 5014 1846 5076 τοὺς

268 5111 427 5184 παρὰ
451 5109 587 5165 Θεοῦ
616 5110 869 5179 γενέσθαι
900 5109 1092 5177 λόγους
1122 5109 1343 5173 εἰκότως
1374 5108 1653 5176 ἐλέγομεν,
1685 5104 1845 5158 οἱονεὶ

271 5202 757 5275 μυσταγωγοῦντος
797 5201 978 5267 αὐτὸν,
1022 5202 1116 5254 καὶ
1159 5202 1226 5254 τὰ
1256 5200 1485 5271 ἐσόμενα
1521 5201 1847 5269 «postumam-

267 5294 491 5358 νοῦντος
535 5293 623 5348 διά
654 5310 714 5346 τε
742 5292 929 5347 τύπων
984 5292 1079 5346 καὶ
1128 5291 1322 5359 λόγων.
1356 5290 1542 5363 Ταύτῃ
1586 5308 1667 5344 τοι
1704 5308 1846 5363 παρ-

271 5385 612 5455 ελαμϐάνετο
647 5387 745 5455 μὲν
778 5387 835 5437 ἐν
864 5385 1057 5455 ἀρχαῖς
1087 5382 1315 5454 ήΓόμερ
1336 5398 1349 5411 θ
1385 5382 1559 5436 ἔτικτε
1588 5383 1644 5435 δὲ
1673 5382 1762 5435 τόν
1787 5399 1847 5435 τε

268 5477 334 5531 οὐ
385 5477 512 5530 λαόν
566 5494 688 5548 μου,
734 5476 829 5531 καὶ
874 5476 973 5547 τὴν
1029 5476 1130 5541 οῦκ
1180 5474 1505 5545 ἠλεημένην.
1555 5472 1688 5528 Εἶτα
1728 5473 1845 5545 μετ’

268 5569 489 5640 ἐκείνην
534 5569 886 5640 προσελήφθη
935 5567 1161 5639 δευτέρα
1216 5566 1460 5641 μοιχαλίς
1508 5584 1569 5619 τε
1613 5568 1707 5620 καὶ
1752 5570 1859 5619 πο-’

265 5658 450 5732 νηρά,
498 5660 591 5713 καὶ
637 5660 705 5714 τὰ
738 5659 824 5732 ἐφ’
874 5659 1091 5730 ἑκάστῳ
1141 5656 1341 5712 τούτων
1382 5657 1593 5722 λεπτῶς
1633 5676 1690 5711 τε
1750 5658 1845 5711 uati.

368 5820 412 5851 ⁷³
448 5818 601 5875 Joatt.
633 5837 725 5885 xv,
760 5820 843 5876 15.
917 5820 965 5853 ⁷⁸
1000 5818 1158 5876 Joan.
1188 5832 1299 5883 XIV,
1333 5816 1384 5872 6.
1461 5817 1507 5849 "
1543 5813 1681 5870 Osce
1717 5827 1753 5879 l,
1790 5813 1838 5867 l.

1932 594 2262 663 nuitipsum,
2295 603 2350 648 et
2380 594 2520 648 viam
2560 595 2752 651 salutis
2778 598 3187 654 demonstravit.
3229 599 3362 656 Esse
3390 617 3491 656 au-

1933 693 2037 739 tem
2083 685 2390 751 veritatem,
2435 685 2527 755 qui
2570 688 2785 742 tandem
2827 689 3154 746 dubitaverit
3198 691 3492 762 quispiam,

1929 793 2050 832 cum
2078 777 2195 846 ipse
2224 787 2413 848 aperte
2445 778 2634 835 dicat:
2680 796 2699 830 ι
2765 777 2878 849 Ego
2903 794 3019 835 sum
3044 783 3244 838 veritas
3283 783 3374 838 “‘l
3410 784 3494 839 ld-

1929 870 2077 926 circo
2103 878 2157 924 et
2186 870 2285 940 ipsi
2314 870 2513 925 summi
2540 870 2837 926 sacerdotis
2863 872 3069 941 pectori
3111 874 3495 943 appendeban-

1931 972 2039 1026 tur,
2067 969 2274 1016 tantutu
2305 977 2411 1016 non
2443 962 2713 1017 clamante
2742 971 2889 1032 typo,
2922 972 2976 1017 et
3000 963 3287 1020 manifeste
3309 966 3495 1020 excla-

1932 1063 2147 1119 tuante,
2195 1053 2571 1109 universorum
2627 1052 2969 1108 Salvatorem
3021 1062 3075 1109 et
3123 1055 3495 1123 liberatorem,

1929 1144 2214 1199 veritatem
2260 1153 2318 1200 et
2368 1144 2861 1201 manifestationem
2905 1156 3157 1201 sanctum
3202 1162 3372 1215 genus
3440 1149 3496 1203 iu

1931 1246 2109 1293 mente
2136 1246 2191 1293 et
2214 1238 2377 1293 corde
2403 1236 2715 1291 habiturum
2745 1251 2761 1302 ;
2807 1244 2902 1291 aut
2923 1246 3074 1293 certe
3129 1240 3496 1294 necessarium

1930 1342 2051 1383 esse
2077 1328 2319 1391 omnino,
2350 1327 2663 1383 sacerdotes
2684 1326 2889 1383 Christi
2915 1342 3130 1398 semper
3158 1330 3494 1395 meminisse,

1929 1430 1985 1475 et
2013 1435 2111 1487 per
2136 1419 2393 1490 Spiritum
2426 1420 2479 1473 in
2509 1434 2569 1475 se
2614 1420 2949 1475 habitantem
2972 1421 3344 1476 circumferre.
3390 1422 3499 1477 Do-

1932 1511 2183 1578 musejus
2211 1522 2294 1568 est
2318 1528 2466 1568 mens
2490 1528 2622 1583 pura
2656 1524 2713 1569 et
2741 1529 2838 1570 cor
2886 1526 3292 1587 perpurgatum.
3336 1515 3499 1573 Sede.

1930 1598 2063 1654 bunt
2089 1601 2250 1671 igitur
2272 1602 2389 1659 dies
2418 1604 2614 1659 multos
2649 1605 2740 1659 lilii
2772 1605 2959 1674 Israel,
3005 1608 3203 1677 inquit,
3235 1623 3355 1661 cum
3391 1624 3496 1664 non

1930 1690 2036 1745 erit
2071 1707 2189 1759 rex,
2241 1710 2346 1748 non
2403 1696 2675 1765 princeps,
2730 1697 2833 1753 hoc
2881 1707 2984 1764 est,
3016 1700 3136 1755 sine
3188 1715 3334 1771 rege,
3380 1701 3500 1758 sine

1935 1783 2185 1851 praeside.
2217 1782 2326 1838 Nec
2346 1786 2490 1840 enim
2512 1789 2814 1857 regnabant
2840 1790 2931 1859 qui
2953 1800 3079 1845 sunt
3106 1806 3137 1845 e
3169 1792 3309 1847 tribu
3335 1790 3495 1858 inda,

1932 1889 2031 1930 nec
2056 1875 2419 1943 praesidebunt
2446 1877 2738 1947 principes,
2767 1880 2869 1935 hoc
2894 1891 2999 1946 est,
3024 1883 3351 1938 sacerdotes.
3385 1883 3497 1941 Nec

1932 1966 2056 2027 erit,
2104 1966 2298 2034 inquit,
2336 1967 2531 2032 altare,
2585 1978 2677 2025 aut
2726 1972 3057 2027 sacriticium
3113 1975 3500 2029 sacerdotium-

1930 2065 2133 2125 que,et
2154 2058 2451 2114 manifesti.
2490 2060 2867 2117 Verumtamen
2894 2079 2999 2118 non
3026 2064 3079 2119 in
3112 2066 3232 2121 istis
3261 2081 3493 2138 semper,

1932 2161 2032 2201 nec
2060 2149 2387 2206 omnimodis
2421 2152 2653 2221 reiectus
2689 2152 2857 2208 Israel
2898 2156 3169 2223 manebit;
3219 2158 3501 2213 vocabitur

1932 2240 2076 2295 enim
2106 2242 2413 2311 aliquando,
2446 2253 2501 2300 et
2522 2259 2616 2315 per
2646 2245 2805 2301 ﬁdem
2837 2261 3155 2313 conversus,
3180 2248 3347 2304 Deum
3380 2251 3501 2304 uni-

1930 2344 2210 2386 versorqu
2263 2344 2539 2404 agnoscet,
2586 2345 2791 2392 etcum
2844 2338 2963 2408 ipso
3007 2337 3195 2402 David,
3245 2341 3347 2396 hoc
3392 2353 3498 2405 est,

1932 2420 2021 2490 qui
2054 2424 2255 2491 prodiit
2275 2438 2345 2479 ex
2393 2426 2601 2482 semine
2639 2428 2805 2484 David
2827 2470 2843 2496 ,
2891 2432 3168 2489 Christum
3201 2435 3500 2489 secundum

1931 2531 2173 2581 carnem,
2221 2518 2809 2591 universorum-regem
2861 2539 2927 2580 ac
2987 2524 3297 2580 Dominum.
3325 2526 3499 2591 Tunc,

1934 2616 2065 2662 tunc
2097 2605 2469 2663 beneﬁcentiae
2496 2610 2946 2679 magnitudinem,
2977 2621 3033 2667 et
3071 2615 3504 2670 mansuetudinis

1934 2698 2250 2755 immensam
2282 2699 2511 2766 gratiam
2554 2700 2960 2771 obstupescent.
3015 2702 3310 2771 Participes
3354 2704 3503 2759 enim

1933 2795 2094 2841 erunt
2141 2785 2256 2855 spei
2298 2788 2503 2842 sanctis
2532 2798 2881 2858 prwparatze,
2935 2801 3358 2862 sanctorumque
3410 2808 3506 2864 ag-

1898 2888 1907 2897 ‘
1934 2877 2170 2932 minibus
2200 2878 2416 2933 admisti
2450 2879 2502 2934 in
2532 2880 2743 2947 pascuis
2774 2880 2950 2945 bonis,
3007 2889 3062 2935 et
3095 2881 3147 2935 in
3176 2882 3297 2937 loco
3320 2881 3503 2952 pingui

1935 2978 2246 3039 pascentur.
2276 2967 2514 3038 Tempus
2547 2970 2690 3024 enim
2723 2970 2860 3025 adeo
2893 2970 3191 3041 splendida:
3237 2979 3293 3026 et
3319 2972 3500 3026 admi-

1936 3056 2119 3112 randae
2142 3058 2328 3127 gratia:
2359 3058 2490 3124 ipsis
2510 3058 2614 3113 erit
2639 3068 2940 3115 extremum
2968 3059 3120 3127 illud,
3149 3070 3204 3115 et
3231 3061 3500 3124 ultimum,

1935 3156 1992 3203 et
2024 3146 2079 3202 in
2103 3146 2338 3212 Christo,
2372 3146 2481 3218 63
2535 3162 2633 3217 per
2670 3163 2831 3217 quem
2880 3158 3083 3203 etcum
3136 3162 3245 3218 quo
3294 3147 3405 3203 Deo
3451 3158 3508 3203 et

1937 3237 2084 3293 Patri
2115 3237 2306 3307 gloria,
2338 3253 2463 3293 cum
2494 3248 2689 3294 sancto
2716 3238 2927 3310 Spiritu
2949 3239 3002 3295 in
3034 3240 3232 3296 secula
3276 3239 3507 3295 saeculo-

1939 3345 2082 3391 rum.
2110 3330 2304 3387 Amen.

2210 3631 2595 3726 I‘OMUS
2693 3633 2917 3723 TER
2954 3635 3249 3725 I‘IUS.

2486 3822 2487 3825 η
2575 3782 2727 3840 CAP.
2773 3782 2862 3839 IV.

2014 3895 2181 3950 Vens.
2206 3896 2258 3958 l,
2289 3895 2344 3948 2.
2376 3896 2567 3949 Audite
2596 3896 2805 3949 verbum
2881 3893 3114 3963 Domini,
3151 3895 3254 3966 ﬁlii
3317 3895 3509 3962 Israel,

1942 3989 2067 4059 quia
2087 3988 2353 4057 judicium
2404 3986 2629 4041 Domino
2662 3988 2731 4040 ad
2762 3987 3059 4042 habitantes
3106 3998 3343 4054 terram;
3386 3990 3514 4057 quia

1944 4096 2047 4135 non
2070 4089 2146 4135 est
2165 4080 2377 4143 veritas,
2395 4095 2557 4148 neque
2575 4080 2958 4145 misericordia,
2975 4096 3137 4150 neque
3158 4082 3379 4135 scientia
3416 4081 3513 4136 Dei

1943 4185 2102 4232 super
2132 4179 2347 4223 terram.
2375 4167 3142 4236 Malediclio,etmendacium,
3190 4180 3239 4225 et
3290 4171 3516 4225 homici-

1943 4262 2110 4325 dium,
2144 4272 2189 4314 et
2231 4260 2454 4328 furtum,
2505 4270 2554 4314 et
2584 4260 2899 4315 adulterium
2954 4261 3177 4332 effusum
3229 4270 3305 4315 est
3361 4278 3517 4332 super

1945 4362 2160 4416 terram,
2182 4361 2232 4406 et
2253 4354 2532 4422 sanguines
2563 4352 2619 4407 in
2646 4355 2988 4423 sanguiuibus
3026 4356 3264 4409 miscent.

2016 4463 2236 4519 XXXV.
2267 4463 2497 4519 Necesse
2522 4473 2604 4519 est
2656 4480 2755 4520 nos
2797 4466 3125 4522 sententiam
3158 4467 3354 4521 horum
3395 4480 3517 4520 ver-

1946 4556 2136 4611 borum
2171 4556 2464 4624 explanare
2489 4556 2758 4622 volentes,
2789 4573 2926 4626 pene
2970 4559 3153 4613 omnia
3181 4573 3208 4611 a
3242 4557 3515 4627 principio

1947 4649 2091 4703 dicta
2145 4662 2441 4713 resumere,
2492 4657 2547 4702 et
2601 4649 2759 4719 quasi
2807 4658 2974 4704 totum
3024 4649 3321 4719 prophetia:
3362 4649 3518 4718 hujus

1948 4754 2170 4807 scopum
2212 4739 2545 4810 recolligere.
2577 4741 2783 4811 itaque,
2828 4752 2888 4796 ut
2933 4743 3082 4805 licet,
3138 4742 3283 4795 etin
3345 4755 3515 4811 pauca

1948 4830 2234 4887 conferens
2268 4831 2396 4887 illud
2420 4832 2525 4889 aio.
2560 4852 2578 4886 ι
2618 4833 2841 4888 Factum
2888 4845 2972 4889 est
3010 4834 3336 4904 principium
3367 4832 3515 4887 verbi

1948 4922 2163 4977 Domini
2212 4921 2266 4977 in
2300 4923 2435 4979 Osea
2468 4924 2536 4977 ⁸⁷³.
2571 4943 2588 4975 ι
2650 4926 2779 4992 Qum
2832 4939 2953 4979 cum
3014 4927 3516 4994 interpretarentur,

1949 5016 2259 5071 dicebamus
2279 5015 2501 5072 verbum
2529 5017 2620 5071 Dei
2650 5019 2714 5069 ad
2744 5018 2954 5071 beatum
2983 5018 3298 5086 prophetam
3324 5013 3516 5070 Oseaut

1953 5124 1981 5162 a
2008 5109 2118 5166 Deo
2142 5109 2337 5164 merito
2366 5108 2590 5175 factum,
2619 5108 2781 5165 veluti
2808 5110 3061 5180 mysteria
3091 5107 3264 5178 ipsum
3292 5108 3520 5163 docente

1952 5209 2008 5255 et
2038 5210 2263 5256 ventura
2296 5215 2392 5271 per
2416 5202 2618 5271 ﬁguras
2653 5210 2707 5256 et
2743 5201 2901 5255 verba
2958 5199 3377 5270 praznuntiante.
3428 5195 3513 5249 ld-

1952 5293 2099 5348 rirco
2134 5289 2289 5347 initio
2328 5293 2498 5348 ascita
2547 5302 2631 5347 est
2660 5292 2880 5356 Gomer,
2914 5290 3231 5362 peperitque
3278 5287 3393 5345 Non
3427 5302 3519 5358 po-

1951 5385 2106 5452 pulus
2166 5400 2338 5449 meus,
2393 5394 2450 5440 et
2501 5385 2929 5442 Blisericordiam
2986 5398 3092 5439 non
3146 5390 3514 5438 consecutam.

1953 5474 2142 5530 Postea
2175 5485 2451 5545 assumpta
2486 5486 2569 5531 est
2600 5475 2768 5532 altera
2818 5486 2870 5532 et
2899 5477 3111 5532 mmcha
3146 5486 3201 5532 et
3230 5473 3471 5544 improba
3498 5488 3513 5538 ;

1950 5576 2000 5622 ct
2027 5569 2359 5637 singulorum
2412 5570 2639 5626 istorum
2675 5585 2873 5625 arcana
2915 5570 3185 5627 subtiliter
3234 5574 3516 5622 accurate-

1950 5671 2057 5728 que
2087 5659 2366 5730 propheta,
2399 5668 2457 5715 ut
2486 5661 2594 5716 dixi
2627 5703 2642 5728 ,
2669 5660 2893 5718 edoctus
2915 5670 3018 5717 est.
3046 5660 3322 5727 Tanquam
3350 5654 3514 5725 igitur
3582 5644 3583 5647 “
