4094 6578
609 344 704 398 Ml

1630 342 1690 396 S.
1730 341 2000 398 CYRILLI
2041 340 2510 397 ALEXANDRIM
2548 341 2867 401 ARCHIEP.

3748 352 3853 407 ΗΞ

608 457 851 530 mysterii
883 457 1082 514 virtute
1148 456 1289 528 apud
1343 470 1405 513 se
1431 458 1789 529 undequaque
1839 470 2091 532 percepta
2118 469 2170 515 et

2282 460 2516 532 ἀκριϐῶς
2556 462 2585 514 ό
2617 462 2924 533 προφήτης,
2976 461 3053 526 ώς
3104 461 3261 534 ῐφην,
3311 464 3706 532 ἐξεπαιδεύετο.
3765 468 3854 531 ἀς

607 548 843 619 cognita,
887 547 1138 619 deinceps
1162 548 1426 605 lsraelitis
1478 551 1660 606 futura
1695 553 2059 623 promulgare,
2116 566 2171 610 et

606 639 931 697 calamitatis
959 640 1108 696 brevi
1138 652 1233 697 eos
1266 643 1537 698 invasurae
1568 643 1816 697 nuntium
1852 642 2047 699 efferre
2075 684 2090 709 ,
2120 655 2175 700 et

604 730 804 801 quibus
865 733 1224 789 exacerbatus
1271 733 1343 789 sit
1416 735 1558 789 Deus
1587 768 1603 799 ,
1658 733 1960 790 clarissime
2001 748 2172 805 expo-

604 835 737 878 nere
760 823 1006 890 orditur;
1033 832 1092 878 ut
1119 824 1209 893 qui
1242 823 1534 893 puniuntur
1557 824 1735 879 sciant
1778 839 1840 879 se
1870 826 1980 895 pati
2004 826 2128 895 jure
2154 864 2170 891 ,

604 927 943 984 quacunque
958 916 1176 984 eospati
1196 915 1504 985 contigerit.
1520 914 1655 970 Cum
1674 916 1817 971 enim
1839 916 1908 971 ab
1927 917 2175 972 hostibus

604 1003 855 1074 capiendi
896 1014 1097 1071 essent,
1127 1017 1181 1061 et
1202 1005 1434 1061 ludibrio
1458 1007 1625 1061 futuri
1653 1007 1799 1078 ipsos
1826 1014 1981 1063 antea
2005 1008 2177 1062 admi-

604 1096 944 1164 rantibus,et
965 1098 1218 1155 lsraelem
1235 1114 1399 1169 supra
1422 1112 1612 1154 omnes
1631 1109 1818 1170 gentes
1842 1099 1980 1155 alias
2006 1114 2175 1170 expu—

606 1194 772 1257 gnatu
793 1185 1163 1242 diﬂlcillimum
1195 1188 1615 1255 arbitrantibus,
1638 1202 1705 1245 ne
1732 1198 1985 1260 putarent
2015 1190 2175 1243 auxi-

606 1275 878 1334 liatricem
898 1287 952 1334 et
968 1279 1318 1336 servatricem
1347 1292 1567 1335 manum
1590 1280 1643 1335 in
1670 1280 1801 1351 ipsis
1830 1280 2174 1351 elanguisse;

606 1368 701 1424 sed
736 1368 1116 1440 resipiscerent
1144 1373 1343 1439 potius,
1370 1378 1423 1426 et
1464 1371 1532 1427 ad
1589 1371 1850 1427 salutaria
1884 1385 2175 1427 recurrere

613 1458 990 1525 instituerent,
1038 1462 1342 1532 cogitantes
1395 1464 1519 1533 quia
1570 1477 1666 1533 per
1705 1463 2065 1533 ignorantiam
2094 1461 2178 1515 of-

608 1548 876 1605 fenderint
921 1565 1068 1616 eum,
1120 1553 1211 1622 qui
1273 1564 1496 1609 servare
1543 1552 1716 1616 novit,
1768 1553 1889 1608 ideo
1936 1551 2177 1606 divinam

608 1642 743 1696 iram
768 1641 821 1696 in
861 1658 921 1698 se
941 1644 1245 1711 exacuisse,
1301 1643 1613 1700 necessario
1642 1643 1807 1699 etiam
1852 1652 1980 1698 ante
2026 1642 2177 1697 futu-

608 1745 791 1786 rorum
842 1734 1297 1803 exspectationem
1325 1736 1535 1791 scelera
1567 1751 1759 1791 eorum
1801 1734 1937 1806 ipsis
1964 1749 2177 1790 annuu-

2275 549 2367 607 οὖν
2399 554 2725 625 ἀποχρῶσαν
2758 554 2851 609 τοῦ
2893 557 3191 627 μυστηρίου
3215 558 3314 626 τὴν
3352 557 3585 630 δύναμιν
3620 576 3851 630 συναγηο

2276 644 2488 717 γερκώς
2534 647 2592 699 ἐν
2636 645 2835 716 ἐαυτῷ,
2886 645 3113 717 ἄρχεται
3160 646 3343 701 λοιπὸν
3372 650 3484 711 τοῖς
3517 648 3578 713 ἐξ
3625 650 3855 720 αἵματος

2288 735 2501 807 Ἰσραὴλ
2529 737 2831 806 ἀναφωνεῖν
2852 736 2920 790 τά
2945 736 3225 807 μέλλοντα,
3253 739 3349 791 καὶ
3374 737 3476 808 τῆς
3495 738 3617 791 ὅσον
3644 739 3853 793 οὐδέπω

2275 828 2657 900 παρεσομένης
2688 829 2872 893 αὐτοῖς
2907 831 3191 901 συμφοράς
3214 829 3421 902 ἐναργῆ
3447 824 3719 884 ποιεῖσθαι
3751 831 3854 901 τὴν

2276 918 2570 989 πρόφασιν,
2616 919 2710 972 καὶ
2738 918 2807 972 τὰ
2854 920 2939 987 ἐφ’
2979 914 3063 982 οἷς
3096 918 3393 989 λελύπηται
3420 920 3574 985 Θεὸς,
3608 916 3667 973 εὖ
3708 920 3851 991 μάλα

2278 1009 2597 1083 διατρανοῦν
2622 1026 2635 1039 ·
2674 1011 2741 1064 ἵν’
2770 1011 2961 1065 εἰδεῖεν
3004 1012 3053 1064 οἱ
3087 1010 3441 1083 κολαζόμενοι
3485 1012 3748 1076 παθόντες
3796 1012 3854 1066 ἐν

2275 1102 2419 1174 δίκῃ,
2447 1102 2515 1156 τὰ
2546 1103 2755 1174 ὅσαπερ
2790 1102 2856 1157 ἂν
2881 1103 3120 1175 συμϐαίη
3157 1103 3349 1157 παθεῖν
3375 1104 3590 1169 αὐτούς.
3637 1104 3857 1175 Ἐπειδὴ

2275 1192 2384 1264 γὰρ
2418 1192 2640 1264 ἔμελλον
2671 1192 2978 1248 ἁλώσεσθαι
3011 1194 3108 1265 μὲν
3148 1194 3240 1247 ὑπ’
3272 1193 3499 1266 ἐχθρῶν,
3534 1196 3614 1261 είς
3643 1196 3854 1265 γέλωτα

2276 1285 2334 1339 δέ
2365 1286 2687 1358 προκεῖσθαι
2711 1285 2903 1341 λοιπὸν
2924 1287 3038 1352 τοῖς
3066 1286 3293 1358 ἀρίστην
3320 1286 3532 1358 ἔχουσιν
3554 1287 3733 1342 αὐτῶν
3757 1286 3854 1360 τὴν

2276 1376 2454 1441 δόξαν,
2495 1378 2589 1431 καὶ
2620 1376 2730 1431 τῶν
2777 1377 2952 1433 ἄλλων
2987 1378 3245 1432 ἁπάντων
3276 1377 3450 1433 ἐθνῶν
3477 1377 3856 1432 δυσαλώτατον

2279 1466 2544 1537 ὑπάρχειν
2587 1467 2857 1539 οἰομένοις
2901 1466 2993 1521 τὸν
3053 1465 3290 1537 Ἰσραὴλ,
3331 1466 3419 1520 ἵνα
3462 1466 3538 1538 μὴ
3574 1467 3856 1539 νομίσειαν

2278 1557 2420 1611 κατὰ
2464 1558 2605 1626 σφᾶς
2639 1559 2837 1622 αὐτοὺς
2868 1557 2966 1630 τὴν
3000 1558 3387 1629 ἐπαμύνουσάν
3413 1575 3473 1613 τε
3529 1560 3623 1614 καὶ
3654 1559 3854 1625 σώζου-

2280 1665 2381 1702 σαν
2404 1649 2667 1719 ἀτονῆσαι
2688 1650 2861 1721 χεῖρα,
2888 1648 3317 1719 μεταγινώσκειν
3337 1649 3394 1702 δέ
3420 1649 3622 1720 μᾶλλον
3651 1649 3855 1704 ἕλοιντό

2278 1744 2350 1790 τε*
2376 1739 2473 1791 καὶ⁹
2521 1737 2659 1810 πρὸς
2685 1737 2754 1790 τὰ
2773 1738 2983 1809 ἀμείνω
3005 1738 3415 1810 παλινδρομεῖν,
3438 1737 3744 1802 ἐννοοῦντες
3773 1740 3854 1793 ὅτι

609 1821 737 1887 tiat,
788 1822 898 1895 65
942 1798 1005 1878 et
1038 1826 1116 1880 ait
1149 1842 1166 1881 :
1200 1845 1223 1880 ι
1262 1826 1464 1883 Audite
1515 1829 1742 1882 verbum
1791 1798 2034 1893 D-omini,
2080 1824 2175 1880 filii

2282 1798 2791 1900 προσκεκρούκασιν
2813 1798 2827 1809 ν
2850 1798 3242 1899 ἀμαθαίνοντές
3269 1798 3373 1899 ’τῷ
3398 1798 3619 1894 ¹σώζειν
3669 1798 3851 1895 είδότι,

605 1911 792 1980 Israel,
838 1915 964 1984 quia
1000 1916 1262 1984 judicium
1304 1918 1533 1974 Domino
1583 1917 1652 1973 ad
1695 1918 2004 1974 habitantes
2068 1926 2179 1972 ter-

609 2020 747 2059 ram.
783 2024 804 2057 ι
858 2005 1072 2064 Judicio
1115 2018 1294 2064 autem
1337 2010 1616 2066 contendit
1665 2024 1789 2066 cum
1840 2009 2173 2073 hominibus,

606 2111 932 2167 coarguens,
961 2114 1066 2153 non
1098 2101 1424 2157 sententiam
1481 2101 1779 2172 excipiens,
1830 2108 1887 2156 et
1915 2100 2177 2171 impietati

612 2188 669 2243 in
695 2188 872 2259 ipsum
908 2191 1158 2246 obnoxiis
1211 2203 1395 2262 aperta
1429 2206 1494 2248 ac
1546 2194 1689 2247 nuda
1741 2205 1929 2248 eorum
1972 2191 2179 2248 scelera

607 2281 879 2350 proponit,
911 2281 1064 2352 juxta
1095 2283 1251 2352 illud,
1285 2285 1479 2354 opinor
1508 2301 1525 2338 :
1565 2302 1585 2337 ι
1620 2286 1855 2354 Arguam
1884 2290 1956 2350 te,
1986 2293 2042 2339 et
2064 2291 2176 2339 sta-

608 2383 759 2427 tuam
796 2385 986 2429 contra
1027 2374 1222 2431 faciem
1257 2384 1402 2431 tuam
1433 2376 1753 2445 iniquitates
1787 2384 1913 2431 tuas
1941 2376 2014 2430 ".
2050 2393 2069 2429 ι
2110 2388 2180 2430 ne

608 2475 811 2520 temere
840 2466 977 2521 iram
1004 2467 1058 2521 in
1084 2482 1143 2523 se
1175 2467 1429 2523 collatam
1451 2468 1635 2523 dicant
1665 2484 1682 2533 ;
1726 2467 1820 2521 sed
1853 2474 1913 2521 ut
1939 2466 2181 2523 debitum

608 2556 907 2624 quoddam,
934 2566 990 2611 et
1034 2556 1293 2613 maximis
1330 2556 1731 2627 peccatoribus,
1768 2565 1825 2611 et
1870 2555 2182 2612 necessario

606 2648 967 2718 persolutum.
1016 2648 1156 2716 Quid
1202 2662 1365 2719 porro
1409 2645 1543 2702 dicit
1597 2648 1689 2717 qui
1727 2645 2021 2715 disceptat,
2067 2647 2182 2701 sive

607 2740 701 2810 qui
735 2740 952 2811 arguit?
1001 2757 1020 2791 ι
1075 2754 1183 2796 non
1238 2747 1325 2795 est
1365 2739 1591 2803 veritas,
1640 2753 1742 2794 nec
1780 2736 2178 2800 misericordia,

609 2845 715 2887 uec
740 2830 967 2887 scientia
998 2831 1090 2886 Dei
1130 2846 1292 2901 super
1332 2839 1558 2887 terram.
1592 2849 1612 2884 ι
1648 2830 1802 2897 Quod
1824 2829 2046 2894 dicitur,
2074 2844 2179 2885 non
2214 2839 2221 2843 '

609 2936 737 2980 esse
787 2923 1101 2987 veritatem,
1132 2923 1185 2977 id
1229 2924 1493 2987 insinuat,
1537 2932 1594 2978 et
1643 2923 2030 2980 convenienter
2078 2922 2179 2977 ad-

610 3014 855 3081 modum,
884 3011 1026 3084 apud
1049 3026 1241 3069 omnes
1271 3028 1368 3085 per
1412 3014 1465 3069 id
1494 3024 1704 3084 tempus
1748 3014 1978 3071 multum
2010 3013 2180 3071 fuisse

611 3104 1029 3202 calumniarum,
1071 3105 1335 3202 perjurii,
1377 3104 1604 3162 fallacia:
1648 3120 1713 3161 ac
1748 3105 1881 3172 doli,
1928 3113 2176 3163 extrema
2203 3142 2247 3202 ο

614 3195 884 3253 malorum
934 3197 1203 3252 omnium.
1257 3196 1449 3253 Fuisse
1495 3211 1628 3253 vero
1655 3211 1755 3253 nec
1796 3199 2177 3267 redamautes,

612 3302 715 3345 nec
761 3287 1193 3344 misericordiam
1244 3288 1499 3344 habuisse
1531 3290 1698 3345 corde
1736 3289 1970 3359 rigidos,
2006 3292 2183 3347 immi-

613 3388 720 3447 tes,
752 3379 935 3435 animo
961 3379 1304 3442 obﬁrmates.
1338 3381 1475 3437 satis
1497 3382 1785 3438 ostendere
1806 3392 2010 3455 potest,
2038 3385 2182 3455 quod

613 3473 851 3540 dicitur,
894 3488 1001 3528 non
1047 3486 1169 3527 esse
1222 3474 1365 3542 apud
1408 3486 1505 3529 eos
1543 3473 1999 3531 misericordiam.
2054 3476 2183 3530 Esse

617 3576 795 3620 autem
821 3563 1119 3633 voluptatis
1144 3563 1348 3634 potius,
1377 3578 1543 3634 quam
1568 3565 1662 3621 Dei
1703 3574 1976 3631 amantes,
1999 3576 2054 3622 et
2078 3566 2185 3622 diis

617 3655 1009 3714 eouuneutitiis
1060 3656 1275 3726 penitus
1317 3656 1588 3723 addictos,
1640 3657 1869 3728 insuper
1918 3658 2183 3726 declarat,

616 3762 744 3803 cum
787 3746 882 3802 Dei
930 3745 1215 3802 scientiam
1268 3750 1378 3802 non
1424 3760 1547 3803 esse
1604 3748 1664 3803 in
1721 3750 1881 3806 terris
1930 3748 2187 3806 afﬁrmat.

613 3836 887 3893 Praeterea
936 3852 1044 3893 non
1097 3836 1355 3893 indecens
1402 3836 1589 3907 fuerit,
1640 3848 1751 3896 tam
1807 3841 1965 3898 tetris
1995 3881 2012 3908 ,
2063 3849 2121 3899 et
2152 3859 2185 3897 a

617 3927 828 3983 ratione
853 3926 1044 3982 alienis
1082 3926 1228 3983 vitiis
1250 3928 1568 3996 obstrictos,
1618 3929 1880 3988 arbitrari
1909 3947 1981 3989 ne
2020 3946 2185 3990 nosse

616 4017 836 4087 quidem
862 4016 1093 4088 amplius
1124 4017 1291 4073 Deum
1336 4036 1351 4073 :
1390 4020 1662 4091 siquidem
1689 4038 1853 4080 nosse
1896 4024 2053 4081 illum
2102 4026 2187 4082 di-

616 4110 789 4165 cimus
810 4125 933 4166 cum
965 4110 1105 4166 bene
1133 4110 1200 4166 de
1233 4125 1299 4167 eo
1332 4112 1641 4181 {sentientes
1684 4115 1881 4171 divina:
1928 4115 2045 4185 ejus
2088 4131 2188 4173 vo.

614 4203 808 4258 luntati
841 4204 1297 4259 ottsecundatuus.
1320 4206 1576 4277 Adiungit
1602 4207 1713 4272 liis,
1756 4225 1777 4261 ι
1812 4208 2185 4278 maledictum,

617 4297 987 4364 mendacium,
1017 4298 1398 4367 homicidium,
1424 4298 1655 4367 furtum,
1699 4301 2027 4359 adulterium
2056 4304 2189 4360 eﬂ‘uo

616 4404 733 4446 sum
769 4403 890 4445 esse
913 4403 1076 4459 super
1109 4398 1331 4455 terram,
1375 4402 1432 4447 et
1458 4392 1676 4448 misceri
1728 4395 2017 4465 sanguines
2056 4410 2186 4452 san-

2274 1920 2553 1990 ταύτῃτυι,
2589 1920 2685 1974 καὶ
2729 1920 3083 1974 πεπτώκασιν
3129 1922 3233 1974 ὑπὸ
3271 1921 3421 1975 θείαν
3451 1920 3640 1995 ὀργὴν,
3688 1923 3854 1991 ἀναγ-

2276 2011 2448 2075 καίως
2478 2010 2662 2074 αὐτοῖς
2691 2011 2786 2065 καὶ
2802 2011 2909 2081 πρό
2925 2027 2988 2078 γε
3017 2011 3123 2065 τῶν
3154 2010 3373 2065 ἔσεσθαι
3390 2012 3859 2084 προσδοκωμένων

2277 2102 2759 2175 προσαπαγγέλλει
2786 2105 2855 2156 τὰ
2892 2103 3233 2172 ἐγκλήματα,
3266 2103 3361 2157 καί
3383 2121 3580 2174 φησιν’
3619 2123 3638 2156 ι
3679 2105 3856 2157 ’Δκού-

2279 2208 2406 2245 σατε
2436 2192 2592 2262 λόγον
2626 2192 2853 2264 Κυρίου,
2902 2195 2953 2245 oi
2986 2195 3092 2246 υίοὶ
3151 2194 3399 2265 Ἰσραήλ⁸
3450 2194 3532 2247 ὅτι
3574 2193 3756 2265 κρίσις
3781 2193 3860 2264 τῷ

2276 2283 2468 2355 Κυρίῳ
2501 2284 2636 2354 πρὸς
2658 2286 2786 2348 τοὺς
2818 2282 3209 2348 κατοικοῦντας
3234 2284 3335 2356 τὴν
3364 2284 3490 2356 γῆν.
3528 2302 3549 2337 i
3592 2286 3853 2356 Κρίνεται

2279 2375 2339 2429 δὲ
2375 2375 2514 2447 πρὸς
2545 2374 2864 2446 ἀνθρώπους
2896 2376 3050 2441 Θεὸς,
3093 2376 3350 2447 ἐλέγχων,
3381 2376 3442 2430 οὐ
3482 2376 3856 2447 δικαζόμενος,

2278 2465 2372 2518 καὶ
2400 2465 2719 2537 παρατιθεὶς
2748 2469 2861 2530 τοῖς
2902 2468 2985 2531 είς
3017 2468 3177 2521 αὐτὸν
3216 2466 3636 2538 δεδυσσεσηκόσι
3674 2467 3858 2537 γυμνά

2277 2554 2347 2609 τὰ
2379 2554 2719 2627 ἐγκλήματα,
2748 2556 2872 2610 κατ’
2900 2557 3077 2611 ἐκεῖνό
3106 2572 3209 2609 που
3239 2555 3381 2627 τάχα
3419 2554 3482 2609 τὸ
3512 2558 3571 2609 ἐν
3598 2557 3849 2627 Ψαλμοῖς

2279 2646 2615 2718 ὑμνούμενον
2648 2663 2664 2678 ο
2695 2660 2715 2701 ι
2762 2647 2998 2717 Ἐλέγξω
3041 2661 3122 2713 σε,
3172 2647 3267 2701 καὶ
3327 2648 3669 2719 παραστήσω
3718 2650 3859 2701 κατὰ

2278 2739 2569 2811 πρόσωπόν
2612 2754 2709 2793 σου
2753 2739 2851 2803 τὰς
2897 2741 3129 2809 ἀνομίας
3176 2756 3272 2793 σου
3297 2754 3313 2773 ο
3356 2757 3377 2791 i
3418 2740 3505 2793 ἵνα
3552 2736 3627 2811 μὴ
3679 2739 3860 2811 μάτην

2277 2833 2460 2895 αὐτοῖς
2498 2832 2855 2904 ἐπενηνέχθαι
2886 2832 3137 2902 φάσκωσι
3185 2832 3283 2904 τὴν
3314 2831 3510 2905 ὀργὴν,
3535 2830 3650 2888 ἀλλ’
3694 2831 3777 2895 ὡς
3804 2834 3861 2885 ἐν

2276 2923 2591 2995 ὀφλήματος
2618 2923 2770 2992 τάξει
2798 2923 3005 2990 λοιπὸν,
3037 2926 3130 2978 καὶ
3154 2927 3267 3002 τοῖς
3302 2925 3371 2979 τὰ
3417 2927 3652 2996 μέγιστα
3678 2925 3858 2996 πλημ-

2282 3013 2465 3086 μελεῖν
2518 3015 2757 3083 εἰωθόσι,
2802 3016 2893 3070 καὶ
2928 3014 2988 3081 ἐξ
3020 3017 3266 3087 ἀνάγκης
3316 3015 3745 3087 συμϐαίνουσαν.
3796 3012 3859 3069 Τί

2276 3108 2333 3161 δέ
2365 3125 2529 3180 φησιν
2557 3110 2587 3162 ὁ
2614 3109 2953 3181 κρινόμενος,
2987 3110 3104 3180 ἤτοι
3135 3108 3465 3180 διελέγχων;
3506 3126 3526 3161 ι
3567 3109 3688 3161 Οὐκ
3717 3108 3859 3162 ἐστιν

2280 3199 2525 3270 ἀλήθεια,
2569 3200 2690 3254 οὐδὲ
2737 3199 2906 3265 ἔλεος,
2945 3200 3067 3253 οὐδὲ
3111 3200 3407 3269 ἐπίγνωσις
3448 3201 3584 3255 Θεοῦ
3624 3202 3721 3255 ἐπὶ
3764 3200 3860 3271 τῆς

2281 3291 2405 3360 γῆς.
2450 3310 2470 3344 i
2505 3293 2578 3345 Τδ
2610 3292 2710 3363 μέν
2740 3288 2833 3346 οῦν
2864 3291 3123 3363 ἀλήθειαν
3168 3294 3244 3365 μὴ
3285 3289 3426 3347 εἶναι
3452 3293 3650 3363 λέγειν,
3689 3294 3861 3363 ὑπεμ-

2283 3384 2504 3454 φήνειεν
2537 3382 2604 3437 ἂν
2630 3382 2725 3437 καὶ
2754 3383 2902 3455 μάλα
2929 3383 3172 3449 εἰκότως,
3200 3384 3284 3439 ὅτι
3319 3383 3520 3456 πολλὴν
3548 3382 3702 3455 παρὰ
3725 3386 3860 3438 πᾶσι

2283 3475 2403 3528 κατ’
2437 3476 2609 3528 ἐκεῖνο
2636 3474 2831 3545 καιροῦ
2859 3474 3080 3545 γέγονεν
3104 3476 3138 3546 ὴ
3171 3476 3526 3545 συκοφαντία,
3565 3474 3861 3547 ψευδορκία

2283 3582 2342 3619 τε
2371 3565 2464 3619 καὶ
2502 3565 2709 3637 ἀπάτη,
2743 3567 2838 3620 καὶ
2866 3566 3039 3633 δόλος,
3078 3567 3149 3621 τὰ
3196 3568 3414 3622 πάντων
3452 3568 3712 3639 αἴσχιστα
3758 3568 3860 3622 τῶν

2284 3655 2491 3711 κακῶν.
2519 3657 2641 3711 Ὅτι
2668 3654 2725 3710 δέ
2752 3653 2892 3729 ἦσαν
2937 3658 3285 3729 ἀφιλάλληλοί
3316 3677 3375 3713 τε
3405 3660 3500 3714 καὶ
3532 3660 3861 3733 ἀφιλοικτίρ-

2288 3766 2471 3820 μονες,
2515 3748 2769 3818 άτεγκτοί
2822 3766 2883 3802 τε
2930 3750 3026 3804 καὶ
3070 3751 3423 3823 ἀτεράμονες,
3470 3751 3564 3805 καὶ
3608 3752 3706 3806 τὸν
3743 3751 3859 3806 νοῦν
3899 3733 3906 3741 ’

2285 3841 2710 3913 ἀπεσκληκότες,
2736 3842 3138 3914 ὑποσημήνειεν
3180 3843 3247 3897 ἂν
3290 3844 3352 3897 τὸ
3396 3843 3473 3917 μὴ
3517 3844 3661 3899 εἶναι
3688 3846 3857 3909 ἔλεος.

2289 3933 2411 3987 Ὅτι
2439 3932 2497 3986 δὲ
2528 3932 2801 4004 φιλήδονοι
2830 3935 3031 4003 μᾶλλον
3084 3935 3118 4005 ἢ
3146 3933 3401 4004 φιλόθεοι,
3432 3937 3527 3991 καὶ
3565 3938 3675 4001 τοῖς
3703 3938 3861 4007 ψευδο

2286 4026 2523 4098 ωνύμοις
2571 4028 2714 4093 θεοῖς
2757 4028 3064 4101 ὁλοτρόπως
3120 4030 3507 4103 προσκείμενοι
3528 4070 3547 4097 ,
3611 4033 3865 4103 σαφηνιεῐ

2287 4120 2469 4187 πάλιν,
2498 4121 2793 4190 ἐπίγνωσιν
2824 4120 2960 4175 Θεοῦ
2991 4122 3065 4193 μὴ
3095 4118 3233 4176 εἶναι
3270 4122 3445 4191 λέγων
3486 4123 3579 4177 ἐπὶ
3606 4126 3711 4193 τῆς
3737 4124 3857 4195 γῆς.

2292 4212 2500 4276 Ἄλλως
2524 4229 2585 4265 τε
2609 4212 2808 4284 πρέποι
2835 4214 2901 4266 ἂν
2929 4214 3153 4277 εἰκότως
3186 4214 3299 4277 τοῖς
3337 4216 3458 4277 ταῖς
3490 4212 3632 4267 οὕτω
3664 4213 3865 4278 δειναῖς

2287 4304 2538 4368 ἀτοπίαις
2584 4303 2955 4375 ἐνισχημένοις
2986 4304 3082 4357 καὶ
3118 4304 3179 4358 τὸ
3219 4304 3394 4358 δοκεῖν
3435 4305 3536 4376 ήδη
3569 4314 3685 4369 πως
3731 4306 3861 4376 μηδὲ

2288 4394 2485 4448 εἰδέναι
2512 4394 2663 4451 Θεόν.
2703 4394 2873 4466 Εἴπερ
2903 4396 3100 4449 είδέναι
3140 4396 3321 4466 φαμὲν
3347 4396 3511 4450 αὐτὸν
3542 4396 3863 4469 φρονοῦντος

613 4482 891 4553 guinibus.
929 4499 948 4533 ι
975 4481 1144 4537 Audis
1169 4484 1440 4559 quomodo
1464 4485 1519 4539 in
1541 4500 1711 4554 genus
1730 4500 1892 4543 omne
1918 4488 2181 4545 scelerum

2285 4487 2478 4558 ὀρθῶς,
2509 4488 2604 4541 καὶ
2630 4489 2755 4552 τοὺς
2781 4491 2893 4552 τοίς
2940 4488 3105 4553 θείοις
3136 4488 3302 4543 αὐτοῦ
3335 4489 3635 4560 θελήμασιν
3660 4490 3861 4562 ἐπομό-

618 4574 926 4644 ρτωοίρὶιεε
960 4573 1232 4641 abierint,
1266 4583 1322 4630 et
1350 4575 1490 4630 ultra
1546 4577 1680 4634 ﬁnes
1718 4579 2010 4650 impietatis
2057 4596 2189 4653 pro-

614 4665 809 4735 gressi,
840 4665 904 4720 de
930 4665 1126 4735 quibus
1154 4681 1335 4724 sermo
1364 4678 1469 4735 est,
1499 4668 1631 4723 nihil
1656 4674 2004 4741 quantumvis
2031 4674 2189 4744 longe

614 4753 1098 4812 insolentissimum
1146 4758 1492 4830 inexpertum
1538 4760 1898 4832 reliquerint?
1948 4763 2016 4819 Et
2043 4766 2186 4836 quod

615 4846 703 4903 itis
748 4848 925 4903 adhuc
953 4864 983 4903 a
1013 4849 1225 4907 ratione
1269 4851 1436 4906 distat
1468 4851 1705 4924 longius,
1774 4872 1797 4906 ι
1849 4855 2141 4924 sanguines
2169 4893 2187 4920 ,

614 4936 813 5005 inquit,
860 4940 1215 5009 sanguinibus
1254 4941 1512 4999 miscent.
1547 4962 1569 4997 ι
1608 4942 1721 5001 Hoc
1774 4946 1938 5000 etiam
1971 4946 2183 5016 signum

615 5027 779 5082 tuerit
828 5022 1177 5086 manifestum
1210 5072 1225 5099 ,
1276 5047 1452 5103 neque
1500 5035 1744 5093 inducias
1800 5038 2062 5092 malorum
2117 5040 2187 5095 al.

615 5120 687 5175 iis
733 5116 980 5190 admitti,
1038 5138 1214 5195 neque
1262 5123 1571 5194 huiusmodi
1643 5126 1946 5184 facinorum
1996 5143 2185 5199 perpe-

618 5222 854 5268 tratores
898 5214 1005 5268 ulla
1055 5217 1392 5285 pteuitudine
1451 5226 1623 5273 tactos
1678 5235 1916 5289 unquam
1958 5218 2126 5277 fuisse
2163 5239 2182 5290 ;

613 5302 709 5357 sed
739 5304 956 5361 assiduo
985 5317 1265 5375 peccatum
1302 5319 1525 5379 peccato
1579 5311 1884 5367 cumulare.
1935 5310 2042 5368 Sed
2078 5314 2178 5369 ista

615 5394 830 5461 quidem
888 5413 983 5466 pro
1034 5400 1375 5469 expositione
1437 5401 1681 5457 faciliore
1733 5417 1798 5459 ac
1856 5405 2185 5478 promptiore

616 5485 757 5540 dicta
787 5498 966 5543 stmto.

2293 4596 2439 4643 νους.
2455 4580 2801 4651 Προσεπάγει
2816 4580 2871 4634 δὲ
2890 4580 3116 4645 τούτοις,
3132 4581 3241 4634 ὅτιι
3265 4580 3418 4652 Ἀρὰ,
3433 4581 3527 4635 καὶ
3540 4580 3755 4650 ψεῦδος,
3773 4581 3862 4635 καὶ

2292 4672 2471 4743 φόνος,
2500 4671 2596 4727 καὶ
2627 4671 2821 4743 κλοπὴ,
2852 4674 2947 4728 καὶ
2989 4675 3202 4745 μοιχεία
3229 4675 3457 4746 κέχυται
3486 4676 3578 4727 ἐπὶ
3604 4672 3701 4743 τῆς
3742 4675 3859 4745 γῆς,

2291 4763 2386 4819 καὶ
2430 4764 2639 4835 αἵματα
2690 4764 2775 4833 ἐφ’
2800 4763 2993 4835 αἵμασι
3041 4766 3346 4837 μίσγουσιν.
3386 4784 3407 4818 i
3454 4767 3698 4829 Ἀκούεις
3719 4767 3863 4828 ὅπως

2288 4856 2368 4921 είς
2397 4855 2548 4927 λῆξιν
2575 4856 2744 4927 ἧκασι
2776 4856 2979 4922 παντὸς
3017 4858 3210 4923 κακοῦ,
3238 4860 3333 4913 καὶ
3370 4859 3601 4913 ἀνοσίων
3618 4860 3862 4930 ἐγχειρη-

2292 4948 2478 5019 μάτων
2502 4947 2759 5001 ἐπέκεινα
2788 4947 2996 5011 λοιπδν,
3014 4951 3061 5002 οἱ
3090 4951 3217 5022 περὶ
3234 4943 3309 5005 ὧν
3327 4951 3358 5005 ὸ
3378 4950 3556 5018 λόγος,
3585 4950 3696 5005 τῶν
3729 4951 3862 5018 ἄγαν

2288 5038 2681 5093 ἐκτοπωτάτων
2696 5038 2845 5095 οὐδὲν
2872 5038 3065 5105 ἐῶντες
3084 5041 3494 5112 ἀνεπιτήδευτον
3512 5060 3529 5107 ν;
3558 5041 3670 5095 Καὶ
3707 5040 3769 5095 τὸ
3788 5039 3860 5092 ἔτι

2286 5127 2475 5181 τούτου
2502 5127 2973 5200 παραλογώτερον,
2995 5130 3205 5201 αἵματα
3224 5131 3309 5200 ἐφ’
3338 5131 3535 5202 αἵμασι
3576 5130 3856 5203 μίσγουσι,

2289 5220 2441 5291 φησί.
2482 5222 2716 5291 Σημείον
2767 5221 2811 5275 δ’
2852 5222 2919 5277 ἂν
2954 5223 3163 5291 γένοιτο
3207 5224 3303 5277 καὶ
3339 5223 3497 5277 τοῦτο
3536 5223 3727 5292 σαφὲς,
3772 5218 3859 5274 τοῦ

2292 5314 2429 5384 μήτε
2472 5313 2762 5385 ἀνακωχὴν
2807 5314 3290 5387 παρεισκρίνεσθαι
3326 5317 3438 5378 soi;
3469 5316 3688 5376 κακοῖς·
3725 5314 3857 5385 μήτε

2295 5403 2401 5477 μὴν
2424 5405 2482 5458 ἐν
2512 5405 2848 5476 μεταγνώσει
2876 5406 2987 5459 τῶν
3014 5406 3428 5477 τετολμημένων
3456 5405 3708 5474 γενέσθαι
3739 5404 3859 5466 τοὺς

2293 5497 2638 5568 δεδρακότας,
2668 5497 2869 5568 συνεχῆ
2906 5498 2963 5551 δὲ
2994 5496 3184 5569 ὥσπερ
3221 5498 3317 5550 καὶ
3356 5496 3655 5568 ἐπάλληλον
3690 5510 3859 5566 παρα-

613 5576 869 5632 τετάσθαι
910 5582 1008 5651 τὴν
1056 5580 1349 5652 ἁμαρτίαν.
1394 5582 1553 5638 Ἀλλὰ
1600 5586 1754 5637 ταυτὶ
1820 5587 1917 5656 μὲν
1946 5588 2185 5661 εἰρήσθω
2252 5590 2388 5661 πρὸς
2427 5590 2752 5661 διασάφησιν
2786 5589 2884 5661 τὴν
2911 5589 3353 5662 προχειροτέραν.

652 5756 698 5787 ⁷⁸
730 5754 871 5811 Psal.
910 5771 1059 5824 χιιι,
1096 5755 1192 5811 21.
