4094 6554
295 476 396 535 113

1221 465 1877 528 COMMENTARIUS-IN
1911 464 2145 521 OSEAM
2184 464 2623 527 PROPHE'I‘AM.

3436 468 3541 526 ιιι

363 599 552 653 Ἔοικα
579 598 636 652 δι
669 598 831 652 πάλιν
857 598 884 650 ὁ
915 597 1183 669 μακάριος
1213 595 1498 667 προφήτης
1530 592 1866 665 μυστικωτέ·

2042 588 2265 644 Videtur
2297 598 2476 653 autem
2503 590 2692 644 beatus
2717 590 2975 659 propheta
3013 604 3229 646 rursum
3265 604 3526 648 arcanam

295 706 394 753 ραν
428 687 698 741 ποιεῖσθαι
727 688 859 758 ἡμῖν
888 687 989 759 τὴν
1016 687 1314 757 ἀφήγησιν,
1350 686 1445 740 καὶ
1485 683 1866 739 καταιτιᾶσθαι

288 779 383 831 τὸν
425 778 646 850 Ἰσραὴλ
688 777 783 832 ἐπὶ
826 780 946 842 ταῖς
992 781 1074 842 είς
1120 777 1353 849 Χριστὸν
1398 776 1726 848 παροινίαις,
1774 776 1868 829 καὶ

294 870 631 939 μιαιφονίαις
674 872 795 932 ταῖς
822 870 903 933 είς
930 869 1089 923 αὑτὸν
1117 870 1214 923 καὶ
1238 868 1445 937 ἀγίους.
1482 887 1503 921 ι
1540 868 1735 940 Κρίσις
1760 868 1869 938 γάρ

291 958 370 1028 τῷ
406 957 598 1030 Κυρίῳ
626 957 764 1028 πρὸς
786 960 913 1023 τοὺς
940 958 1325 1022 κατοικοῦντας
1367 957 1467 1030 τὴν
1490 958 1613 1028 γῆν.
1654 978 1674 1010 ι
1728 958 1867 1012 Ἀνθ’

292 1049 439 1111 ὅτου,
475 1049 570 1102 καὶ
602 1050 696 1101 ἐπὶ
726 1049 903 1116 τίσιν;
963 1049 1240 1121 Ἐπεφάνη
1289 1050 1395 1119 γὰρ
1422 1052 1556 1119 ἡμῖν
1590 1051 1620 1104 ὁ
1669 1049 1870 1121 Κύριος

294 1139 455 1210 ἡμῶν
492 1140 698 1204 Ἰησοῦς
726 1141 755 1193 ό
787 1141 1041 1213 Χριστὸς,
1074 1143 1166 1195 καὶ
1192 1142 1493 1213 ἀπεστάλη,
1524 1141 1668 1195 καθά
1709 1159 1872 1212 φησιν

294 1230 478 1293 αὐτὸς,
508 1249 527 1282 ι
566 1232 659 1294 Είς
684 1231 753 1285 τὰ
778 1231 1093 1285 ἀπολωλότα
1123 1233 1370 1304 πρόσατα
1399 1233 1548 1286 οῖκου
1584 1233 1820 1304 Ἰσραὴλ,
1849 1252 1867 1284 ι

296 1322 387 1376 ῖνα
415 1322 623 1395 φωτίση
671 1327 736 1395 τῇ
789 1324 877 1379 διὰ
911 1323 1223 1394 Πνεύματος
1271 1323 1525 1395 δᾳδουχίᾳ
1564 1324 1692 1387 τοὺς
1720 1324 1877 1376 ὲσκο·

296 1414 607 1485 τισμένους,
656 1416 742 1468 ῖνα
783 1415 885 1486 τῆς
913 1417 1142 1486 νομικῆς
1185 1414 1498 1480 ἀπαλλάξας
1545 1416 1721 1478 σκιᾶς,
1764 1417 1874 1479 τοῖς

294 1505 398 1575 τῆς
428 1504 663 1576 ἀληθοῦς
690 1506 946 1577 λατρείας
975 1506 1248 1577 ἑμὸιὸάσῃ
1271 1506 1514 1576 τρόποις,
1548 1503 1634 1559 ἵνα
1657 1505 1874 1559 δικαιώο

297 1611 402 1658 σας
431 1597 497 1665 τῇ
551 1596 730 1649 πίστει
777 1596 902 1659 τοὺς
941 1598 1061 1657 ταῖς
1106 1595 1399 1666 ἁμαρτίαις
1430 1594 1874 1665 ἐνειλημμένους,

297 1684 516 1758 συνάψῃ
543 1685 608 1739 δι’
639 1685 830 1739 ἑαυτοῦ
865 1687 942 1756 τῷ
973 1686 1091 1757 Θεῷ
1123 1687 1215 1739 καὶ
1244 1685 1439 1757 Πατρί.
1470 1685 1607 1738 Ἀλλ’
1632 1685 1732 1738 οὐκ
1760 1685 1875 1737 ἐδό-

296 1789 386 1826 κει
437 1777 654 1845 φρονεῖν
696 1774 871 1844 ὀρθῶς
920 1777 1033 1839 τοῖς
1079 1774 1139 1840 ἐξ
1198 1776 1431 1847 Ἰσραήλ.
1476 1774 1580 1829 Τὸν
1625 1774 1735 1847 γὰρ
1784 1775 1876 1828 ἐπὶ

293 1864 509 1928 τούτοις
534 1865 597 1930 ἐξ
627 1866 872 1936 οὐρανῶν
897 1867 1196 1937 ἀφιγμένον
1221 1866 1637 1938 ἐκϐεϐλήκασιν,
1682 1867 1874 1920 ἀπεδο-

1969 681 2256 750 quamdatn
2286 691 2339 736 et
2366 681 2647 752 mysticam
2672 681 2826 737 nobis
2851 684 3218 738 narrationem
3247 684 3537 749 adducere.

1970 783 2027 827 et
2071 772 2325 828 lsraelem
2372 781 2594 843 propter
2628 772 3088 829 debacchationes
3129 775 3182 829 in
3230 776 3537 838 Christum.

1969 871 2025 918 et
2052 863 2226 920 caedes
2263 863 2315 918 in
2360 862 2532 932 ipsum
2570 872 2628 918 et
2667 872 2889 917 sanctos
2922 861 3042 931 ejus
3083 863 3404 917 commissas
3449 878 3542 917 ac-

1972 969 2187 1010 cusare.
2246 972 2265 1007 ι
2328 952 2599 1009 Iudicium
2642 955 2789 1010 enim
2838 954 3071 1009 Domino
3125 954 3191 1007 ad
3233 954 3542 1011 habitantes

1975 1055 2197 1102 terram.
2233 1064 2251 1099 ι
2276 1045 2567 1113 Quorsum,
2616 1056 2671 1101 et
2703 1047 2898 1116 quibus
2942 1046 3010 1101 de
3039 1045 3258 1101 causis?
3282 1047 3544 1115 Apparuit

1971 1136 2117 1193 enim
2143 1136 2298 1191 nobis
2329 1137 2588 1193 Dominus
2618 1146 2802 1192 noster
2826 1136 2987 1192 Jesus
3020 1137 3295 1201 Christus,
3328 1146 3383 1191 et
3415 1138 3547 1190 mis-

1973 1242 2088 1294 sus,
2120 1229 2258 1284 sicut
2307 1228 2385 1283 ait
2422 1229 2556 1299 ipse,
2590 1229 2655 1282 ad
2694 1243 2824 1283 oves
2864 1244 2985 1299 qua
3033 1230 3313 1299 perierunt
3355 1230 3547 1282 domus

1975 1318 2142 1373 Israel
2169 1321 2237 1383 ⁷⁷,
2277 1338 2294 1371 ι
2330 1318 2440 1390 65
2472 1330 2530 1374 ut
2561 1320 2802 1375 tenebris
2825 1328 3041 1387 opertos
3068 1318 3307 1388 Spiritus
3337 1316 3546 1372 facibus

1976 1406 2346 1477 illuminaret;
2388 1419 2445 1463 ut
2480 1409 2742 1480 legalibus
2784 1411 2992 1463 umbris
3033 1409 3320 1478 expeditos
3349 1408 3417 1461 ad
3457 1421 3546 1461 ve-

1976 1514 2092 1554 ram
2127 1500 2296 1555 divini
2319 1502 2497 1558 cultus
2519 1518 2765 1557 normam
2818 1502 3205 1564 introduceret,
3238 1516 3353 1573 quo
3381 1501 3545 1571 justi-

1977 1591 2165 1647 iicatos
2189 1607 2285 1662 per
2308 1594 2490 1662 ﬁdem,
2513 1595 2605 1665 qui
2631 1604 2793 1650 erant
2809 1595 3050 1666 peccatis
3068 1595 3336 1665 impliciti,
3374 1609 3470 1664 per
3487 1608 3549 1648 se

1977 1696 2097 1736 cum
2123 1684 2233 1739 Deo
2259 1695 2314 1740 et
2332 1684 2493 1741 Patre
2512 1687 2888 1758 conjungeret.
2917 1686 3116 1742 Verum
3142 1686 3325 1741 lsraeli
3342 1702 3446 1741 non
3465 1694 3550 1742 est

1976 1771 2150 1827 visum
2177 1789 2389 1844 sapere.
2423 1775 2574 1831 Illum
2601 1792 2834 1847 namque
2864 1778 2954 1847 qui
2984 1777 3141 1844 hujus
3162 1792 3293 1848 ergo
3316 1778 3381 1832 de
3407 1777 3549 1832 coelo

1978 1875 2220 1931 venerat,
2249 1866 2547 1937 ejecerunt,
2586 1868 2948 1937 reprobaruut
2978 1870 3264 1923 veritatem
3300 1878 3356 1923 et
3386 1870 3550 1923 mise-

296 1956 562 2026 κίμασαν,
581 1959 683 2012 οὐκ
705 1958 973 2028 ἠθέλησαν
994 1959 1135 2029 ἔχειν
1158 1959 1217 2012 ὲν
1243 1959 1454 2020 ἑαυτοῖς
1472 1957 1570 2028 τὴν
1598 1957 1872 2029 ἀλήθειαν,

1988 1954 2286 2021 ricordiam,
2318 1957 2600 2012 scientiam
2623 1957 2712 2011 Dei
2740 1968 2795 2011 et
2817 1958 2994 2014 Patris
3017 1973 3201 2014 secum
3230 1959 3433 2012 habere
3453 1972 3551 2013 uo-

293 2045 361 2098 τὺ
415 2045 596 2111 ἕλεος,
653 2046 751 2118 τὴν
818 2048 1110 2116 ἐπίγνωσιν
1167 2048 1259 2101 τοῦ
1304 2047 1443 2105 Θεοῦ
1505 2049 1597 2102 καὶ
1637 2048 1872 2119 Πατρός.

298 2138 427 2191 Ὅτι
462 2138 571 2210 γὰρ
600 2140 828 2211 ἀλήθειά
854 2140 915 2193 τέ
946 2142 1065 2197 ἐστι
1110 2141 1205 2194 καὶ
1249 2140 1398 2204 ἕλεος
1445 2142 1474 2194 ὁ
1524 2141 1783 2212 Χριστὸς,
1814 2140 1875 2195 οὐ

303 2229 554 2300 μακρῶν,
586 2226 759 2301 οἶμαι,
806 2231 989 2302 δεήσει
1038 2232 1173 2303 πρὸς
1217 2231 1489 2297 ἀπόδειξιν
1520 2231 1714 2301 λόγων,
1745 2233 1881 2285 ἀπο-

301 2318 522 2391 χρώσης
549 2322 629 2385 είς
656 2321 815 2375 τοῦτο
843 2324 942 2393 τῆς
984 2321 1343 2383 θεοπνεύστου
1389 2322 1633 2394 Γραφῆς,
1677 2322 1790 2377 ἀνω
1820 2341 1880 2376 τε

298 2408 401 2461 καὶ
431 2409 583 2463 κάτω
612 2408 847 2481 Χριστὸν
883 2409 1254 2481 ὀνομαςούσης
1286 2411 1417 2481 ἡμῖν
1440 2409 1610 2472 ἔλεος,
1639 2410 1734 2463 καὶ⁵
1760 2408 1883 2479 ἀλή-

304 2499 527 2573 θεια[ν].
551 2503 672 2556 Ὀτι
698 2502 756 2556 δέ
783 2505 897 2559 ἐστι
926 2504 1021 2556 καὶ
1044 2503 1338 2571 ἐπίγνωσις
1353 2500 1781 2573 Θεοῦ,διαμάθοι
1800 2517 1883 2564 τις

298 2591 369 2645 ἂν
422 2593 519 2647 καὶ
562 2592 678 2647 λίαν
720 2593 969 2659 ἀκονιτὶ,
1022 2594 1338 2663 σαφέστατά
1385 2609 1443 2647 τε
1495 2593 1591 2646 καὶ
1635 2590 1884 2663 ἐναργῶς

303 2682 470 2737 αὐτοῦ
501 2684 944 2755 διακεκραγότος·
979 2703 997 2737 ι
1041 2686 1101 2739 '0
1120 2682 1381 2755 ἑωρακὼς
1410 2682 1534 2753 ἐμὲ,
1561 2681 1776 2753 ἑώρακε
1793 2681 1884 2735 τὸν

300 2772 541 2844 Πατέρα.
555 2775 883 2845 ι-ιΚρίσις
893 2774 1074 2835 τοίνυν
1092 2774 1165 2845 τῷ
1181 2775 1390 2844 Κυρίῳ,
1404 2773 1590 2843 φησὶν,
1606 2771 1741 2843 πρὸς
1758 2772 1885 2835 τοὺς

302 2865 694 2930 κατοικοῦντας
728 2867 828 2939 τὴν
859 2867 963 2937 γῆν
985 2883 997 2896 ·
1026 2887 1045 2919 ι
1079 2867 1236 2937 δῆλον
1263 2867 1319 2920 δὲ
1358 2866 1440 2919 ὅτι
1475 2864 1574 2936 τὴν
1604 2864 1713 2917 τῶν
1751 2865 1884 2917 ἰου-

297 2956 471 3011 δαίων
494 2974 510 2989 ·
544 2958 628 3014 ὅτι
671 2958 746 3030 μὴ
772 2959 862 3011 ὅτε
892 2959 1021 3030 παρ’
1050 2959 1232 3021 αὐτοῖς
1258 2959 1292 3028 ὴ
1332 2956 1560 3029 ἀλήθειά
1589 2973 1649 3011 τε
1682 2958 1776 3009 καὶ
1826 2956 1885 3009 τὸ

300 3048 477 3112 ἔλεος,
534 3055 631 3103 καὶ
658 3051 692 3121 ἡ
737 3049 1036 3118 ἐπίγνωσις
1079 3049 1173 3103 τοῦ
1220 3048 1435 3121 Πατρός
1458 3064 1473 3080 ·
1503 3046 1748 3119 κρίνεται
1784 3046 1883 3117 μὲν

300 3136 403 3194 οὖν
436 3140 570 3211 πρὸς
590 3142 717 3206 τοὺς
743 3141 813 3195 τὰ
837 3141 1015 3195 τοιάδε
1043 3142 1116 3213 μὴ
1139 3140 1379 3211 ἔχοντας.
1401 3138 1807 3208 Διαπεφεύγασι
1828 3137 1886 3191 δὲ

303 3229 372 3282 τὸ
395 3229 673 3301 κρίνεσθαι
711 3230 847 3300 πρὸς
878 3230 1061 3295 αὐτὸν,
1096 3230 1213 3301 ἦτοι
1258 3229 1395 3301 πρὸς
1433 3227 1618 3291 αὐτοῦ,
1647 3228 1747 3299 τὴν
1793 3226 1885 3281 πί-

1980 2043 2213 2103 luerunt.
2236 2045 2510 2103 Christum
2528 2049 2672 2104 enim
2692 2063 2812 2106 esse
2838 2050 3122 2105 veritatem
3148 2059 3204 2105 et
3235 2050 3547 2105 misericor-

1979 2134 2123 2190 diam
2152 2151 2257 2192 non
2282 2139 2384 2193 erit
2406 2155 2645 2207 necesse,
2669 2149 2725 2195 ut
2748 2142 3024 2205 existimo,
3045 2142 3229 2197 multis
3250 2141 3430 2197 verbis
3459 2141 3554 2195 de-

1982 2238 2304 2296 monstrare,
2328 2244 2450 2285 cum
2479 2233 2546 2286 ad
2569 2233 2675 2288 hoc
2703 2234 2958 2288 divinitus
2986 2233 3246 2303 inspirata
3273 2233 3550 2304 Scriptura

1980 2319 2209 2377 suiﬁciat
2236 2336 2252 2373 :
2281 2335 2402 2392 qua:
2430 2325 2628 2393 passim
2648 2324 2927 2380 Christum
2948 2326 3233 2379 veritatem
3263 2334 3317 2378 et
3343 2324 3555 2379 miseri-

1980 2410 2220 2465 cordiam
2243 2411 2396 2467 nobis
2420 2412 2675 2468 inculcat.
2704 2413 2834 2469 Esse
2850 2423 3028 2468 autem
3044 2421 3099 2468 et
3112 2412 3416 2476 scientiam,
3440 2412 3555 2468 sive

1983 2501 2313 2572 agnitionem
2340 2504 2458 2571 Dei,
2490 2505 2698 2561 discere
2720 2514 2893 2575 potest
2917 2505 3181 2574 quispiam
3199 2505 3282 2559 vel
3304 2505 3439 2560 citra
3471 2504 3555 2557 ul-

1983 2592 2094 2646 lum
2115 2594 2385 2663 negotium
2412 2594 2695 2650 manifeste
2706 2605 2760 2650 et
2782 2587 3100 2650 clarissimis
3114 2594 3295 2649 verbis
3321 2595 3438 2664 ipso
3453 2593 3557 2649 cla-

1985 2692 2198 2739 mante:
2226 2702 2246 2735 ι
2268 2684 2370 2751 Qui
2393 2686 2525 2740 vidit
2550 2700 2657 2752 me,
2681 2686 2816 2740 vidit
2839 2695 2895 2740 et
2915 2683 3129 2740 Patrem
3153 2686 3442 2740 meum'h
3473 2682 3558 2737 lu-

1983 2775 2100 2845 quit
2115 2775 2330 2846 ἰδίων-,ι
2350 2776 2612 2847 judicium
2632 2778 2859 2834 Domino
2875 2779 2941 2834 ad
2954 2778 3262 2834 habitantes
3282 2787 3504 2840 terram,
3531 2793 3553 2829 ι

1984 2866 2103 2923 sine
2142 2870 2510 2925 controversia
2532 2868 2839 2925 Iudaeorum
2873 2879 3099 2936 terram,
3132 2868 3384 2937 quoniam
3417 2868 3557 2937 apud

1984 2970 2079 3013 eos
2100 2959 2330 3029 amplius
2343 2976 2449 3017 non
2469 2963 2758 3017 exstabant
2773 2963 2993 3028 veritas,
3009 2970 3065 3016 et
3094 2959 3486 3022 misericordia,
3506 2966 3561 3012 et

1986 3051 2209 3108 scientia
2238 3051 2433 3109 Patris.
2468 3052 2747 3122 Discrepat
2768 3052 2931 3122 igitur
2951 3066 3070 3107 cum
3092 3051 3192 3105 ista
3219 3063 3325 3104 non
3357 3048 3527 3103 haben
3545 3076 3561 3087 -

1986 3143 2155 3199 tibus.
2217 3143 2535 3215 Eﬂ‘ugerunt
2569 3154 2747 3199 autem
2783 3152 2875 3197 aut
2906 3142 3166 3212 judicium
3220 3139 3558 3197 subeundum

1988 3236 2247 3291 adversus
2268 3236 2867 3307 ipsum;auljudicium
2893 3234 3278 3307 perlerendum
3311 3232 3380 3288 ab
3416 3236 3558 3303 ipso,

306 3336 429 3373 στιν
478 3319 527 3373 oi
579 3321 1014 3392 προσηκάμενοι.
1066 3321 1177 3375 Καὶ
1221 3320 1379 3377 τοῦτο
1425 3317 1557 3371 αὐτὸ
1605 3319 1776 3387 σαφὲς
1818 3318 1885 3372 ἂν

1994 3324 2150 3379 iidem
2203 3301 2491 3396 complexi.
2531 3301 2685 3395 Quod
2732 3301 3076 3398 perspicuum
3125 3326 3215 3380 lict
3271 3339 3339 3380 ex
3377 3301 3561 3389 verbis

306 3410 541 3479 γίνοιτο,
588 3411 825 3485 Χριστοῦ
880 3412 1130 3480 λέγοντος
1170 3410 1365 3467 πάλιν*
1425 3428 1444 3461 ι
1495 3409 1690 3480 ’Δμὴν,
1742 3409 1890 3480 ἀμὴν

306 3504 457 3572 λέγω
488 3504 639 3575 ὑμῖν,
683 3506 713 3557 ὁ
751 3505 1025 3558 πιστεύων
1068 3504 1148 3567 είς
1180 3502 1302 3573 ἐμὲ,
1335 3501 1449 3573 ἔχει
1478 3500 1623 3573 ζωὴν
1652 3501 1890 3565 αἰώνιον,

312 3594 411 3657 καὶ
454 3597 534 3658 είς
560 3596 741 3667 κρίσιν
767 3596 867 3649 οὐκ
904 3594 1146 3666 ἔρχεται.
1189 3614 1207 3646 ι
1244 3595 1308 3649 Τί
1337 3592 1515 3647 τοίνυν
1544 3593 1625 3657 τὸ,
1664 3610 1682 3655 ι
1722 3593 1893 3662 Κεχυο

316 3684 482 3756 μένον
516 3687 611 3741 ἐπὶ
653 3686 752 3756 τῆς
799 3688 942 3756 γῆςς
981 3683 1134 3756 Ἀρά,
1165 3685 1259 3737 καὶ
1301 3682 1516 3752 ψεῦδος,
1561 3683 1657 3735 καὶ
1713 3681 1892 3749 φόνος,

314 3778 417 3829 καὶ
448 3775 643 3847 κλοπὴ,
674 3777 768 3829 καὶ
800 3775 1015 3846 μοιχεία
1034 3792 1047 3806 ο
1079 3776 1170 3829 καὶ
1210 3775 1420 3845 αἵματα
1469 3773 1554 3842 ἐφ’
1583 3772 1780 3844 αἵμασι
1808 3772 1897 3843 μί-

319 3885 533 3937 σγουσι.
572 3887 593 3920 ι
623 3869 733 3922 Καὶ
787 3869 870 3931 τίς
913 3869 945 3939 ἡ
993 3868 1137 3938 ἀράς
1174 3864 1490 3920 Καταλαλιά
1526 3865 1621 3920 καὶ
1682 3863 1877 3935 ὕϐρις’

308 3958 688 4012 διαλελοίπασι
739 3959 848 4029 γὰρ
891 3956 1142 4027 οὐδαμῶς
1179 3957 1289 4011 τῶν
1346 3956 1613 4028 Ἐϐραίων
1644 3957 1694 4008 οί
1733 3955 1897 4026 δῆμοι

314 4048 763 4120 περιυϐρίζοντες
802 4049 895 4102 τὸν
930 4048 1137 4119 Ἰησοῦν
1182 4047 1371 4120 ἀθύρῳ
1409 4064 1470 4100 τε
1528 4046 1625 4101 καὶ
1660 4046 1898 4117 ἀχαλίνῳ

313 4140 539 4212 γλώσσῃ
568 4141 1115 4211 κατεπμὸαίνοντες,
1142 4140 1219 4204 ὡς
1250 4139 1380 4192 ποτὲ
1407 4139 1505 4210 μὶν
1530 4138 1896 4211 Σαμαρείτην,

316 4232 455 4288 ποτὲ
480 4233 535 4286 δὲ
566 4233 796 4303 μέθυσον
828 4232 1143 4297 ἀποκαλεῖν,
1174 4231 1269 4284 καὶ
1296 4233 1360 4284 bc
1392 4231 1650 4302 πορνείας
1678 4246 1900 4300 γεγενη-

323 4326 507 4396 μένον.
543 4326 733 4396 ᾯοντο
774 4324 883 4396 γάρ
910 4324 1051 4383 κατά
1083 4325 1241 4391 σφᾶς,
1279 4323 1376 4395 τὴν
1404 4322 1567 4390 ἀγίαν
1604 4322 1899 4392 μεμοιχεῦ-

324 4418 452 4473 σθαι
486 4418 784 4490 Παρθένον.
810 4418 1019 4471 οὐκοῦν
1050 4418 1083 4487 ἡ
1113 4417 1222 4488 ἀρὰ
1262 4417 1359 4487 μὲν
1388 4417 1447 4469 ὲν
1487 4414 1714 4478 τούτοις.
1749 4416 1898 4468 Κατ-

320 4506 613 4575 εψεύδοντο
655 4508 712 4561 δὲ
762 4508 856 4561 καὶ
887 4508 984 4577 τῆς
1008 4505 1169 4577 δόξης
1216 4503 1402 4569 αὐτοῦ,
1429 4505 1706 4575 δαιμόνιον
1753 4504 1902 4574 ἔχειν

1989 3414 2419 3471 ϐΙιι-ἰειί’ἰίθι·ιιηι
2448 3418 2714 3473 dicentis:
2753 3435 2774 3469 ι
2815 3417 3010 3483 Amen,
3039 3432 3195 3470 amen
3223 3417 3344 3471 dico
3383 3414 3560 3481 vobis,

1992 3507 2082 3575 qui
2117 3507 2288 3561 credit
2318 3508 2371 3561 in
2396 3524 2501 3573 me,
2558 3508 2719 3563 habet
2762 3510 2928 3563 vitam
2963 3518 3248 3571 attentam,
3274 3516 3329 3560 et
3373 3505 3429 3559 in
3469 3505 3561 3575 ju-

1993 3595 2190 3649 dicium
2219 3611 2323 3650 non
2355 3598 2502 3652 venit
2532 3598 2600 3653 ".
2643 3616 2662 3651 ι
2698 3598 2836 3666 Quid
2868 3613 2996 3668 ergo
3022 3605 3107 3651 est
3136 3615 3155 3648 ι
3199 3595 3427 3651 εΠυειιιη
3474 3611 3567 3648 su-

1994 3702 2091 3757 per
2121 3688 2361 3742 terram?
2392 3689 2722 3755 Maledictiu,
2747 3701 2804 3746 et
2832 3689 3196 3753 mendacium,
3228 3697 3282 3742 et
3330 3686 3565 3741 homici-

1996 3779 2167 3844 dium,
2192 3787 2245 3834 et
2274 3780 2502 3847 lurtnm,
2532 3790 2585 3836 et
2616 3781 2961 3845 adulterium,
2984 3790 3038 3834 et
3063 3779 3285 3848 sanguis
3308 3777 3560 3849 sanguini

1997 3871 2209 3926 mistus.
2248 3890 2267 3924 ι
2332 3871 2588 3940 ριιιεητιη
2632 3872 2980 3927 maledictio?
3015 3890 3034 3923 ι
3073 3870 3412 3926 Obtrectatio
3448 3908 3464 3934 ,
3514 3876 3567 3924 et

1998 3963 2356 4031 contumelia;
2403 3979 2676 4034 nunquam
2704 3965 2849 4021 enim
2881 3963 3104 4033 populus
3138 3962 3443 4017 .ludaeornm
3472 3960 3561 4016 Je-

1997 4067 2116 4108 sum
2160 4053 2705 4109 contumeliosissime
2745 4068 2947 4109 vexare
2994 4052 3223 4116 destitit,
3268 4050 3567 4120 impudenti

1998 4152 2053 4198 et
2080 4143 2340 4199 eﬂ‘renata
2371 4142 2549 4215 lingua
2582 4145 2636 4199 in
2662 4160 2784 4200 emn
2817 4143 3106 4207 insultans,
3157 4151 3215 4196 ut
3248 4143 3406 4196 modo
3455 4140 3569 4195 Sa-

2000 4234 2347 4299 maritanum,
2379 4235 2539 4290 modo
2569 4235 2839 4289 ebriosum
2875 4233 3169 4305 appellaret
3194 4234 3264 4298 ⁸⁶,
3290 4242 3345 4286 et
3367 4247 3435 4285 ex
3455 4231 3571 4286 for-

2001 4326 2271 4381 nicatione
2320 4326 2661 4397 progenitum
2684 4326 2889 4382 diceret
2937 4342 2952 4377 :
3004 4325 3372 4396 opinabantur
3423 4323 3570 4376 enirn

2000 4415 2139 4484 apud
2166 4414 2377 4469 animos
2413 4430 2579 4479 suos,
2630 4425 2874 4471 sanctam
2920 4413 3198 4484 Virginem
3248 4419 3571 4480 constupra-

2004 4514 2135 4560 tam.
2171 4505 2471 4562 Maledictio
2532 4506 2715 4576 itaque
2757 4506 2809 4560 in
2865 4506 2947 4560 bis
2999 4506 3174 4575 posita
3221 4504 3567 4573 intelligitur.

323 4598 573 4665 λέγοντες
602 4598 784 4665 αὑτὸν,
823 4598 917 4658 καὶ
958 4597 1077 4661 ταῖς
1122 4596 1216 4651 τοῦ
1265 4595 1562 4661 Βελζεσοὺλ
1604 4594 1886 4664 δυνάμεσιι

2002 4595 2399 4651 Meutiebanlur
2434 4597 2563 4653 item
2591 4598 2855 4652 adversus
2922 4597 3149 4666 gloriam
3206 4594 3324 4664 ejus
3352 4635 3367 4661 ,
3422 4592 3569 4647 aliir—

323 4687 689 4759 ἀπονᾶμοντες
732 4687 829 4752 τὰς
859 4686 1203 4758 θεοσημείας.
1235 4687 1357 4740 ’Ότι
1398 4684 1454 4739 δὲ
1490 4685 1585 4739 καὶ
1618 4685 1901 4754 μιαιφόνον

325 4778 416 4832 ἀπ’
454 4777 615 4847 αὐτῷ.
642 4779 743 4851 τὴν
771 4778 1011 4833 διάνοιαν
1052 4777 1350 4848 ἐσχηκότες
1393 4776 1574 4837 ἁλοῖεν
1602 4776 1688 4843 ἀν,
1734 4777 1899 4849 είδείη

322 4885 409 4931 τις
441 4866 507 4933 ἂν
530 4868 639 4933 ἀπό
656 4884 720 4936 γε
743 4867 838 4921 τοῦ
860 4868 1024 4929 λίθοις
1046 4866 1337 4937 βεϐλῆσθαι
1360 4865 1623 4929 πολλάκις
1644 4867 1773 4937 παρ’
1803 4866 1899 4920 αό-

323 4960 436 5014 τῶν
460 4961 549 5015 τὸν
587 4961 961 5031 Ἐμμανουήλ·
998 4957 1436 5029 ἀποκομισθῆναι
1467 4956 1525 5010 δὲ
1569 4957 1663 5010 καὶ
1709 4955 1900 5027 μέχρις

325 5052 499 5125 αὐτῆς
530 5053 731 5125 ὀφρύος
762 5052 855 5107 τοῦ
897 5053 1073 5124 ὅρους,
1104 5052 1193 5105 ἵνα
1224 5046 1741 5122 κατακρημνίζοιτο.
1792 5048 1902 5103 Καὶ

323 5144 390 5197 οὐ
442 5144 605 5214 μέχρι
648 5143 850 5205 τούτων
895 5143 963 5197 τά
1016 5142 1376 5213 ἐγκλήματα’
1422 5138 1783 5210 ὲκτετίμηντο
1844 5139 1902 5193 δὲ

324 5234 451 5289 λίαν
480 5236 574 5290 καὶ
604 5234 664 5289 τὺ
690 5234 876 5306 χρῆμα
903 5234 1002 5304 τῆς
1044 5233 1255 5304 κλοπῆς
1274 5249 1289 5263 ο
1327 5231 1754 5300 κατεμισθοῦντο
1793 5232 1901 5304 γὰρ

326 5326 418 5378 ἐπ’
466 5323 635 5395 αὐτῷ,
688 5323 781 5378 τὸν
810 5323 1075 5395 προδότην
1124 5323 1344 5388 Ἰούδαν,
1387 5321 1481 5376 τὸν
1519 5322 1903 5395 αἰσχροκερδῆ.

328 5416 425 5471 καὶ
453 5414 867 5471 κλεπτίστατον.
906 5415 1099 5486 Μοιχοὶ
1142 5414 1201 5468 δὲ
1239 5413 1428 5485 ὥσπερ
1454 5413 1600 5478 τινὲς
1635 5414 1902 5486 ἀλιτήριοι

328 5508 615 5577 γεγονότες
656 5510 706 5562 οι
745 5510 1028 5581 Φαρισαῖοι
1074 5507 1175 5576 τῆς
1248 5505 1513 5560 Ἰουδαίων
1561 5507 1903 5578 συναγωγῆς,

330 5597 635 5653 ἀπεσόῦουν
660 5599 760 5670 μὲν
789 5598 960 5668 αὐτῆς
990 5596 1081 5650 τὸν
1107 5596 1168 5663 te
1193 5595 1422 5667 οὐρανοῦ
1459 5595 1713 5667 νυμφίον,
1748 5613 1904 5652 τουτ-

351 5756 363 5770 ’
409 5775 454 5805 "
492 5772 682 5828 Matth.
714 5788 803 5837 xv,
835 5772 941 5838 τις
970 5770 1125 5827 Joan.
1158 5787 1271 5837 xw,
1297 5772 1351 5826 9.

1453 5772 1498 5802 "
1524 5770 1677 5825 Joan.
1710 5787 1760 5836 v,
1792 5772 1881 5826 2L

334 5844 444 5909 2i;
476 5844 634 5899 Joan.
677 5857 793 5909 vm,
836 5842 924 5899 48.
1003 5842 1047 5875 ⁸³
1076 5842 1210 5899 an.
1244 5858 1318 5910 Iv,
1350 5844 1436 5897 Ξῖ.

1986 5773 2030 5804 ⁸ο
2070 5770 2222 5826 tuan.
2257 5785 2375 5837 vnt,
2408 5771 2509 5836 48;
2559 5770 2745 5827 Matth.
2781 5788 2854 5837 ιι,
2886 5772 2970 5828 l9.

1515 5844 1557 5873 "
1591 5842 1720 5897 an.
1757 5859 1826 5907 vr,
1859 5844 1940 5899 16.

2008 4696 2216 4743 mantes
2249 4690 2448 4743 habere
2476 4689 2819 4753 daemonium,
2858 4699 2912 4742 et
2946 4687 3126 4743 divina
3168 4686 3425 4742 miracula
3465 4688 3570 4739 vir-

2005 4782 2106 4834 tuti
2122 4779 2419 4837 Beelzebub
2436 4780 2771 4836 ascribentes
2786 4780 2936 4835 ⁸¹ο⁶³.
2952 4778 3210 4836 Convinci
3243 4777 3406 4834 etiam
3442 4792 3571 4848 pos-

2006 4882 2131 4927 sunt
2173 4881 2404 4927 mentem
2427 4873 2544 4943 ejus
2584 4870 2942 4927 interficiendi
2989 4871 3242 4940 cupidam
3289 4880 3560 4941 gestasse.

2009 4963 2247 5019 Probare
2276 4964 2327 5019 id
2361 4965 2487 5021 licet
2520 4980 2589 5021 ex
2619 4979 2704 5029 eo,
2746 4965 2887 5034 quod
2919 4964 3187 5033 lapidibus
3241 4963 3572 5017 Emmanue-

2006 5054 2108 5109 lem
2128 5070 2230 5110 non
2243 5056 2407 5111 semel
2429 5056 2822 5127 appetiverunt,
2843 5064 2899 5111 et
2919 5059 2985 5111 ad
3004 5056 3349 5125 supercilium
3374 5054 3573 5110 montis

2004 5145 2394 5215 perduxerunt,
2453 5156 2512 5200 ut
2564 5147 2687 5201 inde
2739 5147 3070 5217 pracipitem
3104 5145 3458 5201 deturbarent
3500 5145 3571 5197 ⁸³.

2007 5235 2114 5291 Nec
2145 5251 2275 5292 vero
2314 5236 2590 5308 hucusque
2624 5228 2855 5291 tantum
2902 5236 3107 5292 scelera
3162 5246 3567 5305 processerunt.

2007 5326 2329 5399 Magnopere
2352 5342 2565 5398 quoque
2589 5327 2789 5383 furtum
2818 5329 3154 5383 honorarunt
3178 5343 3193 5391 ;
3222 5328 3399 5395 pretio
3426 5327 3571 5381 enim

2007 5419 2330 5485 proditorem
2359 5417 2473 5487 ejus
2502 5417 2693 5473 ludam
2729 5420 3109 5475 conduxerunt
3138 5419 3206 5484 “,
3248 5417 3361 5490 66
3401 5420 3575 5484 turpis

2006 5508 2138 5563 lucri
2190 5509 2404 5564 avidum
2455 5519 2509 5564 et
2550 5509 2974 5566 l'uracissimum.
3035 5510 3099 5564 Et
3131 5509 3273 5564 velut
3318 5508 3571 5577 ﬂagitiosi

2005 5600 2222 5671 quidam
2252 5600 2447 5655 mtechi
2483 5597 2793 5655 Iudaeorum
2838 5598 3158 5672 Synagogac,
3208 5595 3466 5653 Pharisaei
3507 5595 3575 5650 ab

3097 5771 3222 5811 ⁸²-⁸¹
3253 5768 3439 5825 Matth.
3473 5784 3570 5837 xu,
