4094 6550
569 431 672 493 ιιδ

1584 435 1641 491 3.
1680 435 1952 491 CYRILLI
1996 433 2459 492 ALEXANBRINI
2497 430 2812 490 ARCHIEP.

3715 398 3831 475 iis

568 548 682 618 ipsa
705 548 978 605 caelestem
1006 547 1305 619 Sponsum,
1330 549 1607 607 Christum
1637 566 1786 622 puta,
1816 557 2131 627 abegerunt;

2250 555 2372 620 ἔστι,
2405 553 2659 624 Χριστόν.
2704 547 3098 617 Συνεπόρνευον
3130 545 3186 597 δὲ
3259 544 3380 609 ταῖς
3414 542 3571 606 ἰδίαις
3600 541 3834 611 ἡδοναῖς

568 638 836 708 simulque
886 639 1136 695 fornicati
1169 651 1315 705 sunt,
1345 644 1578 711 propriis
1608 647 1974 715 voluptatibus
2007 663 2136 701 sua-

569 730 759 784 dentes
795 745 1013 799 operam
1037 732 1187 786 dare.
1222 732 1290 786 Et
1327 735 1663 792 miscuerunt
1688 739 1982 809 sanguines
2012 754 2140 793 san-

568 821 839 890 guinibns.
871 822 1151 887 Quomodo
1178 824 1437 879 tandem?
1474 829 1671 883 occisis
1721 830 1867 884 enim
1924 830 2138 884 sanctis

569 912 871 979 prophetis,
924 914 1107 982 ipsum
1141 930 1355 985 quoque
1410 919 1796 988 prephetarum
1851 920 2137 974 Dominum

569 1000 912 1056 addiderunt.
969 1002 1327 1069 Quamobrem
1361 1006 1555 1061 beatus
1598 1005 1906 1078 Stephanus
1946 1009 2000 1062 in
2032 1009 2135 1063 Ac-

572 1091 713 1143 tibus
748 1093 1114 1160 apostolorum
1144 1110 1248 1149 non
1281 1096 1553 1154 immerito
1576 1098 1682 1154 illis
1735 1100 2029 1170 exprobrat
2054 1100 2139 1155 bis

572 1180 754 1235 verbis
788 1199 801 1236 :
842 1200 860 1230 ι
920 1182 1088 1248 Quem
1126 1186 1513 1253 prophetarum
1551 1204 1654 1244 non
1704 1202 1830 1245 sunt
1871 1193 2139 1259 persecuti

574 1279 756 1340 patres
784 1273 987 1327 vestri?
1012 1283 1066 1328 et
1097 1276 1412 1333 occiderunt
1433 1294 1548 1345 eos,
1585 1282 1677 1351 qui
1705 1284 2143 1351 praenuntiarunt

574 1361 641 1414 de
663 1363 893 1416 adventu
925 1362 1087 1432 Justi,
1120 1367 1274 1437 cujus
1300 1383 1395 1424 vos
1431 1386 1573 1427 nunc
1623 1374 1931 1440 proditores
1960 1384 2011 1427 et
2048 1376 2142 1429 ho-

577 1453 788 1508 micidae
814 1454 990 1510 fuistis
1016 1457 1063 1488 ⁸⁵
1096 1496 1110 1511 .
1156 1479 1174 1511 ι
1214 1459 1353 1525 Quin
1389 1471 1445 1516 et
1486 1460 1732 1519 Salvator
1764 1464 2059 1520 Pharisa-is
2091 1475 2145 1522 et

574 1541 784 1597 Scribis
812 1545 1087 1614 improbos
1139 1560 1368 1605 conatus
1397 1551 1685 1619 objicieus,
1716 1556 1892 1609 aiebat
1927 1575 1940 1611 :
1976 1574 1994 1607 ι
2034 1555 2142 1609 lm-

574 1632 714 1701 plete
750 1650 1058 1690 mensuram
1089 1650 1302 1706 patrum
1335 1651 1635 1697 vestrorum
1669 1644 1739 1698 ⁸⁸.
1776 1665 1793 1695 ι

651 1721 808 1777 Vens.
844 1726 897 1779 5.
934 1725 1060 1780 Ideo
1093 1729 1288 1797 lugebit
1336 1744 1497 1796 terra,
1542 1741 1591 1785 et
1629 1733 1970 1787 imminuetur
2026 1751 2143 1787 cunt

575 1816 817 1868 omnibus
840 1818 930 1885 qui
962 1817 1201 1872 habitant
1235 1836 1371 1885 eam,
1404 1836 1522 1873 cum
1566 1814 1761 1875 bestiis,
1782 1823 1916 1891 agri.
1947 1832 1995 1876 et
2027 1838 2145 1875 cum

2241 645 2532 716 ὑπηρετεῖν
2559 637 2964 699 ἀναπείθοντες.
3002 634 3266 704 Ἔμισγον
3297 633 3355 686 δὲ
3396 631 3493 685 καὶ
3523 629 3608 699 ἐφ’
3647 629 3833 698 αἷμα-

2242 753 2326 789 σιν
2354 736 2580 805 αἵματα.
2629 730 2775 793 Πῶς,
2809 728 2841 799 ἦ
2884 727 3004 780 τίνα
3038 724 3275 794 τρόπον;
3326 722 3681 784 ἀπεκτονότες
3712 720 3836 788 γὰρ

2238 830 2365 891 τοὺς
2390 826 2578 895 ἁγίους
2601 822 2905 894 προφήτας.
2926 817 3021 873 καὶ
3045 817 3207 871 αὑτὸν
3229 815 3457 878 ἐκείνοις
3478 812 3837 884 προσέθεσαν

2239 920 2331 974 τὸν
2360 919 2467 971 τῶν
2500 913 2796 987 προφητῶν
2824 911 3109 978 δεσπότην.
3155 908 3269 962 Καὶ
3313 905 3445 974 γοῦν
3489 906 3519 957 ὁ
3552 904 3835 974 μακάριος

2241 1010 2513 1077 Στέφανος
2541 1007 2599 1059 ὲν
2642 1007 2761 1066 ταῖς
2800 1003 2908 1054 τῶν
2952 998 3263 1053 ἀποστόλων
3311 996 3550 1067 Πράξεσι
3597 994 3838 1055 δικαίως

2242 1100 2425 1161 αὑτοῖς
2454 1095 2721 1160 ὀνειδίζει,
2760 1092 2933 1160 λέγων
2957 1107 2970 1121 ο
3016 1108 3035 1141 ι
3085 1090 3219 1144 Τίνα
3251 1088 3359 1141 τῶν
3397 1084 3689 1157 προφητῶν
3724 1086 3837 1137 οὑκ

2244 1189 2463 1254 ἐδίωξαν
2493 1187 2543 1239 οἱ
2570 1184 2804 1255 πατέρες
2830 1179 3016 1253 ὑμῶν;
3050 1181 3145 1235 καὶ
3175 1180 3505 1234 ἀπέκτειναν
3532 1179 3658 1239 τοὺς
3696 1192 3841 1245 προ-

2243 1279 2710 1348 καταγγείλαντας
2756 1274 3010 1346 περὶτῆς
3054 1271 3321 1335 ἐλεύσεως
3340 1269 3436 1324 τοῦ
3468 1270 3718 1329 Δικαίου,
3769 1259 3836 1319 οὗ

2243 1372 2338 1426 νῦν
2379 1372 2535 1441 ὑμεῖς
2580 1368 2833 1440 προδόται
2881 1364 2977 1420 καὶ
3035 1366 3215 1434 φονεῖς
3257 1362 3531 1431 ἐγένεσθε.
3577 1380 3597 1413 ι
3660 1358 3837 1412 Ἀλλὰ

2244 1466 2339 1517 καὶ
2369 1464 2397 1516 ὁ
2421 1461 2613 1533 Σωτὴρ
2636 1462 2750 1523 τοῖς
2782 1457 3092 1530 Φαρισαίοις
3123 1455 3217 1509 καὶ
3241 1452 3668 1525 Γραμματεῦσιν
3692 1450 3839 1502 ὀνει-

2244 1553 2405 1618 δίζων
2435 1551 2507 1605 τά
2549 1549 2947 1621 τετολμημένα.
2985 1547 3167 1614 ἔλεγε·
3201 1562 3219 1596 ι
3267 1544 3377 1598 Καὶ
3409 1544 3565 1615 ὑμεῖς
3607 1538 3840 1612 πληρώο

2249 1661 2380 1699 σατε
2409 1643 2471 1697 τὸ
2504 1643 2699 1714 μέτρον
2731 1641 2837 1693 τῶν
2871 1639 3126 1710 πατέρων
3160 1637 3332 1709 ὑμῶν.
3373 1654 3391 1687 ι

2316 1734 2421 1787 Διὰ
2458 1732 2633 1786 τοῦτο
2660 1729 2947 1798 πενθήσει
2988 1730 3027 1796 ἡ
3053 1726 3149 1797 γῆ,
3173 1727 3272 1781 καὶ
3306 1722 3837 1795 σμικρυνθήσεται

2247 1824 2371 1879 σὺν
2409 1822 2560 1879 πᾶσι
2598 1824 2725 1886 τοῖς
2748 1818 3139 1874 κατοικοῦσιν
3173 1815 3388 1884 αὐτὴν,
3410 1816 3533 1869 σὺν
3570 1812 3697 1879 τοῖς
3728 1813 3838 1879 θη-

575 1906 849 1972 reptilibus
893 1917 1071 1973 terra,
1119 1923 1165 1962 et
1209 1927 1326 1964 cum
1360 1910 1662 1965 volatilibus
1706 1913 1842 1967 creti.
1890 1913 1954 1967 Et
1982 1916 2147 1981 pisces

2250 1919 2399 1987 ρίοις
2420 1915 2528 1970 τοῦ
2561 1914 2769 1983 ἀγροῦ,
2800 1913 2899 1967 καὶ
2937 1911 3060 1966 σὺν
3086 1910 3213 1977 τοῖς
3240 1907 3508 1978 ἑρπετοῖς
3536 1904 3650 1974 τῆς
3692 1902 3836 1975 γῆς,

575 1998 739 2051 maris
767 1998 1028 2067 deﬁcient,
1060 2010 1116 2053 ut
1144 2000 1317 2056 nullus
1336 2018 1495 2072 neque
1507 2002 1733 2072 judicet,
1767 2020 1929 2075 neque
1961 2015 2148 2073 arguat

575 2100 867 2157 quicquam.

648 2257 889 2314 XXXVI.
910 2260 1199 2333 Postquam
1218 2267 1384 2337 enim,
1412 2270 1605 2339 inquit,
1622 2273 1757 2326 adeo
1783 2273 1890 2330 Deo
1906 2287 2147 2335 exosam,

576 2358 628 2405 et
665 2365 925 2420 perquam
985 2354 1364 2423 inhumanam,
1401 2360 1644 2429 impiam,
1683 2372 1943 2432 metuque
1975 2363 2149 2433 legum

576 2441 813 2497 solutam
842 2444 1007 2499 vitam
1040 2459 1359 2517 exegerunt,
1386 2453 1801 2522 cogitaruntque
1827 2464 1882 2509 et
1906 2454 2153 2509 fecerunt

576 2549 695 2603 quze
736 2535 816 2590 fas
853 2551 957 2591 non
997 2548 1101 2605 est,
1135 2539 1303 2595 Deum
1349 2542 1584 2599 ludibrio
1631 2544 1912 2603 habentes.
1944 2546 2151 2603 Idcirco

576 2632 634 2676 et
673 2623 972 2693 iustissime
1002 2627 1055 2681 in
1090 2629 1317 2685 exitium
1356 2633 1604 2697 abibunt,
1650 2632 1866 2705 lugente
1891 2638 2153 2706 quodam-

577 2714 738 2767 modo
769 2725 934 2782 terra,
966 2731 1086 2786 quae
1123 2720 1364 2776 vastitati
1398 2722 1633 2790 dabitur,
1662 2736 1717 2781 et
1759 2726 2002 2783 habitum
2042 2745 2153 2783 nm-

579 2803 736 2867 tahit,
766 2813 822 2859 et
847 2804 1045 2862 faciem
1081 2809 1333 2879 praeferet
1380 2812 1730 2882 inamienam,
1767 2818 1990 2873 urbibus
2014 2834 2151 2873 exu-

578 2896 701 2963 stis,
734 2899 981 2955 domibus
1030 2903 1261 2968 eversis,
1296 2906 1571 2976 segetibus
1616 2922 1680 2962 ac
1729 2908 1992 2978 stirpibus
2030 2925 2154 2963 suc-

578 2986 730 3042 cisis.
761 2988 967 3045 Similis
1016 3006 1210 3048 sensus
1253 2996 1357 3049 erit
1394 2997 1751 3053 habitantium
1786 3009 2007 3064 terram,
2046 3018 2150 3055 una

578 3077 993 3134 lamentantium
1021 3090 1075 3136 et
1097 3082 1414 3153 ejulantium
1443 3104 1456 3140 :
1483 3102 1605 3141 nam
1645 3097 1701 3143 et
1734 3089 1835 3158 ipsi
1872 3090 2148 3159 Iugehunt,

579 3172 685 3226 hoc
706 3182 807 3238 est,
831 3174 898 3227 ab
920 3175 1067 3229 omni
1098 3175 1279 3230 laetitia
1308 3186 1364 3232 et
1394 3177 1648 3233 felicitate
1676 3180 1865 3249 procul
1895 3184 2146 3237 aberunt.

581 3262 683 3329 Qui
723 3278 887 3333 porro
934 3275 1062 3320 sunt
1105 3266 1444 3323 habitatores
1479 3270 1605 3324 isti?
1639 3270 1787 3337 ferte,
1821 3282 1876 3326 et
1919 3273 2151 3342 reptilia,

581 3361 638 3406 et
667 3353 884 3423 insuper
904 3354 1168 3411 volatilia.
1199 3357 1305 3413 Sed
1333 3373 1670 3429 nequaquam
1700 3362 2153 3426 existimabimus,

583 3443 630 3499 si
669 3452 816 3500 recte
843 3443 1214 3515 intelligimus,
1256 3448 1321 3502 de
1366 3450 1671 3518 agrestibus
1702 3451 1910 3517 bestiis,
1944 3460 2039 3505 aut
2068 3467 2158 3505 re-

584 3533 829 3604 ptilibus,
860 3547 954 3591 aut
1006 3537 1312 3592 volucribus
1367 3542 1687 3610 prophetam
1732 3542 1888 3597 nobis
1933 3541 2155 3597 concio-

580 3630 699 3681 nari
736 3646 749 3682 :
786 3638 931 3684 esset
957 3630 1101 3684 enim
1138 3629 1240 3685 hoc
1268 3631 1495 3685 stultum
1530 3630 1687 3701 plane
1737 3643 1792 3687 et
1832 3634 2155 3702 insipientia:

582 3717 821 3786 plenum.
868 3719 1216 3773 Arbitramur
1261 3721 1403 3774 enim
1453 3724 1654 3791 potius,
1697 3734 1900 3777 rectum
1937 3733 1989 3777 et
2036 3737 2157 3793 ger-

584 3818 801 3855 manum
829 3819 1045 3858 sensum
1094 3805 1347 3875 amplexi,
1376 3806 1681 3865 Judworum
1712 3826 1888 3866 mores
1934 3812 2019 3865 bis
2045 3811 2154 3880 jam

584 3895 746 3950 dictis
785 3895 1041 3965 exprimi.
1080 3896 1158 3951 Ac
1210 3914 1307 3967 per
1351 3899 1545 3955 bestias
1593 3903 1809 3972 quidem
1847 3904 2158 3971 potentissi-

584 3998 723 4049 mos,
761 3994 817 4038 et
845 3986 937 4053 qui
976 3985 1112 4041 alios
1142 3996 1348 4043 terrere
1396 4002 1645 4060 possunt,
1677 4002 1921 4062 agrestes
1967 4002 2022 4049 et
2054 4010 2153 4063 op-

582 4088 882 4143 pressores,
917 4086 974 4131 et
1020 4079 1294 4135 trucidare
1325 4082 1535 4150 solitos,
1564 4094 1619 4138 et
1650 4084 1894 4139 moribus
1928 4099 2154 4155 magno-

583 4181 710 4235 pere
741 4167 906 4233 feros,
936 4177 990 4225 et
1038 4172 1276 4229 immites
1305 4174 1597 4246 significat.
1639 4174 1745 4230 Per
1781 4175 1992 4245 reptilia
2025 4191 2155 4233 vero

580 4258 689 4327 67
717 4258 770 4311 in
803 4273 1011 4314 morum
1039 4262 1333 4317 acerbitate
1360 4264 1843 4320 exercitatissimos
1870 4274 1926 4320 et
1952 4266 2155 4335 impro-

580 4350 751 4406 bitate
795 4349 905 4417 jam
937 4364 1364 4415 consummatos.
1414 4355 1506 4412 Sic
1544 4358 1689 4411 enim
1738 4364 1795 4410 et
1822 4355 2017 4411 alicubi
2066 4372 2154 4411 sa—

581 4441 736 4508 piens
784 4441 1020 4499 Joannes
1067 4445 1524 4515 improbissimam
1556 4446 1955 4503 Pharisaeorum
1999 4446 2153 4506 Scri-

2250 2009 2350 2063 καὶ
2402 2007 2524 2061 σὺν
2577 2004 2705 2071 τοῖς
2749 2003 3041 2069 πετεινοῖς
3092 2002 3200 2057 τοῦ
3255 1998 3537 2070 οὐρανοῦ.
3592 1996 3704 2051 Καὶ
3776 1997 3837 2049 οἱ

2253 2097 2455 2167 ἰχθύες
2477 2093 2587 2163 τῆς
2624 2092 2944 2161 θαλάσσης
2973 2093 3391 2161 ἐκλείψουσιν,
3417 2089 3578 2155 ὅπως
3612 2086 3836 2157 μηδεὶς

2246 2188 2398 2257 μήτε
2424 2183 2744 2254 δικάζηται,
2766 2182 2918 2254 μήτε
2945 2183 3166 2254 ἐλέγχῃ
3183 2181 3418 2253 μηδείς.

2322 2281 2463 2347 Δεῖν.
2521 2276 2740 2348 Ἐπειδὴ
2773 2276 2883 2346 γάρ
2911 2276 3002 2328 τὸν
3026 2276 3189 2342 οὓτω,
3223 2275 3375 2346 φησὶ,
3429 2274 3694 2344 θεοστυγῆ
3738 2272 3837 2326 καὶ

2252 2370 2604 2440 παγχάλεπον
2625 2369 2906 2439 διεζήκασι
2930 2368 3064 2440 βίον,
3081 2367 3172 2421 τὸν
3197 2364 3431 2435 δυσσεϐῆ
3474 2366 3571 2418 καὶ
3591 2364 3831 2436 ὲξήνιον,

2254 2461 2629 2532 πεφρονήκασί
2654 2477 2713 2513 τε
2744 2459 2838 2513 καὶ
2883 2458 3205 2529 δεδράκασιν
3248 2456 3285 2512 ἀ
3329 2457 3403 2527 μὴ
3431 2456 3588 2526 θέμις
3608 2495 3622 2519 ,
3648 2457 3837 2525 ἐμπα-

2256 2552 2559 2624 ροινοῦντες
2587 2551 2706 2620 Θεῷ
2726 2566 2740 2579 ⁸
2762 2550 2935 2623 ταύτῃ
2950 2567 3052 2615 τοι,
3078 2551 3171 2603 καὶ
3207 2549 3352 2621 μάλα
3384 2546 3631 2611 δικαίως,
3673 2546 3838 2616 οἰχή-

2255 2657 2435 2693 σονται
2460 2639 2596 2711 πρὸς
2623 2639 2918 2704 ἀπώλειαν,
2939 2637 3239 2708 πενθούσης
3268 2637 3366 2707 μὲν
3396 2636 3560 2690 οἱονεὶ
3582 2635 3681 2704 τῆς
3701 2635 3831 2703 γῆς·

2255 2730 2732 2802 καταδῃωθήσεται
2760 2731 2870 2800 γὰρ
2889 2729 3047 2799 αῦτη,
3069 2728 3164 2782 καὶ
3196 2727 3521 2799 μεταμείψει
3540 2727 3600 2779 τὸ
3617 2725 3833 2796 σχῆμα,

2256 2824 2354 2877 καὶ
2378 2822 2593 2893 ἀτερπῆ
2622 2821 2842 2891 φορέσει
2870 2821 2969 2891 τὴν
2993 2820 3137 2890 δψιν,
3170 2819 3379 2872 πόλεων
3418 2818 3515 2888 μὲν
3536 2818 3835 2888 ἐμπεπρη-

2259 2914 2495 2985 σμένων,
2519 2914 2682 2967 οἴκων
2714 2911 2773 2965 δὲ
2810 2908 3346 2980 κατασεσεισμένων,
3378 2907 3474 2961 καὶ
3507 2905 3697 2978 ἀγρῶν
3737 2904 3835 2955 ὲκο

2254 3006 2631 3077 κεκομμένων.
2650 3000 3121 3057 Συνδιακείσονται
3150 3003 3217 3071 τῇ
3248 3002 3316 3071 γῇ
3348 2999 3443 3053 καὶ
3476 3000 3526 3052 οἱ
3561 2998 3834 3057 κὰτοικοι,

2259 3095 2744 3167 συνολοφυρόμενοί
2786 3110 2848 3147 τε
2878 3094 2973 3147 καὶ
3004 3090 3444 3161 συνοιμώζοντες.
3489 3088 3836 3158 Πενθήσουσι

2257 3187 2367 3257 γὰρ
2418 3186 2515 3239 καὶ
2563 3185 2755 3247 αὑτοὶ,
2801 3183 3115 3247 τουτέστιν,
3171 3182 3388 3249 ἁπάσης
3421 3180 3686 3251 εὐθυμίας
3739 3176 3837 3230 καὶ

2205 3258 2226 3279 ²
2258 3276 2557 3348 εὐημερίας
2585 3275 2838 3331 ἀποτάτω
2862 3275 3200 3345 γενήσονται.
3219 3273 3376 3335 Τίνες
3404 3272 3460 3325 δὲ
3483 3272 3532 3324 οί
3564 3271 3835 3335 κάτοικοι,

2259 3367 2422 3439 θῆρές
2450 3384 2509 3420 τε
2551 3368 2646 3421 καὶ
2672 3365 2897 3438 ἑρπετὰ,
2918 3366 3013 3419 καὶ
3040 3365 3176 3438 πρός
3203 3381 3268 3432 γε
3296 3364 3508 3427 τούτοις
3534 3363 3605 3417 τά
3626 3361 3834 3416 διιπτά-

2262 3474 2420 3527 μενα.
2453 3457 2565 3511 Καὶ
2589 3458 2649 3510 οὑ
2676 3457 2846 3528 δήπου
2868 3455 3184 3527 νομιοῦμεν,
3202 3455 3319 3524 εἴγε
3349 3454 3603 3526 συνίεμεν
3630 3455 3833 3526 ὀρθῶς,

2257 3549 2339 3602 ὅτι
2371 3547 2554 3618 θηρῶν
2579 3547 2810 3619 ἀγρίων,
2834 3548 3001 3617 ῆγουν
3030 3547 3296 3619 ἑρπετῶν,
3324 3547 3358 3618 ἢ
3386 3546 3606 3616 πτηνῶν
3633 3547 3663 3599 ὁ
3693 3561 3832 3615 ’προ⁶

2258 3638 2485 3708 φητικὸς
2515 3640 2645 3709 ἡμῖν
2677 3639 3065 3710 κατακέκραγε
3096 3638 3274 3707 λόγος.
3304 3637 3512 3709 Εὑηθες
3548 3636 3660 3706 γὰρ
3694 3654 3834 3691 πανο

2234 3729 2447 3792 ντελῶς,
2473 3730 2565 3783 καὶ
2590 3729 2880 3792 ἀσυνεσίας
2902 3729 3137 3800 ἔμπλεον
3160 3728 3220 3782 τὸ
3251 3729 3373 3799 τῇδε
3396 3729 3555 3782 νοεῖν.
3589 3726 3835 3799 οἰόμεθα.

2255 3821 2365 3892 γὰρ
2400 3820 2637 3891 μᾶλλον,
2670 3820 2804 3890 ὀρθὰ
2852 3822 3071 3890 φρονεῖν
3113 3819 3439 3887 ἐγνωκότες,
3478 3821 3593 3881 τοῖς
3624 3818 3833 3889 ἀρτίως

2256 3912 2390 3982 ἡμῖν
2444 3911 2759 3982 εἰρημένοις
2812 3911 2936 3975 τοὺς
2978 3911 3085 3964 τῶν
3137 3910 3403 3964 Ἰουδαίων
3453 3909 3834 3982 ἐξομοιοῦσθαι

2255 4002 2509 4071 τρόπους.
2553 4001 2662 4053 Καὶ
2715 3998 2804 4052 διὰ
2848 4000 2949 4069 μὲν
2985 3998 3097 4053 τῶν
3127 4000 3332 4071 θηρίων
3365 4000 3491 4063 τοὺς
3517 3998 3832 4053 δυνατωτά-

2253 4109 2399 4155 τους,
2427 4093 2521 4145 καὶ
2555 4090 2906 4161 ὲκδειματοῦν
2938 4090 3159 4162 ἐτέρους
3204 4090 3401 4155 ἱκανῶς
3430 4090 3677 4160 ἔχοντας,
3704 4089 3832 4149 τοὺς

2255 4182 2483 4253 ἀγρίους
2505 4182 2599 4235 καὶ
2629 4182 3068 4246 ὲπελευστικοὺς,
3096 4181 3191 4235 καὶ
3217 4183 3522 4251 μιαιφονεῖν
3545 4179 3830 4239 εἰωθότας.

2255 4276 2351 4329 καὶ
2390 4272 2521 4327 πολὺ
2561 4273 2682 4328 λίαν
2710 4273 2935 4344 ἔχοντας
2970 4272 3032 4326 τὸ
3063 4274 3338 4343 ἀνήμερον
3368 4271 3744 4341 ὑπεμφήνειεν
3766 4269 3831 4322 ἂν

2254 4367 2283 4420 ό
2307 4365 2484 4434 λόγος.
2519 4366 2618 4419 Διά
2648 4365 2706 4418 δέ
2733 4381 2797 4433 γε
2820 4365 2930 4419 τῶν
2959 4366 3205 4437 ἑρπετῶν
3227 4366 3354 4427 τοὺς
3386 4364 3572 4433 ἄκρως
3596 4363 3830 4431 ἐξησκη-

2259 4456 2451 4526 μένους
2475 4456 2538 4509 τὸ
2576 4454 2772 4527 πικρὸν
2800 4459 2881 4517 εἰς
2900 4457 3156 4526 τρόπους,
3183 4457 3278 4509 καὶ
3301 4456 3380 4518 εἰς
3409 4453 3559 4525 λῆξιν
3576 4452 3679 4522 τῆς
3701 4451 3830 4520 ὅλης

584 4534 883 4604 harumque
919 4535 1318 4591 multitudinem
1350 4537 1720 4607 reprehendit,
1751 4537 2077 4605 acclamans,
2097 4549 2148 4594 et

2254 4547 2354 4619 ἠδη
2388 4548 2619 4618 ἥκοντας
2659 4549 2943 4619 πονηρίας.
2985 4547 3141 4617 Οὑτω
3171 4548 3280 4618 γάρ
3318 4563 3419 4601 που
3449 4546 3542 4599 καὶ
3588 4546 3619 4598 ό
3665 4541 3829 4613 σοφὸς

581 4637 863 4697 serpentes
908 4642 973 4681 ac
1006 4629 1317 4699 progeniem
1351 4629 1659 4696 viperarum
1696 4630 1982 4685 nominans
2005 4631 2148 4689 “7-”.

579 4716 683 4771 Per
739 4718 980 4772 volatilia
1027 4719 1333 4776 rectissime
1385 4719 1692 4790 intelliges,
1752 4722 1842 4790 qui
1905 4733 2153 4793 prompte

577 4810 646 4863 ad
700 4809 1059 4864 defectionem
1110 4825 1140 4864 a
1182 4810 1292 4866 Deo
1335 4812 1640 4881 eriguntur,
1692 4813 1808 4869 sive
1859 4814 1952 4884 qui
2003 4829 2153 4870 exse-

577 4901 776 4955 cranda
812 4902 1066 4970 superbia
1112 4901 1387 4969 laborant,
1414 4912 1471 4959 et
1511 4918 1723 4960 sursum
1769 4904 1922 4969 ferri,
1953 4914 2007 4958 et
2042 4904 2150 4960 alta

576 5007 771 5062 sapere
814 5002 1233 5049 consueverunt.
1267 4993 1492 5049 Videtur
1526 5004 1705 5051 autem
1750 5006 1805 5051 et
1847 4997 2025 5064 pisces
2059 5012 2149 5049 vo-

577 5100 702 5141 care
731 5086 977 5141 sordidos
999 5095 1055 5140 et
1082 5088 1377 5158 gregarios,
1405 5088 1527 5142 vitae
1558 5088 2019 5143 sollicitudinibus
2044 5088 2147 5141 im-

578 5191 819 5244 mersos,
858 5187 915 5233 et
964 5189 1196 5234 mentem
1246 5178 1311 5234 iis
1356 5180 1512 5247 quasi
1560 5178 1789 5234 oﬂ'usam
1846 5178 2147 5244 habentes,

577 5278 756 5324 mutos
784 5278 836 5324 et
877 5271 1100 5327 rationis
1135 5270 1374 5326 maxime
1423 5280 1716 5341 expertes:
1760 5279 1844 5325 est
1887 5270 2031 5325 enim
2063 5272 2149 5339 pi-

576 5361 684 5416 scis
717 5376 807 5415 res
855 5377 883 5414 a
932 5376 1064 5416 voce
1098 5362 1484 5416 remotissima.
1520 5360 1586 5414 Et
1632 5360 1929 5415 secundum
1980 5359 2143 5412 alium

574 5465 818 5518 sensum,
849 5466 941 5505 eos
964 5452 1053 5519 qui
1085 5450 1465 5506 imbecilliores
1494 5450 1638 5504 velut
1657 5449 1961 5518 deglutiunt
1990 5465 2006 5503 :
2033 5465 2145 5503 mn-

576 5553 664 5596 tua
703 5544 848 5597 enim
876 5543 1228 5597 devoratione
1261 5542 1439 5611 pisces
1483 5542 1749 5611 imprimis
1773 5544 2026 5613 gaudent.
2059 5540 2146 5597 In-

576 5635 691 5703 quit
725 5649 889 5706 ergo:
922 5654 939 5687 ι
973 5634 1201 5706 Lugebit
1234 5643 1375 5688 terra
1403 5646 1505 5686 una
1537 5648 1658 5687 cum
1700 5634 2089 5690 habitantibus.
2118 5653 2137 5687 ι

2266 4640 2518 4711 Ἰωάννης
2573 4641 2672 4711 τὴν
2733 4640 3144 4711 μοχθηροτάτην
3199 4638 3309 4692 τῶν
3360 4637 3671 4708 Φαρισαίων
3738 4635 3830 4689 καὶ

2251 4729 2292 4783 Γ
2296 4730 2628 4801 ραμματὲων
2658 4730 2853 4801 ῆλεγχε
2890 4730 3119 4801 πληθὺν,
3145 4728 3378 4783 ἐπιϐοῶν
3402 4744 3459 4781 τε
3492 4728 3589 4780 καὶ
3618 4726 3793 4797 λέγων
3810 4741 3825 4755 ·

2260 4839 2280 4873 ι
2295 4823 2502 4890 Ὄφεις,
2521 4823 2835 4893 γεννήματα
2855 4822 3096 4892 ἐχιδνῶν.
3110 4840 3130 4874 ι
3153 4821 3253 4875 Διὰ
3271 4820 3329 4873 δέ
3347 4837 3411 4890 γε
3432 4819 3541 4873 τῶν
3563 4817 3827 4873 πετεινῶν

2251 4907 2311 4967 εὗ
2355 4913 2500 4983 μάλα
2549 4914 2798 4981 συνήσεις
2839 4916 2966 4978 τοὺς
3005 4914 3236 4984 ιτοίμως
3262 4910 3700 4981 ἀνεπτοημένους
3747 4911 3825 4972 εἰς

2254 5006 2555 5059 ἀπόστασιν
2598 5006 2699 5077 τὴν
2743 5007 2851 5061 ἀπὸ
2894 5006 3051 5069 Θεοῦ,
3105 5006 3205 5059 εἰτ’
3258 5000 3351 5059 οῦν
3401 5004 3500 5075 τὴν
3550 5003 3825 5075 ἐπάρατον

2255 5096 2542 5160 νοσοῦντας
2595 5097 2928 5169 ὑπεροψίαν,
2979 5098 3072 5151 καὶ⁵
3111 5098 3223 5152 ἄνω
3267 5113 3370 5150 που
3413 5093 3675 5166 φέρεσθαι
3732 5090 3823 5147 καὶ

2256 5185 2435 5255 ὑψηλά
2458 5189 2670 5258 φρονεῖν
2706 5187 2981 5248 εἰωθότας.
3012 5185 3197 5239 Ἐοικε
3237 5186 3293 5239 δὲ
3341 5186 3435 5239 καὶ
3465 5184 3655 5255 ἰχθύας
3686 5185 3795 5239 ἀπο

2256 5277 2442 5330 καλεῖν
2482 5279 2608 5343 τοὺς
2655 5277 3035 5350 συρφετώδεις,
3082 5279 3176 5331 καὶ
3203 5276 3509 5346 ἀγελαίους,
3538 5277 3668 5339 τοὺς
3702 5276 3822 5335 ταῖς

2254 5364 2351 5417 τοῦ
2392 5364 2505 5434 βίου
2539 5366 2788 5435 φροντίσι
2819 5364 3302 5435 βεδαπτισμένους,
3346 5366 3440 5419 καὶ
3495 5362 3818 5433 ὑποϐρύχιον

2249 5454 2438 5527 ὥσπερ
2466 5455 2684 5525 ἔχοντας
2703 5455 2849 5521 νοῦν,
2883 5459 3009 5521 τοὺς
3031 5456 3278 5528 ἀφώνους
3302 5457 3397 5510 καὶ
3422 5455 3815 5524 ἀλογωτὰεουςο

2262 5548 2632 5617 Ἀφωνότατον
2664 5548 2773 5619 γὰρ
2802 5549 2909 5603 τῶν
2946 5549 3143 5621 ἰχθύων
3190 5549 3253 5604 τὸ
3291 5549 3499 5621 χρῆμα.
3548 5548 3658 5602 Καὶ
3698 5543 3814 5600 καθ’

2249 5638 2336 5694 ἓτε
2342 5657 2434 5711 ρον
2450 5641 2506 5694 δὲ
2521 5640 2741 5711 τρόπον,
2759 5642 2883 5707 τοὺς
2899 5637 3011 5697 οἷον
3033 5642 3427 5705 καταπίνοντας
3455 5640 3580 5705 τοὺς
3597 5637 3816 5715 ἀσθενε-

646 5808 693 5844 ⁸⁵
718 5811 838 5870 Αοι,
863 5826 962 5878 vn,
992 5810 1076 5865 52.
1154 5809 1202 5843 “
1232 5808 1423 5865 Matth.
1457 5824 1607 5875 χχιιι,
1637 5812 1724 5869 52.
1802 5812 1922 5854 ⁸⁷έ⁸⁸
1955 5813 2085 5874 Luc.
2117 5831 2148 5872 ιι

2250 5817 2297 5885 l;
2328 5814 2519 5873 Matth.
2552 5832 2705 5883 χχιιι,
2738 5819 2823 5875 3-3.
