4094 6552
257 504 371 559 H7

1191 509 1734 565 COMMENTARIUS
1773 502 1836 561 IN
1875 499 2106 559 OSEAM
2150 498 2589 555 PROPHETAM.

3399 466 3502 561 ns

253 618 506 688 στέρουςο
533 618 904 689 ἀλληλοφαγία
922 624 1029 694 γὰρ
1068 623 1303 694 μάλιστα
1330 626 1479 697 παρὰ
1506 629 1614 688 τοῖς
1658 624 1832 694 ἰχθῦσι

1935 617 1999 673 Et
2028 631 2146 686 qua:
2180 614 2338 683 huius
2368 615 2443 669 rei
2474 614 2678 669 causa?
2714 631 2731 664 ι
2772 610 2841 668 Ut
2872 616 3051 671 nullus
3079 629 3250 686 neque
3272 615 3498 685 jttdicel,

250 708 575 780 τετίμηται.
632 731 650 762 ί
696 712 961 785 Πενθήσει
1015 714 1213 779 τοίνυν,
1267 718 1466 786 φησὶν,
1516 718 1550 785 ἡ
1604 716 1675 785 γῆ
1723 717 1831 778 τοῖς

248 796 607 853 κατοικοῦσιν
658 800 814 871 ὁμοῦ.
869 823 886 855 ι
939 804 1049 856 Καὶ
1100 803 1181 867 τίς
1236 805 1269 873 ὴ
1317 803 1469 857 τοῦδε
1526 804 1827 874 πρόφασις;

257 910 275 938 ι
317 889 507 952 Ὅπως
537 889 735 961 μηδεὶς
764 893 902 963 μήτε
935 892 1243 964 δικάζηται,
1295 896 1432 965 μήτε
1479 893 1676 966 ἐλέγχῃ
1725 911 1831 964 μη-

248 976 391 1041 δείς.
432 999 450 1030 ι
501 981 718 1054 Ἐπειδὴ
746 984 853 1055 γάρ
884 983 1029 1054 ἀρὰ,
1061 986 1155 1039 καὶ
1187 985 1403 1055 ψεῦδος,
1432 987 1603 1058 κλοπή
1644 1003 1701 1039 τε
1739 985 1832 1039 καὶ

254 1071 443 1137 φόνος,
476 1071 569 1125 καὶ
592 1073 810 1143 μοιχεία
843 1074 1070 1145 κέχυται
1102 1077 1194 1129 ἐπὶ
1226 1076 1324 1147 τῆς
1357 1078 1482 1149 γῆς,
1504 1079 1597 1130 καὶ
1625 1078 1832 1147 αἵματα

254 1161 352 1229 ἐφ’
381 1162 574 1232 αἵμασι
601 1165 855 1234 μίσγουσι
875 1181 891 1197 ’
943 1166 1201 1237 ταύτῃτοι
1226 1167 1501 1238 πενθήσει,
1538 1168 1630 1222 καὶ
1662 1168 1833 1238 ἀργήο

257 1266 347 1303 σει
404 1250 589 1305 λοιπὸν
633 1252 855 1322 ψεῦδος,
907 1256 999 1309 καὶ
1050 1258 1258 1329 ἀπάτη,
1317 1259 1413 1312 καὶ
1475 1258 1828 1328 συκοφαντία.

266 1341 704 1413 Ἐποιμώζοντες
747 1345 854 1418 γὰρ
912 1350 1025 1412 σιοῖς
1059 1350 1188 1420 παρ’
1217 1348 1406 1403 ἐλπίδα
1438 1350 1830 1421 συμϐεϐηκόσι,

253 1432 357 1485 καὶ
386 1434 483 1503 τὴν
510 1435 568 1486 ἐν
599 1435 745 1506 χειρὶ
771 1436 1046 1501 κλαίοντες
1074 1439 1378 1511 συμφοράν,
1395 1441 1487 1493 καὶ
1507 1442 1602 1509 ούχ
1621 1441 1833 1502 ἑκόντες

251 1523 551 1589 ἀφέξονται
578 1525 685 1578 τῶν
715 1527 967 1580 τοιούτων
992 1528 1095 1599 πλη
1105 1530 1499 1601 μμελημάτων.
1529 1532 1602 1583 Τὸ
1624 1533 1729 1602 γάρ
1751 1550 1832 1585 τοι

251 1612 596 1683 δικάζεσθαι,
622 1619 723 1671 καὶ
750 1620 1014 1689 ἐλέγχειν,
1041 1622 1125 1693 εἵη
1161 1622 1225 1676 ἂν
1248 1623 1433 1694 ἕτερον
1468 1624 1638 1688 οὐδὲν,
1666 1625 1834 1678 καθά-

254 1724 368 1778 περ
392 1702 625 1779 ἐγῷμαι,
657 1710 793 1781 πλὴν
817 1712 897 1764 ὅτι
926 1712 986 1764 τὸ
1015 1717 1360 1783 κατηγορεῖν,
1396 1715 1490 1767 καὶ
1521 1716 1831 1786 καταψηφί-

250 1796 449 1861 ζεσθαί
492 1818 674 1867 τινων,
707 1802 823 1873 ἦτοι
870 1802 1355 1875 ψευδομαρτυρεῖν.
1403 1807 1574 1860 Τοῦτό
1621 1827 1697 1860 τοι
1741 1810 1832 1861 καὶ

249 1890 445 1960 ἔτερος,
493 1892 623 1962 ἡμῖν
667 1891 774 1944 τῶν
815 1894 985 1961 ἁγίων
1017 1898 1313 1967 προφητῶν
1333 1938 1347 1959 ,
1380 1899 1487 1951 τῶν
1517 1899 1573 1965 ἐξ
1604 1900 1831 1967 αριατος

264 1978 491 2050 Ἰσραὴλ
529 1983 951 2052 κατεκεκράγει,
995 1984 1197 2053 λέγων*
1240 2006 1258 2037 ‹
1294 1987 1361 2038 Οἵ
1390 2006 1502 2057 μοι,
1535 1990 1677 2060 ψυχὴ
1700 2032 1713 2053 ,
1748 1990 1828 2041 ὅτι
1864 1967 1906 2022 Β

250 2069 538 2123 ἀπόλωλεν
592 2072 829 2143 εὐλαϐὴς
863 2075 970 2127 ἀπὸ
1004 2077 1105 2147 γῆς
1146 2078 1239 2129 καὶ
1275 2081 1302 2131 ὁ
1336 2080 1615 2150 κατορθῶν
1644 2083 1699 2132 ἐν
1738 2082 1829 2133 άν-

248 2161 497 2233 θρώποις
540 2165 638 2217 οὐκ
690 2165 825 2226 ἔστι,
881 2167 1081 2231 πάντες
1125 2171 1204 2231 εἰς
1251 2170 1456 2239 αἵματα
1502 2171 1827 2238 δικάζονται,

246 2254 486 2319 ἕκαστος
519 2258 609 2309 τὸν
655 2257 881 2329 πλησίον
928 2259 1088 2313 αὐτοῦ
1137 2262 1478 2316 ὲκθλίὸουσιν
1519 2261 1761 2333 ἐκθλιϐῇ.
1805 2282 1823 2315 ι

256 2346 428 2401 Ἀλλὰ
458 2348 627 2401 ταῦτα
666 2350 973 2421 ἱστορικῶς.

326 2439 472 2509 Πρὸς
498 2441 734 2494 διάνοιαν
766 2442 821 2493 δὲ
850 2442 948 2513 τὴν
972 2444 1229 2497 ἐσωτάτω
1253 2445 1342 2498 τὸν
1373 2446 1470 2517 τῆς
1497 2447 1829 2518 προφητείας

248 2532 574 2596 εὐθύνοντες
613 2534 800 2603 λόγον,
830 2536 1003 2589 ἐκεῖνό
1040 2553 1237 2607 φαμεν.
1281 2538 1499 2609 Ἐπειδὴ
1534 2540 1641 2610 γάρ
1672 2542 1731 2593 ὲν
1762 2543 1828 2612 τῇ

248 2623 362 2675 τῶν
402 2625 669 2678 Ἰουδαίων
696 2628 804 2697 γῇ,
843 2627 1007 2697 ἤγουν
1042 2630 1171 2698 παρ’
1199 2629 1382 2691 αὐτοῖς
1424 2630 1693 2693 Ἰουδαίοις
1731 2632 1831 2686 οὐκ

246 2716 405 2769 ἐστιν
455 2715 700 2787 ἀλήθεια,
761 2718 881 2769 οὐδὲ
939 2718 1104 2778 ἔλεος.
1153 2719 1272 2772 οὐδὲ
1319 2721 1614 2789 ἐπίγνωσις
1658 2723 1827 2776 Θεοῦ·

258 2804 439 2859 ταῦτα
466 2807 521 2860 δέ
552 2804 690 2861 εἷναί
724 2826 781 2862 τε
828 2808 921 2862 καὶ
951 2809 1205 2877 λέγεσθαι
1239 2812 1326 2864 τὸν
1364 2814 1709 2888 Ἐμμανουήλ
1750 2819 1828 2869 εί-

250 2900 506 2969 ρήκαμεν
526 2917 539 2929 ο
571 2901 882 2971 κεκράτηκε
912 2900 968 2954 δὲ
996 2902 1194 2972 μᾶλλον
1216 2904 1341 2975 ἀρά,
1375 2907 1471 2958 καὶ
1498 2906 1715 2975 ψεῦδος,
1737 2910 1831 2961 καὶ

248 2987 542 3058 τετίμηται
574 2989 765 3059 κλοπὴ,
793 2992 886 3043 καὶ
923 2991 1129 3061 αἵματα
1168 2993 1253 3061 ἐφ’
1281 2994 1473 3064 αἵμασι
1511 2996 1827 3066 μίσγουσιν·

249 3079 616 3144 ἀπεκτονότες
648 3082 756 3153 γὰρ
782 3084 907 3145 τοὺς
939 3085 1244 3154 προφήτας,
1269 3086 1344 3149 ὡς
1373 3085 1529 3159 ἔφην,
1548 3088 1641 3141 καὶ
1672 3088 1832 3142 αὐτὸν

253 3171 592 3225 ἅπεκτόνασι
619 3171 711 3226 τὸν
748 3173 975 3242 Ἰησοῦν.
1010 3176 1426 3248 Καταπενθὴσει
1461 3178 1645 3233 λοιπὸν
1678 3181 1710 3251 ἡ
1760 3180 1831 3250 γῆ

1933 724 2108 780 neque
2152 718 2340 785 arguat
2376 708 2685 778 quisquam.
2724 726 2741 757 ι
2786 706 3051 773 Quoniam
3097 709 3244 763 enim
3279 710 3499 765 maledi-

1934 811 2100 865 ctum,
2130 810 2183 854 et
2218 801 2581 864 mendacium,
2626 799 2849 865 furtum,
2883 809 2936 853 et
2964 798 3159 867 czedes,
3191 810 3244 855 et
3291 802 3501 858 adulte-

1934 892 2073 947 rium
2104 890 2293 946 diffusa
2325 901 2449 946 sunt
2475 904 2635 960 super
2674 901 2897 956 terram,
2929 900 2981 943 et
3036 891 3328 959 sanguines
3374 910 3499 949 san-

1933 984 2185 1050 guinibus
2251 982 2819 1037 miscentur:idcirco
2875 980 3096 1052 lugebit,
3161 994 3216 1037 et
3268 987 3502 1039 cessabit

1934 1076 2189 1144 deinceps
2218 1075 2580 1137 mendacium,
2611 1086 2663 1128 et
2698 1073 2940 1140 fallacia,
2970 1083 3026 1127 et
3056 1073 3348 1130 calumnia.
3380 1077 3506 1145 Eju-

1933 1166 2110 1222 lantes
2155 1169 2298 1223 enim
2352 1182 2514 1236 super
2564 1166 2648 1220 his
2691 1182 2812 1234 quae
2858 1175 3057 1234 praeter
3100 1182 3250 1236 spem
3288 1168 3498 1222 accide-

1934 1267 2080 1323 runt,
2109 1268 2162 1312 et
2207 1258 2570 1313 calamitatem
2611 1265 2932 1324 praesentem
2980 1257 3341 1324 deplorantes,
3381 1258 3505 1312 tali-

1932 1350 2033 1404 bus
2057 1349 2266 1404 delictis
2287 1350 2449 1403 etiam
2477 1349 2629 1402 inviti
2662 1349 3031 1403 abstincbunt.
3056 1347 3311 1403 Iudicare
3335 1351 3503 1414 enim,

1933 1451 1988 1496 et
2030 1456 2255 1512 arguere
2281 1440 2419 1495 nihil
2450 1456 2569 1495 mea
2605 1440 2878 1494 sententia
2935 1438 3080 1493 aliud
3132 1438 3296 1494 {Uerit
3340 1455 3505 1508 quam

1928 1542 2214 1596 accusare,
2236 1541 2289 1585 et
2309 1531 2632 1587 sententiam
2664 1530 2801 1585 male
2826 1530 2970 1585 ferre
2994 1541 3182 1584 contra
3214 1531 3502 1600 quosdam,

1933 1625 2047 1678 sive
2077 1622 2269 1677 falsum
2312 1622 2608 1677 testiﬁcari.
2664 1620 2774 1676 [loc
2810 1622 2965 1675 nobis
3014 1631 3068 1675 et
3116 1620 3256 1674 alius
3291 1616 3508 1674 saneto-

1935 1732 2054 1770 rum
2094 1716 2479 1783 prophetarum
2525 1728 2587 1767 ex
2639 1712 2905 1781 sanguine
2940 1711 3502 1781 lsraelproclamavit,

1933 1822 2055 1859 cum
2088 1805 2224 1858 dixit
2254 1821 2266 1857 :
2303 1802 2452 1857 «Na:
2495 1803 2653 1867 mihi,
2684 1803 2889 1864 anima,
2921 1804 3046 1871 quia
3087 1802 3250 1872 periit
3292 1801 3505 1872 religio-

1934 1913 2024 1952 sus
2066 1897 2131 1952 de
2165 1905 2329 1960 terra,
2363 1907 2416 1950 et
2449 1894 2537 1965 qui
2582 1907 2727 1949 recte
2763 1894 2930 1949 faciat
2961 1894 3012 1949 in
3046 1894 3505 1960 hominibus,‘non

1932 1998 2052 2043 est:
2103 2002 2292 2041 omnes
2348 1987 2399 2039 in
2449 1987 2742 2055 sanguines
2801 1984 3082 2055 iudicant,
3136 1986 3506 2055 unusquisque

1932 2083 2237 2150 proximum
2271 2092 2427 2131 suum
2459 2078 2715 2131 tribulant
2752 2076 3094 2132 tribulatione
3117 2076 3185 2132 ⁸⁹.
3221 2095 3239 2128 ι
3266 2075 3371 2132 Sed
3392 2076 3502 2132 hac

1931 2171 2147 2240 quidem
2182 2169 2460 2225 bi‘sloricc.

2001 2462 2081 2516 Ad
2134 2461 2380 2516 intimum
2418 2472 2580 2527 porro
2624 2473 2841 2511 sensum
2876 2455 3116 2511 vaticinii
3159 2454 3320 2509 verba
3371 2454 3505 2509 diri-

1932 2560 2142 2621 gentes,
2179 2549 2307 2603 illud
2348 2538 2773 2613 dicimus.'Quia
2816 2547 2869 2600 in
2918 2546 3140 2616 regione
3172 2543 3502 2611 Judaeorum,

1932 2640 2047 2694 sive
2093 2640 2235 2709 apud
2268 2640 2412 2706 ipsos
2437 2636 2649 2692 Judmos
2698 2652 2802 2690 non
2848 2646 2929 2689 est
2963 2635 3184 2700 veritas,
3214 2648 3313 2689 nec
3344 2635 3509 2689 mise-

1935 2730 2195 2795 ricordia,
2224 2746 2321 2786 nec
2351 2732 2579 2785 scientia
2611 2729 2702 2783 Dei
2745 2729 2882 2798 (haec
2917 2737 3095 2780 autem
3144 2740 3267 2781 esse
3312 2735 3366 2781 et
3399 2726 3506 2779 dici

1934 2820 2340 2877 Emmanuelem
2378 2822 2731 2888 monuimus),
2760 2819 3094 2889 invaluitque
3124 2819 3304 2887 potius
3334 2816 3505 2870 male-

1933 2915 2131 2968 dictum
2176 2923 2228 2967 et
2266 2912 2630 2975 mendacium,
2658 2920 2713 2965 et
2747 2911 3067 2965 studuerunt
3097 2909 3275 2976 furtis,
3306 2918 3359 2964 et
3379 2924 3507 2962 san-

1933 3002 2121 3070 guines
2148 3001 2202 3054 in
2236 2998 2589 3070 sanguinibus
2636 2999 2971 3052 miscuerunt
3013 2996 3231 3069 (occisis
3271 3011 3505 3066 namque

1934 3091 2231 3160 prophetis,
2262 3101 2321 3143 ut
2349 3088 2480 3152 dixi,
2513 3098 2566 3143 et
2596 3090 2769 3158 ipsum
2808 3088 2989 3144 Jcsum
3021 3088 3377 3157 occiderunt).
3400 3086 3508 3140 Ln-

1934 3181 2080 3253 gebit
2115 3181 2168 3235 in
2224 3189 2501 3248 posterum
2563 3189 2702 3234 terra
2746 3196 2848 3234 una
2893 3195 3016 3234 cnm
3068 3178 3504 3241 habitatoribus,

250 3263 370 3326 τοῖς
414 3263 688 3327 κατοίκοις
733 3264 868 3336 ὁμοῦ
910 3270 1030 3330 ταῖς
1091 3268 1376 3339 Ῥωμαίων
1438 3272 1828 3343 ἐμπιπραμένη

1936 3274 2182 3327 manibus
2230 3272 2600 3328 Romanorum
2652 3274 2891 3326 incensa.
2931 3273 3102 3326 Erunt
3143 3283 3320 3326 autem
3367 3274 3505 3335 haec,

248 3370 312 3425 χε
324 3353 469 3425 ρσίν.
506 3356 699 3409 Ἔσται
728 3356 784 3409 δέ
812 3358 1004 3424 ταῦτα,
1042 3360 1255 3431 φησὶν,‹
1295 3361 1414 3414 Ἵνα
1444 3365 1579 3433 μήτε
1610 3363 1833 3435 δικάζη-

250 3462 372 3512 ται,
423 3448 565 3518 μήτε
608 3448 809 3521 ἐλέγχῃ
861 3451 1066 3521 μηδείς.
1106 3470 1125 3502 ι
1167 3452 1343 3523 Ὅπερ
1393 3454 1544 3506 ἐστὶν
1587 3454 1833 3525 ἐναργῶς

1936 3364 2130 3432 inquit,
2167 3380 2187 3413 ‹
2237 3372 2293 3416 ut
2339 3377 2512 3430 neque
2554 3361 2782 3430 judicet,
2818 3376 2993 3429 neque
3038 3371 3230 3430 arguat
3266 3359 3448 3413 ullus:
3483 3379 3501 3411 ι

1935 3456 2079 3525 quod
2119 3463 2204 3509 est
2241 3454 2527 3508 manifeste
2559 3467 2819 3507 accusare
2853 3451 3088 3516 Iudaeos,
3118 3461 3177 3505 ut
3205 3452 3295 3521 qui
3342 3452 3506 3520 impie

252 3540 657 3610 ἐπαιτιωμένου
685 3543 808 3605 τοὺς
852 3543 1158 3609 Ἰουδαίους,
1194 3544 1270 3607 ὡς
1313 3544 1711 3615 δικασαμένους
1738 3548 1833 3601 ἀν-

1935 3543 2017 3613 ius
2045 3545 2317 3609 dixerunt,
2353 3554 2407 3599 et
2434 3546 2846 3612 redarguerunt,
2878 3543 2993 3596 sive
3034 3542 3226 3595 falsum
3266 3541 3510 3595 teStimo-

251 3632 442 3698 οσίως,
463 3634 557 3687 καὶ
589 3635 1038 3703 κατελέγξαντας,
1067 3637 1184 3706 ἤτοι
1208 3636 1833 3708 ψευδομαρτυρήσαντας

252 3726 357 3779 τοῦ
400 3726 657 3797 Χριστοῦ.
700 3724 766 3781 Ol
814 3727 911 3799 μὲν
953 3728 1062 3798 γάρ
1113 3728 1402 3798 ἡγούμενοι
1434 3731 1709 3800 προσῆγον
1740 3731 1835 3782 Πι-

253 3814 445 3885 λὰτῳ,
504 3816 847 3886 δικαζόμενοι
906 3834 963 3869 τε
1019 3816 1113 3870 καὶ
1167 3818 1600 3890 κατηγοροῦντες
1646 3818 1833 3874 αὑτοῦ.

256 3907 631 3979 Παρελθόντες
654 3908 711 3962 δέ
740 3925 885 3973 τινες
910 3908 1381 3981 κατεμαρτύρουν,
1420 3911 1581 3982 μόνον
1621 3912 1677 3966 δὲ
1716 3913 1836 3983 οὐχὶ

256 4006 357 4058 καί
380 4004 622 4075 ἐλέγχειν
663 4004 985 4077 ἀπετόλμων
1005 4020 1018 4033 °
1050 4004 1476 4073 ψευδοεποῦντες
1506 4006 1553 4058 οἱ
1587 4005 1831 4072 δείλαιοι,

258 4098 396 4151 ποτὲ
443 4098 561 4167 μὲν,
611 4096 693 4149 ὃτι
738 4096 1052 4167 διαστρέφει
1102 4096 1193 4149 τὸν
1241 4095 1402 4149 λαόνο
1447 4097 1575 4150 ποτὲ
1624 4096 1701 4159 δὲ,
1755 4098 1835 4152 ὅτι

258 4188 453 4242 τούτου
505 4187 758 4257 λέγοντος
787 4187 1126 4256 ἀκηκόαμεν,
1172 4185 1248 4250 ὼς
1282 4186 1340 4237 ὲν
1384 4186 1562 4257 τρισὶν
1601 4187 1837 4258 ἡμέραις

260 4279 559 4334 καταλύσει
599 4279 690 4332 τὸν
718 4278 843 4331 ναὸν
875 4278 967 4330 τοῦ
1000 4276 1157 4342 Θεοῦ,
1187 4278 1279 4330 καὶ
1316 4278 1502 4349 ἐγερεῖ
1540 4278 1702 4331 πάλιν
1738 4279 1835 4332 αύ-

259 4373 373 4423 τόν.
415 4369 861 4441 ’Δναιρεθήσεται
890 4369 1090 4433 τοίνυν,
1120 4369 1274 4439 φησι,
1298 4368 1445 4440 δίκη,
1476 4369 1571 4423 καὶ
1594 4370 1833 4440 ἔλεγχος,

259 4466 380 4535 ἦτοι
435 4461 855 4534 καταμαρτυρία
897 4462 1023 4532 (καὶ
1068 4460 1245 4532 ψῆφος
1293 4462 1392 4514 οὐκ
1449 4461 1676 4534 ἀληθὴς,
1739 4464 1838 4516 οὐκ

149 4565 154 4569 ’
259 4556 415 4618 ὄντος
466 4553 752 4623 βασιλέως,
796 4551 916 4603 οὐδὲ
971 4550 1230 4623 ἄρχοντος
1259 4550 1352 4603 τοῦ
1384 4550 1625 4615 δικάζειν
1653 4550 1836 4605 εἰωθό-

1935 3637 2084 3691 nium
2112 3636 2165 3689 in
2197 3635 2471 3691 Christum
2504 3633 2865 3703 protulerunt.
2908 3632 3021 3704 68
3056 3631 3333 3703 Principes
3359 3632 3502 3688 enim

1935 3728 2272 3782 adduxerunt
2325 3740 2448 3781 eum
2521 3726 2585 3778 ad
2651 3724 2902 3789 Pilatum,
2970 3725 3119 3776 illum
3204 3723 3509 3793 iudicantes

1935 3831 1990 3877 et
2016 3828 2355 3875 accusantes.
2389 3817 2667 3887 Progressi
2696 3806 2896 3870 deinde
2916 3816 3135 3884 quidam
3168 3814 3221 3869 in
3246 3815 3506 3881 medium,

1938 3912 2310 3966 testimonium
2349 3921 2538 3965 contra
2573 3907 2748 3978 ipsmn
2785 3908 3194 3978 perhibuerunt,
3219 3916 3272 3962 et
3298 3915 3506 3962 tantum

1936 4019 2043 4058 non
2104 4004 2279 4072 ipsum
2342 4015 2557 4071 quoque
2608 3999 2943 4069 argumentis
3001 3998 3322 4053 convincere
3390 3998 3507 4054 ausi

1936 4102 2082 4159 sunt,
2106 4092 2432 4148 mentientes
2456 4090 2662 4155 miseri,
2696 4104 2863 4153 nunc,
2895 4104 3017 4143 eum
3047 4091 3308 4145 seducere
3332 4103 3504 4159 popu-

1938 4186 2082 4251 lum;
2112 4198 2276 4247 nunc,
2325 4197 2387 4237 se
2426 4182 2527 4236 hoc
2577 4182 2750 4249 ipsum
2780 4181 3047 4236 dicentem
3075 4182 3366 4245 audivisse,
3412 4183 3510 4235 trl-

1938 4281 2039 4334 bus
2068 4278 2257 4332 diebus
2286 4274 2542 4343 templum
2584 4273 2673 4326 Dei
2713 4272 3119 4327 destructurum
3175 4282 3230 4328 et
3270 4272 3503 4326 reaadili-

1940 4381 2186 4426 caturum
2208 4367 2277 4422 ".
2307 4365 2551 4421 Tolletur
2588 4366 2772 4435 igitur,
2801 4364 2994 4434 inquit,
3021 4366 3309 4433 indicium,
3339 4375 3393 4420 et
3418 4381 3508 4419 re-

1939 4460 2252 4532 prehensio,
2288 4462 2402 4514 sive
2457 4456 2749 4512 testimonii
2795 4456 2980 4522 dictio,
3011 4465 3067 4510 et
3096 4456 3366 4509 sententia
3406 4470 3511 4511 non

1940 4566 2089 4617 vera,
2120 4564 2242 4604 cum
2291 4563 2397 4602 non
2428 4548 2533 4601 erit
2569 4562 2683 4610 rex,
2719 4560 2895 4615 neque
2924 4545 3201 4616 princeps,
3231 4546 3322 4615 qui
3367 4544 3513 4613 judi-

261 4664 374 4710 τος.
413 4644 702 4715 Ταύτῃτοι,
746 4642 997 4713 καθάπερ
1037 4637 1273 4714 ἐγῷμαι,
1297 4644 1391 4695 καὶ
1432 4644 1460 4694 ὁ
1504 4644 1834 4714 προφητικὸς

1943 4657 2067 4696 care
2099 4641 2264 4694 norit.
2289 4638 2401 4695 llac
2428 4637 2492 4691 de
2517 4648 2703 4701 causa,
2739 4647 2797 4689 ut
2825 4650 2925 4704 ego
2963 4636 3159 4697 sentio,
3187 4636 3352 4688 etiam
3385 4649 3512 4702 pro-

264 4742 399 4810 ἡμῖν
445 4738 603 4809 λόγος
646 4739 758 4801 τοῖς
798 4735 1171 4799 ἀϐασιλεύτοις
1217 4738 1326 4790 τῶν
1357 4735 1510 4799 ζώων
1560 4736 1685 4799 τοὺς
1732 4734 1841 4790 τῶν

278 4831 543 4899 Ἰουδαίων
594 4828 919 4900 παρεικάζει
962 4827 1142 4892 λαοὺς,
1199 4828 1361 4898 θηρσὶ
1412 4827 1498 4898 δὴ,
1528 4827 1692 4896 λέγω,
1749 4828 1841 4881 καὶ

267 4925 535 4996 ἑρπετοῖς,
584 4923 678 4976 καὶ
722 4925 1008 4984 πετεινοῖς,
1057 4923 1151 4975 καὶ
1201 4922 1429 4991 ἰχθύσιν.
1477 4922 1632 4977 Ούτω
1682 4922 1773 4974 καὶ
1810 4923 1839 4975 ὁ

270 5016 537 5087 μακάριος
560 5015 842 5083 προφήτης
884 5012 1165 5082 Ἀδακοὺμ
1185 5011 1289 5083 ἔφη
1312 5030 1414 5066 που
1438 5013 1574 5083 πρὸς
1604 5011 1694 5065 τὸν
1724 5012 1835 5067 τῶν

268 5105 405 5157 ὅλων
435 5104 564 5157 θεόν
582 5118 595 5132 '
630 5121 648 5154 ι
669 5098 762 5164 Εἰς
788 5101 837 5153 τί
864 5101 1177 5166 ἐπιϐλέπεις
1207 5103 1300 5155 ἐπὶ
1327 5102 1835 5173 καταφρονοῦντας;

268 5194 681 5263 Παρασιωπήσῃ
708 5193 765 5244 ἐν
811 5189 887 5260 τῷ
924 5189 1243 5244 καταπίνειν
1276 5193 1446 5262 ἀσεϐῆ
1476 5192 1567 5244 τὸν
1606 5193 1837 5257 δίκαιον,

268 5286 361 5339 καὶ
410 5286 654 5357 ποιήσεις
699 5286 826 5349 τοὺς
874 5283 1193 5357 ἀνθρώπους
1224 5283 1299 5348 ὡς
1339 5289 1463 5347 τοὺς
1504 5285 1691 5354 ἰχθύας
1742 5285 1841 5355 τῆς

269 5375 580 5449 θαλάσσης,
620 5378 715 5433 καὶ
770 5380 845 5444 ὡς
896 5380 965 5433 τὰ
1014 5380 1220 5450 ἑρπετὰ
1280 5379 1379 5430 οὐκ
1426 5378 1617 5448 ἔχοντα
1680 5378 1842 5450 ἡγού-

276 5485 452 5524 μενον.
501 5489 521 5523 D

350 5560 404 5613 Ὀ
432 5560 501 5614 δὲ
546 5561 695 5628 λαός
719 5579 839 5631 μου
880 5563 960 5628 ὡς
997 5562 1458 5633 ἀναλεγόμενος
1486 5561 1696 5630 ἱερεὺς,
1737 5560 1837 5616 καὶ

272 5649 597 5720 ἀσθενήσει
642 5651 889 5722 ἡμέρας,
934 5652 1031 5706 καὶ
1072 5651 1397 5719 ἀσθενήσει
1451 5654 1487 5706 ό
1530 5650 1839 5720 προφήτης

274 5740 415 5809 μετὰ
446 5740 586 5796 σοῦ.

339 5918 386 5951 ⁸¹
419 5917 580 5975 Mich.
613 5935 711 5987 vn,
744 5920 799 5975 2.
878 5920 922 5953 '°
959 5919 1145 5977 Matth.
1179 5935 1325 5986 χιιι,
1359 5919 1579 5990 passim.

1940 4735 2193 4807 pheticus
2217 4748 2396 4788 sermo
2418 4730 2726 4785 Iudaeorum
2758 4729 3012 4798 popnlmn
3037 4727 3359 4782 animalibus
3391 4739 3516 4796 rege

1940 4824 2252 4881 carentibus
2274 4830 2571 4887 comparat,
2603 4818 2816 4881 belluis,
2842 4817 3085 4886 inquam,
3123 4824 3179 4871 et
3212 4815 3513 4884 reptilibus,

1940 4927 1995 4971 et
2022 4914 2353 4975 volucribus,
2391 4922 2446 4966 et
2494 4912 2756 4981 piscibus.
2806 4906 2887 4960 lla
2932 4916 2987 4961 et
3040 4909 3227 4963 beatus
3260 4906 3513 4962 Habacuc

1939 5006 2311 5063 universitatis
2343 5004 2508 5059 Deum
2542 5002 2853 5072 alloquitur.
2891 5019 2910 5053 ι
2943 5000 3123 5068 Quare
3168 4999 3393 5067 respicis
3421 5014 3516 5053 su-

1942 5114 2037 5168 per
2063 5094 2510 5165 contemptores?
2536 5092 2767 5148 Tacebis
2797 5108 2919 5148 cum
2951 5090 3295 5148 devoraverit
3321 5089 3517 5158 impius

1938 5187 2168 5257 justum,
2215 5196 2269 5240 et
2318 5185 2484 5240 facies
2524 5184 2771 5239 homines
2826 5184 2981 5255 quasi
3037 5183 3213 5252 pisces
3250 5180 3422 5236 maris
3460 5188 3517 5234 et

1946 5279 2097 5349 quasi
2139 5277 2373 5348 reptilia,
2406 5291 2509 5330 non
2543 5276 2795 5332 habentia
2828 5276 3018 5331 ducem
3058 5275 3128 5327 εί.
3154 5294 3171 5323 ι

2019 5557 2183 5612 Vsus.
2221 5557 2273 5611 4.
2338 5556 2402 5609 At
2454 5558 2675 5625 populus
2723 5571 2867 5609 unus
2931 5555 3087 5626 quasi
3134 5554 3378 5608 sacerdos
3428 5552 3514 5605 cui

1947 5649 2346 5710 contradicitur,
2372 5655 2420 5700 et
2450 5645 2808 5715 inﬁrmabitur
2835 5662 2930 5715 per
2951 5646 3085 5712 dies,
3120 5653 3168 5698 et
3212 5638 3510 5711 ξιιρωθὲ-

1945 5753 2033 5794 tur
2051 5741 2302 5809 propheta
2324 5750 2513 5799 tecum.
3254 5744 3257 5745 ⁷

1685 5919 1726 5951 ⁹¹
1763 5916 1965 5973 llabac.
2002 5930 2040 5983 ι,
2078 5915 2161 5981 13,
2192 5913 2258 5968 Η

3536 878 3545 912 l
