4094 6556
620 444 725 504 $29

1607 450 1667 505 s.
1707 431 1980 505 CYItlLLl
2019 449 2486 507 ALEXANDRINI
2525 449 2842 508 ARCIlIEP.

3757 453 3864 511 no

695 565 954 623 XXXVII.
993 566 1288 624 Considera
1323 568 1456 625 mihi
1485 571 1699 625 beatum
1731 574 2047 642 prophetam
2080 575 2176 632 alia

2361 574 2480 632 AZ'.
2507 575 2696 644 ΙἈθρει
2727 575 2788 646 δή
2823 591 2912 644 μοι
2943 573 3034 627 τὸν
3068 578 3340 644 μακάριον
3375 574 3657 644 προφήτην
3679 573 3863 643 ἑτερο-

617 659 777 714 modo
808 659 1191 729 proferentem,
1228 676 1351 730 qua:
1390 661 1489 730 ipsi
1525 677 1555 716 a
1597 661 1708 718 Deo
1757 665 1896 719 dicta
1948 663 2184 724 fuerant.

619 749 878 804 Audierat
922 749 1068 804 enim
1119 759 1307 820 aperte
1351 750 1468 806 dies
1517 752 1712 807 multos
1753 769 2002 809 sessurus
2052 755 2188 810 Iilios

617 839 800 904 Israel,
836 840 1126 896 destitutos
1157 855 1302 910 rege,
1355 843 1620 912 principe,
1669 844 1962 908 sacriﬁcio,
2008 845 2185 911 altari,

616 932 946 998 sacerdotio,
974 947 1028 987 et
1061 933 1362 990 manifestis
1387 935 1453 988 “.
1481 937 1553 990 At
1581 936 1695 1005 ipse
1728 938 1821 990 ira:
1856 939 2184 1001 vehementi,

616 1024 701 1078 his
735 1024 916 1078 verbis
941 1025 1259 1093 signiﬁcata
1286 1027 1439 1096 quasi
1474 1029 1677 1082 cursim
1709 1029 2027 1095 succedens,
2055 1045 2187 1083 con-

618 1115 846 1170 tractius
893 1118 1260 1186 reprehendit,
1323 1120 1723 1188 moderatisque
1761 1122 2185 1176 obscuritatibus

617 1220 922 1262 sermonem
957 1209 1268 1264 obumbrat.
1302 1208 1439 1264 Nam
1484 1211 1604 1266 sine
1645 1211 2000 1280 principibus,
2039 1225 2183 1281 rege,

617 1298 960 1356 institutione
987 1301 1300 1371 aliquandiu
1333 1317 1636 1367 mansuros,
1656 1302 1930 1357 involucro
1951 1303 2182 1373 quodam

616 1389 890 1446 subtiliter
918 1391 1146 1458 indicat,
1176 1393 1501 1448 animalibus
1525 1408 1704 1462 regem
1730 1408 1834 1447 non
1866 1395 2186 1450 habentibus

615 1497 710 1540 eos
734 1498 1080 1554 comparans.
1115 1487 1407 1540 Exclusum
1460 1497 1638 1542 autem
1693 1488 1758 1542 iri
1794 1488 2082 1543 sacriﬁciis
2132 1499 2186 1544 et

618 1573 856 1646 Iiturgiis
899 1577 1242 1632 sacerdotum
1301 1578 1663 1643 subostendit,
1694 1580 1882 1634 eodem
1914 1579 2031 1635 loco
2071 1580 2185 1634 fore

615 1669 824 1730 dicens,
853 1683 960 1738 quo
998 1671 1331 1736 sacerdotes,
1367 1671 1564 1740 quibus
1596 1671 2009 1727 contradicitur.
2050 1671 2185 1740 Qni-

616 1774 740 1814 nam
769 1769 947 1816 autem
979 1761 1064 1816 isti
1099 1761 1257 1815 sunt?
1282 1763 1513 1832 autquis
1548 1771 1631 1817 est
1661 1763 1914 1820 sacerdos
1941 1765 2027 1819 cui
2056 1779 2186 1819 con-

617 1852 946 1908 tradicitur?
973 1852 1074 1920 Qui
1119 1853 1382 1908 maculam
1411 1861 1464 1907 et
1495 1854 1740 1909 morbum
1776 1854 1958 1910 carnis
1991 1856 2180 1921 habet,

2289 667 2508 736 τρόπως
2559 665 2862 735 ἐκφέροντα
2904 664 2973 718 τὰ
3015 664 3150 735 πρὸς
3195 665 3354 718 αὐτὸν
3398 666 3660 735 εἰρημένα
3709 664 3863 735 παρά

2289 757 2449 810 Θεοῦ.
2483 759 2718 810 Ἤκουσε
2753 755 2851 827 μὲν
2889 755 2996 826 γὰρ
3022 755 3284 827 ἐναργῶς,
3314 757 3396 808 ὅτι
3424 756 3635 826 ἡμέρας
3661 757 3860 820 πολλὰς

2290 849 2619 920 καθήσοντσι
2671 849 2721 900 oi
2773 849 2880 902 υἱοὶ
2921 846 3176 919 Ἰσραὴλ,
3216 849 3315 900 οὐκ
3361 847 3510 910 ὄντος
3560 847 3856 917 βασιλέως,

2289 941 2408 995 οὐδὲ
2435 941 2713 1011 ἄρχοντος,
2751 941 2850 993 οὐκ
2877 938 3042 1009 οὔσης
3073 939 3283 1000 Θυσίας,
3314 937 3435 990 οὐδὲ
3476 938 3630 1000 ὄντος
3669 937 3861 990 θυσια-

2290 1031 2536 1102 στηρίου,
2569 1031 2691 1084 οῦτε
2725 1032 2765 1082 ἱε
2778 1031 3014 1102 ρατείας,
3050 1027 3171 1082 οῦτε
3204 1030 3399 1098 δήλων.
3431 1029 3774 1102 ’Υποτρέχων
3799 1030 3859 1082 δὲ

2289 1120 2478 1191 ὥσπερ
2497 1121 2658 1185 αὐτὸς
2679 1121 2786 1174 τῶν
2818 1121 3180 1191 ἀκροωμένων
3205 1122 3267 1173 τὸ
3286 1121 3537 1190 ἀχάλινον
3560 1121 3639 1183 εἰς
3662 1121 3853 1188 ὀργὰς,

2290 1213 2708 1282 ὑπεσταλμένως
2763 1211 3010 1280 ἐλέγχει,
3050 1213 3144 1263 xai
3187 1211 3521 1280 συμμέτροις
3565 1209 3857 1277 ἀσαφείαις

2287 1305 2644 1368 κατασκιάζει
2684 1304 2775 1357 τὸν
2822 1304 2998 1371 λόγον.
3052 1303 3174 1354 Ὅτι
3229 1303 3324 1372 μὲν
3373 1301 3481 1372 γὰρ
3537 1300 3857 1370 ἡγουμένων

2288 1397 2412 1466 δίχα
2440 1398 2536 1449 καὶ
2571 1395 2665 1449 τοῦ
2691 1395 3061 1466 βασιλεύοντος
3093 1394 3456 1446 διατελέσουσι
3484 1392 3730 1462 καιροὺς,
3761 1393 3856 1443 καὶ

2285 1488 2729 1558 ἀπαιδαγωγήτοι
2781 1486 3051 1558 μενοῦσιν,
3099 1486 3292 1557 ἰσχνῶς
3326 1485 3711 1548 ὲπαινίττεται,
3745 1484 3858 1545 τοῖς

2287 1580 2396 1634 τῶν
2423 1578 2576 1644 ζώων
2607 1579 2986 1642 ἀῆασιλεύτοις
3017 1577 3364 1648 παρεικάζων
3394 1576 3609 1638 αὐτούς.
3643 1575 3764 1627 Ὀτι
3797 1573 3858 1625 δὲ

2287 1673 2383 1725 καὶ
2431 1670 2633 1723 θυσιῶν
2697 1669 3080 1740 ὲξωθήσονται,
3142 1669 3234 1722 καὶ
3282 1667 3622 1738 λειτουργίας
3669 1665 3853 1735 ἱερῶν,

2289 1764 2609 1832 ὑποφαίνει,
2643 1762 2837 1831 λέγων,
2874 1762 2930 1815 ὲν
2967 1761 3066 1831 ἴσῳ
3113 1759 3440 1830 γεγενῆσθαι
3484 1761 3594 1822 τοῖς
3623 1757 3732 1810 τῶν
3779 1757 3857 1809 ἱε-

2292 1856 2430 1926 ρέων
2453 1854 2910 1924 ἀντιλεγομένοις.
2939 1854 3048 1908 Ka‘t
3081 1853 3222 1916 τίνες
3253 1852 3319 1906 ἂν
3347 1847 3455 1904 εἷεν
3481 1847 3625 1905 οῦτοι
3655 1850 3853 1914 πάλινς

615 1950 670 1996 et
725 1942 930 1998 idcirco
977 1918 1189 2014 liturgia
1236 1944 1569 1999 excluditur.
1617 1945 1728 1998 Aut
1773 1946 1916 1999 enim
1962 1918 2176 2015 propter

2289 1918 2408 2017 ῆτοι
2453 1946 2534 2009 τίς
2576 1948 2604 1999 6
2638 1918 3049 2015 ἀντιλεγόμενος
3094 1942 3303 2015 ίερεύςς
3371 1944 3427 1996 '0
3458 1943 3648 2012 μῶμον
3693 1941 3855 2011 ἔχων,

614 2033 810 2098 cruris,
839 2040 932 2088 aut
967 2034 1244 2090 oculorum
1278 2035 1492 2100 vitium,
1529 2044 1622 2088 aut
1658 2035 2041 2090 contritiouem
2087 2050 2182 2104 pe-

615 2124 718 2190 dis,
743 2134 836 2178 aut
877 2125 1036 2180 aliam
1087 2125 1156 2180 ob
1203 2141 1423 2180 causam
1450 2127 1666 2195 quidam
1705 2126 1880 2182 oIIicio
1927 2129 2181 2183 sacerdo-

614 2218 706 2270 tali
760 2218 1136 2283 movebantur,
1163 2219 1517 2287 quantumvis
1554 2219 1620 2273 de
1655 2220 1796 2273 tribu
1821 2231 1876 2274 et
1917 2220 2179 2289 sanguine

611 2305 740 2360 Levi
793 2316 995 2362 essent.
1048 2307 1101 2360 Id
1131 2307 1271 2375 quod
1314 2308 1496 2362 divina
1532 2307 1618 2362 lex
1658 2322 1753 2377 per
1782 2307 2001 2379 Moysen
2041 2324 2178 2378 pra:-

610 2399 773 2468 cepit.
813 2397 904 2454 Sic
928 2399 1092 2469 igitur
1121 2400 1244 2464 erit,
1276 2399 1473 2469 inquit,
1502 2399 1732 2470 populus
1757 2414 1931 2455 meus.
1966 2401 2175 2456 Etenim

607 2506 729 2545 cum
762 2492 832 2547 sit
875 2505 1031 2546 sacer
1063 2499 1284 2561 prapter
1324 2499 1507 2560 patres
1556 2490 1668 2563 69
1704 2499 1758 2546 et
1797 2491 2047 2560 dignatus
2087 2507 2174 2546 sa-

607 2581 842 2650 criﬁcio,
872 2593 1026 2636 extra
1059 2590 1303 2636 sanctum
1334 2583 1741 2637 tabernaculum
1770 2584 1998 2648 sedebit,
2023 2592 2175 2638 extra

606 2673 905 2744 liturgiam,
938 2683 993 2730 et
1017 2675 1352 2730 sacerdotes.
1384 2672 1500 2728 Non
1528 2676 1671 2728 enim
1703 2673 2056 2739 sacriﬁcium,
2083 2689 2176 2728 ne-

614 2779 723 2834 que
752 2766 974 2820 odorem
1010 2765 1297 2820 suavitatis
1325 2765 1507 2820 olferet
1542 2765 1683 2829 Deo;
1711 2763 1992 2834 mgrntavit
2023 2763 2168 2817 enim

609 2869 716 2909 non
753 2854 865 2925 jam
897 2855 1263 2910 mediocribus
1297 2854 1635 2908 detrimentis
1662 2853 1851 2915 animi,
1877 2860 1932 2906 et
1957 2852 2175 2906 vitiatus

605 2954 690 3000 est
715 2943 900 3010 corde,
934 2952 989 2997 et
1020 2942 1215 2997 merito
1239 2940 1352 3010 jam
1412 2939 1708 3008 rejectitius
1743 2951 1905 3009 atque
1955 2939 2175 2994 odiosus

603 3037 802 3091 evasit.
826 3035 1159 3090 Eventurum
1192 3043 1373 3088 autem
1415 3031 1689 3098 Israelitis,
1725 3041 1782 3086 ut
1820 3042 1874 3085 et
1899 3032 2174 3102 prophetat

609 3137 845 3194 taceant,
890 3128 1188 3183 declaravit
1235 3127 1321 3182 bis
1361 3127 1541 3180 verbis
1575 3142 1588 3177 :
1629 3141 1648 3175 ι
1701 3123 1769 3178 Et
1810 3122 2174 3177 inﬁrma'uitur

605 3221 870 3293 propheta
905 3228 1080 3274 tecum
1106 3257 1124 3284 ,
1167 3235 1187 3270 ι
1223 3218 1517 3273 secundum
1565 3215 1696 3271 illud
1732 3215 1936 3284 utique,
1963 3214 2104 3285 quod
2142 3229 2171 3267 a

608 3309 715 3364 Deo
744 3307 811 3362 ad
865 3307 1078 3361 beatum
1123 3305 1460 3360 Ezechielem
1501 3305 1705 3359 dictum
1754 3313 1880 3358 est:
1916 3322 1935 3356 ‹
1971 3304 2036 3359 Et
2070 3302 2174 3357 lin-

605 3415 764 3471 guam
801 3408 944 3453 tuam
973 3396 1227 3468 alligabo,
1258 3405 1313 3451 et
1345 3397 1456 3451 eris
1491 3405 1695 3460 mutus,
1729 3404 1783 3448 et
1809 3409 1914 3448 non
1937 3395 2047 3448 eris
2073 3395 2175 3449 illis

606 3489 660 3542 in
710 3487 884 3542 virum
942 3486 1319 3556 obiurgantem
1351 3523 1367 3549 ,
1423 3482 1547 3553 quia
1606 3483 1798 3538 domus
1847 3498 2176 3554 exasperans

603 3588 688 3633 est
720 3579 787 3632 ”.
820 3596 839 3630 ι
873 3576 998 3633 Ηωο
1048 3591 1213 3648 porro
1258 3575 1439 3629 omnia
1499 3586 1720 3644 propter
1754 3575 2084 3644 impietatem
2121 3577 2172 3630 in

603 3672 904 3736 Christum,
930 3680 985 3725 et
1010 3670 1216 3725 scelera
1251 3669 1302 3722 in
1330 3669 1620 3738 prophetas
1652 3667 1935 3738 designata
1962 3668 2175 3722 contiu-

605 3772 751 3834 gent.
800 3762 1190 3816 Verumtamen
1241 3773 1347 3812 non
1391 3758 1796 3827 inperpetuum
1845 3757 2172 3813 inﬁrmatum

604 3855 673 3912 iri
716 3854 993 3918 lsraelem,
1037 3853 1131 3907 sed
1182 3865 1276 3921 per
1315 3850 1428 3905 dies
1479 3850 1630 3905 dicit.
1687 3850 1890 3906 Salutis
1931 3852 2071 3907 enim
2122 3862 2176 3906 et

602 3946 976 4003 conversionis
1037 3944 1105 3998 ad
1170 3943 1328 4000 ﬁdem
1407 3951 1618 4013 tempus
1695 3943 1768 3997 illi
1837 3954 2172 4000 reservatum

602 4047 706 4094 est.

676 4327 839 4382 Vrsas.
874 4326 926 4388 5,
964 4327 1015 4380 6.
1057 4326 1215 4381 Nacti
1250 4325 1536 4380 assimilavi
1567 4334 1784 4378 matrem
1818 4335 1982 4381 tuam.
2027 4325 2172 4380 Assi-

602 4419 817 4471 milatus
843 4427 916 4471 est
937 4417 1158 4486 populus
1191 4433 1334 4469 meus
1361 4415 1515 4486 quasi
1543 4431 1641 4469 non
1664 4414 1853 4470 habens
1875 4419 2167 4475 scientiam.

603 4509 743 4574 Quia
770 4509 1038 4563 scientiam
1089 4508 1347 4576 repulisli,
1367 4516 1413 4560 et
1439 4523 1529 4576 ego
1556 4506 1799 4574 repellam
1820 4517 1888 4572 te,
1909 4523 1971 4562 ne
1999 4523 2171 4563 sacer-

2289 2038 2382 2090 xai
2405 2035 2661 2107 ἀρῤώστη
2671 2054 2747 2106 μα
2781 2036 3060 2106 σαρκικόν·
3087 2035 3342 2107 ταύτῃτοι
3367 2034 3459 2086 καὶ
3489 2032 3588 2101 τῆς
3611 2031 3856 2101 λειτουρ-

2285 2128 2412 2198 γίας
2465 2128 2801 2198 εἰργόμενος.
2828 2129 2899 2180 Ἢ
2931 2127 3040 2197 γὰρ
3079 2125 3169 2178 διά
3213 2124 3434 2186 σκέλους
3483 2124 3516 2194 ἦ
3562 2123 3857 2192 ὀφθαλμῶν

2287 2221 2573 2291 ἐπήρειαν,
2606 2221 2639 2290 ἢ
2671 2219 2759 2273 διὰ
2787 2219 3096 2291 σύντριμμα
3127 2217 3303 2279 ποδὸς,
3333 2217 3366 2285 ἢ
3399 2215 3518 2268 καθ’
3549 2214 3743 2284 ἑτέραν
3772 2214 3857 2265 al-

2285 2313 2406 2364 τίαν
2455 2311 2826 2381 ἐξεπέμποντο
2873 2327 3016 2373 τινες
3051 2309 3146 2361 τοῦ
3193 2306 3442 2378 ἱερᾶςθαι
3483 2307 3614 2368 δεῖν,
3677 2303 3856 2358 καίτοι

2284 2402 2565 2471 γεγονότες
2587 2403 2652 2455 ὲκ
2685 2401 2859 2470 φυλῆς
2895 2417 2954 2453 τε
2987 2400 3081 2454 καὶ
3105 2399 3332 2469 αἵματος
3373 2399 3522 2450 Aeni.
3554 2398 3855 2465 Κεχρησμ-

2286 2495 2464 2566 ᾠδηκε
2507 2493 2617 2565 γὰρ
2669 2492 2840 2556 οὓτως
2864 2494 2892 2545 6
2919 2492 3006 2545 διὰ
3050 2491 3293 2553 Μωσέως
3317 2490 3500 2559 νόμος.
3533 2486 3718 2548 Οῦτως
3762 2481 3855 2538 οῦν

2285 2588 2458 2650 ἔσται,
2490 2586 2684 2655 φησὶν,
2701 2587 2729 2637 6
2749 2583 2876 2646 λαός
2896 2601 3018 2654 μου.
3054 2583 3166 2637 Kai
3191 2581 3298 2652 γάρ
3323 2598 3403 2634 τοι
3429 2579 3687 2649 ὑπάρχων
3711 2577 3857 2646 ἱερὸς

2283 2680 2371 2732 διὰ
2401 2680 2527 2742 τοὺς
2565 2677 2830 2748 πατέρας,
2862 2676 2957 2730 καὶ
2982 2675 3072 2729 τοῦ
3103 2675 3248 2728 θύειν
3274 2672 3592 2743 ἠξιωμένος,
3617 2671 3720 2736 ἔξω
3755 2673 3856 2740 τῆς

2284 2773 2445 2840 ἁγίας
2470 2770 2779 2824 καθεδεῖται
2813 2768 3036 2837 σκηνῆς,
3063 2767 3165 2830 ἔξω
3190 2763 3528 2833 λειτουργίας
3548 2763 3642 2814 καὶ
3669 2761 3852 2830 ἱερῶν.

2284 2865 2357 2917 06
2407 2863 2512 2936 γὰρ
2559 2861 2836 2933 προσοίσει
2869 2859 3058 2922 θυσίας
3079 2899 3093 2924 ,
3127 2857 3248 2910 οὔτε
3284 2856 3388 2928 μὴν
3421 2853 3596 2924 ὀσμὴν
3625 2852 3856 2922 εὐωδίας

2283 2958 2486 3012 ἀνοίσει
2515 2955 2590 3027 τῷ
2623 2956 2770 3027 Θεῷο
2813 2953 3241 3026 κατηρῤὡστησε
3267 2951 3375 3021 γάρ
3408 2950 3590 3003 οὐκέτι
3618 2949 3854 3019 μετρίως

2281 3049 2380 3120 τὴν
2405 3053 2484 3113 είς
2513 3047 2636 3102 νοῦν
2663 3049 2948 3119 ἐπήρειαν,
2988 3046 3083 3100 κα)⁴
3110 3041 3556 3112 καταλελώϐηται
3586 3041 3687 3110 τὴν
3716 3057 3847 3110 καρ-

2281 3142 2420 3204 δίαν,
2456 3140 2650 3210 γέγονέ
2691 3157 2748 3193 τε
2785 3139 3010 3201 δικαίως
3041 3137 3402 3206 ἀπόπεμπτος
3435 3134 3569 3206 ήδη,
3618 3134 3713 3186 καὶ
3755 3135 3854 3187 ἀπ-

2282 3235 2608 3306 ηχθημένος.
2642 3234 2764 3288 Ὅτι
2793 3234 2848 3286 δὲ
2878 3235 2990 3295 τοῖς
3025 3229 3087 3296 ἐξ
3124 3230 3341 3302 Ἰσραὴλ
3375 3229 3715 3301 σὀμὸήσεται
3759 3229 3850 3281 καὶ

2279 3327 2339 3379 τὸ
2379 3325 2602 3395 σιγῆσαι
2631 3325 2915 3396 προφήτας
2938 3364 2952 3388 ,
2983 3322 3394 3392 διαμεμήνυκεν
3439 3320 3641 3373 είπὼνο
3681 3338 3700 3371 ι
3742 3320 3852 3372 Kai

2277 3418 2563 3488 ἀσθενήσει
2592 3416 2687 3470 καὶ
2722 3416 3004 3486 προφήτης
3037 3414 3174 3484 μετὰ
3208 3412 3322 3477 σοῦ,
3354 3431 3370 3462 ι
3392 3412 3510 3465 κατ’
3533 3412 3708 3464 ἐκεῖνό
3748 3426 3849 3464 που

2279 3508 2498 3571 πάντως
2527 3507 2587 3559 τὸ
2624 3508 2669 3558 εί
2680 3523 2742 3576 ρη
2753 3507 2912 3576 μένον
2937 3504 3087 3575 παρά
3110 3502 3246 3556 Θεοῦ
3293 3501 3429 3571 πρὸς
3457 3502 3548 3554 τὸν
3578 3501 3850 3576 μακάριον

2289 3597 2573 3668 Ἰεζεχιήλο
2619 3615 2637 3649 ι
2675 3597 2785 3650 Kai
2826 3595 2924 3664 τὴν
2967 3593 3220 3663 γλῶσσάν
3275 3611 3368 3646 σου
3415 3594 3693 3662 συνδήσω,
3757 3592 3850 3645 καὶ

2275 3688 2726 3759 ἀποκωφωθήσῃ,
2770 3687 2865 3739 καὶ
2894 3686 2992 3738 οὐκ
3037 3685 3137 3757 ἔσῃ
3170 3685 3352 3747 αὐτοῖς
3379 3685 3456 3747 είς
3484 3684 3651 3755 ἄνδρα
3692 3682 3850 3736 εὐθῦ-

2276 3798 2454 3848 νοντα,
2496 3781 2662 3850 ῆγουν
2705 3777 3018 3848 ἐλέγχοντα,
3063 3777 3145 3829 ὅτι
3192 3770 3338 3840 οἶκος
3390 3775 3847 3845 παραπικραίνων

2276 3872 2412 3926 ἐστί.
2445 3890 2463 3923 ι
2519 3870 2708 3924 Ταῦτα
2759 3869 2814 3923 δὲ
2859 3869 3036 3924 πάντα
3087 3868 3426 3939 συμϐήσεται
3470 3868 3558 3921 διὰ
3621 3867 3720 3938 τήν
3773 3869 3848 3930 είς

2275 3961 2508 4034 Χριστὸν
2538 3960 2814 4025 ἀσέϐειαν,
2843 3959 2938 4013 xai
2961 3960 3032 4012 τὰ
3061 3960 3141 4022 είς
3176 3960 3461 4030 προφήτας
3499 3957 3845 4029 ἐγκλήματα.

2276 4055 2422 4124 Πλὴν
2445 4054 2546 4107 οὐκ
2579 4055 2658 4116 είς
2688 4051 2839 4106 ἅπαν
2870 4050 3189 4122 ἀσθενήσειν
3214 4051 3309 4104 τὸν
3349 4050 3583 4121 Ἰσραὴλ,
3621 4049 3737 4102 ἀλλ’
3771 4049 3846 4108 εἰς

2275 4146 2486 4218 ⁴ἡμέρας
2532 4145 2684 4217 φησί.
2737 4145 3043 4216 Τετήρηται
3088 4145 3194 4214 γὰρ
3241 4142 3389 4213 αὑτῷ
3433 4141 3708 4213 σωτηρίας
3756 4141 3847 4196 καὶ

2275 4238 2611 4310 ἐπιστροφῆς
2638 4237 2734 4307 τῆς
2759 4236 2833 4298 ὡς
2858 4238 2914 4289 ὲν
2941 4235 3122 4288 πίστει
3155 4236 3363 4306 καιρός.

2343 4330 2529 4385 Νυκτὶ
2576 4330 2851 4397 ὠμοίωσα
2898 4327 3014 4396 τὴν
3050 4325 3274 4396 μητέρα
3318 4341 3453 4380 σου.
3504 4323 3782 4394 Ὡμοιώθη
3815 4325 3845 4378 ό

2271 4423 2422 4487 λαός
2441 4439 2558 4492 μου
2585 4422 2664 4486 ὡς
2691 4421 2800 4474 οὐκ
2823 4420 2981 4489 ἔχων
3006 4417 3252 4487 γνῶσιν.
3279 4419 3396 4468 ’Ὁτι
3422 4415 3502 4470 σὺ
3522 4416 3844 4484 ἐπίγνωσιν

2273 4513 2513 4576 ἀπώσω,
2557 4513 2716 4583 κάγὼ
2748 4513 3061 4578 ἀπώσομαι
3105 4527 3178 4564 σε
3211 4509 3316 4563 τοῦ
3355 4508 3676 4576 ἱερατεύειν
3723 4523 3841 4576 μοι.

599 4603 741 4655 dolio
772 4601 1012 4671 fungaris
1039 4599 1187 4653 mihi.
1220 4599 1284 4652 Et
1312 4599 1472 4653 oblita
1501 4616 1553 4654 es
1585 4600 1711 4670 legis
1742 4598 1843 4655 Dei
1865 4601 1966 4668 tui,
2004 4610 2053 4657 et
2077 4619 2169 4672 ego

2280 4607 2381 4660 Καὶ
2407 4605 2703 4659 ἐπελάθου
2729 4606 2916 4674 νόμου
2947 4602 3094 4658 Θεοῦ
3124 4619 3261 4666 σου,
3291 4599 3452 4669 κάγὼ
3481 4596 3842 4666 ἐπιλήσομαι

599 4694 878 4748 obliviscar
896 4692 1130 4760 ﬁliorum
1164 4701 1393 4747 tuorum.

669 4783 955 4840 XXXVIII.
989 4784 1180 4840 Adhuc
1205 4798 1385 4838 sermo
1415 4782 1560 4837 velut
1587 4784 1652 4838 ad
1683 4782 1989 4840 Judzeorum
2018 4800 2168 4839 mcu-

597 4879 785 4933 dacem
817 4887 871 4931 et
899 4876 1115 4946 impiam
1165 4874 1560 4929 multitudinem
1616 4875 1883 4945 dirigitur.
1942 4874 2165 4929 Matrem

597 4972 714 5037 ejus
747 4970 976 5041 appellat
1011 4967 1371 5038 Synagogam,
1419 4967 1869 5036 quemadmodum
1923 4967 2170 5022 videlicet

597 5066 650 5118 in
679 5063 894 5120 Christo
920 5059 1332 5128 iustiﬁcalorum
1377 5060 1694 5114 Ecclesiam.
1750 5057 1884 5114 Cum
1919 5059 2163 5113 obscuri-

595 5165 706 5212 tate
732 5155 896 5225 igitur
926 5161 981 5208 et
1024 5152 1259 5208 tenebris
1310 5163 1430 5222 apte
1465 5152 1767 5207 Judaeorum
1823 5150 1966 5220 Syna
1992 5166 2161 5220 gogam

595 5247 830 5304 confert.
855 5244 1086 5301 Proinde
1114 5255 1166 5299 et
1194 5244 1627 5313 sapientissimus
1673 5242 1870 5296 Paulus
1903 5243 1968 5297 de
2000 5257 2077 5308 se,
2113 5251 2168 5297 et

597 5342 651 5394 in
680 5337 780 5393 ﬁde
814 5338 1092 5392 lllustratis
1129 5336 1431 5391 rectissime
1465 5353 1478 5388 :
1521 5354 1539 5387 ι
1590 5334 1704 5388 Non
1743 5350 1927 5388 sumus
1969 5335 2162 5397 noctis,

596 5447 695 5486 nec
721 5431 1088 5494 tenebrarum,
1129 5429 1222 5484 sed
1251 5443 1436 5482 sumus
1473 5427 1562 5481 lilii
1600 5427 1732 5482 lucis
1781 5435 1835 5482 et
1878 5427 1982 5481 diei
2030 5428 2097 5481 ".
2138 5447 2156 5480 ι

591 5525 799 5580 Similis
831 5532 919 5579 est
945 5537 1124 5595 porro,
1165 5520 1354 5590 inquit,
1383 5527 1439 5572 et
1485 5518 1708 5588 papulus
1749 5532 1900 5574 meus
1930 5533 2035 5574 non
2069 5519 2165 5573 ba-

593 5616 846 5672 bentibus
885 5614 1190 5679 scientiam,
1215 5611 1462 5681 quamvis
1489 5609 1602 5680 lege
1634 5619 1902 5680 praeeunte
1918 5627 1981 5667 ac
2009 5628 2162 5667 mon-

594 5721 802 5767 straute
833 5710 973 5764 viam
1011 5707 1181 5763 dives.
1219 5704 1447 5760 Vocatus
1470 5704 1613 5759 enim
1641 5705 1706 5762 ad
1736 5705 2017 5761 scientiam
2047 5708 2158 5761 veri

664 5888 710 5920 "
740 5887 877 5942 Osce
911 5901 988 5949 ιιι,
1029 5885 1074 5940 ι.
1154 5885 1198 5916 ’³
1237 5881 1430 5939 Bacch.
1466 5899 1544 5946 ιιι,
1577 5883 1662 5938 56.
1741 5883 1785 5916 ³⁸
1819 5880 1836 5936 l
1876 5882 2066 5940 Thess.
2102 5899 2153 5950 v,
2183 5887 2236 5944 5.

2270 4699 2494 4750 τέκνων
2531 4713 2670 4750 σου.

2338 4789 2467 4843 ΔΗ’.
2502 4789 2622 4841 Ἔτι
2665 4787 2762 4858 μὲν
2793 4781 2885 4840 οῦν
2911 4787 2938 4838 6
2968 4785 3124 4854 λόγος
3152 4782 3226 4847 ὼς
3270 4781 3404 4854 πρὸς
3437 4781 3534 4853 τὴν
3567 4780 3673 4835 τῶν
3714 4781 3839 4833 ’1ου-

2268 4877 2432 4931 δαίων
2471 4875 2789 4948 ἀμαρτοεπῆ
2828 4893 2886 4928 τε
2937 4876 3030 4927 xai
3067 4873 3286 4926 ἀνοσίαν
3330 4871 3560 4942 πληθύν.
3614 4871 3837 4942 Μητέρα

2269 4985 2332 5037 γε
2386 4969 2492 5039 μὴν
2527 4968 2696 5038 αὐτῆς
2741 4968 2992 5038 ὀνομάζει
3042 4966 3140 5037 τὴν
3187 4963 3535 5033 Συναγωγὴν,
3589 4963 3836 5031 καθάπερ

2270 5060 2463 5131 ἀμέλει
2497 5059 2724 5114 καὶτῶν
2766 5060 2823 5113 ὲν
2857 5057 3075 5131 Χριστῷ
3103 5055 3535 5124 δεδικαιωμένων
3581 5053 3679 5124 τὴν
3721 5052 3838 5104 Ἐκο

2272 5153 2518 5223 κλησίαν.
2549 5154 2839 5224 Ἀφεγγείᾳ
2865 5153 3040 5205 τοίνυν
3093 5151 3187 5204 xai
3218 5149 3394 5218 σκότῳ
3423 5147 3742 5220 παρεικάζει
3776 5145 3839 5197 6L-

2272 5247 2442 5309 καίως
2483 5246 2579 5317 τὴν
2613 5246 2720 5300 τῶν
2755 5247 3016 5301 Ἰουδαίων
3050 5244 3396 5314 Συναγωγήν.
3433 5241 3721 5310 Τοιγάρτοι
3752 5237 3838 5290 καὶ

2272 5340 2300 5391 6
2335 5337 2643 5407 σοφώτατος
2692 5338 2899 5401 Παῦλος
2949 5335 3137 5390 ἑαυτοῦ
3181 5353 3240 5388 τε
3282 5335 3441 5405 πέρι,
3493 5334 3586 5385 καὶ
3630 5331 3737 5384 τῶν
3784 5331 3836 5382 ὲν

2271 5429 2451 5482 πίστει
2479 5429 2998 5502 λελαμπρυσμένων,
3031 5428 3088 5486 εὖ
3119 5432 3264 5502 μάλα
3289 5429 3472 5500 φησίνο
3503 5429 3649 5481 «Οὐκ
3678 5425 3834 5495 ἐσμὲν

2266 5524 2480 5589 νυκτὸς,
2511 5524 2630 5578 οὐδὲ
2669 5524 2912 5588 σκότους,
2939 5523 3052 5578 ἀλλ’
3079 5523 3186 5578 uiui
3219 5522 3395 5592 φωτὸς
3421 5520 3516 5574 καὶ
3543 5519 3775 5590 ἡμέρας.
3812 5533 3829 5566 ³

2271 5616 2454 5669 Ἐοικε
2495 5615 2571 5681 δὲ,
2604 5615 2769 5686 φησὶ,
2811 5617 2904 5669 xai
2929 5619 2957 5669 6
2993 5615 3118 5679 λαὸς
3157 5617 3185 5668 6
3223 5615 3356 5685 ἐμὸς
3387 5615 3495 5676 τοῖς
3527 5613 3627 5664 οὐκ
3661 5610 3831 5681 ἔχουσι

2270 5709 2492 5778 γνῶσιν,
2538 5711 2715 5765 καίτοι
2755 5710 2850 5782 τὴν
2901 5710 2989 5765 διά
3043 5709 3207 5780 νόμου
3274 5704 3663 5776 πεπλουτηκὼς
3710 5701 3827 5756 ποδ-
