4094 6546
247 457 346 514 lii

1162 464 1719 525 COMMENTARIUS
1758 469 1823 527 IN
1861 470 2098 528 OSEAM
2138 473 2587 536 PROPHETAM.

3406 489 3508 548 l2!

244 573 431 644 ηγίαν.
461 573 736 646 Κέκληται
768 575 876 648 γὰρ
913 578 1046 649 πρὸς
1080 579 1372 649 ἐπίγνωσιν
1400 583 1494 637 τοῦ
1523 586 1664 639 κατά
1695 586 1818 658 ἀλή-

1936 588 2052 655 Dei,
2089 599 2140 644 et
2169 607 2264 661 per
2289 593 2548 648 miracula
2580 603 2724 650 certa
2757 594 2830 651 illi
2863 596 2994 656 tides
3041 599 3241 658 facta-z
3282 612 3336 658 et
3373 606 3509 661 nihil

246 666 399 720 θειαν
445 665 595 731 ὄντος
635 667 794 731 Θεοῦ,
851 669 1330 742 πεπληροφόρηται
1380 672 1468 728 διὰ
1515 675 1827 745 θαυμάτων,

246 753 522 806 ἐλλέλοιπε
565 754 621 806 δὲ
651 755 928 819 παντελῶς
965 758 1117 811 οὐδὲν
1165 760 1272 812 τῶν
1318 762 1419 814 ὅσα
1455 763 1711 832 φωτίζειν
1743 761 1834 823 οἷά

245 861 308 899 τε
347 847 472 910 τοὺς
513 848 964 918 ὲσκοτισμένους,
1018 850 1109 903 καί
1142 851 1470 920 ἀξιάγαστον
1504 859 1615 920 τοῖς
1662 857 1832 928 εὐμα-

248 936 526 1007 θεστέροις
557 940 761 992 ἐνιέναι
795 940 996 1008 γνῶσιν
1023 942 1122 996 οὐκ
1145 944 1414 1008 ἁνικάνως
1443 946 1574 1016 ἔχει.
1616 948 1832 1019 Ἐπειδὴ

245 1027 304 1080 δὲ
335 1027 560 1092 ἀπώσω,
611 1031 765 1100 φησι,
807 1031 905 1103 τὴν
952 1033 1268 1102 ἐπίγνωσιν,
1299 1037 1543 1092 τουτέστι
1575 1040 1826 1110 Χριστὸν,

245 1116 312 1169 δι’
343 1111 424 1182 οῦ,
454 1119 545 1171 καὶ
576 1122 633 1172 ὲν
657 1114 701 1188 ᾧ
728 1122 980 1192 προσιτός
1008 1141 1068 1176 τε
1100 1125 1214 1194 ἃμα
1247 1127 1341 1180 καὶ
1395 1127 1633 1195 γνωστὸς
1662 1132 1689 1182 ὁ
1722 1131 1832 1185 Πα-

245 1210 370 1279 τὴρ,
404 1210 649 1281 ὲξωθήσῃ
680 1214 860 1266 λοιπὸν
897 1214 990 1266 τοῦ
1033 1210 1174 1268 εἶναι
1207 1217 1370 1288 ἱερὸς,
1407 1220 1500 1272 καὶ
1533 1218 1626 1272 τοῦ
1662 1237 1831 1288 προσ-

246 1299 402 1368 άγειν
449 1300 637 1365 θυσίας
663 1342 678 1366 ,
721 1304 796 1368 ὡς
844 1305 1090 1377 βέϐηλος.
1145 1310 1253 1364 Καὶ
1301 1311 1489 1382 ἐπειδὴ
1531 1312 1636 1364 τῶν
1671 1313 1829 1367 θείων

244 1391 325 1453 είς
355 1391 524 1463 λήθην
563 1395 893 1460 κατώλισθες
931 1399 1132 1469 νόμων,
1169 1402 1306 1471 μήτε
1326 1401 1396 1454 τὰ
1420 1403 1662 1467 Μωσέως
1705 1405 1829 1476 νοή-

244 1496 342 1544 σας
401 1485 817 1554 πνευματικῶς,
859 1489 994 1559 μήτε
1035 1492 1146 1553 τοῖς
1185 1490 1273 1543 διὰ
1322 1491 1561 1562 Χριστοῦ
1607 1494 1829 1548 παιδεύ-

243 1590 414 1643 μασιν
450 1576 626 1646 ίσχνόν
654 1596 713 1631 τε
745 1580 840 1632 καὶ
863 1581 1040 1650 εὐφυᾶ
1078 1581 1167 1636 τὸν
1191 1583 1314 1636 νοῦν
1346 1585 1527 1648 ἐνιεὶς,
1557 1586 1636 1649 είς
1659 1586 1827 1658 λήθην

241 1664 399 1733 κάγὼ
445 1667 552 1721 τῶν
582 1668 691 1722 σῶν
738 1672 898 1724 οἱονεί
944 1689 1060 1736 πως
1110 1674 1549 1746 ὑπενεχθήσομαι
1595 1676 1824 1744 τέκνων,

238 1760 539 1828 τουτέστιν,
580 1764 763 1819 οὐκέτι
797 1770 1175 1839 μεμνήσομαι,
1210 1770 1298 1824 διά
1343 1787 1407 1839 γε
1437 1771 1529 1827 τοῦ
1563 1773 1658 1828 καὶ
1705 1790 1826 1842 φει-

1932 696 2156 751 prorsus
2191 683 2360 738 deluit
2388 683 2650 752 muniunt,
2696 701 3029 760 quaecunque
3062 691 3366 749 illuminare
3418 711 3510 750 ve-

1933 770 2011 825 lut
2050 771 2103 825 in
2137 773 2371 828 tenebris
2399 786 2697 840 versantes,
2731 785 2785 832 et
2819 779 2885 832 ad
2921 782 3293 838 admirabilem
3331 787 3508 840 scien-

1933 863 2062 916 tiam
2108 863 2453 918 inserendam
2485 865 2777 921 suciunt.
2809 866 3070 934 Quoniam
3101 886 3232 925 vero
3263 875 3502 942 repulisti

1931 953 2234 1021 scientiam,
2281 956 2475 1024 inquit,
2511 957 2612 1012 hoc
2647 966 2747 1020 est,
2783 957 3079 1024 Christum,
3114 975 3210 1028 per
3240 977 3423 1031 quem,
3453 974 3508 1017 et

1931 1043 2125 1113 inquo
2178 1047 2360 1100 accedi
2395 1058 2451 1101 et
2487 1049 2739 1117 cognosci
2790 1058 2966 1117 potest
3013 1049 3195 1115 Pater,
3248 1053 3501 1120 repellam

1929 1149 2030 1205 ego
2063 1136 2127 1192 de
2157 1148 2354 1192 caetero
2386 1147 2461 1203 te,
2493 1153 2559 1192 ne
2591 1139 2720 1194 mihi
2751 1141 2826 1194 sis
2852 1151 3090 1203 sanctus,
3120 1151 3173 1195 et
3211 1156 3279 1195 ne
3307 1140 3504 1197 nli‘eras

1932 1228 2058 1280 mihi
2092 1230 2440 1295 sacriﬁcium,
2470 1239 2654 1300 utpote
2701 1231 2978 1300 profanus.
3036 1233 3101 1286 Et
3144 1234 3398 1302 quoniam
3448 1234 3500 1287 in

1929 1319 2250 1374 oblivionem
2276 1321 2578 1376 divinarum
2606 1323 2778 1391 legum
2817 1322 2995 1390 lapsus
3022 1338 3098 1389 es,
3134 1339 3304 1392 neque
3343 1323 3504 1378 intel-

1929 1409 2104 1466 lexisti
2137 1410 2367 1467 Mosaica
2399 1416 2768 1484 spiritualiter,
2816 1433 2989 1486 neque
3017 1419 3313 1472 doctrinam
3346 1419 3504 1473 Chri-

1927 1501 1997 1555 sti
2028 1513 2216 1558 exacte
2249 1515 2455 1562 etcum
2503 1508 2764 1562 industria
2811 1510 3285 1578 comprehendisti,
3338 1511 3499 1564 etiam

1927 1607 2028 1662 ego
2056 1595 2108 1648 in
2128 1595 2452 1652 oblivionem
2482 1606 2694 1653 tuorum
2730 1600 2838 1670 70
2864 1600 3091 1655 filiorum
3137 1602 3284 1657 velut
3326 1602 3501 1674 prola-

1927 1684 2046 1752 bar,
2090 1685 2193 1742 hoc
2232 1697 2334 1753 est,
2375 1689 2660 1744 immemor
2691 1705 2804 1757 ero,
2856 1701 2913 1745 ut
2945 1707 3038 1747 eos
3075 1693 3400 1762 indulgentia
3445 1703 3500 1748 et

1926 1779 2290 1835 sollicitudine
2329 1781 2538 1852 dignari
2570 1782 2835 1838 desinam.
2865 1785 3101 1852 Quorum
3133 1786 3275 1840 enim
3307 1785 3496 1854 digna-

237 1851 365 1917 δοῦς
418 1857 511 1907 καὶ
539 1858 819 1926 φροντίδος
847 1859 1051 1924 ἀξιοῦν.
1079 1857 1179 1916 Ὧν
1207 1863 1316 1934 γὰρ
1339 1863 1481 1929 ἀξιοῖ
1518 1863 1818 1935 μεμνῆσθαι

1930 1880 2016 1925 tur
2069 1851 2545 1940 recordaripillos
2599 1890 2694 1929 sua
2749 1851 3079 1945 benignitate
3136 1851 3495 1947 prosequitur.

238 1947 407 2014 Θεὸς,
454 1951 665 2014 τούτοις
716 1953 816 2024 τὴν
875 1955 1009 2008 ἰδίαν
1067 1956 1330 2026 ἀπονέμει
1386 1955 1813 2028 φιλανθρωπίαν.

1922 1961 2130 2018 Oblitus
2152 1972 2234 2018 est
2261 1973 2439 2020 autem
2482 1975 2536 2020 et
2565 1966 2722 2020 aliter
2751 1943 2945 2021 divinae
2993 1943 3150 2037 legis,
3198 1977 3257 2022 et
3305 1943 3499 2034 repulit

250 2041 580 2098 Ἐπελάθετο
636 2045 692 2100 δὲ
747 2047 842 2099 καὶ
893 2046 1097 2120 ἑτέρως
1138 2047 1231 2102 τοῦ
1281 2047 1428 2102 θείου
1476 2049 1676 2120 νόμου,
1725 2049 1816 2104 καὶ

237 2135 501 2190 ἀπώσατο
546 2138 643 2210 τὴν
685 2139 979 2210 ἐπίγνωσιν
1022 2143 1479 2216 είδωλολατρήσας
1512 2144 1540 2196 ὁ
1578 2145 1819 2216 Ἰσραήλ.

309 2228 472 2282 Κατά
511 2230 575 2283 τὸ
613 2230 848 2300 πλῆθος
881 2234 1098 2300 αὐτῶν,
1150 2236 1337 2302 οὕτως
1388 2237 1656 2306 ῆμαρτόν
1690 2255 1812 2308 μοι.

241 2319 365 2388 Τὴν
395 2320 584 2386 δόξαν
614 2323 814 2378 αὐτῶν
839 2327 928 2392 εις
954 2326 1196 2397 ἀτιμίαν
1220 2328 1497 2397 θήσομαι.

308 2498 432 2554 ΛΘ’.
488 2499 852 2572 Ἦμερότητος
884 2502 980 2561 μὲν
1023 2502 1238 2574 ἁπάσης
1268 2503 1363 2557 καὶ
1399 2505 1572 2575 πηγὴ,
1604 2505 1698 2559 καὶ
1725 2505 1816 2575 γέ-

230 2606 403 2653 νεσις,
434 2589 527 2641 καὶ
576 2590 900 2660 αὐτόχρημα
927 2590 986 2644 τὺ
1015 2591 1216 2660 ἀγαθὸν
1247 2595 1280 2666 ή
1331 2593 1451 2646 θεία
1483 2594 1544 2648 τέ
1575 2597 1690 2648 ἐστι
1724 2597 1816 2650 καὶ

233 2681 546 2752 ἀπόρρητος
588 2681 767 2750 φύσις.
817 2683 962 2754 Πλὴν
989 2684 1089 2737 οὐκ
1134 2684 1366 2738 εἰσάπαν
1407 2686 1519 2740 τῶν
1559 2686 1816 2759 πλημμε-

233 2773 469 2827 λούντων
495 2773 762 2844 ἀνέχεται,
795 2779 906 2838 τοῖς
934 2776 989 2828 δὲ
1028 2775 1295 2847 ἀχαλίνως
1335 2780 1414 2844 είς
1443 2776 1600 2831 τοῦτο
1644 2779 1814 2844 ίοῦσι,

235 2865 336 2928 τὰς
361 2866 542 2930 αὐτοῖς
575 2866 886 2937 πρεπούσας
914 2869 1160 2940 ἐπιφέρει
1187 2869 1366 2934 δίκας.
1395 2871 1712 2940 Ἀφικέσθαι
1753 2871 1816 2942 δὴ

233 2954 330 3010 οὖν
368 2959 446 3020 είς
469 2957 625 3011 τοῦτο
663 2959 992 3030 φαυλότητος
1029 2960 1420 3034 διισχυρίζεται
1455 2962 1545 3016 τὸν
1579 2963 1814 3034 Ἰσραὴλ,

241 3048 318 3114 ὡς
351 3049 534 3102 οὐκέτι
574 3049 673 3120 μὲν
702 3051 889 3121 οίστὴν
935 3051 1187 3120 γενέσθαι
1213 3053 1312 3123 τὴν
1341 3054 1618 3118 ἀπόνοιαν,
1651 3055 1818 3124 ἰσάρι-

234 3140 375 3209 θμον
403 3139 459 3191 δὲ
489 3139 676 3210 ὥσπερ
706 3141 889 3204 αὐτοῖς
940 3144 1166 3213 ὁρᾶσθαι
1196 3144 1294 3215 τὴν
1326 3145 1624 3216 ἁμαρτίαν.
1656 3147 1818 3198 Αὐτοὶ

235 3231 342 3302 μὲν
364 3231 470 3302 γὰρ
500 3227 638 3302 ἦσαν
666 3249 683 3282 ι
712 3231 848 3306 ,ὡσεὶ
868 3232 936 3286 τὰ
961 3232 1241 3303 ἀστρατοῦ
1257 3234 1485 3305 οὐρανοῦ
1509 3234 1585 3305 τῷ
1599 3235 1814 3307 πλήθει,

231 3325 334 3378 καὶ
367 3323 446 3384 ὡς
482 3325 514 3393 ἡ
559 3324 740 3393 ἄμμος
778 3325 811 3394 ή
859 3325 1010 3398 παρὰ
1041 3325 1100 3378 τὸ
1132 3326 1306 3395 χεῖλος
1338 3327 1437 3396 τῆς
1459 3326 1754 3398 θαλάσσης,
1790 3350 1807 3379 ι

231 3416 379 3467 κατὰ
405 3413 465 3466 τὸ
492 3414 896 3486 γεγραμμένον.
923 3415 1087 3468 Οὐδὲν
1117 3415 1174 3467 δὲ
1201 3415 1294 3470 τοῦ
1330 3415 1566 3487 πλήθους
1597 3418 1814 3471 ἀποδεῖν

230 3506 345 3577 εφη
369 3506 437 3558 τὰ
458 3505 925 3577 πλημμελήματα.
955 3505 1146 3569 Τοῦτο,
1167 3501 1340 3578 οἶμαι,
1358 3508 1474 3560 ἐστὶ
1503 3509 1562 3561 τὸ
1583 3525 1623 3561 't
1658 3510 1815 3562 Κατά

229 3599 299 3652 τὸ
333 3598 536 3668 πλῆθος
584 3597 785 3661 αὐτῶν,
811 3598 953 3652 οὕτω
1007 3599 1254 3670 ἥμαρτόν
1295 3616 1408 3670 μοι.
1445 3618 1464 3652 ι
1506 3601 1724 3671 Ἐπειδὴ
1758 3601 1814 3654 δὲ

230 3695 319 3757 εἰς
370 3691 527 3746 τοῦτο
575 3692 907 3747 κατώλισθον
971 3693 1281 3764 ἀθλιότητός
1326 3709 1388 3746 τε
1453 3693 1549 3747 καὶ
1593 3693 1816 3748 δυσὸου-

229 3785 390 3846 λίας,
414 3785 508 3837 καὶ
541 3783 660 3855 Θεῷ
693 3784 1123 3856 προσκρούοντες
1159 3786 1220 3839 οὐ
1241 3785 1640 3852 ὃιαλελοίπασι,
1674 3787 1814 3858 (Τὴν

228 3877 395 3944 δόξαν
412 3876 590 3930 αὐτῶν
615 3877 696 3940 εἰς
722 3877 948 3946 ἀτιμίαν
978 3877 1215 3947 ήσθομαι
1235 3892 1250 3908 ·
1283 3896 1302 3928 ›
1333 3878 1632 3945 τουτέστιν,
1659 3881 1745 3948 ἐφ’
1769 3871 1813 3945 ᾧ

234 3969 454 4042 μεγάλα
493 3971 708 4040 φρονεῖν
754 3966 1076 4035 ἐγνώκασιν,
1101 3969 1188 4020 ἐπ’
1213 3967 1364 4037 αὐτῷ
1393 3967 1457 4039 δὴ
1483 3969 1661 4040 τούτῳ
1688 3985 1814 4022 κατ-

227 4059 705 4132 αισχυνθήσονται.
735 4057 857 4121 Πῶς
881 4059 914 4130 ἢ
934 4058 1054 4111 τίνα
1077 4058 1307 4129 τρόπον;
1331 4059 1482 4130 Αὐχη
1492 4061 1676 4130 μάτων
1701 4060 1810 4131 γὰρ

225 4151 637 4210 ἁτωπεσοῦνται
677 4150 784 4204 τῶν
815 4151 908 4204 ἐπὶ
965 4149 1157 4219 πλήθει
1203 4149 1382 4221 πολλῷ
1402 4188 1419 4215 ,
1465 4152 1811 4218 δαπανῶντος

224 4241 330 4297 τοῦ
363 4241 600 4310 πολέμου
629 4241 739 4302 τοῖς
771 4238 1030 4309 μαχίμοις
1061 4238 1196 4308 ὁμοῦ
1226 4240 1320 4293 καὶ
1348 4239 1448 4309 τὴν
1479 4239 1646 4310 ἀλλην
1681 4241 1813 4296 ᾶπα-

230 4349 337 4386 σαν
357 4331 590 4402 ἠλικίαν.
617 4329 912 4399 Κένανδροι
943 4329 1050 4397 γὰρ
1089 4327 1450 4400 ἀπομενοῦσιν
1465 4327 1599 4384 οἶκοί
1625 4348 1684 4384 τε
1719 4332 1813 4386 καὶ

231 4424 444 4486 πόλεις.
472 4422 583 4475 Καὶ
608 4421 695 4473 ἐπ’
717 4421 866 4490 αὐτῷ
898 4421 956 4476 δὲ
985 4419 1157 4491 τούτῳ
1188 4421 1285 4493 τὴν
1319 4421 1578 4476 Ἰουδαίαν
1607 4424 1635 4477 ὁ
1676 4441 1810 4494 προ-

230 4517 415 4586 φήτης
449 4513 717 4584 Ἱερεμίας
738 4511 974 4584 ἐθρήνει,
1001 4511 1202 4580 λέγων⁹
1233 4532 1251 4564 t
1284 4514 1650 4576 Πῶς-ἐκάθισε
1677 4515 1812 4586 μόνη

1918 2054 2226 2120 scientiam,
2257 2055 2413 2110 idolis
2445 2057 2542 2111 abs
2565 2071 2623 2113 se
2650 2057 2808 2114 cultis
2835 2057 3023 2112 Israel.

1990 2233 2153 2289 Vens.
2185 2235 2237 2289 7.
2264 2236 2564 2290 Secundum
2591 2237 2984 2292 multitudinem
3021 2253 3220 2304 eorum,
3256 2237 3331 2291 sic
3373 2253 3494 2306 pec-

1917 2339 2162 2382 caverunt
2220 2330 2370 2382 mihi.
2419 2329 2658 2385 Gloriam
2704 2347 2884 2385 eorum
2925 2331 2982 2384 in
3020 2330 3360 2401 ignominiam
3405 2345 3498 2382 uo-

1918 2435 1984 2473 ἰα
1991 2436 2059 2471 ιιι.

1983 2507 2224 2564 XXXIX.
2241 2509 2430 2566 Omnis
2443 2508 2867 2566 mansuetudinis
2879 2518 2930 2566 et
2947 2510 3340 2579 fons,etorigo,
3355 2515 3409 2561 et
3422 2521 3498 2560 re-

1917 2617 2043 2656 vera
2061 2602 2259 2656 bonum
2285 2603 2456 2671 ipsum
2484 2602 2664 2658 divina
2681 2611 2736 2657 et
2760 2601 3045 2658 inellabilis
3063 2611 3254 2656 natura
3269 2612 3368 2657 est.
3386 2602 3496 2656 Ve-

1919 2703 2216 2750 rumtamen
2252 2704 2536 2764 peccantes
2605 2709 2712 2748 non
2786 2709 3171 2765 usquequaque
3227 2694 3492 2757 sustinet;

1917 2786 2012 2842 sed
2045 2785 2300 2841 eﬂrenate
2350 2801 2415 2841 eo
2464 2801 2523 2841 se
2572 2787 2844 2852 dantibus,
2906 2801 3097 2855 pinnas
3149 2787 3495 2841 commeritus

1921 2875 2130 2946 iulligit.
2165 2874 2280 2931 Huc
2309 2876 2472 2946 igitur
2503 2877 2767 2932 scelerum
2794 2877 3048 2934 lsraelem
3096 2877 3309 2931 venisse
3353 2876 3497 2930 aﬂir-

1921 2975 2048 3034 mat,
2085 2977 2144 3021 ut
2182 2969 2418 3022 amentia
2466 2967 2584 3036 ejus
2631 2967 2852 3023 tolerari
2895 2969 3126 3038 amplius
3153 2984 3257 3022 non
3304 2970 3492 3037 possit.

1917 3059 2144 3114 Peccata
2208 3069 2387 3114 autem
2448 3076 2732 3116 numerum
2797 3062 3032 3130 capitum
3103 3061 3497 3130 quodammodo

1917 3166 2160 3220 mquasse
2193 3153 2382 3207 videri.
2414 3152 2516 3222 Ipsi
2561 3155 2704 3208 enim
2734 3165 2892 3208 erant
2935 3173 2954 3206 ι
2995 3153 3141 3208 velut
3177 3153 3345 3208 stella:
3373 3152 3496 3208 coeli

1920 3243 2288 3307 multitudine,
2318 3253 2410 3298 aut
2434 3244 2579 3298 velut
2618 3260 2781 3300 arena
2815 3247 2868 3300 in
2913 3246 3094 3301 littore
3133 3247 3302 3300 maris
3343 3245 3412 3311 ",
3471 3263 3488 3295 ι

1924 3345 1982 3390 ιιι
2023 3338 2280 3403 scriptum
2315 3346 2444 3392 est:
2490 3354 2521 3394 a
2561 3353 2664 3407 qua
2710 3339 3054 3393 multitudine
3103 3340 3178 3392 ait
3223 3353 3326 3392 non
3381 3339 3495 3393 dis-

1921 3440 2147 3492 crepare
2201 3426 2516 3481 delictorum
2558 3429 2791 3496 copiam.
2823 3429 2934 3483 lloc
2965 3437 3068 3492 est,
3104 3431 3317 3498 Opinor,
3359 3446 3378 3474 ο
3412 3443 3497 3482 se-

1921 3517 2154 3572 cundum
2180 3519 2576 3574 multitudinem
2598 3535 2807 3585 eorum,
2826 3521 2903 3574 sic
2921 3519 3443 3589 peccaveruntmihi.
3471 3537 3490 3570 ι

1923 3607 2024 3664 Ubi
2059 3619 2239 3664 autem
2275 3625 2340 3665 eo
2374 3611 2606 3666 miseria:
2643 3612 2990 3682 stultitiaeqne
3028 3613 3380 3675 devenerunt,
3437 3623 3496 3664 ut.

1923 3697 2032 3752 Deo
2063 3712 2205 3767 aegre
2235 3697 2414 3754 facere
2443 3715 2547 3754 non
2574 3701 2914 3764 desisterent,
2952 3701 3048 3765 ait,
3082 3721 3101 3754 ‹
3139 3701 3378 3758 Gloriam
3401 3717 3496 3756 eo-

1921 3805 2040 3844 rum
2066 3791 2118 3843 in
2147 3791 2495 3860 ignominiam
2522 3808 2739 3862 ponam,
2772 3812 2791 3846 ι
2827 3795 2928 3849 hoc
2962 3804 3061 3860 est,
3093 3804 3310 3863 propter
3351 3795 3493 3863 quod

1919 3879 2112 3934 eﬂ'erre
2134 3896 2194 3935 se
2225 3881 2528 3949 voluerunt,
2568 3894 2788 3953 propter
2835 3886 2936 3940 hoc
2980 3885 3152 3954 ipsum
3204 3886 3496 3940 dedecora-

1919 3970 2136 4036 buntur.
2168 3970 2404 4038 Qui,aut
2430 3989 2663 4042 quonam
2696 3975 2893 4030 modo?
2925 3975 3187 4029 Amittent
3217 3975 3358 4029 enim
3403 3989 3497 4027 oc-

1919 4064 2192 4119 casionem
2226 4062 2488 4133 gloriandi
2522 4063 2587 4119 de
2613 4064 2979 4130 multitudine,
3026 4064 3165 4120 bello
3215 4078 3320 4117 una
3372 4077 3492 4116 cum

1919 4154 2269 4211 bellatoribus
2299 4156 2560 4225 reliquam
2598 4169 2811 4224 quoque
2841 4164 3054 4210 aetatem
3089 4171 3304 4211 omnem
3333 4155 3496 4208 absu-

1919 4255 2119 4300 mente.
2170 4245 2366 4300 Vacua:
2412 4259 2646 4314 namque
2673 4244 2985 4300 hominibus
3011 4252 3064 4301 et
3100 4245 3290 4300 domus
3319 4254 3373 4296 et
3403 4258 3495 4294 ur-

1917 4338 2015 4393 bes
2040 4337 2352 4393 manebunt.
2377 4337 2457 4392 Ac
2491 4346 2711 4408 propter
2744 4338 2848 4394 hoc
2895 4338 3067 4408 ipsum
3115 4337 3373 4408 propheta
3406 4333 3495 4390 Je-

1919 4429 2117 4484 remias
2142 4426 2380 4484 Judaaam
2416 4428 2644 4486 deﬂebat
2673 4429 2759 4485 his
2784 4429 2947 4486 dictis
2981 4448 2994 4484 :
3041 4448 3060 4482 ι
3097 4429 3377 4497 Quomodo
3409 4442 3495 4482 se-

1919 4521 2010 4576 det
2033 4520 2148 4576 snla
2177 4521 2371 4576 civitas
2405 4520 2557 4588 plena
2609 4520 2842 4591 papulo?
2881 4521 3133 4591 princeps
3182 4519 3491 4591 provincia-

230 4611 269 4679 ὴ
304 4607 457 4669 πόλις
483 4607 517 4676 ή
556 4603 978 4675 πεπληθυσμένη
1022 4604 1200 4672 λαῶν;
1229 4607 1470 4677 ἄρχουσα
1499 4609 1556 4660 ὲν
1589 4608 1812 4679 χώραις,

1922 4628 2036 4667 rum
2063 4612 2202 4667 facta
2229 4622 2314 4666 est
2347 4613 2445 4666 sub
2479 4613 2680 4667 tributo
2713 4611 2779 4665 ".
2812 4631 2830 4664 ι

231 4702 472 4774 ἐγενήθη
514 4703 591 4764 είς
622 4700 803 4771 φόρον.
822 4718 840 4753 ι

312 4797 425 4850 Καὶ
463 4793 664 4864 ἑτέρως
693 4791 748 4845 δέ
776 4807 789 4822 ⁸
816 4790 934 4862 Θεῷ
961 4789 1412 4861 προσκρούοντες,
1459 4789 1676 4860 ἀπάσης
1723 4791 1814 4843 εὐ-

235 4885 426 4947 κλείας
449 4883 525 4946 ὡς
553 4883 808 4936 ἀποτάτω
839 4880 1134 4952 κεισόμεθα
1159 4879 1422 4950 δρῶντες,
1454 4878 1491 4932 ἃ
1521 4879 1597 4949 μὴ
1627 4878 1814 4948 θέμις’

237 4978 338 5033 καὶ
368 4976 450 5045 ἐφ’
482 4969 560 5038 οἷς
591 4972 939 5045 αἰσχύνεσθαι
971 4973 1076 5042 χρὴ
1100 5010 1114 5035 ,
1167 4971 1252 5022 ἐπ’
1285 4970 1467 5032 αὐτοῖς
1499 4968 1562 5039 δὴ
1610 4968 1818 5032 τούτοις

238 5068 356 5123 ἐσθ’
386 5069 473 5122 ὅτε
511 5064 1034 5136 μεγαλαυχούμενοι,
1077 5063 1170 5117 καὶ
1199 5061 1407 5131 ὑψηλὴν
1444 5061 1689 5129 αἴροντες
1719 5060 1818 5130 τὴν

237 5159 418 5229 ὀφρύν
438 5176 450 5190 ·
482 5158 559 5220 ὼς
581 5157 802 5219 δικαίως
832 5154 1084 5222 λέγεσθαι
1117 5155 1210 5207 καὶ
1238 5153 1364 5224 περὶ
1398 5153 1573 5223 ἡμῶν
1611 5173 1629 5204 ι
1652 5149 1752 5206 Ὧν
1783 5155 1814 5224 ἡ

239 5250 370 5314 δόξα
397 5249 454 5301 ὲν
485 5250 550 5318 τῇ
584 5245 815 5318 αἰσχύνῃ
837 5244 1036 5297 αὐτῶν.
1065 5263 1087 5295 s
1131 5242 1339 5296 Οὐκοῦν
1367 5243 1464 5298 καὶ
1493 5243 1633 5296 κατὰ
1664 5244 1813 5298 τόνδε

238 5343 337 5395 τὸν
385 5340 508 5393 νοῦν
553 5337 748 5407 ὲκδέξῃ
801 5336 960 5392 πάλιν
1005 5335 1066 5388 τὸ
1107 5334 1414 5406 εἰρημένον,
1454 5353 1472 5383 ι
1510 5334 1621 5405 Τὴν
1663 5334 1818 5400 δόξαν

245 5431 430 5488 αὐτῶν
464 5433 543 5495 εἰς
570 5430 793 5502 ἀτιμίαν
822 5430 1112 5500 θήσομαι.)
1138 5429 1259 5481 Ὅτι
1293 5427 1402 5498 γὰρ
1439 5425 1819 5497 παραδίδονταί

243 5542 392 5588 τινες
427 5543 445 5574 ι
487 5525 567 5586 εἰς
593 5522 845 5593 ἀδόκιμον
875 5521 1018 5584 νοῦν,
1050 5522 1222 5572 ποιεῖν
1249 5519 1318 5573 τὰ
1349 5518 1425 5589 μὴ
1454 5518 1814 5589 καθήκοντα,ι

243 5615 369 5678 πῶς
406 5614 554 5669 εστιν
583 5613 929 5685 ἀμφιϐαλεῖν,
959 5611 1052 5666 τοῦ
1091 5611 1360 5684 μακαρίου
1393 5610 1603 5665 Παύλου
1638 5609 1822 5680 σαφῶς

245 5707 529 5778 εἰρηκότος
548 5724 564 5773 ;

1988 4790 2163 4844 Aliter
2194 4790 2380 4844 etiam.
2410 4790 2577 4844 Deum
2625 4790 2960 4850 oﬂ'endentes
3011 4793 3081 4846 ab
3123 4792 3270 4848 omni
3325 4791 3492 4862 gloria

1918 4879 2230 4950 longissime
2260 4880 2594 4946 recedemus,
2631 4881 2892 4937 facientes
2931 4897 3051 4952 quae
3091 4882 3173 4936 las
3208 4896 3314 4936 non
3349 4891 3435 4937 cst
3476 4899 3488 4936 :

1918 4982 1974 5028 et
1998 4974 2067 5028 ob
2100 4988 2219 5043 qua:
2248 4972 2568 5028 erubescere
2599 4976 2855 5042 oportuit,
2895 4974 2947 5028 in
2989 4976 3055 5029 iis
3088 4974 3218 5043 ipsis
3253 4974 3494 5047 aliquan-

1923 5067 1990 5118 do
2017 5079 2114 5118 nos
2135 5063 2408 5134 jactantes
2438 5072 2494 5118 et
2538 5064 2888 5133 supercilium
2949 5065 3218 5134 tollentes,
3267 5075 3327 5122 ut
3390 5084 3493 5124 non

1921 5155 2116 5224 injuria
2153 5155 2315 5210 etiam
2339 5155 2406 5210 de
2439 5154 2595 5210 nobis
2632 5154 2842 5210 dicatur
2885 5169 2901 5210 :
2954 5175 2972 5208 ι
3032 5157 3273 5226 Quorum
3322 5159 3494 5228 gloria

1919 5247 1974 5300 in
2004 5245 2320 5301 confusione
2372 5246 2612 5317 ipsorum
2665 5247 2730 5300 ’⁷.
2799 5266 2818 5299 ι
2874 5247 3053 5316 Quare
3099 5258 3156 5304 et
3199 5251 3493 5306 secundum

1920 5339 2064 5393 hunc
2099 5353 2316 5392 sensum
2347 5339 2489 5406 quod
2527 5338 2727 5394 dictmn
2758 5350 2838 5395 est
2880 5341 3134 5409 accipies,
3190 5359 3208 5393 ι
3269 5340 3493 5410 gloriam

1921 5444 2109 5484 eorum
2141 5429 2196 5484 in
2227 5429 2574 5499 ignominiam
2614 5446 2829 5500 ponam.
2869 5451 2887 5484 ι
2926 5431 3058 5485 Nam
3090 5432 3350 5502 quosdam
3383 5439 3492 5483 tra'

1923 5520 2065 5573 ditos
2099 5537 2117 5569 ι
2154 5519 2204 5572 in
2239 5518 2523 5586 reprobum
2584 5534 2824 5587 sensum,
2852 5530 2910 5574 ut
2945 5519 3185 5574 lacerent
3226 5532 3344 5587 qua:
3387 5529 3491 5570 non

1923 5612 2249 5668 conveniunt
2276 5611 2344 5677 ⁸⁸,
2380 5630 2399 5664 ι
2435 5627 2531 5666 cur
2561 5612 2842 5684 quisquam
2872 5612 3097 5678 dubitet,
3123 5625 3242 5666 cum
3271 5608 3321 5662 id
3350 5605 3490 5662 Pau-

1924 5706 2008 5761 lus
2037 5704 2320 5776 perspicue
2345 5704 2665 5761 conﬁrmet?

322 5882 370 5913 "
403 5882 539 5938 Gen.
575 5899 707 5950 ml,
746 5884 829 5938 l7.
908 5883 951 5916 ’⁸
995 5884 1194 5941 Thrcn.
1225 5899 1264 5953 ι,
1310 5884 1357 5939 1.
1436 5884 1478 5915 ⁸⁷
1513 5881 1741 5952 Philipp.
1779 5899 1812 5936 ιι

1922 5884 1970 5938 9.
2038 5884 2090 5953 ,θ’
2126 5883 2279 5941 Rom.
2307 5900 2341 5948 ι,
2371 5883 2440 5940 28
