4094 6582
651 489 755 544 125

646 693 1006 762 iniquitatibus
1028 712 1206 749 eorum
1239 696 1493 766 accipient
1531 697 1736 751 animus
1767 713 1966 752 eorum.
2009 695 2075 751 Et
2121 698 2217 752 erit

645 784 777 837 sicut
800 785 1044 854 papulas,
1071 788 1144 840 ita
1169 797 1216 841 et
1249 789 1515 843 sacerdos.

717 876 818 946 71
887 875 999 932 XL.
1036 877 1358 948 Pcrscriptis
1388 879 1565 935 causis
1586 878 1677 934 ira:
1703 879 1756 933 in
1788 878 2214 945 multitudinem,

645 981 947 1022 sermonem
980 969 1046 1021 ad
1073 984 1288 1024 sacrum
1316 969 1558 1026 ordinem
1589 969 1865 1034 transfert,
1889 972 2217 1025 convenien-

649 1067 750 1122 ter,
770 1068 823 1112 ut
849 1074 949 1130 ego
977 1062 1173 1126 sentio,
1210 1061 1257 1115 ei
1281 1061 1422 1130 quod
1459 1061 1615 1116 modo
1649 1077 1678 1115 a
1711 1061 1863 1116 nobis
1886 1062 2086 1116 dictum
2112 1071 2214 1128 est,

651 1148 904 1218 «gloriam
923 1165 1104 1205 eorum
1125 1153 1176 1206 iu
1198 1152 1544 1222 ignominiam
1569 1169 1780 1223 ponam.
1798 1151 2005 1208 iGloria
2023 1155 2217 1224 quippe

645 1237 948 1294 Judteorum
987 1241 1285 1312 Synagogze
1308 1252 1388 1296 est
1406 1253 1650 1298 sanctum
1669 1252 1719 1298 et
1744 1243 2001 1298 selectum
2024 1260 2212 1314 genus.

643 1325 932 1396 Operietur
966 1330 1147 1400 itaque
1195 1333 1512 1403 ignominia.
1547 1333 1739 1402 inquit,
1775 1343 1829 1389 et
1867 1335 1934 1388 ad
1982 1335 2214 1390 dedecus

645 1419 975 1477 devolvetur.
1009 1422 1123 1488 Qua
1164 1425 1230 1478 de
1260 1425 1460 1478 causa?
1492 1424 1754 1488 Quoniam
1789 1424 2046 1496 neglectis
2093 1441 2213 1497 qua:

643 1523 711 1562 ex
745 1510 981 1581 ipsorum
1033 1515 1207 1569 oliicio
1255 1525 1432 1580 erant,
1487 1518 1552 1571 ad
1605 1517 1957 1572 defectionem
2010 1519 2212 1574 seducti

644 1613 787 1670 sunt,
837 1621 1012 1674 neque
1060 1622 1214 1661 suum
1265 1609 1623 1678 principatum
1676 1620 2049 1669 servaverunt.
2097 1609 2210 1666 Non

643 1692 884 1746 scierunt
936 1695 1199 1750 rationem
1260 1698 1568 1752 sacerdotii.
1626 1697 1743 1753 Non
1798 1699 2209 1767 cogitaverunt,

645 1797 667 1831 ε
704 1783 844 1850 quod
870 1795 1088 1853 peccata
1117 1788 1294 1856 populi
1329 1789 1431 1844 mei
1468 1790 1776 1856 comedent,
1811 1789 1936 1844 etin
1961 1789 2214 1860 iniquita-

646 1873 790 1930 tibus
817 1890 1002 1930 eorum
1044 1879 1312 1946 accipient
1361 1879 1816 1934 animas‘eorum.
1875 1900 1895 1934 ι
1949 1881 2208 1948 Quoniam

641 1979 773 2020 vero
799 1969 974 2022 oratio
1008 1969 1295 2036 plurimum
1326 1970 1674 2025 obscuritatis
1704 1971 1886 2035 habet,
1926 1986 2024 2041 age
2067 1988 2210 2028 nunc

642 2070 740 2123 pro
765 2057 900 2111 virili
926 2059 1184 2124 dicamus,
1211 2075 1318 2130 quo
1342 2071 1500 2130 pacto
1529 2076 1646 2115 eam
1673 2061 1972 2130 intelligere
1996 2063 2206 2118 deceat.

643 2149 836 2204 Hircus
876 2152 941 2206 de
973 2155 1149 2220 capris
1190 2169 1285 2224 pro
1315 2164 1538 2224 peccato
1567 2154 1932 2222 mactabatur;
1967 2155 2037 2210 ob
2073 2155 2209 2212 hanc

641 2256 857 2295 causam
885 2243 1046 2298 etiam
1090 2244 1410 2300 sacriﬁcium
1441 2247 1739 2302 vocabatur
1773 2260 2071 2316 peccatum.
2105 2248 2210 2302 Ve-

641 2349 758 2387 rum
792 2334 1075 2391 oﬂ'erentes
1103 2353 1262 2407 super
1295 2338 1464 2392 altare
1496 2339 1702 2393 hircum
1729 2339 1797 2404 ”,
1832 2341 1921 2409 qui
1951 2356 2048 2410 pro
2078 2350 2210 2395 tem-

639 2436 768 2490 pore
809 2435 962 2478 erant
1001 2425 1332 2490 sacerdotes,
1382 2424 1677 2480 ollerebant
1723 2428 1937 2497 quidem
1988 2439 2108 2483 exta
2155 2441 2209 2484 et

637 2514 849 2582 adipem
879 2514 916 2575 ⁸,
954 2515 1160 2584 reliquo
1204 2531 1270 2570 ex
1312 2517 1505 2571 divina:
1555 2516 1689 2587 legis
1747 2520 2058 2588 praescripto
2108 2520 2206 2591 ipsi

637 2606 1009 2657 vescebantur.
1044 2605 1230 2675 Itaque
1272 2617 1526 2676 tanquam
1577 2609 1846 2664 mediator
1888 2609 1982 2665 Dei
2019 2621 2074 2666 et
2112 2613 2209 2666 ho-

640 2695 842 2747 ιιιίιιιιιιι
875 2697 1129 2752 sacerdos
1161 2699 1473 2762 assumitur.
1503 2700 1800 2768 suscipiens
1831 2701 2043 2769 quidem
2071 2703 2207 2758 dona

637 2803 666 2838 a
699 2787 914 2856 populo,
944 2798 997 2842 et
1028 2804 1150 2842 cum
1188 2790 1342 2844 altari
1375 2791 1617 2847 dividens
1664 2795 1705 2855 ',
1759 2793 1899 2849 sicut
1948 2799 2207 2866 scriptum

637 2891 739 2943 est,
773 2881 1006 2948 seipsum
1039 2891 1218 2936 autem
1263 2883 1420 2952 quasi
1466 2884 1781 2938 sacriﬁcans
1825 2899 1924 2955 pro
1975 2886 2209 2954 peccatis

637 2969 847 3038 populi;
898 2971 1038 3025 sicut
1091 2973 1343 3028 nimirum
1401 2983 1456 3029 et
1519 2974 1778 3030 Dominus
1823 2987 2007 3032 noster
2053 2976 2209 3033 Iesus

631 3058 904 3116 Christus.
947 3061 1086 3118 Vera
1136 3073 1315 3119 autem
1363 3080 1448 3120 me
1488 3066 1688 3130 dicere,
1723 3075 1914 3121 testem
1944 3066 2207 3122 adducam

638 3153 808 3222 legem
833 3168 998 3223 super
1027 3155 1198 3221 hirco,
1232 3171 1351 3224 quae
1381 3157 1460 3211 sic
1485 3156 1645 3211 habet
1678 3175 1694 3213 :
1727 3176 1746 3210 ι
1784 3157 1850 3211 Ει
1871 3159 2079 3213 hircum
2117 3160 2207 3228 qui

637 3259 734 3312 pro
774 3257 993 3312 peccato
1014 3260 1258 3315 quaerens
1283 3247 1530 3317 quaesivit
1565 3247 1796 3318 Moyses,
1840 3259 1894 3304 et
1935 3250 2022 3304 hic
2058 3265 2209 3304 com-

636 3334 826 3390 bustus
851 3333 1046 3390 fuerat.
1086 3337 1149 3390 Et
1179 3338 1346 3392 iratus
1377 3348 1460 3392 est
1506 3337 1714 3409 Moyses
1761 3350 1947 3394 contra
1989 3341 2211 3396 Eleazar

634 3437 687 3481 et
719 3427 954 3481 Ithamar
984 3427 1121 3482 ﬁlios
1153 3430 1330 3483 Aaron
1361 3431 1600 3497 relictos,
1636 3431 1824 3486 dicens
1874 3448 1890 3486 :
1941 3431 2052 3487 Cur
2103 3447 2211 3487 non

632 3521 945 3575 comedislis
965 3521 1105 3589 quod
1141 3537 1236 3588 pro
1265 3531 1488 3591 peccato
1539 3524 1591 3576 in
1641 3523 1757 3578 loco
1806 3525 2032 3579 sancto?
2076 3524 2210 3591 Quia

633 3613 778 3666 enim
809 3611 1006 3668 Sancta
1039 3622 1349 3667 sanctorum
1387 3623 1489 3676 est,
1531 3615 1634 3670 hoc
1676 3616 1821 3670 dedit
1849 3615 2000 3670 vobis
2065 3632 2212 3670 com-

635 3702 814 3767 edere,
836 3713 892 3757 ιιι
909 3703 1165 3758 auferatis
1193 3715 1474 3773 peccatum
1495 3715 1687 3769 cintus,
1714 3715 1767 3761 et
1793 3706 2094 3777 propitietis
2115 3723 2211 3777 pro

634 3796 716 3849 cis
748 3811 928 3848 coram
959 3795 1185 3849 Domino
1207 3796 1250 3849 ⁸.
1300 3813 1318 3848 ι
1369 3795 1528 3851 Vides
1564 3799 1830 3867 quomodo
1887 3797 2210 3853 mediatores

636 3893 822 3954 agunt,
849 3886 940 3953 qui
970 3887 1151 3939 divino
1178 3885 1336 3940 altari
1387 3897 1585 3952 astant,
1627 3902 1723 3958 pro
1765 3898 1987 3958 peccato
2031 3888 2205 3942 oblata

636 3977 1004 4042 comedentes,
1033 3989 1084 4031 et
1111 3978 1431 4034 castissimis
1462 3980 1866 4048 precibusiram
1903 3979 1954 4032 in
1977 3993 2206 4047 peccan-

637 4079 717 4123 tes
748 4069 1065 4123 intentatam
1107 4070 1441 4135 amolieotes,
1489 4080 1542 4125 et
1601 4079 1804 4126 tantum
1853 4085 1956 4124 non
1997 4071 2208 4124 animas

635 4175 762 4215 suas
796 4176 893 4230 pro
929 4163 1161 4230 peccatis
1187 4163 1362 4230 populi
1406 4163 1458 4217 in
1504 4162 1724 4216 odorem
1775 4160 2058 4215 suavitatis
2099 4160 2207 4217 Deo

635 4255 1032 4310 sacrificantes?
1058 4253 1207 4309 Sicut
1239 4255 1363 4309 item
1399 4255 1610 4308 divinus
1653 4254 1832 4307 Aaron
1867 4253 2062 4323 populo
2107 4254 2204 4306 ali-

635 4345 770 4397 smni
807 4344 1111 4415 incipiente.
1147 4345 1238 4400 Sic
1266 4346 1409 4399 enim
1457 4344 1716 4413 scriptum
1767 4354 1848 4399 est
1887 4357 1904 4398 :
1944 4363 1964 4396 ι
2009 4345 2204 4399 Thuri-

633 4432 760 4487 bulo
791 4444 1007 4502 arrepto
1048 4443 1101 4489 et
1150 4434 1401 4504 imposito
1440 4433 1806 4503 thymiamate,
1857 4435 2005 4488 stetit
2062 4435 2206 4488 inter

633 4535 875 4581 mortuos
899 4537 954 4580 et
988 4527 1158 4591 vivos,
1198 4535 1254 4580 et
1289 4529 1518 4580 cessavit
1557 4525 1711 4595 plaga
1741 4527 1785 4580 ⁸.
1831 4545 1850 4578 ι
1881 4525 1956 4580 Ita
1992 4542 2205 4597 quoque

1559 469 1562 472 ⁴
1648 488 1706 546 s.
1749 487 2019 546 CYRlLLl
2060 477 2529 547 ALEXANDRINI
2569 493 2891 555 ARClllEP.

722 601 884 658 Vens.
909 600 966 668 8,
1000 603 1052 658 9.
1083 602 1303 658 Peccata
1355 601 1535 672 populi
1578 605 1678 659 mei
1724 607 2010 673 comedent,
2059 615 2106 660 et
2159 605 2214 658 in
2243 610 2290 667 Α

3796 511 3905 569 124

2400 608 2703 678 Ἀμαρτίας
2755 611 2907 666 λαοῦ
2951 631 3071 683 μου
3126 616 3448 688 φάγονται,
3501 623 3598 676 καί
3649 623 3723 676 ἐν
3768 623 3905 690 ταῖς

2320 698 2576 764 ἀδικίαις
2603 701 2801 754 αὐτῶν
2838 702 3136 771 λήψονται
3167 707 3272 770 τὰς
3303 708 3507 778 ψυχὰς
3538 711 3760 766 αὐτῶν.
3792 713 3904 767 Kal

2319 789 2488 843 ἔσται
2519 791 2715 858 καθὼς
2752 796 2786 848 ό
2827 795 2998 860 λαὸς,
3037 796 3225 864 οὕτως
3253 801 3350 855 καί
3381 803 3414 855 ὀ
3451 805 3663 870 ἱερεύς.

2387 881 2478 936 Μ’.
2512 881 2550 934 Γ
2553 880 2804 954 εγραιρὼς
2833 885 2930 948 τὰς
2959 888 3136 952 αἰτίας
3163 890 3260 959 τῆς
3283 893 3360 956 εἰς
3383 892 3443 945 τὸ
3469 892 3673 962 πλῆθος
3702 893 3898 966 ὀργῆς.

2321 971 2671 1041 μεταϐιϐάζει
2713 974 2804 1027 τὸν
2845 975 3002 1042 λόγον
3037 980 3129 1032 ἐπὶ
3165 982 3226 1034 τὸ
3265 983 3453 1054 τάγμα
3482 983 3541 1036 τὸ
3579 986 3744 1057 ἱερὸν,
3795 987 3900 1057 ἀρ-

2320 1059 2472 1129 μόσει
2506 1060 2552 1114 δ’
2573 1061 2658 1127 ἂν,
2705 1061 2780 1126 ὣς
2812 1081 2875 1132 γε
2905 1059 3090 1136 οἶμαι,
3128 1068 3204 1139 τῷ
3235 1071 3409 1142 λόγῳ,
3456 1076 3548 1126 καὶ
3593 1073 3655 1126 τὸ
3695 1075 3900 1146 ἀρτίως

2316 1150 2448 1222 ἡμῖν
2486 1154 2789 1225 εἰρημένον,
2826 1175 2844 1208 ι
2874 1157 2984 1229 Τὴν
3011 1159 3166 1223 δόξαν
3197 1161 3377 1217 αὐτῶν
3423 1166 3503 1227 είς
3531 1165 3762 1235 ἀτιμίαν
3797 1167 3899 1237 θή-

2319 1261 2502 1316 σομαι.
2529 1265 2546 1298 ι
2582 1248 2720 1314 Δόξα
2754 1251 2852 1320 μὲν
2885 1251 2990 1322 γὰρ
3021 1251 3119 1322 τῆς
3154 1253 3419 1308 Ἰουδαίων
3441 1256 3795 1327 Συναγωγῆς,
3839 1258 3900 1310 τὸ

2319 1335 2461 1407 ἱερόν
2515 1339 2572 1392 τέ
2614 1341 2728 1393 ἐστι
2771 1343 2866 1395 καὶ
2895 1343 3190 1398 ἀπόλεκτον
3220 1346 3392 1414 γένος.
3423 1348 3895 1419 Περιὸληθήσεται

2315 1429 2492 1483 τοίνυν
2546 1432 2776 1504 ἀτιμίᾳ,
2831 1436 2997 1504 φησὶ,
3049 1438 3142 1490 καὶ
3203 1441 3586 1511 μεταχωρήσει
3650 1439 3899 1511 πρὸς,τδ

2313 1521 2562 1585 ἀκαλλές.
2603 1527 2713 1580 Καὶ
2736 1526 2822 1580 διὰ
2851 1529 3007 1582 ποίαν
3046 1529 3255 1595 αἱτίανς
3281 1531 3402 1585 Ὀτι
3434 1531 3543 1586 τῶν
3577 1534 3730 1601 σφίσι
3761 1550 3898 1602 πρεμ-

2314 1613 2670 1671 πωδεστάτων
2737 1619 3173 1692 ὀλιγωρήσαντες
3253 1623 3690 1695 παρεκομίζοντο
3759 1623 3900 1694 πρὸς

2291 1706 2632 1766 ἀπόστασιν.
2663 1710 2737 1762 Οὐ
2783 1713 3116 1784 τετηρήκασι
3151 1715 3250 1786 τὴν
3301 1715 3510 1769 ἑαυτῶν
3553 1713 3754 1788 ἀρχὴν,
3796 1715 3897 1768 οὒκ

2313 1794 2556 1863 ἔγνωσαν
2589 1799 2687 1870 τῆς
2728 1801 3024 1873 ἱερωσύνης
3059 1804 3150 1858 τὸν
3183 1806 3410 1876 τρόπον,
3431 1807 3532 1860 οὐκ
3577 1805 3895 1876 ἐνενόησαν,

2321 1904 2339 1938 ι
2369 1887 2488 1942 Ὅτι
2523 1889 2793 1962 ἁμαρτίας
2830 1891 2958 1946 λαοῦ
2992 1907 3091 1964 μου
3137 1896 3418 1965 φάγονται,
3450 1898 3544 1950 καὶ
3571 1897 3629 1950 ὲν
3658 1896 3896 1959 ἀδικίαις

2315 1979 2495 2032 αὐτῶν
2555 1980 2812 2053 λήψονται
2867 1986 2966 2048 τὰς
3022 1987 3199 2057 ψυχὰς
3252 1986 3454 2043 αὐτῶν.
3486 2007 3504 2039 ι
3566 1987 3790 2058 Ἐπειδὴ
3840 1986 3894 2038 δὲ

2317 2068 2570 2141 πλείστην
2605 2071 2716 2144 ἔχει
2743 2075 2840 2144 τὴν
2870 2076 3135 2144 ἀσὰιρειαν
3159 2080 3186 2131 ὁ
3214 2078 3389 2147 λόγος,
3426 2079 3560 2149 φέρε
3591 2079 3784 2142 πάλιν,
3819 2076 3895 2141 ὥς

2315 2154 2423 2218 ἔνι,
2465 2158 2710 2231 λέγωμεν
2757 2163 2837 2229 τὸ,
2880 2165 3028 2228 ὅπως
3073 2166 3138 2220 ἂν
3166 2169 3327 2222 αὑτὸν
3375 2170 3614 2222 νοεῖσθαι
3668 2168 3892 2239 πρέποι.

2299 2247 2559 2320 Χίμαρος
2595 2251 2770 2307 τοίνυν
2803 2254 2862 2319 ἐξ
2900 2257 3070 2325 αἰγῶν
3098 2257 3238 2330 ὑπὲρ
3270 2257 3546 2330 ἁμαρτίας
3590 2257 3890 2326 ἐσφάζετο·

2313 2337 2518 2408 ταύτης
2554 2357 2612 2392 τε
2647 2341 2809 2397 ἕνεκα
2851 2347 2950 2415 τῆς
2988 2347 3166 2411 αἰτίας
3215 2349 3458 2402 ἐκαλεῖτο
3508 2350 3599 2403 καὶ
3646 2348 3896 2420 ἁμαρτία

2312 2429 2375 2482 τὸ
2423 2431 2590 2502 θῦμα.
2643 2434 2801 2489 ’Λλλά
2859 2440 3223 2508 προσάγοντες
3265 2440 3343 2510 τῷ
3388 2441 3766 2512 θυσιαστηρίῳ
3804 2441 3894 2495 τὸν

2313 2519 2545 2593 χίμαρον
2583 2525 2631 2577 οἱ
2674 2526 2813 2580 κατὰ
2851 2531 3076 2599 καιροὺς
3129 2531 3318 2602 ίερετς,
3361 2532 3624 2604 ἀνέφερον
3684 2533 3785 2602 μὲν
3826 2533 3894 2587 τὰ

2316 2614 2562 2670 ἑνδόσθια
2615 2618 2708 2670 καὶ
2745 2620 2844 2690 τὴν
2892 2622 3124 2692 πιμελὴν
3143 2662 3158 2686 ,
3187 2623 3371 2694 ἢσθιον
3397 2624 3452 2677 δὲ
3483 2625 3543 2678 τὸ
3573 2625 3763 2678 λοιπὸν
3794 2626 3893 2678 αὖε

2313 2704 2427 2768 τοὶ,
2471 2705 2629 2760 τοῦτο
2669 2708 2763 2762 τοῦ
2793 2709 2938 2764 θείου
2986 2716 3408 2784 προστάττοντος
3439 2715 3626 2786 νόμου.
3682 2716 3894 2770 Οὐκοῦν

2318 2794 2544 2865 μεσίτης
2569 2799 2598 2850 ὁ
2633 2798 2808 2870 ἱερεὺς
2835 2799 3024 2874 ὥσπερ
3057 2804 3190 2858 Θεοῦ
3241 2805 3336 2858 καὶ
3373 2805 3679 2878 ἀνθρώπων
3715 2825 3892 2880 παρα-

2313 2884 2664 2956 λαμϐάνεται,
2707 2892 2992 2964 δεχόμενος
3025 2894 3124 2966 μὲν
3148 2897 3245 2960 τὰς
3280 2898 3430 2969 παρὰ
3467 2898 3575 2952 τῶν
3609 2899 3758 2953 λαῶν
3787 2899 3892 2952 δω-

2315 2978 2611 3049 ροφορίας,
2675 2985 2768 3037 καὶ
2840 2987 3306 3060 συμμεριζόμενος
3355 2990 3432 3062 τῷ
3491 2992 3890 3064 θυσιαστηρίῳ.

2313 3071 2454 3158 καθὰ
2486 3071 2821 3145 γέγραπται,
2863 3079 3051 3134 ἐαυτὸν
3089 3082 3145 3136 δὲ
3179 3082 3366 3154 ὥσπερ
3406 3085 3710 3157 ἱερουργῶν
3752 3086 3892 3158 ὑπὲρ

2312 3157 2421 3212 τῶν
2457 3159 2549 3213 τοῦ
2585 3161 2716 3216 λαοῦ
2745 3161 3254 3240 πλημμελημάτων,
3288 3173 3538 3245 καθάπερ
3569 3175 3768 3245 ἀμέλει
3799 3157 3892 3228 καὶ

2237 3295 2280 3354 C
2313 3250 2343 3302 ὁ
2369 3250 2573 3323 Κύριος
2615 3255 2772 3326 ἡμῶν
2809 3258 3015 3332 Ἰησοῦς
3040 3266 3067 3316 ὁ
3100 3264 3356 3334 Χριστός.
3385 3267 3507 3320 Ὀτι
3534 3268 3592 3321 δὲ
3639 3267 3840 3337 ἀληθὲς
3863 3271 3893 3324 ὅ

2315 3358 2485 3412 φημι,
2531 3346 2692 3400 αὐτὸν
2724 3351 3025 3423 παραθήσω
3069 3355 3160 3408 τὸν
3190 3357 3282 3409 ἐπὶ
3311 3356 3388 3428 τῷ
3435 3359 3662 3430 χιμάρῳ
3708 3361 3890 3432 νόμον.

2316 3433 2468 3523 ’ῘΕχει
2509 3435 2570 3523 7δέ
2617 3436 2826 3502 οὕτως’
2865 3459 2884 3492 ι
2915 3444 3021 3496 Καὶ
3052 3444 3144 3498 τὸν
3192 3446 3425 3518 χίμαρον
3472 3447 3566 3500 τὸν
3612 3449 3747 3523 περὶ
3795 3451 3893 3520 τῆς

2313 3520 2584 3593 ἁμαρτίας
2631 3525 2809 3595 ζητῶν
2856 3528 3147 3602 ὲξεζήτησε
3177 3535 3428 3602 ’Μωσῆς,
3463 3535 3492 3586 ὀ
3533 3529 3614 3589 δὲ’
3639 3520 3892 3607 ἐμπεπύ-

2314 3630 2482 3683 ριστο.
2517 3617 2626 3669 Καὶ
2658 3618 2913 3690 ἐθυμώθη
2945 3622 3150 3694 Μωσῆς
3179 3624 3272 3678 ἐπὶ
3303 3625 3587 3698 Ἐλεάζαρ,
3619 3629 3718 3681 καὶ
3755 3627 3894 3682 Ἰθά·

2315 3719 2427 3773 μαρ
2455 3706 2582 3768 τοὺς
2613 3707 2762 3771 υἱοὺς
2799 3708 3006 3780 Ἀαρὼν
3035 3711 3162 3776 τοὺς
3201 3713 3768 3786 καταλελειμμένους,
3802 3714 3890 3767 λέ-

2311 3811 2454 3862 γων·
2483 3796 2634 3848 Διατί
2681 3799 2781 3850 οὐκ
2828 3799 3060 3868 ἐφάγετε
3101 3802 3162 3856 τὸ
3210 3804 3337 3874 περὶ
3378 3803 3480 3874 τῆς
3523 3805 3805 3876 ἁμαρτίας
3836 3807 3892 3859 ἐν

2311 3885 2462 3954 τόπῳ
2512 3887 2682 3958 ἁγίῳ;
2709 3889 2831 3942 Ὅτι
2872 3890 2980 3961 γὰρ
3025 3891 3177 3960 ἅγιον
3209 3894 3379 3961 ἁγίων
3423 3895 3779 3959 Each-1061.0
3811 3897 3892 3951 δέ-

2311 3972 2482 4027 δωκεν
2531 3976 2658 4044 ὑμῖν
2695 3981 2913 4045 φαγεῖν,
2960 3977 3046 4031 ἵνα
3085 3979 3320 4050 ἀφέλητε
3353 3980 3452 4052 τὴν
3487 3981 3769 4052 ἁμαρτίαν
3796 3982 3892 4051 τῆς

2313 4066 2662 4136 συναγωγῆς,
2703 4069 2796 4120 καὶ
2824 4067 3155 4140 ἐξιλάσησθε
3180 4071 3309 4141 περὶ
3340 4070 3520 4125 αὐτῶν
3564 4071 3750 4126 ἔναντι
3781 4073 3893 4125 Κυ-

2315 4156 2448 4227 ρίου.
2471 4175 2490 4208 ι
2527 4158 2687 4229 Ὁρᾷς
2724 4159 2872 4223 ὅπως
2900 4162 3240 4230 μεσιτεὺουσι
3288 4162 3357 4216 τὰ
3391 4163 3532 4234 ὑπὲρ
3558 4162 3673 4216 τῶν
3718 4165 3893 4235 ἀμαρ-

2310 4246 2440 4300 τιῶν
2457 4249 2726 4313 ἐσθίοντες
2746 4251 2794 4303 oi
2819 4251 2897 4320 τῷ
2917 4250 3046 4321 θείῳ
3066 4252 3434 4325 θυσιαστηρίῳ
3459 4255 3889 4326 παρεστηκότες,

2310 4341 2406 4394 καὶ
2438 4341 2855 4412 καθαρωτὰταις
2885 4342 3061 4407 λιταῖς
3090 4344 3190 4412 τὴν
3215 4345 3307 4397 ἐπὶ
3333 4347 3448 4408 τοῖς
3481 4346 3891 4417 ἁμαρτάνουσιν

2307 4432 2475 4503 ὀργὴν
2490 4435 2922 4499 κατευνάζοντες,
2958 4437 3052 4490 καὶ
3084 4437 3362 4508 μονονουχὶ
3398 4437 3496 4500 τὰς
3539 4439 3679 4502 ἰδίας
3714 4437 3892 4510 ψυχὰς

2308 4522 2450 4592 ὑπὲρ
2489 4523 2600 4576 τῶν
2640 4524 2733 4577 τοῦ
2777 4524 2908 4578 λαοῦ
2944 4524 3430 4596 πλημμελημάτων
3467 4528 3548 4590 είς
3577 4527 3760 4599 ὀσμὴν
3805 4528 3891 4580 εὐ-

631 4634 693 4674 sc
724 4619 1070 4687 interponens
1104 4620 1297 4674 beatus
1326 4618 1535 4689 Moyses
1560 4617 1817 4672 exorabat
1843 4619 2031 4682 Deum,
2081 4636 2204 4674 cum

2311 4614 2474 4677 ωδίας
2524 4615 2905 4686 καθιεροῦντες
2948 4615 3100 4687 Scip;
3159 4616 3425 4689 Καθάπερ
3477 4617 3671 4688 ἀμέλει
3725 4618 3892 4672 καὶ-6

632 4710 889 4765 Israelita!
921 4711 972 4764 in
1004 4713 1218 4766 deserto
1251 4709 1476 4763 vitulum
1517 4710 1912 4765 conliavisseut.
1947 4713 2052 4782 72
2105 4711 2201 4766 Sc.-

599 4817 602 4820 ·
639 4799 820 4870 ipsum
855 4800 1428 4870 euim'quodammodo
1455 4801 1716 4870 supplicio
1756 4801 2092 4872 subjiciebat,
2117 4818 2206 4856 ro-

632 4906 765 4961 gans
789 4901 844 4946 et
867 4893 1052 4947 dicens
1081 4911 1094 4947 :
1131 4911 1147 4942 ι
1185 4891 1459 4962 Siquidem
1485 4894 1710 4948 dimittis
1754 4893 1883 4962 ipsis
1905 4904 2202 4962 peccatum,

631 4981 842 5038 dimitte
870 4985 992 5037 :siu
1023 4993 1222 5046 autem,
1255 4985 1369 5039 dele
1399 4994 1452 5039 et
1479 5000 1564 5038 me
1605 4985 1670 5039 de
1714 4983 1853 5038 libro
1895 4984 1998 5038 hoc
2047 4999 2205 5052 quem

631 5074 893 5144 scripsisti
923 5075 963 5128 '.
1010 5094 1028 5128 ι
1058 5075 1353 5131 Comedent
1383 5075 1546 5144 igitur
1582 5083 1802 5144 peccata
1853 5072 2032 5142 populi
2076 5073 2204 5138 mei,

632 5165 737 5221 hoc
757 5174 862 5231 est,
889 5166 1154 5221 sacrificia
1185 5182 1280 5236 pro
1316 5166 1551 5235 peccatis
1586 5170 1824 5234 ipsorum
1858 5164 2058 5218 oblata.
2087 5182 2105 5216 ι
2138 5165 2204 5218 Ει

631 5255 685 5308 in
728 5255 1099 5324 iniquitatibus
1143 5273 1327 5312 eorum
1381 5257 1590 5327 (utique
1629 5253 2030 5320 Jsraelitarum,
2091 5255 2204 5311 sive

629 5345 832 5417 populi)
862 5347 962 5418 ipsi
994 5363 1120 5404 suas
1152 5348 1359 5401 animas
1390 5346 1676 5415 accipient,
1713 5361 1730 5392 ι
1777 5359 1892 5410 pro,
1928 5343 2034 5398 Deo
2067 5344 2201 5401 οπε-

631 5444 771 5491 rent.
803 5437 980 5492 Sumit
1004 5439 1147 5492 enim
1176 5436 1355 5490 divina
1387 5437 1667 5504 Scriptura
1701 5449 1886 5489 vocem
1936 5435 2092 5504 hujus
2125 5436 2199 5490 rei

631 5527 1045 5597 signiﬁcantem.
1083 5526 1332 5582 Oblatum
1377 5525 1520 5580 enim
1565 5525 1690 5586 Deo,
1749 5535 1800 5580 et
1858 5535 2113 5596 paratum.
2152 5528 2205 5581 in

634 5618 961 5674 sacriﬁcium
989 5619 1270 5674 dicebatur
1297 5617 1490 5686 accipi,
1522 5628 1576 5672 et
1607 5619 1843 5684 positum
1867 5628 1950 5673 est
1976 5620 2209 5674 vocabu-
2247 5626 2250 5629 '

634 5709 740 5762 lum
779 5711 906 5765 huic
953 5709 1031 5765 rei
1086 5708 1449 5778 exprimenda
1495 5708 1762 5778 imprimis
1809 5710 2056 5766 idoneum
2083 5752 2098 5778 ,
2149 5721 2208 5765 ut

2309 4706 2594 4769 θεσπέσιος
2640 4706 2866 4777 Ἀαρὼν,
2906 4707 3208 4781 ἀρχομένου
3251 4709 3550 4780 θραύεσθαι
3601 4709 3696 4762 τοῦ
3739 4706 3888 4763 λαοῦ.

2307 4798 2616 4867 Γέγραπται
2634 4797 2742 4870 γὰρ
2757 4797 2882 4852 ὡδί·
2907 4818 2924 4850 ι
2946 4799 3018 4852 Τὸ
3036 4802 3258 4870 πυρεῖον
3275 4799 3547 4872 ἀρπάσας,
3563 4800 3658 4852 καὶ
3682 4799 3891 4862 ἐπιθεὶς

2306 4889 2366 4942 τὸ
2397 4887 2670 4960 θυμίαμα,
2696 4887 2845 4959 ἔστη,
2874 4892 3058 4962 φησιν,
3079 4892 3182 4945 άνά
3220 4892 3382 4962 μέσον
3409 4891 3518 4945 τῶν
3552 4891 3892 4963 τεθνηκότων

2308 4983 2402 5034 καὶ
2447 4981 2556 5036 τῶν
2600 4979 2836 5046 ζώντων,
2884 4984 2978 5036 καὶ
3024 4983 3292 5037 ἐκόπασεν
3334 4985 3366 5053 ὴ
3407 4982 3697 5054 θραῦσις.»
3737 4982 3892 5036 Οὕτω

2312 5063 2610 5144 μεσιτεύὲον
2638 5073 2732 5128 καὶ
2760 5075 2789 5126 ὁ
2822 5074 3090 5145 μακάριος
3119 5075 3344 5146 Μωσῆς,
3373 5073 3706 5140 ἐξεδυσώπει
3734 5074 3888 5137 Θεὸν,

2313 5162 2859 5233 μεμοσχοποιηκότων
2887 5163 3026 5216 κατά
3050 5163 3148 5233 τὴν
3177 5162 3384 5234 ἔρημον
3413 5163 3522 5215 τῶν
3558 5162 3618 5229 ἐξ
3650 5161 3886 5234 Ἰσραήλ.

2321 5253 2542 5305 Ἑαυτὸν
2563 5253 2671 5324 γὰρ
2695 5253 2882 5324 ὥσπερ
2907 5252 3129 5323 ὑπετίθη
3153 5257 3220 5324 τῇ
3251 5253 3395 5323 δίκῃ,
3439 5253 3783 5325 παρακαλῶν
3833 5267 3888 5304 τε

2309 5344 2404 5398 καὶ
2445 5344 2650 5412 λέγων’
2693 5363 2711 5394 ι
2756 5345 2819 5396 Et
2875 5344 2974 5413 μὲν
3021 5345 3165 5415 ἀφῇς
3213 5345 3395 5407 αὐτοῖς
3441 5344 3540 5414 τὴν
3593 5343 3886 5416 ἁμαρτίαν,

2309 5435 2443 5504 ἄφες
2460 5450 2473 5463 ·
2497 5437 2544 5490 εί
2568 5436 2623 5489 δὲ
2652 5437 2746 5507 μὴ,
2773 5434 3051 5504 ἐξάλειψον
3081 5434 3224 5505 κάμέ
3252 5436 3316 5488 ἐκ
3341 5436 3445 5506 τῆς
3473 5434 3658 5504 βίϐλου
3685 5435 3888 5504 ταύτης

2312 5521 2379 5596 ἦς
2419 5525 2682 5596 ἔγραψας.
2727 5545 2747 5578 ι
2779 5526 3048 5593 Φάγονται
3097 5525 3276 5580 τοίνυν
3319 5526 3418 5589 τὰς
3455 5524 3743 5597 ἁμαρτίας
3797 5523 3886 5578 τοῦ

2309 5617 2440 5670 ’λαοῦ
2478 5635 2600 5687 μου,
2626 5616 2890 5681 τουτέστι,
2929 5618 2998 5671 τὰ
3025 5617 3166 5689 ὑπὲρ
3196 5617 3480 5687 ἁμαρτιῶν
3519 5615 3887 5688 προσκομιζό-

2315 5725 2451 5780 μενα
2479 5708 2712 5779 θύματα.
2737 5726 2757 5760 ι
2794 5708 2904 5762 Καὶ
2941 5709 3000 5763 ὲν
3030 5711 3148 5770 ταῖς
3171 5705 3408 5770 ἀδικίαις
3433 5705 3640 5770 αὐτῶν,
3677 5724 3698 5758 ι
3733 5721 3886 5760 τουτ-

704 5890 749 5921 ⁹⁸
777 5889 949 5946 Levit.
988 5907 1066 5959 ιι,
1099 5892 1182 5947 15.
1257 5893 1272 5924 ¹
1309 5889 1478 5947 chit.
1518 5905 1597 5957 ιιι,
1629 5889 1679 5944 ’5.
1758 5889 1778 5920 ²
1804 5887 1822 5944 l
1853 5887 1975 5944 Cor.
2011 5905 2062 5952 κ,
2100 5887 2182 5942 ιε.

2311 5885 2443 5943 .cvit.
2478 5899 2531 5950 κ,
2571 5881 2654 5948 l6,
2688 5882 2775 5941 l7.
2847 5884 2870 5914 ‘
2895 5882 3048 5938 Num.
3083 5896 3193 5948 xw,
3215 5882 3264 5936 7.
3343 5884 3362 5914 '
3391 5881 3564 5939 Exod.
3591 5895 3772 5952 xxxii,
3800 5878 3882 5935 22.
