4094 6610
198 522 320 599 ηε

1130 539 1681 598 COMMENTARIUS
1714 538 1781 595 IN
1819 538 2053 595 OSEAM
2091 538 2536 599 PROPHETAM.

3363 544 3468 604 I26

210 664 383 726 ἐστιν,
426 661 485 714 ἐν
529 659 716 732 καιρῷ
752 661 850 732 τῆς
886 660 1100 725 ἀδικίας
1140 661 1350 715 αὐτῶν·
1393 664 1550 734 δῆλον
1590 663 1669 723 δὲ,
1706 663 1788 716 ὅτι

1915 663 2053 717 nodo
2084 663 2213 717 dixi.
2253 663 2435 732 Itaque
2468 663 2520 716 in
2555 660 2828 726 Numeris,
2867 663 3081 731 quando
3108 663 3195 721 lex
3227 664 3291 720 de
3338 681 3469 720 vac-

208 755 322 808 τῶν
368 754 429 819 ἐξ
476 753 720 826 Ἰσραὴλ,
745 754 863 824 ἦτοι
896 754 1005 807 τῶν
1050 754 1221 810 λαῶν·
1262 773 1282 806 ι
1309 756 1470 808 Αὐτοὶ
1515 753 1614 818 τὰς
1656 754 1789 817 ἰδίας

208 847 477 917 λήψονται
525 845 707 916 ψυχὰς
737 865 762 897 ι
790 846 911 899 ἀντὶ
944 847 1058 908 τοῦ,
1098 846 1492 917 προσκομιοῦσι
1524 846 1603 917 τῷ
1650 844 1788 915 Θεῷ.

210 935 436 1004 Δέχεται
472 934 581 1004 γὰρ
631 934 727 1005 τὴν
782 933 926 998 λέξιν
975 936 1009 1005 ἡ
1056 934 1414 999 θεόπνευστος
1455 935 1669 1005 Γραφὴ,
1692 933 1787 987 τοῦ

209 1023 421 1078 τοιοῦδε
461 1027 819 1096 σημαντικήν.
847 1025 922 1080 Τὸ
954 1025 1061 1097 γὰρ
1093 1025 1172 1097 τῷ
1205 1027 1322 1097 Θεῷ
1355 1024 1793 1097 προσκομιζόμε-

210 1133 327 1180 νον,
373 1117 469 1170 καὶ
508 1117 866 1187 εὐτρεπισθὲν
899 1119 978 1181 είς
1025 1117 1236 1183 θυσίαν,
1280 1117 1494 1187 ἐλέγετο
1525 1117 1796 1188 λαμϐάνε-

213 1210 364 1263 σθαι.
408 1210 521 1263 Καὶ
547 1210 582 1280 ἠ
611 1208 756 1275 λέξις
782 1210 1044 1271 τέθειται,
1068 1209 1162 1263 τοῦ
1197 1209 1398 1263 τοιοῦδε
1437 1209 1671 1280 μάλιστα
1693 1227 1791 1280 ση-

217 1302 485 1372 μαντικὴ,
529 1301 781 1373 καθάπερ
824 1300 960 1373 ἔφην
990 1302 1215 1373 ἀρτίως.
1262 1301 1372 1354 Καὶ
1422 1301 1553 1369 γοῦν
1601 1304 1657 1354 ἐν
1686 1303 1797 1364 τοῖς

226 1394 525 1464 Ἀριθμοῖς,
552 1394 641 1446 ὅτε
679 1394 805 1457 τοὺς
844 1394 973 1463 περὶ
1008 1393 1107 1461 τῆς
1133 1392 1420 1462 δαμάλεως
1447 1393 1547 1462 τῆς
1577 1393 1798 1465 πυρρἅ

214 1484 448 1556 ὡρίζετο
475 1484 694 1554 νόμους,
724 1484 827 1555 ἔφη
860 1484 992 1547 Θεὸς
1029 1484 1164 1555 πρὸς
1190 1483 1281 1537 τὸν
1312 1483 1644 1554 ἱεροφάντην
1678 1484 1801 1536 Μω-

219 1574 342 1628 σέα·
370 1593 388 1625 ι
424 1573 573 1645 Αῦτη
603 1576 636 1646 ή
662 1573 910 1646 διαστολὴ
936 1574 1030 1628 τοῦ
1062 1575 1246 1645 νόμου,
1278 1576 1376 1629 ὅσα
1405 1574 1661 1641 συνέταξε
1694 1573 1802 1626 Κύ-

220 1681 368 1735 ριος,
415 1664 621 1733 λέγων·
656 1665 901 1736 Λάλησον
950 1668 1065 1729 τοῖς
1108 1668 1242 1729 υίοῖς
1288 1666 1539 1737 Ἰσραὴλ,
1572 1666 1666 1718 καὶ
1702 1665 1799 1718 λα-

217 1756 464 1811 ϐέτωσαν
488 1757 624 1829 πρὸς
648 1757 705 1810 σέ
727 1757 958 1827 δάμαλιν
982 1757 1215 1829 πυρρὰν,
1239 1757 1486 1829 ἄμωμον.
1519 1776 1537 1809 ι
1558 1756 1804 1821 Ἀκούεις

217 1848 302 1914 τὸ,
323 1848 668 1909 λαϐέτωσαν;
690 1846 936 1899 τουτέστι
957 1845 1493 1918 προσκομιξέτωσαν,
1506 1847 1623 1917 ἦτοι
1638 1862 1805 1917 προσ-

215 1939 599 2008 αγαγέτωσαν.
642 1938 779 2008 Περὶ
815 1936 870 1989 δέ
906 1954 969 2006 γε
996 1937 1089 1991 τοῦ
1135 1935 1634 2008 καθαρισθήσεσθαι
1672 1935 1801 2005 μέλ-

1892 767 1952 806 ca
1985 753 2102 807 rufa
2139 752 2435 814 ferebatur,
2470 752 2603 806 dixit
2640 753 2778 806 Deus
2824 753 2891 807 ad
2922 753 3159 824 Moysen,
3189 770 3471 811 sacrorum

1895 843 2289 910 interpretem:
2337 860 2355 893 ‹
2416 838 2540 894 Haec
2601 840 2877 895 distinctio
2919 842 3075 912 legis,
3139 860 3475 914 quaecunque

1894 933 2177 988 constituit
2216 933 2492 999 Dominus,
2543 931 2729 986 dicens
2766 948 2781 984 :
2818 931 3063 1001 Loquere
3107 934 3229 990 liliis
3284 934 3472 999 Israel,

1898 1035 1953 1080 et
1987 1025 2256 1093 accipiant
2285 1025 2350 1079 ad
2378 1039 2437 1079 se
2474 1036 2689 1078 vaccam
2716 1022 2912 1087 rufam,
2943 1022 3343 1079 immaculatam
3368 1027 3409 1079 ⁸.
3446 1044 3468 1079 ι

1898 1116 2067 1171 Audis
2090 1115 2240 1176 illud,
2270 1116 2575 1184 accipiant?
2626 1115 2729 1170 hoc
2776 1123 2882 1180 est,
2934 1113 3184 1178 oderant,
3234 1117 3347 1170 sive
3381 1118 3475 1171 ad-

1898 1215 2166 1260 moveant.
2203 1207 2275 1261 De
2308 1207 2619 1262 utundando
2672 1216 2850 1260 autem
2892 1222 2920 1260 a
2968 1206 3115 1276 lepra
3160 1223 3347 1263 rursus
3401 1211 3475 1264 ita

1898 1300 1975 1355 ait
2010 1318 2023 1354 :
2062 1319 2080 1350 ς
2125 1300 2442 1369 Egredietur
2470 1301 2726 1356 sacerdos
2757 1310 2909 1354 extra
2952 1309 3153 1363 castra,
3199 1310 3252 1355 et
3279 1302 3478 1357 videbit

1900 1394 2171 1456 sacerdos,
2205 1402 2260 1447 et
2284 1407 2411 1446 ecce
2442 1403 2668 1446 sanatur
2707 1401 2882 1447 tactus
2915 1392 3073 1460 lepra:
3101 1407 3131 1446 a
3160 1393 3387 1461 leproso.
3412 1394 3479 1448 Et

1897 1480 2108 1551 iubebit
2136 1484 2410 1547 sacerdos,
2434 1494 2487 1539 et
2516 1484 2783 1553 accipient
2813 1485 3069 1538 mundato
3096 1484 3229 1539 duos
3261 1500 3479 1553 passer-

1902 1575 2052 1628 culos
2086 1575 2254 1641 vivos,
2288 1590 2451 1644 puros
2478 1577 2523 1629 ⁷.
2563 1594 2580 1627 ι
2622 1577 2757 1630 Cum
2807 1576 2968 1646 igitur
3008 1576 3168 1630 etiam
3203 1577 3270 1630 de
3295 1591 3478 1631 sacer-

1902 1668 2118 1722 d0tibus
2151 1687 2169 1719 ι
2209 1669 2469 1738 accipient
2505 1688 2523 1721 ι
2557 1669 2723 1734 dicat,
2762 1669 2953 1723 merito
3005 1667 3332 1738 intelligatur
3374 1684 3475 1723 vox

1903 1775 2020 1829 pro,
2054 1758 2296 1816 offerent.
2336 1761 2392 1814 In
2453 1771 2692 1830 tempore
2728 1761 3277 1830 igituriniquitatum,
3300 1775 3475 1829 popu-

1904 1849 1939 1903 li
1975 1850 2244 1913 videlicet,
2284 1851 2384 1920 ipsi
2413 1849 2698 1917 accipient,
2734 1850 2834 1905 boc
2863 1860 2965 1916 est,
3020 1847 3248 1903 offerent
3286 1849 3338 1902 in
3389 1864 3479 1905 sa-

1905 1938 2190 2002 criﬁcium,
2220 1949 2273 1994 et
2308 1940 2361 1993 in
2392 1941 2615 1995 odorem
2666 1940 2946 1994 suavitatis
2987 1939 3319 2008 spiritualem
3373 1938 3480 1993 Deo

216 2031 404 2092 λοντος
456 2028 685 2100 λεπροῦ,
723 2028 885 2082 πάλιν
928 2023 1030 2082 ὧδέ
1062 2044 1231 2099 φησι·
1268 2046 1284 2078 ι
1315 2028 1423 2080 Καὶ
1466 2026 1805 2093 ἐξελεύσεται

1915 2032 2119 2086 animas
2158 2048 2303 2098 suas,
2343 2032 2507 2101 probe
2560 2032 2812 2087 nimirum
2859 2042 3262 2097 conversantes,
3311 2038 3364 2085 et
3399 2032 3480 2085 vlo

219 2124 251 2175 ό
284 2123 464 2194 ἱερεὺς
506 2123 610 2189 ἔξω
646 2122 747 2192 τῆς
777 2121 1147 2193 παρεμϐολῆς,
1182 2120 1277 2173 καὶ⁹
1309 2119 1499 2188 ὄψεται
1533 2120 1562 2171 ὁ
1597 2119 1809 2189 ἱερεὺς,

218 2217 316 2270 καὶ
347 2216 455 2269 ίδού
481 2217 679 2286 ίᾶταιὴ
708 2214 818 2286 ἁφὴ
840 2214 938 2284 τῆς
966 2213 1174 2284 λέπρας
1193 2212 1301 2265 ἀπὸ
1326 2212 1422 2265 τοῦ
1445 2210 1667 2282 λεπροῦ.
1694 2212 1802 2265 Καὶ

217 2309 421 2379 πράξει
458 2310 486 2361 ό
521 2308 729 2380 ἱερεὺς,
772 2309 867 2361 καὶ
911 2306 1172 2376 λήψονται
1220 2305 1297 2377 τῷ
1346 2304 1802 2376 κεκαθαρισμένῳ

215 2398 315 2453 δύο
352 2397 562 2469 ὀρνίθια
607 2398 806 2461 ζῶντα,
837 2396 1069 2468 καθαρά.
1100 2415 1117 2446 ι
1151 2397 1320 2449 ’Όταν
1368 2393 1545 2448 τοίνυν
1577 2395 1671 2447 καὶ
1711 2395 1802 2448 ἐπὶ

216 2488 332 2541 τῶν
364 2488 555 2559 ἱερέων
591 2487 672 2550 τὸ,
725 2487 1029 2559 λήψονται,
1055 2486 1225 2555 λέγοι,
1258 2486 1416 2539 νοοῖτ’
1459 2484 1525 2538 ἂν
1579 2485 1803 2548 εἰκότως

217 2579 349 2633 ἀντὶ
377 2580 495 2643 τοῦ,
516 2579 915 2651 προσοίσουσιν,
942 2581 973 2650 ὴ
1008 2580 1179 2650 φωνή.
1209 2578 1297 2632 Ἑν
1325 2577 1502 2649 καιρῷ
1519 2576 1807 2649 τοιγαροῦν

218 2665 335 2717 τῶν
359 2666 603 2730 ἀδικιῶν,
628 2666 737 2720 τῶν
762 2665 857 2720 τοῦ
882 2667 1011 2720 λαοῦ
1045 2667 1306 2737 δηλονότι,
1335 2666 1488 2719 αὐτοὶ
1520 2666 1805 2735 λήψονται,

217 2757 496 2822 τουτέστι,
524 2758 903 2828 προσοίσουσιν
930 2760 1011 2821 είς
1037 2757 1248 2819 θυσίαν,
1281 2758 1373 2810 καὶ
1403 2758 1660 2828 εὐοσμίαν
1690 2756 1809 2828 Θεῷ

218 2847 327 2920 τὴν
356 2850 734 2921 πνευματικὴν
774 2850 872 2913 τὰς
898 2848 1106 2903 ἑαυτῶν
1133 2848 1331 2918 ψυχὰς,
1364 2847 1541 2918 ὀρθῶς
1567 2848 1808 2919 δηλονότι

223 2941 638 3012 πολιτευόμενοι
657 2982 672 3003 ,
717 2942 810 2995 καὶ
843 2940 1226 3011 εὐνομωτάτην
1270 2939 1483 3010 ἔχοντες
1516 2940 1681 3010 ζωὴν,
1716 2940 1812 2992 καὶ

222 3035 300 3089 τά
327 3038 444 3099 τοῖς
478 3034 682 3106 ἱερεῦσι
725 3033 1004 3106 πρέποντα
1042 3036 1257 3105 φρονεῖν
1298 3049 1357 3086 τε
1398 3034 1491 3086 καὶ
1540 3031 1674 3103 δρᾷν
1724 3034 1808 3086 ὅτι

1910 2132 2016 2177 tam
2042 2122 2248 2194 legibus
2290 2123 2516 2178 miriﬁce
2565 2130 2981 2177 consentaneam
3028 2122 3390 2189 traducentes,
3428 2131 3483 2176 et

1906 2228 2026 2284 quae
2053 2213 2425 2269 sacerdotibus
2468 2213 2660 2268 decora
2699 2222 2846 2277 sunt,
2901 2214 3161 2281 cogitare,
3213 2222 3266 2267 et
3301 2212 3479 2267 facere

1907 2320 2117 2360 summo
2145 2306 2324 2361 studio
2353 2305 2638 2360 enitentes.
2672 2303 2856 2359 Potest
2886 2304 3029 2359 enim
3060 2304 3178 2359 talis
3205 2304 3479 2374 populum,

1909 2398 2000 2467 qui
2031 2398 2083 2451 in
2115 2397 2373 2453 oll‘ensam
2407 2399 2500 2453 Dei
2538 2397 2783 2463 incurrit,
2814 2407 2868 2452 ει
2890 2397 3059 2467 legem
3097 2397 3279 2467 inique
3316 2396 3483 2450 viola-

1910 2488 2008 2554 vit,
2038 2487 2091 2542 in
2122 2489 2405 2558 pristinum
2438 2488 2613 2543 locum
2642 2489 2951 2544 restituere.
2983 2487 3483 2551 Verumenimvero,

1912 2580 1979 2633 ad
2020 2579 2121 2634 ltoc
2157 2578 2411 2646 instituti,
2460 2578 2655 2648 inquit,
2691 2584 2796 2633 una
2831 2594 2952 2634 cum
2999 2578 3118 2633 aliis
3163 2578 3296 2647 lapsi
3339 2587 3484 2632 sunt.

1911 2668 2256 2740 ldcircojure
2296 2671 2563 2726 vacabunt
2612 2684 2789 2736 sacra,
2844 2671 3081 2725 cessabit
3139 2685 3377 2734 sacrum,
3434 2677 3491 2722 et

1912 2763 2227 2819 bonorabile
2257 2778 2447 2835 genus,
2500 2781 2520 2816 ι
2572 2764 2677 2818 erit
2717 2762 2945 2833 populus
2986 2770 3045 2817 ut
3085 2762 3341 2817 sacerdos
3394 2777 3409 2814 :
3463 2778 3483 2813 ι

1912 2853 2044 2908 nihil
2073 2855 2337 2924 siquidem
2376 2856 2518 2910 inter
2551 2854 2804 2925 populum
2864 2863 2916 2910 et
2947 2852 3281 2909 sacerdotem
3314 2852 3493 2907 dista-

1911 2942 2010 2998 bit.
2043 2943 2220 3015 Atque
2270 2947 2373 3002 boc
2410 2956 2496 3002 est
2540 2946 2791 3012 fortasse,
2844 2965 2862 2999 ι
2920 2946 3149 3016 gloriam
3204 2959 3392 3001 eorum
3437 2943 3492 2999 in

1913 3036 2267 3106 ignominiam
2293 3053 2511 3107 ponam.
2546 3056 2565 3090 ι

228 3128 474 3198 μάλιστα
499 3125 964 3190 διεσπουδακότες.
1001 3126 1206 3188 Ἱκανὸς
1266 3124 1372 3195 γὰρ
1399 3126 1428 3177 ό
1485 3123 1724 3188 τοιοῦτος
1790 3127 2069 3183 ἀνασῶσαι
2118 3131 2280 3195 λαοὺς
2320 3133 2414 3186 καὶ
2444 3133 2560 3203 Θεῷ
2601 3132 3145 3206 προσκεκρουκότας,
3195 3132 3286 3186 καὶ
3326 3131 3489 3199 νόμον

224 3220 583 3290 ⁴ἠδικηκότας.
612 3218 750 3271 Ἀλλ’
772 3219 821 3271 ei
845 3216 981 3289 πρὸς
1000 3215 1156 3270 τοῦτο
1179 3215 1631 3287 παρειλημμένοι,
1652 3218 1805 3288 φησὶ,
1848 3222 2287 3289 συγκατώλισθον
2344 3228 2455 3288 τοῖς
2513 3224 2711 3289 ἄλλοις.
2735 3223 3002 3295 Ταύτῃτοι
3023 3222 3243 3286 δικαίως
3259 3222 3402 3294 ἀργή
3412 3239 3490 3276 σει

225 3314 304 3368 τὰ
354 3314 503 3384 ίερά,
553 3311 893 3366 πεπαύσεται
937 3310 1000 3363 τὸ
1041 3310 1181 3381 ἱερὸν
1227 3309 1321 3364 καὶ
1351 3311 1530 3381 τίμιον
1567 3311 1755 3379 γένος’
1803 3331 1822 3365 ι
1862 3315 2052 3370 Ἔσται
2081 3318 2109 3370 ό
2162 3318 2286 3383 λαὸς
2325 3319 2400 3381 ὼς
2438 3318 2649 3387 ἱερεύς·
2687 3338 2705 3371 ι
2742 3319 2982 3372 κείσεται
3008 3317 3116 3387 γὰρ
3145 3317 3294 3371 οὐδὲν
3323 3316 3402 3369 ἔτι
3433 3318 3496 3370 τὸ

232 3407 444 3481 μεταξὺ
472 3405 598 3460 λαοῦ
624 3422 682 3458 τε
724 3405 817 3458 καὶ
852 3403 1060 3475 ίερέως.
1105 3403 1214 3457 Καὶ
1245 3404 1404 3456 τοῦτο
1438 3399 1507 3474 ἦν
1537 3404 1644 3475 ἄρα
1679 3406 1759 3471 τὸ,
1805 3425 1823 3457 ι
1854 3409 1964 3479 Τὴν
1995 3409 2151 3476 δόξαν
2176 3411 2355 3464 αὐτῶν
2389 3412 2465 3473 εἰς
2492 3410 2731 3479 ἀτιμίαν.
2759 3428 2777 3461 ι

309 3501 419 3557 Καὶ
459 3498 768 3568 φάγονται,
801 3495 900 3549 καὶ
932 3496 1005 3549 οὐ
1037 3493 1124 3563 μὴ
1158 3491 1614 3563 ἐμπλησθῶσιν
1645 3496 1814 3565 ἐπόρ-

1990 3501 2152 3555 Vsus.
2189 3500 2275 3554 IO.
2303 3498 2369 3552 Et
2406 3499 2689 3562 comedent,
2720 3506 2766 3551 et
2814 3511 2915 3549 non
2950 3491 3339 3562 implebantur;
3380 3493 3492 3562 {or-

226 3608 494 3653 νευσαν,
531 3589 627 3644 καί
658 3590 731 3642 οὐ
759 3586 845 3655 μὴ
878 3582 1383 3641 κατευθυνθῶσιν.

314 3684 451 3738 MA'.
491 3679 678 3741 Ὀδοὸς
711 3676 830 3747 μὲν,
861 3676 935 3740 ὡς
971 3676 1135 3742 ἔοικε,
1166 3675 1266 3739 τὰς
1292 3676 1350 3728 ἐν
1382 3674 1564 3745 ἔργοις
1598 3674 1821 3747 πορείας

230 3776 390 3841 λέγει
417 3790 433 3804 ο
485 3769 767 3826 διαϐοὐλια
811 3769 868 3821 δέ
898 3763 998 3834 αῦ,
1040 3766 1108 3820 τὰ
1162 3769 1227 3821 ἐκ
1280 3767 1556 3838 λογισμῶν
1610 3767 1824 3822 ἀτόπων

233 3866 583 3936 πταίσματα.
640 3860 858 3929 Ἐπειδὴ
888 3859 1086 3922 τοίνυν,
1134 3859 1299 3928 φησὶ,
1345 3859 1675 3931 πεπόρευται
1728 3858 1826 3928 μέν

231 3961 344 4011 οὐκ
386 3954 592 4025 ὀρθῶς,
644 3954 744 4023 τῆς
788 3950 1001 4014 εὐθείας
1056 3948 1426 4014 ἐκνενευκὼς,
1469 3950 1562 4003 καὶ
1611 3949 1828 4019 ἁπάσης

234 4048 436 4119 ῶσπερ
462 4044 804 4115 ἀνοσιότητος
826 4042 1026 4106 ἐλάσας
1049 4041 1253 4114 τρίϐον,
1287 4040 1647 4094 ἐϐουλεύσατο
1675 4039 1732 4092 δὲ
1758 4038 1826 4093 τά

239 4145 472 4197 πάντων
507 4139 763 4211 αἴσχιστά
813 4154 874 4191 τε
920 4138 1015 4190 καὶ
1049 4134 1424 4197 ἐκτοπώτατα,
1458 4132 1549 4187 τὸν
1593 4131 1690 4202 μὲν
1721 4130 1827 4183 τῶν

234 4236 383 4289 ὅλων
415 4233 688 4303 ἀτιμάσας
728 4230 881 4289 Θεὸν,
911 4228 1204 4291 ἀποκλίνας
1247 4226 1305 4280 δέ
1335 4225 1429 4279 καὶ
1459 4223 1622 4287 αὐτὸς
1654 4224 1736 4285 είς
1768 4220 1828 4274 τὸ

238 4323 535 4396 λατρεύειν
580 4321 840 4383 εἰδώλοις,
877 4337 897 4371 ι
941 4318 1242 4389 Ἐκδικήσω
1281 4314 1367 4367 ἐπ’
1395 4311 1578 4376 αὐτὸν,
1626 4330 1643 4363 ι
1676 4326 1832 4363 τουτ-

242 4419 389 4479 έστι,
420 4415 521 4483 τὴν
548 4416 660 4475 τοῖς
703 4410 1168 4481 πλημμελήμασιν
1216 4404 1554 4476 ίσοστάθμως
1600 4401 1830 4473 ἔχουσαν

241 4505 460 4560 ἐποίσω
484 4504 661 4571 δίκην.
691 4503 813 4555 Ὅτι
848 4501 907 4554 δὲ
935 4502 1045 4563 τοῖς
1075 4496 1411 4568 ἀποφοιτῶσι
1443 4495 1542 4564 τῆς
1586 4493 1665 4556 είς
1701 4491 1831 4544 Θεὸν

241 4596 477 4667 ἀγάπης
505 4593 567 4647 τὸ
615 4594 673 4647 ἐν
708 4592 870 4646 παντὶ
927 4590 1176 4659 γενέσθαι
1221 4586 1378 4657 κακῷ
1407 4586 1582 4654 πάντη
1627 4599 1687 4635 τε
1736 4581 1833 4636 καὶ

245 4688 472 4748 πάντως
494 4683 856 4754 συμϐήσεται,
885 4680 1001 4743 πῶς
1026 4679 1171 4733 ἐστιν
1194 4675 1550 4748 ἀμφιϐαλεῖν;
1579 4670 1699 4725 οὐτε
1724 4670 1833 4742 γὰρ

244 4777 426 4849 ὀρθήν
452 4793 515 4828 τε
550 4776 645 4829 καὶ
680 4774 980 4844 ἀμώμητον
999 4769 1230 4823 διελάσει
1253 4766 1455 4839 τρίϐον,
1478 4764 1591 4818 οὐτ’
1608 4763 1675 4817 ἂν
1694 4761 1834 4831 σοφά

1921 3593 2085 3646 nicati
2113 3599 2256 3652 sunt,
2280 3599 2329 3644 et
2357 3607 2457 3644 non
2478 3589 2794 3659 dirigentur.
3172 3638 3183 3647 ,

1989 3682 2124 3738 XLI.
2160 3684 2287 3739 Vias
2307 3682 2545 3752 quidem,
2570 3689 2627 3733 ut
2651 3684 2893 3747 apparet,
2911 3675 3150 3730 incessus
3171 3689 3221 3727 in
3239 3673 3497 3742 operibus

1921 3772 2198 3838 nominat;
2241 3770 2463 3825 consilia
2508 3782 2634 3822 vero
2663 3781 2725 3821 ex
2756 3764 3173 3835 cogitationibus
3196 3760 3495 3815 indecenti-

1921 3862 2022 3917 bus
2059 3861 2274 3915 delicta.
2301 3858 2567 3926 Quoniam
2594 3856 2773 3926 igitur,
2806 3855 3000 3923 inquit,
3045 3867 3210 3923 prave
3253 3850 3496 3913 incessit,

1922 3958 1976 4007 et
1998 3966 2027 4005 a
2058 3961 2204 4005 recto
2230 3951 2419 4005 itinere
2444 3946 2682 4011 deﬂexit,
2713 3954 2767 4000 ct
2798 3945 3184 4014 propemodum
3216 3941 3362 3996 omni
3413 3954 3501 3994 se-

1924 4042 2054 4098 mita
2084 4042 2378 4110 impietatis
2407 4038 2724 4103 ambulavit,
2759 4037 3001 4092 omnium
3041 4034 3146 4106 73
3191 4031 3500 4102 turpissima

1894 4170 1899 4171 κ
1925 4142 1981 4187 ει
2007 4146 2037 4186 a
2068 4133 2274 4186 ratione
2299 4128 2625 4185 alienissima
2652 4128 2790 4197 apud
2819 4142 2878 4182 se
2905 4125 3115 4187 statuit,
3146 4122 3500 4178 etuniverso-

1926 4238 2047 4277 rum
2079 4221 2248 4277 Deum
2276 4220 2622 4290 contempsit,
2666 4229 2722 4273 et
2763 4218 2877 4287 ipse
2912 4228 3125 4286 quoque
3154 4214 3220 4268 ad
3254 4210 3499 4267 servien-

1928 4315 2051 4370 dum
2082 4314 2240 4370 idolis
2289 4313 2597 4375 declinavit,
2662 4329 2680 4362 ι
2730 4311 2965 4366 ulciscar
3006 4322 3171 4376 super
3218 4306 3415 4374 ipsum,
3477 4321 3497 4356 ι

1930 4407 2032 4462 hoc
2056 4414 2159 4471 est,
2185 4421 2395 4475 pmnam
2419 4405 2715 4460 sceleribus
2746 4402 3161 4474 respondentem
3194 4410 3500 4466 reposcam.

1932 4498 2251 4554 Deserentes
2310 4506 2488 4551 autem
2547 4497 2639 4551 Dei
2693 4494 3010 4549 charitatem
3058 4489 3309 4547 omnibus
3348 4485 3505 4540 malis

1931 4589 2254 4644 omnimodis
2284 4586 2687 4649 circumveniri,
2738 4584 2868 4638 nulli
2924 4582 3083 4652 plane
3130 4580 3353 4636 dubium
3396 4587 3500 4632 est.

1906 4681 2043 4745 Nec
2070 4682 2214 4736 enim
2250 4688 2396 4734 recta
2419 4689 2475 4733 ει
2507 4676 2775 4745 inculpata
2822 4673 3197 4743 progredietur
3240 4674 3350 4738 via,
3406 4684 3506 4725 nec

1934 4772 2206 4842 sapienter
2234 4771 2527 4841 quidquam
2572 4768 2849 4838 cogitabit,
2895 4766 2984 4835 qui
3017 4766 3253 4821 divinam
3287 4763 3505 4834 sapien-

249 4868 613 4940 βουλεύσαιτό
650 4883 805 4931 ποτε,
832 4866 930 4933 τὴν
966 4863 1116 4917 θείαν
1143 4861 1243 4915 οὐκ
1270 4860 1407 4930 ἔχων
1436 4854 1814 4928 ἐπικουροῦσα¹

1938 4864 2067 4918 tiam
2091 4862 2453 4931 virtutemque
2481 4856 2875 4929 opitulatricem
2911 4872 3015 4911 non
3050 4856 3321 4912 babuerit.

249 4959 413 5029 αὐτῷ
450 4957 644 5027 σοφίαν
670 4974 730 5009 τε
759 4956 854 5008 καὶ
892 4953 1140 5023 δύναμιν.

328 5049 441 5104 Καὶ
468 5047 779 5118 φάγονται,
807 5044 907 5098 καὶ
952 5045 1022 5096 οὐ
1053 5040 1139 5111 μὴ
1168 5037 1631 5110 ἐμπλησθῶσιν
1661 5040 1836 5104 ἐπόρ-

248 5156 497 5199 νευσαν
527 5139 624 5193 καί
672 5140 743 5192 οὐ
777 5138 864 5206 μὴ
907 5132 1414 5190 κατευθυνθᾶκτιν.

328 5231 468 5287 MB'.
523 5231 804 5301 Τετήρηκε
845 5227 1007 5281 πάλιν
1063 5227 1175 5289 τοῖς
1221 5224 1280 5290 ἐξ
1326 5223 1553 5295 αἵματος
1619 5221 1832 5293 Ἰσραὴλ

251 5326 321 5378 τὸ
371 5322 744 5391 κατάλειμμα.
802 5321 926 5373 Ὅτι
972 5319 1081 5391 γὰρ
1130 5317 1231 5372 οὐκ
1276 5316 1507 5371 είσάπαν
1562 5315 1839 5385 οίχήσεται

253 5422 375 5480 τοῖς
422 5414 626 5486 ἱερεῦσι
649 5414 710 5467 τὸ
753 5415 962 5484 χρῆμα,
1003 5411 1280 5482 διατρανοί
1315 5407 1523 5477 λέγων,
1552 5408 1636 5460 ὃτι
1676 5426 1695 5459 ι
1732 5407 1839 5461 Φά-

257 5523 456 5576 γονται
487 5506 607 5576 μὲν,
637 5504 777 5575 πλὴν
798 5503 859 5557 οὐ
889 5501 964 5573 μὴ
989 5498 1395 5572 ἐμπλησθῶσιν.
1431 5517 1449 5549 ι
1471 5497 1595 5551 Εἴτε
1612 5499 1720 5569 γὰρ
1742 5499 1842 5561 τὰς

258 5597 509 5670 ἀρχαίας
560 5596 774 5658 ὲκείνας
827 5592 922 5647 τοῦ
983 5591 1199 5662 Ἰσραὴλ
1259 5591 1682 5661 μεταναστάσεις
1745 5591 1839 5643 καὶ

262 5686 650 5758 αἰχμαλωσίας
680 5683 952 5757 ἐννοήσειέ
986 5699 1090 5745 τις,
1120 5681 1229 5735 εἴτε
1254 5682 1351 5753 τὴν
1384 5682 1477 5735 ἐπὶ
1504 5679 1725 5754 Χριστῷ
1754 5680 1841 5735 διὰ

262 5779 369 5851 τῆς
403 5778 514 5833 τῶν
568 5778 852 5849 Ῥωμαίων
880 5775 1061 5848 χειρὸς
1088 5775 1187 5845 τῆς
1234 5774 1491 5839 Ἰουδαίας
1539 5775 1838 5845 ἐρήμωσιν.

300 6042 311 6051 .
347 5955 372 5990 ⁸
409 5956 569 6013 Num.
599 5973 707 6026 xIx,
735 5953 793 6013 2.
870 5958 889 5989 ⁷
928 5955 1101 6013 Levit.
1135 5971 1242 6021 xw,
1275 5954 1328 6022 3,
1356 5955 1408 6009 ι.

2011 5039 2081 5097 Ει
2111 5040 2398 5103 comedent,
2427 5048 2474 5092 et
2507 5053 2608 5092 non
2642 5034 3029 5105 implebantur;
3071 5033 3319 5103 fornicati
3359 5042 3506 5099 sunt,

1940 5143 1989 5189 et
2020 5148 2121 5186 non
2145 5132 2459 5200 dirigentur.

2012 5222 2168 5279 XLII.
2205 5220 2394 5276 Adhuc
2425 5216 2686 5287 reliquias
2715 5214 2975 5272 Israelitis
3022 5214 3340 5270 reservavit.
3390 5211 3506 5266 Non

1943 5318 2086 5373 enim
2120 5316 2369 5370 universe
2394 5327 2516 5367 cum
2544 5308 2916 5363 sacerdotibus
2938 5308 3203 5377 perituros
3246 5305 3508 5366 declarat,

1944 5425 2065 5465 cum
2101 5408 2250 5472 dicit,
2289 5424 2308 5458 ι
2347 5404 2634 5461 comedent
2667 5402 2907 5473 quidem,
2939 5399 3031 5454 sed
3064 5413 3167 5453 non
3194 5395 3513 5452 saturabuu-

1946 5509 2049 5557 tur.
2090 5518 2110 5553 ι
2143 5501 2267 5556 Sive
2287 5501 2429 5556 enim
2461 5506 2674 5552 veteres
2699 5494 2815 5547 illas
2843 5491 3056 5549 lsraelis
3084 5486 3513 5556 transmigratio-

1946 5608 2043 5648 nes
2070 5600 2125 5645 et
2154 5589 2520 5660 captivitates,
2554 5588 2668 5644 sive
2692 5592 2912 5656 propter
2953 5581 3229 5636 Christum
3270 5590 3364 5647 per
3403 5573 3513 5627 Ro-

1947 5698 2136 5742 manus
2173 5680 2369 5736 Judzcae
2408 5680 2613 5735 illatam
2657 5676 2959 5732 vastitatem
2990 5670 3255 5742 quispiam
3308 5662 3514 5731 recogi-

1949 5783 2044 5841 tet,
2084 5775 2137 5830 in
2168 5772 2412 5844 reliquiis
2460 5769 2710 5828 lsraelem
2744 5769 2938 5839 ipsum,
2978 5772 3034 5821 ει
3072 5760 3276 5817 cuttum
3325 5769 3354 5810 α
3401 5754 3517 5823 lege
