4094 6566
703 460 811 525 IN

1718 466 1777 522 S.
1817 464 2089 523 CYRILLI
2124 460 2592 520 ALEXANDRINI
2633 460 2955 517 ARCillEP.

3845 460 3945 514 ιιι

702 573 1071 645 prmriptum
1102 575 1278 633 adhuc
1303 587 1687 634 conservatum
1720 581 2135 636 animadvertet.
2161 579 2262 634 Ab-

2370 577 2429 631 ὲν
2458 576 2733 646 λειψάνοις
2754 578 2977 649 εὑρήσει
3005 577 3377 649 τετηρημένον
3413 576 3575 632 αὐτόν
3621 593 3679 629 τι
3717 576 3808 633 τὸν
3849 577 3945 631 Ἰσ-

700 664 879 720 ductis
908 666 1051 721 enim
1085 676 1212 722 tunc
1244 681 1342 737 per
1370 667 1721 723 Salmanasar
1760 680 1816 726 et
1859 668 2271 740 Tlteglatpltala-

699 769 790 813 sar
817 756 884 811 ad
924 755 1176 826 Assyrios
1205 765 1258 812 et
1298 756 1507 820 Medos.
1561 759 1913 815 nihilominus
1942 759 2121 829 exigui
2163 775 2269 814 nu-

699 859 873 909 mero,
906 856 959 903 et
989 847 1323 915 paucissimi,
1354 857 1408 906 et
1440 864 1506 904 ex
1531 847 1785 907 lsraelitis
1814 849 2008 915 relicti,
2032 848 2268 919 legitima

697 938 1074 997 sacerdotibus
1117 937 1441 1004 oderebant,
1484 941 1681 1005 obviis,
1715 950 1771 996 et
1804 956 1923 1011 qua:
1952 943 2017 997 ad
2051 955 2267 995 manum

693 1040 852 1084 erant
882 1045 975 1086 eos
1006 1032 1353 1095 honorantes.
1392 1042 1447 1087 et
1482 1047 1510 1087 a
1553 1034 1831 1088 consuetis
1869 1033 2012 1088 haud
2054 1034 2269 1103 penitus

700 1119 1036 1175 recedentes.
1077 1120 1275 1176 Eodem
1303 1123 1465 1177 modo
1488 1130 1543 1179 et
1575 1122 1627 1177 in
1662 1134 1933 1191 postremo
1959 1123 2121 1190 bello,
2166 1126 2267 1180 sub

698 1211 941 1278 Augusto
966 1211 1199 1275 Cmsare,
1232 1214 1471 1281 inquam,
1503 1215 1940 1283 populationibus
1968 1215 2266 1271 deformata

697 1299 933 1369 ipsorum
965 1304 1241 1372 provincia
1273 1306 1339 1358 ad
1384 1321 1597 1362 omnem
1634 1316 1874 1371 ventum,
1934 1321 2028 1364 seu
2080 1308 2265 1364 mundi

698 1390 972 1458 angulum,
1006 1406 1207 1461 perque
1239 1408 1426 1451 omnes
1461 1396 1710 1466 regiones
1753 1406 1809 1451 et
1848 1398 2010 1452 urbes
2038 1397 2265 1467 dispersi

695 1488 819 1534 sunt
842 1480 884 1537 ⁸.
916 1480 1276 1537 Nihilominus
1304 1486 1646 1541 mediocriter
1676 1488 1852 1542 adhuc.
1902 1498 2168 1554 sanctum,
2212 1502 2267 1546 ot

698 1570 956 1627 selectnm
1012 1589 1185 1643 genus
1229 1587 1567 1641 venerantes.
1623 1594 1743 1647 quae
1782 1588 2030 1647 poterant
2070 1579 2267 1638 offere-

694 1664 847 1727 bant.
876 1673 929 1721 et
962 1668 1123 1721 etiam
1150 1674 1285 1733 tum,
1310 1684 1619 1739 quanquam
1660 1672 1875 1729 abolitis
1906 1684 2147 1731 veterum
2176 1690 2263 1730 sa-

694 1756 1020 1813 criﬁciorum
1056 1760 1410 1825 cmrentouiis,
1462 1777 1669 1819 morem
1725 1765 1885 1819 istum
1943 1767 2263 1823 retinebant.

693 1848 905 1904 Amissa
963 1851 1160 1920 quippe
1211 1850 1570 1923 Jerosoiyma,
1606 1856 1921 1913 sacriﬁcare
1962 1859 2028 1913 de
2069 1870 2266 1914 cetero

2378 667 2537 739 ραὴ).,
2568 666 2663 725 καὶ
2689 668 2789 739 τὴν
2822 667 2966 722 κατά
3010 667 3173 739 νόμον
3212 667 3490 739 λατρείαν.
3528 669 3949 739 ’Δποκομισθέν-

2374 775 2488 812 των
2513 758 2621 830 γὰρ
2655 758 2718 813 τὸ
2753 758 3004 830 τηνικάδε
3052 758 3143 815 διά.
3194 775 3255 815 τε
3294 759 3391 813 τοῦ
3440 759 3805 831 Σαλμανασάρ
3856 760 3947 811 καὶ

2373 848 2466 903 τοῦ
2498 849 2931 921 θεγλαφαλασάρ
2967 850 3047 914 είς
3088 850 3407 922 Ἀσσυρίους
3461 851 3555 905 καὶ
3588 850 3827 919 Μήδους.
3855 852 3945 903 of:-

2372 940 2460 996 δὲν
2491 934 2653 1013 ἧττον
2701 943 2752 995 οί
2783 941 3004 1014 βραχεῖς
3044 942 3140 996 καὶ
3166 943 3434 1011 όλιγοστοί⁵
3461 944 3556 997 καὶ
3600 942 3945 1014 περιλελειμ-

2378 1033 2529 1105 μένοι
2559 1033 2667 1089 τῶν
2698 1034 2758 1100 ἐξ
2794 1033 3029 1105 Ἰσραὴλ,
3058 1034 3335 1104 προσῆγον
3372 1037 3487 1098 τοῖς
3519 1033 3725 1105 ἱερεῦσι
3759 1034 3833 1087 τὰ
3859 1052 3944 1087 νε-

2374 1125 2697 1196 νομισμένα,
2718 1127 2830 1188 τοῖς
2862 1125 3003 1179 κατά
3040 1127 3199 1196 χεῖρα
3236 1124 3505 1193 τιμῶντες
3527 1142 3542 1156 ·
3577 1126 3674 1179 καὶ
3704 1125 3805 1179 οὐκ
3836 1124 3937 1190 ἔξω

2372 1216 2481 1269 τῶν
2526 1218 2584 1271 ὲν
2624 1216 2733 1270 ἔθει
2761 1216 3033 1287 γινόμενοι
3065 1215 3364 1280 παντελῶς.
3407 1217 3564 1271 Κατά
3595 1216 3686 1273 τὸν
3726 1216 3841 1271 ἴσον
3890 1217 3943 1270 δὲ

2371 1308 2573 1378 τρόπον
2605 1308 2699 1361 καὶ
2734 1309 2793 1362 ὲν
2831 1308 2910 1379 τῷ
2933 1308 3130 1379 λοίσθῳ
3158 1310 3401 1380 πολέμῳ.
3430 1307 3508 1378 τῷ
3538 1308 3631 1363 ἐπὶ
3670 1309 3941 1381 Καίσαρος

2372 1398 2705 1467 Αὐγούστου,
2732 1399 2899 1469 φημὶ,
2934 1398 3379 1470 καταδῃωθείσης
3409 1402 3591 1463 αὐτοῖς
3616 1401 3715 1469 τῆς
3743 1400 3941 1471 χώρας,

2372 1487 2811 1560 ἐσκορπίσθησαν
2844 1489 2943 1559 μὲν
2982 1490 3062 1552 εἰς
3099 1489 3277 1544 πάντα
3312 1491 3531 1559 ἀνεμον,
3572 1492 3665 1544 καὶ
3694 1492 3750 1543 ὲν
3797 1492 3942 1563 πάσῃ

2372 1578 2527 1649 χώρα
2559 1597 2617 1633 τε
2651 1581 2747 1633 καὶ
2791 1580 2967 1635 πόλει.
3011 1579 3161 1650 Πλὴν
3195 1580 3277 1633 ἔτι
3322 1582 3561 1653 μετρίως
3587 1582 3649 1633 τὸ
3685 1582 3828 1652 ἱερὸν
3856 1585 3943 1634 καὶ

2372 1668 2669 1727 ἀπόλεκτον
2716 1668 2985 1739 τιμῶντες
3013 1670 3191 1739 γένος,
3223 1672 3498 1741 προσῆγον
3529 1670 3599 1726 τὰ
3620 1673 3762 1725 κατά
3786 1672 3942 1725 δύνα-

2376 1777 2487 1830 μιν.
2518 1759 2627 1815 Καὶ
2648 1760 2785 1815 είσὶν
2809 1763 2866 1814 ἐν
2885 1760 3094 1825 τούτοις
3115 1761 3217 1827 ἔτι,
3243 1762 3421 1815 καίτοι
3441 1760 3551 1817 τῶν
3572 1762 3821 1816 παλαιῶν
3850 1762 3939 1815 θυ-

2376 1852 2505 1907 σιῶν
2547 1852 3061 1923 ἀνατετραμμένων.
3121 1851 3267 1917 Ἔξω
3305 1852 3414 1923 γὰρ
3448 1853 3551 1923 τῆς
3592 1852 3941 1923 Ἰερουσαλὴμ

695 1941 847 1997 nefas
897 1952 1034 1998 erat.
1078 1961 1098 1995 ι
1140 1942 1433 2001 Comedent
1471 1945 1652 2017 igitur,
1688 1946 1881 2017 inquit,
1930 1959 1986 2005 et
2022 1966 2128 2005 non
2164 1950 2262 2005 im-

2371 1942 2617 2012 γεγονόσι
2639 1943 2701 1996 τὸ
2728 1942 2875 1996 θύειν
2903 1942 2983 1997 ἔτι
3023 1942 3361 2013 παράνομον.
3396 1961 3416 1995 ι
3451 1942 3719 2011 Φάγονται
3741 1943 3938 2007 τοίνυν,

694 2031 999 2099 plebuntur,
1027 2052 1047 2086 ι
1080 2035 1181 2089 Ιιοε
1209 2045 1291 2091 est
1316 2052 1509 2106 pauca,
1541 2048 1596 2093 et
1628 2039 1716 2095 vix
1756 2041 2022 2109 accipient
2064 2050 2117 2096 et
2150 2057 2269 2111 qum

694 2124 761 2176 ad
790 2123 1093 2179 satietatem
1139 2126 1278 2179 haud
1322 2126 1609 2184 sudiciant.
1648 2127 1880 2185 Docetur
1919 2130 2269 2191 nihilominus

693 2213 779 2268 bis
810 2214 989 2269 verbis
1017 2216 1223 2286 antiqui
1263 2217 1482 2275 [tonoris
1528 2220 1740 2279 illorum
1777 2222 2081 2290 subversio,
2125 2240 2268 2293 prat-

694 2306 968 2375 teritaaque
995 2309 1300 2373 securitatis
1324 2312 1568 2371 amissio.
1619 2331 1637 2363 ι
1693 2313 1959 2381 Quoniam
2012 2315 2267 2373 fornicati

689 2410 838 2462 sunt,
876 2398 1069 2468 inquit,
1116 2416 1221 2461 non
1267 2402 1591 2472 dirigentur.
1658 2422 1677 2458 ι
1736 2404 2071 2475 lmpossibile
2124 2409 2265 2464 enim

688 2497 794 2554 est,
822 2496 880 2544 ut
906 2490 1041 2555 disi,
1072 2490 1237 2551 Deum
1272 2493 1587 2553 deserentes
1615 2495 1743 2564 (hoc
1784 2498 1929 2553 enim
1966 2499 2267 2568 spiritualis

692 2582 980 2639 fornicatio
1013 2594 1065 2637 et
1098 2585 1315 2641 nomine
1338 2596 1392 2640 et
1434 2602 1492 2642 re
1521 2587 1623 2644 sibi
1658 2589 1790 2656 vult)
1825 2598 1919 2646 aut
1948 2590 2013 2646 ad
2041 2592 2268 2648 satieta-

689 2683 797 2728 tom
821 2675 960 2730 bona
988 2677 1327 2744 suppeditata
1360 2678 1590 2746 habere;
1610 2689 1747 2735 aute
1770 2681 1944 2748 cmlis,
1962 2692 2018 2739 et
2033 2684 2267 2755 desuper

689 2765 944 2823 alimenta
980 2779 1352 2836 comportare;
1387 2781 1481 2827 aut
1515 2772 1569 2826 in
1601 2773 1865 2839 consiliis,
1894 2775 1979 2830 vel
2006 2776 2061 2830 in
2097 2778 2267 2832 actio-

690 2860 849 2915 nibus
893 2859 1052 2930 dirigi
1094 2874 1275 2929 posse.
1328 2862 1468 2918 Dens
1515 2865 1661 2920 enim
1710 2866 1951 2922 omnium
2002 2867 2263 2923 bonorum

692 2961 997 3006 nostrorum
1044 2962 1391 3009 conservator
1424 2965 1478 3012 et
1510 2963 1708 3013 mentis
1751 2969 1949 3015 nostra:
1994 2961 2264 3032 guberna-

685 3044 867 3098 culum
899 3054 1005 3102 est.

2370 2034 2522 2103 φησὶ,
2564 2031 2653 2086 καὶ
2690 2034 2752 2087 ού
2776 2033 2850 2103 μὴ
2872 2032 3247 2104 ὲμπλησθῶσι,
3285 2051 3304 2083 ι
3334 2033 3632 2095 τουτέστιν,
3661 2032 3822 2099 όλίγα
3847 2031 3939 2101 λή-

2368 2121 2559 2191 ψονται
2585 2124 2678 2177 καὶ
2708 2122 2881 2193 μόλις,
2922 2121 3016 2175 καὶ
3057 2122 3155 2175 ὅσα
3188 2122 3325 2192 πρὸς
3358 2122 3518 2194 κόρον
3561 2123 3662 2177 οὐκ
3700 2120 3934 2192 ἐξαρκεῖ.

2370 2213 2762 2268 Καταδεικνύει
2794 2213 2851 2266 δὲ
2882 2214 3031 2269 οὐδὲν
3062 2210 3223 2286 ἦττον
3258 2214 3353 2268 καὶ
3381 2215 3539 2276 τοῦτο
3582 2215 3681 2282 τῆς
3708 2213 3938 2286 ἀρχαίας

2369 2304 2547 2365 αὐτῶν
2592 2304 2756 2375 τιμῆς
2785 2304 2883 2376 τὴν
2920 2304 3262 2375 καθαίρεσιν,
3308 2306 3401 2359 καὶ
3433 2304 3534 2375 τῆς
3565 2303 3936 2376 προλαϐούσης

2369 2397 2634 2468 εὐθυμίας
2683 2396 2783 2467 τὴν
2836 2396 3130 2466 ἀποόολήν.
3187 2418 3206 2455 r
3261 2396 3471 2467 Ἐπειδὴ
3512 2396 3936 2470 πεπορνεύκασι,

2368 2488 2553 2557 φησὶν,
2599 2487 2659 2541 οὐ
2698 2487 2774 2557 μὴ
2818 2484 3270 2547 κατευθυνθῶσιν.
3298 2503 3319 2536 ι
3370 2485 3672 2556 Ἀμήχανον
3698 2485 3834 2555 γὰρ,
3868 2484 3937 2548 ὡς

2325 2580 2526 2651 ε-εφην,
2578 2580 2707 2643 τοὺς
2743 2577 3151 2649 ἀποφοιτῶντας
3192 2578 3327 2635 Θεοῦ
3379 2578 3559 2649 (τοῦτο
3590 2578 3721 2649 γὰρ,
3765 2574 3935 2649 οἶμαι,

2369 2676 2460 2728 ἐπὶ
2481 2674 2541 2729 τὸ
2566 2673 2671 2743 τῆς
2706 2674 2903 2744 νοητῆς
2930 2671 3186 2743 πορνείας
3217 2672 3390 2742 ὄνομά
3409 2689 3468 2725 τε
3499 2672 3594 2727 καὶ
3627 2671 3842 2741 χρῆμα)
3864 2712 3878 2732 ,
3903 2671 3933 2741 ἢ

2367 2766 2447 2827 εἰς
2492 2763 2653 2834 κόρον
2681 2762 2824 2834 ἔχειν
2843 2762 2942 2835 τὴν
2968 2762 3078 2817 τῶν
3103 2762 3322 2831 ἀγαθῶν
3341 2762 3627 2834 χορηγίαν,
3652 2763 3825 2833 ἤγουν
3854 2761 3937 2815 δύο

2366 2854 2562 2910 »ασθαι
2607 2854 2706 2917 τὰς
2751 2853 2809 2920 ἐξ
2840 2852 3085 2924 οὐρανῶν
3134 2853 3228 2907 καί
3266 2851 3473 2911 ἀνωθεν
3512 2850 3935 2922 συγκομίζεσθαι

2364 2946 2590 3017 τροφὰς,
2614 2945 2647 3016 ἢ
2671 2947 2731 3001 ὲν
2761 2945 2995 3015 βουλαῖς.
3023 2945 3057 3019 ἢ
3082 2945 3140 2998 ὲν
3172 2944 3463 3015 πράγμασι
3495 2941 3934 3003 κατευθύνσσθαι.

2364 3040 2497 3105 θεὸς
2551 3040 2660 3114 γάρ
2714 3041 2860 3096 ἐστιν
2887 3041 2916 3092 ὁ
2947 3036 3149 3100 παντὸς
3198 3038 3329 3108 ἡμῖν
3362 3034 3567 3105 ἀγαθοῦ
3606 3033 3821 3107 Σωτὴρ,
3852 3032 3937 3088 καὶ

2364 3132 2464 3204 τῆς
2484 3131 2649 3204 οὔσης
2672 3132 2729 3185 ὲν
2767 3132 2896 3202 ἡμῖν
2921 3129 3158 3193 διανοίας
3180 3129 3243 3183 τὸ
3273 3129 3552 3198 πηδάλιον.

761 3220 871 3295 74,
906 3222 1068 3279 Vsus.
1113 3224 1201 3278 il.
1242 3223 1384 3293 Quia
1430 3225 1715 3283 Dominum
1760 3229 2169 3302 dereliquerunl,
2208 3244 2262 3289 ut

2436 3226 2591 3279 Διότι
2642 3223 2751 3301 τὸν
2807 3224 3022 3291 Κύριον
3072 3222 3486 3291 ἐγκατέλιπον,
3534 3218 3641 3275 τοῦ
3676 3218 3934 3289 φυλάξαι

691 3314 1014 3368 custodirent
1043 3315 1466 3382 fornicationem,
1509 3327 1560 3372 et
1607 3320 1802 3386 vinum,
1858 3330 1906 3376 et
1954 3322 2092 3378 attod
2160 3324 2262 3379 in-

688 3403 901 3459 ebriare
928 3415 1114 3473 potest,
1142 3407 1364 3473 suscepit
1391 3422 1481 3460 cor
1511 3409 1688 3475 populi
1720 3411 1839 3464 mei.

763 3494 943 3550 XLIII.
963 3495 1079 3579 .Hic
1104 3498 1325 3567 exponit
1361 3512 1574 3561 causas,
1613 3514 1783 3568 quare
1806 3516 1981 3574 neque
2008 3503 2263 3563 alimento

691 3587 1003 3657 repleantur
1052 3591 1387 3655 sacerdotes,
1447 3605 1621 3660 neque
1669 3593 1899 3660 amplius
1940 3595 2259 3665 dirigantur.

687 3679 953 3746 Quoniam
984 3681 1128 3735 enim
1176 3689 1231 3735 et
1263 3681 1360 3749 ipsi
1402 3697 1430 3734 a
1480 3682 1706 3739 Domino
1740 3685 2126 3753 discesserunt,
2179 3690 2261 3746 in-

687 3774 826 3842 quit,
857 3783 911 3828 et
942 3773 1182 3844 magistri
1218 3788 1337 3828 cum
1370 3774 1671 3845 discipulis,
1704 3792 1825 3832 cum
1848 3779 2077 3834 subditis
2100 3796 2263 3851 penes

687 3878 824 3931 quos
852 3872 1110 3934 potestas,
1141 3876 1194 3919 et
1214 3865 1307 3935 qui
1339 3865 1564 3921 aliorum
1590 3868 1754 3924 duces
1779 3878 1937 3924 erant
1964 3871 2264 3942 praecipites

688 3954 932 4021 fuerunt,
980 3956 1183 4013 idcirco
1222 3958 1458 4014 divinam
1508 3960 1644 4015 iram
1690 3961 1834 4032 iuste
1884 3963 2162 4031 subibunt,
2209 3977 2263 4021 et

685 4061 812 4116 qua:
837 4047 955 4103 sine
984 4047 1090 4104 ﬁne
1138 4060 1515 4119 peccaverunt,
1556 4066 1744 4107 eorum
1797 4068 1987 4124 pteuas
2031 4056 2266 4113 sustine-

686 4140 842 4194 bunt.
876 4155 896 4191 ι
934 4139 1316 4196 Custodierunt
1337 4142 1480 4197 enim
1514 4141 1944 4211 fornicationem,
1983 4165 2003 4199 ι
2037 4148 2137 4204 hoc
2152 4159 2258 4216 est,

685 4234 1003 4300 effecerunt,
1025 4245 1083 4290 ut
1105 4236 1300 4305 quibus
1328 4244 1614 4305 praeerant,
1650 4236 1706 4291 in
1740 4252 1926 4294 errore
1949 4252 2258 4312 manerent;

685 4327 903 4382 tametsi
936 4328 1113 4395 potius
1141 4341 1264 4382 eum
1307 4324 1541 4394 abjicere
1582 4336 1638 4383 et
1682 4331 2046 4388 exterminare
2094 4333 2260 4391 debe-

686 4420 838 4474 bant.
882 4417 1260 4487 Magistrorum
1304 4418 1448 4473 enim
1477 4418 1765 4488 vigilantia:
1788 4431 1889 4486 est,
1943 4425 2185 4483 studiose
2229 4443 2261 4483 ε

684 4514 865 4566 medio
901 4526 1177 4566 removere
1210 4511 1351 4579 quod
1392 4512 1588 4581 populo
1634 4513 1809 4579 obest,
1843 4524 1899 4570 et
1931 4518 2073 4585 quod
2123 4520 2261 4576 Deus

2364 3316 2669 3384 πορνείαν,
2704 3298 2804 3370 καί
2837 3311 3024 3381 οἶνον,
3067 3313 3165 3369 καὶ
3196 3313 3485 3383 μέθυσμα
3510 3312 3762 3378 ἐδέξατο
3807 3328 3935 3380 καρ-

2361 3407 2463 3465 δία
2492 3408 2649 3464 λαοῦ
2661 3425 2806 3477 μου.

2434 3499 2681 3561 ΜΓο.Τά;
2703 3499 2882 3563 αίτίας
2903 3498 3090 3554 ὲνθάοε
3115 3498 3377 3568 φησὶ,τοῦ
3396 3498 3535 3569 μήτε
3556 3498 3767 3569 τροφῆς
3783 3498 3935 3570 ἐμαί·

2364 3590 2622 3654 πλασθαι,
2659 3591 2798 3661 μήτε
2841 3590 2947 3662 μὴν
2995 3590 3074 3644 ἔτι
3112 3590 3538 3647 κατευθύνεσθαι
3572 3591 3698 3655 τοὺς
3739 3591 3936 3663 ίερουρ-

2362 3680 2512 3750 γοὺς.
2555 3679 2771 3750 Ἐπειδὴ
2818 3680 2927 3751 γὰρ
2960 3679 3260 3752 ἀπῷχοντο.
3315 3680 3469 3753 φησὶ,
3505 3681 3600 3737 καὶ
3646 3682 3808 3739 αὐτοὶ
3851 3681 3933 3735 τοῦ

2363 3773 2592 3842 Κυρίου,
2651 3773 2746 3829 καὶ
2802 3770 3209 3827 συναπώλισθον
3262 3774 3376 3836 τοῖς
3432 3772 3845 3845 παιδευομένοις
3890 3774 3933 3825 oi

2362 3863 2668 3925 παιδευταί..
2703 3865 2816 3926 τοῖς
2842 3863 2947 3917 ὑπὸ
2980 3866 3138 3934 χεῖρα
3189 3865 3283 3919 καὶ
3329 3863 3576 3930 ἐξουσίαν
3602 3866 3653 3919 oi
3686 3868 3934 3936 καθηγεῖ-

2363 3954 2483 4008 σθαι
2504 3954 2779 4026 λαχόντες,
2817 3954 3074 4026 ταύτῃτοι
3113 3956 3335 4020 δικαίως
3378 3956 3483 4011 ὑπὸ
3538 3955 3689 4013 θείαν
3728 3957 3935 4013 ἔσονται

2365 4049 2617 4120 μήνισιν,
2650 4048 2745 4105 καὶ
2788 4047 2946 4112 δίκας
2986 4048 3241 4119 ὑφέξουσι
3281 4050 3391 4104 τῶν
3432 4050 3829 4121 ἀκαταλήκτως
3862 4051 3933 4104 δι-

2363 4141 2760 4211 επταισμένων.
2794 4161 2813 4195 ι
2840 4142 3191 4211 Τετηρήκασι
3237 4143 3347 4214 γὰρ
3392 4144 3670 4214 πορνείαν,
3733 4162 3753 4195 ι
3793 4158 3932 4197 τουτ-

2361 4232 2502 4295 έστι,
2546 4232 2815 4296 σώζεσθαι
2864 4233 3284 4304 παρεσκεύασαν
3338 4236 3451 4297 τοῖς
3479 4234 3589 4288 ὑπὸ
3632 4236 3797 4306 χεῖρα
3844 4233 3930 4299 τὴν

2362 4325 2649 4388 πλάνησιν,
2680 4324 2858 4379 καίτοι
2886 4324 3085 4395 μᾶλλον
3121 4326 3291 4397 αὐτὴν
3316 4326 3379 4379 ὲκ
3403 4326 3570 4397 μέσου
3592 4325 3928 4399 διαρρίπτειν

2362 4414 2456 4468 καὶ
2494 4414 2782 4483 ἀφανίζειν
2818 4415 3144 4484 ὀφείλοντες.
3191 4417 3537 4472 Διδασκάλων
3595 4418 3709 4489 γὰρ
3759 4415 3926 4486 νῆψιςν

2359 4507 2422 4561 τὸ
2473 4507 2638 4569 λαοὺς
2669 4506 2889 4560 ἀδικοῦν
2926 4510 2991 4560 ἐκ
3023 4509 3190 4579 μέσου
3231 4507 3501 4562 ποιεῖσθαι
3548 4507 3638 4562 διὰ
3680 4507 3925 4577 σπουδῆς.

682 4605 819 4669 odit,
847 4604 965 4659 sine
992 4616 1142 4658 mora
1172 4602 1378 4658 tollere.
1414 4602 1567 4669 Quod
1600 4604 1646 4659 si
1672 4603 1851 4661 facere
1875 4607 2255 4678 abhorrentes,

2365 4600 2454 4653 καὶ
2487 4598 2565 4667 τῷ
2590 4597 2710 4668 Θεῷ
2737 4598 3006 4669 στυγητδν
3040 4597 3307 4671 ἀμελλητὶ
3337 4598 3765 4670 καταστρέφειν.
3793 4598 3855 4652 Εἰ
3878 4596 3927 4650 δὲ

686 4710 910 4752 manere
934 4694 1351 4767 quodammodo,
1382 4702 1439 4748 et
1469 4693 1688 4750 retineri
1714 4709 1878 4764 opera
1905 4698 2109 4754 erroris
2131 4713 2257 4768 per-

685 4791 944 4855 mittunt,
997 4788 1105 4843 imo
1157 4793 1342 4842 contra
1399 4788 1576 4856 potius
1626 4788 1968 4855 conﬁrmant,
2022 4798 2155 4847 tunc
2201 4800 2260 4847 et

688 4896 842 4936 mens
873 4894 1062 4935 eorum
1086 4879 1175 4949 qui
1203 4879 1540 4945 erudiuntur,
1574 4890 1828 4949 tanquam
1862 4882 2044 4935 vinum
2072 4892 2126 4936 et
2178 4884 2260 4937 in-

684 4973 1085 5029 ebriamentum
1112 4971 1333 5026 omnino
1354 4969 1789 5041 suscipiet.Uude
1814 4972 1980 5039 enim,
2012 4984 2106 5026 aut
2124 4988 2259 5044 quo-

687 5065 848 5120 modo
892 5063 1190 5133 vigilabunt
1236 5062 1509 5133 discipuli,
1559 5064 1863 5133 mentisque
1918 5063 2136 5118 oculum
2188 5066 2255 5120 ad

686 5169 815 5211 vere
840 5162 895 5209 et
922 5161 1110 5209 natura
1147 5153 1315 5209 Deum
1360 5153 1626 5224 aperient,
1672 5154 1716 5207 si
1755 5167 1850 5208 eos
1895 5154 2165 5225 padagogi
2202 5164 2259 5210 et

684 5248 1102 5305 conducibiliutn
1138 5247 1388 5303 doctores
1422 5246 1598 5300 adhuc
1627 5243 1695 5299 ad
1725 5258 1966 5299 errorem
2002 5247 2259 5301 corrobo-

687 5342 841 5397 rant?
880 5342 942 5397 Et
967 5342 1071 5396 hoc
1096 5350 1199 5405 est,
1237 5340 1291 5394 ui
1327 5337 1504 5401 fallor,
1534 5335 1680 5407 quod
1720 5335 1860 5406 apud
1911 5336 2073 5391 alium
2126 5352 2254 5407 pro-

686 5435 901 5503 phetam
943 5432 1168 5504 legimus
1197 5444 1215 5485 :
1263 5447 1283 5483 ι
1315 5427 1639 5484 Sacerdotes
1673 5442 1778 5482 non
1823 5427 2075 5484 dixerunt
2103 5445 2117 5481 :
2150 5428 2253 5485 Ubi

672 5534 767 5580 est
795 5524 1092 5580 Dominus?
1123 5532 1178 5576 et
1200 5522 1292 5592 qui
1319 5521 1671 5578 adherebant
1694 5517 1797 5589 legi
1829 5532 1982 5584 meae,
2009 5535 2114 5577 non
2139 5535 2257 5576 crc-

683 5614 939 5671 diderunt
968 5615 1023 5669 in
1057 5628 1164 5680 me,
1207 5621 1264 5668 et
1303 5621 1551 5683 pastores
1584 5612 1746 5682 impie
1786 5622 2013 5684 egerunt
2049 5613 2102 5668 in
2147 5626 2255 5679 me,

682 5718 741 5765 et
774 5708 1047 5780 propheta
1070 5705 1463 5779 prophetabsnt
1515 5704 1641 5763 Batti
1682 5708 1738 5775 ';
1793 5725 1811 5760 ι
1867 5715 1924 5764 ει
1968 5720 2181 5764 rursum
2240 5725 2253 5763 :

760 5889 781 5918 '
809 5885 975 5944 Zach.
1014 5902 1075 5953 tt,
1104 5886 1154 5941 6.
1230 5881 1383 5941 ναίει.
1421 5898 1479 5951 ιι,
1522 5882 1571 5938 8.

2356 4691 2423 4763 δὴ
2463 4690 2621 4745 τοῦτο
2666 4690 2800 4762 δρᾷν
2832 4691 2934 4744 οὐκ
2989 4691 3326 4762 ἀνεχόμενοι,
3375 4694 3558 4764 μένειν
3602 4691 3796 4764 ὥσπερ
3846 4690 3927 4744 καὶ

2360 4782 2631 4846 σώζεσθαι
2671 4783 2771 4853 τῆς
2800 4782 3119 4855 πλανήσεως
3152 4783 3289 4856 ἔργα
3335 4783 3713 4855 συγχωροῦσιν
3761 4783 3922 4845 αὐτοὶ,

2362 4875 2563 4946 μᾶλλον
2588 4876 2645 4929 δὲ
2672 4876 2768 4930 καὶ
2808 4877 3133 4933 συνιστῶσιν
3160 4881 3225 4932 ἐκ
3248 4879 3357 4933 τῶν
3390 4880 3670 4943 ἐναντίων,
3700 4880 3766 4933 τὸ
3793 4896 3926 4949 τηνι·

2357 4967 2488 5022 κάδε
2513 4967 2577 5038 δὴ
2612 4966 2831 5030 πάντως
2862 4964 3004 5021 οῐνον
3036 4967 3224 5039 ὥσπερ
3266 4986 3318 5022 τι
3367 4969 3459 5022 καὶ
3493 4968 3755 5039 μέθυσμα
3795 4968 3924 5023 καὶὸ

2358 5060 2466 5114 τῶν
2489 5060 3020 5131 παιδαγωγουμένων
3056 5059 3359 5125 είσδὲξεται
3395 5060 3520 5123 νοῦς
3544 5074 3559 5089 ⁸
3592 5060 3772 5113 Πόθεν
3808 5059 3921 5130 γὰρ.

2358 5152 2392 5224 ἢ
2433 5152 2551 5217 πιῖις
2576 5152 2642 5208 ἂν
2666 5152 2821 5223 Ισχον
2851 5153 3040 5223 νήφειν
3070 5152 3121 5206 οἱ
3145 5151 3405 5223 μαθηταὶ,
3436 5154 3533 5208 καὶ
3572 5151 3922 5221 διανοιγνύναι

2359 5243 2621 5301 δύνασθαι
2665 5245 2765 5314 τῆς
2797 5243 3039 5307 διανοίας
3068 5242 3159 5297 τὸν
3187 5244 3463 5315 ὀφθαλμὸν
3507 5244 3643 5315 πρὸς
3672 5244 3769 5299 τὸν
3813 5242 3924 5310 ἀλησ

2359 5333 2470 5397 θῶς
2525 5334 2619 5387 καὶ
2671 5334 2831 5403 φύσει
2866 5333 3019 5399 Θεὸν,
3070 5334 3232 5405 εἰπερ
3263 5335 3459 5398 αὐτοὺς
3497 5336 3549 5387 oi
3580 5333 3919 5402 παιδαγωγοὶ,

2360 5426 2455 5478 καὶ
2468 5424 2577 5479 τῶν
2597 5424 2984 5497 συμφερόντων
3006 5426 3296 5496 εἰσηγηταὶ
3317 5426 3412 5479 καὶ
3433 5426 3898 5499 προσεμπαιδεύοῡ

2362 5534 2448 5571 σιν
2475 5517 2556 5570 ἔτι
2604 5515 2740 5589 πρὸς
2774 5516 2836 5569 τὸ
2882 5516 3186 5571 πλανᾶσθαι
3218 5516 3363 5581 δεῖν;
3392 5517 3502 5573 Καὶ
3543 5518 3719 5582 τοῦτο,
3757 5514 3917 5586 οἶμαι,

2360 5610 2479 5665 ἐστὶ
2499 5610 2562 5664 τὸ
2591 5609 2661 5664 δι’
2701 5609 2891 5681 ἑτέρου
2928 5611 3210 5681 προφήτου
3245 5611 3434 5680 σαφῶς
3476 5611 3787 5683 είρημένονο
3817 5626 3836 5661 ι
3865 5608 3916 5661 Oi

2366 5706 2529 5776 ἱερεῖς
2553 5703 2653 5757 οὐκ
2674 5698 2857 5758 εἶπαν*
2891 5700 3002 5757 Ποῦ
3024 5701 3140 5758 ἐστι
3165 5702 3401 5774 Κύριοςς
3426 5704 3535 5758 Καὶ
3560 5705 3612 5758 oi
3642 5701 3917 5773 ἀντεχόμε-
