4094 6548
232 340 335 396 ﬂii
1138 336 1694 394 COMMENTARIUS
1734 332 1803 391 IN

1912 333 2075 389 ΞΕΑΜ
2116 333 2560 393 PROPHETAH.
2690 350 2693 354 '
3385 346 3490 403 £50

230 480 309 518 νοι
340 460 435 516 τοῦ
465 461 631 535 νόμου
662 479 765 535 μου
793 460 893 517 οὐκ
927 461 1224 533 ἠπίσταντό
1243 484 1330 539 με.
1355 466 1464 523 Καὶ
1487 470 1536 523 oi
1563 467 1807 540 ποιμένες

1926 484 1945 518 ι
1985 466 2107 522 Filii
2149 470 2276 535 mei,
2306 480 2361 525 et
2389 485 2516 527 oves
2563 486 2695 529 mete
2736 488 2840 531 non
2884 484 3032 543 sunt,
3084 491 3191 534 non
3222 483 3305 533 est
3335 474 3489 530 locus

230 556 505 627 ἠσέϐησαν
533 558 612 620 είς
640 556 761 626 ὲμέ·
797 553 894 608 καὶ
939 555 989 607 oi
1023 557 1300 628 προφῆται
1344 561 1715 632 προεφήτευσν
1741 562 1807 631 τῇ

1921 564 2137 618 tentorii
2172 566 2298 632 mei,
2334 564 2484 623 locus
2506 567 2721 636 pellium
2760 582 3032 639 mearum;
3071 573 3196 643 quia
3242 579 3491 643 pastores

227 647 395 702 Βάαλ.
423 664 443 700 ι
477 646 587 701 Καὶ
620 648 816 701 πάλινο
856 666 875 699 ι
912 648 975 701 Oi
1019 649 1123 702 υἱοί
1172 665 1275 720 μου
1326 653 1421 705 καὶ
1452 653 1520 705 τὰ
1560 651 1807 723 πρόδατά

1917 656 2080 711 stulte
2108 669 2354 729 egerunt,
2385 668 2439 712 et
2470 659 2750 715 Dominum
2780 676 2885 718 non
2918 665 3309 735 exquisierunt.
3350 660 3488 717 Pro-

227 755 331 807 μου
357 739 457 791 οὐκ
482 737 767 804 είσὶν,,ούκ
797 737 914 790 ἐστι
942 738 1104 801 τόπος
1132 740 1233 811 τῆς
1265 742 1469 813 σκηνῆς
1496 756 1621 812 μου,
1650 743 1812 805 τόπος

1919 758 2038 819 pter
2054 750 2155 804 hoc
2168 766 2271 805 non
2287 751 2731 807 intellexitomnis
2747 769 2898 825 grex,
2917 765 2969 812 et
2986 756 3212 828 dispersi
3230 765 3356 811 sunt
3372 755 3436 809 ¹⁶.
3461 771 3483 805 ι

225 828 334 881 τῶν
360 826 595 901 δέρῥεών
622 842 744 900 μον.
780 829 901 882 Ὅτι
949 832 1206 900 ποιμένες
1245 835 1671 906 ¹ίγιιρροιινιεύσαντο,
1716 839 1812 892 καὶ
1849 840 1941 897 τὸν
1976 842 2185 915 Κύριον
2245 845 2345 899 οὐκ
2409 841 2759 919 ἐξεζήτησανι
2808 848 2908 904 Διά
2941 826 3100 905 τοῦτο
3148 850 3247 905 οὐκ
3299 848 3489 920 ἐνόησε

224 923 378 975 πᾶσα
401 923 435 991 η
464 920 623 992 νομὴ,
660 921 755 974 καὶ
775 922 1296 996 διεσκορπίσθησαν.
1330 936 1349 975 t

309 1056 404 1107 Ἐν
435 1055 762 1123 συμϐόλοις·
786 1056 1126 1126 ἐπηρώτων,
1175 1059 1277 1115 καὶ
1313 1061 1383 1115 ἐν
1420 1061 1668 1129 ῥάϐδοις
1712 1064 1814 1116 αὺ-

224 1142 349 1199 τῶν
373 1144 765 1216 ἀπήγγελλον
779 1148 959 1215 αὐτῷ.

295 1279 427 1336 ΜΔ).
466 1283 599 1337 Τίνα
642 1285 842 1356 τρόπον
875 1286 1298 1342 καταλελοίπασι
1330 1289 1428 1360 μὲν
1457 1288 1550 1342 τὸν
1578 1290 1804 1363 Κύριον,

220 1373 559 1443 τετηρήκασι
609 1374 666 1429 δὲ
720 1377 821 1447 τὴν
862 1379 1147 1450 πορνείαν,
1182 1380 1506 1451 καθίστησιν
1549 1383 1805 1454 ἐναργές.

221 1462 567 1535 Συνθελητὴν
607 1466 715 1538 γὰρ
731 1470 845 1531 τοῖς
865 1468 1239 1540 πλανωμένοις
1262 1471 1552 1541 ἀποφαίνει
1569 1472 1659 1526 τὸν
1680 1490 1810 1527 παι·

217 1557 416 1628 δευτήν
434 1574 449 1587 ·
474 1558 568 1612 καὶ
586 1557 680 1623 οὓς
703 1555 771 1632 ἦν
794 1562 961 1626 εἰκὸς,
985 1563 1183 1634 μᾶλλον
1201 1565 1257 1617 δὲ
1280 1565 1378 1636 ἤδη
1398 1566 1487 1618 καὶ
1509 1566 1806 1633 ἀναγκαῖον

217 1648 337 1711 τοῖς
365 1647 529 1713 θείοις
566 1649 795 1705 ἕπεσθαι
817 1652 1020 1723 νόμοις,
1050 1655 1143 1708 καὶ
1165 1656 1520 1727 ἀποκομίζειν
1542 1659 1622 1719 είς
1648 1657 1806 1710 τοῦτο

1989 1066 2155 1124 Vens.
2188 1069 2273 1124 12.
2309 1070 2374 1124 In
2404 1073 2653 1142 symbolis
2691 1075 3102 1145 interrogabant,
3144 1085 3193 1130 et
3226 1077 3283 1130 in
3327 1077 3486 1147 uirgis

1912 1164 2023 1215 suis
2050 1164 2437 1219 annuntiabant
2468 1166 2515 1221 ei

1988 1292 2176 1347 XLIV.
2210 1294 2454 1361 Quonam
2487 1305 2647 1350 mouo
2680 1294 2962 1352 Dominum
3005 1296 3339 1367 reliquerint,
3374 1297 3486 1356 for-

1910 1386 2234 1442 nicationem
2285 1399 2464 1443 autem
2507 1390 2880 1455 custodierint,
2913 1390 3197 1447 manifeste
3228 1391 3486 1448 Ostendit.

1914 1477 2283 1534 institutorem
2318 1481 2461 1536 enim
2494 1496 2613 1535 cum
2647 1481 2882 1537 seductis
2922 1483 3263 1554 conspirasse
3306 1485 3484 1539 docet.

1911 1567 1975 1624 Et
2003 1585 2138 1639 quos
2166 1582 2612 1638 consmtancum,
2644 1571 2726 1627 Vel
2766 1573 2943 1641 potius
2970 1574 3335 1630 necessarium
3369 1586 3487 1630 erat

1912 1661 2122 1716 divinas
2158 1662 2300 1733 leges
2343 1663 2518 1731 sequi,
2563 1672 2616 1717 et
2649 1677 2714 1719 eo
2742 1660 3012 1731 subjectos
3042 1667 3327 1732 adducere,
3363 1667 3484 1730 hos.

215 1740 349 1803 τοὺς
375 1734 836 1812 ύπεζευγμένους,
853 1743 1095 1811 τούτους,
1112 1745 1187 1809 ὼς
1208 1745 1365 1813 ἔφην,
1387 1746 1456 1800 τὰ
1477 1746 1574 1817 τῆς
1597 1747 1805 1816 πλάνης

1912 1761 1968 1808 ιιι
1992 1756 2122 1821 dixi,
2153 1755 2483 1810 sedumionis
2510 1755 2717 1825 piacula
2759 1757 3099 1810 committere
3134 1759 3351 1827 planum
3402 1754 3484 1810 fas-

216 1830 564 1900 πληροῦντας
615 1834 938 1907 ἐγκλήματα
972 1836 1242 1891 δείκνυσιν
1289 1839 1555 1912 ἐναργῶς.
1598 1840 1807 1913 ’ᾘεσαν

214 1919 321 1989 μὲν
378 1920 488 1992 γὰρ
518 1923 654 1993 πρὸς
689 1924 887 1989 αὐτούς
933 1936 1098 1992 τινες,
1157 1928 1450 1999 μανθάνειν
1503 1929 1801 1997 ἐθέλοντες,

214 2010 534 2083 φησὶν,ῆτοι
556 2014 627 2067 τὰ
655 2015 889 2085 ἐσόμενα
903 2017 1089 2088 τυχὸν,
1114 2018 1279 2089 ῆγουν
1304 2018 1371 2073 τὰ
1404 2020 1525 2073 καθ’
1555 2021 1803 2087 ἑαυτοὺς,

218 2102 316 2155 καὶ
340 2104 400 2155 ἐν
425 2100 511 2165 οἷς
536 2102 605 2158 ἂν
633 2101 745 2159 εἶεν
778 2108 1007 2177 καιροῖς,
1040 2108 1073 2177 ἢ
1106 2109 1446 2180 πράγμασιν.
1489 2111 1553 2163 οι
1587 2110 1644 2164 δὲ
1682 2112 1807 2175 τοὺς

215 2195 544 2264 προσιόντας
584 2197 776 2263 αὐτοῖς
817 2199 1001 2252 οὐκέτι
1024 2200 1176 2272 παρὰ
1202 2201 1337 2255 Θεοῦ
1374 2202 1442 2256 τὰ
1471 2203 1647 2257 τοιάδε
1683 2203 1805 2274 βού-

216 2286 406 2340 λεσθαι
436 2288 619 2359 ζητεῖν
635 2289 1028 2356 δυσσεϐοὗντες
1061 2291 1365 2355 ἀνέπειθον,
1386 2293 1503 2347 ἀλλ’
1526 2297 1584 2347 ὲν
1605 2311 1668 2347 συ
1678 2295 1808 2366 μδόο

220 2376 341 2441 λαις
404 2379 728 2451 ἐπηρώτων,
763 2382 1031 2447 τουτέστι,
1079 2382 1166 2439 διὰ
1210 2385 1455 2455 σημείων
1507 2387 1671 2441 τινῶν
1712 2389 1807 2441 καὶ

215 2470 777 2543 ὶπιτηρήσεωνπαρὰ
808 2472 916 2526 τῶν
941 2473 1269 2545 ἀκαθάρτων
1300 2477 1629 2546 πνευμάτων
1667 2494 1805 2549 μαν-

217 2559 405 2617 θάνειν
435 2563 681 2634 ἐζήτουν.
725 2564 995 2637 Καθάπερ
1021 2565 1214 2636 ἀμέλει
1246 2568 1339 2620 καὶ
1373 2568 1599 2641 Βαλαὰμ
1639 2588 1804 2625 κατα-

217 2652 579 2722 μαντεύεσθαί
617 2671 747 2710 ποτε
796 2657 907 2711 τῶν
950 2658 1009 2725 ἐξ
1049 2658 1265 2731 Ἰσραὴλ
1308 2661 1615 2733 ἐπεχείρει·
1649 2662 1809 2717 τοῦτο

220 2744 331 2812 γὰρ
357 2744 572 2798 ἐκέλευε
598 2746 732 2818 δρᾷν
763 2746 948 2803 Βαλὰκ
979 2749 1094 2813 υίὸς
1117 2749 1291 2822 Βεὼρ.
1320 2751 1383 2803 ’0
1406 2751 1482 2818 δὲ,
1525 2772 1543 2804 ι
1578 2753 1809 2824 Ποίησόν

218 2852 338 2905 μοι,
378 2854 397 2888 ι
438 2837 620 2909 φησιν,
662 2854 681 2890 ι
716 2831 818 2893 ὧδε
861 2840 1003 2894 ἑπτὰ
1048 2840 1290 2913 βωμοὺς,
1338 2844 1434 2896 καὶ
1478 2845 1683 2915 σφάξον
1717 2862 1808 2917 μοι

216 2927 364 2981 ἑπτά
425 2929 678 3000 μόσχους,
736 2933 830 2987 καὶ
873 2933 1016 2987 ἑπτὰ
1058 2936 1268 3006 κριοὺς,
1319 2938 1414 2991 καὶ
1466 2937 1808 3009 πορεύσομαι

217 3018 508 3073 κατέναντι
530 3021 640 3073 τῶν
668 3022 896 3079 οίωνῶν.
933 3040 952 3077 t
986 3025 1056 3079 Ἦ
1079 3026 1189 3097 γὰρ
1220 3028 1349 3091 τοὺς
1393 3029 1641 3099 καρποὺς
1682 3029 1808 3092 τοὺς

1912 1846 2005 1900 cit.
2037 1844 2215 1899 ierant
2244 1847 2386 1899 enim
2417 1846 2556 1915 apud
2588 1862 2680 1901 eos
2710 1846 2950 1916 quidam,
2988 1847 3182 1917 inquit,
3224 1856 3484 1903 eventura

1914 1938 2162 2003 fortasse,
2188 1938 2292 2008 75
2324 1948 2416 1992 aut
2443 1939 2544 1993 sibi
2572 1937 2748 1992 futura
2778 1939 3019 1993 volentes
3043 1951 3391 2008 cognoscere,
3431 1947 3484 1992 et

1913 2028 1966 2083 in
2002 2044 2121 2098 quas
2153 2037 2418 2097 tempora,
2452 2039 2541 2082 aut
2592 2044 2771 2082 rerum
2814 2037 3009 2083 statum
3058 2028 3311 2082 devenire
3356 2042 3483 2097 pos-

1911 2127 2052 2176 seut.
2086 2120 2163 2174 Illi
2194 2133 2322 2174 vero
2353 2120 2418 2173 ad
2454 2134 2514 2174 se
2542 2119 2862 2175 adeuntibus
2904 2134 3008 2172 non
3050 2117 3180 2185 jam,
3206 2126 3265 2172 nt
3306 2133 3336 2171 a
3376 2118 3485 2172 Deo

1914 2210 2216 2277 huiusmodi
2266 2210 2637 2278 exquirerent,
2683 2209 2848 2279 impie
2895 2210 3228 2277 suadebant;
3292 2210 3385 2264 sed
3431 2210 3486 2264 in

1913 2300 2174 2372 symbolis
2203 2300 2631 2368 interrogabant,
2668 2300 2769 2354 hoc
2800 2309 2901 2363 est,
2936 2313 3033 2369 per
3056 2298 3209 2368 signa
3241 2299 3487 2369 quaedam

1912 2402 1967 2447 et
1989 2391 2398 2447 observationes
2430 2390 2500 2445 ab
2526 2391 2750 2459 impuris
2784 2390 3063 2460 spiritibus
3092 2390 3300 2445 discere
3323 2404 3485 2445 cona-

1912 2485 2141 2547 bantur;
2169 2480 2307 2535 sicut
2332 2489 2387 2534 et
2411 2479 2628 2535 Balaam
2656 2480 2945 2549 aliquando
2992 2482 3276 2535 adversum
3319 2479 3485 2535 Israel

1914 2573 2227 2628 vaticinium
2285 2572 2564 2635 tentabat;
2615 2573 2665 2626 id
2708 2574 2854 2627 enim
2912 2571 3091 2627 facere
3131 2571 3298 2627 Baiae
3345 2570 3487 2626 ﬁlius

1912 2663 2050 2727 Beer
2077 2663 2365 2735 iubebant
2402 2662 2658 2727 Exstrue,
2707 2663 2902 2733 inquit,
2960 2664 3089 2719 mibi
3141 2664 3231 2719 bic
3281 2674 3487 2733 septem

1914 2766 2059 2819 aras.
2089 2764 2143 2811 et
2178 2765 2351 2809 macta
2379 2756 2509 2809 mihi
2532 2766 2736 2825 septem
2769 2755 2988 2821 vitulos,
3012 2765 3068 2811 et
3110 2766 3315 2822 septem
3347 2756 3487 2810 arie-

1913 2852 2014 2913 tes,
2050 2856 2106 2901 et
2134 2846 2362 2916 captabo
2395 2848 2676 2917 augurium
2717 2848 2786 2901 ".
2824 2865 2844 2900 ι
2892 2848 3001 2901 Aut
3045 2848 3189 2901 enim
3231 2846 3415 2915 fruges
3455 2862 3489 2900 e

1914 2939 2085 2993 sacris
2112 2936 2243 2993 focis
2272 2937 2584 2992 exsilientes
2629 2939 3067 3003 considerabant,
3113 2951 3220 3007 quo
3259 2947 3314 2992 et
3349 2952 3488 3007 quo-

1915 3030 2075 3084 nodo
2106 3029 2444 3098 prosilirent;
2492 3039 2583 3083 aut
2626 3028 3010 3100 palpitationes
3059 3029 3320 3100 jecinoris
3364 3045 3488 3099 spe-

216 3110 280 3162 i:
350 3110 457 3165 τῶν
518 3111 718 3165 θυσιῶν
782 3110 1236 3185 ἀναθρώσκοντας
1313 3117 1806 3179 κατασκέπτονται,

1912 3119 2235 3175 euiabantur
2262 3121 2480 3186 miseri;
2522 3131 2615 3175 aut
2647 3131 2796 3177 certe
2825 3122 3035 3177 volatus
3062 3123 3240 3177 avium
3274 3124 3491 3178 curiose

216 3202 334 3272 Ξπη
352 3218 411 3255 τε
435 3203 528 3256 καὶ
548 3204 721 3269 ὅπως,
749 3206 887 3276 ὑψοῦ
918 3223 978 3260 τε
1005 3209 1099 3262 καὶ
1125 3209 1236 3262 άνω
1258 3209 1595 3264 διάττουσιν’
1624 3210 1657 3278 ἢ
1684 3211 1810 3273 τοὺς

217 3292 275 3345 ὲν
332 3294 503 3363 ἥπατι
589 3297 940 3368 σφαδασμοὺς
1002 3300 1391 3372 περιαθροῦσιν
1442 3302 1494 3354 οἱ
1552 3301 1805 3356 δείλαιον

216 3387 389 3457 ἤγουν
421 3389 519 3452 τὰς
555 3389 613 3456 ἐξ
651 3391 857 3445 οἰωνῶν
881 3393 1340 3464 περιεργάζονται
1379 3395 1629 3467 πτήσεις.
1673 3395 1811 3448 Οἰω-

216 3479 507 3533 νοσκοπίαι
536 3480 615 3542 δὲ,
652 3483 747 3535 καὶ
790 3484 1046 3555 μαντικὴ,
1106 3486 1200 3538 καὶ
1252 3486 1431 3539 τοιάδε
1483 3485 1593 3539 τῶν
1623 3485 1810 3539 κακῶν

216 3570 323 3639 τῆς
350 3571 429 3633 εἰς
457 3571 613 3641 λῆξιν
633 3573 872 3645 ἡκούσης
909 3574 1230 3639 δυσσεϐείας
1252 3576 1596 3647 ἐγκλήματα,
1620 3576 1717 3629 καὶ
1745 3578 1804 3631 ὲν

216 3665 336 3726 τοῖς
364 3664 697 3729 κατωτάτοις
721 3666 820 3737 τῆς
853 3667 1295 3738 είδωλολατρείας
1317 3667 1566 3737 ἔρχονται
1591 3669 1801 3738 μυχοῖς.

220 3773 242 3806 ι
282 3756 401 3809 Καὶ
432 3758 491 3810 ὲν
516 3757 734 3827 ῥάϐδοις
759 3760 935 3813 αὐτῶν
968 3759 1310 3831 ἀπήγγελλον
1336 3761 1505 3830 αὐτῷ.
1535 3779 1553 3812 ι
1600 3761 1813 3830 ’Δφικο-

222 3846 435 3915 μένοις,
459 3849 613 3919 φησὶ,
639 3848 778 3920 πρὸς
794 3850 991 3913 αὐτοὺς
1015 3853 1128 3914 τοῖς
1153 3850 1216 3915 ἐξ
1250 3849 1483 3921 Ἰσραὴλ,
1507 3851 1670 3904 καίτι
1700 3851 1810 3904 τῶν

219 3934 374 3990 ἰδίων
398 3936 649 3991 διειδέναι
688 3939 1101 4004 σπουδάζουσιν,
1134 3941 1258 4011 οὐχὶ
1310 3940 1469 4009 μόνον
1507 3942 1567 3992 ὲν
1605 3939 1811 4010 συμϐό-

216 4035 357 4093 λοις,
387 4026 523 4083 ἀλλὰ
567 4031 661 4084 καὶ
688 4032 745 4084 ὲν
776 4028 992 4101 ῥάϐδοις
1026 4032 1204 4086 αὐτῶν
1234 4030 1572 4101 ἀπήγγελλον
1604 4032 1806 4094 αὐτοῖς.

216 4119 439 4187 Τρόπος
483 4118 541 4174 δὲ
585 4116 739 4186 οὗτος
787 4123 1011 4193 ἀπάτης
1052 4124 1260 4194 ἕτερος,
1319 4122 1714 4193 ραὕδομαντεία
1749 4122 1812 4176 τὸ

217 4213 435 4283 χρῆμα,
466 4214 562 4266 καὶ
589 4213 802 4286 εὕρεμα
822 4228 925 4269 που
949 4216 1089 4287 τάχα
1129 4217 1228 4285 τῆς
1260 4215 1545 4269 Χαλδαίων
1587 4231 1810 4286 περιερ-

216 4302 368 4372 γίας.
423 4304 878 4374 Κατεμαντεύετο
926 4305 1035 4377 γάρ
1075 4305 1249 4370 οὕτως
1301 4306 1402 4375 τῆς
1458 4304 1812 4377 Ἰερουσαλὴμ

217 4391 715 4466 Ναῦουχοδονόσορ,
779 4396 925 4450 καθὰ
973 4398 1068 4450 καὶ
1115 4398 1143 4450 ὀ
1191 4396 1476 4458 θεσπέσιος
1529 4396 1811 4467 προφήτης

1911 3213 2294 3271 observabant.
2326 3214 2576 3284 Auspicia
2606 3228 2787 3284 porro,
2821 3225 2877 3270 et
2909 3215 3256 3281 divinatoria,
3295 3225 3350 3272 et
3381 3216 3485 3271 bn-

1906 3302 2205 3371 jnscemodi
2251 3304 2410 3365 mala,
2442 3305 2669 3359 crimina
2705 3305 3001 3372 impietatis
3042 3314 3188 3372 sunt,
3226 3315 3280 3361 et
3312 3320 3375 3362 ex
3405 3306 3488 3361 in-

1912 3392 2057 3447 tittnis
2108 3392 2426 3448 idololatriae
2476 3393 2775 3447 visceribus
2818 3402 3164 3463 prnmanant.
3227 3411 3246 3444 ι
3307 3392 3374 3447 Ει
3429 3392 3485 3446 iu

1909 3485 2080 3555 virgis
2103 3484 2217 3540 suis
2242 3483 2636 3539 annuntiabattt
2683 3483 2755 3537 ei.
2810 3501 2830 3536 ι
2894 3482 3244 3538 Venieutibus
3309 3484 3375 3538 ad
3425 3497 3489 3538 se

1911 3574 2189 3640 lsraelitis,
2247 3573 2441 3643 inquit,
2477 3583 2532 3627 et
2575 3573 2777 3643 aliquid
2814 3586 3035 3628 suarum
3094 3588 3276 3629 rerum
3325 3589 3489 3630 nosse

1909 3667 2266 3731 studentibus,
2296 3680 2401 3720 non
2444 3664 2602 3719 modo
2642 3666 2694 3719 in
2728 3664 3011 3735 symbolis,
3066 3665 3160 3719 sed
3215 3665 3377 3719 etiam
3429 3666 3482 3720 iu

1909 3755 2076 3825 virgis
2104 3754 2339 3824 ipsorum
2369 3753 2761 3807 annuntiabant
2790 3754 2889 3809 eis.
2918 3753 3015 3806 Est
3047 3753 3135 3808 hic
3162 3753 3300 3809 alter
3329 3752 3485 3808 falla-

1911 3848 2011 3902 cia:
2041 3849 2249 3909 modus.
2282 3846 2545 3901 divinatio
2580 3859 2676 3915 per
2716 3845 2917 3914 virgas,
2965 3854 3019 3900 et
3075 3846 3373 3913 inventum,
3427 3846 3485 3900 ni

1914 3936 2087 4004 fallor,
2117 3935 2424 3991 Chaldaicte
2451 3934 2803 3989 curiositatis.
2838 3933 2930 3989 Sic
2972 3934 3117 3990 enim
3161 3944 3347 3990 contra
3392 3933 3484 3991 Je-

1913 4028 2145 4084 rusalem
2174 4027 2453 4082 divinabat
2478 4025 2975 4082 Nabuchodonosor
3003 4026 3069 4091 “,
3092 4027 3231 4082 sicut
3261 4037 3316 4081 et
3347 4027 3485 4082 divi-

1912 4135 2013 4174 nus
2040 4119 2301 4190 propheta
2332 4116 2581 4172 Ezechiel
2631 4126 2879 4171 testatur.
2928 4116 3069 4171 Duas
3110 4116 3252 4170 enim
3304 4116 3486 4188 virgas

1912 4220 2233 4272 statuentes,
2288 4208 2483 4264 deinde
2526 4208 2743 4263 arcanis
2795 4207 3117 4277 quibusdam
3159 4207 3336 4263 verbis
3387 4222 3487 4262 eas

1915 4300 2277 4363 incantantes,
2304 4308 2363 4352 ut
2389 4308 2580 4368 agente
2617 4296 2831 4352 diabolo
2882 4296 3245 4366 prociderent,
3286 4305 3340 4351 et
3390 4311 3482 4351 ca-

1915 4390 2106 4445 dentes
2135 4403 2348 4444 rursum
2370 4387 2749 4452 observabant,
2785 4394 2965 4440 utrum
3005 4401 3255 4454 prorsum
3282 4400 3346 4440 an
3395 4400 3483 4440 re-

218 4483 391 4553 φτβὶν
446 4482 729 4554 Ἰεζεχιήλ.
784 4483 888 4538 Δύο
946 4486 1053 4557 γὰρ
1098 4484 1346 4548 ἱστάντες
1390 4484 1645 4554 ῥάϐδους,
1690 4478 1807 4537 εἶτά

1915 4489 2172 4545 trorsum,
2202 4482 2253 4536 in
2284 4481 2534 4536 dextrum
2588 4494 2655 4534 an
2686 4479 2739 4534 in
2766 4478 3049 4533 sinistrum
3076 4478 3371 4531 ferrentur.
3392 4475 3487 4532 Sie

218 4589 348 4626 τινα
396 4573 505 4627 τῶν
528 4575 857 4647 ἀπορρήτων
877 4576 1059 4639 αὐτοῖς
1093 4576 1511 4647 κατεπᾴδοντες,
1549 4573 1807 4627 κατακλίο

220 4665 416 4718 νεσθαι
447 4665 985 4737 παρεπεύαζωωῖς
1015 4666 1124 4721 τῶν
1146 4668 1438 4738 δαιμονίων
1479 4666 1801 4737 ἐνεργείαις.

220 4753 335 4809 Καὶ
365 4754 669 4819 πιπτούσας
715 4756 1016 4827 ἐπετήρουν
1042 4758 1165 4810 ὅποι
1207 4757 1456 4827 φέροιντο
1488 4755 1670 4817 πάλιν,
1711 4754 1808 4808 πό-

219 4861 382 4917 τερον
417 4845 545 4899 εὐθὺ
591 4846 628 4917 ἦ
676 4846 893 4911 ἀνόπιν,
940 4848 1020 4909 είς
1078 4846 1252 4911 δεξιὸν
1281 4846 1315 4916 ἢ
1362 4846 1451 4909 είς
1504 4842 1804 4912 εὐώνυμον.

220 4936 385 4990 οὕτω
405 4953 465 4990 τε
488 4936 677 4993 λοιπὸν
694 4938 755 4993 τὸ
771 4937 965 4993 δοκοῦν
981 4940 1092 5002 τοῖς
1110 4936 1425 5007 προσιοῦσιν
1441 4933 1804 5007 ἀπήγγελλον.

221 5026 398 5081 Τοῦτό
428 5029 546 5082 ἑστι
592 5029 655 5084 τὸ
678 5071 694 5097 ,
736 5049 757 5083 ι
778 5030 870 5084 Ἐν
901 5030 1119 5103 ράὖδοις
1156 5027 1550 5101 ἀπήγγελλον.»
1583 5026 1809 5081 Πάνθει-

224 5134 318 5173 νον
352 5116 445 5172 οὖν
473 5120 709 5191 ἀληθῶς,
745 5123 828 5176 ὅτι
851 5122 960 5178 τῶν
1005 5122 1180 5177 ἄλλων
1223 5122 1271 5174 oi
1325 5118 1681 5189 παιδαγωγοὶ,
1715 5118 1809 5171 καὶ

224 5208 367 5282 πρὸς
388 5213 450 5266 τὸ
482 5213 561 5285 τῷ
581 5214 699 5286 Θεῷ
723 5215 873 5284 φίλον
913 5216 1271 5290 ἀποκομίζειν
1292 5211 1397 5267 οἶοί
1434 5230 1513 5280 τε,
1547 5213 1640 5267 καὶ
1670 5211 1807 5266 πλα-

224 5302 419 5357 νᾶσθαι
471 5304 904 5377 παρεσκεύαζον,
972 5307 1069 5361 καὶ
1125 5302 1159 5381 ᾖ
1208 5321 1374 5377 φησιν
1418 5306 1448 5358 ὁ
1503 5304 1810 5375 προφήτης,

231 5394 473 5449 «Μανίαν
513 5399 573 5450 ὲν
602 5397 738 5469 οίκῳ
765 5397 973 5469 Κυρίου
1011 5398 1347 5469 κατέπηξαν.
1391 5415 1410 5448 ι
1444 5396 1658 5449 Μανίαν
1701 5392 1812 5463 γάρ

227 5500 364 5555 φησι
387 5486 485 5559 τὴν
508 5487 956 5560 ψευδομαντεὲαν.
998 5490 1412 5561 ’Υποκρίνονται
1436 5486 1543 5558 γὰρ
1574 5487 1624 5539 oi
1644 5483 1814 5538 τοιοῦ-

224 5591 311 5632 τοι
330 5578 463 5650 ὃρᾷν
480 5580 751 5647 είωθότες,
780 5580 915 5655 μηδὲ
960 5581 1154 5635 εἰδέναι
1180 5580 1384 5646 λοιπὸν,
1419 5577 1651 5650 ὅποιπερ
1681 5578 1812 5630 εἰσι.

1915 4573 2167 4643 deinceps
2201 4573 2341 4643 quod
2378 4571 2485 4626 illis
2531 4570 2778 4641 placebat
2822 4569 3206 4625 accedentibus
3264 4568 3481 4623 nuntia-

1909 4663 2062 4719 bant.
2095 4663 2208 4718 ﬂoc
2236 4663 2337 4719 sibi
2368 4662 2503 4728 vult,
2530 4662 2672 4732 quod
2700 4662 2797 4724 ait,
2832 4679 2851 4713 ι
2894 4661 2948 4715 in
2985 4660 3151 4730 virgis
3188 4660 3482 4714 annuntia-

1910 4755 2062 4811 bant.
2103 4773 2127 4807 ›
2168 4752 2309 4809 Vere
2354 4753 2519 4822 igitur
2565 4751 3010 4823 insignissimum,
3057 4752 3199 4821 quod
3248 4751 3483 4807 aliorum

1912 4844 2179 4915 magistri,
2210 4853 2263 4899 et
2284 4844 2374 4915 qui
2396 4844 2463 4899 ad
2481 4843 2648 4898 Deum
2670 4853 2893 4898 caeteros
2917 4842 3186 4897 adducere
3209 4851 3485 4912 poterant,

1912 4938 2076 4991 etiam
2108 4935 2468 5001 abducebant,
2496 4944 2553 4990 et
2581 4943 2640 4987 ut
2667 4933 2741 4988 ait
2770 4931 3030 5003 propheta
3071 4947 3089 4988 :
3139 4949 3160 4984 ι
3212 4932 3482 4988 insaniam

1911 5025 1967 5081 in
1993 5027 2151 5082 domo
2184 5025 2275 5081 Dei
2304 5027 2642 5081 coaluerunt
2666 5025 2729 5081 “.
2775 5043 2799 5077 ι
2834 5024 3100 5079 Insaniam
3127 5023 3271 5078 enim
3292 5037 3486 5079 emes—-

1909 5118 2067 5173 titum
2104 5116 2417 5172 vaticinium
2453 5115 2705 5186 appellat.
2752 5113 3019 5170 Simulant
3062 5114 3208 5169 enim
3239 5115 3329 5185 qui
3366 5114 3488 5170 istis

1911 5211 2042 5267 dant
2071 5225 2315 5280 operam,
2345 5223 2445 5265 nec
2476 5209 2617 5264 scire
2639 5223 2696 5264 se
2717 5208 2950 5277 amplius
2972 5207 3060 5263 ubi
3083 5206 3213 5262 sint.
3241 5206 3491 5261 insanire

1911 5306 2055 5363 enim
2086 5318 2180 5359 eos
2209 5310 2264 5358 et
2307 5301 2492 5356 divino
2519 5302 2702 5356 furore
2744 5300 3003 5370 percitos,
3051 5307 3111 5354 ut
3136 5298 3266 5354 deos
3298 5297 3489 5369 plenos

1911 5394 2131 5466 quidam
2177 5391 2514 5446 dictitabant.
2540 5390 2862 5461 lgnorabanl
2898 5390 3094 5461 quippe
3133 5390 3486 5446 seductorum

1911 5499 2006 5540 cor
2027 5483 2423 5538 immundorunt
2458 5483 2743 5552 spirituum
2770 5483 2915 5539 velut
2949 5481 3276 5539 domicilium
3310 5482 3487 5550 quod-

1913 5573 2061 5640 dam,
2089 5580 2144 5628 et
2169 5572 2476 5642 speluncam
2500 5588 2640 5628 esse.

308 5751 350 5783 ‘°
378 5750 485 5809 εἰει.
518 5770 569 5824 v,
603 5757 693 5823 ‘20,
730 5760 824 5813 2|.
903 5761 943 5792 ¹¹
972 5757 1127 5815 Num.
1159 5776 1317 5825 astu,
1356 5760 1403 5817 ι.
1483 5761 1524 5791 ¹¹
1561 5757 1757 5813 Ezcclt.
1792 5771 1807 5808 ι

1937 5750 2156 5821 passim.
2236 5748 2277 5781 “
2311 5746 2446 5805 Osee
2476 5764 2547 5813 ιι,
2580 5748 2614 5802 8
