4094 6572
676 320 775 377 (51

1646 320 1719 378 5.
1756 319 2028 378 CYRILLI
2068 321 2538 379 ALEXANDRINI
2576 321 2901 380 ARCHIEP.

3840 326 3940 379 ὶῖγὶ

675 434 977 489 Μαίνεσθαι
993 433 1103 506 γάρ
1127 434 1347 502 αὑτοὺς,
1371 435 1465 490 καὶ
1498 434 1778 507 ὲνθουσιᾷν
1820 437 2057 507 ἐφασκόν
2090 455 2256 502 τινες,
2294 439 2368 503 ὼς
2398 439 2543 493 θείου
2574 437 3060 511 πεπληρωμένους.
3101 438 3176 493 Οὑ
3209 437 3319 512 γάρ
3368 439 3566 511 ᾔδεσαν
3610 437 3939 511 ἀκαθάρτων

672 524 755 581 ὅτι
801 526 909 580 τῶν
978 527 1306 597 πνευμάτων
1353 523 1502 593 οἶκος
1556 528 1749 600 ὥσπερ
1795 546 1879 592 τις
1931 529 2024 581 καὶ
2068 529 2332 599 σπήλαιον
2389 532 2422 601 ἡ
2492 530 2601 583 τῶν
2639 529 3007 601 πλανωμένων
3032 531 3152 583 ἐστὶ
3179 531 3398 603 καρδία.

742 618 905 674 Vens.
941 616 1027 693 l5.
1057 616 1643 689 Spiritufornicationis
1674 624 1878 676 seducti
1902 633 2047 688 sunt,
2065 632 2114 676 et
2137 624 2233 691 [or-

2420 625 2719 694 Πνεύματι
2750 625 3033 691 πορνείας
3056 624 3517 692 ἐπλανήθησαν,
3551 622 3652 678 καὶ
3689 623 3937 692 ἐξεπόρι

670 710 833 764 nicati
876 718 998 764 sunt
1038 710 1202 764 αι)εο
1230 711 1486 779 ipsorum.
1522 713 1695 782 Super
1743 716 1955 769 uertices
1995 718 2251 770 montium

668 799 1063 865 sacriﬁcabant,
1093 800 1201 870 76
1238 812 1283 853 et
1317 817 1477 870 super
1499 804 1655 858 colles
1694 804 2041 859 immolabant
2076 807 2254 860 subter

667 907 936 960 quercum,
960 900 1010 944 et
1030 892 1304 959 populum,
1329 900 1377 947 et
1396 894 1635 949 arborem
1658 895 1978 966 umbrosam,
2012 900 2139 969 quia
2162 900 2254 955 bo-

668 998 793 1034 num
820 982 1211 1036 umbraculum.

738 1071 903 1127 XLV.
939 1071 1055 1127 Non
1082 1074 1199 1128 sine
1233 1074 1460 1145 impuris
1481 1084 1537 1130 et
1572 1075 1822 1148 malignis
1856 1079 2139 1149 spiritibus
2168 1090 2250 1137 ta-

666 1163 735 1217 lia
770 1163 887 1218 fieri
938 1165 1222 1235 perspicue
1242 1167 1416 1222 docet.
1458 1167 1631 1224 Omne
1650 1171 1851 1225 etenim
1883 1187 2057 1241 genus
2080 1174 2252 1230 scele-

665 1256 742 1310 ris
776 1266 830 1311 et
877 1258 945 1311 ab
976 1258 1111 1329 ipsis
1143 1259 1525 1328 proﬁciscitur,
1561 1270 1613 1314 et
1643 1261 1775 1316 nihil
1812 1265 2246 1333 turpissimarum

663 1363 847 1402 rerum
894 1364 1003 1404 non
1062 1360 1470 1416 consectantur,
1498 1353 1589 1422 qui
1628 1352 1816 1409 eorum
1857 1356 2117 1411 voluntati
2154 1359 2249 1413 ob-

666 1449 967 1511 temperare
1011 1442 1383 1497 decreverunt.
1417 1441 1597 1510 Inquit
1634 1460 1785 1516 ergo,
1825 1464 1843 1497 ι
1870 1446 2091 1503 Seducti
2123 1458 2249 1503 sunt

662 1534 854 1602 spiritu
892 1533 1289 1598 fornicationis.
1317 1554 1337 1587 ι
1374 1545 1427 1590 et
1456 1554 1484 1590 a
1515 1535 1621 1593 Deo
1651 1537 1964 1608 longissime
2005 1544 2244 1611 separati

662 1633 811 1687 sunt,
836 1624 1129 1693 voluptatis
1152 1635 1416 1690 amantes,
1445 1637 1499 1682 et
1523 1628 1574 1681 in
1622 1630 1879 1698 operibus
1898 1632 2247 1689 idololatricis

661 1715 846 1767 carnis
872 1715 1237 1770 demulcendae
1264 1718 1705 1773 commoditatem
1741 1723 2112 1788 quaeritantes.
2142 1723 2243 1778 Sa-

659 1806 979 1860 criﬁcabant
1007 1806 1172 1873 enim,
1200 1807 1362 1862 colles
1389 1818 1444 1862 et
1479 1819 1690 1865 montes
1726 1815 2168 1879 conscendentes,
2191 1822 2245 1869 et

661 1897 893 1952 terrenis
928 1898 1343 1953 celsitudinibus
1380 1900 1655 1954 daemonas
1694 1905 1794 1957 sub
1826 1914 2025 1958 terram
2058 1906 2242 1960 detru-

2352 731 2583 769 νευσαν
2613 714 2732 769 ἀπὸ
2757 712 2866 768 τοῦ
2902 714 3050 769 Θεοῦ
3085 712 3304 768 αὐτῶν.
3336 713 3467 768 Ἐπὶ
3510 713 3618 780 τὰς
3666 716 3937 781 κορυφὰς

2350 804 2470 859 τῶν
2500 806 2685 875 ὀρέων
2709 805 3044 872 ἐθυσίαζον,
3065 806 3164 859 καί
3183 805 3281 859 ἐπὶ
3308 803 3447 870 τοὺς
3469 802 3742 868 ,βουνοὺς
3758 802 3937 857 ἔθυον

2350 898 2626 953 ὑποκάτω
2680 898 2884 968 δρυὸς,
2933 898 3036 953 καί
3075 898 3326 966 λεύκης,
3372 895 3472 951 καὶ
3522 895 3778 964 δένδρου
3826 908 3937 947 συ-

2348 989 2720 1056 σκιάζοντος,
2749 990 2842 1044 ὅτι
2882 990 3078 1045 καλὸν
3105 990 3328 1060 σκέπη.

2419 1082 2553 1137 ME'.
2594 1083 2716 1135 Ὅτι
2740 1083 2813 1153 μὴ
2835 1082 2956 1153 δίχα
2977 1083 3304 1153 πνευμάτων
3331 1082 3443 1136 τῶν
3470 1081 3807 1154 ἀκαθάρτων
3843 1081 3932 1134 καὶ

2351 1175 2606 1248 πονηρῶν
2628 1178 2698 1231 τά
2718 1178 2898 1231 τοιάδε
2914 1176 3237 1247 πράττεται,
3253 1175 3495 1229 διδάσκει
3514 1174 3729 1243 σαφῶς.
3747 1173 3932 1228 Ἀπαν

2348 1266 2457 1339 γὰρ
2487 1267 2624 1332 εἶδος
2666 1268 3019 1339 φαυλότητος,
3068 1266 3200 1340 παρ’
3229 1266 3455 1321 ἐκείνων
3500 1267 3639 1324 ἐστί.
3677 1265 3793 1319 Καὶ
3824 1266 3933 1320 τῶν

2348 1360 2642 1430 αἰσχίστων
2695 1361 2849 1417 οὐδὲν
2889 1360 3313 1430 ἀνεπιτήδευτον
3349 1361 3463 1421 τοῖς
3508 1356 3580 1411 τὰ
3612 1356 3802 1420 αὐτοῖς
3851 1354 3932 1409 δο-

2346 1452 2550 1508 κοῦντα
2577 1452 2818 1523 πληροῦν
2842 1453 3162 1525 ᾑρημένοις.
3204 1472 3224 1503 ι
3258 1452 3640 1522 Πεπλάνηνται
3672 1469 3695 1504 ι
3724 1448 3929 1517 τοίνυν,

2348 1543 2513 1613 φησὶ,
2575 1563 2593 1595 ι
2636 1544 2908 1615 πνεύματι
2978 1543 3236 1613 πορνείας
3266 1581 3283 1607 ,
3319 1563 3338 1595 ι
3390 1543 3487 1596 καὶ
3536 1543 3614 1609 ὡς
3668 1542 3931 1598 ἀπατάτω

2344 1636 2597 1704 γεγόνασι
2654 1636 2746 1688 τοῦ
2800 1635 2955 1691 Θεοῦ.
2996 1635 3271 1707 Φιλήδονοί
3312 1651 3373 1688 τε
3416 1635 3782 1706 ὑπάρχοντες,
3837 1634 3929 1687 καὶ

2346 1727 2702 1797 φιλοσαρκίας
2752 1728 3007 1799 ἀφορμὴν
3052 1726 3121 1780 τά
3169 1727 3269 1797 τῆς
3321 1726 3736 1799 ε’ίδωλολατρίας
3790 1726 3927 1798 ἔργα

2343 1818 2677 1888 ποιούμενοι.
2711 1819 2905 1873 Ἕθυον
2921 1821 3048 1890 γάρ,
3066 1818 3287 1889 βουνούς
3310 1836 3368 1872 τε
3394 1820 3488 1873 καὶ
3513 1819 3614 1891 ὅρη
3640 1820 3928 1891 καταλαμ-

2343 1908 2615 1973 ϐάνοντες,
2676 1910 2771 1963 καὶ
2818 1910 3026 1981 γηῒνοις
3079 1909 3338 1981 ὑψώμασι
3383 1910 3444 1964 τὸ
3476 1910 3585 1964 τῶν
3630 1910 3926 1981 δαιμονίων

658 2003 750 2043 sos
778 2000 1119 2044 venerantes.
1163 1990 1364 2045 Deinde
1408 1991 1519 2045 aris
1563 1992 1662 2045 sub
1692 2008 1915 2062 quercu,
1952 2005 2008 2050 et
2047 1997 2233 2066 populo

2343 2003 2712 2077 xapatppttpé;
2756 2003 3171 2074 θεραπεύοντες.
3215 2000 3351 2057 Εἶτα
3399 2004 3618 2075 βωμοὺς
3663 2002 3925 2057 ὑποκάτω

656 2082 1327 2151 excitatis,operabantur,
1353 2082 1625 2152 nymphis,
1653 2082 1880 2140 forsitan
1915 2088 2240 2161 hamadrya-

658 2172 815 2225 dibus
857 2169 1156 2225 secundum
1200 2172 1451 2241 ﬁgmenta
1491 2171 1828 2242 Graecorum,
1859 2179 2116 2234 honorem
2160 2182 2236 2236 is-

657 2269 771 2315 tum
798 2271 1095 2318 sacrantes.
1126 2260 1384 2317 Scribunl
1408 2266 1553 2321 enim
1588 2268 1801 2323 illorum
1853 2282 2023 2339 poetae
2050 2275 2239 2342 praeci-

655 2352 768 2421 pui,
795 2362 849 2406 et
888 2353 1108 2422 stirpes,
1139 2362 1193 2408 et
1227 2353 1370 2422 ligna
1399 2358 1572 2412 amari
1603 2359 1670 2414 ab
1713 2358 1938 2429 impuris
1978 2363 2236 2419 daemoni-

651 2445 774 2510 bus,
810 2458 927 2513 quae
970 2443 1101 2512 ipsis
1131 2445 1310 2500 nescio
1334 2462 1442 2515 quo
1473 2449 1632 2504 modo
1662 2453 1926 2522 nymphas
1956 2455 2238 2511 nominare

651 2534 999 2605 complacuit.
1049 2533 1234 2589 Visum
1273 2537 1439 2607 igitur
1476 2539 1608 2605 illis,
1641 2541 1839 2611 inquit,
1867 2547 2062 2601 sectari
2114 2563 2235 2603 um-

652 2630 802 2691 bras,
834 2637 887 2682 et
934 2627 990 2681 in
1036 2627 1418 2685 virentissimis
1460 2632 1688 2689 saltibus
1720 2636 1930 2692 deliciis
1965 2641 2234 2705 enervari,

652 2720 1046 2789 laudantesque
1089 2721 1292 2790 dicere,
1340 2743 1359 2775 ι
1384 2724 1508 2792 quia
1552 2726 1747 2781 bonum
1788 2729 2185 2785 umbraculum.
2210 2752 2229 2785 ι

651 2811 841 2883 Itaque
866 2828 1054 2869 amans
1079 2813 1373 2883 voluptatis
1401 2830 1505 2871 non
1531 2818 1866 2886 poteritesse
1900 2835 2088 2877 amans
2117 2820 2232 2878 Dei.

652 2903 1044 2960 Testimonium
1090 2906 1223 2961 feret
1270 2907 1490 2975 Paulus,
1538 2910 1724 2965 dicens
1778 2913 1845 2966 de
1884 2912 2230 2981 quibusdam,

657 3016 677 3049 ι
702 3014 822 3053 esse
869 2998 1201 3067 voluptatum
1245 3010 1519 3056 amatores
1560 3003 1732 3073 magis
1771 3018 1931 3072 quam
1985 3006 2075 3059 Dei
2114 3007 2176 3061 “.
2210 3025 2229 3059 ι

653 3092 802 3146 Beati
826 3107 954 3161 ergo
981 3093 1071 3161 qui
1128 3092 1286 3148 modo
1310 3092 1496 3164 lugent
1527 3093 1593 3159 ⁸⁵,
1624 3106 1681 3148 ιιι
1708 3095 1841 3149 dicit
1879 3094 2146 3162 Salvator,
2180 3108 2235 3154 et

651 3184 911 3254 patientia
954 3184 1006 3239 in
1046 3184 1317 3240 laboribus
1371 3186 1592 3241 utilibus
1626 3187 1969 3257 suspicienda
2012 3204 2233 3259 magno-

651 3288 780 3345 pere
812 3289 877 3329 ac
904 3275 1177 3345 diligenda
1214 3285 1317 3331 est.

728 3366 888 3422 Vsus.
923 3366 1011 3421 Η.
1047 3366 1335 3436 Propterea
1400 3369 1805 3438 fornicabuntur
1843 3371 1976 3439 filia:
2020 3382 2220 3439 vestrm,

649 3468 698 3512 et
724 3475 930 3527 sponsre
959 3470 1140 3513 vestrm
1169 3461 1581 3515 nicecltabuntur.
1602 3463 1671 3514 Et
1701 3479 1802 3517 non
1832 3464 2047 3517 visitabo
2075 3479 2230 3532 super

647 3550 789 3617 ﬁlias
818 3560 1015 3604 vestras
1046 3567 1163 3604 cum
1194 3551 1474 3620 fornicata:
1505 3552 1724 3622 fuerint,
1760 3566 1809 3608 et
1834 3570 1990 3622 super
2014 3571 2231 3622 sponsas

647 3650 866 3705 uestras,
897 3658 1014 3694 cum
1056 3640 1373 3695 adulterata:
1414 3642 1651 3710 fuerint;
1691 3644 1939 3712 quoniam
1975 3643 2078 3710 ipsi
2113 3660 2231 3697 cum

648 3733 1008 3787 meretricibus
1036 3732 1526 3800 commiscebantur,
1557 3743 1606 3789 et
1634 3751 1751 3788 cum
1788 3734 2012 3788 initiatis
2048 3736 2231 3791 immo-

646 3821 852 3876 labant.

720 3910 905 3967 XLVI.
925 3913 1062 3980 Quia
1090 3914 1255 3982 enim,
1286 3914 1481 3985 inquit,
1512 3916 1769 3971 eximium
1800 3918 2052 3986 quiddam
2076 3918 2229 3975 vide-

650 4015 759 4072 tur,
790 4006 891 4059 sub
919 4005 1115 4059 arbore
1138 4015 1192 4060 et
1219 4007 1423 4062 umbris
1450 4008 1679 4062 emolliri
1721 4018 1882 4079 atque
1913 4010 2156 4073 dissolvi,
2176 4019 2230 4066 et

644 4097 906 4166 voluptati
941 4096 1177 4153 duxistis
1198 4101 1338 4169 quod
1371 4102 1500 4155 mihi
1537 4101 1804 4170 displicet,
1840 4104 2225 4157 exsecrabilem

643 4190 898 4244 videlicet
938 4191 1310 4245 seductionem
1355 4202 1411 4247 et
1451 4193 1844 4247 immunditiam
1887 4210 1901 4248 :
1944 4204 2223 4264 prapterea

645 4281 1057 4337 iornicahuntur
1095 4282 1215 4338 lilia:
1248 4294 1470 4350 vestrae;
1499 4298 1712 4353 sponsae
1744 4293 1945 4347 autem,
1991 4286 2094 4339 hoc
2115 4296 2223 4349 est,

645 4373 876 4428 liliorum
932 4389 1162 4440 uxores,
1213 4375 1478 4429 adulteria
1528 4376 1937 4445 perpetrabunt.
1990 4377 2055 4430 Et
2098 4391 2222 4429 cum

646 4467 759 4520 haec
797 4468 1144 4537 contigerint,
1178 4467 1453 4536 quiescam
1495 4475 1549 4521 et
1574 4481 1693 4536 ego,
1729 4483 1826 4522 nec
1858 4468 2106 4522 visitabo.
2133 4468 2224 4523 Vi-

642 4559 799 4611 detur
820 4572 948 4612 sane
979 4573 1073 4627 per
1099 4559 1213 4612 hinc
1243 4557 1427 4612 clades
1454 4556 1598 4621 belli,
1618 4568 1666 4612 et
1691 4560 2029 4612 incommoda
2052 4559 2223 4629 capti-

2222 3876 2231 3881 υ
2325 3844 2478 3915 μετὰ
2498 3843 2616 3915 τῶν
2646 3846 2964 3913 retexi-201$

2340 2094 2501 2164 δρυὸς
2550 2094 2645 2148 καὶ
2693 2093 2892 2166 λεύκης
2934 2096 3261 2166 ἐγείροντες,
3322 2096 3599 2166 προσῆγον
3652 2094 3921 2161 σπονδάς,

2341 2186 2599 2255 νύμφαις,
2636 2186 2778 2258 τάχα
2810 2204 2914 2240 που
2942 2191 3061 2251 ταῖς
3091 2187 3423 2259 ἀμαδρυάσι,
3463 2188 3604 2241 κατά
3632 2188 3762 2251 τοὺς
3805 2186 3923 2257 Ἑλέ

2341 2275 2514 2347 λήνων
2546 2277 2769 2348 μύθους,
2796 2278 2961 2349 τιμὰς
2985 2279 3427 2350 ἀποπέμποντες.
3452 2280 3590 2333 Φασὶ
3610 2278 3721 2349 γὰρ
3737 2281 3790 2332 οἱ
3816 2278 3921 2331 τῶν

2350 2365 2616 2436 Ἐλλήνων
2635 2369 2857 2439 ποιηταὶ
2888 2370 2982 2423 καὶ
2999 2369 3244 2438 λογάδες,
3279 2369 3374 2423 καὶ
3391 2369 3594 2440 φυτῶν,
3623 2370 3720 2423 καὶ
3753 2368 3920 2435 ξύλων

2340 2458 2472 2529 ὲρᾷν
2500 2458 2624 2523 τοὺς
2648 2460 2989 2533 ἀκαθάρτους
3004 2462 3281 2533 δαίμονας,
3300 2463 3337 2517 ἃ
3366 2461 3586 2533 νύμφας
3612 2462 3919 2533 ὠνόμαζον,

2340 2549 2480 2601 κατά
2494 2548 2555 2602 τὸ
2565 2550 2746 2614 αὐτοῖς
2766 2552 2866 2604 οὑκ
2891 2547 2988 2605 οἶδ’
3004 2553 3152 2617 ὅπως
3165 2552 3376 2607 δοκοῦν.
3393 2553 3598 2607 Ἐδόκει
3614 2554 3801 2609 τοίνυν
3827 2554 3921 2607 αὑ-

2338 2641 2449 2702 τοῖς
2478 2638 2857 2711 ἀποδέχεσθαι,
2878 2644 3030 2715 φησὶ,
3048 2643 3146 2709 τὰς
3176 2646 3354 2710 σκιάς,
3376 2644 3472 2699 καὶ
3505 2644 3613 2699 ὑπὸ
3632 2648 3744 2709 τοῖς
3762 2646 3920 2699 εὑαν-

2340 2730 2615 2796 θεστάτοις
2648 2734 2981 2806 θρύπτεσθαι
3020 2736 3245 2807 δρυμοῖς
3266 2752 3280 2767 ο
3321 2737 3566 2791 ἐπαινεῖν
3595 2754 3656 2791 τε
3709 2739 3810 2791 καὶ
3836 2738 3921 2792 λέ-

2338 2841 2454 2893 γειν
2474 2843 2488 2858 ·
2525 2827 2673 2880 ι”Οτι
2699 2826 2862 2882 καλὸν
2880 2827 3077 2899 σκέπη.
3092 2847 3111 2881 ι
3133 2826 3343 2884 Οὐκοῦν
3360 2827 3701 2901 όφιλήδονος,
3738 2832 3838 2884 οὑκ
3856 2830 3919 2885 ἂν

2336 2920 2544 2988 γένοιτο
2576 2920 2670 2975 καὶ
2707 2921 2972 2990 φιλόθεος.
3002 2922 3113 2975 Καὶ
3144 2925 3487 2996 μαρτυρήσει
3519 2925 3695 2994 λέγων
3721 2928 3750 2979 ό
3777 2927 3917 2979 Παῦ-

2334 3011 2425 3076 λος
2456 3013 2583 3082 περί
2616 3030 2800 3078 τινων,
2834 3015 2917 3067 ὅτι
2946 3014 3219 3085 φιλήδονοι
3270 3015 3472 3086 μᾶλλόν
3511 3019 3674 3083 είσιν,
3701 3019 3735 3090 ἢ
3770 3019 3916 3088 eos.

2336 3103 2469 3158 θεοι.
2500 3104 2777 3177 Μακάριοι
2805 3105 2871 3177 δὴ
2901 3102 2994 3159 οὖν
3019 3108 3069 3159 οἱ
3096 3105 3421 3173 πενθοῦντες
3446 3107 3561 3174 νῦν,
3588 3108 3736 3164 καθά
3755 3126 3917 3180 φησιν

2333 3200 2363 3251 ό
2400 3198 2610 3270 Σωτὴρ,
2640 3198 2812 3253 καὶτὸ
2840 3200 3115 3271 τληπαθὲς
3146 3202 3226 3264 εἰς
3255 3201 3451 3266 πόνους
3471 3202 3597 3266 τοὺς
3616 3203 3915 3273 ἑπωφελεῖς

2332 3292 2518 3361 τιμᾷν,
2553 3291 2634 3344 ὅτι
2671 3291 2903 3362 μάλιστα
2926 3294 3021 3348 καὶ
3047 3294 3287 3365 ἀγαπᾷν.

2404 3383 2508 3437 Διὰ
2535 3382 2713 3438 τοῦτο
2745 3383 3266 3453 ἐκπορνεύσουσιν
3295 3386 3356 3438 αἱ
3384 3382 3707 3453 θυγατέρες
3728 3383 3911 3455 ὑμῶν,

2332 3478 2431 3530 καὶ
2463 3478 2523 3530 ai
2554 3477 2783 3546 νϋμςραι
2800 3476 2968 3544 ὑμῶν
2986 3476 3407 3547 μοιχεύσουσι.
3434 3477 3545 3532 Kal
3572 3479 3647 3532 οὐ
3668 3475 3761 3548 μὴ
3791 3478 3914 3532 ἐπι-

2332 3568 2637 3637 σκέψομαι
2667 3568 2767 3622 ἐπὶ
2797 3568 2904 3635 τὰς
2937 3568 3264 3637 θυγατέρας
3291 3566 3461 3637 ὑμῶν
3488 3567 3639 3623 ὅταν
3659 3570 3913 3637 πορνεύ-

2332 3677 2506 3723 σωσι,
2526 3662 2625 3717 καὶ
2648 3662 2749 3715 ἐπί
2768 3662 2874 3726 τὰς
2888 3662 3119 3731 νύμφας
3150 3659 3308 3730 ὑμῶν
3338 3660 3484 3715 ὅταν
3501 3663 3909 3731 μοιχεύονιιιονι⁸

2331 3752 2421 3807 ὅτι
2453 3754 2621 3808 αὐτοὶ
2647 3756 2799 3822 μετὰ
2827 3753 2947 3807 τῶν
2972 3750 3213 3821 πορνῶν
3246 3754 3770 3822 συνανεφύροντο,
3818 3753 3910 3808 καί

2970 3860 3089 3897 νων
3120 3846 3321 3898 ἔθυον.

2399 3912 2552 3983 MG'.
2598 3914 2817 3986 Ἐπειδὴ
2852 3912 2980 3986 γὰρ,
3015 3916 3198 3984 φησὶν,
3232 3914 3561 3983 ἀξιάγαστον
3596 3915 3732 3988 ὑμῖν
3773 3914 3909 3971 εἶναι

2327 4006 2473 4059 δοκεῖ
2491 4005 2551 4058 τὸ
2573 4004 2676 4059 ὑπὸ
2710 4005 2861 4076 φυτῷ
2894 4002 3232 4075 θρύπτεσθαι
3254 4006 3348 4057 καὶ
3380 4007 3560 4069 σκιαῖς
3590 4006 3685 4061 καὶ
3716 4006 3907 4078 ἡδονὴν

2328 4096 2623 4167 πεποίησθε
2644 4097 2703 4150 τὸ
2719 4094 2919 4149 λυποῦν
2936 4094 3058 4165 ἐμὲ,
3076 4096 3173 4167 τὴν
3198 4095 3472 4168 ἐπάρατον
3500 4095 3751 4169 δηλονότι
3781 4100 3907 4153 πλά-

2328 4188 2554 4259 νην,καὶ
2571 4186 2931 4256 ἀκαθαρσίαν·
2964 4185 3219 4258 ταύτῃτοι
3243 4188 3602 4259 πορνεύσουσι
3623 4188 3724 4260 μὲν
3756 4191 3906 4262 ὑμῶν

2326 4283 2382 4335 ai
2404 4280 2720 4353 θυγατέρες·
2746 4281 2804 4333 al.
2830 4279 2887 4332 δὲ
2902 4278 3496 4349 νύμφαι,τουτέστιν,αἱ
3510 4279 3620 4333 τῶν
3647 4280 3784 4334 υἱῶν
3807 4299 3903 4350 γα-

2327 4371 2507 4442 μεταὶ,
2538 4369 3007 4441 μοιχευθησονται.
3038 4368 3157 4422 Κᾶν
3183 4370 3231 4421 εί
3261 4367 3433 4422 ταῦτα
3452 4368 3690 4438 γένοιτο,
3719 4373 3899 4443 φησὶν,

2323 4462 2586 4532 ἡρεμὴσω
2624 4459 2798 4528 κάγὼ,
2841 4459 2934 4512 καὶ
2960 4460 3058 4513 οὑκ
3086 4459 3476 4531 ἐπισκέψομαι.
3521 4463 3708 4517 Ἕοικε
3738 4463 3796 4517 δὲ
3819 4463 3900 4516 διὰ

2321 4553 2527 4607 τούτων
2550 4553 2620 4606 τὰ
2636 4556 2699 4605 ὲκ
2727 4552 2821 4606 τοῦ
2846 4552 3077 4623 πολέμου
3104 4553 3601 4622 προκαταγγέλλειν
3630 4557 3777 4610 κατά
3798 4557 3899 4610 τῶν

640 4652 823 4705 vitatis
843 4651 1225 4720 peccatoribus
1258 4659 1513 4704 eventura
1539 4651 1921 4718 praenuntiam.
1942 4650 2042 4717 Qui
2074 4652 2216 4706 enim

2334 4646 2725 4719 ἡμαρτηκότων
2751 4645 2985 4716 ἐσόμενα
3019 4644 3213 4715 βλάϐη,
3244 4646 3337 4698 καὶ
3367 4645 3439 4699 τά
3467 4649 3585 4712 ταῖς
3617 4648 3899 4720 αἰχμαλω·

640 4741 807 4797 semel
873 4741 1009 4797 alios
1054 4750 1431 4812 expugnarunt
1491 4741 1879 4812 viceruntque,
1929 4742 1982 4796 in
2032 4752 2219 4810 captos

2334 4742 2469 4803 σίαις
2497 4738 2757 4808 ἑπόμενα.
2780 4735 2844 4789 Οἱ
2868 4735 2975 4806 γὰρ
2994 4734 3139 4801 ἅπαξ
3160 4733 3391 4799 ἑλόντες,
3414 4736 3510 4789 καὶ
3530 4739 3896 4809 νενικηκότες,

640 4834 946 4898 consulunt,
975 4842 1033 4887 ut
1060 4833 1228 4901 lubet,
1264 4833 1371 4905 77
1413 4844 1679 4902 potestate
1713 4835 2036 4904 impotenter
2070 4845 2221 4888 uten-

642 4933 743 4991 tes,
765 4935 821 4979 et
851 4925 1055 4995 impetu
1089 4924 1449 4996 incastigabili
1496 4926 1713 4995 quidvis
1744 4924 1962 4979 tandem
2002 4925 2104 4979 sibi
2134 4925 2223 4995 ju-

638 5017 875 5071 cundum
925 5018 1322 5086 aggredientes,
1359 5027 1413 5071 et
1444 5031 1620 5087 neque
1664 5017 1797 5087 legis
1827 5019 2087 5072 rationem
2120 5016 2221 5071 du-

638 5116 843 5169 centes,
895 5121 1070 5176 neque
1121 5106 1249 5176 quid
1300 5117 1727 5162 consentaneum
1771 5113 1865 5158 aut
1911 5104 2111 5161 decens
2150 5106 2221 5161 sit

638 5198 876 5269 cogitare
908 5202 1271 5266 sustinentes;
1302 5199 1444 5254 velut
1472 5199 1704 5254 indurati
1738 5206 2004 5265 autem,et
2038 5199 2216 5254 animo

636 5305 898 5359 perquam
950 5300 1145 5358 truces,
1178 5307 1407 5363 parcere
1445 5292 1659 5347 miseris
1702 5292 2032 5348 omnimodis
2064 5292 2216 5346 dedi-

636 5391 894 5451 gnantur.
940 5381 1168 5439 Liberos
1217 5383 1384 5453 igitur
1422 5383 1668 5437 hostibus
1716 5384 1781 5437 ad
1828 5383 2209 5438 contumeliam

633 5485 687 5530 et
714 5476 1022 5544 spurciticm
1048 5474 1420 5530 fornicationis
1457 5476 1761 5544 expositum
1804 5475 1867 5530 iri
1894 5475 2097 5546 liquido
2126 5474 2211 5530 in-

634 5569 798 5625 dicat.

710 5744 752 5779 “
782 5747 819 5801 ll
849 5745 987 5801 Tim.
1022 5761 1081 5801 ιιι
1145 5744 1198 5801 4.
1279 5745 1321 5777 ¹⁵
1350 5743 1541 5800 Matth.
1575 5758 1628 5813 ν,
1659 5744 1717 5802 5.

2321 4833 2649 4903 πράττουσιν
2671 4831 2751 4893 είς
2774 4830 2900 4891 τοὺς
2922 4827 3149 4891 ἁλόντας
3183 4827 3244 4880 τὸ
3276 4827 3487 4894 δοκοῦν,
3516 4830 3791 4900 ἀχαλίνως
3814 4831 3897 4897 ἑξ-

2317 4924 2527 4985 ουσίαις
2542 4921 2834 4993 χρώμενοι,
2855 4922 2950 4975 καὶ
2961 4920 3382 4990 ἀνεπιπλήκτοις
3404 4922 3604 4990 ὁρμαῖς
3621 4922 3760 4993 πρὸς
3794 4926 3896 4978 πᾶν

2316 5013 2493 5068 ὁτιοῦν
2532 5014 2642 5067 τῶν
2669 5013 2853 5076 αὐτοῖς
2903 5010 3025 5066 καθ’
3059 5011 3253 5082 ἡδονὴν
3279 5012 3588 5085 ἐρχόμενοι,
3638 5016 3733 5067 καὶ
3777 5014 3894 5068 οὔτε

2317 5106 2481 5175 νόμον
2512 5102 2970 5172 ὑπολογιζόμενοι,
2990 5099 3115 5153 οὔτε
3135 5100 3195 5153 τὸ
3220 5101 3367 5164 εἰκὸς
3398 5100 3431 5171 ἢ
3463 5101 3677 5169 πρέπον
3697 5102 3893 5156 ἐννοεῖν

2315 5195 2648 5268 ἀνεχόμενοι,
2683 5193 3091 5265 ἀπεσκληκότες
3136 5191 3191 5246 δὲ
3228 5191 3435 5263 ὥσπερ,
3469 5194 3565 5246 καὶ
3607 5194 3743 5247 πολὺ
3787 5194 3895 5264 βλέ·

2318 5305 2487 5343 ποντα
2516 5288 2651 5358 πρὸς
2675 5288 2947 5358 ἀνήμερον
2983 5286 3195 5355 ἔχοντες
3226 5284 3372 5351 νοῦν,
3398 5284 3656 5356 οὐδεμιᾶς
3684 5284 3893 5352 ἀξιοῦσι

2316 5380 2529 5451 φειδοῦς
2549 5382 2674 5443 τοὺς
2703 5378 2902 5442 ἀθλίως
2938 5378 3307 5449 πεπραχότας.
3340 5378 3462 5430 Ὅτι
3482 5379 3661 5432 τοίνυν
3686 5378 3892 5449 προκεί-

2316 5489 2500 5527 σονται
2542 5475 2657 5536 τοῖς
2683 5470 2897 5542 ἐχθροῖς
2927 5470 3008 5533 είς
3035 5470 3192 5541 ὓϐριν
3223 5470 3317 5523 καὶ
3343 5469 3733 5545 αἰσχρουργίαν
3787 5470 3889 5521 τῶν

2314 5564 2761 5625 πεποονευκότων
2788 5564 2855 5618 τὰ
2885 5561 3073 5619 παιδία
3121 5559 3886 5635 καταμεμήνυκενὲναργῶς.
