4094 6554
643 293 750 352 135
1631 289 1689 344 S.
1728 287 2009 345 CYRILLI
2050 286 2516 344 ALEXANDRINI
2556 287 2877 347 ARCHIEP.
3808 296 3918 350 εδδ

642 417 935 490 peregrina:
966 412 1174 470 mulieri
1202 421 1414 484 gratum
1443 409 1670 480 faciens,
1693 413 1972 468 delubrum
2003 415 2051 468 ei
2077 429 2207 468 con-
2241 422 2259 477 .t

2319 413 2570 481 Σολομὼν
2593 412 2702 483 γὰρ
2733 414 2868 485 αὐτῇ
2899 413 3124 486 τέμενος
3165 414 3514 486 ἀνεδείματο,
3540 415 3812 485 μαχλὼσῃ
3854 433 3914 469 τε

643 509 840 565 struxit
861 505 928 560 '°.
2314 504 2408 557 καὶ
2430 504 2712 574 ἀλλοφύλῳ
2737 506 2955 572 γυναικὶ
2987 505 3055 558 τὰ
3084 506 3454 578 κεχαρισμένα
3493 506 3736 575 πληρῶν.

712 599 872 651 Vens.
921 596 1008 651 15.
1040 593 1116 648 Tu
1132 602 1338 653 .autem,
1369 591 1561 658 Israel,
1594 609 1658 646 ne
1694 594 1922 662 ignores,
1952 604 2000 647 et
2043 592 2210 659 Juda,

2385 596 2467 649 Σὺ
2489 596 2576 660 δὲ,
2595 595 2853 663 Ἰσραὴλ,
2870 597 2954 665 μὴ
2981 597 3204 665 ἀγνόει,
3225 597 3322 649 καὶ
3339 597 3557 661 Ἰούδα,
3578 597 3663 665 μὴ
3689 600 3918 650 clazo-

640 707 701 744 ηε
731 687 1104 756 ingrediamini
1141 686 1194 739 in
1235 683 1483 754 Galgala,
1518 693 1564 738 ει
1594 700 1655 738 ne
1697 686 1991 738 ascenderis
2021 685 2077 737 in
2117 686 2214 738 do-

2306 690 2560 756 ρεύεσθε
2617 692 2704 752 εἰς
2753 689 3060 757 Γάλγαλα,
3119 689 3216 741 καὶ
3282 689 3366 758 μὴ
3410 689 3767 742 ἀναϐαίνει-ε
3827 693 3920 753 εἰς

642 796 784 836 mum
818 779 1134 849 iniquitatis,
1166 785 1216 831 et
1243 792 1304 830 ne
1325 776 1514 845 juretis
1553 777 1800 830 viventem
1837 775 2139 829 Dominum.

2313 778 2425 830 τὸν
2472 774 2642 831 οἷκον
2683 776 2793 844 τῆς
2837 778 3092 844 ἀδικίας,
3142 780 3238 833 καὶ
3290 778 3372 848 μὴ
3416 780 3666 847 ὀμνύετε
3717 778 3920 842 ζῶντα

2315 869 2558 935 Κύριον.

711 958 941 1015 XLVI“.
967 957 1085 1013 Dixi
1117 958 1226 1028 jam
1262 956 1438 1022 toties,
1469 956 1651 1010 decem
1683 954 1853 1009 tribus
1888 954 1940 1008 in
1969 953 2214 1008 Samaria

2385 961 2526 1014 MH'.
2553 959 2730 1031 Ἕφην
2757 960 2859 1031 ήδη
2892 960 3232 1025 πλειστάκις,
3277 962 3359 1015 ὅτι
3386 963 3486 1025 τὰς
3522 963 3620 1032 μὲν
3641 963 3777 1016 δέκα
3810 981 3918 1030 φυ-

643 1069 672 1107 a
723 1050 996 1120 prophetis
1050 1048 1314 1102 nominari
1356 1045 1552 1110 lsrael;
1580 1045 1770 1100 Judam
1817 1059 1964 1109 vero,
1988 1055 2041 1098 et
2079 1059 2214 1099 non-

2317 1048 2435 1113 λάς,
2473 1050 2574 1113 τὰς
2606 1053 2663 1102 ἐν
2691 1053 2758 1121 τῇ
2806 1053 3108 1122 Σαμαρείᾳ,
3165 1052 3274 1105 τῶν
3309 1053 3606 1124 προφητῶν
3659 1057 3707 1107 οί
3757 1055 3919 1123 λόγοι

645 1158 917 1213 nunquam
953 1140 1252 1209 Beniamin,
1275 1140 1408 1193 duas
1441 1138 1613 1192 tribus
1644 1138 1695 1190 in
1727 1133 2215 1200 JerusalemJudae

2316 1142 2570 1196 καλοῦσιν
2625 1136 2867 1215 Ἰσραήλο
2903 1144 3102 1198 Ἰούδαν
3133 1161 3197 1213 γε
3232 1145 3338 1216 μὴν
3379 1146 3475 1198 καὶ
3507 1147 3764 1216 Βενιαμὶν
3801 1148 3918 1199 ἔσθ’

647 1243 772 1302 puta
801 1242 849 1286 et
873 1230 1168 1299 Beniamin.
1189 1227 1451 1297 Loquitur
1473 1226 1525 1280 in
1556 1241 1794 1297 praesens
1821 1226 1886 1280 de
1928 1226 2211 1291 ainbobus,

2315 1235 2403 1287 ὅτε
2446 1235 2545 1297 τὰς
2596 1235 2654 1288 ἐν
2705 1238 2816 1298 τοῖς
2857 1235 3246 1307 Ἰεροσολύμοις
3292 1237 3385 1290 δύο
3415 1238 3607 1306 φυλὰς,
3655 1239 3755 1310 τὴν
3817 1240 3916 1291 τοῦ

646 1335 699 1379 et
738 1324 1014 1392 utriusque
1055 1320 1410 1375 multitudinis
1461 1320 1705 1372 morbum
1763 1318 2023 1386 increpat.
2079 1316 2215 1372 Vide

2329 1324 2518 1389 Ἰούδα,
2554 1326 2716 1396 φημὶ,
2742 1328 2838 1379 καὶ
2884 1327 2979 1379 τοῦ
3013 1328 3287 1398 Βενιαμίν.
3333 1329 3529 1396 Γέγονε
3564 1331 3742 1384 τοίνυν
3778 1331 3917 1402 περὶ

647 1417 790 1472 enim
815 1414 1084 1484 quomodo
1115 1411 1365 1466 lsraelem
1399 1419 1456 1464 ut
1484 1423 1738 1480 perquam
1776 1408 2118 1477 insipientem
2162 1416 2216 1463 et

2316 1415 2521 1485 ἀμφοῖν
2559 1417 2638 1479 είς
2669 1417 2728 1469 τὸ
2760 1417 2934 1489 παρὸν
2955 1419 2982 1470 ὁ
3010 1419 3186 1486 λόγος,
3216 1420 3311 1472 καὶ
3334 1420 3434 1491 τὴν
3469 1422 3737 1491 ἑκατέρας
3770 1422 3918 1492 πλη-

648 1509 848 1564 mentis
875 1507 1107 1576 inopem,
1139 1513 1193 1559 et
1238 1513 1523 1573 eapropter
1543 1504 1702 1556 etiam
1745 1500 2074 1555 desertorem
2107 1499 2218 1555 fac-

2319 1506 2445 1570 θύος
2469 1507 2758 1579 ἀπελέγχει
2785 1509 2955 1562 νόσον.
2987 1509 3094 1562 Θέα
3121 1511 3230 1581 γάρ
3251 1512 3398 1574 ὅπως
3422 1515 3784 1579 κατονειδίζει
3820 1516 3916 1568 τὸν

648 1607 762 1654 tum
810 1600 1076 1669 vituperet
1105 1615 1118 1651 :
1143 1597 1406 1665 siquidem
1455 1594 1774 1664 insipientia:
1815 1594 2017 1647 crimen
2059 1608 2216 1661 repu-

2332 1598 2564 1670 Ἰσραὴλ,
2621 1599 2697 1663 ὡς
2740 1601 2997 1655 ἀσύνετον
3054 1603 3271 1674 κομιδῇ,
3329 1604 3426 1657 καὶ
3476 1605 3912 1677 ὀλιγογνὼμονα,

651 1694 755 1746 tari
795 1705 1004 1759 aequum
1051 1699 1158 1752 est,
1213 1688 1442 1743 cultibus
1495 1686 1754 1741 idolorum
1815 1685 2218 1754 frequentandis

2322 1692 2583 1762 ταύτῃτοι
2619 1693 2879 1760 γεγονότα
2904 1693 2999 1748 καὶ
3040 1695 3369 1766 ἀποστάτην.
3400 1697 3574 1768 Εἴπερ
3613 1700 3913 1762 ἀσυνεσίας

649 1783 928 1844 delectari,
957 1789 1010 1834 et
1037 1795 1064 1833 a
1093 1779 1361 1834 charitate
1383 1777 1437 1831 in
1466 1776 1631 1830 Deum
1654 1776 1916 1844 separari.
1945 1773 2220 1844 Signiﬁcat
2254 1787 2266 1844 ]

2323 1778 2577 1848 ἔγκλημα
2621 1781 2779 1832 νοοῖτ’
2811 1781 2878 1834 ἂν
2931 1782 3178 1848 εἰκότως,
3221 1784 3284 1836 τὸ
3322 1787 3446 1848 ταῖς
3502 1786 3612 1839 τῶν
3665 1787 3916 1842 εἰδώλων

649 1892 778 1947 ergo
818 1878 918 1930 hoc
959 1874 1096 1938 loco,
1131 1890 1150 1924 ι
1178 1886 1243 1925 ne
1292 1871 1529 1939 ignores,
1554 1885 1573 1918 ι
1609 1881 1677 1922 ne
1715 1867 1791 1921 sis
1835 1866 2037 1930 fatuus,
2088 1881 2221 1920 neve

2321 1869 2600 1940 λατρείαις
2629 1871 2990 1939 προσκεῖσθαι
3019 1872 3214 1940 φιλεῖν,
3243 1874 3337 1926 καὶ
3363 1874 3466 1944 τῆς
3497 1877 3577 1938 είς
3605 1876 3741 1930 Θεὸν
3771 1879 3918 1946 ἀγά-

649 1979 890 2022 extrema
928 1963 1230 2034 insipientia
1268 1959 1474 2030 plenus.
1519 1957 1800 2013 Pudelacit
1839 1957 2034 2012 deinde
2068 1957 2221 2012 habi-

2323 1977 2431 2029 πης
2456 1961 3218 2031 ἀπονοσφίζεσθαι.Σημαίνει
3243 1962 3306 2034 δὴ
3338 1958 3432 2016 οὖν
3463 1964 3648 2018 ἐνθάδε
3677 1967 3762 2032 τὸ,
3794 1986 3816 2017 ε
3840 1968 3915 2038 μὴ

652 2069 825 2113 tantes
853 2055 1168 2120 Jerusalem,
1206 2065 1396 2120 nempe
1422 2051 1638 2115 Judam,
1669 2059 1728 2104 ut
1753 2047 2122 2105 simulatorem
2167 2057 2221 2104 et

2321 2052 2522 2121 ἀγνόει,
2537 2073 2556 2105 ι
2578 2052 2659 2115 τὸ,
2684 2055 2756 2124 μὴ
2779 2053 2869 2106 ἔσο
2893 2054 3096 2124 μωρὸς,
3118 2054 3250 2126 μηδέ
3265 2056 3362 2126 τῆς
3395 2059 3474 2121 είς
3495 2058 3647 2129 λῆξιν
3666 2060 3915 2130 ἡκούσης

649 2151 812 2219 impie
839 2149 1152 2218 iniuriosum
1174 2183 1188 2209 ,
1219 2144 1361 2214 quod
1387 2143 1649 2198 ambobus
1677 2143 1922 2209 incedat;
1956 2143 2063 2196 imo
2079 2144 2220 2213 quod

2320 2143 2608 2210 ἀσυνεσίας
2637 2146 2905 2216 ἔμπλεως.
2953 2146 3236 2216 Ἐντρέπει
3280 2146 3337 2200 δὲ
3371 2148 3532 2202 πάλιν
3577 2150 3672 2202 καὶ
3699 2151 3834 2212 τοὺς
3859 2152 3916 2202 ἐν

649 2242 911 2296 ambobus
936 2237 1225 2308 poplitibus
1269 2235 1424 2305 juxta
1465 2236 1686 2289 verbum
1716 2235 1990 2305 prophetre
2021 2234 2222 2289 claudi-

2320 2238 2432 2300 τοῖς
2463 2235 2877 2307 Ἰεροσολύμοις,
2908 2237 3154 2290 τουτέστι
3186 2238 3276 2290 τὸν
3316 2239 3533 2303 Ἰούδαν,
3570 2239 3645 2302 ὡς
3679 2240 3913 2310 ὐποκρι-

649 2342 735 2386 cet
759 2332 825 2383 ".
862 2329 1123 2398 Fingebat
1155 2329 1298 2381 enim
1327 2326 1565 2381 studium
1594 2336 1647 2382 et
1672 2340 1911 2381 amorem
1945 2325 2222 2395 religionis

2322 2328 2442 2397 τὴν,
2478 2330 2572 2381 καὶ
2598 2329 2828 2393 ἀνοσίως
2861 2329 3171 2400 ὐῦρίζοντα,
3221 2331 3309 2384 διά
3339 2348 3403 2400 γε
3436 2331 3558 2385 τοῦδ
3581 2332 3789 2401 βαίνειν
3825 2334 3913 2384 ἐπ’

649 2443 776 2498 erga
795 2427 980 2489 Deum,
1010 2434 1064 2480 et
1092 2420 1357 2478 sacriﬁcia
1387 2421 1591 2490 legibus
1619 2419 1862 2473 instituta
1882 2416 2218 2482 celebrabat,

2323 2417 2508 2488 ἄμφω,
2572 2420 2771 2490 μᾶλλον
2819 2421 2877 2474 δὲ
2937 2421 3196 2491 χωλεύειν
3246 2423 3337 2474 ἐπ’
3389 2425 3732 2495 ἀμφοτέραις
3790 2426 3911 2486 in";

651 2521 744 2575 sed
770 2519 1079 2586 neutiquam
1125 2516 1300 2569 adhuc
1328 2515 1392 2566 ad
1429 2513 1702 2566 daemones
1742 2511 1888 2578 ipsos
1918 2509 2222 2564 adorandos

2327 2512 2552 2580 ίγνύαις,
2582 2513 2722 2566 κατὰ
2756 2512 2854 2578 τὴν
2883 2511 2978 2566 τοῦ
3009 2516 3288 2585 προφήτου
3321 2517 3528 2586 φωνήν.
3580 2516 3912 2570 Ἐπλάττετο

652 2623 943 2679 properare
985 2605 1283 2670 desinebat,
1319 2604 1432 2674 79
1476 2603 1575 2658 ctsi
1617 2602 1665 2656 id
1709 2615 1813 2655 non
1856 2599 1989 2654 adeo
2023 2599 2217 2668 palam,

2326 2606 2424 2676 μὲν
2465 2607 2572 2676 γὰρ
2615 2606 2950 2678 ἐπιτηδεύειν
2992 2624 3051 2661 τε
3100 2609 3196 2662 καὶ
3240 2609 3459 2678 ἀγαπᾷν
3499 2609 3599 2681 τὴν
3643 2612 3722 2673 είς
3774 2611 3909 2663 Θεὸν

651 2717 838 2755 verum
875 2697 1082 2753 occulte
1118 2705 1171 2751 et
1207 2695 1458 2750 latenter.
1503 2693 1682 2760 Quare
1719 2692 1909 2748 beatus
1961 2693 2221 2762 preplieta

2326 2697 2627 2762 εὐσέϐειαν,
2656 2699 2752 2751 καὶ
2781 2699 2880 2763 τὰς
2911 2699 3055 2753 κατὰ
3082 2700 3244 2771 νόμον
3273 2701 3462 2764 Θυσίας
3496 2701 3699 2754 ἐτέλει·
3731 2701 3909 2771 ἀπήλ-

654 2792 905 2848 Ezechiel
938 2789 1220 2861 perfodere
1265 2787 1522 2857 parietem
1559 2785 1743 2854 jussus
1782 2793 1899 2849 est;
1936 2798 2042 2853 quo
2082 2783 2223 2837 facto

2322 2789 2487 2843 λακτο
2539 2791 2596 2844 δὲ
2647 2792 2896 2862 οὐδαμῶς
2934 2791 3030 2844 τοῦ
3073 2791 3168 2845 καὶ
3201 2791 3384 2855 αὐτοῖς
3429 2793 3746 2861 ἐπείγεσθαι
3794 2797 3907 2855 toi;

651 2885 789 2939 vidit
815 2882 992 2938 omnia
1027 2880 1167 2935 idola
1195 2878 1356 2932 Israel
1385 2877 1594 2946 depicta
1626 2877 1678 2930 in
1715 2877 2026 2944 parietibus.
2067 2876 2129 2929 Et
2154 2874 2221 2928 ad

2321 2881 2617 2950 δαιμονίοις
2675 2883 3020 2952 προσκυνεῖν,
3065 2881 3114 2934 εί
3159 2882 3254 2934 καὶ
3301 2881 3376 2952 μὴ
3418 2881 3536 2937 λίαν
3578 2883 3906 2952 ἀναφανδὸν,

654 2981 828 3048 ipsum
878 2975 1247 3029 universorum
1285 2971 1424 3024 Deus
1458 2986 1471 3022 :
1517 2985 1535 3019 ι
1564 2966 1796 3033 Vidisti,
1837 2967 1908 3021 ﬁli
1955 2967 2220 3032 hominis,

2323 2973 2438 3027 ἀλλ’
2479 2968 2572 3026 οὖν
2619 2973 3014 3044 κεκρυμμένως
3054 2973 3146 3027 καὶ
3185 2972 3507 3044 λεληθότως.
3549 2975 3660 3027 Καὶ
3702 2975 3836 3044 γοῦν
3879 2977 3908 3026 ὁ

655 3069 784 3140 quid
813 3069 1055 3124 seniores
1073 3065 1263 3120 domus
1289 3061 1452 3117 Israel
1485 3060 1682 3115 faciant
1707 3059 1833 3114 hic?
1856 3060 2222 3129 unusquisque

2329 3065 2595 3135 μακάριος
2621 3066 2903 3134 προφήτης
2958 3065 3215 3137 Ἱεζεχιὴλ
3245 3066 3491 3136 ὀρύττειν
3535 3067 3592 3118 ἐν
3629 3067 3710 3138 τῷ
3741 3066 3909 3136 τοίχῳ

657 3175 843 3216 eorum
869 3161 922 3216 in
951 3157 1197 3214 cubiculo
1213 3154 1532 3210 abscondito
1553 3168 1763 3208 eorum.
1787 3151 1920 3218 Quia
1953 3151 2221 3218 dixerunt,
2250 3153 2274 3209 (

2288 3157 2291 3207 ὲ
2328 3156 2738 3227 προσετάττετο.
2776 3152 2907 3208 Εἶτα
2938 3155 3192 3210 τεθέαται
3221 3157 3399 3210 πάντα
3435 3159 3503 3210 τὰ
3531 3158 3722 3212 είδωλα
3753 3160 3905 3214 οἴκου

658 3253 955 3323 Dereliquit
983 3249 1261 3315 Dominus,
1285 3262 1388 3301 non
1421 3247 1553 3300 vidit
1589 3245 1846 3299 Dominus
1875 3253 2074 3297 terram
2107 3246 2172 3297 ".
2200 3263 2218 3296 ι

2339 3245 2556 3316 Ἰσραὴλ
2588 3245 3041 3316 διαγεγραμμένα
3083 3247 3177 3299 ἐπὶ
3216 3248 3326 3302 τῶν
3366 3248 3580 3319 τοίχων.
3619 3250 3731 3303 Καὶ
3768 3252 3906 3321 πρὸς

657 3349 747 3402 Ait
800 3348 928 3401 item
975 3342 1256 3414 propheta,
1299 3353 1359 3396 se
1402 3339 1676 3408 aSpexisse
1725 3335 1974 3390 mulieres
2013 3350 2226 3405 quoque

2325 3337 2487 3389 αὐτὸν
2509 3339 2538 3390 ὁ
2577 3338 2686 3391 τῶν
2718 3336 2854 3390 ὅλων
2880 3336 3010 3400 Θεός
3032 3351 3048 3369 ο
3087 3355 3106 3388 ι
3146 3338 3445 3410 Ἑώρακας,
3479 3341 3559 3393 υἱὲ
3591 3340 3904 3412 ἀνθρώπου,

658 3438 906 3493 sedentes
958 3446 1010 3488 et
1043 3434 1358 3503 plangentes
1412 3429 1741 3489 Thammuz,
1780 3427 1870 3496 qui
1913 3425 2223 3481 Graecorum

2325 3427 2360 3482 ἃ
2381 3428 2430 3480 οἱ
2455 3427 2809 3499 πρεσϐύτεροι
2828 3430 2977 3481 οῐκου
3007 3429 3222 3500 Ἰσραὴλ
3243 3429 3484 3484 ποιοῦσιν
3511 3424 3612 3484 ὧδε
3635 3448 3650 3497 ;
3679 3431 3907 3493 ἕκαστος

657 3529 834 3599 lingua
867 3536 950 3581 est
971 3525 1196 3579 Adonis.
1212 3522 1464 3590 Perspice
1488 3520 1671 3590 igitur,
1697 3533 1804 3587 quo
1827 3528 2004 3587 pacto,
2031 3532 2226 3586 quam-

2327 3522 2385 3572 ἐν
2413 3518 2489 3589 τῷ
2523 3519 2736 3574 κοιτῶνι
2755 3520 2832 3590 τῷ
2853 3519 3079 3589 κρυπτῷ
3104 3519 3302 3576 αὐτῶν.
3322 3522 3464 3574 Διότι
3485 3517 3672 3575 ε¹ίπαν⁹
3710 3523 3909 3590 Ἐγκα-

655 3623 737 3674 vis
777 3619 1016 3673 divinum
1049 3614 1305 3684 templum
1343 3609 1708 3665 venerabundi
1749 3609 1981 3675 obirent,
2018 3617 2072 3662 et
2112 3608 2227 3662 cul-

2325 3609 2608 3663 ταλέλοιπε
2669 3609 2891 3680 Κύριος,
2952 3610 3054 3662 οὐκ
3107 3613 3280 3682 ἐφορᾷ
3339 3611 3543 3682 Κύριος
3581 3611 3681 3682 τὴν
3731 3613 3901 3681 γῆν.»

659 3724 768 3765 tum
796 3711 1035 3764 divinum
1062 3707 1359 3761 secundum
1398 3702 1569 3772 legem
1605 3700 1707 3754 sibi
1741 3701 2018 3768 proprium
2057 3709 2112 3752 et
2143 3714 2230 3768 pe-

2328 3701 2627 3756 Τεθεᾶσοαι
2665 3704 2726 3760 δέ
2766 3719 2929 3773 φησιν
2957 3704 2986 3755 δ
3019 3705 3302 3775 προφήτης
3340 3705 3434 3756 καὶ
3469 3708 3733 3773 γυναῖκας
3772 3704 3905 3758 καθ-

657 3804 913 3858 culiarem
952 3814 1073 3854 esse
1113 3796 1451 3856 simularent,
1496 3791 1846 3847 nihilominus
1892 3790 2227 3845 clandestine

2329 3812 2361 3864 η
2371 3795 2554 3863 μένας,
2581 3795 2673 3847 καὶ
2696 3793 2998 3864 θρηνούσας
3025 3795 3114 3850 τὸν
3127 3794 3488 3865 Θαμμοὺζ,¹ὃς
3509 3797 3657 3848 ἐστιν
3681 3797 3905 3858 ’Ἄδωνις

658 3894 889 3950 cultibus
924 3889 1173 3945 absurdis
1203 3895 1258 3941 et
1284 3883 1582 3946 diabolicis,
1614 3893 1669 3938 et
1701 3881 1808 3936 Deo
1836 3882 2022 3936 invisis
2051 3897 2109 3937 se
2146 3884 2228 3936 di-

2327 3889 2392 3956 τῇ
2444 3887 2710 3958 Ἑλλήνων
2741 3891 2911 3959 φωνῇ.
2945 3888 3135 3959 Ἀθρει
3169 3890 3236 3959 δὴ
3261 3885 3374 3954 οὖν,
3403 3890 3551 3951 ὅπως
3595 3889 3778 3942 καίτοι
3821 3888 3906 3940 τὸν

658 3984 934 4038 videbant.
991 3979 1254 4046 Quocirca
1299 3993 1318 4027 ι
1347 3975 1425 4029 Tu
1459 3973 1642 4037 Israel,
1676 3991 1694 4025 ι
1729 3972 1819 4042 qui
1875 3972 2095 4026 omnino
2133 3973 2228 4027 de-

2331 3977 2470 4030 θείον
2494 3980 2848 4049 περιέποντες
2874 3981 3022 4043 ναὸν,
3047 3981 3141 4033 arat
3166 3981 3262 4050 τῆς
3289 3981 3431 4033 κατὰ
3455 3981 3618 4050 νόμον
3650 3980 3904 4050 λατρείας

659 4074 856 4130 flexisti
887 4087 900 4127 τ
925 4070 992 4126 de
1021 4072 1105 4125 via
1135 4087 1153 4120 ι
1182 4081 1249 4123 ne
1280 4068 1515 4137 ignores,
1550 4082 1568 4115 ι
1598 4062 1791 4132 inquit.
1824 4062 1878 4116 Id
1899 4062 2229 4127 est,abstine

2331 4071 2742 4140 μεταποιεῖσθαι
2777 4071 3253 4143 προσποιούμενοι,
3284 4071 3583 4142 λεληθότως
3608 4089 3739 4124 κατε
3752 4071 3901 4143 μερί-

662 4168 732 4221 ab
779 4161 1089 4232 imperitia;
1120 4159 1320 4213 desiste
1350 4157 1420 4211 ab
1460 4155 1561 4209 hac
1590 4163 1699 4208 tam
1741 4168 1881 4206 vana
1922 4161 1976 4206 et
2005 4150 2226 4222 profana

2329 4160 2483 4225 ζοντο
2517 4161 2653 4232 πρὸς
2684 4162 2938 4234 λατρείας
2985 4165 3083 4228 τάς
3129 4163 3449 4226 ἀλλοκότους
3489 4163 3584 4215 καὶ
3614 4161 3901 4231 δαιμονιώ-

660 4257 983 4321 vnluntate;
1024 4253 1250 4307 admitte
1294 4248 1634 4319 prudentiam
1682 4246 1785 4317 legi
1826 4256 1883 4300 et
1931 4245 2225 4315 pmpbetis,

2326 4252 2456 4315 δεις,
2521 4252 2615 4305 καὶ
2669 4253 2788 4323 Θεῷ
2839 4255 3336 4325 κατεστυγημένας.
3388 4253 3618 4307 οὐκοῦν.
3658 4255 3777 4306 ιΣὸ
3813 4253 3905 4323 μὲν

663 4351 779 4406 sive
817 4346 1034 4402 Christo
1073 4355 1126 4399 et
1153 4341 1445 4411 Evangelia
1485 4348 1926 4396 consentaneam.
1961 4356 1980 4388 ι
2012 4337 2073 4390 Et
2093 4334 2226 4389 Juda

2341 4340 2576 4411 Ἰσραὴλ,
2600 4359 2619 4394 ι
2675 4342 2979 4413 ὁλοτρόπως
3024 4343 3388 4408 ἐκκεκλικὼς,
3437 4360 3456 4394 ι
3487 4342 3563 4414 μὴ
3593 4342 3844 4412 μάγνόει,
3881 4359 3896 4389 ι

663 4456 734 4496 ne
779 4438 1117 4508 ingredimini
1147 4438 1196 4490 in
1225 4434 1463 4504 Galgala,
1503 4442 1556 4488 et
1591 4433 1643 4486 in
1683 4431 1898 4486 domum
1929 4428 2229 4496 iniquitatis
2261 4504 2280 4508 _

2288 4506 2292 4508 ἢ
2329 4435 2486 4502 φησι,
2511 4434 2788 4486 τουτέστιν
2813 4434 3051 4504 ἀπόσχου
3086 4436 3186 4505 τῆς
3213 4435 3470 4506 ἀμαθίας,
3497 4434 3782 4505 κατάληγε
3813 4433 3905 4502 τῆς

663 4548 732 4587 ne
774 4530 1084 4593 ascendite,
1133 4535 1186 4582 et
1227 4541 1292 4581 ne
1325 4527 1505 4596 jurate
1552 4525 1819 4578 viventem
1868 4519 2174 4574 Dominum.
2205 4536 2224 4570 ι
2261 4504 2280 4558 Ῑ

2286 4505 2505 4584 )οὐτως
2554 4525 2760 4588 εἰκαίας
2804 4524 2899 4580 καὶ
2944 4504 3167 4595 βεϐήλου
3206 4504 3450 4594 γνώμης,
3495 4524 3646 4592 δέξαι
3694 4504 3903 4577 σύνεσιν

663 4623 815 4677 llaud
847 4622 990 4675 enim
1032 4620 1285 4673 decorum
1311 4627 1396 4671 est
1421 4630 1516 4686 per
1544 4615 1709 4668 Deum
1751 4611 1955 4681 iurare,
1979 4621 2139 4678 atque
2181 4611 2232 4663 in

2332 4617 2432 4686 τὴν
2459 4616 2548 4668 διὰ
2565 4617 2728 4687 νόμου
2765 4618 2859 4672 καὶ
2901 4617 3227 4688 προφητῶν,
3263 4618 3383 4688 ἦτοι
3425 4616 3526 4688 τὴν
3551 4616 3639 4669 διὰ
3668 4611 3901 4686 Χριστοῦ

665 4717 848 4785 lingua
887 4713 1088 4768 habere
1130 4710 1399 4764 viventem
1447 4708 1759 4770 Dominum,
1797 4714 1851 4759 et
1888 4703 2105 4759 interim
2143 4701 2234 4754 ad-

2333 4708 2428 4760 καὶ
2465 4707 2847 4777 εὐαγγελικήν.
2892 4729 2910 4761 ι
2933 4710 3041 4763 Καὶ
3074 4708 3265 4774 Ἰούδα,
3300 4708 3374 4779 μὴ
3413 4708 3802 4779 είσπορεύεσθε
3833 4709 3904 4769 είς

665 4806 866 4862 dictum
897 4819 1015 4859 esse
1037 4802 1193 4858 idolis
1226 4812 1281 4857 et
1304 4801 1503 4855 vitulos
1533 4799 1804 4854 inanimes
1833 4797 2081 4851 adorare.
2097 4795 2237 4848 Con-

2334 4799 2606 4868 Γάλγαλα,
2629 4799 2720 4852 καὶ
2739 4801 2820 4863 είς
2835 4801 2926 4853 τὸν
2944 4799 3090 4854 οἷκον
3108 4801 3207 4870 τῆς
3232 4799 3444 4862 ἀδικίας
3467 4799 3542 4870 μὴ
3566 4798 3903 4858 ἀναϐαίνετε,

666 4900 841 4953 stituit
871 4898 1067 4965 quippe
1095 4894 1379 4949 Jeroboam
1404 4907 1570 4947 unum
1604 4893 1657 4946 in
1691 4889 1896 4952 Bethel,
1919 4890 2144 4941 alterum
2175 4887 2227 4939 in

2333 4894 2427 4944 καὶ
2465 4892 2539 4964 μὴ
2577 4892 2800 4961 ὀμνύετε
2833 4892 3009 4956 ζῶντα
3043 4891 3245 4963 Κύριον
3268 4905 3285 4920 ⁸
3309 4910 3328 4942 ι
3373 4891 3482 4943 Καὶ
3505 4889 3615 4960 γάρ
3653 4890 3770 4942 ἐστι
3803 4888 3906 4941 τῶν

667 4991 780 5044 Dan
813 4990 878 5041 ⁸³.
912 4988 1025 5041 Non
1063 4987 1192 5042 sinit
1215 4987 1374 5055 igitur
1397 4985 1650 5055 pietatem
1673 4997 1803 5053 erga
1832 4983 1996 5035 Deum
2032 4979 2231 5050 lingere

2335 4984 2572 5048 ἀτόπων,
2599 4986 2782 5056 ὅρκιον
2817 4986 2916 5054 μὲν
2941 4984 3210 5038 ποιεῖσθαι
3231 4983 3384 5046 Θεὸν,
3415 4982 3508 5034 καὶ
3541 4982 3633 5034 ἐπὶ
3663 4979 3905 5048 γλώττης

667 5099 762 5152 per
796 5079 1282 5150 pronuntiationem
1334 5076 1568 5130 nominis
1599 5074 1832 5137 Domini,
1861 5078 1915 5126 et
1962 5069 2231 5123 nihilomi-

2337 5073 2481 5144 ἔχειν
2523 5075 2615 5128 τὸν
2662 5075 2839 5139 ζῶντα
2881 5074 3120 5144 Κύριον,
3168 5073 3522 5144 προσκεῖσθαι
3582 5070 3642 5124 δὲ
3688 5069 3766 5141 τῷ
3821 5067 3906 5124 καὶ

669 5189 770 5229 nus
800 5174 864 5226 ad
891 5170 1219 5225 idololatrias
1237 5184 1357 5223 cum
1383 5168 1589 5222 ratione
1609 5173 1909 5235 pugnantes
1926 5161 2147 5224 auferri,
2175 5161 2226 5213 in

2336 5165 2574 5227 εἰδώλοις
2602 5167 2696 5218 καὶ
2732 5165 2958 5234 ἀψύχοις
2981 5165 3276 5234 δαμάλεσιν
3321 5163 3532 5216 ἑλέσθαι
3565 5160 3903 5233 προσκυνεῖν.

667 5265 908 5335 Galgala,
947 5273 1001 5317 et
1046 5263 1097 5317 in
1132 5261 1347 5317 domum
1381 5258 1683 5328 iniquitatis
1719 5253 2093 5310 ascendentes.
2121 5253 2228 5306 Do-

2349 5256 2608 5309 Ἀπέθετο
2645 5258 2753 5328 γάρ
2798 5256 3098 5326 Ὶεροὸοάμ,
3131 5257 3228 5326 τὴν
3259 5255 3385 5324 μίαν
3423 5256 3502 5317 είς
3544 5253 3783 5322 Βαιθὴλ,
3820 5249 3905 5305 καὶ

671 5375 815 5414 mum
851 5355 1152 5426 iniquitatis
1184 5363 1340 5409 vocat
1365 5352 1565 5405 Bethet.
1593 5347 1805 5415 Quare?
1825 5345 2063 5399 redditur
2086 5344 2230 5397 enim

2335 5345 2431 5416 τὴν
2465 5347 2656 5417 ἑτέραν
2689 5351 2768 5410 είς
2793 5348 2920 5400 Δὰν.
2970 5348 3081 5400 Οὐκ
3112 5348 3177 5417 ἐᾷ
3207 5344 3497 5416 τοιγαροῦν
3523 5342 3901 5413 ὑποκρίνεσθαι

670 5448 853 5504 Bethel
891 5447 1083 5501 Domus
1121 5446 1235 5499 Dei.
1276 5445 1382 5499 Sed
1410 5445 1599 5496 domus
1638 5438 1761 5492 idoli
1806 5437 1948 5490 facta
1988 5444 2089 5498 est,
2113 5449 2231 5487 cum

2342 5440 2439 5508 μὲν
2465 5438 2561 5509 τὴν
2598 5442 2676 5502 είς
2706 5440 2838 5492 Θεὸν
2867 5437 3167 5502 εὐσέϐειαν,
3200 5440 3289 5492 διὰ
3319 5437 3414 5490 τοῦ
3437 5437 3527 5489 τὸν
3560 5435 3766 5504 Κύριον
3791 5433 3901 5485 ovo—

671 5542 844 5611 aliqua
875 5540 1068 5608 injuria
1091 5547 1143 5593 et
1172 5539 1246 5591 rei
1287 5545 1343 5589 et
1374 5530 1746 5603 cognominis:
1779 5527 1967 5582 domus
2002 5539 2234 5595 namque

2343 5527 2555 5600 μάζειν,
2593 5528 3052 5599 κατακομίζεσθαι
3080 5530 3136 5580 δὲ
3178 5530 3313 5600 πρὸς
3349 5527 3608 5587 ἐκτύπους
3652 5513 3902 5592 ψευδολα-

741 5721 787 5751 ιο
820 5718 882 5773 llt
917 5719 1047 5787 Reg.
1084 5733 1157 5782 xi,
1189 5715 1238 5768 5.
1317 5715 1356 5744 ¹¹
1393 5713 1454 5768 ιιι
1482 5711 1615 5778 Reg.
1647 5723 1798 5774 xvm,
1829 5705 1919 5760 21.
1995 5707 2038 5736 ¹²
2066 5706 2259 5764 Ezecli.
2291 5725 2358 5764 vn

1538 5725 1615 5778 eg.
1647 5723 1798 5774 xvm,
1829 5705 1919 5760 21.
1995 5707 2038 5736 ’³
2066 5706 2259 5764 Ezecli.
2291 5725 2386 5776 vn,
2425 5711 2504 5765 ιε.
2583 5710 2624 5741 ³⁸
2669 5709 2732 5764 lll
2772 5708 2899 5778 Reg.
2939 5723 3031 5773 xu,
3067 5706 3155 5762 29.
