4094 6618
225 488 319 547 ιιι
378 470 396 489 ⁸
1129 483 1679 545 COMMENTARIUS
1716 486 1787 543 ιιι
1824 486 2054 546 ossam
2094 489 2533 548 PROPHE'I‘AM.
3349 497 3453 555 εδδ

214 602 410 674 τρείας,
434 598 821 664 ἀναϐαίνοντας
868 602 948 664 είς
974 600 1245 669 Γάλγαλα,
1280 604 1373 657 καὶ
1416 607 1494 670 εἰς
1518 607 1610 659 τὸν
1640 602 1789 662 οἷκον

1893 608 1986 664 Dei
2018 611 2209 665 domus
2252 610 2375 665 idoli
2412 612 2603 676 evasit,
2651 620 2707 664 ut
2747 612 2877 667 dixi.
2912 612 3092 683 Itaque
3129 613 3323 671 alicubi
3361 632 3457 687 per

213 694 306 763 τῆς
333 690 565 755 ἀδικίας.
600 687 762 745 Οῐκον
792 692 849 745 δὲ
882 692 1095 757 ἀδικίας
1138 695 1391 765 ὀνομάζει
1422 698 1521 769 τὴν
1555 698 1779 769 Βαιθήλ.

1885 714 1947 756 os
1992 699 2241 756 Ieremia:
2258 702 2325 757 de
2354 703 2547 773 popqu
2572 701 2736 757 lsrael
2774 706 2888 760 ait:
2922 722 2943 755 ι
2976 706 3113 772 Quid
3159 707 3356 763 dilecta
3402 711 3455 763 in

213 781 304 835 Διά
326 780 484 833 ποίαν
512 780 724 846 αἱτίανς
762 780 1177 853 διερμηνεύεται
1206 784 1306 854 μὲν
1347 786 1456 859 γὰρ
1502 789 1536 859 ή
1582 788 1783 861 Βαιθήλ

1890 791 2052 846 domo
2091 806 2209 846 mea
2256 791 2385 849 fecit
2425 795 2878 852 abominationem
2903 796 2987 851 “i
3011 815 3030 849 ι
3065 800 3268 856 Dixerit
3294 816 3456 873 porro

212 868 366 939 οἶκος
396 871 565 931 Θεοῦ.
594 872 733 925 Ἀλλ’
752 869 900 936 οἶκος
915 873 1130 928 εἰδώλου
1157 875 1397 945 γέγονεν,
1421 879 1782 951 ἀδικηθέντων

1881 881 2003 949 jure
2036 884 2413 938 universorum
2452 885 2591 941 Deus
2639 902 2801 957 super
2832 889 2898 944 iis
2929 891 3019 959 qui
3063 902 3188 946 sunt
3218 868 3457 947 devtribu

210 966 400 1038 τρόπον
436 964 579 1030 τινὰ,
608 964 702 1017 καὶ
730 963 825 1017 τοῦ
865 965 1208 1037 πράγματος,
1256 969 1350 1022 καὶ
1389 970 1562 1038 αὐτῆς
1596 972 1653 1026 δὲ
1684 976 1785 1044 τῆς

1886 972 2022 1029 Juda
2048 985 2102 1030 et
2133 974 2447 1045 Benjamin:
2476 995 2495 1029 ι
2519 979 2927 1051 Appropinquat
2956 982 3087 1037 mihi
3116 983 3343 1052 p0pulus
3368 983 3457 1039 hic

212 1057 519 1128 ἐπωνυμίας
539 1074 552 1087 ·
585 1052 732 1123 οἶκος
758 1056 888 1128 γὰρ,
922 1057 999 1121 ὡς
1037 1057 1195 1130 ἔφην,
1236 1059 1455 1116 είδώλου
1495 1063 1718 1132 γέγονεν
1754 1066 1785 1118 6

1889 1064 2066 1131 labiis,
2092 1080 2189 1121 cor
2224 1076 2401 1123 autem
2433 1084 2618 1125 eorum
2648 1071 2806 1140 longe
2822 1082 2905 1128 est
2932 1087 2961 1127 a
2987 1088 3073 1128 me
3092 1074 3158 1130 ⁸⁵.
3186 1092 3205 1125 ι

210 1156 346 1223 οῐκος
375 1156 469 1212 τοῦ
506 1157 664 1214 Θεοῦ.
687 1160 798 1214 Καὶ
830 1161 958 1231 γοῦν
987 1161 1090 1234 ἔφη
1122 1180 1224 1217 που
1288 1159 1377 1216 διὰ
1432 1159 1531 1230 τῆς
1573 1160 1838 1231 Ἰερεμίου
1880 1162 2066 1232 φωνῆς
2114 1164 2243 1236 περὶ
2291 1165 2390 1228 τῆς
2441 1164 2678 1235 πληθύος
2722 1166 2834 1221 τῶν
2869 1168 2931 1234 ἐξ
2968 1170 3218 1242 Ἰσραήλπ
3278 1171 3380 1224 «Τί
3421 1174 3455 1241 ή

211 1254 533 1326 ἠγαπημένη
588 1256 648 1308 ὲν
690 1254 768 1327 τῷ
801 1258 933 1330 οῐκῳ
984 1276 1086 1328 μου
1138 1258 1359 1328 ἐποίησε
1406 1255 1718 1328 βδέλυγμα;
1746 1272 1765 1305 ι
1809 1255 1944 1326 Φαίη
1986 1255 2031 1308 δ’
2072 1256 2140 1309 ἂν
2209 1256 2436 1320 εἰκότως
2463 1259 2491 1310 6
2518 1257 2625 1311 τῶν
2687 1259 2824 1313 ὅλων
2852 1261 3004 1326 Θεὸς,
3048 1262 3137 1315 ἐπί
3166 1279 3229 1330 γε
3260 1262 3360 1332 τῆς
3396 1264 3455 1328 ἐξ

224 1349 382 1403 ’ἰούδα
429 1352 524 1404 καὶ
568 1351 860 1422 Βενιαμίνσ
920 1370 938 1404 ι
977 1353 1217 1423 Ἑγγίζει
1276 1371 1365 1424 μοι
1415 1353 1443 1405 6
1474 1352 1597 1415 λαὸς
1666 1342 1821 1414 οὗτος
1885 1351 2138 1421 χείλεσιν.
2199 1352 2261 1405 Ἦ
2301 1353 2367 1404 δὲ
2416 1353 2609 1423 καρδία
2651 1355 2827 1410 αὐτῶν
2871 1358 3057 1429 πόρρω
3112 1358 3303 1430 ἀπέχει
3360 1359 3455 1417 ἁπ¹

212 1443 355 1514 ἐμοῦ.
387 1462 406 1494 ι

274 1536 424 1590 Διότι
461 1534 540 1601 ὡς
566 1534 824 1602 δάμαλις
870 1538 1312 1607 παροιστρῶσα,
1353 1540 1541 1605 οὕτως
1575 1538 1783 1607 παροί-

1963 1533 2127 1587 Vsus.
2174 1533 2262 1587 16.
2307 1533 2573 1600 Quoniam
2603 1538 2740 1590 sicut
2782 1554 2935 1592 vacca
2976 1550 3131 1594 oestro
3168 1544 3455 1600 concitatus

208 1643 467 1697 στρησεν
496 1628 756 1696 Ἰσραήλ.
788 1630 896 1683 Kal
916 1630 1032 1684 νῦν
1052 1631 1301 1701 νεμήσει
1323 1633 1544 1699 αὐτοὺς
1569 1633 1783 1701 Κύριος

1885 1634 1962 1679 est
1998 1624 2188 1679 Israel.
2233 1624 2394 1679 Nunc
2432 1636 2607 1695 pascet
2649 1645 2734 1682 eos
2777 1628 3031 1686 Dominus
3076 1642 3131 1686 ut
3169 1650 3358 1703 agnum
3401 1637 3456 1691 in

205 1724 281 1788 ὡς
313 1721 507 1790 ἀμνὸν
540 1721 962 1790 ἐνεύρυχώρῳ.

1881 1718 2134 1783 spatioso.

275 1814 407 1870 MG'.
450 1815 637 1884 Σοφῶς
661 1833 744 1879 τις
763 1816 911 1887 ήμᾶς
942 1814 1050 1867 τῶν
1082 1816 1249 1883 ἁγίων
1270 1816 1361 1868 ἐπὶ
1394 1815 1490 1887 τὴν
1519 1816 1611 1869 τοῦ
1642 1832 1778 1886 συμ-

1950 1806 2137 1863 XLIX.
2158 1807 2444 1877 Sapienter
2463 1810 2680 1879 quidam
2699 1822 3008 1867 sanctormn
3038 1816 3103 1868 ad
3128 1830 3454 1888 persequen-

206 1908 454 1979 φέροντος
479 1906 653 1977 Θήραν
674 1908 1019 1976 ἀποκομίζει,
1048 1908 1237 1977 λέγων·
1260 1927 1277 1958 ι
1292 1908 1409 1972 Υἱὲ,
1438 1908 1512 1979 μὴ
1533 1906 1776 1980 ζηλούτω

1880 1899 2003 1953 dam
2034 1899 2319 1954 utilitatem
2353 1910 2594 1954 nostram
2631 1917 2726 1957 nos
2768 1904 3003 1969 deducit,
3035 1906 3147 1977 80
3176 1922 3296 1964 cum
3329 1912 3406 1966 ait
3434 1930 3448 1965 :

206 2015 293 2053 σου
321 2000 351 2070 ή
389 2000 584 2072 καρδία
616 2001 992 2072 ἁμαρτωλοὺς,
1027 2000 1144 2055 ἀλλ’
1176 2003 1233 2054 ὲν
1260 2001 1409 2071 φόϐῳ
1436 2002 1641 2073 Κυρίου
1669 2000 1775 2057 ἴσθι

1886 2012 1904 2044 ι
1947 1991 2073 2056 Fili,
2107 2006 2214 2047 non
2244 1992 2530 2049 aemuletur
2561 2008 2658 2048 cor
2694 2004 2839 2049 tuum
2881 2007 3225 2068 peccatores,
3262 2003 3355 2058 sed
3398 2004 3452 2057 in

204 2092 323 2160 ὃλην
347 2092 449 2161 τὴν
472 2092 702 2163 ἡμέραν.
738 2113 754 2144 ι
803 2092 911 2155 Οὓς
937 2092 1046 2164 γὰρ
1073 2091 1139 2146 άν
1166 2109 1251 2156 τις
1279 2091 1625 2161 καταψέξειε,
1662 2090 1779 2154 πῶς

202 2184 264 2236 ἂν
290 2183 463 2236 ἕλοιτο
491 2181 721 2254 ζηλοῦν;
752 2183 989 2238 τοιοῦτόν
1023 2202 1074 2237 τι
1102 2182 1180 2254 τῷ
1213 2182 1384 2255 Ἰούδᾳ
1413 2184 1578 2254 φησὶν
1611 2185 1639 2236 6
1668 2182 1777 2235 τῶν

203 2272 329 2327 ὅλων
363 2272 520 2337 9951:-
564 2273 657 2345 Μὴ
698 2275 805 2346 γάρ
830 2291 912 2328 σοι
954 2272 1197 2343 γενέσθω
1238 2273 1511 2347 πρόφασις
1539 2274 1618 2338 εἰς
1646 2273 1779 2327 ἀπό-

207 2382 384 2418 στασιν
419 2366 481 2419 τὸ
511 2368 914 2438 παροιστρῆσαι
953 2366 1044 2421 τὸν
1085 2366 1323 2440 Ἰσραὴλ,
1365 2366 1461 2420 καὶ
1491 2366 1653 2421 οἱονεὶ
1681 2366 1778 2438 τῆς

203 2458 395 2528 ἀγέλης
458 2459 814 2531 ἀποδραμεῖν,
859 2460 918 2513 ὲν
959 2458 1059 2531 ῐσῳ
1112 2460 1425 2531 δαμάλεσιν,
1495 2455 1583 2525 αἷς
1620 2461 1777 2531 εἴπερ

202 2548 410 2621 οῐστρος
465 2551 786 2622 ὲνιζήσειεν,
840 2552 959 2624 ήτοι
1008 2546 1478 2624 βούτυπος(εϊδος
1521 2552 1578 2606 δὲ
1620 2552 1778 2605 τοῦτο

199 2642 441 2713 ἐμπίδος,
481 2641 779 2713 δακνούσης
816 2643 877 2696 οῦ
893 2643 1190 2714 φορητῶς),
1226 2643 1490 2715 ἀποφέρει
1520 2644 1620 2715 τῆς
1655 2645 1777 2712 ἀγέ-

201 2732 311 2803 λης,
336 2734 435 2787 καὶ
474 2733 589 2799 ὀξεῖ
616 2732 878 2806 φέρεσθαι
904 2735 1091 2806 δρόμῳ
1121 2734 1533 2807 παρασκευάζει
1567 2735 1774 2802 λοιπὸν,

199 2826 423 2898 ὅποιπερ
474 2826 541 2880 ἂν
585 2826 745 2900 τύχῃ.
807 2826 879 2881 Ἦ
939 2827 1061 2898 οὐχὶ
1114 2827 1272 2881 τοῦτο
1330 2827 1633 2881 πεπονθότα
1684 2829 1775 2881 τὸν

212 2920 422 2990 Ἰσραήλ
505 2920 839 2992 εὑρήσομεν;
928 2918 1286 2991 Ἀπεφοίτησε
1344 2918 1444 2990 μὲν
1505 2920 1612 2991 γὰρ
1665 2920 1775 2973 τῶν

210 3012 613 3084 Ἰεροσολύμων,
642 3014 737 3066 καὶ
771 3012 860 3066 τὸν
890 3013 1084 3066 ἑαυτοῦ
1126 3012 1348 3066 αἰπόλον
1386 3012 1566 3080 ἀφεὶς,
1613 3029 1774 3065 τουτ-

200 3104 309 3157 έστι
347 3104 507 3167 Θεὸν,
552 3105 731 3178 δεινὴν
776 3106 869 3159 καλ¹
904 3104 1177 3175 ἐπάρατον
1204 3104 1493 3176 ἐποιήσατο
1519 3104 1616 3176 τήν
1644 3106 1773 3158 ἀπό-

202 3210 401 3248 στασιν.
446 3193 535 3264 Μὴ
574 3191 826 3267 ζηλώσῃς
861 3190 1166 3263 τοιγαροῦν,
1202 3185 1247 3244 ὦ
1298 3190 1487 3254 Ἰούδα,
1523 3188 1681 3260 φησί’
1722 3190 1772 3242 εί

1878 2084 2072 2140 timore
2123 2084 2335 2140 Domini
2386 2094 2502 2140 esto
2546 2093 2656 2139 tota
2700 2087 2785 2143 die
2810 2088 2876 2143 ³⁸.
2914 2107 2933 2140 ι
2973 2092 3119 2157 Quos
3156 2094 3300 2147 enim
3331 2096 3453 2164 quis

1879 2175 2198 2243 culpaverit,
2234 2177 2502 2246 quomodo
2531 2176 2731 2232 imitari
2764 2183 2986 2247 cupiat?
3032 2184 3161 2238 Tale
3195 2186 3450 2255 quiddam

1879 2268 1943 2322 ad
1981 2266 2117 2323 .luda
2161 2271 2530 2323 universorum
2569 2269 2709 2325 Deus
2743 2289 2757 2326 :
2794 2270 2870 2326 Ne
2904 2281 2954 2328 te
2985 2277 3048 2329 ad
3093 2275 3447 2333 defectionem

1882 2360 2158 2426 sollicitet,
2190 2361 2387 2430 inquit,
2418 2363 2560 2432 quod
2600 2362 2767 2420 Israel
2813 2376 2983 2421 oestro
3011 2368 3313 2437 exagitatus
3343 2382 3446 2433 est,

1878 2460 1933 2504 et
1975 2463 2230 2520 tamquam
2278 2466 2475 2515 vaccae,
2520 2452 2719 2521 quibus
2754 2453 3030 2518 tabanum,
3062 2466 3155 2508 aut
3186 2456 3447 2525 βούτυπος

1878 2558 2000 2597 cum
2033 2542 2227 2596 insedit
2260 2543 2489 2615 (species
2519 2554 2602 2597 est
2630 2544 2840 2610 culicis,
2868 2546 3283 2604 intolerabiliter
3304 2565 3448 2603 mor-

1879 2631 2100 2704 dentis),
2138 2634 2204 2686 ab
2238 2643 2482 2687 armento
2515 2643 2752 2703 separat,
2783 2644 2943 2705 atque
2968 2637 3036 2691 ad
3062 2637 3291 2694 celerem
3322 2656 3447 2694 cur-

1877 2741 1994 2780 sum
2040 2742 2145 2796 qua
2200 2725 2285 2780 via
2338 2728 2495 2779 datur
2542 2726 2748 2782 incitat.
2795 2731 2875 2783 An
2905 2744 3009 2784 non
3067 2730 3208 2785 istud
3263 2729 3449 2786 lsraeli

1876 2818 2164 2887 contigisse
2190 2817 2435 2873 constat?
2466 2818 2723 2875 Discessit
2752 2819 2893 2875 enim
2928 2820 3330 2893 Hierosolyma,
3364 2836 3439 2889 et,

1874 2920 2091 2982 pastore
2128 2925 2226 2966 suo
2253 2911 2462 2976 relicto,
2497 2912 2599 2967 hoc
2649 2922 2731 2967 est
2772 2911 2910 2980 Deo,
2947 2921 3138 2968 tetram
3172 2927 3238 2970 ac
3298 2916 3448 2970 (lete-

1875 3003 2121 3057 Standam
2150 3003 2425 3073 apostasin
2469 3002 2790 3074 designavit.
2843 3002 2917 3058 Ne
2960 3004 3125 3075 igitur
3155 3006 3448 3075 aamuleris,

1871 3108 1907 3147 ο
1939 3091 2099 3156 .luda,
2132 3094 2324 3163 inquit.
2359 3093 2620 3161 Quamvis
2662 3096 2806 3149 enim
2852 3096 3027 3151 instar
3065 3112 3245 3153 vacca:
3281 3110 3453 3155 (nstro

1874 3186 2112 3254 percitus
2142 3183 2308 3240 lsrael
2341 3186 2405 3239 ad
2437 3186 2814 3241 defectionem
2858 3188 3114 3257 profugit,
3147 3198 3323 3244 tamen
3368 3189 3450 3243 fa-

198 3286 300 3356 γάρ
338 3286 436 3338 καὶ
486 3286 542 3337 ὲν
585 3285 683 3355 ἴσῳ
730 3283 996 3354 δαμάλεσι
1036 3283 1446 3354 παροιστρήσας
1488 3283 1516 3335 6
1557 3280 1773 3354 Ἰσραήλ

1878 3278 2029 3334 cinus
2059 3279 2230 3332 audax
2266 3292 2371 3332 non
2400 3278 2612 3348 impune
2633 3278 2929 3332 admiserit.
2954 3278 3196 3349 Migrabit
3220 3294 3451 3352 namque

196 3375 359 3447 ᾤχετο
396 3375 542 3446 πρὸς
591 3375 914 3439 ἀπόστασιν,
969 3374 1085 3428 ἀλλ’
1130 3374 1229 3427 οὐκ
1262 3375 1498 3443 ἀζήμιον
1532 3372 1681 3426 ἔσται
1714 3373 1775 3426 τὸ

198 3467 499 3540 ἐγχείρημα
523 3466 691 3538 αὐτῷ.
734 3465 1119 3519 Ἀπελεύσεται
1149 3466 1257 3536 γὰρ
1287 3463 1649 3536 αἰχμάλωτος,
1680 3464 1775 3517 καὶ

198 3560 290 3630 τήν
367 3558 705 3627 ἔνεγκοῦσαν
758 3556 939 3626 ἀφεὶς,
994 3556 1093 3627 τήν
1148 3554 1373 3627 Περσῶν
1425 3554 1518 3606 καὶ
1576 3554 1774 3621 Μήδων

194 3650 583 3720 νεμηθήσεται.
616 3647 813 3701 Οὐκέτι
852 3645 1077 3718 θρασὺς,
1107 3644 1200 3697 καλ¹
1232 3644 1513 3706 οἱονείπως
1540 3642 1769 3712 ὲξήνιος,

196 3742 282 3794 καὶ
324 3739 667 3811 ἀτιμαγέλης
711 3737 970 3808 (τοιαύτη
1006 3737 1114 3808 γὰρ
1142 3735 1349 3799 ἀείπως
1379 3734 1525 3788 ὲστὶν
1562 3735 1595 3804 ή
1635 3751 1775 3804 παρ-

194 3827 465 3897 οιστρῶτα
546 3826 838 3898 δάμαλις),
894 3825 1009 3879 ἀλλ’
1082 3826 1140 3878 ὲν
1196 3825 1294 3894 ίσῳ
1364 3822 1603 3893 γεγονὼς
1661 3825 1773 3886 τοῖς

194 3920 525 3988 ήπιωτὰτοις
570 3919 782 3989 ἁμνοῖς.
819 3916 1085 3972 Ταπεινὺν
1128 3915 1239 3987 γὰρ
1278 3915 1365 3970 ἀεὶ
1394 3917 1487 3969 καὶ
1525 3915 1775 3987 περιδεὲς

192 4012 295 4065 τῶν
342 4010 709 4083 αἰχμαλώτων
753 4010 816 4063 τὸ
851 4010 1072 4081 χρῆμα,
1117 4008 1212 4063 καὶ
1254 4010 1354 4078 τῆς
1398 4007 1491 4060 τοῦ
1538 4007 1768 4077 πάσχειν

195 4106 370 4169 κακῶς
403 4103 621 4168 ἐλπίδος
651 4103 712 4156 οὐ
751 4101 993 4172 μακρὰν,
1034 4100 1130 4155 καὶ
1170 4103 1236 4172 τῇ
1284 4100 1393 4153 τῶν
1428 4100 1771 4170 κρατούντων

194 4194 475 4266 πλεονεξίᾳ
517 4192 953 4263 κατηχθημένον.
1016 4190 1339 4262 Εὐρύχωρον
1385 4192 1441 4244 δὲ
1491 4190 1590 4260 τήν
1640 4192 1773 4262 Περ-

198 4285 298 4338 σῶν
317 4303 374 4338 τε
431 4285 532 4339 καὶ
547 4284 750 4355 Μήδων
779 4282 1035 4353 ὀνομάζει
1058 4282 1183 4352 γῆν,
1219 4282 1501 4352 μονονουχὶ
1533 4282 1770 4335 τοιοῦτόν

193 4393 241 4429 τι
270 4378 443 4446 λέγων
468 4395 485 4410 ο
536 4377 630 4439 Εἰς
677 4376 936 4430 πλατεῖαν
973 4377 1067 4429 καὶ
1104 4374 1481 4446 ἀκατάληκτον
1533 4375 1771 4447 νεμηθή-

195 4486 338 4523 σεται
368 4472 495 4541 γῆν,
532 4468 623 4523 καὶ
667 4468 868 4531 πολλὰς
890 4467 1111 4538 ἀμείψει
1141 4468 1366 4540 χωρίας,
1395 4468 1454 4521 ού
1488 4467 1577 4520 τὸν
1608 4467 1770 4521 αὑτὸν

193 4559 325 4630 ἔχων
368 4562 457 4614 ἀεὶ
491 4561 783 4624 δεσπότην,
829 4558 965 4612 ἀλλὰ
1002 4559 1137 4630 πρὸς
1190 4559 1289 4630 τὴν
1338 4557 1431 4612 τοῦ
1480 4558 1768 4629 δεχομένου

1882 3371 2130 3439 captivus
2158 3380 2212 3424 et
2240 3372 2473 3425 extorris
2513 3370 2710 3438 patria,
2757 3369 3044 3425 Persarum
3080 3386 3144 3426 ac
3171 3370 3449 3428 Medorum

1883 3470 2058 3516 terras
2110 3461 2395 3525 habitabit,
2443 3476 2550 3516 non
2600 3462 2832 3532 amplius
2879 3465 3055 3518 audax
3127 3474 3181 3519 et
3228 3465 3451 3521 elfrenis

1880 3552 2301 3621 quodammodo,
2335 3561 2390 3607 et
2423 3566 2453 3606 a
2484 3566 2647 3624 grege
2679 3568 2737 3609 se
2765 3554 3077 3626 disjungens
3108 3557 3266 3627 (talis
3302 3558 3449 3611 enim

1879 3658 2094 3714 semper
2120 3654 2205 3697 est
2238 3657 2401 3698 vacca
2431 3652 2599 3699 (astro
2634 3644 2954 3709 stimulata),
2991 3647 3083 3700 sed
3125 3646 3317 3702 similis
3345 3648 3452 3702 erit

1880 3734 2035 3803 agnis
2059 3733 2532 3788 mansuetissimis.
2564 3733 2790 3804 Semper
2812 3736 2955 3790 enim
2978 3737 3173 3805 captivi
3197 3737 3446 3801 humiles,

1879 3830 1935 3875 et
1956 3820 2276 3884 meticulosi,
2301 3830 2356 3875 et
2391 3820 2458 3875 ab
2485 3822 2948 3877 incommodorum
2977 3827 3448 3894 perpetiendorum

1884 3913 2079 3968 timore
2109 3911 2253 3967 haud
2287 3912 2474 3983 procul
2499 3915 2719 3977 absunt,
2748 3923 2803 3969 et
2828 3915 3168 3971 dominorqu
3207 3916 3450 3987 imperiis

1879 4013 2195 4061 onerantur.
2248 4004 2550 4075 Spatiosam
2581 4015 2761 4060 autem
2808 4006 3097 4063 Persarum
3143 3990 3477 4065 Medorum?

1878 4110 1986 4168 que
2038 4097 2313 4169 regionem
2380 4096 2641 4168 appellat,
2693 4100 3076 4167 propemodum
3140 4100 3448 4171 hujusmodi

1877 4189 2154 4261 quidpiam
2181 4189 2365 4244 dicens
2390 4205 2403 4241 :
2427 4189 2484 4243 In
2521 4198 2662 4245 terra
2703 4190 2807 4244 lata
2846 4201 2897 4245 et
2938 4191 3197 4246 immensa
3234 4192 3449 4248 habita-

1876 4282 1976 4346 hit,
2008 4292 2064 4336 et
2095 4281 2295 4336 multas
2317 4282 2565 4351 regiones
2597 4296 2717 4336 cum
2746 4282 2976 4336 dominis
3014 4277 3257 4340 mutabit.
3296 4285 3448 4352 Quod

1877 4373 2189 4444 contingere
2240 4380 2416 4442 potest
2468 4371 2629 4427 etiam
2697 4373 2891 4427 animae
2951 4388 3069 4443 qua:
3127 4375 3446 4432 charitatcm

1876 4481 2004 4538 erga
2031 4466 2201 4521 Deum
2230 4463 2497 4536 neglexit;
2523 4465 2920 4535 circumagetur
2952 4468 3091 4521 enim
3125 4477 3447 4539 quo¢unque

1888 4562 2104 4615 tandem
2138 4558 2471 4614 daemonibus
2510 4558 2814 4613 collibuerit
2871 4561 3101 4628 captiva,
3151 4562 3344 4617 misera
3390 4572 3447 4617 et

196 4656 671 4725 μετανιστάμενος.
704 4652 875 4707 Πάθοι
913 4651 957 4704 δ’
984 4652 1050 4705 ἂν
1084 4651 1241 4704 τοῦτο
1276 4651 1409 4704 αὐτὸ
1443 4651 1536 4703 καὶ
1559 4650 1767 4722 ἀνθρώ-

1878 4649 2123 4708 imbellis.
2163 4649 2341 4718 Atque
2386 4649 2607 4719 insuper
2641 4650 2763 4719 jure
2791 4651 2973 4705 audiet
3007 4666 3035 4705 a
3067 4650 3176 4707 Deo
3207 4671 3221 4707 :
3256 4671 3275 4705 ι
3310 4654 3444 4707 Eru-

193 4761 291 4797 που
320 4745 493 4817 ψυχὴ,
540 4745 640 4815 τῆς
668 4745 803 4816 πρὸς
831 4744 923 4799 τὸν
949 4743 1081 4798 Θεὸν
1110 4743 1329 4813 ἀγάπης
1360 4744 1765 4814 όλιγωρήσασα.

192 4837 680 4909 Περιενεχθήσεται
709 4837 818 4909 γὰρ
846 4837 926 4901 είς
963 4838 1071 4890 πᾶν
1099 4834 1278 4889 ὁτιοῦν
1308 4834 1414 4887 τῶν
1442 4838 1553 4898 τοῖς
1579 4835 1760 4906 δαιμοο

1874 4744 1985 4796 diet
2041 4748 2093 4795 te
2148 4740 2419 4807 apostasia
2471 4749 2596 4807 tua,
2643 4749 2697 4793 et
2748 4741 2946 4795 malitia
2988 4750 3075 4794 tua
3139 4750 3191 4795 te
3255 4743 3444 4796 redar-

1874 4845 1999 4904 guet
2024 4833 2091 4886 ¹⁷.
2126 4849 2143 4882 ι

192 4933 318 4996 νίοις
377 4933 777 5003 ήγαπημένων.
838 4931 1211 5003 Αίχμάλωτος,
1272 4933 1366 4984 καὶ
1430 4929 1599 5001 δειλὴ,
1668 4932 1764 4985 καὶ
1831 4929 2077 4992 ἄναλκις,
2145 4929 2240 4983 καὶ
2288 4926 2352 5000 δὴ
2398 4928 2493 4982 καὶ
2570 4928 2793 4993 δικαίως
2840 4930 3129 4985 ἀκούσεται
3196 4931 3443 4996 λένοντος

190 5024 320 5079 Θεοῦ
340 5045 354 5056 ·
398 5046 416 5078 ι
447 5024 736 5079 Παιδεύσει
766 5041 824 5078 σε
854 5025 886 5095 ή
917 5024 1219 5077 ἀποστασία
1259 5040 1371 5086 σου,
1405 5024 1499 5076 καὶ
1533 5024 1565 5093 ἡ
1595 5024 1761 5077 κακία
1798 5041 1891 5078 σου
1917 5022 2123 5092 ἐλέγξει
2166 5038 2249 5078 σε.
2276 5042 2294 5074 ι

256 5118 525 5187 ΜέτοχΟς
556 5116 817 5172 εἰδώλων
861 5115 1100 5183 Ἐφραῒμ
1129 5115 1343 5181 έθηκεν
1374 5112 1564 5179 ἑαυτῷ
1584 5113 1770 5167 σκάν-

190 5208 360 5274 δαλα,
398 5209 627 5280 ᾑρέτιζε
676 5208 1070 5271 Χαναναίους.
1101 5205 1502 5275 Πορνεύοντες
1528 5204 1771 5275 ἐξεπόρ-

190 5316 440 5365 νευσαν,
482 5301 810 5372 ἠγάπησαν
845 5299 1086 5369 ἀτιμίαν
1131 5299 1200 5352 ἐκ
1247 5296 1628 5367 φρυάγματος
1667 5299 1772 5352 αὺ-

1945 5115 2114 5171 VERs.
2159 5114 2346 5170 17-19.
2391 5114 2661 5181 Particcps
2693 5114 2950 5168 idolorum
2987 5108 3235 5182 Epitraim
3265 5124 3441 5185 posuit

1875 5208 1975 5261 sibi
2013 5208 2290 5270 scandala,
2315 5217 2362 5260 et
2390 5208 2540 5275 elegit
2572 5206 2921 5262 Chanameos.
2957 5207 3299 5267 Fornicantes
3332 5213 3439 5280 [or-

1878 5300 2041 5353 m'cati
2084 5307 2243 5362 sunt,
2289 5307 2339 5353 et
2394 5298 2689 5351 dilexerunt
2729 5298 3067 5367 ignominiam
3118 5318 3183 5355 ea:
3230 5304 3439 5372 fremitu

189 5388 321 5444 τῶν.
346 5390 672 5460 Συστροφὴ
701 5390 1039 5460 πνεύματος
1060 5389 1141 5443 σὺ
1173 5384 1231 5443 εἷ
1250 5389 1318 5441 ἐν
1336 5386 1463 5453 ταῖς
1485 5386 1771 5456 πτέρυξιν

1878 5405 2077 5443 eorum.
2111 5386 2286 5443 Turbo
2318 5389 2533 5457 spiritus
2562 5400 2617 5441 tu
2652 5405 2705 5443 es
2735 5388 2789 5444 in
2818 5388 2921 5444 alis
2956 5391 3087 5459 ejus,
3129 5405 3177 5446 et
3214 5396 3439 5462 confun-

190 5480 399 5549 αὐτῆς,
431 5482 532 5536 καὶ
559 5478 1186 5551 καταισχυνθήσονται
1222 5479 1290 5532 ἐκ
1314 5474 1433 5531 τῶν
1448 5478 1775 5545 θυσιαστη-

180 5574 329 5639 ριων
352 5574 576 5629 αὐτῶν.

258 5667 337 5719 N'.
376 5667 503 5720 Ἔτι
548 5666 624 5738 τῷ
658 5667 913 5737 προφήτῃ
963 5663 1095 5736 πρὸς
1138 5664 1228 5716 τὸν
1272 5660 1472 5716 Ἰούδαν
1518 5660 1545 5711 6
1586 5659 1762 5727 λόγος,

1873 5480 2064 5533 dentur
2108 5495 2172 5533 ea:
2212 5479 2467 5532 altaribus
2505 5482 2631 5532 suis.

1938 5657 2000 5712 L.
2044 5658 2233 5713 Adhuc
2256 5660 2513 5728 propheta
2529 5656 2719 5712 ludam
2742 5658 3051 5727 alloquitur,
3073 5658 3430 5725 simulantem,

190 5757 666 5831 ὑποπλαττόμενον
727 5761 850 5829 μὲν,
898 5760 972 5822 ὼς
1030 5756 1186 5827 ἔφην,
1230 5756 1293 5809 τὸ
1348 5750 1759 5825 μεταποιεῖσθαι

1878 5760 1917 5803 ιι
1958 5749 2091 5815 dixi,
2139 5766 2199 5805 se
2242 5751 2411 5817 legem
2448 5759 2507 5803 ut
2552 5749 2821 5818 propriam
2866 5749 2967 5803 sibi
3016 5759 3296 5817 capessere
3323 5787 3338 5812 ,
3381 5762 3433 5803 et

256 5871 305 5907 ’⁵
336 5872 451 5930 Jer.
480 5890 552 5938 ιιι.
586 5878 672 5932 l5.

558 5972 825 6031 PATROL.
870 5972 984 6029 Gn.
1036 5967 1239 6027 LXXI.

750 5877 795 5907 ’⁵
828 5877 936 5929 lsa.
969 5889 1117 5935 xxix,
1158 5873 1239 5927 l3.
1315 5872 1360 5902 ’³
1396 5869 1552 5924 Prov.
1583 5884 1739 5936 χχιιι,
1777 5865 1861 5920 l7.
1940 5866 1983 5895 "
2016 5865 2175 5921 Prov.
2212 5880 2285 5932 Vl,
2313 5864 2398 5918 12.

2966 5954 2999 6013 5
