4094 6624
682 490 788 547 I39

1677 488 1737 543 S.
1776 486 2047 544 CYRILLI
2089 485 2557 543 ALEXANDRINI
2596 486 2915 544 ARCIIIEP.

3838 502 3932 556 HO

681 606 896 677 pietatis
924 618 1050 674 erga
1084 604 1250 659 Deum
1285 605 1549 658 rationem
1581 620 1686 658 non
1721 606 1995 675 vulgarem
2030 605 2247 670 ducere,

2355 604 2449 657 τοῦ
2476 605 2666 674 νόμου,
2699 605 2791 657 καὶ
2825 604 2922 673 τὴν
2955 605 3034 667 είς
3077 604 3210 661 Θεὸν
3236 608 3513 663 εὐσέϐειαν
3541 613 3639 666 οὑκ
3670 613 3727 665 ὲν
3758 616 3932 685 μικρῷ

679 708 800 747 cum
836 693 1042 748 interea
1085 696 1224 746 clam
1261 709 1289 744 a
1328 694 1564 747 colendis
1601 695 1903 747 dtetnontttn
1949 694 2254 750 simulacris

679 786 821 839 haud
851 786 1191 841 abhorreret.
1216 786 1322 856 81
1350 785 1511 854 Ergo,
1545 788 1684 855 quod
1715 788 2058 857 sequebatur,
2099 806 2116 839 ι
2139 788 2256 843 ido-

675 878 853 932 lorum
910 878 1182 948 particeps
1240 879 1415 933 factus
1463 889 1545 933 est
1601 880 1891 949 Ephraim,
1927 898 1945 930 ο
2000 880 2099 935 hoc
2137 891 2251 947 εει,

676 968 882 1034 Israel;
923 969 1004 1024 sic
1050 969 1195 1024 enim
1240 969 1551 1023 nominatur
1591 986 1619 1022 a
1658 971 1797 1025 tribu
1843 986 1963 1040 quae
2015 973 2154 1042 apud
2196 987 2255 1028 se

682 1077 863 1115 rerum
894 1062 1215 1129 potiebatur,
1246 1061 1576 1127 Jerohoatni,
1622 1062 1865 1131 inquam,
1900 1065 1964 1118 de
1994 1073 2175 1119 monte
2201 1073 2255 1119 et

680 1153 823 1206 tribu
876 1153 1131 1222 Ephraim
1172 1155 1409 1211 oriundi.
1462 1155 1526 1209 Et
1562 1158 2016 1225 quemadmodum
2059 1156 2251 1213 Judam

679 1251 837 1296 vocat
885 1258 1003 1297 eam
1040 1260 1157 1312 quae
1199 1254 1316 1299 erat
1356 1244 1761 1316 Hierosolymis,
1798 1250 2039 1317 regnanti
2092 1248 2252 1302 tribui

678 1332 1089 1402 appellationem
1122 1350 1273 1388 suam
1315 1351 1573 1401 servans;
1620 1340 1699 1391 sic
1730 1346 1783 1390 et
1822 1338 1873 1391 in
1923 1338 2093 1392 Israel
2130 1354 2251 1394 cum

678 1426 919 1478 nominat
968 1424 1243 1493 Ephraim,
1296 1442 1322 1479 a
1378 1427 1541 1492 tribu,
1596 1444 1762 1497 penes
1824 1446 1984 1498 quam
2030 1445 2252 1500 regnum

676 1526 814 1583 erat,
856 1520 1119 1571 nominat.
1188 1519 1462 1589 Particeps
1533 1520 1697 1590 igitur
1746 1520 1920 1576 factus
1954 1530 2037 1576 est
2084 1522 2253 1575 idolo-

686 1623 803 1660 rum
856 1606 1132 1675 Ephraitn,
1183 1609 1375 1679 inquit.
1448 1611 1705 1665 Adoravit
1753 1612 1897 1666 enim
1969 1611 2253 1683 Egyptio-

675 1710 796 1748 rum
841 1712 1060 1762 numen,
1119 1698 1373 1751 nimirum
1423 1699 1602 1769 Apim,
1644 1700 1758 1755 sive
1794 1700 2045 1766 vitulum,
2092 1716 2251 1769 quem

674 1788 753 1842 illi
801 1804 897 1857 pro
940 1788 1047 1842 Deo
1106 1791 1370 1845 colebant.
1421 1791 1544 1845 Fuit
1591 1792 1942 1848 nihilominus
1986 1794 2255 1863 particeps

676 1878 967 1947 impietatis
1004 1887 1057 1933 et
1090 1894 1314 1933 sumina:
1344 1881 1628 1935 dementiae
1654 1880 2107 1946 Chananaaorum,
2157 1883 2249 1951 qui

2357 697 2628 752 ποιεῖσθαι
2680 699 2843 768 λόγῳ,
2876 698 3257 754 διανενευκότα
3302 703 3358 755 δὲ
3410 703 3711 776 λεληθότως
3744 707 3837 759 ἐπὶ
3878 709 3932 760 τὸ

2359 789 2554 862 χρῆναι
2591 789 2758 859 τιμᾷν
2780 788 2847 840 τὰ
2875 787 2983 839 τῶν
3011 788 3299 858 δαιμονίων
3350 790 3663 861 ἰνδάλματα.
3708 793 3929 858 Οὐκοῦν,

2365 898 2382 929 ‹
2411 878 2625 947 Γέγονε,
2658 898 2675 929 ι
2716 878 2899 947 φησὶν,
2938 878 3382 949 ὁμολογουμένως
3407 902 3425 931 ι
3448 883 3671 953 μέτοχος
3706 884 3932 937 εἰδώλων

2357 971 2670 1043 Ἐφραῒμ,›
2731 971 3027 1035 τουτέστιν,
3087 973 3113 1023 6
3174 972 3410 1043 Ἰσραήλ.
3489 976 3813 1046 Ὠνόμασται
3881 978 3931 1030 δὲ

2355 1061 2527 1125 οὑτως
2560 1061 2668 1114 ἀπὸ
2692 1061 2794 1131 τῆς
2813 1064 2943 1131 παρ’
2969 1062 3117 1132 αὑτῷ
3138 1064 3444 1136 κρατούσης
3470 1068 3663 1137 ῳυλῆς,
3690 1069 3832 1139 φημὶ
3849 1070 3929 1139 δὴ,

2353 1156 2453 1223 τῆς
2495 1151 2590 1204 τοῦ
2651 1152 2948 1223 Ἱεροϐοάμ’
3008 1148 3076 1224 ἦν
3127 1154 3234 1225 γὰρ
3291 1157 3348 1222 ἐξ
3394 1157 3556 1229 ὅρους
3615 1160 3710 1211 καὶ
3763 1160 3931 1229 φυλῆς

2368 1243 2631 1313 Ἐφραῖμ.
2684 1245 2793 1296 Καὶ
2826 1244 3011 1315 ὥσπερ
3048 1245 3249 1300 Ἰούδαν
3277 1247 3374 1318 τὴν
3404 1251 3461 1301 ἐν
3488 1252 3602 1315 τοῖς
3643 1250 3931 1322 Ἱεροσολύ-

2359 1351 2479 1404 μοις
2521 1336 2807 1401 ἀποκαλεῖ,
2866 1340 2931 1407 τῇ
2987 1336 3348 1411 ϐασιλευούσῃ
3394 1341 3534 1412 φυλῇ
3592 1342 3692 1413 τὴν
3744 1343 3931 1413 κλῆσιν

2355 1426 2694 1496 τετηρηκὼς,
2725 1427 2896 1491 οὕτως
2919 1430 3013 1481 καὶ
3037 1430 3130 1481 ἐπὶ
3150 1430 3241 1483 τοῦ
3277 1432 3514 1503 Ἰσραὴλ,
3538 1434 3664 1487 ὅταν
3695 1433 3932 1507 ὀνομάζῃ

2354 1517 2445 1569 τὸν
2487 1518 2746 1589 Ἑφραῒμ,
2793 1519 2901 1571 ἀπὸ
2930 1521 3028 1587 τῆς
3057 1521 3444 1592 βασιλευούσης
3484 1524 3653 1593 φυλῆς
3700 1531 3931 1579 ποιεῖται

2353 1607 2451 1677 τὴν
2481 1607 2797 1678 ὀνομασίαν.
2841 1611 3084 1680 Μετέσχε
3124 1611 3187 1682 δὴ
3210 1607 3303 1665 οῦν
3344 1614 3372 1664 6
3402 1614 3638 1684 Ἑφραῖμ
3678 1615 3930 1678 εἰδώλων,

2356 1697 2509 1766 φησί.
2544 1699 2963 1770 Προσκεκύνηκε
3007 1700 3116 1771 γὰρ
3145 1701 3222 1771 τῷ
3264 1704 3575 1769 Αἰγυπτίων
3607 1703 3930 1774 σεδάσματι,

2359 1791 2525 1854 Ἀπις
2549 1791 2606 1843 δὲ
2634 1786 2721 1861 ἦν,
2751 1793 2867 1861 ἦτοι
2888 1792 3115 1863 δάμαλις
3136 1796 3194 1847 τὸ
3217 1795 3442 1848 ἐκείνων
3468 1796 3652 1860 σέϐας.
3683 1799 3929 1867 Μετέσχε

2354 1882 2410 1935 δὲ
2438 1884 2590 1936 οὐδὲν
2619 1879 2783 1953 ἦττον
2827 1885 2920 1937 καὶ
2947 1885 3049 1953 τῆς
3077 1887 3185 1939 τῶν
3215 1889 3539 1942 Χαναναίων
3581 1891 3930 1961 ἀνοσιότητος

680 1978 787 2022 tam
840 1981 995 2039 turpe
1048 1969 1267 2032 idolum,
1300 1968 1630 2042 Beelphegor
1689 1972 1918 2037 scilicet.
1970 1972 2146 2028 colere
2191 1983 2243 2027 et

2351 1976 2440 2028 καὶ
2461 1976 2698 2046 ἀμέτρου
2717 1978 3156 2049 φρενοϐλαόείας,
3178 1981 3227 2033 οἶ
3249 1981 3308 2033 τὸ
3326 1983 3546 2052 αἰσχρὸν
3572 1982 3748 2045 οὕτως
3778 1984 3929 2036 εἴδω⁹

675 2062 903 2114 adorare
947 2062 1248 2115 voluerunt.
1284 2062 1481 2115 Verum
1534 2062 1636 2117 hoc
1672 2061 1812 2117 facto
1855 2063 2111 2132 Ephraim
2156 2063 2251 2116 im-

673 2152 851 2219 posuit
893 2150 994 2204 sibi
1048 2150 1319 2204 Scandala.
1377 2150 1650 2239 Opiterum
1698 2152 1843 2206 enim
1898 2160 1951 2206 et
2007 2152 2249 2205 datorem

673 2242 839 2296 Deum
869 2242 1112 2296 violavit.
1150 2260 1169 2293 ι
1205 2242 1376 2312 Elegit
1405 2242 1765 2310 Chananaaos,
1803 2263 1821 2295 ι
1858 2259 1977 2314 pro,
2012 2245 2248 2317 ipsorum

666 2336 1092 2391 consuetudines
1131 2345 1184 2390 et
1237 2337 1370 2389 ritus
1407 2336 1670 2391 electione
1710 2346 1765 2391 et
1819 2338 2115 2390 imitatione
2167 2338 2251 2391 di-

668 2442 803 2499 gnos
835 2430 1060 2483 censuit.
1097 2428 1263 2489 Erant
1316 2430 1366 2482 hi
1415 2429 1654 2484 contines
1695 2428 2002 2484 Judmornm
2027 2469 2043 2492 ,
2078 2429 2251 2483 homi-

673 2537 770 2576 nes
818 2522 1066 2575 scelerati
1112 2531 1166 2575 et
1206 2520 1525 2577 idololatrte.
1571 2522 1791 2591 Insuper
1839 2539 1857 2571 ‹
1888 2520 2251 2575 Fornicantes

670 2613 921 2667 fornicati
967 2622 1114 2674 sunt.
1145 2631 1163 2664 ι
1204 2612 1494 2677 ιεταειίιω,
1550 2614 1669 2667 sine
1730 2613 1929 2678 dubio,
1987 2613 2111 2682 quia
2159 2612 2255 2666 int—

673 2704 950 2759 tuoderate
984 2713 1039 2759 et
1064 2706 1221 2774 plane
1252 2705 1694 2759 inconvenienter
1724 2703 2061 2758 fornicationi
2087 2742 2102 2767 ,
2137 2703 2250 2771 spi-

672 2796 858 2851 rituali
909 2797 1149 2864 scilicet,
1195 2798 1535 2862 studuerunt,
1589 2806 1643 2849 et
1682 2798 1943 2867 sacrilega
1978 2796 2251 2866 apostasia

664 2905 771 2945 sua
833 2890 899 2944 ad
952 2890 1340 2961 turpitudinem
1396 2891 1808 2945 descenderunt.
1870 2907 1888 2940 ι
1934 2888 2252 2944 Dilexerunt

676 2995 809 3035 vero
835 2981 999 3035 etiam
1034 2981 1379 3050 ignominiam
1413 2997 1476 3035 ex
1516 2982 1820 3036 fremitibus
1848 2996 2059 3045 eorum,
2097 3000 2115 3033 ι
2146 2981 2250 3036 hoc

660 3078 775 3134 est,
825 3084 892 3125 ex
941 3072 1131 3140 grandi
1178 3070 1317 3125 fastu
1360 3080 1415 3125 et
1452 3070 1737 3138 iactantia,
1793 3080 2013 3140 propter
2057 3069 2247 3137 Deum,

667 3174 725 3218 et
783 3162 1007 3233 gloriam
1064 3178 1224 3231 quam
1272 3163 1339 3218 ab
1379 3163 1496 3231 ipso
1531 3163 1832 3231 capiebant.
1869 3163 2055 3231 Itaque
2101 3177 2250 3217 com-

669 3253 874 3322 pressis
906 3253 1184 3323 spiritibus
1210 3252 1454 3320 pristinis
1486 3252 1733 3307 inhonori
1760 3262 1812 3308 et
1836 3252 2055 3319 abiecti,
2084 3254 2247 3307 mise-

2356 2066 2448 2119 λον
2480 2068 2763 2137 περιέπειν
2792 2086 2851 2121 τε
2880 2070 2973 2122 καὶ
2999 2072 3323 2140 προσκυνεῖν
3346 2072 3638 2140 ἐγνώκασι,
3656 2074 3751 2126 τὸν
3782 2074 3933 2127 Βεελ-

2354 2156 2559 2227 ιρεγὼρ.
2603 2157 2762 2211 Ἀλλὰ
2793 2158 2950 2212 τοῦτο
2978 2160 3250 2228 δεδρακὼς
3293 2162 3322 2213 6
3365 2163 3623 2234 Ἑφραῒμ,
3660 2164 3931 2234 ιἘθηκεν

2353 2246 2532 2316 ἑαυτῷ
2563 2246 2885 2301 σκάνδαλα.»
2911 2249 3327 2319 Προσκέκρουκε
3344 2252 3471 2321 γὰρ,
3492 2252 3568 2323 τῷ
3594 2255 3690 2306 καὶ
3719 2255 3930 2325 ἐπαμύ-

2352 2353 2518 2400 νοντι,
2552 2338 2644 2390 καὶ
2674 2338 2959 2403 διασώζειν
2986 2340 3268 2411 δυναμένῳ
3285 2343 3421 2413 Θεῷ.
3446 2364 3464 2395 ι
3488 2345 3735 2416 ᾘρέτισε
3753 2348 3930 2400 Χανα·

2352 2427 2555 2492 ναίους,
2588 2447 2605 2477 ι
2640 2429 2760 2482 ἀντὶ
2792 2430 2909 2495 τοῦ,
2944 2432 3149 2502 Αίρετὰ
3179 2435 3272 2486 κα)⁸
3299 2434 3599 2506 ἀξιόληπτα
3636 2438 3930 2509 πεποίηται

2351 2516 2420 2571 τὰ
2468 2520 2789 2575 Χαναναίων
2824 2521 2918 2594 έθη
2946 2539 2959 2552 ο
3002 2523 3191 2596 ὅμοροι
3234 2525 3289 2578 δὲ
3326 2522 3469 2580 οῦτοι
3509 2528 3611 2598 τῆς
3663 2531 3932 2583 Ἰουδαίων

2352 2607 2556 2679 χώρας,
2595 2611 2875 2676 δυσσεϐεῖς
2913 2615 3007 2668 καὶ
3035 2615 3433 2685 εἰδωλολάτραι.
3468 2620 3579 2671 Καὶ
3612 2622 3751 2691 πρός
3778 2638 3845 2689 γε
3871 2622 3930 2691 δὴ

2349 2701 2579 2767 τούτοις,
2615 2722 2632 2754 ι
2660 2705 3021 2775 Πορνεύοντες
3046 2706 3442 2780 ἐξεπόρνευσαν
3470 2730 3489 2762 ι
3516 2713 3564 2764 οἰ
3591 2713 3649 2778 ἐξ
3689 2715 3928 2785 Ἰσραήλ.

2352 2792 2523 2861 Δῆλον
2556 2793 2636 2858 δὲ,
2673 2796 2753 2848 ὅτι
2781 2796 2872 2851 διά
2905 2815 2985 2851 τοι
3019 2799 3077 2852 τὸ
3103 2800 3244 2871 πέρα
3275 2802 3494 2873 μέτρου,
3536 2803 3751 2858 καὶτοῦ
3788 2805 3930 2858 εἰκό-

2350 2902 2459 2949 τως
2483 2886 2738 2940 ἐπέκεινα
2762 2890 2863 2958 τὴν
2891 2890 3085 2961 νοητὴν
3128 2893 3474 2964 ἐπιτηδεῦσαι
3518 2896 3801 2966 πορνείαν,
3846 2898 3934 2950 καὶ

2350 2979 2431 3042 είς
2466 2979 2620 3049 λῆξιν
2658 2981 3011 3053 αἰσχρότητος
3058 2983 3156 3050 τῆς
3199 2988 3533 3050 ἀποστασίας
3563 2988 3751 3053 αὑτοῖς
3782 2991 3932 3061 ἔρχε-

2352 3067 2477 3122 σθαι
2499 3069 2570 3123 τὰ
2597 3071 2939 3141 ἐγκλήματα.
2974 3092 2992 3124 ι
3015 3074 3365 3146 Ἦγαπὴκασι
3386 3079 3443 3131 δὲ
3474 3080 3569 3132 καὶ
3591 3080 3691 3151 τὴν
3706 3081 3933 3150 ἀτιμίαν

2350 3158 2415 3211 ὲκ
2440 3159 2814 3230 φρυαγμάτων
2841 3160 3040 3224 αὐτῶν,
3067 3179 3085 3212 ι
3115 3164 3415 3227 τουτέστιν,
3445 3165 3503 3231 ἐξ
3525 3166 3747 3237 ὑψηλῶν
3766 3168 3934 3238 αὐχη-

2354 3248 2561 3316 μάτων,
2596 3248 2740 3320 ἆπερ
2761 3245 2925 3320 εἶχον,
2962 3250 3057 3302 ἐπὶ
3075 3251 3194 3322 Θεῷ
3219 3254 3311 3304 καὶ
3333 3252 3460 3326 δόξῃ
3488 3257 3553 3325 τῇ
3582 3255 3711 3326 παρ’
3742 3255 3929 3308 αὑτοῦ.

662 3344 871 3398 .rabiles
906 3355 960 3399 et
997 3344 1235 3404 omnium
1296 3345 1521 3413 pedibus
1554 3346 1765 3415 protriti
1820 3358 2006 3400 revera
2059 3358 2245 3399 evase-

2351 3338 2557 3392 υὺκοῦν
2604 3341 2787 3410 ἄτιμοι
2835 3340 2929 3393 καὶ
2965 3325 3668 3417 κατερριμμένοι,νοίκτρο“ι
3700 3347 3801 3400 καὶ
3836 3365 3929 3400 πε-

668 3448 814 3494 runt.
854 3435 969 3491 Non
1015 3439 1156 3492 enim
1202 3437 1266 3491 de
1311 3448 1509 3491 caetero
1543 3438 1878 3492 vocabuntur
1923 3437 2113 3502 liberi;
2150 3438 2246 3492 sed

663 3532 851 3600 potius
891 3532 940 3584 in
985 3530 1367 3584 contumeliam
1422 3542 1478 3586 et
1526 3530 1875 3599 ignominiam
1923 3528 2139 3593 vadent,
2192 3536 2248 3582 et

666 3622 775 3676 sub
801 3622 1032 3675 dominis
1066 3622 1311 3692 tyrannis
1333 3631 1514 3676 erunt.
1554 3621 1753 3675 Verum
1788 3621 1917 3676 licet
1949 3622 2034 3675 his
2066 3620 2244 3673 omni-

668 3712 771 3768 bus
807 3712 964 3767 simul
1005 3713 1356 3767 stolidissiuta
1391 3713 1677 3767 multitudo
1710 3713 1963 3781 Ephraim
2004 3714 2245 3780 subjecta

667 3804 760 3866 sit,
807 3813 983 3858 tamen
1028 3800 1285 3867 tu,.luda,
1333 3801 1405 3855 illi
1452 3800 1599 3855 fuisti
1635 3801 1795 3856 veluti
1834 3801 2051 3870 quidam
2092 3803 2247 3855 turbo

670 3894 862 3965 spiritu
921 3896 971 3947 in
1046 3894 1145 3947 alis
1202 3893 1455 3947 volucris.
1514 3891 1723 3947 Norunt
1768 3907 1957 3947 omnes
2013 3892 2246 3947 volatilia

668 3998 828 4043 vento
892 3986 1193 4042 vehementi
1258 3999 1320 4037 ea
1379 3983 1720 4053 impellente,
1775 3993 1829 4038 et
1884 3992 2090 4037 tantum
2142 4000 2245 4038 non

658 4089 919 4149 cogente,
950 4077 1139 4148 procul
1167 4076 1332 4132 dubio
1365 4077 1550 4131 volare
1583 4075 1839 4130 celerius.
1894 4074 2036 4140 Ergo
2072 4074 2245 4141 prola-

668 4185 798 4241 psus
841 4180 926 4225 est
970 4169 1155 4235 Israel,
1190 4167 1511 4239 deﬂexitque
1551 4167 1616 4222 ad
1651 4167 1948 4235 apostasia.
2001 4166 2078 4219 Tn
2121 4182 2248 4222 vero

668 4262 817 4315 fuisti
857 4262 906 4315 ei
958 4279 976 4312 ι
1013 4262 1170 4315 turbo
1218 4260 1438 4329 spiritus
1477 4261 1529 4313 in
1590 4257 1712 4313 alis.
1751 4276 1771 4310 ι
1807 4255 2114 4324 ρυοιηοόοι,
2157 4266 2250 4311 aut

668 4369 777 4422 qua
809 4352 1059 4407 ratione?
1088 4350 1378 4421 Postquam
1416 4350 1558 4405 enim
1599 4349 1734 4403 vidit
1776 4358 1850 4413 te,
1885 4349 1975 4418 qui
2012 4363 2160 4403 esses
2192 4349 2245 4403 in

668 4442 791 4510 lege
824 4440 1126 4506 institutus,
1166 4440 1406 4493 divinum
1434 4438 1690 4507 templum
1725 4438 1944 4492 assiduo
1979 4438 2245 4504 trivisses,

668 4550 825 4590 sacra
872 4535 1082 4604 legibus
1121 4535 1373 4589 mandata
1411 4533 1732 4604 peregisses,
1761 4531 1871 4601 jam
1911 4531 2140 4586 inertem
2184 4546 2248 4586 ac

660 4628 924 4696 supinum
982 4627 1284 4697 iisdemque
1336 4628 1575 4697 peccatis
1623 4625 1922 4694 illigatum,
1979 4623 2244 4677 maturius

2348 3451 2492 3505 πατη
2502 3436 2651 3504 μένοι
2666 3436 2952 3505 γεγόνασιν
2977 3437 3212 3508 άληθῶς,
3230 3438 3339 3491 τῶν
3365 3441 3611 3511 ἀρχαίων
3642 3444 3934 3513 φρυαγμά-

2345 3543 2454 3581 των
2481 3528 2965 3598 άπολισθήσαντες·
3000 3531 3355 3599 κεκλήσονται
3395 3533 3503 3602 γὰρ
3524 3532 3808 3606 ἐλεύθεροι
3838 3536 3932 3606 μὲν

2347 3618 2531 3672 οὐκέτι
2552 3636 2566 3651 ο
2608 3619 2913 3690 βαδιοῦνται
2940 3622 2994 3674 δὲ
3029 3622 3225 3692 μᾶλλον
3256 3626 3334 3687 είς
3368 3624 3522 3694 ὕϐριν
3558 3627 3653 3679 καὶ
3687 3628 3932 3697 ἀτιμίαν,

2348 3710 2442 3761 καὶ
2476 3710 2579 3763 ὑπὸ
2601 3714 2817 3782 πικροῖς
2851 3712 3062 3765 ἔσονται
3082 3714 3388 3777 δεσπόταις.
3428 3716 3566 3768 Ἀλλ’
3600 3717 3650 3769 εἰ
3688 3720 3786 3770 καὶ
3818 3718 3933 3771 τού-

2346 3817 2458 3864 τοις
2485 3801 2679 3866 ἅπασι,
2711 3804 2897 3872 φησὶν,
2928 3805 2960 3873 ἠ
2993 3805 3292 3875 ἀνουστάτη
3327 3807 3419 3859 τοῦ
3454 3808 3697 3879 Ἐφραῖμ
3728 3810 3933 3881 ὑπηνέ-

2348 3891 2455 3961 χθη
2489 3892 2718 3963 πληθύς·
2750 3893 2885 3961 ἀλλ’,
2908 3888 2953 3947 ὦ
2994 3894 3179 3948 Ἰούδα.
3209 3898 3273 3948 σὺ
3302 3898 3530 3965 γέγονας
3566 3899 3708 3969 αὑτῇ
3739 3894 3832 3953 οἷά
3856 3918 3933 3963 τις

2349 3978 2658 4050 πνεύματος
2693 3983 2992 4053 συστρορὴ,
3032 3984 3090 4037 ὲν
3118 3984 3343 4055 πτέρυξι
3372 3986 3644 4041 πετεινοῦ.
3683 3987 3848 4040 Ἐστι
3879 3988 3933 4041 δὲ

2349 4070 2510 4122 παντί
2538 4088 2639 4123 που
2662 4071 2840 4142 δῆλον,
2856 4075 2938 4126 ὅτι
2966 4073 3143 4144 πάντη
3175 4093 3233 4128 τε
3278 4078 3368 4128 καὶ
3392 4076 3609 4141 πάντως
3632 4077 3706 4131 τὰ
3730 4079 3934 4132 διιπτά-

2351 4173 2508 4225 μενα,
2546 4159 2858 4229 πνεύματος
2896 4161 3034 4214 αὐτὰ
3057 4164 3461 4236 προσωθοῦντος
3498 4166 3699 4235 βιαίου,
3748 4186 3933 4239 μονον-

2352 4250 2471 4319 ουχὶ
2516 4251 2609 4304 καὶ
2654 4251 3162 4320 ὲπαναγκάζοντος,
3222 4256 3487 4327 ὀξυτέραν
3528 4259 3653 4311 τότε
3697 4265 3935 4314 ποιεῖται

2346 4341 2443 4411 τὴν
2470 4343 2685 4412 πτῆσιν.
2714 4344 2923 4397 Οὐκοῦν
2954 4344 3210 4409 ἐξώκειλε
3244 4348 3342 4415 μὲν
3389 4351 3417 4400 6
3474 4351 3689 4421 Ἰσραὴλ
3738 4355 3934 4407 ἀπονε-

2348 4432 2552 4497 νευκὼς
2586 4436 2664 4497 εἰς
2702 4435 3023 4491 ἀπόστασιν.
3056 4439 3125 4491 Σὺ
3145 4439 3201 4491 δὲ
3222 4441 3450 4508 γέγονας
3477 4442 3628 4512 αὑτῴ
3665 4463 3683 4495 t
3704 4447 3936 4517 Συστρο-

2351 4526 2425 4595 φὴ
2462 4526 2769 4597 πνεύματος
2803 4530 2861 4582 ὲν
2890 4531 3011 4594 ταῖς
3056 4532 3338 4601 πτέρυξι.»
3379 4534 3523 4598 Πῶς,
3570 4536 3603 4606 ἢ
3645 4537 3771 4591 τίνα
3814 4539 3935 4609 τρό-

2354 4635 2492 4683 πον;
2538 4619 2755 4690 Ἐπειδὴ
2805 4622 2924 4691 γὰρ
2963 4622 3021 4675 σὲ
3070 4623 3321 4677 τεθέαται
3355 4625 3445 4677 τὸν
3483 4627 3559 4696 τῷ
3587 4629 3741 4700 νόμῳ
3782 4631 3935 4684 ﬁatﬁ-

665 4715 912 4773 descivit.
952 4716 1338 4772 Verumtamen
1382 4716 1434 4771 in
1478 4715 1734 4779 dedecus,
1788 4724 1839 4769 et
1873 4713 2154 4784 pudorem,
2189 4722 2243 4767 et

2351 4710 2731 4780 αγωγούμενον
2754 4751 2768 4775 ,
2795 4713 2886 4765 τὸν
2909 4712 3036 4782 θείῳ
3080 4713 3485 4785 προσιζήσαντα
3528 4718 3661 4787 ναῷ,
3707 4720 3809 4773 καὶ
3838 4720 3935 4780 τὰς

664 4808 993 4877 gnominiam
1024 4822 1177 4864 suam
1207 4808 1445 4864 inveniet
1476 4809 1667 4863 altaria
1698 4822 1820 4863 sua.

2350 4802 2489 4855 κατὰ
2522 4802 2685 4871 νόμον
2723 4804 2982 4857 τελοῦντα
3025 4804 3245 4869 θυσίας,
3284 4806 3664 4876 ῥᾳθυμοῦντα.
3697 4811 3798 4863 καὶ
3826 4812 3935 4871 τοῖς

668 4900 803 4963 ἴσοις
825 4899 1290 4970 πλημμελήμασιν
1316 4900 1646 4971 ἐνεχόμενον,
1707 4900 1966 4971 ὀξυτέραν
2023 4898 2316 4968 ἐποιήσατο
2352 4893 2448 4963 τὴν
2518 4893 2851 4964 ἀποδρομήν.
2925 4894 3069 4964 Πλὴν
3132 4896 3210 4958 εἰς
3282 4896 3543 4967 αἰσχύνην
3608 4900 3933 4971 εὑρήσουσι,

666 4995 760 5049 καὶ
806 4995 1074 5066 ἐντροπῆς
1120 4996 1212 5048 καὶ
1248 4994 1472 5065 ἀτιμίας
1516 4994 1752 5066 πρόξενα
1781 4994 1850 5047 τὰ
1880 4992 2238 5063 θυσιαστήρια
2275 4987 2472 5044 αὐτῶν.

736 5086 846 5156 82
882 5086 1063 5154 Itaque
1093 5087 1345 5155 quoniam
1386 5088 1475 5155 qni
1505 5088 1751 5140 videmur
1776 5096 1947 5150 stare,
1969 5087 2034 5138 ad
2076 5086 2244 5139 hone-

672 5186 809 5229 stam
850 5176 1011 5228 vitam
1074 5183 1127 5229 et
1153 5176 1281 5229 nulli
1318 5173 1723 5244 reprehensioni
1751 5173 1960 5227 aﬂiuetn
1996 5172 2240 5240 obligati,

670 5280 861 5335 segnes
898 5274 953 5320 et
988 5266 1164 5335 ignavi
1208 5266 1261 5319 in
1302 5266 1403 5319 hoc
1452 5264 1785 5326 invenimur;
1834 5261 2243 5330 imo,similiter

671 5366 729 5409 ut
762 5357 873 5423 alii,
922 5357 1013 5410 Dei
1047 5355 1440 5425 beneplacitum
1497 5354 1792 5422 aspernati,
1844 5369 1949 5408 non
1982 5353 2152 5407 solum
2186 5352 2238 5406 in

670 5464 771 5501 nos
797 5448 940 5517 ipsos
972 5445 1140 5513 iniqui
1169 5446 1395 5509 erimus,
1421 5446 1515 5499 sed
1556 5460 1657 5497 una
1694 5445 1975 5500 nobiscum
2011 5444 2236 5514 perditis

668 5543 832 5595 etiam
875 5539 1017 5604 aliis,
1064 5538 1257 5606 duplex
1307 5536 1629 5606 supplicium
1659 5537 2067 5592 sustinebimus.
2104 5534 2237 5589 Nam

671 5648 792 5687 cum
832 5630 1073 5686 seductis
1117 5638 1172 5683 et
1217 5628 1458 5697 improbe
1503 5628 1808 5689 viventibus
1847 5629 1912 5682 ad
1949 5628 2237 5695 imaginem

670 5735 724 5779 et
758 5722 987 5777 formant
1026 5721 1239 5774 virtutis
1287 5718 1549 5789 propositi
1594 5732 1714 5772 esse
1757 5718 2101 5777 debebamus,
2141 5729 2233 5768 oc-

673 5815 818 5868 casio
844 5813 1081 5868 scandali
1114 5812 1239 5865 facti
1276 5826 1485 5865 sumus.
1523 5809 1663 5876 Quid
1710 5809 1776 5863 ad
1810 5811 1922 5863 haec
1950 5806 2237 5862 Christus?

678 5923 697 5953 σ
732 5905 833 5969 Qui
874 5903 1318 5960 srandalizaverit
1347 5918 1510 5957 unum
1540 5903 1604 5957 de
1632 5901 1839 5973 pusillis
1874 5900 2015 5968 istis,
2052 5900 2140 5969 qui
2172 5898 2238 5968 ⁸ἰη

2421 5082 2651 5145 υὺκοῦν,
2673 5082 2801 5135 ὅταν
2829 5081 2877 5132 οἱ
2905 5079 3190 5145 δοκοῦντες
3225 5082 3469 5145 ἑστάναι,
3503 5084 3687 5149 καλῶς
3723 5104 3787 5140 τε
3843 5089 3933 5141 καὶ

2348 5174 2763 5246 ἀνεπιπλήκτως
2787 5173 3093 5242 ὀφείλοντες
3113 5175 3233 5245 ζῇν,
3249 5176 3443 5246 νωθροί
3465 5193 3523 5227 τε
3566 5179 3661 5230 καὶ
3694 5180 3931 5250 ρᾁυμοι

2349 5265 2477 5333 περὶ
2508 5264 2664 5318 τοῦτο
2717 5263 3106 5335 εὑρισκόμεθα·
3144 5265 3346 5335 μᾶλλον
3376 5266 3432 5319 δὲ
3462 5269 3555 5319 καὶ
3586 5269 3645 5323 ἐν
3685 5270 3791 5340 ῐσῳ
3825 5274 3933 5331 τοῖς

2347 5354 2525 5419 ἄλλοις
2552 5356 2761 5409 ἀθετεῖν
2814 5356 3075 5426 ᾑρημένοι
3120 5357 3181 5409 τὸ
3239 5357 3466 5411 ὀινδάνον
3493 5358 3572 5428 τῷ
3621 5360 3766 5431 Θεῷ,
3814 5362 3933 5431 οὑχί

2350 5443 2541 5512 μόνους
2573 5446 2797 5506 ἑαυτοὺς
2821 5444 3171 5515 ἀδικήσομεν,
3224 5447 3702 5517 προσαπολλύντες
3742 5451 3808 5505 δὲ
3841 5451 3934 5505 καὶ

2346 5534 2587 5604 ἑτέρους,
2617 5534 2811 5604 διπλῆν
2834 5534 3213 5606 ὑπομενοῦμεν
3241 5537 3340 5607 τὴν
3393 5537 3636 5593 κόλασιν.
3668 5540 3805 5593 Δέον
3826 5541 3932 5609 γὰρ

2346 5624 2793 5693 προκεῖσθαιτοῖς
2821 5625 3281 5696 πεπλανημένοις,
3296 5630 3388 5680 καὶ
3412 5628 3511 5698 ζῇν
3528 5614 3628 5682 οὑκ
3652 5629 3932 5684 ἐθέλουσιν

2345 5714 2537 5783 ὀρθῶς,
2566 5716 2644 5776 εἰς
2673 5716 2855 5767 εἰκόνα
2877 5716 2968 5769 καὶ
2991 5716 3335 5772 ὑποτύπωσιν
3367 5719 3590 5788 ἀρετῆς,
3625 5723 3722 5774 καὶ
3760 5740 3930 5777 σκαν-

2344 5804 2501 5856 δάλου
2541 5805 2839 5875 γεγόναμεν
2866 5808 3109 5876 ἀφορμή.
3176 5808 3238 5859 Τί
3264 5805 3358 5862 οῦν
3385 5810 3413 5862 6
3446 5812 3722 5880 Χριστός;
3773 5831 3793 5864 ἰ
3836 5816 3930 5875 ’ος

2347 5898 2440 5951 ἐὰν
2458 5896 2781 5971 σκανδαλίσῃ
2804 5899 2899 5951 ἕνα
2916 5898 3022 5950 τῶν
3039 5899 3250 5968 μικρῶν
3277 5900 3483 5953 τούτων
3510 5902 3620 5956 τῶν
3640 5904 3927 5957 πιστευόνο
