4094 6640
176 501 272 557 Ml

1093 498 1643 557 COMMENTARIUS
1678 498 1749 555 IN
1787 497 2019 557 OSEAM
2060 497 2500 557 PROPHETAM.

3314 506 3415 559 “"2

170 634 280 670 των
337 616 418 678 εἰς
472 615 594 685 ἐμὲ.
631 618 783 688 φησὶ,
821 615 1085 688 συμφέρει
1124 616 1293 687 αὐτῷ,
1334 617 1421 670 ἵνα
1455 615 1745 687 κρεμασθῇ

1858 631 1942 670 me
1989 616 2238 680 credunt,
2278 615 2496 686 expedit
2545 616 2591 672 ei
2629 626 2689 670 ut
2734 618 3093 686 suspendatur
3136 620 3272 674 mola
3314 624 3419 676 asi-

172 706 335 776 μύλος
354 706 533 768 ὀνικὸς
568 709 695 776 περὶ
731 707 822 760 τὸν
853 706 1121 779 τράχηλον
1152 706 1339 771 αὐτοῦ,
1373 707 1467 761 καὶ
1505 723 1745 759 καταπο-

168 797 357 868 ντισθῇ
381 800 438 849 ἐν
474 796 553 866 τῷ
583 798 809 866 πελάγει
830 800 929 869 τῆς
953 799 1247 869 θαλάσσης.
1283 818 1302 850 ι

778 934 1007 986 ΚΕΦΛΛ
1019 973 1031 987 .
1074 934 1149 987 Ε’.

250 1046 576 1100 ’Δκούσατε
596 1044 805 1109 ταῦτα,
822 1049 873 1099 oi
893 1045 1085 1113 ἱερεῖς,
1109 1046 1204 1100 καὶ
1220 1047 1565 1116 προσέχετε,
1584 1042 1746 1111 οἶκος

178 1138 417 1207 Ἰσραὴλ
438 1178 451 1201 ,
508 1138 605 1191 καί
660 1134 822 1204 οἶκος
872 1138 979 1192 τοῦ
1024 1139 1350 1204 βασιλέως,
1384 1138 1744 1203 ἐνωτίζεο-θε,

163 1230 318 1284 διότι
339 1227 489 1297 πρὸς
516 1228 674 1297 ὑμᾶς
704 1229 835 1282 ἐστι
868 1228 936 1281 τὸ
971 1230 1166 1297 κρῖμα,
1194 1228 1284 1283 ὅτι
1330 1230 1507 1300 παγίς
1537 1230 1747 1300 ἐγενή-

164 1328 310 1391 θητε
358 1322 434 1392 τῇ
491 1319 736 1388 σκοπιῇ,
789 1321 889 1375 καὶ
945 1323 1018 1386 ὡς
1056 1322 1303 1377 δίκτυον⁴
1351 1322 1748 1392 ἐκτεταμένον

162 1417 266 1471 ἐπὶ
302 1415 369 1470 τὸ
420 1414 761 1481 Ἰταϐιῖριον,
795 1412 827 1467 ὃ
884 1415 939 1467 οί
985 1415 1341 1485 ἀγρεύοντες
1368 1414 1481 1483 τὴν
1519 1414 1708 1484 θήραν
1730 1458 1744 1480 ,

164 1507 532 1574 κατέπηξαν.

237 1623 367 1677 ΝΑ’.
411 1622 890 1694 Προκατητιάσατο
928 1622 1018 1674 τὸν
1049 1620 1269 1679 Ἰούδαν,
1314 1619 1389 1683 ὡς
1443 1619 1748 1691 πνεύματος

166 1715 476 1785 συστροφὴν
504 1714 762 1782 γεγονότα
792 1714 867 1783 τῷ
903 1712 1137 1783 Ἰσραὴλ,
1159 1712 1300 1764 κατά
1328 1728 1389 1778 γε
1424 1711 1515 1763 τὸν
1541 1711 1745 1781 ἀρτίως

163 1807 301 1875 ἡμῖν
324 1806 720 1876 προειρημένον
747 1810 967 1873 τρόπον.
1001 1802 1303 1870 Μεθὶστησι
1345 1800 1401 1852 δὲ
1435 1801 1620 1852 λοιπὸν
1658 1800 1749 1852 τὸν

163 1900 264 1968 τῆς
296 1898 633 1966 ὲπιπλὴξεως
664 1897 819 1965 λόγον
851 1896 944 1949 ἐπὶ
971 1897 1095 1958 τοὺς
1142 1894 1241 1963 τῆς
1280 1894 1493 1964 ἀπάτης
1527 1893 1618 1947 καὶ
1651 1896 1749 1961 τῆς

1852 707 1999 761 naria
2063 709 2116 761 iu
2173 708 2311 762 collo
2342 707 2458 767 eius
2479 745 2493 765 .
2522 717 2577 761 et
2605 709 2948 778 demergatur
2978 712 3030 763 in
3092 714 3416 780 profundum

1851 799 2014 853 maris
2037 800 2101 850 ’⁸.
2140 818 2155 847 ι

2504 933 2653 992 CAP.
2704 934 2765 987 V.

1924 1048 2086 1102 Vens.
2126 1049 2176 1108 1,
2217 1052 2271 1101 ‘2.
2321 1051 2510 1104 Auzlite
2544 1051 2673 1115 Iure,
2711 1052 3029 1113 sacerdotes,
3060 1062 3108 1105 et
3144 1056 3419 1115 attendite.

1848 1144 2035 1195 domus
2061 1139 2247 1207 Israel,
2277 1155 2321 1195 et
2357 1143 2541 1195 domus
2576 1143 2728 1211 regis,
2758 1143 2974 1196 auribus
2999 1145 3265 1213 percipile,
3297 1149 3420 1217 quia

1850 1233 1917 1282 ad
1970 1247 2056 1284 vos
2111 1241 2184 1284 est
2217 1231 2515 1300 judicium,
2565 1234 2813 1302 quoniam
2860 1233 3076 1303 laqueus
3122 1235 3249 1304 facti
3297 1240 3421 1290 estis

1848 1315 2217 1383 speeulationi,
2249 1327 2298 1371 et
2324 1320 2455 1371 sicut
2482 1332 2586 1373 rele
2609 1337 2895 1388 expansum
2927 1339 3083 1390 super
3102 1323 3420 1395 Itabyrium,

1847 1406 1986 1472 quod
2022 1407 2110 1475 qui
2137 1408 2348 1473 capiant
2378 1411 2722 1473 venationem,
2748 1412 3132 1479 depanxeruut.

1923 1602 2006 1660 LI.
2049 1604 2342 1662 Accusavit
2376 1620 2533 1663 antea
2564 1610 2780 1677 .ludam,
2815 1623 2872 1667 ut
2903 1616 3166 1672 turbinem
3202 1620 3424 1687 spiritus

1851 1694 2057 1749 factum
2088 1694 2300 1763 lsraeli,
2326 1698 2481 1767 juxta
2510 1705 2776 1758 rationem
2805 1720 2833 1758 a
2870 1708 3028 1761 nobis
3068 1711 3228 1763 modo
3257 1710 3424 1781 expli-

1850 1797 2047 1843 catam.
2109 1789 2379 1861 Deinceps
2429 1795 2592 1849 verba
2637 1796 3031 1867 objurgatiouis
3089 1801 3154 1855 ad
3198 1801 3423 1858 fallaciae

1851 1886 1905 1930 et
1954 1880 2287 1950 deceptiouis
2336 1883 2667 1950 inventores,
2713 1896 2765 1940 et
2789 1888 2855 1941 ad
2885 1889 3056 1943 morbi
3086 1899 3137 1945 et
3172 1893 3425 1949 amentia:

168 1966 393 2059 πλάνης
440 1988 687 2059 εὑρετὰς,
741 1986 836 2041 καὶ
884 1984 981 2057 τὴν
1019 1985 1121 2054 τῆς
1172 1983 1515 2053 ἀποπληξίας
1567 1983 1751 2044 αὐτοῖς

1858 1966 2012 2035 hujus
2035 1980 2287 2026 auctores
2311 1976 2597 2029 convertit.
2630 1975 2690 2030 Hi
2723 1989 2880 2033 erant
2904 1982 3214 2038 sacerdotes
3239 1998 3426 2040 emen-

163 2079 605 2150 προξενήσαντας
625 2080 798 2131 νόσον.
823 2071 979 2131 Οὗτοι
1007 2076 1060 2129 δὲ
1088 2072 1227 2146 ἦσαν
1245 2076 1293 2127 οἱ
1323 2075 1485 2145 ἱερεῖς
1512 2074 1562 2125 οἱ
1587 2072 1747 2142 ψευδ.

162 2172 407 2242 ὡνυμοι,
457 2172 549 2225 καὶ
578 2172 677 2224 οὐκ
710 2169 769 2234 ὲξ
798 2170 1026 2239 αἵματος
1053 2167 1143 2220 τοῦ
1183 2163 1331 2226 Λευῖ,
1388 2165 1501 2218 ἀλλ’
1534 2165 1749 2235 ὠνητὴν

163 2264 385 2335 ἔχοντες
412 2262 511 2334 τὴν
562 2262 882 2330 ἱερωσύνην,
939 2263 1033 2313 καὶ
1070 2261 1345 2330 χρήμασιν
1395 2257 1749 2329 ἐκπριάμενοι

162 2358 225 2408 τὸ
246 2357 360 2409 δεῖν
393 2355 629 2419 εἰδώλοις
660 2354 985 2424 ἱερουργεῖν.
1021 2352 1336 2422 Γέγραπται
1368 2350 1477 2421 γὰρ
1504 2350 1746 2422 περὶτοῦ

176 2447 485 2519 Ἱεροόοὰμ,
521 2449 602 2499 ὅτι
629 2463 647 2498 t
683 2447 742 2499 Ὀ
784 2445 1101 2517 βουλόμενος
1156 2444 1393 2515 ἐπλήρου
1448 2444 1548 2515 τὴν
1590 2445 1750 2513 χεῖρα

162 2539 360 2601 αὐτοῦ,
388 2540 481 2592 καὶ
514 2538 723 2607 ἐγίνετο
752 2538 928 2608 ἱερεὺς
959 2535 1068 2589 τῶν
1103 2534 1342 2607 ὑψηλῶν.
1375 2555 1393 2588 t
1433 2535 1632 2606 ’Ἐρπει
1684 2535 1749 2605 δὴ

161 2627 264 2683 οὖν
297 2622 520 2693 εἰκότως
549 2631 577 2681 ὁ
607 2629 764 2698 λόγος
796 2629 882 2681 ἐπ’
913 2627 1108 2690 αὐτούς
1137 2644 1195 2679 τε
1240 2628 1364 2690 τοὺς
1398 2627 1747 2698 ίερουργοῦς,

162 2721 266 2774 καὶ
288 2721 381 2773 ἐπὶ
404 2719 492 2773 τὸν
516 2715 665 2773 οἷκον
725 2718 818 2772 τοῦ
851 2717 1136 2789 βασιλέως,
1174 2715 1748 2788 συμπεριειλημμένου

160 2813 294 2876 ταῖς
315 2811 515 2874 αἰτίαις
550 2810 643 2865 καὶ
665 2809 830 2864 αὑτοῦ
868 2806 962 2862 τοῦ
1017 2807 1253 2879 Ἰσραήλ.
1311 2809 1375 2860 Οἱ
1421 2806 1520 2878 μὲν
1550 2806 1658 2878 γὰρ
1683 2806 1751 2860 τά

161 2902 313 2975 πρὸς
359 2903 615 2955 σύστασιν
662 2901 763 2972 τῆς
807 2899 1219 2972 εἰδωλολατρίας
1257 2898 1493 2967 ἔφασκόν
1532 2915 1589 2951 τε
1656 2897 1752 2951 καὶ

163 2995 381 3063 ἔδρων,
445 2993 661 3064 βωμοὺς
707 2991 1059 3055 ἀνιστάντες,
1116 2989 1345 3052 σπονδὰς
1381 2988 1504 3057 ικαὶ
1563 2986 1753 3051 θυσίας

163 3083 565 3152 προσάγοντες,
595 3082 688 3135 καὶ
722 3082 821 3151 τὴν
865 3081 964 3149 τῆς
995 3080 1266 3143 ἀπωλείας
1306 3081 1419 3143 τοῖς
1452 3079 1751 3148 ἀπατωμέ-

162 3192 285 3237 νοις
316 3174 734 3244 κατευρύνοντες
765 3172 970 3244 τρίϐον.
997 3172 1231 3243 Εὑρεταὶ
1263 3172 1317 3225 δὲ
1353 3173 1453 3242 τῆς
1508 3170 1749 3240 πλάνης,

162 3265 213 3317 οἱ
256 3262 517 3333 βασιλεῖς.
541 3264 829 3335 Τοιγάρτοί
851 3281 983 3332 φησι
1008 3263 1143 3334 πρὸς
1168 3264 1383 3326 αὐτοὺς,
1414 3263 1496 3314 ὃτι
1533 3280 1551 3312 ι
1580 3262 1752 3329 Παγὶς

1852 2062 1946 2112 tito
1991 2062 2231 2126 nomine,
2271 2079 2366 2117 nec
2406 2065 2470 2119 de
2511 2068 2773 2137 sanguine
2798 2068 2964 2137 Levi;
3004 2082 3160 2140 et,ut
3204 2088 3424 2144 possent

1848 2152 2008 2207 idolis
2058 2156 2390 2222 sacriﬁcare,
2441 2163 2812 2240 sace_rdotium
2846 2168 3023 2234 pretio
3054 2169 3156 2223 sibi
3202 2184 3425 2240 compa-

1850 2254 2123 2328 raverant.
2158 2245 2429 2317 Scriptum
2459 2227 2731 2306 estfenim
2768 2227 3157 2313 de'Jeroboam
3192 2280 3207 2315 :
3244 2278 3262 2311 ι
3294 2227 3425 2328 Qui-

1849 2316 2059 2402 euntque
2100 2316 2336 2401 volebat,
2386 2339 2644 2408 implebat
2686 2359 2903 2398 manum
2945 2362 3119 2415 suam,
3156 2359 3209 2403 et
3257 2316 3425 2405 ﬁebat

1850 2427 2109 2481 sacerdos
2143 2428 2480 2484 excelsorum
2505 2433 2573 2485 ’9.
2612 2452 2630 2484 ι
2666 2432 2794 2489 Jure
2835 2437 2997 2503 igitur
3035 2454 3214 2495 sermo
3238 2456 3427 2511 proce-

1852 2517 1928 2569 dit
1970 2519 2036 2572 ad
2093 2522 2408 2578 sacerdotes
2467 2522 2615 2593 ipsos
2667 2536 2724 2581 et
2766 2530 2831 2582 ad
2878 2530 3093 2584 domum
3146 2533 3320 2601 regis;
3371 2545 3427 2589 et

1851 2606 2016 2662 Israel
2044 2609 2352 2691 ipsevsimul
2394 2628 2701 2671 accusatur.
2729 2618 2807 2672 Illi
2843 2622 2986 2675 enim
3018 2639 3137 2692 quze
3166 2627 3233 2680 ad
3265 2626 3429 2682 idolo-

1852 2698 2064 2753 Ialriatn
2119 2688 2551 2760 constituendam
2606 2710 2940 2777 pertinerent
2981 2688 3048 2768 etv
3075 2716 3329 2770 dicebant
3371 2727 3427 2772 et

1852 2788 2139 2860 faciebant,
2171 2808 2296 2849 aras
2323 2797 2617 2866 erigentes,
2654 2799 2914 2859 libamina
2937 2813 2991 2858 et
3014 2806 3259 2862 victimas
3288 2808 3426 2862 olfe-

1853 2889 2074 2949 rentcs,
2130 2890 2186 2937 et
2237 2885 2554 2955 perditionis
2606 2889 2749 2944 viam
2816 2892 3057 2949 seductis
3114 2896 3426 2953 dilatantes.

1851 2973 2146 3030 Architecti
2201 2986 2380 3032 autem
2419 2980 2623 3037 erroris
2671 2992 2829 3038 erant
2881 3000 3055 3055 reges.
3093 2987 3323 3045 Proinde
3360 2992 3427 3045 ad

1853 3065 1973 3120 illos
2017 3067 2093 3122 ait
2124 3084 2137 3122 :
2172 3085 2189 3119 ι
2224 3066 2423 3137 Laquei
2478 3069 2606 3125 facti
2655 3073 2789 3128 estis
2832 3077 3205 3145 speculationi.
3240 3098 3259 3131 ι
3294 3081 3428 3151 Spe-

1854 3158 2177 3214 rulationem
2233 3170 2390 3215 vocat
2450 3165 2552 3218 sub
2614 3166 2993 3223 sacerdonbus
3046 3170 3159 3240 (qui
3212 3173 3429 3240 quidem

1855 3261 2014 3304 erant
2062 3252 2175 3306 veri
2229 3253 2584 3325 sacerdotes),
2637 3265 2691 3312 et
2749 3258 2853 3312 sub
2908 3258 3040 3326 ipsis
3098 3261 3433 3331 principibus

165 3355 471 3427 ἐγενήθητε
491 3358 557 3427 τῇ
589 3357 806 3426 σκοπιᾷ.
832 3375 849 3406 ι
886 3354 1123 3409 Σκοπιὰν
1164 3354 1219 3407 δὲ
1251 3355 1397 3423 λέγει
1428 3353 1524 3424 τὴν
1564 3354 1667 3405 ὑπό
1695 3370 1753 3420 γε

1862 3342 2316 3410 speculationem,
2383 3360 2480 3400 seu
2544 3362 2729 3403 curam
2796 3350 2998 3419 populi.
3071 3350 3435 3421 Speculantur

164 3448 287 3500 τῶν
322 3446 532 3517 ἱερέων,
557 3446 716 3519 εἷπερ
743 3444 881 3517 ἦσαν
914 3447 1082 3512 ὅντως
1111 3448 1296 3519 ἱερεῖς,
1331 3446 1424 3499 καὶ
1458 3446 1547 3498 ὑπ’
1578 3444 1756 3497 αὐτῶν

163 3537 225 3590 δὲ
265 3536 377 3590 τῶν
424 3538 743 3608 ἡγουμένων
799 3538 1308 3610 περισκοπουμένην
1344 3536 1584 3608 πληθύν”
1632 3537 1758 3604 Ἐφ’

163 3628 343 3699 ορῶσι
374 3629 482 3701 γὰρ
512 3630 665 3683 αὐτοὶ
693 3630 753 3683 τὸ
782 3630 1042 3701 ὑπήκοον·
1077 3630 1111 3701 ἢ
1141 3632 1235 3685 καὶ
1258 3629 1568 3700 ἀφορῶνται
1609 3626 1759 3698 παρὰ

163 3720 286 3773 τῶν
317 3720 423 3773 ὑπὸ
451 3724 629 3792 χεῖρα,
661 3723 756 3775 καὶ
787 3722 1017 3792 ὅποιπερ
1036 3721 1102 3776 ἂν
1131 3725 1241 3784 τοῖς
1271 3721 1530 3794 κρατοῦσι
1563 3719 1756 3784 δόξειε,

162 3812 595 3883 παρατρέπουσι
624 3812 685 3866 τὸ
718 3814 972 3884 ὑπήκοον
1000 3814 1190 3868 ’ἐπεται
1219 3814 1276 3867 δὲ
1303 3816 1415 3877 τοῖς
1457 3812 1563 3866 τῶν
1596 3813 1760 3883 ἡγου-

168 3903 359 3973 μένων
394 3903 661 3975 θελήμασι
694 3905 754 3958 τὸ
781 3905 1206 3976 ὑπεζευγμένον.
1255 3906 1518 3975 Γεγόνατε
1552 3904 1756 3967 τοίνυν,

165 3994 368 4066 φησὶν,
392 3995 467 4059 ὡς
490 3997 654 4065 παγὶς
686 4001 749 4069 τῇ
776 3999 864 4067 ὑφ’
884 3998 1035 4069 ὑμῶν
1064 3998 1506 4069 ὲπισκοπουμένῃ
1536 3994 1755 4067 πληθύῖ,

163 4086 317 4156 ἦτοι.
335 4088 405 4157 τῇ
428 4086 507 4149 εἱς
534 4088 679 4157 ὑμᾶς
703 4088 963 4161 ἀφορώσῃ
982 4074 987 4081 ’
1005 4090 1186 4161 τυχόν.
1224 4109 1243 4142 ι
1280 4090 1545 4158 Γεγόνατε
1580 4088 1637 4141 δὲ
1666 4089 1759 4141 καὶ

164 4175 248 4238 ὡς
278 4174 496 4230 δίκτυον
512 4179 870 4249 ἐκτεταμένον
896 4182 987 4233 ἐπὶ
1011 4182 1072 4233 τὸ
1114 4181 1428 4252 Ἰταϐύριον.
1460 4200 1478 4232 ι
1513 4181 1675 4251 Ὄρος
1703 4178 1759 4231 δὲ

1862 3434 2005 3488 enim
2036 3434 2162 3505 ipsi,
2194 3446 2248 3492 et
2283 3439 2576 3508 inspiciunt
2615 3442 2899 3509 su‘bditos;
2941 3454 3035 3499 aut
3063 3445 3223 3499 etiam
3261 3447 3433 3516 inspi-

1863 3526 2081 3581 ciuntur
2106 3543 2136 3583 a
2171 3531 2423 3597 subditis,
2464 3541 2517 3586 et
2546 3547 2653 3601 quo
2683 3534 2918 3590 dominis
2950 3536 3123 3590 visum
3157 3537 3341 3604 fuerit,
3370 3555 3438 3595 eo

1865 3619 2108 3674 subditos
2146 3632 2433 3686 avertunt,
2471 3623 2580 3695 83
2612 3624 2702 3693 qui
2746 3626 3079 3681 voluntatem
3134 3630 3434 3700 principum

1866 3722 2190 3779 sequuntur.
2217 3713 2418 3768 Fuistis
2449 3716 2634 3785 igitur,
2672 3716 2870 3787 inquit,
2905 3729 2961 3772 ut
2996 3720 3222 3789 laqueus
3252 3721 3439 3777 multi-

1868 3803 2035 3857 tudini
2089 3820 2249 3872 quam
2298 3808 2689 3875 speculamiui,
2747 3820 2840 3864 aut
2886 3812 3118 3867 fortaSse
3166 3830 3287 3883 quas
3345 3830 3439 3869 vos

1866 3894 2195 3963 Speculator,
2252 3914 2271 3947 ι
2303 3906 2355 3951 et
2399 3897 2578 3952 fuistis
2636 3909 2695 3956 ut
2746 3912 2862 3956 rete
2931 3918 3227 3975 expansum
3279 3921 3442 3976 super

1866 3986 2197 4057 ltabyrium,
2232 4007 2251 4041 ι
2310 3989 2399 4058 qui
2440 3999 2525 4045 est
2569 4006 2722 4047 mons
2762 3991 2997 4049 Galilarze
3030 3995 3437 4060 nobilissimus,

1867 4080 2104 4135 ferarum
2141 4080 2429 4151 aviumque
2460 4093 2657 4138 venatu
2705 4084 2863 4155 longe
2893 4086 3195 4142 ditissimus
3221 4098 3443 4156 propter

1866 4173 2261 4237 celsitudinem,
2295 4174 2585 4229 arboribus
2616 4191 2679 4231 ac
2726 4177 3011 4233 fruticibus
3060 4180 3439 4237 densissimus.

164 4269 342 4322 τοῦτο
385 4270 868 4340 περιφανέστατον,
923 4275 979 4325 ὲν
1039 4275 1106 4343 τῇ
1163 4271 1421 4343 Γαλιλαίᾳ
1483 4271 1754 4342 κείμενον,
1831 4266 2092 4336 πλείστην
2151 4282 2211 4317 τε
2269 4266 2401 4337 ὅσην
2449 4269 2546 4321 καὶ
2598 4269 2889 4342 ἀμφιλαφῆ
2958 4272 3058 4342 τὴν
3109 4274 3284 4345 ἄγραν
3323 4273 3444 4344 ἕχον

166 4365 389 4435 θηρίων
420 4381 477 4416 τε
530 4364 624 4417 καὶ
677 4366 916 4435 πτηνῶν,
947 4366 1033 4419 διὰ
1066 4368 1126 4421 τὸ
1178 4364 1344 4439 ἦρθαί
1377 4385 1437 4421 τε
1474 4368 1632 4437 ὑψοῦ,
1699 4366 1792 4419 καὶ
1831 4360 2296 4416 καταδασύνεσθαι
2330 4363 2536 4436 σφόδρα
2567 4366 2790 4437 δρυμοῖς
2816 4384 2875 4421 τε
2929 4371 3021 4423 καὶ
3050 4371 3298 4442 λόχμαις.

258 4455 415 4525 Ἐγὼ
468 4455 536 4508 δὲ
604 4456 931 4524 παιδευτὴς
1006 4457 1172 4527 ὑμῶν
1203 4500 1217 4525 ,
1253 4460 1366 4529 ἐγὼ
1417 4460 1609 4528 ἔγνων
1662 4457 1753 4511 τὸν

1945 4454 2108 4508 Vens.
2135 4454 2189 4508 5.
2216 4454 2326 4524 Ego
2377 4472 2494 4511 vero
2544 4460 2780 4512 erudilor
2817 4470 3002 4529 vester,
3069 4481 3161 4533 ego
3226 4470 3442 4537 cognovi

176 4547 468 4616 Ἐρραῒμ,
497 4545 595 4603 καὶ
636 4548 884 4615 Ἰσραὴλ
914 4551 1023 4602 οὐκ
1048 4548 1282 4619 ἀπέστη
1316 4553 1417 4605 ἀπ’
1448 4550 1616 4620 ἐμοῦ.

244 4635 383 4689 NB’.
422 4637 483 4687 Οἱ
509 4635 605 4704 μὲν
630 4631 723 4688 οῦν
752 4639 941 4707 ἱερεῖς,
969 4640 1062 4691 καὶ
1106 4640 1210 4711 μὴν
1236 4642 1330 4694 καὶ
1366 4642 1415 4693 οἱ
1438 4641 1496 4708 ἐξ
1530 4642 1758 4711 αἵματος

167 4724 499 4797 βασιλικοῦ,
532 4725 696 4789 λίνον,
735 4729 831 4781 καὶ
860 4730 1033 4798 πάγη,
1060 4730 1153 4783 καὶ
1183 4730 1324 4803 θήρα
1354 4734 1609 4801 γεγόνασι
1648 4737 1761 4796 τοῖς

161 4815 352 4878 λαοῖς,
383 4813 581 4886 θυμιᾷν
629 4818 742 4880 τοῖς
798 4817 1049 4890 δαίμοσιν
1099 4821 1501 4887 ἐπιτάττοντες,
1533 4825 1623 4878 καὶ
1656 4826 1761 4897 πρό

159 4924 233 4973 γε
258 4905 377 4958 τῶν
404 4907 579 4960 ἀλλων
609 4907 843 4979 δρῶντες
870 4911 1042 4975 αὐτοὶ,
1076 4912 1172 4965 καὶ
1204 4917 1417 4983 φρονεῖν
1443 4916 1762 4970 ἀναπείθον-

157 5016 261 5061 τες
293 4997 332 5051 ﬁ
356 4998 432 5068 μὴ
472 4997 646 5069 θέμις,
684 5002 778 5053 καὶ
806 5004 919 5064 τοῖς
943 5002 1170 5066 ἀνοσίως
1198 5004 1589 5076 ὲξηυρημένοις
1626 5008 1763 5061 πλά-

157 5105 273 5158 νης
345 5089 570 5160 ἑτέρους
628 5093 1067 5163 προσεπάγοντες
1116 5095 1389 5168 τρόπους,
1443 5099 1512 5152 τά
1558 5100 1761 5171 ὑψηλὰ,

159 5182 349 5253 φημὶ,
390 5181 482 5233 τὸν
512 5181 855 5255 Βεελφεγὼρ,
886 5186 946 5238 τὸ
978 5187 1086 5240 τῶν
1139 5189 1405 5243 Σιδωνίων
1450 5190 1725 5261 βδέλυγμα
1744 5233 1761 5258 ,

155 5274 264 5326 τὸν
302 5272 477 5338 Βάαλ,
532 5275 624 5327 τὸν
649 5276 872 5346 Χαμώς.
897 5280 1155 5334 Ἔσεσθαι
1184 5281 1241 5334 δὲ
1272 5282 1449 5336 αὐτῶν
1473 5284 1761 5358 παιδευτὴς

158 5364 370 5426 αὐτὸς,
401 5366 495 5416 κα)⁵
534 5365 633 5417 οὒκ
662 5367 741 5428 εἱς
773 5370 1010 5438 μακράν,
1056 5371 1452 5441 ἐπαγγέλλεται
1473 5417 1488 5441 ,
1537 5378 1611 5442 ὡς
1641 5380 1764 5433 ὅσον

156 5454 399 5507 οὐδέπω
454 5455 523 5507 τὰ
581 5456 645 5508 ὲκ
685 5456 857 5529 θυμοῦ
913 5460 1009 5514 καὶ
1059 5461 1231 5533 όργῆς
1276 5464 1552 5536 ἐπιθήσων
1596 5470 1760 5525 κακά.

162 5546 343 5614 Ἔχει
372 5545 430 5598 δὲ
452 5545 513 5598 τὸ
539 5547 768 5619 ἀτρεκὲς
797 5552 825 5602 ό
851 5549 1028 5619 λόγος.
1064 5554 1127 5605 Οἱ
1158 5554 1255 5624 μὲν
1278 5554 1386 5626 γὰρ
1413 5557 1470 5623 ἐξ
1494 5559 1640 5612 οἴκου
1666 5561 1759 5615 τοῦ

156 5634 472 5705 βασιλικοῦ
522 5635 720 5702 δειναῖς
758 5642 851 5694 καὶ
879 5642 1140 5710 ἀφύκτοις
1171 5647 1513 5717 ἐνισχημένοι
1551 5668 1761 5723 συμφο-

162 5727 332 5797 ραῖς,
354 5726 405 5778 οἱ
437 5726 537 5796 μὲν
564 5727 865 5796 διολώλασι,
885 5732 1026 5786 κατά
1052 5749 1115 5801 γε
1147 5734 1245 5807 τὴν
1269 5738 1447 5790 πίστιν
1469 5740 1575 5795 τῶν
1600 5743 1761 5814 ἱερῶν

248 5907 303 5937 ⁸⁸
349 5906 540 5961 Matth.
579 5922 732 5975 xvtu,
766 5908 816 5963 6.
896 5911 939 5942 "
972 5909 1039 5965 Ill
1070 5910 1201 5983 Reg.
1244 5918 1362 5977 xui,
1390 5919 1476 5972 55.

1857 4543 2134 4613 ΕμΙιναὶηι,
2166 4557 2213 4600 et
2244 4546 2414 4601 Israel
2443 4565 2546 4603 non
2574 4554 2785 4605 recessit
2810 4571 2841 4607 a
2868 4570 2967 4609 me.

1942 4658 2049 4713 ιιι.
2073 4657 2394 4717 Sacerdotes
2422 4663 2605 4733 igitur,
2631 4674 2795 4733 atque
2824 4669 2987 4721 etiam
3046 4670 3192 4739 regio
3225 4674 3443 4739 sangui-

1858 4767 1925 4806 ne
1952 4753 2198 4821 prognati
2231 4762 2366 4815 rete,
2400 4764 2453 4808 et
2482 4755 2729 4825 laqueus,
2758 4767 2808 4811 et
2844 4759 3056 4813 venatio
3079 4762 3275 4828 pOpulo
3308 4763 3438 4817 facti

1858 4854 2002 4905 sunt,
2033 4846 2307 4899 incensum
2328 4846 2663 4902 daemonibus
2693 4850 2909 4903 adolere
2936 4851 3216 4918 iubentes,
3236 4863 3291 4909 et
3314 4865 3442 4911 ante

1866 4934 2000 4990 alios
2029 4935 2201 5004 ipsiet
2224 4934 2502 5002 facientes,
2524 4947 2577 4993 et
2611 4942 2812 4995 sentire
2863 4942 3153 4999 suadentes
3209 4944 3439 5014 nefaria,

1868 5035 1922 5079 et
1956 5026 2181 5080 aliorum
2208 5028 2368 5097 impia
2391 5029 2601 5084 inventa
2628 5048 2641 5083 :
2673 5034 2905 5099 excelsa,
2930 5036 3165 5105 inquam,
3194 5038 3445 5110 Beelpbe—

1870 5130 1985 5183 εον,
2006 5117 2461 5176 abominationem
2485 5122 2768 5178 Sidonioru
2779 5143 2847 5191 ιιι,
2874 5126 3020 5191 Baal,
3040 5129 3277 5187 Chamos
3290 5134 3443 5188 novis

1876 5208 2174 5265 rationibus
2200 5212 2530 5267 seductiouis
2560 5214 2968 5283 amplificantes.
3000 5217 3136 5274 Fore
3157 5231 3337 5276 autem
3382 5238 3442 5278 se

1868 5313 2053 5353 eorum
2080 5304 2430 5370 eruditorem,
2465 5321 2563 5359 uec
2592 5306 2665 5359 ita
2708 5308 2876 5364 multo
2891 5321 3032 5378 post,
3056 5313 3357 5381 pollicetur,
3385 5325 3443 5369 ut

1873 5402 1994 5440 mox
2023 5404 2129 5459 pro
2156 5389 2339 5446 furore
2362 5404 2414 5447 et
2456 5394 2532 5447 ira
2563 5410 2657 5449 sua
2698 5396 2874 5465 poenis
2908 5412 3002 5452 eos
3033 5412 3435 5468 prosecuturus.

1870 5476 1937 5531 Et
1959 5493 2116 5535 verus
2178 5491 2263 5537 est
2288 5498 2486 5539 sermo.
2514 5484 2651 5540 Nam
2677 5488 2765 5556 qui
2791 5499 2943 5543 erant
2973 5490 3040 5545 de
3080 5492 3237 5546 domo
3270 5494 3440 5563 regia.

1869 5568 2145 5624 atrocibus
2190 5580 2245 5625 et
2275 5572 2671 5631 inevitabilibus
2696 5578 2851 5633 malis
2882 5581 3182 5648 constricti,
3233 5581 3322 5633 alii
3354 5596 3441 5651 pe-

1866 5658 2094 5727 rierunt,
2129 5661 2279 5731 juxta
2309 5667 2674 5723 narrationem
2732 5679 3041 5725 sanctarum
3086 5672 3438 5735 Litterarum;

1864 5750 1953 5807 alii
1968 5751 2235 5821 abierunt,
2251 5755 2664 5827 Babyloniorum
2699 5760 3076 5833 Medorumque
3106 5761 3439 5833 tyrannidem
