4094 6576
658 466 775 523 145

1668 454 1725 513 S.
1766 454 2039 513 CYRILLI
2072 450 2541 509 ALEXANDRINI
2580 449 2903 507 ARCIIIEP.

3831 445 3934 499 “4

669 579 945 651 perlaturi.
1001 575 1178 632 Occisi
1229 584 1354 631 sunt
1405 582 1585 629 autem
1637 574 1856 640 misere,
1908 574 2017 628 imo
2062 571 2229 641 juste,

2347 568 2705 641 Γραμμάτωψ
2743 568 2791 619 οἱ
2822 566 2879 619 δὲ
2913 563 3212 633 ἀπῴχοντο,
3246 564 3363 626 ταῖς
3415 560 3780 614 Βαόυλωνίων
3843 554 3939 611 καὶ

664 669 1198 739 pseudosaccrdotes,
1233 677 1288 721 et
1346 668 1571 735 pecunia
1621 668 1847 735 gradum
1910 666 2051 719 hunc
2114 662 2244 716 ade-

657 762 763 831 pti,
803 760 891 813 alii
924 775 952 813 a
977 758 1138 824 Jehu,
1166 759 1256 812 alii
1294 773 1323 812 a
1354 757 1523 823 Josia,
1556 757 1645 825 qui
1682 755 1782 810 fuit
1811 771 1877 811 ex
1903 756 2049 810 tribu
2101 753 2239 809 Jutla

664 851 779 907 sive
809 851 971 905 David
998 850 1063 903 '°.
1092 851 1266 919 Atque
1310 850 1413 904 hoc
1450 848 1534 901 vir
1574 846 1665 901 Dei
1697 887 1713 913 ,
1743 846 2083 901 sacriﬁcante
2143 845 2243 900 ali-

662 942 879 1013 quando
913 941 1198 996 .leroboam
1240 949 1296 995 et
1346 950 1524 996 stante
1566 940 1633 994 ad
1687 939 1880 1004 altare,
1915 938 2243 992 vaticinatus

664 1044 769 1097 est,
799 1034 880 1088 his
905 1034 1084 1089 verbis
1111 1050 1124 1085 :
1156 1052 1175 1085 ι
1211 1033 1416 1098 Altare,
1437 1033 1625 1094 altare.
1654 1032 1767 1087 haec
1797 1032 1923 1085 dicit
1952 1031 2238 1086 Dominus:

664 1123 803 1177 Ecce
842 1123 1081 1176 nascitur
1114 1122 1253 1178 lilius
1278 1123 1332 1177 in
1367 1124 1527 1176 domo
1584 1122 1770 1185 David,
1814 1119 1989 1175 Josias
2043 1134 2239 1174 nomen

662 1210 802 1279 ejus,
837 1220 889 1283 et
924 1220 1084 1281 ponet
1132 1224 1295 1281 super
1325 1220 1375 1264 te
1412 1212 1723 1265 sacerdotes
1769 1208 2128 1274 excelsorum,
2161 1223 2242 1263 sa-

667 1302 971 1356 criﬁcantes
991 1316 1152 1371 super
1177 1309 1230 1355 te
1258 1300 1324 1355 ³⁸.
1340 1298 1561 1368 illaque
1582 1297 1941 1353 comminatus
1965 1306 2045 1352 est
2070 1311 2128 1351 se
2156 1311 2242 1350 ca-

665 1394 987 1463 stigaturum
1046 1393 1099 1446 in
1147 1391 1330 1447 furore
1365 1397 1417 1446 et
1452 1391 1534 1445 ira
1589 1388 1943 1459 speculationi
1990 1387 2238 1456 laqueum

665 1482 856 1549 factos,
875 1484 1202 1549 sacerdotes,
1238 1484 1477 1552 inquam,
1512 1489 1567 1537 et
1600 1481 1865 1549 sanguine
1919 1480 2069 1550 regio
2116 1492 2241 1548 pro-

663 1586 896 1630 creatos.
922 1574 1242 1643 Neutiquam
1284 1588 1412 1628 vero
1442 1573 1807 1628 inaccusatum
1842 1570 2066 1625 dimittit
2116 1583 2239 1623 eum

664 1669 754 1738 qui
781 1668 1033 1737 deceptus
1058 1675 1163 1731 est,
1187 1675 1317 1737 puta
1343 1664 1614 1721 Israelem.
1641 1661 1864 1728 Idcirco,
1890 1660 2111 1731 inquit,¢
2141 1676 2244 1731 ego

666 1763 891 1832 cognovi
938 1762 1214 1831 Ephraim,
1263 1769 1317 1816 et
1365 1760 1527 1816 Israel
1579 1774 1686 1814 non
1725 1758 1953 1814 recessit
1997 1774 2027 1811 a
2078 1773 2182 1812 me.
2211 1776 2231 1809 ι

664 1854 744 1907 Ac
767 1855 812 1907 si
842 1853 1024 1908 dicat:
1060 1852 1192 1919 Quis
1221 1861 1305 1907 est
1334 1853 1436 1907 iste
1487 1853 1576 1922 qui
1615 1851 1754 1906 celat
1803 1867 1890 1906 me
1929 1852 2235 1918 consilium,

666 1946 948 2001 continens
968 1946 1130 2001 verba
1160 1946 1211 1999 in
1236 1946 1417 2010 corde,
1450 1955 1503 1999 et
1527 1959 1611 1999 me
1644 1951 1797 2012 putat
1822 1960 1979 2015 posse
2020 1946 2188 2001 latere
2214 1947 2238 1999 ?
2269 1913 2311 1969 Β

682 2055 699 2087 ι
726 2037 964 2107 Cognovi
1018 2038 1158 2091 enim
1194 2036 1471 2107 Ephraim,
1502 2055 1520 2087 ι
1556 2035 1750 2106 inquit,
1784 2053 1803 2087 ι
1831 2045 1884 2089 et
1921 2052 2025 2090 non
2068 2051 2239 2092 reces—

665 2129 711 2182 si
760 2130 828 2181 ab
864 2127 1061 2192 Israel;
1108 2146 1126 2177 ι
1154 2155 1227 2169 -
1256 2146 1275 2178 ι
1305 2125 1444 2181 Dens
1467 2127 1609 2181 enim
1650 2126 2085 2196 appropinquans
2140 2141 2239 2197 ego

664 2234 807 2283 sum,
834 2228 888 2273 et
912 2234 1015 2273 non
1070 2218 1209 2274 Deus
1249 2219 1315 2273 de
1365 2218 1543 2287 longe.
1596 2217 1652 2272 Si
1682 2216 2047 2273 abscondetur
2077 2219 2239 2275 homo

665 2311 718 2364 in
758 2310 1003 2373 occultis,
1032 2318 1086 2364 et
1108 2324 1205 2379 ego
1232 2323 1336 2365 non
1358 2309 1553 2363 videbo
1592 2320 1713 2361 eum
1733 2308 1778 2340 ³²
1806 2309 1829 2362 τ
1858 2327 1876 2359 ι
1902 2307 1968 2364 Ει
1991 2309 2188 2365 iterum
2220 2327 2234 2363 :

672 2419 691 2453 ι
718 2398 832 2454 Non
868 2418 895 2452 a
930 2414 1014 2453 me
1031 2400 1396 2456 abscondetur
1423 2397 1695 2469 quidpiam
1724 2398 1768 2430 ³⁸
1795 2399 1818 2453 ‘I
1854 2418 1871 2450 ι

732 2676 1021 2753 “Vens.
1051 2678 1104 2733 4.
1127 2678 1267 2744 Quia
1292 2696 1429 2733 nunc
1454 2679 1745 2747 fornicatus
1776 2692 1853 2737 est
1888 2681 2163 2752 Ep/iraim,
2191 2696 2238 2740 et

667 2773 1054 2826 contaminatus
1107 2780 1182 2825 est
1239 2771 1426 2836 lsraei,
1466 2788 1567 2825 non
1604 2773 1853 2827 dederunt
1902 2775 2239 2843 cogitationes

665 2880 811 2925 suas,
844 2872 902 2916 ut
935 2870 1260 2916 reuertantur
1312 2865 1379 2915 ad
1424 2860 1611 2928 Deum,
1644 2866 1767 2934 quia
1825 2868 2042 2935 spiritus
2071 2869 2242 2937 forni-

667 2955 887 3008 cationis
942 2954 1101 3008 estin
1158 2955 1303 3021 ipsis,
1338 2954 1625 3009 Dominum
1656 2973 1772 3012 vero
1827 2975 1932 3012 non
1988 2977 2240 3031 cognove-

669 3056 811 3103 runt.

738 3137 867 3192 LIII.
929 3138 1195 3206 Quoniam
1246 3138 1389 3193 enim
1454 3153 1612 3195 renes
1659 3148 1713 3195 et
1769 3143 1931 3195 corda
2004 3143 2243 3199 intuetur

2343 661 2545 731 Μήδων
2597 658 2929 723 πλεονεξίαις
2980 654 3415 725 ὑποκεισόμενοι.
3485 651 3939 719 Ἀποτεθνῗςκατι

2341 752 2397 805 δὲ
2423 748 2642 813 ἀθλίως,
2696 748 2895 819 μᾶλλον
2930 745 2985 799 δὲ
3030 745 3210 809 ὁσίως,
3246 746 3293 797 οἱ
3348 741 3684 813 ψευδώνυμοί
3726 756 3797 792 τε
3844 739 3936 790 καὶ

2343 842 2618 912 χρήμασιν
2646 839 2829 907 ἱερεῖς,
2852 837 2901 887 οἱ
2937 834 3033 905 μὲν
3063 834 3166 886 ὑπὸ
3204 832 3369 902 Ἰηοὺ,
3392 834 3439 883 οἱ
3470 831 3525 882 δὲ
3550 831 3654 881 ὑπὸ
3689 826 3932 891 Ἰωσίου,

2341 931 2625 1002 γεγονότος
2654 931 2719 983 ἐκ
2757 928 2927 998 φυλῆς
2965 926 3153 992 Ἰούδα,
3188 926 3306 995 ἢτοι
3350 922 3535 975 Δαϐίδ.
3563 920 3733 974 Τοῦτο
3772 921 3805 972 6
3837 918 3933 971 ἄν·

2342 1024 2559 1093 θρωπος
2587 1019 2681 1073 τοῦ
2715 1016 2872 1083 Θεοῦ,
2908 1017 3126 1080 θύοντος
3184 1033 3314 1069 ποτε
3364 1014 3456 1067 τοῦ
3498 1012 3790 1083 ’ἱεροδοάμ
3841 1011 3935 1063 καὶ

2341 1114 2702 1184 ἐφεστηκότος
2739 1111 2817 1182 τῷ
2868 1108 3254 1187 θεσιαστηρίῳ,
3287 1106 3682 1177 προεφήτευσε,
3709 1103 3930 1171 λέγων’

2349 1226 2367 1258 ι
2409 1206 2825 1275 Θυσιαστήριον,
2883 1202 3283 1271 θυσιαστήριον,
3324 1199 3448 1253 τάδε
3489 1197 3635 1266 λέγει
3688 1197 3928 1264 Κύριος·

2355 1300 2485 1353 Ἰδοὺ
2514 1297 2626 1361 υἱὸς
2670 1296 2916 1349 τίκτεται
2951 1297 3009 1348 ὲν
3060 1293 3193 1363 οἴκῳ
3247 1290 3432 1351 Δαϐὶδ,
3495 1288 3705 1351 Ἰωσίας
3753 1288 3933 1356 ὄνομα

2340 1390 2511 1462 αὐτῷ·
2555 1392 2649 1444 καὶ
2685 1388 2833 1441 θύσει
2887 1387 2978 1439 ἐπὶ
3039 1386 3097 1438 σὲ
3129 1386 3256 1446 τοὺς
3307 1383 3472 1454 ἱερεῖς
3526 1380 3636 1433 τῶν
3679 1378 3931 1449 ὑψηλῶν,

2337 1484 2463 1544 τοὺς
2492 1480 2817 1540 ὲπιθύοντας
2872 1479 2965 1529 ἐ.πὶ
2997 1476 3100 1528 σοί.
3134 1494 3152 1525 ι
3186 1472 3392 1527 Ούκοῦν
3420 1469 3757 1541 ἐπηπείλησε
3800 1484 3930 1520 παι-

2338 1573 2548 1625 δεύσειν
2580 1573 2637 1624 ὲν
2675 1569 2831 1640 θυμῷ
2864 1568 2954 1622 καὶ
2978 1568 3115 1637 ὀργῇ
3149 1565 3271 1629 τοὺς
3294 1567 3357 1634 τῇ
3388 1563 3587 1630 σκοπιᾷ
3610 1560 3797 1628 πάγην
3835 1575 3931 1624 γε·

2339 1664 2583 1733 γονότας,
2625 1662 2805 1733 ἱερέας
2832 1677 2915 1724 τε,
2952 1658 3119 1729 φημὶ,
3152 1657 3248 1709 καὶ
3284 1655 3409 1717 τοὺς
3432 1652 3491 1716 ἐξ
3511 1652 3743 1721 αἵματος
3768 1648 3929 1718 βασι-

2339 1755 2514 1809 λικοῦ.
2573 1751 2984 1806 Ἀκαταιτίατον
3039 1748 3097 1801 δὲ
3154 1744 3405 1815 οὐδαμῶς
3434 1743 3526 1795 τὸν
3575 1739 3933 1810 ἠπατημένον

2336 1849 2505 1919 ἠφίει,
2534 1845 2801 1908 τουτέστι,
2822 1844 2911 1898 τὸν
2927 1841 3155 1913 Ἰσραήλ.
3182 1834 3449 1907 Ταύτῃτοί
3470 1849 3654 1904 φησιν·
3680 1831 3931 1899 ιἘγνων

2340 1940 2430 1993 τὸν
2491 1937 2753 2010 Ἐφραῖμ,
2801 1935 2894 1989 καὶ
2956 1931 3171 2005 Ἰσραὴλ
3213 1931 3313 1983 οὐκ
3363 1928 3593 1982 ἄπεστιν
3639 1924 3735 1976 ἀπ’
3769 1920 3928 1993 ἐμοῦ.

2337 2028 2484 2085 Ἶσον
2516 2032 2580 2101 δὴ
2639 2025 2797 2082 τοῦτο
2848 2027 3077 2096 ἐκείνῳ*
3109 2022 3204 2086 Τίς
3262 2011 3436 2083 οὗτος,
3483 2018 3512 2070 6
3565 2015 3832 2087 κρύπτων
3862 2030 3929 2082 με

2342 2124 2559 2195 βουλὴν.
2611 2121 2847 2191 συνέχων
2904 2119 3123 2189 ῥήματα
3151 2117 3210 2168 ὲν
3243 2112 3460 2184 καρδίᾳ,
3514 2112 3613 2180 ἐμὲ
3663 2108 3723 2161 δὲ
3755 2108 3928 2158 οἴεται

2339 2216 2637 2288 κρύπτειν;
2679 2214 2932 2281 Ἔγνωκα
2972 2211 3081 2280 γὰρ
3128 2207 3220 2261 τὸν
3280 2201 3550 2274 Ἐφραὶμ,
3612 2201 3786 2269 φησὶ,
3838 2197 3931 2251 καὶ

2337 2308 2437 2361 οὐκ
2502 2306 2782 2374 ἀφέστηκα
2844 2299 2936 2354 τοῦ
2998 2296 3232 2369 Ἰσραήλ.
3266 2292 3442 2356 (Θεὸς
3514 2290 3622 2361 γὰρ
3692 2288 3927 2356 ὲγγίζων

2338 2396 2449 2467 ἐγώ
2486 2394 2746 2466 εἰμι,καὶ
2771 2392 2892 2463 οὐχὶ
2942 2390 3076 2453 Θεὸς
3118 2386 3418 2459 πόρρωθεν.
3466 2384 3525 2436 Ei
3579 2380 3922 2451 κρυὸἡσεται

2340 2488 2623 2560 ἅνθρωπος
2654 2486 2712 2539 ὲν
2735 2482 3043 2556 κρυφαίοις,
3060 2480 3156 2534 καὶ
3186 2478 3295 2547 ἐγὼ
3322 2478 3422 2531 οὐκ
3442 2475 3644 2544 ὄψομαι
3673 2471 3877 2533 αύτόνς
3906 2487 3923 2519 ι

2340 2582 2450 2633 Καὶ
2470 2579 2651 2641 πάλιν,
2690 2596 2707 2627 ι
2730 2575 2822 2645 Μὴ
2856 2574 2950 2627 ἀπ’
2978 2571 3113 2643 ἐμοῦ
3153 2567 3488 2641 κρυϐήσεταί
3518 2582 3600 2629 τι;
3639 2583 3657 2613 )

2411 2675 2563 2727 Διότι
2628 2669 2745 2725 νῦν
2814 2665 3255 2733 ἐξεπόρνευσεγ
3328 2658 3574 2729 Ἑφραῖμ
3601 2698 3617 2721 ,
3673 2652 3927 2723 ἐμιάνθη

2355 2760 2619 2835 Ἰσραὴλ,
2662 2764 2772 2816 οὐκ
2798 2760 3033 2813 ἔδωκαν
3088 2757 3160 2811 τὰ
3213 2754 3524 2808 διαϐούλια
3578 2745 3781 2803 αὐτῶν
3826 2742 3931 2797 τοῦ

2340 2834 2698 2924 ἐπιστρέψαι
2742 2853 2892 2920 πρὸς
2941 2849 3047 2903 τὸν
3100 2846 3248 2901 Θεὸν
3293 2841 3513 2908 αὐτῶν,
3554 2840 3642 2893 ὅτι
3688 2834 3929 2904 πνεῦμα

2342 2947 2623 3017 πορνείας
2651 2944 2720 2998 ἐν
2744 2941 2946 3006 αὐτοῖς
2972 2941 3102 2994 ἐστι
3125 2980 3138 3004 ,
3173 2938 3280 2992 τὸν
3310 2935 3377 2988 δὲ
3401 2935 3621 3001 Κύριον
3680 2929 3795 2982 οὐκ
3828 2928 3929 2980 ἐπ-

2340 3041 2633 3111 ἐγνωσαν.

2412 3129 2537 3182 NI".
2556 3124 2775 3196 Ἐπειδὴ
2797 3124 2904 3194 γὰρ
2932 3123 3009 3185 είς
3037 3119 3265 3191 νεφροὺς
3291 3118 3394 3188 ὁρᾷ
3409 3116 3504 3169 καὶ
3521 3115 3751 3186 καρδίας
3776 3114 3805 3167 6
3823 3111 3928 3165 τῶν

669 3205 1044 3282 universorum
1080 3226 1223 3281 Deus
1278 3235 1331 3280 et
1364 3242 1582 3295 prorsus
1654 3228 1796 3282 nihil
1826 3238 1908 3283 est
1931 3229 2008 3284 illi
2050 3232 2247 3302 inaspe.

2354 3221 2490 3276 ὅλων
2523 3219 2673 3283 Θεὸς,
2696 3218 2937 3271 ἄποπτον
2961 3214 3014 3266 δὲ
3043 3211 3194 3281 αὑτῷ
3227 3208 3505 3269 παντελῶς
3536 3207 3708 3270 οὐδὲν,
3761 3205 3927 3272 ἔγνω-

669 3317 866 3373 ctabile
890 3318 956 3383 “,
981 3317 1233 3388 cognovit
1261 3316 1579 3372 fornicatum
1604 3333 1744 3384 esse,
1779 3330 1834 3374 et
1872 3321 1940 3375 ad
1975 3320 2246 3394 fastigium

670 3409 1031 3480 inprobitatis
1080 3410 1391 3478 pervenisse
1430 3408 1629 3474 Israel,
1675 3410 1791 3466 sive
1830 3410 2109 3481 Ephraim.
2145 3413 2247 3471 Ve-

672 3509 975 3555 rumtamen
1016 3513 1116 3553 nec
1175 3499 1241 3553 ad
1287 3507 1544 3569 punctum
1598 3502 1854 3570 temporis
1915 3505 2247 3572 poenitentiae

671 3590 1055 3660 cogitationem
1094 3590 1287 3645 saltem
1314 3591 1574 3660 suscepit,
1606 3593 1745 3661 quod
1778 3608 1807 3646 a
1847 3594 2040 3663 spiritu
2088 3594 2252 3652 forni-

672 3684 822 3739 cario
861 3691 1009 3737 esset
1048 3692 1369 3752 occupatus,
1410 3698 1704 3752 verumque
1770 3683 2056 3741 Dominum
2103 3703 2247 3757 qum-

676 3789 799 3830 rere
832 3774 1019 3830 nollet.
1055 3774 1251 3830 Verum
1312 3783 1394 3830 est
1426 3775 1588 3845 igitur
1618 3778 1760 3844 quod
1816 3778 1892 3831 ait
1949 3778 2198 3841 Salvator
2230 3799 2242 3835 :

679 3881 700 3915 ι
733 3861 902 3918 Nemo
930 3871 1108 3932 potest
1164 3863 1374 3920 duobus
1427 3865 1663 3919 dominis
1693 3866 1900 3922 servire
1928 3868 2029 3922 ³⁸.»

749 4036 912 4091 Vens.
943 4035 996 4092 5.
1034 4034 1101 4090 Et
1135 4036 1503 4091 humiliabitur
1551 4037 1750 4107 injuria
1780 4037 1955 4094 Israel
1981 4040 2037 4095 in
2061 4041 2248 4111 facient

677 4126 813 4196 ejus.
866 4120 933 4179 Et
969 4124 1157 4191 Israel,
1194 4135 1243 4181 et
1276 4126 1538 4194 Ephraim
1572 4128 1986 4197 inﬁrmabuntur
2044 4130 2099 4185 in
2148 4133 2250 4185 ini-

678 4212 961 4281 quitatibus
1004 4213 1158 4278 suis;
1190 4222 1241 4267 et
1275 4213 1639 4283 inﬁrmabitur
1685 4231 1890 4287 quoque
1925 4214 2098 4273 ludas
2131 4234 2249 4272 cum

679 4319 774 4357 eis.

752 4393 897 4451 LIV.
936 4394 1191 4467 Injnriam
1244 4394 1331 4449 hic
1362 4396 1594 4465 appellat
1647 4397 2016 4454 detestandam
2062 4414 2252 4469 super-

682 4489 861 4543 biant:
910 4496 992 4543 est
1030 4488 1175 4542 enim
1222 4488 1516 4556 iniuriosus
1547 4490 1834 4559 superbus.
1897 4489 2248 4545 Humiliatuut

2348 3330 2466 3376 κεν,
2503 3312 2584 3365 ὅτι
2616 3310 2956 3379 πεπόρνευκε
2997 3304 3117 3375 μὲν,
3154 3302 3249 3359 καὶ
3298 3302 3375 3364 είς
3404 3298 3574 3370 ἄκρον
3598 3292 3700 3369 ἧκε
3730 3292 3930 3364 φαυλό·

2345 3422 2505 3477 τητος
2534 3406 2563 3457 ὁ
2612 3400 2849 3473 Ἰσραὴλ,
2885 3398 3051 3469 ἦγουν
3076 3398 3105 3449 ὁ
3174 3394 3442 3466 Ἐφραῖμ·
3482 3393 3619 3463 πλὴν
3652 3390 3787 3454 οὐδ’,
3813 3389 3931 3442 ὅσον

2348 3495 2546 3558 εἰπεῖν,
2580 3492 2659 3553 είς
2716 3488 2842 3543 νοῦν
2890 3489 2987 3540 καὶ
3039 3484 3268 3557 καρδίαν
3323 3482 3427 3537 κᾶν
3482 3480 3611 3551 γοῦν
3636 3481 3695 3533 τὸ
3734 3478 3932 3551 χρῆναι

2353 3586 2637 3657 μετανοεῖν
2677 3578 3004 3643 εἰσεδέξατο,
3061 3577 3151 3630 διά
3200 3593 3264 3644 γε
3313 3575 3374 3627 τὸ
3426 3570 3806 3644 κεκρατῆσθαι
3858 3568 3930 3638 τῷ

2352 3674 2633 3746 πορνεύειν
2654 3670 2814 3725 αὑτὸν
2838 3668 3183 3723 ἀναπείθοντι
3214 3665 3504 3735 πνεύματι,
3523 3662 3617 3716 καὶ
3638 3661 3727 3714 τὸν
3757 3659 3929 3730 ἀληθῆ

2349 3765 2629 3836 Δεσπότην
2666 3764 2740 3835 μὴ
2769 3761 3020 3832 ἐθελῆσαι
3051 3761 3252 3830 ζητεῖν.
3288 3756 3509 3829 Ἀληθὲς
3537 3750 3630 3807 οὖν
3658 3754 3762 3817 ὅτι,
3796 3750 3932 3805 καοὰ

2350 3874 2516 3929 φησιν
2546 3859 2574 3911 6
2596 3854 2808 3925 Σωτὴρ,
2861 3872 2879 3903 ι
2910 3852 3100 3915 Ούδεὶς
3136 3850 3360 3906 δύναται
3400 3847 3522 3901 δυσὶ
3556 3845 3774 3916 κυρίοις
3813 3844 3927 3897 δου-

2349 3945 2547 4000 λεύειν.
2586 3962 2604 3996 t

2422 4038 2533 4092 Kal
2561 4034 3067 4101 ταπεινωθήσεται
3123 4031 3163 4099 ἡ
3212 4029 3378 4097 ὕϐρις
3406 4027 3514 4082 τοῦ
3563 4026 3815 4097 Ἰσραὴλ
3848 4027 3928 4089 εἰς

2350 4130 2675 4196 πρόσωπον
2748 4122 2954 4177 αὑτοῦ.
3027 4120 3137 4173 Καὶ
3207 4120 3455 4186 Ἰσραὴλ
3528 4117 3627 4171 καὶ
3689 4115 3928 4184 Ὲςρραῒμ

2349 4217 2803 4283 ἀσθενήσουσιν
2827 4215 2897 4267 ἐν
2919 4211 3045 4277 ταῖς
3070 4210 3327 4276 ἀδικίαις
3355 4207 3572 4266 αὐτῶν·
3617 4207 3714 4261 καὶ
3748 4208 3923 4260 ἀσθε-

2348 4313 2526 4380 νήσει
2552 4310 2649 4363 καὶ
2690 4306 2913 4370 Ἰούδας
2949 4303 3072 4373 μετ’
3094 4300 3309 4355 αὐτῶν.

2420 4400 2541 4452 ΝΔ’.
2570 4395 2767 4466 ’Ύὸριν
2799 4393 2983 4446 ἐνθάδε
3016 4391 3150 4461 φησὶ
3175 4389 3273 4461 τὴν
3301 4389 3574 4459 ἐπάρατον
3603 4388 3922 4459 ὑπεροψίαν·

2350 4490 2611 4563 ὑϐριστὴς
2656 4489 2763 4557 γὰρ
2814 4487 2842 4538 6
2895 4481 3131 4546 ἀλαζών.
3178 4478 3695 4550 Ταπεινωθήσεσθαι
3753 4479 3925 4532 τοίνυν

682 4595 811 4649 ergo
842 4580 906 4634 iri
936 4581 1245 4650 superbiam
1277 4580 1491 4635 lsraelis
1550 4582 1743 4651 inquit,
1774 4583 1866 4638 ubi
1921 4583 2010 4638 illa
2060 4599 2247 4654 passus

2356 4585 2488 4656 φησὶ
2515 4582 2612 4654 τὴν
2640 4577 2938 4649 ὑπεροψίαν
2987 4573 3083 4626 τοῦ
3127 4571 3362 4644 Ἰσραὴλ,
3402 4573 3587 4623 ἐκεῖνα
3632 4571 3922 4635 παθόντος,

681 4672 861 4736 fuerit,
894 4680 955 4727 et
992 4671 1364 4735 meritissimo,
1414 4689 1532 4742 quae
1594 4685 1648 4728 et
1681 4673 1935 4730 humilem
1999 4675 2169 4740 illum,
2206 4685 2260 4729 ct

682 4764 1067 4828 miserandum,
1099 4772 1152 4817 et
1186 4761 1474 4831 abiectum,
1506 4775 1561 4819 et
1586 4767 1808 4821 materia
1870 4767 1938 4821 de
1991 4767 2102 4824 Deo
2149 4766 2262 4836 glo-

682 4854 856 4909 riandi
901 4854 1239 4921 destitutum,
1289 4872 1633 4927 supernaque
1689 4868 1746 4914 et
1787 4859 1961 4928 patria
2013 4859 2263 4912 libertate

682 4944 970 5013 spoliatum
1020 4944 1263 4999 reddent.
1294 4943 1350 4998 In
1401 4945 1592 5000 faciem
1646 4961 1807 5015 porro
1854 4947 1974 5016 ejus
2010 4947 2260 5014 injuriant

682 5048 1044 5101 reversuram,
1104 5035 1502 5105 intelligendum
1542 5048 1623 5091 est
1667 5052 1827 5091 omne
1881 5050 2051 5107 genus
2098 5037 2253 5104 igno-

682 5124 859 5180 minia:
887 5128 1282 5195 quodammodo
1327 5128 1504 5182 simile
1536 5129 1650 5184 fore
1681 5128 1852 5199 plagis
1883 5129 1937 5182 in
1966 5126 2104 5181 facie
2173 5141 2255 5181 ac-

682 5215 871 5286 ceptis.
910 5217 972 5270 Et
1021 5216 1096 5269 ait
1136 5216 1488 5272 inl‘trtuandos
1550 5219 1711 5274 simul
1761 5234 1882 5273 cum
1913 5217 2046 5273 Juda
2086 5216 2255 5272 Israe-

683 5308 823 5366 litas.
862 5310 996 5365 Nam
1046 5310 1215 5383 Syria:
1267 5322 1321 5366 et
1359 5312 1640 5368 Persarum
1668 5327 1824 5382 reges
1859 5310 1913 5366 in
1953 5309 2252 5365 Samariam

684 5408 953 5463 hostiliter
1016 5410 1287 5477 grassati,
1355 5425 1458 5464 non
1513 5409 1759 5464 siverunt
1799 5408 2088 5463 immunem
2135 5418 2255 5460 esse

682 5497 914 5553 Judain:
962 5498 1179 5552 Israelis
1222 5499 1416 5568 quippe
1484 5498 1706 5555 urbibus
1754 5500 1917 5553 etiam
1968 5496 2254 5553 nonnullas

686 5592 751 5644 ad
797 5592 993 5643 tribum
1030 5588 1163 5642 .luda
1215 5599 1267 5643 ct
1325 5588 1597 5656 Bcnjamin
1642 5590 1972 5659 pertinentes
2040 5587 2255 5641 addideo

686 5691 833 5736 runt.
885 5681 1197 5736 Universatn
1235 5690 1411 5735 autem
1463 5681 1823 5736 calamitatem
1863 5680 1997 5735 citra
2041 5677 2253 5732 dubita-

2354 4682 2449 4730 καὶ
2476 4675 2682 4745 σφόδρα
2722 4670 2964 4732 δικαίως,
3021 4665 3055 4720 ἃ
3086 4667 3179 4719 καὶ
3213 4664 3466 4719 ταπεινὸν
3507 4664 3669 4716 αὑτὸν
3709 4663 3925 4733 ἔμελλον

2355 4766 2694 4835 ἀποφαίνειν,
2728 4759 2947 4829 οἰκτρὸν
2985 4759 3077 4811 καλ⁸
3132 4755 3591 4826 κατερριμμένον,
3625 4755 3717 4809 καὶ
3760 4756 3925 4825 αὐχη-

2358 4860 2540 4930 μάτων
2565 4856 2767 4926 ἔρημον
2790 4850 2897 4904 τῶν
2922 4850 3013 4903 ὲπὶ
3025 4847 3161 4918 Θεῷ,
3196 4848 3290 4900 καὶ
3309 4848 3477 4916 αὐτῆς
3502 4846 3558 4898 δὲ
3584 4846 3686 4917 τῆς
3715 4846 3921 4898 ἄνωθεν

2357 4951 2449 5003 καὶ
2478 4944 2737 5017 πατρῴας
2767 4944 2950 5005 αὐτοῖς
2998 4940 3310 5009 ἐλευθερίας
3347 4938 3733 5009 ἐστερημένον.
3766 4938 3844 4989 Τὸ
3879 4936 3923 4987 δὲ

2358 5044 2438 5104 εἱς
2475 5040 2764 5109 πρόσωπον
2818 5032 2983 5087 αὑτοῦ
3021 5033 3120 5103 τὴν
3177 5031 3336 5102 ὓϐριν
3391 5030 3922 5101 ἀποστραφήσεσθαι,

2359 5132 2575 5203 νοητέον
2606 5129 2692 5182 διὰ
2716 5127 2777 5179 τὸ
2815 5127 2921 5179 πᾶν
2968 5119 3106 5187 εἶδος
3159 5122 3381 5192 ἀτιμίας
3406 5122 3641 5175 ἐοικέναι
3677 5138 3792 5184 πως
3814 5120 3924 5180 ταῖς

2360 5222 2500 5275 κατά
2531 5219 2818 5289 πρόσωπον
2874 5214 3128 5283 πληγαῖς.
3184 5212 3531 5282 ’ΛσΟενήσειν
3588 5211 3643 5264 δὲ
3690 5210 3824 5282 ὁμοῦ
3856 5206 3924 5278 τῷ

2374 5309 2542 5363 ’ἰούδα
2572 5308 2705 5377 φησὶ
2732 5305 2854 5367 τοὺς
2906 5302 2966 5367 ἐξ
3017 5302 3253 5373 Ἰσραήλ.
3309 5301 3777 5372 Καταδῃὼσαντες
3824 5302 3923 5370 γὰρ

2360 5402 2461 5454 ὅτε
2482 5400 2580 5469 τῆς
2610 5396 2808 5468 Συρίας
2836 5396 2926 5448 καὶ
2964 5396 3186 5467 Περσῶν
3214 5394 3448 5464 βασιλεῖς
3476 5396 3573 5466 τὴν
3602 5396 3922 5466 Σαμάρειαν,

2359 5493 2459 5545 οὐκ
2489 5489 2711 5558 ἁπλῆγα
2773 5488 3227 5557 συγκεχωρήκασι
3262 5486 3537 5556 διαμεῖναι
3566 5486 3657 5542 τὸν
3700 5486 3920 5543 Ἰούδαν,

2360 5583 2688 5654 προσθέντες
2720 5582 2841 5641 ταῖς
2897 5578 2990 5629 τοῦ
3033 5579 3245 5649 Ἰσραὴλ
3292 5579 3479 5632 πόλεσι
3529 5579 3621 5630 καί
3650 5596 3802 5641 τινας
3830 5578 3924 5629 τῶν

2359 5678 2558 5745 ἀνηκου
2568 5672 2673 5725 σῶν
2694 5673 2803 5733 τοῖς
2827 5670 2884 5735 ἐξ
2912 5668 3080 5723 Ἰούδα
3098 5670 3191 5723 καὶ
3210 5671 3487 5741 Βενιαμίν.
3508 5671 3630 5723 Ὅτι
3645 5670 3700 5724 δὲ
3720 5671 3923 5735 ἀπάσης

759 5800 806 5870 ³⁸7
831 5797 894 5850 IV
939 5798 1065 5856 lleg.
1092 5796 1262 5870 ’πρ-Η.
1321 5800 1359 5828 ³¹
1393 5798 1458 5852 Ill
1496 5799 1626 5870 Reg.
1662 5815 1780 5866 xm,
1806 5801 1862 5853 2.
1938 5799 1981 5829 ³⁸
2009 5797 2119 5853 Jer.
2151 5810 2237 5850 χχι

2347 5793 2421 5846 25.
2502 5791 2544 5821 ⁸³
2566 5788 2678 5844 Jer.
2712 5801 2935 5858 xxxvtu,
2960 5786 3045 5840 Il.
3124 5787 3166 5817 “
3193 5786 3302 5843 Jer.
3334 5787 3517 5856 “,20;
3548 5785 3712 5843 llebr.
3744 5802 3817 5851 tv,
3848 5785 3921 5837 12.

690 5870 733 5901 ³⁸
769 5869 955 5923 Matth.
995 5881 1068 5928 v1,
1110 5866 1197 5919 24.
