4094 6582
240 408 349 464 143

1168 414 1705 472 COMMENTARIUS
1745 415 1811 470 IN
1849 415 2081 471 OSEAM
2119 416 2559 476 I’ROPIIETAM.

3389 426 3495 480 146

235 528 427 591 αὐτοῖς
460 530 745 599 συμφορᾶς
775 535 1151 605 προμνήστρια
1185 536 1405 604 γέγονεν
1446 536 1814 607 ὁμολογουμέ-

1933 536 2118 591 .ionem
2176 538 2496 606 importasse
2529 538 2632 593 illis
2682 539 3008 609 impietatem
3036 549 3088 595 et
3132 541 3382 609 injuriam
3436 550 3488 597 iu

237 635 351 682 νως
392 621 426 691 ἠ
472 622 550 685 είς
584 621 717 675 Θεὸν
768 624 993 680 ἀσέϐειά
1045 643 1103 678 τε
1156 628 1248 682 καὶ
1304 628 1480 699 ὕϐρις,
1522 628 1815 697 δεδίδαχεν,

238 710 439 778 εἰπὼν,
473 714 549 786 μὴ
580 714 647 770 ἂν
669 717 869 789 ἑτέρως
892 720 1076 784 αὐτοῖς
1121 721 1181 775 τὸ
1232 723 1330 793 τῆς
1367 721 1651 786 ἀσθενείας
1682 739 1822 793 συμ-

154 828 159 837 ·
240 803 509 873 ϐήσεσθαι
536 806 725 872 πάθος,
755 809 869 861 ἀλλ’
896 810 928 881 ἢ
962 812 1141 881 μόνον,
1172 812 1255 865 ὅτι
1277 832 1294 863 ι
1327 814 1736 883 Ἀσθενήσουσιν
1762 814 1819 865 ἐν

238 898 367 959 ταῖς
420 897 658 962 ἀδικίαις
720 901 919 955 αὐτῶν.
974 920 995 954 ι
1049 905 1333 975 Χρήσιμοι·
1391 901 1484 958 οῦν
1542 905 1652 975 ἄρα
1725 905 1819 958 καὶ

238 987 678 1056 τιμαλφέστατον
724 992 937 1062 ἀληθῶς
968 997 1001 1066 ἡ
1033 997 1113 1058 είς
1159 996 1292 1049 Θεὸν
1348 997 1614 1062 εὐσέϐεια,
1647 997 1714 1051 δι’
1751 992 1817 1069 ἦς

240 1075 311 1128 ἂν
344 1076 554 1145 γένοιτο
579 1080 671 1133 καὶ
703 1081 764 1134 τὸ
789 1081 956 1137 ἐθνῶν
980 1084 1236 1141 δύνασθαι
1258 1089 1495 1158 κρατεῖν,
1519 1088 1613 1142 καὶ
1642 1088 1822 1142 πάντα

247 1167 456 1237 ίσχύειν
488 1172 789 1242 κατορθοῦν
815 1175 1072 1241 εὐκόλως.
1094 1179 1206 1233 Καὶ
1225 1180 1505 1251 ἀληθεύων
1525 1180 1763 1250 ἔφασκεν
1792 1183 1822 1235 6

244 1260 461 1331 Σωτὴρ,
492 1262 573 1314 ὅτι
607 1280 625 1313 t
659 1265 843 1336 Χωρὶς
872 1267 1005 1338 ἐμοῦ
1040 1269 1102 1322 ού
1130 1269 1359 1324 δύνασθε
1393 1271 1570 1325 οὐδέν.
1616 1291 1635 1323 ι
1668 1271 1822 1325 Ψάλ-

243 1351 328 1405 λει
360 1352 416 1407 δέ
466 1372 568 1407 που
622 1357 715 1410 καί
755 1361 785 1412 6
839 1360 1183 1433 Δαϐὶδ,ὀρθά
1238 1366 1456 1435 φρονεῖν
1510 1366 1817 1436 ᾑρημένος,

250 1459 270 1492 ο
312 1442 485 1511 ’ἰσχύς
512 1460 611 1513 μου
636 1446 729 1499 καὶ
759 1446 986 1519 ὖμνησίς
1014 1467 1115 1519 μου
1135 1451 1163 1503 6
1192 1451 1413 1522 Κύριος.
1442 1471 1462 1503 ι

315 1533 475 1587 Μετὰ
505 1535 812 1602 προϐάτων
854 1540 951 1591 καὶ
978 1541 1230 1609 μόσχων
1263 1543 1683 1609 πορεύσονται,
1714 1543 1819 1597 τοῦ

243 1622 570 1692 ἐκζητ-ῆσαι
622 1626 729 1680 τὸν
782 1629 1021 1698 Κύριον,
1054 1632 1151 1684 καὶ
1200 1632 1285 1700 μὴ
1313 1632 1571 1699 εὕρωσιν
1598 1633 1817 1686 αὐτόν·

243 1712 335 1765 ὅτι
363 1715 675 1777 ἐξέκλινεν
700 1719 802 1772 ἀπ’
831 1720 1048 1786 αὐτῶν,
1088 1722 1174 1774 ὅτι
1221 1724 1328 1775 τὸν
1358 1723 1580 1791 Κύριον
1614 1725 1823 1793 ἐγκατ-

243 1804 480 1858 έλιπον·
529 1806 563 1859 ὅ
570 1825 619 1860 τι
646 1809 825 1863 τέκνα
849 1811 1135 1880 ἀλλότρια
1160 1814 1572 1881 ἐγεννήθησαν
1594 1813 1819 1880 αὐτοῖς.

1921 627 2086 682 Deum
2126 627 2311 682 docuit
2366 642 2487 682 cum
2528 629 2681 697 dixit,
2736 647 2841 684 non
2891 632 3049 687 aliter
3102 632 3237 700 ipsis
3288 630 3489 686 malum

1921 718 2249 775 inﬁrmitatis
2284 730 2625 784 eventurum,
2657 723 2758 777 nisi
2790 742 2808 774 ‹
2840 724 2959 791 quia
2990 723 3406 780 inlirmabuntur
3432 724 3487 780 in

1921 810 2293 880 iniquitatibus
2333 813 2496 865 suis.»
2530 811 2683 868 Utilis
2712 814 2891 884 igitur,
2923 826 2977 869 et
3013 830 3097 870 res
3122 816 3365 885 profecto
3393 818 3491 873 ho-

1921 901 2069 955 noris
2098 900 2409 969 plenissima
2438 904 2611 972 pietas
2636 917 2761 975 erga
2797 903 2985 969 Deum,
3018 905 3170 975 cujus
3195 920 3295 975 ope
3324 906 3487 962 etiam

1920 990 2109 1047 hostes
2137 993 2364 1060 domari,
2404 1004 2457 1047 et
2482 994 2661 1049 omnia
2698 995 2811 1050 ﬁeri
2841 1010 2960 1050 cum
2990 995 3146 1050 laude
3185 1008 3346 1065 atque
3379 998 3489 1050 vir-

1927 1092 2038 1139 tute
2078 1084 2234 1139 facile
2276 1096 2494 1156 queant,
2522 1100 2585 1139 ac
2628 1101 2789 1141 verus
2822 1096 2907 1141 est
2944 1086 3192 1142 Salvator
3225 1104 3345 1143 cum
3400 1088 3483 1140 di-

1920 1174 2037 1228 cit:
2068 1192 2087 1227 ι
2128 1174 2257 1230 Sine
2300 1191 2385 1230 me
2418 1176 2548 1230 nihil
2580 1176 2806 1245 potestis
2834 1176 3009 1232 facere
3045 1179 3144 1233 ³⁸.»
3200 1176 3384 1232 Psallit
3437 1186 3494 1230 et

1922 1257 2093 1315 David
2154 1262 2350 1317 alicubi
2386 1278 2450 1318 ex
2502 1279 2630 1319 vero
2685 1279 2884 1320 sensu:
2918 1286 2936 1318 ‹
2973 1265 3252 1323 Fortitudo
3275 1276 3329 1321 ct
3379 1265 3493 1322 laus

1923 1365 2041 1405 mea
2082 1351 2340 1409 Dominus
2355 1354 2453 1409 ⁸⁷.»

1991 1525 2100 1598 85
2136 1527 2301 1586 Vsus.
2341 1532 2393 1595 ii,
2430 1532 2480 1587 7.
2513 1532 2646 1589 Cum
2679 1535 2857 1587 ovibus
2912 1544 2963 1589 et
3014 1535 3190 1589 vitulis
3243 1534 3405 1599 ibunt,
3440 1544 3491 1586 ut

1921 1630 2159 1687 quwrant
2208 1621 2509 1689 Dominum,
2532 1635 2580 1679 et
2635 1641 2739 1679 non
2789 1626 3220 1690 iurenieuteum;
3262 1626 3493 1679 declina-

1923 1711 1994 1764 vit
2048 1714 2183 1765 enim
2233 1714 2297 1766 ab
2348 1714 2478 1777 illis,
2524 1716 2647 1786 quia
2706 1716 2984 1771 Dominum
3040 1718 3376 1785 reliquerunt.
3440 1726 3491 1770 et

1923 1800 2023 1868 ﬁlii
2050 1801 2212 1857 alieni
2257 1806 2368 1858 nali
2401 1807 2727 1863 sunt.Nuuc
2777 1809 3040 1863 devoravit
3066 1824 3150 1862 eos
3196 1808 3400 1878 rubigo,
3443 1819 3491 1864 et

166 1892 171 1897 ’
244 1892 377 1945 Νῦν
401 1895 796 1965 καταφάγεται
841 1899 1064 1964 αὐτοὺς
1106 1901 1142 1967 ἡ
1196 1902 1443 1970 ἑρυσίϐη
1469 1944 1482 1965 ,
1548 1901 1645 1955 καί
1682 1902 1824 1969 τοὺς
1856 1903 1896 1957 Β
1924 1904 2087 1947 εονιεε
2133 1910 2331 1949 eorum-

244 1982 514 2050 κλήρους
551 1984 766 2041 αὐτῶν.

318 2074 447 2129 NE'.
489 2077 711 2147 Ἀληθὲς
761 2080 957 2151 ὁρᾶται
1011 2081 1098 2135 διά
1153 2084 1527 2154 πραγμάτων,
1564 2084 1644 2138 ὅτι
1683 2083 1828 2138 καθά

246 2179 417 2233 φησιν
444 2166 780 2231 όθεσπέσιος
833 2168 1065 2237 Παῦλος,
1105 2171 1366 2227 ἀδύνατον
1418 2171 1560 2244 αἷμα
1601 2173 1818 2245 ταύρων

248 2257 348 2309 καὶ
374 2258 591 2328 τράγων
624 2260 841 2327 ἀφελεῖν
894 2262 1193 2334 ἁμαρτίας,
1228 2265 1322 2318 καὶ
1359 2264 1503 2319 ἐστιν
1532 2265 1827 2336 ἀπρόσιτος

248 2347 342 2401 διά
366 2349 532 2419 νόμου
564 2351 716 2414 Θεός.
749 2352 932 2422 Νόμον
970 2354 1026 2408 δέ
1055 2372 1218 2425 φημι,
1249 2356 1347 2425 τὴν
1377 2356 1517 2410 κατά
1541 2357 1705 2428 νόμον
1732 2356 1827 2409 λα-

248 2440 464 2509 τρείαν,
506 2439 605 2511 τὴν
642 2441 709 2494 δι’
763 2443 1010 2512 αἱμάτων
1049 2445 1145 2499 καὶ
1208 2445 1426 2500 θυσιῶν.
1476 2447 1683 2502 Οὐκοῦν
1721 2444 1827 2498 κᾶν

250 2530 583 2599 προσάγοιεν
607 2531 659 2583 οἱ
689 2531 747 2595 ἐξ
792 2532 1005 2602 Ἰσραὴλ
1057 2533 1128 2586 τὰ
1179 2535 1543 2605 νενομισμένα
1577 2535 1824 2607 θύματα,

247 2621 365 2674 τῶν
397 2621 628 2685 ἀνοσίως
682 2624 865 2688 αὐτοῖς
916 2625 1294 2697 ὲπταισμένων
1357 2626 1693 2693 ἐξαιτοῦντες
1730 2629 1828 2701 τὴν

249 2718 470 2787 ἄφεσιν,
507 2720 671 2789 ἤγουν
701 2719 801 2789 τὴν
852 2720 988 2790 πρὸς
1010 2720 1102 2775 τὸν
1131 2721 1264 2775 Θεὸν
1296 2721 1584 2792 ζητοῦντες
1614 2723 1829 2777 οἰκείω-

251 2826 363 2875 σιν,
397 2810 500 2862 οὐκ
527 2809 593 2862 ἂν
621 2809 911 2878 ὲφίκοιντο,
955 2812 1139 2881 φησὶν,
1172 2811 1282 2864 οὐδ’
1313 2811 1381 2866 ἂν
1404 2812 1721 2877 ἐξανύσειαν
1767 2816 1830 2867 τὸ

252 2901 534 2972 εὑρίσκειν
586 2901 842 2957 δύνασθαι
898 2903 990 2955 τὸν
1024 2903 1177 2966 Θεὸν,
1213 2903 1327 2956 ἀλλ’
1355 2903 1463 2957 οὐδ’
1502 2904 1568 2958 ἂν
1621 2905 1831 2973 γένοιτο

253 2991 517 3061 προσιτὸς
537 2994 651 3056 τοῖς
671 2991 813 3045 οὕτω
843 2992 1360 3061 μεταγινώσκουσιν.
1383 2994 1708 3066 Εὑρίσκεται
1724 2996 1831 3069 γὰρ

251 3083 347 3136 διὰ
380 3083 548 3153 μόνης
596 3084 696 3152 τῆς
736 3086 793 3137 ὲν
844 3085 1063 3155 Χριστῷ
1092 3085 1257 3157 ζωῆς,
1297 3080 1365 3157 ἦς
1411 3087 1477 3140 ἂν
1504 3090 1673 3141 νοοῖτο
1701 3105 1834 3158 προ-

252 3172 477 3243 εισϐολὴ
502 3172 561 3226 τὸ
601 3173 752 3243 ῥῆμα
789 3176 887 3243 τῆς
917 3175 1172 3239 πίστεως,
1202 3176 1295 3230 καὶ
1319 3177 1540 3246 προσέτι
1573 3177 1746 3247 τούτῳ
1774 3178 1833 3230 τὸ

1996 2076 2104 2132 LV.
2135 2076 2241 2133 Res
2264 2078 2376 2148 ipsa
2408 2080 2723 2148 comprobat
2755 2081 2895 2148 quod
2928 2080 3142 2134 divinus
3176 2080 3370 2133 l‘aulus
3397 2081 3494 2146 ait,

1928 2169 2241 2239 sanguinem
2287 2178 2561 2223 taurorum
2603 2178 2696 2223 aut
2728 2169 2999 2223 hircorum
3032 2168 3247 2223 abolere
3276 2176 3495 2238 peccata

1926 2276 2033 2316 non
2078 2275 2235 2330 posse
2260 2260 2324 2325 ⁸⁸,
2356 2271 2411 2315 et
2437 2274 2532 2331 per
2568 2259 2735 2329 legem
2772 2275 3048 2315 accessum
3089 2260 3155 2313 ad
3189 2261 3354 2313 Deum
3388 2274 3494 2313 non

1930 2354 2081 2420 (lari,
2127 2353 2296 2422 legem
2330 2362 2509 2406 autem
2555 2354 2674 2408 dico
2721 2354 2924 2407 cultum
2974 2352 3267 2407 secundum
3301 2352 3492 2421 legem,

1928 2458 2025 2514 per
2082 2444 2373 2511 sanguines
2413 2451 2467 2496 et
2518 2441 2807 2497 sacriﬁcia.
2846 2440 3052 2511 Itaque,
3083 2442 3205 2496 licet
3268 2438 3499 2495 offerant

1926 2533 2182 2590 Israelita:
2219 2533 2421 2588 hostias
2454 2532 2735 2601 legitimas,
2771 2532 3027 2587 scelerate
3072 2530 3334 2585 factorum
3378 2545 3498 2583 suo-

1929 2643 2048 2684 rum
2090 2627 2535 2681 condonationem
2587 2633 2828 2693 petentes
2853 2666 2866 2689 ,
2902 2624 3017 2680 sive
3066 2623 3496 2693 conjunctionem

1928 2735 2051 2774 eum
2102 2718 2211 2774 Deo
2248 2728 2303 2773 et
2345 2717 2637 2772 amicitiam
2684 2726 3006 2787 quaerentes,
3036 2731 3140 2770 non
3187 2730 3305 2770 eam
3346 2729 3497 2769 asse-

1930 2820 2194 2880 quentur,
2225 2810 2424 2880 inquit,
2470 2824 2639 2878 neque
2696 2809 2976 2879 proﬁcient
3029 2808 3097 2861 ad
3141 2807 3305 2861 Deum
3354 2806 3501 2859 inve-

1932 2902 2209 2962 niendum.
2245 2916 2422 2970 neque
2469 2901 2558 2955 tali
2607 2900 2765 2954 modo
2794 2898 3181 2968 paenitentibus
3207 2896 3385 2951 aditus
3433 2894 3501 2947 ad

1931 3012 2054 3051 eum
2085 2996 2306 3066 patebit.
2349 2994 2451 3049 Per
2495 2994 2667 3048 solam
2714 2993 2912 3063 quippe
2974 2991 3139 3045 vitam
3186 2989 3241 3043 in
3285 2986 3503 3043 Christo

1935 3090 2222 3151 invenitur,
2279 3086 2433 3155 cujus
2502 3085 2734 3156 praevius
2782 3085 3061 3154 ingressus
3091 3080 3276 3137 haberi
3325 3087 3503 3151 potest

1936 3183 2154 3233 verbum
2188 3179 2332 3245 ﬁdei,
2381 3186 2586 3232 etcum
2627 3190 2692 3231 eo
2740 3174 2976 3230 salutare
3014 3173 3304 3243 baptisma,
3354 3170 3505 3225 fami-

255 3266 525 3334 σωτήριον
558 3264 863 3335 βάπτισμα,
897 3269 995 3336 τὴν
1031 3269 1087 3319 ἐν
1143 3267 1415 3338 πνεύματι
1443 3269 1577 3340 πρὸς
1599 3270 1730 3322 Θεὸν
1753 3273 1830 3323 οἰ-

1937 3272 2120 3325 liarem
2155 3287 2276 3325 cum
2310 3273 2417 3325 Deo
2453 3268 2889 3337 coniunctionem
2921 3267 2975 3321 in
3015 3266 3219 3335 Spiritu
3247 3262 3501 3320 efficiens.

254 3356 479 3409 κείωσιν
520 3358 834 3427 προξενοῦν.
865 3358 1094 3427 Οὐκοῦν,
1116 3360 1216 3413 οὐκ
1249 3359 1314 3413 ἂν
1340 3359 1491 3431 εὖροι
1513 3360 1601 3413 τὸν
1633 3360 1834 3431 Κύριον

253 3443 285 3494 ὁ
346 3444 559 3515 Ἰσραὴλ
601 3445 689 3498 διά
741 3464 804 3515 γε
860 3449 958 3517 τῆς
1000 3448 1142 3501 κατά
1186 3449 1350 3516 νόμον
1388 3450 1659 3520 λατρείας.
1715 3452 1835 3503 Ἐκ-

254 3534 478 3588 κέκλικε
505 3536 610 3606 γὰρ
638 3538 729 3589 ἀπ“
755 3538 952 3604 αὐτῶν,
978 3540 1058 3592 ὅτι
1089 3540 1182 3592 καὶ
1204 3541 1357 3594 αὐτοὶ
1386 3542 1833 3597 καταλελοίπασιν

255 3625 441 3689 αὐτὸν,
465 3628 849 3698 ἀποπηδῶντες
893 3629 1145 3683 τοσοῦτον
1162 3670 1176 3693 ,
1224 3630 1300 3695 ὡς
1331 3630 1425 3684 καὶ
1452 3630 1653 3685 τέκνων
1680 3632 1835 3686 ἀλλο·-

256 3714 430 3784 τρίων
480 3716 733 3783 γενέσθαι
791 3719 1046 3791 πατέρες.
1107 3739 1125 3773 ι
1169 3720 1446 3792 ’Δλλότρια
1502 3723 1560 3776 δὲ
1610 3724 1778 3778 τέκνα
1812 3744 1829 3777 ι

257 3806 418 3876 φησὶ,
444 3807 512 3860 τά
536 3802 646 3861 οἷον
672 3812 736 3862 ὲκ
778 3811 1009 3881 μήτρας,
1038 3812 1131 3865 καὶ
1160 3812 1220 3876 ἐξ
1246 3812 1426 3867 αὐτῶν
1457 3812 1563 3866 τῶν
1582 3816 1835 3886 σπαργά-

254 3912 398 3960 νων,
430 3900 551 3960 ταῖς
603 3898 712 3952 τῶν
763 3900 996 3953 εἰδώλων
1038 3902 1370 3972 ἀνακείμενα
1419 3904 1619 3971 δόξαις,
1666 3922 1837 3976 προσ-

256 3991 510 4058 αγόντων
530 3992 669 4062 τάχα
698 4011 799 4047 που
828 3997 938 4058 τοῖς
961 3995 1257 4065 δαιμονίοις
1278 3997 1344 4051 τά
1368 3999 1713 4069 χαριστήρια.
1743 4001 1838 4053 καὶ¹

250 4084 361 4145 τὰς
390 4084 483 4137 ἐπὶ
507 4088 626 4149 ταῖς
640 4086 793 4139 ὠδῖσι
821 4087 1029 4155 Θυσίας,
1046 4090 1155 4143 τῶν
1172 4089 1647 4163 γεγεν[ν]ηκότων.
1662 4093 1838 4146 Τέκνα

254 4178 441 4231 τοίνυν
468 4178 745 4250 ἀλλότρια,
774 4181 842 4234 τὰ
875 4182 949 4253 μὴ
976 4184 1034 4236 ὲν
1074 4182 1194 4253 Θεῷ
1218 4202 1232 4215 °
1263 4184 1296 4254 ἢ
1338 4185 1461 4237 καθ’
1500 4185 1686 4255 ἕτερον
1715 4186 1841 4256 τρό-

252 4286 387 4334 πον,
408 4271 477 4323 τά
508 4271 573 4323 ὲκ
602 4272 873 4339 γυναικῶν
926 4274 1249 4344 ἀλλογενῶν.
1294 4276 1689 4345 Ἐπεμίγνυντο
1730 4277 1838 4348 γὰρ

251 4362 682 4431 ἀπερισκέπτως
703 4367 750 4419 oi
777 4366 835 4433 ἐξ
864 4368 1081 4439 Ἰσραὴλ
1106 4370 1228 4430 ταῖς
1253 4367 1361 4420 τῶν
1383 4367 1554 4421 ὲθνῶν
1574 4368 1841 4441 θυγατρά-

252 4469 371 4517 σιν,
408 4454 920 4528 είδωλολατρούσαις
962 4459 1063 4524 ἔτι,
1096 4459 1270 4513 καίτοι
1311 4458 1405 4513 τοῦ
1446 4461 1611 4531 νόμου
1658 4461 1841 4529 λέγον-

1936 3364 2113 3431 Quare
2152 3362 2315 3417 Israel
2364 3361 2645 3416 Dominum
2693 3374 2789 3429 per
2820 3357 2953 3427 legis
2992 3355 3347 3412 cmremonias
3396 3368 3504 3409 non

1936 3458 2213 3513 inveniet:
2246 3454 2532 3509 declinavit
2575 3453 2719 3507 enim
2754 3452 2822 3505 ab
2848 3451 2996 3521 ipsis,
3038 3449 3293 3519 quoniam
3331 3455 3385 3502 et
3406 3445 3506 3515 ipsi

1934 3547 2331 3617 dereliquerunt
2357 3560 2502 3610 eum,
2543 3558 2714 3612 usque
2739 3544 2871 3597 adeo
2911 3541 3238 3603 resilientes,
3264 3547 3323 3592 ut
3352 3547 3405 3591 et
3442 3535 3506 3589 ﬁ-

1936 3637 2129 3692 liorum
2174 3636 2472 3690 alienorum
2509 3642 2694 3704 patres
2741 3633 2949 3687 ﬁerent.
3006 3651 3024 3683 (
3065 3631 3279 3684 Alienos
3313 3627 3452 3682 ﬁlios
3483 3644 3504 3678 ι

1936 3728 2199 3792 nominat,
2224 3728 2313 3796 qui
2358 3726 2510 3796 quasi
2549 3741 2615 3779 ex
2667 3734 2823 3777 utero
2869 3722 3018 3777 etab
3052 3720 3183 3790 ipsis
3231 3717 3512 3773 cunabulis

1936 3817 2105 3873 cultui
2152 3818 2413 3874 idolorum
2467 3816 2665 3871 addicti
2722 3824 2882 3880 sunt,
2938 3813 3248 3883 parentibus
3288 3810 3509 3864 forsitan

1935 3924 2031 3964 eos
2087 3909 2417 3964 daemonibus
2462 3924 2557 3978 pro
2611 3922 2832 3961 munere
2882 3904 3211 3974 gratiarum.
3244 3911 3297 3956 et
3332 3904 3383 3955 in
3418 3915 3510 3955 sa—

1942 3998 2205 4054 crificium
2245 4014 2341 4069 pro
2368 3998 2505 4053 felici
2552 4008 2706 4067 partu
2733 3995 2954 4049 obtento
2999 3991 3379 4055 offerentibus;
3416 3996 3512 4041 aut

1939 4088 2134 4154 aliter,
2175 4089 2263 4158 qui
2320 4088 2428 4142 nati
2495 4098 2621 4142 sunt
2679 4101 2744 4139 ex
2803 4082 3113 4137 mulieribus
3169 4079 3505 4149 alienigenis.

1938 4180 2087 4234 Citra
2136 4179 2300 4233 ullum
2344 4179 2539 4249 quippe
2579 4177 2836 4247 pudorem
2881 4174 2973 4244 qui
3012 4174 3078 4228 de
3117 4172 3277 4227 Israel
3330 4178 3509 4232 erant,

1940 4291 2061 4330 cum
2126 4275 2363 4345 gentium
2429 4273 2639 4327 ﬁliabus
2693 4271 2990 4326 etiamnum
3026 4266 3167 4321 idola
3210 4264 3513 4318 colentibus

1940 4378 2166 4431 corpora
2214 4363 2563 4431 copulabant,
2597 4359 2808 4414 tametsi
2840 4358 2919 4411 lex
2950 4355 3257 4425 huiusmodi
3301 4352 3515 4421 nuptias

1940 4470 2195 4524 expresse
2221 4464 2449 4509 vetaret.
2484 4454 2574 4507 Ait
2602 4452 2745 4506 enim
2774 4469 2787 4504 :
2824 4469 2842 4502 ι
2876 4448 3069 4503 Filiam
3103 4456 3248 4500 tuam
3286 4459 3390 4499 non
3418 4443 3515 4495 da-

248 4560 355 4607 τος
396 4545 643 4616 ἐναργῶς
670 4548 752 4611 τὸ,
782 4549 855 4620 μὴ
882 4548 991 4602 δεῖν
1040 4549 1404 4604 συνάπτεσθαι
1434 4550 1687 4621 γαμικῶς
1723 4553 1830 4615 τοῖς

1943 4548 2028 4601 bis
2078 4547 2187 4601 ﬁlio
2222 4546 2357 4613 ejus,
2386 4555 2440 4599 et
2476 4544 2636 4599 ﬁliam
2670 4547 2787 4615 ejus
2812 4560 2917 4599 non
2954 4541 3184 4608 accipies
3230 4537 3337 4591 ﬁlio
3379 4544 3510 4589 tuo:

246 4635 596 4705 ἀλλογενέσι.
643 4657 662 4689 ‹
693 4640 804 4711 Τὴν
862 4640 1133 4713 θυγατέρα
1186 4659 1278 4695 σου
1334 4642 1475 4715 γὰρ,
1536 4644 1736 4714 φησὶν,
1778 4645 1830 4697 οῖ.

1946 4646 2151 4691 avertet
2171 4638 2314 4691 enim
2358 4637 2521 4689 ﬁlium
2578 4647 2725 4689 tuum
2762 4651 2791 4689 a
2824 4649 2907 4687 me
2932 4675 2947 4699 ,
2983 4642 3037 4687 et
3070 4631 3267 4685 vadens
3316 4627 3517 4681 serviet

246 4728 459 4794 δώσεις
487 4729 567 4801 τῷ
599 4732 700 4803 υἱῷ
720 4732 908 4795 αὐτοῦ,
965 4734 1059 4788 καὶ
1111 4734 1210 4806 τὴν
1257 4734 1536 4807 θυγατέρα
1577 4735 1744 4789 αὑτοῦ
1777 4737 1830 4789 ού

1944 4730 2051 4784 diis
2082 4730 2271 4783 alienis
2300 4729 2365 4781 '9.
2390 4749 2409 4781 ι
2437 4728 2703 4793 Quoniam
2732 4736 2911 4780 autem
2940 4723 3053 4778 haec
3080 4722 3345 4782 fecerunt,
3371 4734 3389 4767 ι
3428 4717 3517 4769 de—

248 4818 412 4889 λήψῃ
440 4820 519 4890 τῷ
555 4821 656 4891 υἱῷ
688 4839 782 4875 σου
807 4835 823 4849 ⁸
863 4824 1146 4894 ἀποστήσῃ
1182 4824 1291 4896 γὰρ
1315 4825 1405 4877 τὸν
1452 4825 1567 4878 υἱόν
1616 4841 1710 4878 σου
1740 4827 1830 4879 ἀπ

1941 4822 2155 4875 vorabit
2189 4835 2282 4875 eos
2313 4820 2553 4890 rubigo.»
2598 4818 2699 4873 Per
2724 4817 2863 4886 quod
2890 4823 2946 4867 ut
2970 4815 3022 4868 in
3046 4811 3331 4881 aenigmate
3357 4807 3518 4877 signi-

252 4911 425 4980 ἐμοῦ,
442 4914 535 4965 καὶ
552 4915 836 4985 πορευθεὶς
852 4915 1138 4987 λατρεύσει
1169 4917 1310 4979 θεοῖς
1336 4918 1563 4987 ἑτέροις.
1577 4936 1595 4968 ι
1625 4918 1830 4972 Ἐπειδῦ

1946 4913 2091 4976 licat,
2122 4928 2281 4982 quam
2335 4909 2676 4966 aﬂlictionem
2716 4911 3082 4975 damnumque
3127 4899 3356 4958 subituri
3408 4898 3519 4953 sint

253 5000 440 5055 ταῦτα
458 5003 768 5076 δεδράκασι,
803 5026 820 5058 t
846 5008 1234 5076 Καταφάγεται
1261 5009 1459 5072 αὐτοὺς
1484 5011 1516 5080 ἡ
1542 5010 1793 5081 ὲρυσίϐη.
1820 5028 1830 5061 ι

1945 5020 2010 5060 ex
2045 5006 2400 5075 impressione
2457 5004 2661 5069 hostili,
2708 5002 2864 5070 cujus
2910 5014 3014 5052 non
3064 4995 3241 5050 minor
3282 4992 3365 5047 vis
3414 4990 3519 5046 erit

257 5096 533 5166 Σημαίνει
580 5098 638 5151 δὲ
690 5100 851 5152 πάλιν
898 5100 1313 5171 αἰνιγματωδῶς
1370 5102 1457 5155 διά
1497 5102 1688 5156 τούτου
1743 5103 1842 5173 τὴν

258 5186 536 5257 ἐσομένην
562 5189 745 5251 αὐτοῖς
781 5189 1023 5243 κάκωσίν
1071 5209 1131 5244 τε
1185 5193 1278 5245 καὶ
1311 5191 1512 5262 βλάϐην
1530 5193 1597 5245 ὲκ
1624 5193 1723 5262 τῆς
1749 5191 1843 5245 τοῦ

259 5274 512 5346 πολέμου
542 5277 866 5348 προσϐολῆς,
893 5280 994 5332 οὐκ
1022 5282 1289 5345 ἀνικάνως
1319 5282 1547 5352 ἐχούσης
1580 5282 1845 5353 ἐρυσίϐης

260 5363 428 5428 δίκην
480 5367 739 5435 ἀφανίσαι
787 5370 975 5435 δεινῶς
1023 5373 1218 5437 αὐτούς
1259 5392 1317 5428 τε
1379 5375 1474 5428 καὶ
1527 5374 1594 5428 τά
1633 5374 1840 5427 αὐτῶν

1951 5112 2109 5165 quam
2156 5096 2415 5168 rubiginis
2445 5097 2510 5150 ad
2546 5096 2714 5162 ipsos,
2743 5103 2797 5149 et
2846 5108 2964 5162 quae
3012 5091 3251 5161 ipsorum
3274 5095 3401 5141 sunt
3423 5084 3520 5139 mi-

1950 5206 2070 5245 sere
2094 5190 2446 5259 disperdenda
2474 5206 2487 5241 :
2521 5188 2621 5242 hoc
2654 5188 2795 5241 enim
2827 5195 2951 5239 sunt
2987 5184 3139 5247 cleri,
3171 5182 3283 5235 sive
3306 5188 3503 5235 sortes.

1952 5282 2103 5349 Quod
2146 5297 2271 5336 vero
2313 5282 2511 5337 bellum
2556 5281 2690 5335 citra
2746 5275 3281 5348 procrastinationem
3334 5279 3387 5325 et
3432 5271 3517 5324 in-

1952 5375 2138 5429 ducias
2185 5375 2237 5427 in
2282 5374 2508 5442 vestigio
2557 5375 2659 5437 sit,
2711 5379 2860 5426 certo
2908 5368 3133 5431 astruit,
3176 5380 3294 5419 cum
3349 5363 3508 5415 dicit:

262 5457 433 5509 τοῦτο
461 5458 568 5528 γάρ
606 5461 654 5512 oi
707 5460 917 5532 κλῆροι.
952 5464 1073 5517 Ὅτι
1114 5464 1170 5517 δὲ
1206 5466 1279 5536 μὴ
1309 5468 1389 5531 είς
1413 5465 1704 5536 ὑπέρθεσιν
1752 5466 1830 5518 κα¹

1956 5482 1975 5516 ι
2010 5464 2161 5518 Nunc
2198 5463 2443 5518 comedet
2472 5476 2565 5515 eos
2604 5461 2810 5529 rubigo.
2841 5477 2859 5510 ι
2921 5457 3144 5509 Perinde
3174 5469 3236 5507 ac
3263 5452 3304 5505 si
3330 5451 3469 5505 dicat
3498 5465 3515 5503 :

266 5554 565 5625 ἀνακωχὴν
596 5556 625 5607 6
668 5556 923 5626 πόλεμος,
972 5557 1087 5610 ἀλλ’
1132 5558 1296 5620 εὐθὺς
1343 5558 1434 5611 καὶ
1498 5557 1806 5619 καταπόδας
1828 5594 1844 5620 ,

266 5645 767 5718 πεπληροφόρηκεν
800 5647 989 5701 εἰπών’
1056 5669 1075 5701 ι
1104 5649 1217 5702 Νῦν
1248 5649 1622 5717 καταφάγεται
1651 5648 1848 5709 αὐτοὺς

1961 5555 2132 5611 Verba
2162 5570 2279 5609 mea
2338 5553 2574 5608 tristium
2617 5550 2948 5621 experientia
3004 5552 3315 5614 sequentur.
3352 5551 3518 5608 prope

1953 5654 2077 5702 sunt
2108 5642 2245 5713 jam,
2266 5651 2322 5699 et
2360 5652 2487 5698 ante
2520 5641 2664 5697 fores
2706 5651 2974 5695 aerumnas.
3000 5635 3113 5706 86
3144 5629 3383 5687 Restabit
3418 5627 3517 5695 igi-

347 5831 395 5867 '*
423 5828 580 5890 Joan.
611 5849 698 5902 xv,
735 5834 784 5888 5.
867 5834 907 5865 ³⁷
943 5834 1061 5889 Psal
1117 5850 1280 5897 cxm,
1320 5834 1399 5887 ιι.
1480 5834 1522 5865 ³⁸
1556 5831 1717 5887 llelir.
1747 5845 1822 5896 ix,

1938 5870 1943 5879 .
2024 5829 2065 5861 ’9
2106 5829 2251 5883 Deut.
2291 5839 2382 5889 vn,
2425 5823 2478 5889 3,
2507 5823 2559 5877 4.
