4094 6576
654 369 755 423 147
1631 373 1691 430 S.
1730 373 2000 429 CYRILLI
2039 374 2511 433 ALEXANDllINI
2549 378 2867 434 ARCIllEP.
3795 376 3890 431 148

650 498 737 542 tur
780 488 945 541 Deum
992 486 1325 554 laedentibus,
1348 499 1408 543 ιιι
1444 504 1589 554 eum,
1619 492 1866 560 quamvis
1912 503 2213 562 quaerentes

2322 497 2346 566 ἡ
2383 497 2629 567 ὲρυσίϐη.
2671 516 2689 549 ι
2722 498 2944 567 Ὅμοιον
2967 497 3041 559 ὡς
3073 497 3120 549 εί
3143 494 3290 563 λέγοι
3314 511 3328 524 °
3362 493 3602 548 Κατόπιν
3632 492 3765 563 ἣξει
3792 491 3893 545 τῶν

652 575 891 631 invenire
921 587 1210 645 nequeant,
1241 578 1476 648 fiantque
1507 580 1804 636 alienorum
1845 582 2079 638 ﬁliorum
2120 601 2214 654 pa-

650 680 785 734 tres,
835 670 938 725 boc
987 678 1092 733 est,
1125 688 1227 726 non
1282 674 1516 727 habeant
1568 674 1778 730 nobiles
1818 684 1873 729 et
1931 691 2215 746 germanos

648 760 880 827 fructus,
904 777 1040 831 quos
1062 762 1235 819 virtus
1285 774 1338 819 et
1364 766 1717 822 sanctimonia
1747 767 1869 821 vitae
1899 768 2214 838 proferunt;

646 860 873 921 pereant
935 860 1116 907 autem
1171 855 1371 924 potius,
1417 863 1476 909 ut
1535 856 1779 925 rubigine
1829 858 2058 927 quadam
2115 873 2211 914 sua

648 943 884 1011 ipsorum
921 943 1267 1011 improbitate
1309 958 1363 1002 et
1391 947 1608 1002 miseria
1636 946 1867 1003 conlecti
1909 957 2069 1018 atque
2094 965 2215 1006 con-

648 1035 870 1104 sumpti.
924 1034 989 1089 Et
1018 1037 1371 1094 nihilominus
1393 1039 1603 1095 donatae
1642 1055 1671 1093 a
1699 1041 1806 1095 Deo
1836 1052 2010 1096 sortes
2062 1042 2213 1096 dant-

649 1138 717 1177 na
770 1123 1056 1193 accipiant,
1092 1125 1159 1179 de
1198 1126 1391 1195 quibus
1415 1138 1469 1181 et
1517 1130 1730 1183 divinus
1782 1130 1943 1183 David
1998 1131 2213 1184 univer-

648 1230 829 1271 sorum
876 1218 1137 1273 Salvatori
1166 1218 1275 1275 Deo
1303 1222 1482 1275 canit:
1521 1241 1538 1271 ι
1574 1224 1631 1275 In
1683 1219 1935 1275 manibus
1976 1222 2079 1277 tuis
2110 1236 2219 1276 sor-

652 1318 730 1363 tes
768 1310 984 1362 mea-‘0.
1025 1330 1042 1362 ι
1089 1311 1278 1368 Omnis
1329 1314 1525 1383 quippe
1578 1329 1697 1367 sors
1750 1325 1805 1368 et
1851 1318 2027 1368 omnis
2092 1329 2218 1382 pars

651 1410 832 1454 nostra
875 1402 923 1454 in
969 1412 1231 1471 potestate
1268 1406 1356 1459 Dei
1393 1416 1493 1471 est,
1525 1416 1577 1460 et
1619 1406 1729 1475 ipse
1756 1415 1833 1460 est
1862 1406 1950 1474 qui
1984 1420 2214 1460 coronas

648 1490 939 1546 distribuit.

2320 587 2491 654 λόγων
2526 587 2633 642 τῶν
2683 587 2919 659 ἀνιαρῶν
2961 588 2995 657 ἡ
3045 589 3207 657 πεῖρα
3239 603 3253 617 ο
3305 585 3470 653 ἐγγὺς
3527 584 3625 655 ἤδη
3671 585 3772 637 καὶ⁸
3811 582 3894 635 ἐπὶ

2323 677 2516 749 θήραις
2545 681 2577 751 ἡ
2610 679 2885 750 συμφορά.
2938 678 3229 749 Περιέσται
3261 675 3325 747 δὴ
3370 673 3464 729 οὖν
3515 677 3629 737 τοῖς
3660 671 3893 726 λυποῦσι

2320 769 2475 833 Θεὸν,
2521 770 2582 825 τὸ
2641 772 2779 841 μήτε
2824 770 3103 841 εὑρίσκειν
3167 769 3329 822 αὐτὸν
3377 766 3656 827 δύνασθαι,
3714 764 3824 816 κᾶν
3852 766 3894 815 εί

2320 861 2526 914 ἕλοιντο
2571 860 2773 932 ζητεῖι,
2815 860 3068 929 γενέσθαι
3109 860 3166 914 δὲ
3220 859 3312 913 καλ⁴
3359 860 3567 911 τέκνων
3598 853 3894 925 ἀλλοτρίων

2319 954 2597 1023 πατέρας,
2650 953 2965 1020 τουτέστιν,
3018 953 3119 1005 ούκ
3170 953 3408 1020 εὐγενεῖς
3475 950 3567 1002 καὶ
3636 945 3893 1015 γνησίους

2320 1043 2465 1114 ἔχειν
2503 1044 2747 1114 καρποὺς
2770 1035 2937 1114 (οὗτοι
2961 1042 3007 1095 δ’
3034 1041 3099 1095 ἂν
3129 1037 3240 1095 εἷεν
3276 1042 3323 1093 οἱ
3367 1040 3425 1104 ἐξ
3455 1037 3654 1110 ἀρετῆς
3683 1052 3748 1088 τε
3809 1034 3893 1085 καὶ

2319 1134 2477 1203 ἁγίας
2504 1131 2667 1204 ζωῆς)
2694 1148 2707 1161 ·
2738 1132 3032 1187 ἀπολέσθαι
3053 1132 3108 1185 δὲ
3137 1131 3357 1203 μᾶλλον,
3382 1128 3633 1197 καθάπερ
3664 1124 3890 1196 ὲρυσίϐῃ

2323 1226 2429 1279 τινὶ
2474 1229 2539 1296 τῇ
2599 1225 2749 1294 σφῶν
2775 1225 2952 1279 αὐτῶν
3012 1222 3509 1296 περιθραυομένους
3578 1220 3751 1289 κακίᾳ
3807 1218 3891 1268 καὶ

2323 1317 2733 1389 eamagema
2760 1317 2982 1387 προσέτι
3008 1315 3323 1379 τούτοιςκα¹ι
3344 1315 3538 1377 αὐτοὺς
3568 1308 3889 1381 ζημιοῦσθαι

2320 1408 2446 1471 τοὺς
2492 1406 2641 1477 παρᾶ
2680 1406 2815 1459 Θεοῦ
2847 1406 3103 1477 κλήρους.
3134 1406 3268 1476 Περὶ
3321 1398 3395 1457 ὧν
3431 1404 3525 1455 καὶ
3556 1404 3583 1455 ὁ
3612 1399 3891 1459 θεσπέσιος

2319 1500 2509 1569 ψάλλει
2562 1498 2747 1562 Δαϐὶδ,
2803 1498 2939 1570 πρὸς
2969 1498 3062 1551 τὸν
3099 1497 3206 1550 τῶν
3252 1498 3388 1550 ὅλων
3443 1495 3669 1563 Σωτῆρα
3724 1489 3887 1543 Θεόνο

654 1604 673 1637 ι
710 1585 797 1638 Ἐν
823 1586 939 1647 ταῖς
982 1586 1134 1655 χερσί
1191 1603 1282 1639 σου
1338 1588 1386 1640 οἱ
1447 1589 1636 1660 κλῆροί
1668 1607 1794 1659 μου.
1831 1609 1849 1641 ι
1909 1590 2089 1652 "Am;
2139 1590 2245 1662 γὰρ
2285 1592 2439 1662 ἡμῶν
2475 1592 2696 1664 κλῆρος,
2760 1594 2854 1644 καὶ
2883 1594 3031 1645 πᾶσα
3066 1591 3220 1661 μερὶς
3254 1590 3310 1642 ὲν
3345 1586 3562 1657 ἐξουσίᾳ
3599 1582 3762 1647 Θεοῦ,
3806 1581 3892 1634 καὶ

648 1679 808 1741 αύτὸς
840 1681 985 1731 ἐστιν
1005 1680 1033 1731 ὁ
1065 1681 1173 1733 τῶν
1197 1681 1473 1749 στεφάνων
1506 1682 1810 1753 διανομεύς.

724 1770 883 1826 Vens.
912 1770 965 1833 8,
1008 1771 1061 1826 9.
1095 1769 1334 1841 Clangite
1368 1773 1490 1826 tuba
1526 1789 1677 1842 super
1707 1774 1882 1835 colles,
1914 1782 2095 1827 senate
2124 1789 2214 1826 su‘

2388 1772 2731 1824 Σαλπίσατε
2746 1768 3032 1837 σάλπιγγι
3045 1767 3140 1820 ἐπὶ
3160 1764 3292 1831 τοὺς
3316 1764 3602 1829 βουνοὺς,
3624 1764 3891 1833 ἠχήσατε

648 1876 739 1929 per
784 1860 1014 1925 excelsis,
1076 1862 1356 1929 pra’dicate
1407 1862 1459 1914 in
1504 1864 1655 1915 domo
1706 1860 1799 1925 ὢν,
1862 1861 2034 1916 Mente
2078 1864 2212 1916 exci-

649 1952 729 2003 dit
772 1950 1069 2019 Benjamin,
1100 1952 1350 2022 Ephraim
1384 1953 1434 2006 in
1462 1952 1833 2007 desolationem
1890 1954 2062 2022 factus
2116 1963 2211 2007 est.

649 2041 718 2096 In
772 2043 951 2097 diebus
1006 2044 1343 2111 correptionis
1382 2045 1435 2095 in
1497 2044 1727 2098 tribubus
1768 2044 1941 2099 Israel
2013 2046 2215 2099 ostendi

649 2134 849 2201 ﬁdelia.

724 2226 854 2279 [Νι.
888 2225 1068 2281 Planis
1113 2227 1291 2282 verbis
1326 2228 1526 2283 dictum
1572 2238 1655 2284 est
1683 2244 1867 2298 supra,
1921 2230 2216 2285 detestabi-

651 2317 753 2371 lem
800 2316 1085 2372 Jeroboam
1114 2332 1234 2372 cum
1263 2318 1443 2373 vitulis
1476 2322 1655 2375 aureis
1698 2321 1864 2375 etiam
1905 2320 2040 2377 alios
2067 2336 2219 2390 quos-

648 2407 771 2463 dam
826 2408 1138 2463 idololatriae
1184 2409 1531 2480 pestiferique
1597 2413 1800 2467 erroris
1855 2415 2041 2468 modos
2078 2414 2216 2483 apud

649 2499 921 2555 lsraelitas
958 2501 1341 2557 introduxisse.
1393 2503 1800 2571 Snperstitiosis
1838 2505 1980 2558 enim
2025 2506 2220 2560 ritibus

648 2591 880 2646 Chatnos
936 2604 990 2647 et
1058 2592 1391 2663 Beelphegnr
1436 2593 1489 2648 in
1567 2595 1838 2650 montibus
1888 2605 1941 2650 et
1992 2596 2220 2653 collibus

650 2685 752 2738 sub
787 2698 1011 2752 quercu,
1041 2693 1097 2739 et
1123 2684 1339 2754 populo,
1379 2695 1435 2739 et
1486 2685 1678 2739 arbore
1710 2686 1961 2741 umbrosa
1995 2701 2218 2741 venera-

650 2774 867 2829 bantur.
904 2774 1231 2829 Visebantur
1268 2784 1468 2839 autem,
1509 2785 1568 2830 ut
1597 2776 1739 2843 dixi,
1768 2777 1929 2832 etiam
1957 2779 2009 2831 in
2035 2777 2221 2835 Bethel

650 2875 707 2919 et
745 2865 854 2919 Dan
890 2865 1040 2919 vituli
1074 2866 1245 2919 aurei.
1283 2864 1350 2920 Et
1393 2866 1507 2922 lucc
1538 2867 1756 2936 quidem
1802 2865 2020 2923 lsraelis
2061 2870 2221 2923 sedu-

652 2957 761 3012 ctio
802 2954 920 3009 fuit.
948 2955 1115 3010 Judas
1148 2966 1348 3023 autem,
1375 2958 1488 3012 sive
1532 2958 1834 3029 Benjantin,
1873 2959 2222 3015 nihilominus

652 3048 858 3103 seducti
898 3057 1043 3112 sunt,
1065 3055 1118 3101 et
1145 3048 1822 3113 Astarten,olfendiculum
1877 3052 2219 3106 Sidoniornm

2315 1863 2409 1917 ἐπὶ
2431 1862 2547 1915 τῶν
2580 1860 2853 1931 ὑψηλῶν,
2886 1859 3181 1927 κηρύξατε
3200 1858 3267 1911 ἐν
3292 1856 3370 1921 τῷ
3389 1858 3532 1922 οἴκῳ
3553 1859 3659 1912 Ὧν
3685 1873 3701 1888 ⁸
3741 1858 3889 1922 Ἐξέ-

2316 1972 2430 2020 om
2453 1953 2750 2023 Βενιαμὶν,
2779 1952 3026 2022 Ἐφραῒμ
3047 1952 3131 2017 είς
3147 1950 3490 2019 ἀφανισμὸν
3514 1949 3773 2018 ἐγένετο.
3806 1951 3891 2003 Ἐν

2316 2043 2560 2111 ἡμέραις
2606 2040 2860 2110 ἐλέγχου
2907 2042 2978 2096 ἐν
3021 2038 3148 2106 ταῖς
3201 2037 3423 2108 φυλαῖς
3482 2037 3589 2092 τοῦ
3649 2038 3889 2107 Ἰσραὴλ

2318 2134 2518 2199 ἔδειξα
2565 2133 2771 2187 πιστά.

2387 2227 2529 2294 NCT.
2560 2226 2889 2297 Προείρηται
2923 2224 3131 2294 σαφῶς,
3163 2224 3245 2277 ὅτι
3300 2225 3434 2295 πρὸς
3466 2226 3583 2287 ταῖς
3629 2224 3887 2295 δαμάλεσι

2317 2322 2434 2382 ταῖς
2464 2323 2689 2390 χρυσαῖς
2719 2320 2813 2373 καλ¹
2868 2320 3090 2390 ἐτέρους
3124 2322 3237 2381 τοῖς
3272 2318 3331 2382 ἐξ
3371 2318 3587 2389 Ἰσραὴλ
3616 2320 3890 2373 είδωλολ.α‹

2317 2413 2475 2482 τρίας
2513 2412 2732 2481 ὀλέθρου
2762 2429 2820 2464 τε
2852 2411 2948 2465 καὶ
3003 2410 3209 2481 πλάνης
3246 2412 3589 2479 εἰσκεκύμικε
3613 2413 3888 2483 τρόπουςὸ

2320 2504 2594 2574 ἐπάρατος
2626 2502 2925 2573 Ἱεροϐοάμ.
2966 2501 3327 2572 Ἐθρήσκευον
3354 2502 3463 2573 γὰρ
3513 2504 3569 2556 ὲν
3603 2502 3757 2572 ὄρεσι
3803 2502 3887 2555 καὶ

2323 2595 2527 2664 βουνοῖς
2552 2595 2643 2647 τὸν
2666 2592 2891 2665 Χαμὼς,
2922 2594 3011 2646 τὸν
3047 2593 3389 2664 Βεελφεγὼρ,
3426 2595 3683 2647 ὑποκάτω
3717 2594 3882 2665 δρυὸς,

2321 2688 2414 2739 καὶ
2448 2685 2667 2757 λεύκης,
2707 2686 2800 2738 καὶ
2854 2684 3071 2755 δένδρου
3104 2686 3504 2748 συσκιάζοντοςο
3545 2681 3686 2755 ἦσαν
3718 2685 3792 2746 δὲ,
3820 2683 3887 2746 ὡς

2320 2778 2475 2848 ἔφην,
2506 2777 2600 2830 καὶ
2626 2779 2682 2831 ὲν
2708 2776 2907 2847 Βαιθὴλ
2940 2779 3035 2829 καὶ
3068 2780 3122 2829 ἐν
3149 2778 3254 2829 Δὰν
3301 2777 3355 2829 αἱ
3387 2780 3583 2847 χρυσαί
3611 2777 3882 2846 δαμάλεις.

2333 2870 2471 2923 Ἀλλ’
2497 2870 2591 2940 ἥδε
2617 2868 2713 2940 μὲν
2737 2867 2831 2920 τοῦ
2873 2867 3085 2939 Ἰσραὴλ
3110 2869 3142 2937 ἡ
3185 2866 3465 2936 πλάνησις.
3494 2867 3549 2919 '0
3579 2866 3635 2919 δέ
3671 2884 3734 2934 γε
3763 2864 3884 2918 Ἰού⁴

2320 2963 2435 3027 δας,
2472 2964 2639 3032 ἧγουν
2664 2961 2692 3013 ὁ
2723 2960 3004 3029 Βενιαμὶν,
3038 2958 3188 3011 οὐδὲν
3218 2954 3379 3029 ἦττον
3410 2957 3772 3027 πεπλάνηντο,
3803 2954 3885 3007 καὶ

2322 3051 2715 3122 λελατρεύκασι
2748 3051 2846 3120 μὲν
2874 3052 2940 3120 τῇ
2980 3048 3245 3119 Ἀστάρτῃ
3282 3046 3710 3118 προσοχθίσματι
3738 3045 3883 3099 Σιδω-

651 3138 951 3195 coluerunt.
984 3138 1266 3208 Supplices
1293 3139 1491 3193 ﬁebant
1525 3150 1782 3209 praeterea
1818 3141 1936 3206 soli,
1963 3144 2105 3210 quod
2134 3156 2218 3196 no-

2326 3146 2474 3197 νίων.
2516 3142 2895 3214 Προσεκύνουν
2931 3142 2989 3195 δὲ
3019 3140 3112 3195 καὶ
3142 3141 3220 3210 τῷ
3267 3139 3420 3210 ἡλίῳ,
3454 3141 3548 3192 καὶ
3579 3140 3739 3193 τοῦτο
3768 3139 3884 3207 ἡμῖν

650 3231 735 3287 bis
763 3231 922 3285 etiam
948 3246 1041 3299 per
1068 3229 1403 3284 Ezechielem
1433 3231 1670 3299 liquebit.
1714 3231 1909 3285 Ductus
1939 3242 2023 3285 est
2056 3232 2219 3295 enim,

654 3331 713 3378 ut
735 3324 923 3379 scribit
948 3327 1080 3391 ipse,
1112 3323 1535 3394 Hierosolymam
1565 3325 1615 3377 in
1651 3325 1853 3380 visiOne
1878 3326 1991 3380 Dei.
2026 3326 2225 3380 Deinde

654 3413 791 3469 vidit
818 3413 1185 3467 seductionem
1231 3412 1530 3466 incolarum
1580 3413 1716 3482 ejus.
1747 3432 1764 3464 ι
1802 3414 1917 3467 Vidi
1952 3414 2115 3476 enim,
2143 3416 2223 3467 in-

650 3505 789 3575 quit,
851 3505 1002 3573 quasi
1057 3504 1241 3574 viginti
1297 3504 1535 3572 quinque
1594 3506 1756 3559 viros.
1798 3504 1963 3559 Dorsa
2037 3520 2222 3561 eorum

651 3608 838 3654 contra
867 3598 1119 3667 templum
1161 3596 1392 3662 Domini,
1423 3607 1479 3652 et
1511 3598 1677 3652 lacies
1698 3612 1879 3653 eorum
1918 3607 2128 3658 contra,
2172 3606 2225 3651 et

653 3689 738 3743 isti
760 3689 1057 3744 adorabant
1080 3689 1245 3743 solem
1265 3690 1332 3743 ad
1360 3688 1622 3743 orientem
1654 3688 1752 3742 “.i
1783 3686 2075 3743 Considera
2094 3702 2224 3755 ergo

650 3781 918 3847 quomodo
951 3791 1156 3848 pestem
1180 3788 1235 3834 et
1259 3778 1483 3834 exitium
1514 3779 1662 3833 varie
1687 3780 1787 3834 sibi
1817 3780 2222 3849 comparabant,

652 3870 835 3925 multis
884 3872 1056 3926 modis
1108 3871 1272 3925 Deum
1326 3870 1658 3927 oll‘endentes
1707 3879 1764 3925 et
1800 3870 2093 3924 irritantes.
2124 3869 2224 3924 Vo-

654 3964 825 4017 lentes
869 3963 1029 4030 igitur
1055 3962 1218 4015 etiam
1268 3962 1319 4016 in
1365 3962 1663 4033 propinqua
1694 3962 2096 4030 exspectatione
2127 3974 2222 4028 po-

652 4056 788 4109 sitos
818 4061 1030 4108 vastare
1070 4052 1392 4119 Samariam,
1428 4064 1481 4107 et
1505 4068 1609 4107 non
1640 4066 1830 4122 parum
1891 4050 2220 4104 conturbare

652 4144 993 4211 Jerusalem,
1040 4146 1326 4215 Assyrios,
1376 4147 1614 4213 inquam,
1665 4152 1720 4198 et
1760 4142 1975 4206 Persas,
2031 4151 2087 4194 et
2119 4139 2219 4194 Da-

654 4252 956 4300 mascenos,
987 4236 1154 4307 Syros
1202 4243 1328 4306 puta
1350 4237 1367 4307 (
1393 4238 1707 4290 invaserunt
1729 4235 1871 4290 enim
1900 4233 2058 4287 ambo
2109 4232 2223 4287 suis

654 4326 1005 4394 temporibus,
1057 4325 1191 4380 alias
1236 4325 1341 4379 alia
1393 4325 1459 4380 de
1478 4339 1641 4379 causa
1697 4324 1762 4377 ad
1811 4323 1913 4378 hoc
1968 4320 2218 4391 incitati)

2328 3236 2553 3307 ἐναργὲς
2600 3235 2755 3287 ἔσται
2815 3233 2978 3287 πάλιν
3017 3234 3103 3286 διὰ
3146 3232 3329 3302 φωνῆς
3379 3230 3659 3301 Ἰεζεχιήλ.
3719 3228 3882 3299 Ἢχθη

2328 3329 2426 3397 μὲν
2455 3328 2582 3399 γὰρ,
2606 3326 2681 3390 ὣς
2701 3342 2863 3395 φησιν
2902 3325 3084 3388 αὐτὸς,
3109 3326 3188 3386 εἰς
3230 3323 3597 3393 Ἱεροσόλυμα,
3629 3323 3687 3373 ὲν
3710 3320 3884 3392 ὁράσει

2324 3418 2478 3472 Θεοῦ.
2506 3414 2639 3470 Εἶτα
2668 3416 2920 3469 τεθέαται
2972 3415 3072 3489 τὴν
3131 3414 3239 3466 τῶν
3284 3415 3633 3466 ἐνοικούντων
3664 3411 3881 3481 πλάνην.

2332 3528 2348 3560 ι
2384 3506 2537 3563 Εἶδον
2569 3507 2698 3578 γὰρ,
2726 3507 2911 3577 φησιν,
2948 3505 3022 3568 ὡς
3049 3505 3220 3557 εἴκοσι
3248 3504 3341 3557 καὶ
3374 3503 3534 3556 πέντε
3573 3503 3772 3574 ἄνδρας
3792 3542 3807 3565 ,
3826 3499 3884 3552 τά

2322 3597 2543 3651 ὀπίσθια
2574 3597 2753 3649 αὐτῶν
2784 3594 2919 3667 πρὸς
2952 3595 3043 3648 τὸν
3081 3595 3206 3647 ναὸν
3232 3594 3461 3664 Κυρίου,
3489 3594 3583 3647 καὶ
3616 3595 3685 3648 τὰ
3726 3593 3879 3663 πρόσ-

2325 3702 2452 3739 ωπα
2486 3684 2666 3737 αὐτῶν
2699 3683 2980 3749 ἀπέναντι,
3024 3684 3118 3737 καὶ
3181 3676 3324 3736 οὗτοι
3358 3684 3727 3754 προσεκύνουν
3756 3682 3882 3736 κατὰ

2325 3776 2589 3840 ἀνατολὰς
2617 3776 2695 3846 τῷ
2716 3776 2867 3847 ἡλίῳ.
2909 3796 2927 3827 ι
2969 3776 3159 3846 Ἀθρει
3194 3778 3257 3848 δὴ
3281 3773 3371 3831 οὖν
3400 3778 3548 3839 ὅπως
3581 3776 3882 3849 ἐμερίζοντο

2323 3869 2421 3937 τὴν
2446 3868 2740 3931 ἀπώλειαν,
2759 3867 2900 3921 κατά
2922 3867 3148 3930 πολλοὺς
3181 3868 3611 3939 προσκρούοντες
3640 3870 3879 3938 τρόπους,

2323 3963 2417 4016 καὶ
2445 3959 2736 4023 λυποῦντες
2759 3959 2911 4014 Θεόν.
2946 3960 3153 4013 Ούκοῦν
3178 3964 3288 4023 τοῖς
3305 3959 3607 4031 καταδῃοῦν
3632 3960 3878 4020 ἐθέλουσι,

2324 4055 2416 4109 καὶ
2448 4055 2570 4106 ὅσον
2619 4051 2829 4105 οὐδέπω
2876 4052 3363 4122 προσδοκωμένοις,
3394 4052 3491 4122 τὴν
3548 4053 3879 4122 Σαμάρειαν,

2324 4145 2416 4196 καὶ
2449 4142 2696 4212 θορυϐεῖν
2722 4142 2780 4194 ού
2815 4142 3049 4213 μετρίως
3093 4141 3341 4212 μέλλουσι
3379 4141 3476 4212 τὴν
3518 4140 3877 4213 Ἰερουσαλὴμ,

2334 4235 2639 4307 Ἀσσυρίοις
2664 4252 2720 4287 τε
2762 4235 2923 4305 φημὶ,
2952 4235 3048 4287 καὶ
3090 4233 3355 4303 Πέρσαις,
3384 4232 3477 4285 καὶ
3515 4235 3627 4294 τοῖς
3660 4231 3768 4285 ἀπὸ
3791 4233 3880 4282 Δα-

2325 4325 2558 4398 μασκοῦ,
2591 4326 2731 4395 φημὶ
2755 4324 2841 4394 δὴ,
2875 4327 2987 4387 τοῖς
3019 4323 3209 4394 Σύροις
3242 4322 3444 4393 (ἔθεντο
3464 4322 3571 4395 γὰρ
3596 4321 3879 4393 ἀμφότεροι

653 4415 725 4469 ob
763 4430 966 4470 moram
990 4424 1046 4471 et
1082 4416 1484 4470 cunctationem
1516 4413 1831 4483 irruptionis
1857 4421 2064 4466 tantunt
2114 4426 2218 4465 non

2322 4415 2464 4469 κατά
2490 4416 2735 4485 καιροὺς,
2767 4413 2913 4467 ἄλλοι
2942 4430 3001 4465 τε
3050 4413 3224 4476 ἄλλως
3272 4414 3349 4476 εἰς
3379 4412 3535 4466 τοῦτο
3582 4408 3881 4482 παραθηγό-

649 4506 918 4575 objurgat,
944 4514 997 4558 et
1024 4504 1189 4560 ordiri
1215 4505 1409 4559 bellum
1427 4504 1668 4573 iubebat,
1708 4502 2218 4571 eircumclangentes

2326 4507 2519 4574 μενοι),
2547 4504 2826 4575 μονονουχὶ
2857 4504 2952 4558 καὶ
2989 4502 3206 4571 ἐγκαλεῖ
3248 4502 3349 4574 τῆς
3390 4502 3576 4573 ἐφόδου
3629 4503 3730 4574 τὴν
3769 4498 3881 4570 μέλ-

651 4595 904 4657 buccina,
933 4603 1309 4661 terrarumque
1346 4592 1610 4661 primitias
1664 4590 1933 4647 mentibus
1975 4592 2218 4646 seducto-

2322 4594 2475 4666 λησιν
2503 4609 2517 4622 ·
2549 4591 2892 4664 ἀπάρχεσθαι
2914 4591 2971 4645 δὲ
3000 4592 3100 4663 ἥδη
3133 4591 3227 4646 τοῦ
3257 4592 3491 4663 πολέμου
3522 4594 3845 4665 προστέταχε
3864 4626 3877 4651 ,

651 4702 771 4740 rum
825 4686 1166 4740 incutientes.
1197 4685 1307 4756 87
1354 4684 1615 4751 Quoniam
1666 4682 1810 4737 enim
1852 4696 1946 4738 eos
2001 4691 2058 4738 et
2103 4697 2222 4738 sor-

651 4786 732 4831 tes
781 4776 1019 4845 ipsorum
1058 4774 1245 4846 rubigo
1279 4776 1597 4830 devoratura
1629 4774 1752 4846 est(
1773 4775 2005 4829 diximus
2042 4783 2222 4829 autem

649 4881 752 4921 nos
827 4865 1123 4933 rubiginem
1185 4865 1362 4921 vocari
1426 4866 1606 4922 clades
1662 4867 1885 4922 belliret
1936 4864 2223 4920 desolatio-

650 4970 771 5009 nem
802 4955 852 5023 ),
882 4956 1080 5009 docens
1114 4955 1311 5008 malum
1362 4956 1462 5010 hoc
1495 4970 1615 5011 esse
1647 4970 1810 5025 supra
1866 4962 2046 5023 caput,
2091 4953 2209 5007 bre-

651 5046 809 5112 vique
840 5054 1179 5111 eventurum,
1215 5046 1339 5100 tuba
1375 5060 1573 5101 canere
1603 5045 1990 5100 convenienter
2040 5045 2222 5099 admo-

650 5142 776 5191 dum
847 5138 1023 5209 jussit,
1067 5147 1123 5192 et
1178 5147 1303 5193 ante
1362 5137 1466 5192 alia
1514 5151 1677 5206 super
1721 5135 1854 5191 locis
1912 5133 2217 5199 idolorum;

650 5240 743 5282 ant
768 5238 828 5283 ut
854 5230 1247 5298 quamprimum
1298 5228 1663 5285 incendendos
1700 5238 1756 5283 et
1783 5228 2093 5296 diruendos,
2128 5237 2222 5282 aut

650 5321 775 5387 quia
818 5321 917 5389 ipsi
956 5320 1394 5375 commoditatem
1438 5319 1682 5374 bellicam
1730 5318 2011 5385 baberent,
2038 5328 2093 5374 et
2136 5321 2218 5374 in-

650 5413 716 5466 de
746 5413 992 5467 seductos
1043 5410 1392 5465 infestissime
1427 5424 1736 5479 oppugnare
1762 5410 1965 5466 liceret.
1993 5411 2215 5479 Quando

652 5503 835 5572 itaque
877 5504 1008 5559 dicit
1040 5503 1342 5557 canendum
1386 5504 1509 5557 tuba
1539 5516 1698 5573 super
1742 5504 1928 5567 colles,
1964 5514 2019 5559 et
2049 5518 2214 5573 super

649 5597 882 5656 excelsa,
916 5605 969 5648 et
1011 5596 1063 5648 in
1110 5594 1270 5647 domo
1298 5593 1393 5657 ὢν,
1442 5595 1701 5649 idolorum
1762 5597 1876 5652 loca
1926 5596 2208 5669 intelliges.

723 5772 769 5804 "
808 5771 947 5827 l‘sal.
987 5788 1112 5835 xxx,
1158 5772 1238 5825 lb'.
1319 5775 1356 5804 “
1387 5774 1583 5830 Ezccb.
1620 5791 1733 5840 vm,
1768 5775 1848 5830 16.

1420 6536 1479 6548 ⁵ΑΔ..
1496 6534 1737 6548 ..ηραν-..κ

2322 4702 2387 4739 πε
2399 4684 2715 4755 ριηχοῦντας
2739 4685 2858 4747 ταῖς
2884 4683 3161 4752 σάλπιγξι,
3198 4686 3293 4737 καὶ
3319 4684 3418 4748 τὰς
3442 4683 3551 4737 τῶν
3582 4684 3878 4755 δειγμάτων

2319 4776 2573 4847 ἀπαρχὰς
2620 4777 2740 4838 ταῖς
2790 4774 2901 4829 τῶν
2947 4776 3315 4848 πλανωμένων
3367 4778 3609 4841 ἐνιέντας
3673 4777 3875 4847 ψυχαῖς.

2330 4869 2546 4941 Ἐπειδὴ
2579 4868 2707 4940 γάρ,
2736 4869 2861 4941 ἔφη,
2892 4869 2986 4923 νύν
3017 4870 3391 4939 καταφάγεται
3422 4871 3617 4933 αὐτοὺς
3648 4873 3681 4940 ἡ
3710 4867 3878 4941 ὲρυσί-

2328 4959 2396 5029 ϐη
2428 4959 2523 5014 καὶ
2570 4960 2697 5022 τοὺς
2754 4959 2985 5030 κλήρους
3027 4958 3206 5012 αὐτῶν
3257 4959 3555 5029 (ἐλέγομεν
3587 4958 3644 5011 δὲ
3697 4957 3874 5028 ἡμεῖς.

2323 5049 2584 5122 ἐρυσίϐην
2625 5049 2939 5120 ὠνομάσθαι
2988 5048 3085 5120 τὴν
3115 5051 3180 5102 ὲκ
3228 5049 3322 5102 τοῦ
3356 5049 3596 5119 πολέμου
3653 5048 3877 5101 κάκωσιν

2323 5142 2416 5196 καὶ
2440 5142 2533 5194 τὸν
2565 5142 2912 5213 ἀφανισμὸν),
2931 5142 3194 5195 διδάσκων
3225 5144 3308 5196 ὅτι
3332 5141 3554 5210 γέγονεν
3573 5139 3665 5193 ἐπὶ
3682 5137 3873 5209 θύραις.

2323 5232 2657 5301 συμϐήσεται
2713 5232 2791 5296 δὲ,
2839 5233 2933 5285 καὶ
2976 5233 3075 5284 οὐκ
3104 5232 3185 5295 είς
3239 5230 3474 5303 μακράν,
3530 5229 3801 5294 σαλπίζειν
3824 5216 3874 5275 εὖ

2328 5325 2474 5394 μάλα
2506 5323 2864 5395 προστέταχε,
2898 5324 2991 5376 καὶ
3021 5324 3127 5394 πρό
3152 5340 3216 5391 γε
3253 5323 3361 5376 τῶν
3390 5322 3561 5376 ἄλλων
3618 5321 3713 5375 ἐπὶ
3768 5317 3875 5375 τοὺς

2322 5416 2429 5470 τῶν
2454 5416 2687 5469 εἰδώλων
2713 5416 2911 5480 τόπους
2939 5433 2949 5444 ·
2971 5416 3003 5486 ἦ
3032 5416 3108 5479 ὡς
3133 5417 3254 5469 ὅσον
3278 5416 3483 5469 οὐδέπω
3511 5408 3876 5485 καταπρησθῆ-

2323 5506 2509 5561 σεσθαι
2561 5508 2849 5578 μέλλοντας
2910 5508 3004 5561 καὶ
3067 5507 3548 5579 σεισθησομένους,
3600 5507 3759 5576 ἡγουν
3804 5501 3873 5551 ὅτι

2319 5597 2605 5667 γεγόνασιν
2655 5597 2805 5651 αύτοὶ
2856 5597 2949 5652 τοῦ
3008 5598 3243 5670 πολέμου
3297 5598 3567 5669 πρόφασις
3637 5596 3729 5649 καὶ
3788 5586 3873 5656 τῆς

4013 696 4015 827 l
