4094 6548
291 358 399 416 N9

1209 359 1755 419 COMMENTARIUS
1793 360 1861 417 IN
1898 357 2126 415 OSEAM
2166 351 2604 412 PROPBETAM.
2697 355 2700 361 ’

3439 350 3547 408 1Ξῖο

289 477 593 538 ἀνηκέστου
628 479 914 549 συμφορᾶς
943 481 1052 542 τοῖς
1084 480 1539 552 πεπλανημένοις.
1575 485 1744 536 Ὅταν
1775 478 1865 536 οῦν

1972 479 2257 534 Sciendum
2303 494 2428 534 vero
2488 479 2619 532 alios
2666 477 3016 546 interpretes,
3045 475 3184 545 quod
3233 473 3425 527 attinet
3476 475 3542 528 ad

288 565 430 639 λέγῃ
459 567 519 621 τὸ
551 568 742 638 χρῆναι
773 569 1053 634 σαλπίζειν
1083 571 1177 624 ἐπὶ
1220 573 1342 636 τοὺς
1375 575 1616 643 βουνοὺς,
1651 575 1742 627 καὶ
1773 575 1866 626 ἐπὶ

287 659 363 713 τὰ
411 660 610 732 ὑψηλὰ,
653 662 747 714 καὶ
784 663 842 714 ἐν
894 662 971 733 τῷ
1001 665 1132 735 οἴκῳ
1165 666 1279 728 Ὢν,
1325 667 1452 729 τοὺς
1483 667 1589 721 τῶν
1636 666 1865 720 εἰδώλων

289 752 508 821 νοήσεις
529 753 745 815 τόπους.
787 753 981 806 ’ἰστέον
1005 753 1080 820 δὲ,
1125 755 1206 808 ὅτι
1241 760 1354 820 τοῖς
1391 757 1568 822 ἄλλοις
1600 759 1866 827 ἑρμηνευ-

287 844 412 905 ταῖς
443 844 524 904 είς
556 843 636 908 τὸ,
673 844 795 898 «Ἐν
822 843 899 914 τῷ
931 844 1062 916 οἴκῳ
1098 846 1243 908 Ὢν,»
1281 848 1341 900 οὐ
1379 848 1781 920 συνηνέχθησαν
1815 849 1865 900 οἱ

303 934 733 1005 Ἐδδομήκοντα.
774 938 837 991 OE
871 938 970 1008 μὲν
1020 940 1130 1008 γὰρ
1182 942 1462 1013 εἰρήκασιν
1495 957 1508 971 ·
1543 961 1560 992 ι
1595 943 1689 1005 Εἰς
1718 935 1867 994 οἷκον

290 1024 622 1093 ἀνωφελοῦς,
650 1045 667 1078 ι
708 1027 1004 1094 τουτέστιν,
1035 1030 1252 1084 εἰδώλου
1283 1032 1503 1095 παντός’
1533 1034 1582 1086 οἱ
1613 1033 1692 1096 δὲ,
1731 1051 1750 1084 ι
1776 1033 1866 1086 Ἐν

289 1115 372 1188 τῷ
403 1117 537 1188 οίκῳ
564 1119 688 1172 Ὠν.
737 1140 755 1170 ι
801 1120 1111 1191 Οίησόμεθα
1139 1121 1203 1193 δὴ
1233 1118 1346 1189 οῦν,
1377 1126 1552 1177 ἐκεῖνο
1582 1123 1865 1194 βούλεσθαι

290 1209 411 1261 νυνὶ
435 1209 522 1262 τὸν
550 1212 881 1281 προφητικὸν
907 1214 1038 1282 ἡμῖν
1064 1214 1412 1287 ὑποσημῆναι
1441 1215 1617 1284 λόγον,
1646 1216 1727 1269 ὅτι
1760 1215 1866 1287 χρὴ

293 1300 578 1364 σαλπίζειν
623 1303 840 1367 αὐτοὺς,
872 1305 971 1358 οὐκ
1006 1305 1098 1358 ἐπὶ
1125 1307 1318 1376 μόνους
1351 1309 1477 1371 τοὺς
1513 1307 1732 1377 βουνοὺς
1772 1307 1867 1360 καὶ

289 1390 362 1443 τὰ
394 1391 589 1462 ὑψηλὰ,
625 1393 919 1459 τουτέστιν,
963 1396 1022 1448 οὑ
1076 1397 1216 1450 κατά
1247 1399 1414 1470 μόνης
1456 1399 1556 1468 τῆς
1588 1399 1868 1452 εἰδωλολα-

289 1482 452 1552 τρίας
475 1483 570 1537 τοῦ
609 1485 851 1556 Ἰσραὴλ,
905 1489 1022 1558 ῆτοι
1073 1488 1182 1540 τῶν
1225 1489 1354 1542 δέκα
1418 1489 1600 1560 φυλῶν
1645 1491 1753 1544 τῶν
1809 1493 1866 1544 ὲν

291 1572 594 1644 Σαμαρείᾳ,
629 1575 761 1630 ἀλλὰ
789 1578 882 1630 καὶ
916 1579 1054 1632 κατὰ
1081 1579 1283 1650 ταύτης
1316 1581 1412 1650 τῆς
1466 1581 1637 1652 οῦσης
1671 1584 1727 1636 ἐν
1755 1585 1866 1646 τοῖς

305 1659 697 1733 Ἱεροσολύμοις
721 1665 873 1736 παρά
922 1683 979 1718 τε
1016 1666 1091 1738 τῷ
1130 1667 1298 1738 Ἰούδᾳ
1346 1671 1440 1721 καὶ
1477 1668 1554 1739 τῷ
1583 1669 1862 1740 Βενιαμίν.

296 1752 673 1823 Προσεκῦνουν
703 1757 832 1828 γὰρ.
869 1757 942 1822 ώς
971 1757 1125 1828 ἔφην,
1156 1758 1233 1829 τῷ
1258 1759 1390 1831 ἡλίῳ
1421 1761 1542 1829 (Ὢν
1583 1760 1639 1813 δέ
1665 1761 1811 1814 ἐστιν
1837 1761 1865 1814 ό

291 1843 444 1914 ἥλιος
462 1845 499 1916 ),
520 1845 652 1900 Θεὸν
691 1849 1005 1918 ῥιπτοῦντες
1043 1850 1292 1914 κατόπιν,
1331 1852 1422 1904 καὶ
1453 1853 1863 1924 ἀποστρεφόμε-

291 1951 376 1989 νοι
401 1938 469 1990 τὰ
502 1939 688 1992 αὐτοῦ.
717 1939 886 1993 Τοῦτο
939 1940 1048 2011 γὰρ
1097 1937 1247 2012 οἶμαι
1287 1943 1499 2014 δηλοῦν,
1532 1943 1592 1996 τὸ
1627 1944 1770 2014 ἔχειν
1797 1945 1867 1998 τὰ

294 2029 518 2082 ὀπίσθια
551 2031 686 2102 πρὸς
714 2032 805 2085 τὸν
827 2033 950 2086 ναὸν
983 2033 1207 2104 Κυρίου,
1237 2036 1329 2088 καὶ
1367 2034 1434 2088 τὰ
1455 2036 1719 2105 πρόσωπα
1766 2038 1865 2091 αὑ-

290 2117 406 2170 τῶν
433 2119 712 2184 ἀπέναντι,
746 2121 901 2191 δῆλον
933 2124 987 2176 δὲ
1022 2125 1103 2177 ὅτι
1156 2123 1248 2177 τοῦ
1290 2125 1457 2195 ἡλίου.
1490 2127 1654 2178 Ὅταν
1688 2126 1866 2179 τοίνυν

294 2210 536 2281 ἀκούσῃς
578 2213 657 2276 τὸ,
718 2232 735 2264 ι
767 2212 856 2267 Ἐν
876 2214 952 2285 τῷ
980 2216 1113 2286 οἴκῳ
1153 2217 1251 2269 Ὢν
1271 2259 1285 2281 ,
1327 2237 1344 2270 ι
1404 2213 1552 2271 οἷκον
1581 2219 1612 2290 ἢ
1643 2219 1867 2290 τέμενος

290 2301 509 2371 νοήσεις
553 2301 674 2356 θεοῦ
705 2303 1055 2375 ψευδωνύμου
1088 2307 1286 2370 παντὸς
1323 2309 1416 2362 καὶ
1473 2311 1864 2382 πεποιημένου,

292 2391 414 2461 ἦτοι
435 2391 530 2445 τοῦ
562 2393 731 2464 ἡλίου.
776 2397 1011 2450 Ἀτοπον
1055 2399 1112 2451 δὲ
1165 2399 1336 2465 οὐδὲν,
1375 2401 1407 2471 ῆ
1440 2401 1700 2455 ἀπίθανον
1727 2398 1866 2457 εἶναι

290 2497 371 2553 τῳ
407 2483 606 2545 δόξειεν
642 2486 728 2549 ἂν,
759 2483 905 2540 οἶκον
938 2489 1088 2558 ἡλίου
1116 2491 1238 2553 τοὺς
1269 2490 1403 2562 ἡλίῳ
1428 2493 1866 2563 προσκυνοῦντας

287 2575 526 2628 νοεῖσθαί
585 2593 644 2628 τε
693 2577 786 2630 καὶ
823 2579 1203 2649 ὀνομάζεσθαι,
1259 2582 1508 2655 καθάπερ
1537 2585 1728 2655 ἀμέλει
1773 2587 1866 2639 καὶ

286 2659 438 2728 οἶκος
468 2667 601 2720 Θεοῦ
626 2669 866 2740 νοηθεῖεν
896 2671 960 2724 ἂν
985 2675 1032 2725 oi
1063 2673 1130 2726 τὰ
1170 2673 1332 2726 αὐτοῦ
1365 2675 1715 2744 φρονοῦντες,
1773 2677 1866 2729 καὶ

286 2758 443 2827 αὐτῷ
469 2758 528 2811 τὸ
556 2759 716 2824 σέϐας
749 2763 1094 2826 ἀνάπτοντες.
1154 2765 1216 2818 Εἰ
1244 2763 1301 2818 δὲ
1354 2764 1612 2835 βούλοιτό,
1650 2784 1735 2831 τις
1770 2769 1866 2821 καὶ

287 2847 392 2918 τὴν
413 2847 646 2918 δάμαλιν
680 2850 778 2920 τὴν
829 2851 1036 2922 χρυσῆν
1073 2853 1168 2904 Ὣν
1209 2852 1607 2919 ὀνομάζεσθαι,
1647 2855 1864 2926 φορέσει

287 2938 388 2990 atat
412 2937 582 3002 οὕτως
607 2947 668 2992 τό
703 2939 927 2995 πιθανὸν
955 2943 984 2994 ό
1020 2941 1194 3010 λόγος.
1242 2943 1299 2996 Ὀ
1340 2943 1438 3013 μὲν
1469 2944 1576 3015 γὰρ
1610 2944 1867 3016 θεομισὴς

301 3027 584 3098 Ἰεροΰοᾶμ
615 3030 750 3100 πρὸς
798 3030 858 3083 τὸ
891 3031 999 3085 τῶν
1041 3029 1350 3099 Αἰγυπτίων
1385 3034 1570 3098 σέϐας,
1617 3036 1758 3106 φημὶ
1803 3036 1865 3107 δὴ

1969 569 2094 623 illud
2131 569 2212 622 «in
2237 569 2392 622 domo
2426 566 2552 631 8w,»
2594 582 2697 620 non
2723 566 3007 620 convenire
3033 581 3152 619 cum
3173 563 3544 634 Septuaginta.

1967 659 2098 713 Nam
2137 658 2211 713 illi
2249 658 2676 713 transtuleruntt
2723 657 2776 709 in
2811 656 3026 710 domum
3088 654 3318 718 inutilis,
3357 673 3374 705 ι
3438 654 3538 707 hoc

1966 761 2068 816 est,
2126 753 2301 806 omnis
2353 749 2501 804 idoli.
2555 749 2654 802 Ast
2709 747 2787 811 lii,
2819 765 2835 798 ι
2867 747 2918 800 ἰιι
2968 747 3126 802 domo
3155 745 3251 800 ῶν.
3287 765 3304 793 ι
3364 747 3545 812 Quare

1968 839 2396 896 existimabimus
2439 837 2566 892 illud
2631 850 2775 890 nunc
2826 835 3196 905 propheticum
3239 849 3545 888 sermonem

1967 932 2101 988 velle
2157 938 2403 1000 oportere
2456 929 2576 984 illos
2633 939 2849 992 cauere,
2882 941 2986 980 non
3017 939 3179 994 super
3206 924 3369 980 colles
3431 936 3546 978 tan-

1971 1032 2078 1076 tum
2108 1031 2163 1076 et
2208 1035 2371 1090 super
2405 1019 2640 1084 excelsa,
2675 1018 2779 1072 hoc
2826 1027 2928 1084 est,
2969 1033 3072 1071 non
3124 1026 3310 1071 contra
3374 1017 3544 1071 solam

1970 1113 2324 1169 idololatriam
2364 1113 2597 1178 lsraclis,
2636 1115 2749 1167 sive
2798 1113 2982 1167 decem
3035 1111 3270 1165 tribuum
3325 1112 3376 1164 in
3441 1109 3538 1163 Sa-

1970 1206 2139 1261 maria
2165 1249 2179 1273 ,
2209 1206 2302 1261 sed
2336 1216 2523 1261 contra
2577 1220 2694 1259 eam
2727 1217 2940 1274 quoque
2994 1217 3116 1272 qum
3145 1213 3264 1256 erat
3298 1199 3546 1254 Hieroso-

1969 1296 2127 1369 lymis
2179 1298 2314 1367 apud
2344 1297 2538 1352 Judam
2577 1304 2632 1350 et
2659 1295 2936 1364 Benjamin
2965 1314 2977 1349 :
3013 1294 3316 1348 adorabunt
3347 1293 3544 1362 quippe

1968 1391 2157 1456 solem,
2194 1399 2254 1444 ιιι
2288 1390 2397 1444 dixi
2424 1388 2534 1460 (ὢν
2556 1399 2733 1443 autem
2775 1397 2857 1443 est
2890 1387 2966 1442 sol
2999 1388 3060 1456 ),
3091 1385 3258 1440 Deum
3291 1394 3410 1456 post
3440 1393 3544 1438 ter-

1967 1499 2091 1553 gum
2127 1480 2490 1552 projicientcs,
2527 1491 2579 1535 et
2609 1494 2765 1535 sacra
2798 1479 2915 1548 ejus
2949 1487 3288 1533 aversantes.
3317 1474 3425 1530 Hoc
3465 1474 3540 1529 si-

1967 1576 2183 1644 quidem
2251 1576 2442 1645 Opinor
2492 1572 2797 1643 signiﬁcare
2881 1570 3024 1640 quod
3093 1568 3390 1638 posteriora
3443 1580 3541 1620 sua

1967 1669 2310 1723 obverterent
2357 1665 2552 1736 templo
2587 1663 2820 1729 Domini,
2847 1672 2900 1717 et
2949 1661 3117 1717 facies
3162 1676 3288 1714 suas
3321 1667 3541 1722 contra,

1968 1759 2108 1815 haud
2131 1759 2314 1825 dubie,
2349 1766 2533 1812 contra
2563 1754 2900 1811 soleni.Cum
2919 1754 3080 1824 igitur
3111 1753 3286 1816 audis,
3312 1769 3329 1801 ι
3358 1751 3409 1804 in
3443 1751 3540 1804 do-

1970 1865 2058 1904 mo
2113 1848 2210 1916 ὣν,
2245 1867 2262 1900 ι
2310 1849 2489 1902 fanum
2530 1853 2620 1905 aut
2655 1846 2737 1901 dei
2785 1845 2994 1915 penitus
3044 1842 3164 1898 falsi
3210 1851 3264 1897 et
3295 1843 3421 1904 ﬁcti,
3449 1848 3542 1894 aut

1969 1942 2098 1997 solis
2148 1940 2402 2010 iutellige.
2477 1937 2621 1992 Nihil
2670 1952 2830 2007 porro
2885 1935 3175 1990 absurdum
3223 1943 3315 1987 aut
3369 1934 3542 1987 incre-

1969 2034 2130 2090 dibile
2165 2032 2392 2103 cuipiam
2443 2030 2702 2095 videatur,
2771 2029 2986 2083 domum
3039 2027 3168 2082 solis
3217 2023 3436 2094 intelligi
3487 2034 3541 2077 et

1967 2126 2224 2197 appellari
2274 2124 2338 2178 iis
2387 2123 2476 2192 qui
2503 2122 2668 2176 solem
2713 2121 2961 2185 adorant,
3001 2118 3453 2189 quemadmodum
3489 2124 3542 2168 et

1968 2215 2182 2269 domum
2220 2215 2311 2268 Dei
2373 2211 2451 2265 fas
2482 2221 2563 2265 est
2607 2209 2907 2279 intelligere
2961 2223 3054 2262 eos
3097 2209 3185 2276 qui
3245 2221 3363 2275 qum
3416 2211 3542 2257 sunt

1970 2309 2113 2363 illius
2163 2309 2410 2378 sapiunt,
2439 2307 2753 2374 cultumque
2794 2318 2858 2358 ac
2915 2300 3315 2355 venerationem
3363 2296 3540 2350 eidem

1968 2401 2305 2470 impendunt.
2343 2398 2493 2466 Quod
2549 2398 2592 2451 si
2634 2395 2721 2451 cui
2794 2392 3047 2465 placebit,
3096 2391 3257 2444 etiam
3313 2388 3538 2441 vitulum

1966 2503 2188 2542 aurettm
2237 2486 2312 2541 ῶν
2361 2488 2563 2554 vocari,
2617 2484 2800 2556 etvsic
2857 2479 3152 2553 probabilis
3192 2479 3298 2535 erit
3342 2476 3536 2530 oratio.

1967 2579 2078 2634 Deo
2124 2579 2266 2634 enim
2309 2579 2514 2634 invisus
2571 2578 2859 2633 Jeroboam
2906 2575 2972 2628 ad
3014 2571 3317 2640 exemplum
3373 2567 3539 2639 [Egy-

1967 2672 2062 2742 ptii
2081 2671 2334 2736 numinis,
2357 2672 2487 2741 Apis
2515 2670 2781 2733 videlicet,
2803 2666 2993 2721 vitulos
3028 2663 3285 2720 conﬂavit
3317 2702 3330 2716 .
3355 2659 3538 2713 Hono—

1968 2771 2156 2817 rarunt
2184 2771 2362 2817 autem
2387 2761 2623 2833 Egyptii
2647 2761 2824 2828 Apim,
2855 2757 2990 2811 luna:
3021 2755 3183 2808 ﬁlimn
3211 2760 3530 2807 asserentes.

1967 2850 2226 2919 Quocirca
2246 2851 2449 2907 etlunae
2469 2850 2752 2921 imaginem
2777 2848 2984 2918 signum
3015 2844 3253 2899 referens
3284 2843 3333 2896 in
3363 2840 3540 2895 fronte

1967 2945 2222 3008 habebat,
2255 2953 2310 2999 et
2348 2943 2503 3013 quasi
2565 2939 2698 2997 solis
2749 2948 2993 3009 nepotem
3053 2933 3345 2989 credebant
3396 2946 3536 2995 esse,

1967 3035 2131 3104 quod.
2163 3043 2220 3087 ut
2260 3033 2358 3104 ipsi
2407 3034 2687 3104 putabant,
2721 3046 2748 3084 a
2793 3029 2905 3084 sole
2942 3029 3068 3082 luna
3123 3025 3536 3079 illuminaretur.

286 3118 385 3172 τὸν
419 3121 604 3183 Ἆπιν,
636 3123 736 3184 τὰς
781 3122 1041 3193 δαμάλεις
1079 3124 1381 3193 είργάζετο.
1429 3125 1766 3196 Τετιμήκασι
1807 3127 1864 3179 δὲ

1971 3125 2330 3193 Quamobrem
2379 3135 2434 3178 ut
2461 3124 2597 3178 luna:
2625 3123 2842 3192 quidem
2875 3121 3064 3186 ﬁlium,
3096 3119 3226 3173 solis
3265 3131 3391 3171 vero
3423 3125 3540 3169 tan-

283 3210 384 3264 τὸν
419 3212 582 3264 Ἀπιν
601 3213 908 3280 Αἰγύπτιοι,
935 3213 1163 3286 σελήνης
1193 3215 1290 3286 μὲν
1312 3215 1500 3270 τέκνον
1530 3214 1665 3270 εἶναι
1686 3217 1869 3286 λέγον-

285 3318 384 3365 τες
425 3303 720 3374 (τοιγάρτοι
769 3305 864 3359 καλ⁸
919 3305 1194 3375 μηνοειδὲς
1223 3306 1314 3358 ἐπὶ
1343 3304 1595 3376 μετώπου
1620 3303 1732 3377 εἶχε
1768 3325 1866 3377 ση-

291 3395 492 3465 μεῖον),
533 3396 752 3464 ἔκγονον
778 3397 834 3450 δὲ
867 3396 1057 3468 ὥσπερ
1097 3397 1248 3470 ἡλίου
1310 3400 1657 3464 πιστεύοντες
1705 3397 1865 3466 εἶναι,

285 3485 383 3540 διὰ
409 3488 488 3550 τὸ,
521 3488 727 3556 κατὰγε
749 3489 807 3541 τὸ
828 3489 1008 3552 αὐτοῖς
1027 3488 1235 3555 δοκοῦν,
1254 3491 1311 3557 ἐξ
1344 3490 1491 3560 ἡλίου
1521 3492 1618 3562 τὴν
1641 3491 1868 3560 σελήνην

289 3580 647 3646 φωτίζεσθαι.
675 3579 882 3634 Οὐκοῦν
916 3580 990 3645 ὠς
1018 3582 1244 3654 σελήνης
1271 3585 1366 3653 μὲν
1390 3585 1599 3646 τέκνον,
1641 3583 1790 3653 ἡλίου
1811 3583 1867 3636 δὲ

288 3669 516 3738 ἔκγονον
538 3672 739 3742 ἐτίμων
768 3672 859 3724 τὸν
888 3674 1075 3726 νΑπιν.
1116 3673 1443 3743 Ἀπεκόμιζε
1471 3675 1527 3726 δὲ
1555 3675 1750 3736 αὐτοὺς
1789 3673 1869 3735 είς

281 3761 451 3816 τοῦτο
473 3762 536 3832 δὴ
567 3764 770 3833 πλάνης
806 3764 896 3817 καὶ
924 3763 1197 3834 λογισμῶν
1216 3761 1531 3833 ἀθλιότητος
1571 3765 1599 3817 ό
1630 3763 1870 3834 πολυμη-

285 3869 460 3922 χανος
511 3853 745 3923 δράκων,
776 3854 1054 3907 τουτέστιν
1087 3855 1114 3905 ὁ
1144 3853 1405 3916 Σατανᾶς.
1456 3852 1748 3915 Σαλπίζειν
1777 3848 1870 3905 οῦν

285 3941 402 4010 ἄρα
438 3941 802 4010 προστέταχεν
830 3941 920 3994 ἐπὶ
951 3941 1074 4003 τοὺς
1125 3941 1364 4010 βουνοὺς,
1407 3939 1500 3993 καὶ
1546 3938 1614 3992 τὰ
1653 3939 1827 4010 ὑψηλά
1853 3979 1868 4006 ,

291 4032 393 4085 καὶ
421 4033 478 4083 ἐν
506 4031 584 4103 τῷ
611 4034 744 4102 οἴκῳ
770 4034 886 4093 Ὢν,
905 4033 1150 4085 τουτέστι
1175 4031 1270 4098 τῆς,
1295 4030 1580 4100 δαμάλεως
1604 4031 1705 4101 τῆς
1733 4048 1869 4102 χρυ-

289 4122 417 4188 σῆς.
455 4123 587 4176 Ποῖα
610 4123 665 4175 δὲ
697 4117 765 4192 ἦν
794 4123 902 4192 ἄρα
943 4121 1011 4174 τὰ
1051 4122 1249 4189 ἀμφοῖν
1289 4119 1642 4190 ἐγκλήματα,
1696 4122 1789 4173 καὶ
1842 4121 1870 4172 δ

286 4213 389 4268 τοῦ
428 4215 624 4285 χρῆναι
677 4213 998 4278 κολάζεσθαι
1048 4213 1224 4280 λόγος,
1271 4213 1590 4281 καθίστησιν
1618 4214 1863 4284 ἐναργὲς,

283 4307 574 4376 ἐπιφέρων
609 4305 792 4369 εὐθύςι
847 4324 866 4356 ι
925 4304 1143 4374 Ἑξέστη
1174 4304 1449 4374 Βενιαμὶν,
1488 4324 1506 4356 ι
1557 4305 1678 4356 ἀντὶ
1736 4305 1865 4372 τοῦ,

284 4398 414 4452 Τῶν
449 4398 592 4451 ἰδίων
624 4397 1018 4466 ὲκπεφοίτηκεν
1052 4394 1187 4448 ἐθῶν
1213 4436 1226 4459 ,
1272 4397 1437 4466 ἡγουν
1459 4435 1473 4457 ,
1504 4395 1602 4464 τῆς
1633 4395 1862 4464 ἀρίστης

1971 3232 2133 3286 quam
2185 3225 2432 3286 nepotem
2478 3214 2772 3269 honoribus
2827 3213 2983 3282 Apim
3049 3209 3537 3281 prosequebantur.

1969 3305 2028 3360 ltt
2063 3305 2203 3360 hanc
2243 3305 2444 3360 erroris
2485 3304 2904 3372 opinionumque
2936 3301 3204 3356 miseriam
3252 3297 3538 3352 multorum

1969 3397 2307 3453 machinator
2353 3395 2537 3462 draco,
2565 3405 2690 3464 puta
2723 3395 2974 3457 Satanas,
3019 3407 3114 3447 eos
3159 3390 3403 3444 abduxit.
3451 3387 3542 3442 Ju-

1969 3490 2060 3543 bet
2102 3502 2232 3558 ergo
2268 3502 2466 3542 canere
2492 3487 2618 3540 tuba
2645 3499 2807 3554 Super
2851 3483 3016 3539 colles
3043 3491 3098 3537 et
3126 3481 3361 3546 excelsa,
3394 3489 3449 3534 et
3477 3479 3534 3534 in

1969 3579 2128 3634 domo
2152 3579 2249 3643 ὢν,
2279 3579 2394 3651 88
2431 3579 2529 3634 hoc
2565 3586 2671 3644 est,
2708 3576 2859 3630 vituli
2891 3575 3062 3629 aurei.
3102 3572 3307 3628 Deinde
3353 3571 3539 3626 statim

1971 3688 2090 3742 quae
2135 3673 2240 3727 sint
2271 3672 2552 3726 amborum
2613 3669 2816 3723 scelera
2863 3675 2916 3720 et
2956 3666 3091 3720 ratio
3140 3679 3312 3735 preme
3361 3663 3537 3717 mani-

1970 3763 2150 3818 festat.
2188 3781 2206 3814 ι
2239 3761 2414 3816 Μειιιε
2446 3758 2975 3828 exceditBenjamin,
3007 3777 3024 3809 ι
3058 3772 3174 3828 pro,
3207 3769 3383 3810 mores
3413 3768 3540 3808 suos

1971 3854 2230 3922 deseruit,
2256 3870 2353 3909 seu
2379 3853 2592 3922 optimae
2621 3850 2832 3905 vivendi
2866 3865 3069 3905 norma:
3098 3848 3383 3909 valedixit;
3413 3861 3540 3900 vere

1971 3945 2112 4000 enim
2154 3946 2254 3999 hoc
2293 3945 2457 3999 verbo
2491 3945 2544 3998 in
2595 3943 2793 3998 malum
2823 3940 3050 3998 mutatio
3077 3938 3296 4008 intelligi
3337 3945 3536 4006 potest.

1977 4054 1994 4086 ι
2025 4035 2090 4089 Ει
2121 4035 2369 4105 Ephraim
2407 4035 2680 4090 desolatus
2711 4042 2810 4088 est.
2846 4051 2864 4084 ι
2907 4030 3286 4086 Verumtamen
3321 4043 3424 4083 non
3465 4029 3538 4080 ita

1974 4129 2085 4180 haec
2134 4141 2364 4196 semper,
2397 4125 2588 4194 inquit.
2628 4144 2646 4176 ι
2674 4125 2727 4178 ln
2774 4124 2965 4178 diebus
2996 4121 3140 4177 enim
3181 4119 3539 4189 correptionis

1972 4219 2176 4286 peccati
2219 4219 2495 4274 amborum
2538 4217 2748 4273 ostendi
2801 4217 3000 4281 ﬁdelia,
3035 4234 3054 4268 ι
3093 4214 3278 4268 ﬁrmos
3300 4222 3353 4268 et
3383 4227 3540 4267 veros

1971 4313 2346 4368 demonstrans
2374 4326 2648 4367 sermones
2692 4325 2860 4366 meos.
2889 4309 3240 4379 Contigerunt
3268 4306 3410 4363 enim
3435 4304 3538 4359 illis

1971 4417 2090 4471 quae
2121 4401 2232 4470 jam
2275 4402 2516 4471 praedixi,
2549 4400 2791 4470 nihilque
2836 4400 3118 4455 verborum
3152 4412 3393 4453 meorum
3446 4411 3539 4450 eos

284 4487 570 4543 ἀπώλισθε
597 4489 810 4560 φρενός.
841 4488 1010 4540 Τοῦτο
1042 4487 1149 4556 γὰρ
1179 4486 1391 4558 ἀληθῶς
1431 4487 1462 4557 ἡ
1497 4485 1751 4548 ἔκστασις
1778 4487 1865 4540 ἐπὶ

1975 4493 2181 4549 fefellit.
2215 4492 2286 4547 Ut
2325 4494 2467 4547 enim
2498 4509 2524 4547 a
2551 4493 2791 4548 moribus
2831 4491 3068 4560 antiquis
3101 4499 3461 4554 recesserunt,
3485 4497 3540 4540 et

285 4581 476 4651 φαῦλα
519 4584 710 4636 νοοῖτο.
773 4599 792 4632 ι
834 4579 1244 4649 Κατηφάνισται
1301 4579 1358 4631 δὲ
1401 4579 1494 4631 καὶ
1556 4579 1809 4649 Ἐφραΐμ.
1844 4599 1860 4630 ι

284 4674 438 4744 Πλὴν
471 4674 566 4744 οὐχ
590 4673 730 4726 οὕτω
756 4671 929 4725 ταῦτα
969 4670 1057 4724 διὰ
1093 4670 1293 4732 παντός
1327 4686 1490 4739 φησιν
1511 4685 1524 4700 ο
1558 4687 1576 4720 ι
1625 4670 1714 4723 Ἐν
1761 4670 1868 4742 γὰρ

285 4766 526 4837 ἡμέραις
577 4765 798 4835 ἐλέγχου
853 4766 953 4834 τῆς
1009 4764 1210 4832 ἀμφοῖν
1263 4761 1642 4832 πλημμελείας
1692 4761 1868 4827 ἔδειξα

1972 4585 2166 4639 bonam
2208 4594 2440 4638 mentem
2481 4585 2804 4646 amiserunt,
2830 4584 2996 4638 etiam
3047 4583 3266 4650 regione
3301 4593 3397 4633 sua
3427 4578 3538 4646 pul-

1973 4673 2016 4727 si
2053 4682 2197 4738 sunt,
2236 4684 2290 4728 et
2331 4673 2582 4727 similiter
2611 4673 2875 4728 charitate
2907 4671 2999 4726 Dei
3045 4679 3099 4725 et
3143 4668 3287 4724 omni
3318 4682 3538 4736 prospe-

1973 4767 2131 4820 ritate
2170 4766 2508 4820 exciderunt.

285 4856 479 4916 πιστά,
509 4874 526 4906 ι
555 4857 802 4926 βεϐαίους
853 4854 947 4907 καὶ
983 4853 1200 4924 ἀληθεῖς
1218 4853 1346 4917 τοὺς
1413 4855 1581 4924 ἐμοὺς
1641 4855 1926 4927 ἀποφήνας
1965 4858 2173 4928 λόγους.
2208 4858 2529 4931 Συμδέὸηκε
2560 4857 2668 4930 γὰρ
2697 4859 2876 4920 αὐτοῖς
2896 4899 2909 4923 ,
2939 4857 3080 4928 ἅπερ
3121 4857 3220 4928 ἤδη
3247 4857 3502 4928 προεῖπον
3521 4894 3536 4919 ,

283 4953 382 5004 καὶ
415 4950 566 5003 οὐδὲν
613 4949 920 5020 διέψευσται
964 4951 1070 5001 τῶν
1116 4949 1283 5018 ἐμῶν.
1321 4949 1540 5019 Ἐπειδὴ
1583 4952 1692 5022 γὰρ
1758 4952 2050 5026 ἐξέστησαν
2103 4955 2214 5010 τῶν
2277 4956 2523 5027 ἀρχαίων
2586 4954 2860 5020 ὲθῶν,καὶ
2924 4953 3116 5026 φρενὸς
3156 4953 3261 5018 ἔξω
3309 4952 3538 5020 γεγόναο

289 5060 379 5096 σιν
405 5044 632 5114 ἀγαθῆς,
663 5042 977 5115 ἐξώσθησαν
1029 5044 1120 5097 καὶ
1163 5044 1328 5134 αὐτῆς
1365 5043 1464 5114 τῆς
1515 5047 1722 5099 ἑαυτῶν
1782 5046 1984 5120 χώρας,
2037 5051 2132 5106 καὶ
2185 5051 2649 5106 ἀποπεπτώκασιν
2697 5051 2895 5123 ὁμοίως
2920 5051 3020 5122 τῆς
3047 5052 3126 5114 είς
3155 5049 3286 5104 Θεὸν
3320 5049 3538 5118 ἀγάπης

289 5139 388 5192 καὶ
418 5138 596 5209 πάσης
637 5139 954 5210 εὐημερίας.

366 5227 595 5297 "Ed/amt
627 5227 682 5281 δὲ
709 5228 802 5282 καὶ
833 5229 1034 5300 ἑτέρως
1076 5231 1186 5293 τοῖς
1216 5229 1685 5300 καταλιμπάνουσι
1711 5231 1864 5296 Θεὸν,

288 5319 353 5370 τὸ
384 5317 692 5382 ἐξίστασθαι
732 5321 842 5373 δεῖν
876 5320 970 5374 καὶ
1017 5321 1229 5392 ἀγαθῆς
1261 5322 1476 5394 ἁπάσης
1516 5323 1740 5391 ἐννοίας,
1774 5327 1867 5379 καὶ

293 5407 402 5478 μὴν
427 5409 519 5460 καὶ
541 5408 704 5479 ἔργου
725 5411 926 5474 παντὸς
949 5410 1041 5465 τοῦ
1073 5413 1451 5484 τετραμμένου
1477 5413 1610 5486 πρὸς
1643 5406 1863 5486 ἀρετήν.

2035 5230 2301 5302 Sequetur
2346 5243 2524 5288 autent
2564 5232 2760 5301 alioqui
2797 5231 2961 5285 Deum
3007 5232 3439 5301 derelinquenles
3469 5234 3537 5290 ab

1965 5323 2111 5376 omni
2151 5322 2288 5378 bona
2319 5325 2641 5392 cogitatione
2665 5323 2943 5389 discessio,
2975 5332 3136 5392 atque
3161 5326 3296 5381 adeo
3334 5327 3401 5380 ab
3426 5339 3544 5382 om-

1965 5413 2018 5466 ni
2048 5427 2210 5483 opere
2241 5413 2308 5468 ad
2334 5414 2589 5468 virtutem
2631 5415 2955 5483 pertinente.
2992 5416 3056 5470 Et
3091 5418 3382 5486 procedent
3435 5417 3536 5475 hu-

290 5497 608 5553 Βαδιοῦνται
661 5502 718 5555 δὲ
771 5502 906 5574 πρὸς
945 5505 1250 5576 ἀφανισμὸν
1295 5505 1602 5576 ὲλέγχοντός
1653 5524 1711 5560 τε
1777 5510 1865 5562 καὶ

1969 5504 2194 5575 iusmodi
2233 5505 2294 5559 ad
2325 5506 2710 5562 desolationem
2733 5546 2748 5571 ,
2791 5508 3118 5578 corripiente
3145 5517 3199 5562 et
3229 5508 3539 5576 increpante

291 5590 655 5662 ἐπιτιμῶντος
706 5593 842 5648 Θεοῦ
867 5634 882 5658 ,
918 5596 1010 5649 καὶ
1067 5597 1166 5666 τῆς
1213 5597 1487 5669 ῥᾳθυμίας
1519 5599 1862 5666 ἐξαιτοῦντος

291 5679 466 5745 δίκας.
497 5684 780 5755 Χρήσιμον
809 5682 902 5740 οῦν
949 5687 1054 5758 ἄρα
1077 5729 1092 5753 ,
1129 5688 1222 5741 καὶ
1253 5689 1549 5758 ἀναγκαῖον
1583 5693 1662 5755 είς
1695 5689 1862 5761 ζωὴν,

294 5770 358 5823 τὸ
410 5767 546 5828 εἶναι
586 5775 722 5845 μετά
764 5776 933 5843 Θεοῦ,
988 5777 1143 5848 μόνον
1165 5778 1220 5832 δὲ
1275 5779 1391 5850 οὐχὶ
1436 5780 1495 5833 τὸ
1530 5782 1585 5834 ὲν
1618 5781 1864 5853 Ψαλμοῖς

1972 5600 2101 5667 Deo,
2148 5611 2202 5656 et
2253 5602 2475 5673 ignavia:
2542 5618 2733 5674 ptenas
2787 5614 3133 5675 exposcente.
3187 5602 3537 5659 Conducibile

1973 5691 2133 5761 igitur
2166 5701 2222 5749 et
2265 5696 2631 5751 necessarium
2691 5704 2772 5752 est
2805 5696 2873 5749 ad
2899 5695 3084 5758 vitam,
3115 5707 3241 5748 esse
3259 5709 3379 5749 cum
3407 5693 3536 5759 Deo,

1972 5793 2024 5838 et
2057 5793 2259 5840 tantum
2303 5801 2407 5842 non
2445 5786 2572 5842 illud
2602 5803 2669 5843 cx
2705 5786 2936 5844 Psalmis
2979 5787 3245 5843 clamare:
3289 5804 3309 5838 ι
3339 5785 3537 5842 Adba-
