4094 6598
543 310 641 366 151
1530 307 1591 365 S.
1625 306 1899 364 CYRILLI
1940 301 2409 359 ALEXANDRINI
2452 305 2767 364 ARCHIEP.

3734 318 3852 372 152

500 400 612 481 Isit
676 427 851 480 anima
916 440 1033 480 mea
1095 433 1219 494 post
1265 434 1315 480 te
1340 425 1454 480 ⁵⁸.»
1498 424 1770 495 Suscipiet
1839 424 2008 487 enim,
2061 432 2113 477 et

2218 426 2393 479 ἐκεῖνο
2424 425 2573 498 βοᾷν,
2614 445 2633 477 ι
2676 426 3010 500 Ἐκκολλήθη
3039 430 3071 499 ἡ
3102 429 3247 501 ψυχή
3284 450 3385 502 μου
3419 435 3610 489 ὀπίσω
3648 451 3794 490 σου.
3824 453 3846 483 ι

542 526 786 585 prompte
826 514 1174 584 opitulabitur
1205 514 1424 569 dextera
1466 513 1866 584 Omnipotentis
1919 528 1949 569 e
2009 527 2109 582 qua

542 621 700 662 nemo
746 604 1010 676 rapiet“,
1045 616 1100 660 ut
1148 604 1394 661 Salvator
1425 615 1666 660 testatur.

614 782 777 835 Vsus.
808 780 894 835 IO.
929 778 1080 834 Facti
1114 791 1235 833 sunt
1282 779 1537 848 principes
1571 777 1717 832 Juda
1759 778 1895 832 velut
1939 789 2111 833 trans-

540 885 782 941 ponentes
823 876 1074 928 terminos
1095 914 1113 940 ,
1148 886 1304 941 super
1334 888 1420 926 eos
1446 870 1713 939 e/i'undam
1736 870 1868 924 sicut
1920 886 2110 939 aquam

540 966 791 1031 impetum
840 981 1029 1019 meum.

613 1052 765 1109 LVII.
836 1052 949 1108 Hoc
990 1061 1077 1107 est
1127 1050 1418 1123 (quamvis
1465 1049 1567 1105 sub
1609 1048 1925 1120 involucro)
1965 1047 2109 1117 quod

538 1144 768 1212 dicebat,
802 1164 821 1197 ι
852 1145 1063 1202 excedit
1102 1152 1280 1199 mente
1309 1142 1611 1213 Benjamin.
1649 1160 1669 1195 ι
1703 1140 1920 1195 Similes
1963 1139 2107 1194 enim

537 1239 776 1303 fuerunt,
807 1237 999 1306 inquit,
1062 1235 1322 1291 terminos
1378 1231 1853 1297 transferentibus,
1883 1238 1938 1285 et
1976 1230 2105 1285 olim

537 1332 755 1386 definita
791 1329 1090 1399 transgredi
1150 1327 1474 1383 volentibus.
1510 1325 1610 1392 Qui
1658 1326 1802 1379 enim
1855 1323 1953 1378 soli
1997 1321 2108 1377 Deo

534 1423 932 1487 convenientia,
970 1421 1181 1491 ipsique
1201 1420 1324 1489 jure
1380 1420 1590 1485 dicata,
1630 1415 1973 1481 charitatem,
2023 1416 2106 1469 in-

535 1530 720 1586 quam,
777 1515 1072 1579 honorem,
1102 1512 1471 1568 adorationem
1512 1510 1632 1565 aliis
1675 1510 1938 1575 tribuunt,
1981 1507 2107 1575 quia

534 1606 675 1660 forte
707 1604 895 1668 solem,
917 1614 1008 1657 aut
1032 1604 1234 1669 lunam,
1259 1611 1313 1657 et
1341 1611 1485 1659 astra
1512 1601 1763 1672 precibus
1789 1600 2103 1665 sollicitant,

534 1695 667 1750 nihil
695 1710 878 1751 revera
907 1695 1111 1749 faciunt
1136 1695 1279 1749 aliud
1333 1708 1494 1764 quam
1525 1692 1669 1764 quod
1718 1692 1940 1748 omnino
1992 1700 2103 1745 ter—

2228 518 2599 589 Ἀντιλήψεται
2628 518 2736 588 γὰρ
2767 521 2885 572 τότε
2916 521 3010 573 καὶ
3039 523 3393 594 ἐπικουρήσει
3429 527 3777 596 προθύμως
3814 526 3851 595 ἡ

2214 606 2363 673 δεξιά
2400 607 2491 660 τοῦ
2525 609 2701 661 πάντα
2736 608 3043 679 ἰσχύοντος,
3092 611 3187 680 ἀφ’
3226 607 3294 683 ἧς
3328 613 3503 678 οὐδεὶς
3543 615 3847 687 ἁρπάσει

2214 698 2355 751 κατά
2378 698 2476 769 τὴν
2509 697 2602 751 τοῦ
2625 699 2875 770 Σωτῆρος
2902 702 3106 772 φωνήν.

2296 788 2606 859 Ἐγένοντο
2636 792 2688 844 οι
2715 791 3003 859 ἄρχοντες
3031 793 3226 849 Ἰούδα
3254 794 3335 861 ὡς
3376 795 3852 866 μετατιθέντες

2212 882 2357 950 ὅρια,
2394 882 2486 936 ἐπ’
2530 882 2747 949 αὐτοὺς
2776 882 2963 952 ἐκχεῶ
2990 885 3069 952 ὡς
3098 885 3252 956 ὕδωρ
3285 886 3352 943 τὸ
3389 887 3647 959 ὄρμημὰ
3672 906 3845 958 μου.

2273 1056 2383 1111 ΝΖ.
2400 1056 2568 1111 Τοῦτό
2585 1058 2730 1110 ἐστιν
2747 1058 3158 1128 αἰνιγματωδῶς
3170 1060 3252 1113 τὸ·
3271 1060 3492 1133 Ἑξέστη
3510 1062 3843 1132 Βενιαμίν.

2210 1147 2475 1217 Γεγόνασι
2496 1148 2605 1218 γὰρ
2639 1152 2695 1202 ὲν
2730 1149 2847 1213 ἴσω,
2880 1151 3034 1220 φησὶ,
3076 1153 3189 1215 τοῖς
3245 1154 3615 1223 μετατιθεῖσιν
3665 1156 3843 1226 ὅρια.

2210 1243 2305 1293 καὶ
2336 1240 2684 1311 ὑπερϐαίνειν
2722 1241 2962 1295 ἐθέλουσι
3006 1242 3076 1297 τὰ
3128 1244 3297 1299 πάλαι
3324 1245 3709 1318 διωρισμένα.
3770 1246 3845 1299 Ut

2211 1331 2319 1402 γὰρ
2346 1331 2415 1385 τά
2449 1331 2595 1403 μόνῳ
2630 1333 2909 1404 πρέποντα
2962 1335 3040 1405 τῷ
3070 1335 3210 1407 Θεῷ.
3249 1338 3342 1391 καὶ
3387 1338 3535 1409 αὐτῷ
3565 1338 3848 1401 δικαίως

2210 1421 2634 1493 ἀνατεθειμένα,
2675 1423 2774 1494 τὴν
2816 1426 3037 1497 ἀγάπην
3061 1425 3118 1479 δὲ
3151 1427 3317 1497 λέγω,
3346 1427 3445 1501 τὴν
3476 1429 3685 1501 τιμὴν,
3727 1429 3843 1501 τὴν

2210 1511 2576 1584 προσκύνησιν
2633 1513 2984 1583 μεθιστάντες
3025 1517 3104 1581 είς
3154 1517 3397 1590 ἐτέρους,
3451 1519 3539 1574 διά
3582 1537 3671 1586 γε
3727 1520 3840 1573 τοῦ

2210 1606 2534 1674 προσκυνεῖν
2582 1604 2716 1677 ἡλίῳ
2747 1606 2908 1677 τυχὸν
2927 1646 2941 1671 ,
2973 1607 3141 1679 ἤγουν
3176 1609 3373 1683 σελήνῃ
3401 1611 3495 1664 καὶ
3534 1610 3837 1682 ἄστροις,

2211 1692 2382 1765 δρῷεν
2435 1694 2502 1749 ἂν
2539 1696 2725 1766 ἕτερον
2749 1697 2923 1759 οὐδὲν,
2956 1698 3096 1752 κατά
3137 1716 3199 1767 γε
3240 1701 3303 1753 τὸ
3354 1702 3529 1766 εἰκὸς,
3557 1703 3591 1773 ἢ
3628 1704 3733 1757 ὅτι
3762 1704 3839 1773 δὴ

539 1786 717 1841 minos
750 1794 979 1842 mutant.
1003 1783 1195 1841 Judam
1228 1794 1427 1848 autem,
1446 1784 1561 1839 sive
1586 1783 1863 1853 Beniamin
1889 1782 2113 1853 gloriam

2218 1786 2436 1851 πάντως
2470 1788 2786 1857 μεθιστᾶσιν
2820 1789 2962 1859 ὅρια.
2998 1788 3124 1844 ’Ότι
3149 1790 3204 1843 δὲ
3242 1789 3341 1863 τὴν
3365 1769 3703 1860 πρέπουσαν
3747 1769 3838 1863 τῷ

535 1877 648 1933 Deo
699 1878 932 1933 debitam
998 1877 1097 1933 soli
1124 1918 1140 1942 ,
1178 1887 1232 1932 et
1268 1877 1442 1942 lunze,
1475 1885 1530 1932 et
1592 1877 1756 1932 astris
1807 1876 2111 1944 dicavisse,

536 1984 604 2024 ex
635 1984 701 2025 eo
729 1969 897 2039 claret
945 1969 1085 2039 quod
1119 1970 1184 2023 ad
1223 1967 1510 2023 Jeremlam
1550 1969 1870 2038 pr0phetam
1892 1968 1969 2021 ait
2009 1968 2115 2022 Do-

537 2063 715 2117 minus
739 2079 752 2116 :
779 2036 908 2116 :An
933 2036 1037 2116 non
1056 2061 1202 2116 vides
1227 2062 1354 2130 quid
1379 2060 1461 2115 isti
1499 2036 1700 2115 faciunt
1724 2059 1779 2113 in
1810 2057 2116 2114 civitatibus

535 2151 671 2208 Juda
704 2164 757 2209 et
803 2156 854 2209 in
908 2156 1010 2209 viis
1053 2153 1393 2209 Jerusalem?
1438 2151 1559 2206 Filii
1608 2167 1797 2208 eorum
1857 2150 2115 2220 colligunt

536 2247 704 2318 ligna,
758 2256 812 2301 et
843 2256 1022 2317 patres
1050 2260 1238 2302 eorum
1274 2246 1606 2300 succendunt
1653 2244 1853 2315 ignem,
1887 2253 1941 2299 et
1994 2259 2114 2299 mu-

537 2336 694 2392 lieres
736 2352 922 2394 eorum
956 2338 1306 2393 commiscent
1355 2336 1737 2405 similaginem,
1794 2345 1854 2391 ut
1913 2336 2115 2392 faciant

535 2428 809 2498 placentas
851 2430 1054 2484 militia:
1080 2430 1239 2495 cmli;
1271 2437 1322 2482 et
1361 2428 1665 2483 Iibaverunt
1706 2427 1961 2483 libamina
2008 2426 2113 2482 diis

536 2521 748 2589 alienis,
784 2532 840 2576 ut
876 2522 943 2577 ad
992 2521 1327 2576 iracundiam
1390 2527 1682 2590 pravocent
1734 2536 1819 2573 me
1849 2519 1950 2572 ⁸⁵..
1982 2518 2114 2574 Ter-

536 2613 711 2668 minos
740 2614 921 2682 itaque
964 2621 1243 2668 moverunt
1273 2612 1541 2680 principes
1573 2611 1746 2666 tribus
1794 2609 1907 2681 89
1951 2609 2110 2674 Iuda,

535 2705 636 2759 hoc
680 2714 784 2768 est,
814 2719 1063 2775 suprema
1120 2712 1174 2759 et
1211 2704 1355 2774 regia
1399 2702 1841 2758 circumﬂuentes
1897 2703 2064 2772 gloria
2091 2740 2109 2769 ,

535 2812 671 2867 quos
700 2797 890 2867 vulgus
927 2804 1172 2852 errantes
1220 2804 1278 2850 ut
1321 2795 1651 2865 exemplaria
1706 2794 1857 2864 sequi
1916 2809 2114 2849 conve-

534 2890 738 2947 niebat.
784 2892 976 2945 Verum
1009 2910 1028 2942 ι
1087 2890 1259 2944 instar
1304 2903 1458 2960 aqua:
1516 2904 1637 2942 cum
1689 2888 1888 2956 impetu
1931 2883 2113 2941 effusa:

536 2984 808 3039 effundam
855 2986 906 3037 in
947 2999 1041 3038 eos
1095 2983 1373 3052 impetum,
1417 2996 1511 3036 seu
1575 2980 1811 3035 furorem
1860 2995 2107 3035 meum.»

536 3078 882 3133 Calamitates
928 3076 1195 3144 siquidem
1224 3090 1251 3128 a
1294 3073 1404 3129 Deo
1454 3074 1591 3127 irato
1653 3072 1917 3141 impositas
1955 3087 2110 3143 pror-
2138 3107 2180 3167 ο

537 3183 630 3223 sus
672 3182 773 3221 nec
805 3167 930 3220 ferri
982 3166 1326 3235 tolerariquc,
1366 3177 1464 3217 nec
1498 3160 1680 3233 repelli
1714 3170 1942 3231 queunt,
1972 3176 2109 3230 quo-

536 3261 696 3316 modo
730 3260 983 3314 nimirum
1023 3274 1120 3313 nec
1156 3272 1293 3327 aqua
1344 3256 1509 3312 multa
1544 3255 1774 3310 ubertim
1820 3252 1986 3309 eﬂ'usa
2019 3269 2107 3308 re-

536 3366 719 3419 prum.

607 3526 768 3580 Vsus.
819 3525 874 3579 II
906 3568 918 3587 ,
970 3524 1054 3578 12.
1102 3523 1366 3593 Oppressit
1427 3522 1678 3594 Ephraim
1747 3523 2109 3575 adversarium

533 3635 709 3682 suum,
743 3630 788 3671 et
817 3617 1136 3670 conculcavit
1168 3614 1455 3685 judicium,
1493 3615 1616 3682 quia
1641 3615 1795 3683 cazpit
1826 3613 1968 3665 abire
1998 3623 2111 3679 post

533 3708 782 3764 uana.Et
832 3726 923 3777 ego
965 3708 1115 3776 quasi
1171 3706 1504 3761 conturbatio
1548 3704 1825 3773 Ephraim,
1870 3715 1917 3756 et
1961 3704 2113 3772 quasi

532 3803 779 3857 stimulus
808 3802 987 3853 domui
1020 3798 1185 3852 Juda.

606 3980 786 4037 ιΝΙΙΙ.
818 3982 1058 4047 Quonam
1114 3980 1268 4032 modo
1300 3976 1575 4046 Benjatuin
1615 3986 1793 4028 mente
1846 3974 2111 4027 alienatus

534 4080 622 4135 sit.
654 4075 796 4128 haud
828 4074 1058 4125 obscure
1086 4069 1401 4123 declaravit.
1445 4067 1584 4121 Dixit
1615 4069 1758 4121 enim
1798 4066 1966 4122 factos
1993 4082 2113 4121 esse

539 4166 811 4237 principes
843 4164 1004 4227 Juda,
1049 4174 1104 4216 ut
1143 4165 1236 4232 qui
1269 4163 1526 4216 terminos
1555 4160 1901 4215 transferunt.
1968 4160 2111 4227 Quo-

535 4257 695 4313 modo
726 4266 903 4311 autem
949 4267 1002 4310 et
1051 4252 1309 4323 Ephraim
1352 4253 1738 4308 desolationem
1791 4267 1986 4322 passus
2018 4253 2109 4318 sit,

536 4348 788 4415 deinceps
802 4347 1021 4418 exponit
1050 4345 1320 4401 etadditu
1340 4342 1617 4413 Oppressit
1637 4344 1751 4413 Eph
1762 4346 1895 4398 raim
1920 4344 2113 4399 adver-

2214 1877 2333 1948 Θεῷ
2365 1877 2543 1944 δόξαν,
2574 1879 2729 1951 ἡλίῳ,
2748 1879 2841 1933 καὶ
2876 1881 3101 1953 σελήνη,
3135 1882 3232 1935 καὶ
3266 1882 3486 1954 ἄστροις
3515 1884 3839 1938 ἀνατέθει-

2214 1988 2308 2024 κεν
2335 1970 2363 2023 ό
2405 1970 2623 2034 Ἰούδας,
2652 1972 2819 2042 ἤγουν
2858 1972 2887 2024 6
2919 1973 3198 2044 Βενιαμὶν,
3252 1975 3440 2045 σαφῶς
3486 1974 3553 2030 ἂν
3584 1978 3817 2041 νοοῖτο,

2215 2060 2351 2132 πρὸς
2392 2060 2481 2114 τὸν
2511 2063 2793 2134 προφήτην
2831 2062 3103 2134 Ἱερεμίαν
3139 2064 3392 2134 λέγοντος
3440 2066 3576 2121 Θεοῦ
3606 2082 3626 2097 ⁵
3678 2086 3701 2119 ι
3749 2068 3834 2121 Ἦ

2212 2154 2311 2224 οὐχ
2335 2154 2467 2225 ὁρᾷς
2495 2155 2523 2208 ὅ
2552 2172 2602 2206 τι
2630 2149 2776 2208 οὗτοι
2799 2156 3042 2209 ποιοῦσιν
3089 2158 3147 2210 ὲν
3171 2159 3292 2220 ταῖς
3334 2157 3553 2213 πόλεσιν
3600 2158 3831 2225 Ἰούδα,

2214 2244 2307 2297 καὶ
2337 2246 2393 2297 ἐν
2416 2246 2536 2309 ταῖς
2558 2246 2697 2309 ὁδοῖς
2736 2246 3121 2319 Ἰερουσαλήμ;
3161 2248 3224 2301 Οἱ
3256 2248 3360 2301 υίοὶ
3392 2248 3570 2302 αὐτῶν
3605 2248 3830 2302 συλλέ-

2212 2352 2367 2404 γουσι
2396 2334 2557 2402 ξύλα,
2577 2337 2670 2390 καὶ
2691 2337 2738 2389 oi
2766 2336 3002 2409 πατέρες
3024 2338 3201 2392 αὐτῶν
3223 2339 3436 2392 καίουσι
3456 2340 3585 2411 πῦρ,
3613 2340 3729 2394 καὶ
3768 2341 3830 2393 at

2212 2430 2468 2497 γυναῖκες
2492 2427 2671 2482 αὐτῶν
2707 2429 2951 2501 τρίϐουσι
2978 2432 3149 2495 σταὶς,
3172 2431 3264 2484 τοῦ
3287 2433 3508 2504 ποιῆσαι
3543 2434 3827 2503 χαυῶνας

2213 2523 2280 2593 τῇ
2349 2523 2581 2593 στρατιᾷ
2630 2521 2725 2575 τοῦ
2785 2522 3039 2595 οὐρανοῦ,
3093 2524 3185 2578 καὶ
3249 2524 3508 2580 ἔσπεισαν
3562 2527 3829 2590 σπονδὰς

2215 2608 2355 2675 θεοῖς
2409 2610 2742 2681 ἀλλοτρίοις,
2791 2612 2878 2665 ἵνα
2920 2613 3297 2684 παροργίσωσί
3340 2631 3429 2685 με.
3463 2634 3482 2666 ι
3517 2614 3698 2685 "Opta
3752 2613 3824 2684 δὴ

2212 2700 2304 2759 οὖν
2338 2703 2787 2775 μετατεθείκασιν
2826 2705 2874 2758 oi
2924 2704 2983 2773 ἐξ
3023 2704 3193 2759 Ἰούδα
3244 2705 3416 2775 φυλῆς
3464 2705 3822 2777 ἡγούμενοι,

2212 2795 2510 2858 τουτέστιν,
2565 2797 2615 2849 oi
2665 2795 2762 2867 τὴν
2792 2796 3051 2851 ἀνωτάτω
3120 2797 3211 2851 καὶ
3251 2797 3494 2868 βασιλίδα
3545 2799 3821 2870 περικεί-

2216 2904 2365 2957 μενοι
2389 2888 2567 2954 δόξαν,
2594 2880 2675 2951 οἷς
2702 2883 2770 2961 ἦν
2813 2888 2961 2953 είκὸς
3008 2889 3419 2943 κατακολουθεῖν
3449 2890 3672 2951 ἑλέσθαι
3712 2907 3819 2945 πε·-

2212 2978 2582 3051 πλανημένοις
2607 2980 2707 3051 τὴν
2754 2980 3014 3048 ἀγελαίαν
3061 2979 3290 3050 πληθύν.
3330 2981 3468 3035 Ἀλλ’
3500 3000 3518 3033 ι
3561 2981 3814 3044 ’Υδατος

2212 3069 2367 3140 δίκην
2426 3068 2835 3140 ραγδαιοτάτου,
2895 3069 3079 3141 φησὶν,
3140 3071 3226 3123 ἐπ’
3267 3070 3462 3133 αὐτοὺς
3508 3072 3692 3141 ἐκχεῶ
3747 3070 3814 3123 τὸ

2214 3160 2445 3230 ὅρμημά
2498 3178 2622 3232 μου.
2654 3180 2672 3214 ι
2728 3160 2993 3213 Δύσοιστα
3038 3160 3182 3231 γὰρ,
3227 3161 3321 3214 καὶ
3374 3162 3662 3231 ἀφόρητα,
3705 3161 3811 3213 καὶ

2215 3252 2664 3321 ἀνανταγώνιστα
2692 3252 2972 3316 παντελῶς
3002 3252 3069 3306 τά
3104 3255 3168 3305 ὲκ
3199 3252 3347 3317 θείας
3379 3252 3568 3323 ὀργῆς.
3606 3251 3812 3305 Κοιθά-

2216 3356 2324 3412 περ
2362 3342 2557 3411 ἀμέλει
2610 3343 2704 3395 καὶ
2759 3342 2949 3413 χρῆμα
3000 3342 3329 3413 δυσάντητον
3376 3343 3408 3412 ἠ
3458 3341 3627 3412 πολλὴ
3702 3340 3806 3395 καὶ

2215 3432 2540 3504 ἀμφιλαφὴς
2566 3434 2674 3486 τῶν
2699 3433 2905 3487 ὑδάτων
2935 3433 3095 3504 φορά.

2286 3524 2859 3579 Κατεδυνάστευσεν
2897 3526 3144 3594 Ἐφραῒμ
3183 3524 3291 3577 τὸν
3332 3522 3643 3578 ἀντίδικον
3681 3524 3803 3578 αὐ-

2215 3616 2341 3681 τοῦ,
2375 3617 2473 3670 καὶ
2518 3617 2897 3683 κατεπάτησε
2937 3616 3002 3669 τὸ
3036 3616 3253 3685 κρῖμα,
3286 3614 3374 3669 ὅτι
3413 3614 3640 3685 ἤρξατο
3682 3630 3800 3668 πο-

2206 3709 2489 3775 ρεύεσθαι
2540 3708 2731 3761 ὀπίσω
2779 3707 2897 3761 τῶν
2938 3709 3222 3776 ματαίων.
3262 3706 3372 3761 Καὶ
3416 3706 3529 3776 ἐγὼ
3572 3706 3803 3776 ἔσομαι

2214 3802 2294 3865 ὡς
2333 3799 2564 3870 ταραχὴ
2594 3798 2673 3864 τῷ
2722 3800 2989 3870 Ἐφραῒμ,
3031 3801 3127 3854 καὶ
3158 3800 3238 3868 ὡς
3260 3799 3510 3868 κέντρον
3539 3796 3618 3864 τῷ
3648 3800 3800 3863 οἴκῳ

2228 3892 2440 3946 Ἰούδα.

2284 3983 2416 4035 NH’.
2440 3980 2575 4034 Τίνα
2604 3981 2701 4051 μὲν
2725 3982 2925 4053 τρόπον
2953 3981 3141 4052 ἐξέστη
3172 3982 3448 4053 Βενιαμὶν,
3472 3982 3796 4052 ἀποδέδειχε

2216 4072 2423 4141 σαφῶς.
2475 4073 2619 4141 Ἔφη
2658 4072 2766 4143 γὰρ
2791 4111 2806 4135 ,
2856 4074 2937 4127 ὅτι
2990 4073 3274 4139 γεγόνασιν
3308 4074 3574 4144 ἄρχοντες
3616 4074 3796 4127 Ἰούδα

2213 4165 2287 4228 ὡς
2318 4163 2694 4228 μετατιθέντες
2722 4164 2864 4234 ὅρια.
2889 4163 3013 4226 Πῶς
3041 4163 3097 4216 δὲ
3128 4164 3223 4217 καὶ
3255 4163 3496 4235 Ἑφραῖμ
3528 4165 3609 4228 είς
3648 4166 3795 4235 ἀφα-

2214 4258 2404 4326 νισμὸν
2428 4256 2639 4324 ἐγένετο
2659 4296 2672 4316 ,
2708 4253 3050 4327 διερμηνεύει
3075 4254 3256 4318 πάλιν,
3284 4254 3526 4308 ἐπειπών
3550 4272 3562 4285 ·
3592 4274 3610 4308 ι
3633 4252 3785 4308 Κατ-

2216 4348 2601 4402 εδυνάστευσεν
2641 4348 2879 4420 Ἐφραῖμ
2936 4346 3026 4402 τὸν
3084 4348 3352 4401 ἀντίδικον
3380 4346 3565 4402 αὐτοῦ.
3622 4365 3641 4401 ι
3680 4349 3795 4401 Καὶ

533 4439 738 4493 sarium
770 4454 946 4493 suum.
980 4457 999 4490 ι
1034 4436 1099 4492 Ει
1129 4437 1380 4491 videntur
1403 4437 1548 4491 velut
1582 4448 1700 4490 cum
1724 4435 2031 4489 urbanitate
2050 4432 2113 4487 ad

2222 4439 2369 4494 δοκεῖ
2395 4455 2513 4500 πως
2540 4439 2598 4491 ὲν
2627 4437 2748 4507 ἤθει
2787 4435 3114 4506 πεποιῆσθαι
3157 4436 3276 4489 νυνὶ
3316 4434 3453 4506 πρὸς
3472 4434 3622 4505 ἡμᾶς
3649 4434 3679 4486 6
3706 4433 3795 4485 λό-

532 4546 634 4587 nos
666 4530 829 4586 verba
867 4531 1003 4583 fieri.
1038 4530 1295 4595 Quaenam
1346 4528 1510 4598 igitur
1538 4527 1818 4582 accusatio
1844 4529 1913 4580 sit
1941 4526 2111 4581 tribus

536 4624 812 4691 Ephraim,
837 4633 927 4675 aut
958 4622 1026 4676 de
1053 4637 1158 4691 quo
1196 4620 1508 4675 adversario
1536 4618 1776 4673 divinum
1828 4618 2107 4672 oraculum

533 4713 783 4781 loquatur
864 4725 1022 4780 quem
1078 4702 1410 4780 Oppresserit
1461 4707 1751 4775 Ephraim,
1816 4708 2110 4776 explanare

531 4812 789 4873 quantum
823 4804 874 4857 in
922 4816 1008 4856 me
1039 4811 1124 4857 est
1154 4802 1413 4858 conabor.
1445 4799 1698 4854 'l‘ribules
1726 4800 1870 4855 enim
1893 4797 2029 4853 Juda
2055 4808 2109 4853 et

532 4895 811 4964 Beniamin
845 4894 1234 4949 reverebantur
1263 4892 1597 4962 aliquantum
1631 4890 1781 4960 leges
1823 4889 2105 4957 Mosaicas,

531 4998 585 5039 et
611 4987 787 5040 adhuc
808 5000 994 5040 earum
1020 4986 1287 5041 rationem
1320 4984 1610 5049 ducebant,
1636 4984 1945 5050 dabantque
1991 4989 2109 5034 stu-

533 5078 683 5131 diose
731 5091 948 5146 operam
987 5075 1231 5144 justitize.
1265 5074 1381 5129 Non
1416 5074 1561 5129 enim
1595 5086 1782 5127 omnes
1807 5070 2109 5126 declinave~

533 5177 699 5235 runt;
729 5169 822 5224 sed
845 5178 1003 5224 erant
1048 5184 1154 5225 non
1207 5169 1363 5237 pauci
1419 5168 1725 5236 transfugas
1765 5165 2106 5234 deplorantes

535 5274 601 5313 ac
628 5258 1003 5325 lamentantes,
1026 5269 1080 5313 et
1125 5259 1363 5314 dolorem
1410 5258 1589 5311 animo
1626 5272 1732 5310 non
1780 5254 2108 5308 mediocrem

534 5350 932 5420 concipientes,
995 5365 1115 5405 cum
1167 5350 1384 5419 quidam
1441 5348 1696 5417 despecto
1740 5344 2110 5401 universitatis

537 5444 647 5497 Deo
683 5459 861 5499 mores
923 5444 1287 5498 idololatricos
1344 5442 1679 5496 inveherent.
1724 5438 1860 5493 llinc
1920 5438 2109 5492 beatus

536 5535 803 5601 Ezechiel,
839 5538 1029 5591 missos
1063 5536 1137 5590 ait
1170 5543 1355 5590 contra
1395 5532 1691 5587 Jerusalem
1732 5544 1854 5586 cum
1900 5526 2109 5584 securi—

2214 4545 2329 4598 γος.
2380 4529 2538 4580 Ποῖον
2588 4523 2681 4580 οὖν
2727 4526 2835 4597 ἄρα
2865 4525 2925 4579 τὸ
2970 4526 3354 4596 κατηγόρημα,
3398 4524 3460 4578 τὸ
3506 4524 3573 4578 ὲκ
3619 4523 3793 4593 φυλῆς

2229 4620 2564 4692 Ἐφραῖμ,ἣ
2606 4622 2757 4672 ποῖον
2792 4618 3058 4672 ἀντίδικον
3100 4617 3161 4670 τὸ
3204 4617 3348 4670 θεῖον
3379 4618 3510 4688 ἡμῖν
3573 4632 3795 4687 χρησμο

2212 4711 2406 4781 ᾠδημά
2437 4728 2591 4782 φησι,
2621 4710 2680 4763 ὃν
2709 4709 3195 4763 κατεδυνάστευσεν
3215 4710 3243 4762 ό
3287 4706 3546 4778 Ἑφραῒμ,
3568 4706 3792 4759 διειπεῖν

2213 4804 2288 4866 ὡς
2315 4803 2393 4856 ἔνι
2424 4803 2776 4874 πειράσομαι.
2809 4801 2871 4853 Ol
2902 4800 2999 4870 μὲν
3038 4801 3145 4872 γὰρ
3175 4803 3239 4854 ἐκ
3267 4799 3441 4870 φυλῆς
3486 4800 3656 4853 Ἰούδα
3702 4799 3793 4853 καὶ

2214 4895 2495 4965 Βενιαμὶν,
2529 4893 2661 4947 αίδώ
2689 4910 2809 4946 τινα
2837 4893 2931 4946 καὶ
2964 4892 3122 4959 λόγον
3165 4892 3245 4945 ἔτι
3285 4892 3393 4947 τῶν
3414 4892 3501 4947 διὰ
3548 4892 3793 4953 Μωσέως

2219 4985 2503 5040 ἐποιοῦντο
2556 4984 2772 5055 νόμων,
2827 4982 3149 5054 ὲπετῆδευόν
3191 5001 3249 5035 τε
3292 4982 3391 5053 τὴν
3422 4982 3785 5050 δικαιοσύνην.

2217 5075 2293 5129 Οὐ
2332 5076 2438 5145 γὰρ
2477 5075 2675 5135 πάντες
2700 5073 3105 5137 ἐκκεκλίκασιν,
3141 5072 3257 5125 ἀλλ’
3289 5067 3429 5143 ἦσαν
3469 5072 3570 5125 οὑκ
3604 5070 3789 5141 εὐαρί-

2217 5167 2411 5237 θμητοι
2463 5166 2738 5229 κλαίοντες
2766 5183 2823 5219 τε
2855 5165 2948 5218 καὶ
2981 5164 3364 5235 ὀλοφυρόμενοι
3394 5163 3489 5233 τὴν
3512 5162 3620 5218 τῶν
3658 5165 3787 5215 πλα-

2218 5258 2476 5327 νωμένων
2506 5258 2832 5323 ἀπόστασιν,
2860 5258 2955 5309 καὶ
2976 5256 3416 5327 δυσχεραίνοντες
3444 5255 3504 5307 οὐ
3530 5254 3785 5324 μετρίως,

2220 5347 2342 5399 ἐπεί
2364 5364 2446 5399 τοι
2476 5348 2565 5399 τὸν
2593 5348 2700 5399 τῶν
2737 5347 2871 5399 ὅλων
2894 5344 3247 5415 ἀτιμάζοντες
3276 5345 3564 5413 Θεὸν,τοὺς
3594 5348 3691 5416 τῆς
3716 5347 3789 5398 sl-

2216 5436 2574 5508 δωλολατρίας
2616 5437 2757 5502 τινὲς
2790 5438 3116 5508 ἐπετήδευον
3142 5437 3396 5507 τρόπους.
3429 5436 3541 5488 Καὶ
3580 5436 3721 5504 ’γοῦν
3762 5435 3790 5487 6

2223 5531 2490 5603 μακάριός
2543 5550 2673 5603 φησι
2732 5532 3015 5601 προφήτης
3056 5528 3345 5601 Ἰεζεχιήλ·
3377 5513 3786 5584 ’Δπεστέλλοντο

606 5674 650 5701 ⁸⁸
680 5673 819 5730 Psal.
861 5691 995 5739 Lm,
1028 5675 1076 5727 9.
1157 5672 1199 5703 “
1232 5670 1382 5727 Joan.
1421 5685 1471 5733 κ,
1508 5668 1597 5724 ‘28.
1675 5668 1719 5700 ⁸⁸
1757 5667 1860 5723 lcr.
1888 5681 1981 5732 vn,
2018 5665 2101 5732 I7,
2130 5664 2213 5720 I8.

4029 336 4037 624 Ἰ
