4094 6620
160 444 272 504 153

1082 450 1630 510 COHMENTARIUS
1665 452 1733 508 IN
1772 451 2008 510 OSEAM
2049 454 2503 511 PROPHETAM.

3318 455 3421 513 15%

162 568 267 637 μέν
297 582 441 629 τινες
478 567 617 620 κατά
647 568 746 639 τῆς
788 569 1163 641 Ἰερουσαλὴμ,
1210 571 1461 637 πελέκεις
1489 574 1741 645 ἠρμένοι,

1847 576 1983 639 bus;
2017 576 2231 630 audisse
2262 585 2438 629 autem
2478 576 2643 629 Deum
2674 579 2823 631 clare
2858 578 3150 643 dicentem,
3195 579 3420 646 praecin-

159 658 365 729 ἤκουόν
388 674 449 710 τε
479 658 667 726 σαφῶς
699 657 835 712 Θεοῦ
883 659 1151 729 λέγοντος,
1183 660 1413 717 ἔπεσθαι
1447 666 1545 734 μὲν
1582 661 1736 734 δεί[ν]

161 749 243 820 τῷ
268 749 359 802 τὸν
382 749 590 820 ποδήρη
610 748 974 821 διεζωσμένῳ,
998 750 1339 820 φείδεσθαιδὲ
1356 755 1630 825 μηδενός.ι
1655 751 1744 809 Εἴ-

160 840 253 895 δον
282 840 411 913 γὰρ,
453 842 606 911 φησὶ,
647 842 741 895 καὶ
782 842 891 897 ίδοὺ
932 842 989 910 ἓξ
1016 842 1208 915 ἄνδρες
1250 846 1480 916 ἤρχοντο
1513 846 1599 900 διὰ
1636 849 1738 916 τῆς

164 932 346 1003 πύλης
368 933 466 1003 τῆς
494 932 799 1004 βλεπούσης
826 933 961 1005 πρὸς
979 935 1200 1008 βορρᾶν,
1225 937 1318 990 καὶ
1339 938 1555 1008 ἑκάστῳ
1577 937 1743 1003 πέλυξ

162 1025 223 1077 ὲν
277 1027 343 1096 τῇ
389 1026 534 1095 χειρὶ
566 1024 756 1090 αὐτοῦ,
805 1025 901 1079 καὶ
945 1022 1066 1079 εἷπε
1122 1027 1203 1096 τῷ
1246 1028 1421 1099 ἀνδρὶ,
1476 1029 1631 1100 φησὶ,
1666 1030 1744 1102 τῷ

163 1114 461 1187 ὲζωσμένῳ
486 1116 578 1169 τὸν
630 1117 839 1189 ποδήρη
862 1133 876 1149 ·
909 1117 1093 1171 Δίελθε
1125 1117 1299 1191 μέσην
1339 1119 1438 1191 τὴν
1471 1120 1743 1193 Ἰερουσαοο

162 1205 299 1276 λὴμ,
328 1206 423 1259 καὶ
444 1205 532 1269 δὸς
554 1206 616 1259 τὸ
646 1210 874 1277 σημεῖον
915 1208 1010 1262 ἐπὶ
1032 1209 1102 1263 τὰ
1133 1210 1358 1279 μέτωπα
1390 1210 1500 1264 τῶν
1532 1211 1744 1283 ἀνδρῶν

163 1298 694 1365 καταστεναζόντων,
751 1300 846 1353 καὶ
901 1302 1361 1374 κατοδυνωμένων
1405 1304 1499 1358 ἐπὶ
1526 1305 1744 1369 πάσαις

160 1392 286 1453 ταῖς
320 1389 553 1454 ἀδικίαις
597 1393 719 1455 ταῖς
754 1393 1069 1464 γινομέναις
1120 1395 1179 1449 ὲν
1228 1395 1379 1468 μέσῳ
1409 1397 1601 1469 αὐτῆς.
1634 1398 1745 1453 Καὶ

160 1482 374 1545 τούτοις
399 1479 552 1535 εἶπεν
576 1482 867 1548 ἀκούοντός
913 1502 1041 1556 μου⁸
1078 1486 1381 1559 Πορεύεσθε
1410 1490 1490 1553 είς
1517 1490 1618 1561 τὴν
1648 1489 1745 1543 πό-

162 1571 249 1625 λιν
279 1574 455 1626 ὀπίσω
485 1574 670 1640 αὑτοῦ,
694 1576 790 1630 καὶ
818 1576 1073 1646 κόπτετε,
1105 1579 1201 1633 καὶ
1234 1580 1308 1651 μὴ
1336 1580 1583 1650 φείδεσθε
1606 1597 1619 1610 ·
1650 1581 1744 1635 καὶ

162 1665 559 1738 πρεσὸύτερον,
616 1667 711 1722 καὶ
756 1668 1038 1723 νεανίσκον
1064 1712 1079 1735 ,
1115 1672 1305 1743 νήπια,
1350 1673 1445 1726 καὶ
1480 1677 1745 1741 γυναῖκας

160 1757 521 1811 ἀποκτείνατε
575 1760 657 1824 είς
697 1760 995 1830 ὲξάλειψιν.
1047 1762 1170 1817 Ἐπὶ
1203 1764 1261 1817 δὲ
1301 1765 1511 1829 πάντας
1539 1767 1622 1835 ἐφ’
1646 1765 1741 1830 οὖς

1843 678 1986 721 ctum
2017 668 2069 721 in
2112 676 2260 722 veste
2290 666 2440 720 talari
2482 676 2858 735 sequerentur,
2894 679 3283 738 parcerentque
3327 684 3419 723 ne-

1845 761 1997 815 mini.
2035 760 2207 828 lnquit
2255 759 2441 814 enim:
2481 777 2501 810 ι
2536 758 2676 824 Vidi,
2705 769 2758 814 et
2798 775 2925 815 ecce
2956 777 3047 815 sex
3091 762 3195 815 viri
3234 762 3420 815 venie-

1847 853 1973 908 bant
1999 866 2095 921 per
2116 859 2325 921 portam
2354 850 2725 920 respicientem
2763 853 2827 905 ad
2862 852 3260 919 aquilonem,et
3298 852 3421 905 uni-

1845 946 2038 1013 cuique
2075 943 2288 997 securis
2332 944 2384 996 in
2432 960 2591 997 manu
2633 959 2748 998 sua.
2793 943 2856 997 Et
2888 942 3022 995 dixit
3073 943 3189 997 viro
3229 944 3423 996 vestito

1844 1034 2044 1089 vestitu
2078 1033 2272 1088 talari:
2311 1032 2505 1089 Transi
2538 1049 2633 1103 per
2661 1034 2892 1087 mediam
2919 1032 3242 1095 Jerusalem,
3276 1041 3329 1086 et
3356 1034 3420 1085 da

1844 1124 2056 1193 signum
2092 1137 2257 1193 super
2290 1122 2497 1177 frontes
2530 1124 2764 1177 virorum
2795 1122 3127 1192 gementium
3151 1131 3205 1176 et
3235 1122 3424 1175 dolen-

1847 1216 1976 1269 tium
2002 1229 2164 1284 super
2193 1215 2405 1269 cunctis
2434 1213 2805 1282 iniquitatibus
2834 1228 2952 1282 quae
2986 1214 3121 1265 [lunt
3162 1212 3214 1266 in
3247 1212 3425 1264 medio

1843 1322 2053 1362 eorum.
2089 1306 2156 1363 Ει
2181 1306 2318 1361 dixit
2347 1306 2474 1372 illis,
2505 1306 2755 1360 audiente
2793 1318 2917 1359 me:
2955 1304 3030 1359 [te
3057 1304 3111 1358 in
3152 1304 3425 1358 civitatein

1843 1410 1966 1473 post
2011 1417 2155 1464 etnu,
2184 1408 2237 1455 et
2275 1402 2562 1469 percutite,
2594 1408 2772 1453 etnon
2822 1398 3080 1467 parcatis,
3113 1406 3167 1450 et
3212 1410 3422 1457 senem,

1844 1502 1900 1547 et
1939 1491 2209 1557 iuvenem,
2247 1500 2302 1546 et
2347 1490 2603 1553 infantes,
2635 1498 2688 1542 et
2734 1489 2987 1543 mulieres
3032 1486 3322 1542 interﬁcite
3359 1486 3425 1538 ad

1845 1584 2203 1649 deletionem;
2250 1596 2416 1650 super
2464 1596 2654 1636 omnes
2698 1589 2899 1642 autem,
2948 1594 3113 1646 super
3159 1593 3294 1647 quos
3343 1585 3427 1630 est

1844 1676 2078 1740 signum,
2109 1689 2174 1728 ne
2197 1672 2636 1742 appropinquetis
2668 1670 2735 1724 “.
2776 1689 2793 1721 ι
2835 1669 3007 1723 Audis
3035 1671 3274 1738 signatos
3304 1682 3427 1721 esse

1845 1767 2128 1836 quosdam,
2148 1772 2207 1817 ut
2236 1762 2304 1817 ab
2336 1762 2560 1827 ultione,
2594 1769 2651 1815 et
2685 1760 2786 1823 ira,
2812 1770 2866 1815 et
2894 1775 2922 1813 a
2949 1758 3102 1826 culpa
3133 1760 3424 1819 immunes,

162 1849 282 1901 ἐστι
330 1849 389 1902 τὸ
441 1852 668 1919 σημεῖον
721 1851 797 1921 μὴ
828 1852 1105 1924 ὲγγίσητε.
1145 1873 1165 1908 ι
1212 1855 1455 1919 Ἀκούεις
1487 1856 1570 1910 ὅτι
1610 1874 1742 1911 κατα

1847 1858 1969 1925 quia
2017 1855 2263 1910 videlicet
2310 1863 2456 1908 recte
2508 1867 2719 1920 sapere,
2763 1862 2925 1919 atque
2976 1849 3139 1904 etiam
3178 1863 3243 1902 ex
3291 1847 3425 1915 legi-

161 1916 526 2007 εσημαίνοντό
549 1955 693 2003 τινες
948 1916 1121 2012 δίκης,
1146 1943 1242 1996 καὶ
1263 1916 1455 2013 θυμοῦ,
1477 1945 1573 1999 καὶ
1600 1947 1742 2000 ἀπά-

1848 1948 1947 2003 bus
1993 1948 2189 2011 vivere,
2218 1954 2272 2000 et
2320 1944 2583 2015 justitiam
2622 1941 2953 2011 colere,9o
2994 1949 3047 1994 et
3082 1939 3426 1993 dilectionem

163 2044 267 2095 σης
308 2029 460 2094 ὅντες
503 2030 703 2114 αἰτίας,
735 2031 822 2087 διά
845 2050 929 2088 τοι
955 2034 1018 2088 τὸ
1048 2033 1263 2088 ἑλέσθαι
1290 2039 1509 2107 φρονεῖν
1536 2039 1743 2108 ὀρθῶς,

161 2122 260 2175 καὶ
292 2122 400 2193 μὴν
442 2125 536 2176 καὶ
570 2123 719 2193 βιοῦν
761 2126 1004 2197 ἐννόμως
1024 2167 1039 2191 ,
1072 2128 1167 2183 καὶ
1201 2127 1554 2201 δικαιοσύνης
1581 2131 1748 2184 ἅπτε·

164 2211 330 2275 σθαι,
360 2211 457 2266 καὶ
488 2213 588 2281 τῆς
622 2214 703 2277 εἰς
738 2214 872 2268 Θεὸν
894 2216 1117 2288 ἀγάπης
1144 2217 1565 2291 ἀνεπιπλήκτως
1593 2222 1743 2291 ἑρᾷν.

175 2302 267 2356 Ἐν
283 2302 339 2356 δέ
355 2320 420 2371 γε
439 2306 503 2374 τῇ
528 2305 812 2378 Σαμαρείᾳ
834 2305 1141 2380 ὁλοτρόπως
1157 2309 1444 2375 ἐξώκειλεν
1459 2313 1488 2364 ό
1510 2311 1745 2384 Ἰσραὴλ,

161 2395 299 2459 οὐδ’,
329 2394 454 2448 δσον
478 2397 675 2464 είπεῖν,
704 2395 805 2451 κᾶν
831 2396 962 2467 γοῦν
990 2401 1210 2471 μνήμης
1228 2402 1368 2473 τάχα
1393 2419 1498 2456 που
1522 2403 1589 2457 τά
1613 2405 1746 2459 Μω-

162 2488 303 2549 σέως
330 2484 530 2553 ἀξιῶν,
560 2489 871 2560 μαχομένην
892 2490 951 2544 δὲ
978 2490 1171 2564 ὥσπερ
1205 2492 1302 2547 καὶ
1339 2495 1420 2557 είς
1466 2494 1614 2549 ἅπαν
1649 2496 1748 2549 αύ-

156 2580 275 2640 τοῖς
303 2580 761 2650 ἀντιτεταγμένην
784 2581 1076 2653 ἐπετήδευε
1103 2581 1270 2656 ζωὴν,
1324 2585 1400 2649 ὡς
1429 2586 1523 2640 καὶ
1550 2586 1747 2660 ἐχθρὸν

154 2670 413 2739 ἡγεῖσθαι
447 2670 539 2723 τὸν
585 2671 680 2724 τοῦ
734 2671 870 2725 Θεοῦ
908 2673 1071 2743 νόμον
1096 2690 1110 2704 ο
1141 2674 1264 2729 ὅσον
1295 2676 1419 2746 ἥκει
1446 2677 1648 2744 είπεῖν,
1671 2677 1747 2740 ὡς

156 2760 301 2831 μηδὲ
327 2761 523 2816 εἰδέναι
551 2763 725 2817 θέλειν
750 2764 937 2830 αὑτὸν,
961 2765 1251 2836 ἀτιμάζειν
1274 2766 1331 2820 δὲ
1356 2767 1450 2821 τὸν
1470 2769 1747 2839 παιδαγω-

151 2851 279 2921 γὸν,
309 2850 484 2905 καίτοι
534 2852 727 2917 σώζειν
769 2855 967 2919 είδότα,
993 2856 1089 2910 καὶ
1135 2857 1494 2929 ἀποκομίζειν
1513 2853 1573 2914 εὖ
1601 2860 1746 2930 μάλα

148 2944 455 3016 δυνάμενον
510 2948 592 3010 είς
634 2946 763 3019 εύθῆ
815 2965 875 3001 τε
931 2947 1028 3002 καὶ
1072 2949 1505 3006 ἀκατάσκωπτον
1576 2952 1743 3024 ζωήν.

154 3039 343 3094 Τοῦτο
394 3040 597 3101 τοίνυν,
649 3040 725 3103 ὡς
760 3039 956 3103 ἔοικεν,
996 3041 1024 3093 ὁ
1069 3042 1409 3112 προφητικδς
1450 3043 1747 3097 αἰνίττεται

147 3127 339 3196 λόγος.
372 3129 669 3199 Πεποίηται
700 3128 758 3183 δὲ
813 3130 930 3199 μετ’
955 3130 1153 3201 ήθους.
1191 3131 1267 3194 ῶς
1316 3132 1471 3203 ἔφην.
1504 3150 1522 3184 ι
1564 3134 1744 3187 Κατε-

150 3218 491 3272 δυνάστευσε
550 3220 690 3290 γάρ,
736 3220 931 3290 φησιν,
980 3223 1008 3275 ὀ
1050 3221 1290 3293 Ἐφραῒμ
1335 3223 1426 3276 τὸν
1475 3223 1741 3279 ἀντίδικον

148 3310 349 3378 αὐτοῦ,
387 3330 406 3362 ι
448 3311 567 3364 ἀντὶ
594 3311 708 3374 τοῦ,
734 3311 909 3380 Νίκην
935 3313 1341 3383 ὲκτοπωτάτην,
1386 3315 1481 3367 καὶ
1511 3315 1733 3387 ὀλέθρου

147 3402 422 3472 πρόξενον
447 3402 729 3472 νενίκηκεν
764 3403 792 3455 ὀ
834 3401 1110 3474 Ἐφραῒμ,
1142 3404 1635 3459 κατεδυνάστευσεν
1666 3406 1742 3470 ὠς

147 3494 293 3549 ἴδιον
350 3493 577 3565 ἐχθρὸν,
616 3494 895 3557 τουτέστι,
939 3493 1191 3560 νενίκηκε
1256 3495 1489 3563 γενικῶς
1544 3495 1604 3550 ὃν
1642 3515 1744 3568 με-

149 3582 363 3655 μίσηκε
386 3582 569 3651 νόμον.
604 3580 819 3654 Ἐπειδὴ
848 3581 906 3635 δέ
937 3583 1083 3636 ἐστιν
1102 3582 1343 3655 ἀμυδρὸς
1366 3584 1393 3637 ὀ
1427 3585 1603 3655 λόγος,
1632 3587 1746 3641 ἐτέ-

147 3692 270 3745 ρως
294 3672 426 3725 αὐτὸ
457 3672 750 3744 διατρανοῖ,
784 3673 956 3742 λέγων
977 3691 990 3705 ·
1027 3693 1046 3725 ι
1072 3675 1435 3747 Κατεπάτησε
1490 3681 1686 3749 κρῖμα,
1716 3699 1734 3730 ι

142 3762 458 3827 τουτέστιν,
491 3763 552 3815 οὐ
592 3763 955 3833 πεφρόντικεν
982 3762 1119 3827 ὅλως
1149 3763 1249 3833 τῆς
1278 3763 1336 3818 ὲν
1366 3765 1515 3836 νόμω
1547 3766 1744 3820 δικαιο-

147 3853 349 3924 σύνης.
406 3851 517 3905 Ἀεὶ
546 3852 653 3922 γάρ
695 3870 811 3917 πως
839 3854 901 3907 τὸ
929 3852 1433 3924 καταπατούμενον,
1459 3857 1517 3907 ὲν
1549 3855 1744 3929 ἀτιμίᾳ

142 3949 381 4012 νοεῖται,
423 3944 516 3998 καὶ
553 3944 763 4008 οὐδενὸς
807 3944 953 4009 ἄξιον
984 3945 1379 4016 καταφωρᾶται
1413 3945 1596 4015 λόγου.
1632 3947 1743 3999 Καὶ

143 4039 286 4107 γοῦν
327 4037 358 4089 ὀ
393 4036 592 4106 Κύριος
650 4034 804 4106 ἡμῶν
846 4034 1055 4107 Ἰησοῦς
1102 4036 1361 4108 Χριστὸς,
1418 4054 1436 4088 ι
1473 4036 1652 4091 Καλὸν
1680 4037 1742 4091 τὸ

142 4129 312 4193 ἃλας,
374 4127 571 4198 φησίν·
612 4128 705 4180 ἐὰν
738 4125 795 4180 δὲ
833 4126 893 4180 τὸ
931 4126 1063 4191 ἃλας
1107 4126 1385 4199 μωρανθῇ,
1407 4128 1464 4181 ὲν
1486 4128 1591 4181 τίνι
1624 4128 1742 4181 ἀλι-

145 4222 452 4293 σθήσεται;
487 4219 578 4281 Ei;
609 4218 760 4273 οὐδὲν
786 4216 1074 4289 ἱσχύειέτι,
1094 4219 1143 4271 εί
1177 4218 1250 4290 μὴ
1275 4217 1582 4292 [βε]6ληθὲν
1611 4218 1738 4286 ἔξω,

149 4310 599 4367 καταπατεῖσθαι
646 4307 749 4362 ὑπὸ
791 4307 896 4361 τῶν
950 4307 1276 4378 ἀνθρώπων.
1316 4328 1334 4360 ι
1367 4309 1537 4363 Ὅταν
1561 4309 1741 4365 τοίνυν

143 4407 332 4477 κρῖμα
365 4402 520 4474 λέγῃ,
545 4402 757 4471 νοήσεις
782 4400 872 4454 τὸν
895 4401 1075 4471 νόμον.
1099 4400 1255 4454 Οὕτω
1281 4400 1376 4454 καὶ
1393 4402 1421 4455 ὁ
1455 4400 1742 4465 θεσπέσιος

143 4493 323 4548 Δαϐὶδ
346 4492 627 4561 ὀνομάζων
660 4492 843 4557 αὐτὸν,
877 4491 1149 4558 ἀναφωνεί
1177 4490 1313 4563 πρὸς
1343 4491 1476 4545 Θεόν
1495 4509 1509 4524 ο
1547 4510 1565 4543 ι
1604 4493 1740 4564 Κρί-

146 4605 226 4656 μα
277 4585 374 4638 καὶ
414 4581 758 4653 δικαιοσύνην
795 4584 852 4635 ἐν
888 4583 1081 4636 Ἰακὼϐ
1119 4583 1184 4636 σὺ
1232 4582 1515 4653 ἐποίησας.
1556 4602 1575 4635 ι
1603 4583 1738 4637 Θεοῦ

144 4680 257 4749 γὰρ
298 4679 327 4730 ὁ
359 4676 543 4745 νόμος,
567 4676 658 4727 καὶ
687 4676 735 4726 εί
778 4673 1018 4728 λαλεῖται
1058 4674 1124 4728 δι’
1158 4674 1426 4744 ἀγγέλων.
1472 4674 1632 4730 Ἀλλά
1659 4675 1744 4740 τίς

144 4772 178 4841 ἡ
208 4766 491 4839 πρόφασις
532 4766 649 4831 τοῦ,
684 4766 776 4818 καὶ
815 4765 1004 4836 ἐχθρὸν
1056 4765 1361 4837 ἡγήσασθαι
1405 4765 1497 4818 τὸν
1537 4766 1738 4836 νόμον,

143 4862 243 4912 καὶ
283 4856 675 4927 καταπατῆσαι
706 4857 765 4909 τὸ
796 4857 988 4927 κρῖμα,
1015 4855 1298 4926 παρέδειξε
1347 4857 1529 4921 πάλιν,
1579 4856 1741 4920 εὐθὺς

140 4949 345 5014 εἰπὼν,
370 4967 387 5000 ι
404 4948 523 5002 Ὀτι
551 4946 753 5018 ἧρξατο
782 4946 1413 5019 πορεύεσθαιόπίσωτῶν
1436 4948 1698 5018 ματαίων.
1715 4965 1734 4998 ι

154 5039 335 5111 Ἀρχὴ
361 5038 463 5107 τῆς
492 5038 703 5091 τοιᾶσδε
730 5037 909 5100 νόσου,
937 5038 1092 5105 φησὶ,
1144 5037 1205 5090 τὸ
1234 5040 1400 5109 τιμᾷν
1426 5037 1643 5091 ἑλέσθαι
1671 5036 1742 5090 τὰ

144 5133 385 5201 μάταια,
417 5130 511 5182 καὶ
544 5129 964 5183 κατακολουθεῖν
1000 5127 1259 5193 εἰδώλοις.
1305 5129 1609 5199 Ἀμήχανον
1638 5129 1745 5201 γὰρ

143 5225 203 5275 ἐν
237 5220 432 5291 ταυτῷ
457 5218 551 5274 καὶ
577 5220 696 5292 Θεῷ
724 5221 983 5275 δύνασθαι
1045 5220 1485 5283 κατακολουθεῖν,
1515 5221 1609 5273 καὶ
1629 5223 1745 5284 τοῖς

144 5315 438 5383 πονηροῖς,
479 5312 573 5367 καὶ
616 5312 947 5383 ἀκαθάρτοις
1005 5311 1297 5377 πνεύμασι.
1334 5311 1434 5364 Διά
1466 5310 1623 5363 τοῦτο
1650 5311 1743 5363 καὶ

142 5404 174 5457 ὀ
205 5403 501 5467 θεσπέσιος
536 5403 737 5472 γράφει
788 5402 997 5466 Παῦλος
1018 5420 1030 5433 ·
1075 5421 1093 5454 ι
1134 5404 1205 5456 Ob
1235 5400 1460 5454 δύνασθε
1484 5402 1743 5472 ποτήριον

142 5495 241 5545 τοῦ
306 5493 516 5561 Κυρίου
562 5493 756 5558 πίνειν,
804 5494 896 5547 καὶ
944 5495 1202 5565 ποτήριον
1247 5492 1563 5563 δαιμονίων.
1613 5511 1630 5543 ι
1661 5493 1737 5545 Οὐ

140 5584 387 5637 δύνασθε
434 5584 709 5655 τραπέζης
734 5586 940 5656 Κυρίου
993 5586 1261 5657 μετέχειν,
1307 5586 1403 5637 καὶ
1455 5584 1735 5654 τραπέζης

141 5676 469 5747 δαιμονίων.
500 5678 845 5747 Μονότροπος
876 5679 982 5750 γὰρ
1006 5680 1035 5729 ὁ
1058 5675 1331 5746 θεοφιλὴς,
1360 5675 1727 5747 ἀλλοπρόσαλ-

1844 2054 1971 2109 erga
2022 2038 2184 2092 Deum
2229 2037 2495 2091 sinceram
2544 2034 2743 2089 habere
2788 2033 3087 2086 voluerunt.
3140 2030 3193 2084 In
3232 2029 3426 2084 Sama-

1847 2132 1924 2185 ria
1957 2145 2086 2185 vero
2115 2127 2442 2183 omnimodis
2479 2127 2533 2180 in
2559 2124 2820 2181 oll‘ensam
2849 2123 3075 2179 incurrit
3102 2120 3285 2183 Israel.
3314 2120 3427 2175 for-

1847 2221 2005 2275 tassis
2050 2233 2149 2274 nec
2176 2219 2426 2288 dignatus
2467 2212 2775 2271 meminisse
2807 2212 3059 2273 Mosaica.
3086 2209 3233 2263 velut
3267 2223 3427 2275 repu-

1846 2321 2118 2383 gnantem,
2146 2320 2203 2367 et
2234 2311 2485 2365 universe
2504 2307 2610 2363 illis
2659 2307 3037 2363 adversantem
3096 2313 3429 2371 persequens

1849 2405 2035 2469 vitam,
2068 2413 2124 2458 ut
2163 2404 2343 2458 'etiam
2381 2402 2472 2456 Dei
2528 2402 2701 2471 legem
2735 2398 3008 2454 inimicam
3055 2395 3422 2450 arbitraretur

1846 2495 2265 2564 quodammodo,
2302 2503 2357 2549 et
2385 2507 2505 2547 eam
2552 2506 2653 2547 nec
2700 2505 2863 2546 nosse
2891 2489 3073 2555 vellet‘,
3112 2492 3425 2558 sperneret-

1845 2601 1951 2656 que
1986 2587 2362 2656 predagOgum,
2399 2583 2649 2655 quamvis
2704 2596 2957 2644 servare,
2995 2588 3051 2634 et
3103 2579 3169 2633 ad
3217 2587 3420 2632 rectam

1847 2676 2088 2745 nullique
2103 2675 2384 2728 calumniae
2413 2672 2698 2728 obnoxiam
2729 2671 2895 2726 vitam
2922 2670 3123 2739 optime
3156 2669 3427 2721 adducere

1846 2775 2052 2837 posset.
2086 2768 2201 2822 Hoc
2235 2766 2418 2833 igitur,
2444 2777 2503 2820 ut
2534 2766 2766 2830 videtur,
2791 2762 3099 2832 prophetica
3134 2761 3301 2813 verba
3343 2757 3427 2811 in-

1845 2859 2083 2915 sinuant.
2114 2856 2325 2911 Habent
2350 2867 2529 2912 autem
2562 2856 2929 2919 festivitatem,
2961 2869 3053 2911 seu
3082 2853 3334 2918 ironiam,
3368 2861 3426 2905 ut

1845 2952 1979 3007 dixi.
2040 2952 2133 3005 Ait
2172 2952 2338 3017 enim,
2369 2951 2685 3021 «oppressit
2738 2948 2994 3018 Ephraim
3047 2946 3424 3001 adversarium

1846 3056 2030 3107 suum,
2062 3059 2082 3094 ι
2120 3056 2237 3111 pro,
2273 3041 2496 3094 victoria
2553 3038 2888 3108 turpissima,
2916 3045 2972 3089 et
3016 3035 3242 3089 exitiosa
3297 3032 3429 3085 vicit

1844 3133 2123 3204 Ephraim.
2174 3131 2454 3203 Oppressit
2491 3140 2551 3186 ut
2584 3132 2793 3186 hostem
2832 3144 3010 3194 suum,
3039 3127 3142 3181 hoc
3176 3124 3429 3189 est,vicit

1846 3239 2105 3296 generose
2140 3225 2309 3294 legem
2338 3239 2497 3293 quam
2528 3224 2735 3277 oderat.
2785 3220 2916 3288 Quia
2960 3234 3087 3273 vero
3118 3219 3291 3273 oratio
3349 3229 3428 3270 tc-

1846 3316 1986 3367 ctior
2017 3323 2122 3375 est,
2158 3314 2312 3368 aliter
2347 3315 2516 3382 ipsam
2545 3312 2802 3375 declarat,
2828 3312 3015 3365 dicens
3042 3326 3055 3362 :
3092 3331 3109 3357 ι
3134 3307 3426 3363 Conculca-

1843 3407 1921 3460 vit
1942 3405 2226 3475 judicium,
2260 3424 2278 3456 ι
2320 3404 2421 3459 hoc
2449 3412 2555 3470 est,
2610 3402 2875 3470 justitiam
2905 3401 3017 3470 lege
3049 3408 3420 3467 prmscrtptant

1844 3498 1994 3551 nullo
2026 3497 2183 3551 modo
2214 3497 2455 3562 curavit;
2480 3510 2692 3563 semper
2725 3493 2870 3547 enim
2903 3492 3042 3561 quod
3074 3490 3425 3545 conculcatur

1843 3587 2168 3659 despicabile
2220 3588 2584 3657 cognoscitur,
2616 3585 2873 3652 nullaque
2921 3583 3279 3638 :cstimatione
3335 3581 3419 3635 di-

1844 3695 2005 3749 gnum
2049 3677 2490 3746 deprehenditur.
2524 3675 2705 3743 Quare
2748 3674 3007 3728 Dominus
3054 3676 3242 3726 noster
3269 3668 3425 3725 Jesus

1842 3767 2110 3833 Christus,
2130 3787 2148 3818 ι
2181 3767 2381 3820 Βοιιυιιι
2401 3774 2479 3820 est
2495 3765 2593 3830 sal,
2615 3783 2633 3817 ι
2658 3764 2829 3833 inquit
2854 3782 2868 3830 ;
2904 3783 2922 3814 ι
2948 3763 2989 3817 si
3014 3772 3192 3817 autem
3208 3760 3283 3815 sal
3301 3777 3426 3815 eva-

1844 3858 2043 3924 nuerit,
2072 3858 2123 3910 in
2155 3871 2264 3925 quo
2295 3855 2558 3910 salietur?
2588 3854 2667 3908 Ad
2693 3854 2915 3907 niltilum
2953 3852 3095 3905 valet
3127 3850 3288 3915 ttltra,
3318 3849 3423 3904 nisi

1844 3957 1904 4003 ut
1927 3950 2172 4002 mittatur
2197 3946 2364 4013 foras,
2390 3957 2445 4002 et
2477 3946 2826 4002 conculcetur
2850 3948 2917 3998 ab
2942 3943 3256 3999 hominibus
3284 3943 3355 3995 ".
3397 3957 3420 3993 ι

1842 4041 2010 4110 Igitur
2041 4054 2137 4109 per
2161 4040 2422 4110 judicium
2477 4037 2713 4106 intellige
2756 4037 2947 4104 legem.
2982 4036 3057 4089 Ita
3120 4045 3176 4090 et
3209 4036 3425 4090 divinus

1845 4130 2034 4197 David,
2071 4143 2189 4183 eam
2221 4128 2526 4192 nominans,
2555 4128 2722 4183 Deum
2753 4123 2986 4181 aﬂatur:
3023 4141 3042 4177 ι
3078 4125 3347 4181 Judicitnu
3372 4132 3427 4179 et

1835 4221 2100 4293 justitiam
2126 4221 2179 4274 in
2199 4219 2365 4275 Jacob
2418 4231 2471 4272 tu
2498 4220 2673 4275 fecisti
2697 4219 2839 4273 “"9.
2867 4238 2887 4271 ι
2910 4218 3002 4272 Dei
3025 4218 3167 4272 enim
3199 4226 3284 4273 est
3314 4218 3424 4283 lex,

1842 4313 2039 4368 dictata
2063 4326 2158 4383 per
2178 4311 2413 4378 angelos.
2442 4310 2642 4365 Verum
2662 4311 2937 4366 enimvero
2959 4325 3078 4380 qua:
3107 4324 3268 4364 causa
3299 4305 3415 4362 fue-

1842 4406 1936 4472 rit,
1974 4406 2143 4475 legem
2198 4420 2294 4474 pro
2344 4405 2497 4459 hoste
2525 4404 2778 4471 ducendi,
2811 4414 2867 4457 et
2895 4402 3156 4472 judicium
3193 4400 3424 4455 concul-

1843 4496 2027 4560 candi,
2065 4511 2190 4551 mox
2221 4495 2475 4563 deinceps
2507 4495 2741 4548 ostendit
2766 4494 2849 4547 his
2877 4493 3076 4557 verbis,
3110 4509 3127 4541 ι
3159 4491 3283 4559 quia
3307 4505 3424 4544 ca:-

1768 4612 1818 4672 D
1847 4589 1923 4656 pit
1959 4587 2110 4641 abire
2143 4595 2263 4656 post
2290 4601 2450 4639 vana.
2476 4603 2493 4636 ι
2531 4584 2862 4653 Principium
2918 4583 3075 4651 hujus
3119 4581 3314 4647 morbi,
3343 4581 3425 4633 in-

1846 4680 1985 4749 quit,
2015 4679 2229 4733 dedisse
2257 4691 2314 4733 se
2336 4677 2492 4732 vanis
2523 4675 2878 4737 honorandis,
2925 4685 2979 4728 et
3024 4681 3265 4727 secutum
3301 4685 3425 4725 esse

1849 4771 2007 4824 idola.
2039 4767 2180 4823 Fieri
2208 4768 2349 4823 enim
2374 4783 2479 4821 non
2506 4775 2685 4835 potest
2737 4774 2795 4819 nt
2825 4765 2877 4818 in
2909 4764 3093 4818 eodem
3143 4772 3197 4817 et
3251 4761 3420 4817 Deum

1846 4870 1899 4915 ct
1930 4875 2160 4930 nequam
2196 4869 2357 4929 atque
2384 4859 2689 4913 immundos
2720 4856 2946 4926 spiritus
2979 4856 3244 4925 sequaris.
3278 4855 3422 4922 Quo-

1845 4952 1991 5006 circa
2026 4962 2080 5006 et
2126 4949 2340 5004 divinus
2368 4948 2603 5003 Paulus:
2638 4965 2656 4998 ι
2685 4946 2799 5001 Νοιι
2839 4946 3077 5017 potestis,
3118 4945 3305 5014 inquit,
3341 4946 3422 4999 bi-

1847 5043 1973 5097 bere
2004 5040 2227 5096 calicem
2282 5039 2487 5095 Domini
2529 5048 2586 5093 et
2625 5040 2846 5094 calicem
2888 5038 3270 5092 daemoniorum
3294 5038 3360 5092 3°.
3396 5056 3416 5089 ι

1853 5134 2091 5188 Mouibus
2115 5131 2312 5201 quippe
2333 5129 2617 5185 uniformis
2644 5139 2727 5185 est
2754 5130 2845 5200 qui
2878 5129 3052 5199 diligit
3076 5129 3241 5183 Deum
3268 5147 3281 5195 ;
3312 5146 3420 5182 mu-

1856 5224 2032 5277 tabilis
2081 5230 2281 5288 autem,
2311 5229 2365 5275 et
2417 5218 2704 5283 ﬂuctuans,
2731 5228 2786 5273 et
2815 5230 3046 5288 utroque
3078 5233 3291 5273 versum
3340 5219 3420 5271 ire

1844 5328 2042 5383 gnarus
2076 5316 2385 5377 subversor,
2408 5320 2462 5365 et
2497 5310 2654 5366 facile
2687 5310 2888 5365 vadens
2909 5327 3014 5381 quo
3060 5326 3180 5366 sors
3210 5310 3415 5364 tulerit.

1848 5423 1867 5455 ι
1896 5412 2081 5473 Itaque
2114 5401 2243 5458 facti
2273 5410 2418 5468 sunt,
2452 5400 2653 5470 inquit,
2690 5401 2965 5471 principes
2992 5400 3126 5456 Jnda
3157 5412 3215 5454 ut
3242 5410 3418 5454 trans-

1840 5504 2102 5567 ponentes
2158 5493 2436 5549 terminos.
2459 5490 2742 5561 Oppressit
2765 5507 2894 5547 vero
2928 5502 2982 5547 et
3018 5492 3271 5561 Ephraim
3323 5490 3418 5543 ad-

1835 5588 2134 5643 versarium
2162 5594 2410 5650 suum,et
2437 5583 2778 5639 conculcavit
2797 5584 3074 5652 judicium.
3097 5584 3200 5638 Ero
3228 5591 3410 5635 autem

1838 5681 1890 5734 iu
1914 5689 2186 5749 posterum
2213 5676 2367 5747 quasi
2393 5677 2739 5733 conturbatio
2765 5676 3111 5746 Ephraim,et
3132 5671 3285 5744 quasi
3317 5671 3415 5725 sti-

216 5873 271 5907 ⁸³
297 5874 496 5929 Ezech.
531 5890 603 5939 rx,
639 5874 753 5928 Ξοϐ.
834 5875 873 5905 ⁸⁷
919 5874 1106 5930 Matth.
1145 5890 1198 5939 ν,
1237 5874 1321 5929 13.
1397 5874 1514 5906 δυ’
1548 5873 1689 5929 Psal.
1723 5890 1742 5926 lt

1848 5889 1907 5937 ιι,
1938 5872 1987 5926 ὦ.
2069 5873 2112 5903 ⁸ο
2140 5873 2157 5927 Ι
2183 5874 2307 5929 Cor.
2338 5890 2389 5941 χ,
2424 5874 2513 5929 20.
