4094 6600
223 452 324 508 157

1143 444 1688 511 COMMENTARIUS
1722 444 1786 501 IN
1826 441 2056 501 DSEAM
2099 444 2536 502 PROPIIETAM.

3356 454 3462 511 158

214 574 431 647 ἐχθρῶν
494 572 831 643 συμμαχίαν.
889 589 909 622 ι
970 569 1217 638 Ἐγένετο
1254 568 1363 639 γὰρ
1423 567 1665 638 Ἐφραῖμ
1712 566 1787 631 ὡς

1896 582 1987 623 cor
2008 582 2113 622 non
2135 567 2671 640 habens.1Egyptum
2709 571 3085 639 invocanat,et
3116 576 3183 629 ad
3216 575 3465 648 Assyrios

215 661 519 735 περιστερὰ
568 662 749 723 ἄνους,
814 659 913 712 οὐκ
977 658 1175 728 ἔχουσα
1211 657 1459 729 καρδίαν.
1517 655 1793 724 Αἴγυπτον

214 756 557 821 ἐπεκαλεῖτο,
596 755 691 808 καὶ
723 752 803 813 εἰς
855 750 1170 821 Ἀσσυρίους
1207 746 1498 817 ἐπορεύετο
1521 763 1537 779 ο
1565 766 1583 798 ι
1615 745 1791 815 ἀπηλ-

214 847 415 918 λάχθαι
433 846 543 899 τῶν
577 841 972 915 ἐπηρτημένων
992 839 1159 911 ᾤοντο
1182 837 1387 894 κακῶν.
1412 837 1521 892 Καὶ
1543 836 1607 908 δὴ
1638 837 1792 907 βασι-

213 936 467 1001 λεύοντος
493 938 551 989 ἐν
592 939 659 1007 τῇ
704 931 988 1003 Σαμαρείᾳ
1015 930 1111 983 τοῦ
1142 929 1393 999 Μαναῖμ,
1427 927 1590 998 ἀνέϐη
1618 926 1795 991 Φύλας

217 1028 471 1101 βασιλεὺς
510 1026 810 1097 Ἀσσυρίων
860 1024 955 1076 ἐπὶ
982 1023 1074 1075 τὸν
1122 1021 1360 1092 Ἰσραήλ.
1391 1015 1523 1072 Εἶτα
1551 1019 1793 1089 χρήμασι

216 1124 314 1176 καὶ
334 1120 649 1193 πρεσὸείαις
676 1115 956 1171 ἀνέπειθον
984 1113 1316 1183 ἀποσχέσθαι
1339 1113 1435 1181 τῆς
1460 1110 1584 1180 γῆς.
1613 1105 1795 1160 Τοιοῦσ

213 1214 280 1269 τό
310 1216 427 1267 ἐστι
452 1212 534 1273 τὸ,
564 1231 581 1263 ι
629 1207 930 1279 Ἑπορεύθη
975 1204 1214 1276 Ἐφραῒμ
1238 1204 1371 1275 πρὸς
1406 1203 1741 1272 Ἀσσυρίους.
1768 1220 1787 1253 ι

215 1307 397 1362 Φακεέ
428 1306 484 1358 δέ
507 1304 668 1357 πάλιν
692 1344 704 1367 ,
739 1303 767 1354 ὁ
798 1299 888 1353 τοῦ
920 1297 1221 1369 Ῥομελίου,
1260 1296 1512 1365 βασιλεὺς
1553 1295 1791 1366 Ἰσραὴλ,

216 1394 615 1469 κατεμισθοῦτό
672 1410 800 1446 ποτε
838 1391 927 1444 τὸν
960 1388 1229 1451 Ῥαασὼν,
1288 1387 1517 1457 βασιλέα
1571 1387 1792 1458 Συρίας,

217 1490 316 1544 καὶ
364 1488 715 1557 πεπολέμηκε
742 1483 818 1554 τῷ
863 1483 1032 1553 Ἰούδα
1062 1482 1155 1534 καὶ
1177 1483 1288 1542 τοῖς
1316 1481 1380 1533 ἐκ
1410 1479 1583 1548 φυλῆς
1610 1481 1796 1532 Βενια-

220 1582 337 1651 μὶν,
372 1575 743 1648 βασιλεύοντος
783 1572 991 1642 Ἀχατζ
1034 1569 1126 1623 τοῦ
1172 1568 1409 1639 ἰωάθαμ
1447 1567 1585 1632 υἱοῦ,
1620 1568 1676 1631 ὃς
1703 1568 1792 1621 δε-

216 1672 345 1734 διὼς
374 1671 472 1741 τὴν
496 1668 703 1738 ἔφοδον,
746 1663 1062 1734 πρεσϐείαις
1087 1660 1178 1714 καὶ
1205 1661 1479 1729 χρήμασιν
1512 1658 1792 1712 ἀναπείθει

215 1764 310 1817 τὸν
351 1760 633 1831 Ἀσσύριον
680 1753 1110 1824 Θεγλαφαλασαρ
1142 1750 1420 1821 ἐπαμῦναι
1447 1751 1614 1821 αὐτῷ.
1652 1752 1710 1805 '0
1736 1751 1792 1804 δέ

1897 662 2007 715 ibat
2034 660 2101 726 ⁸³,
2134 678 2152 712 ι
2198 669 2344 714 ratus
2403 675 2462 715 se
2517 661 2943 730 impendentibus
2970 665 3122 719 malis
3179 666 3464 722 liberatum

1895 752 1986 808 iri.
2012 753 2186 807 Etiam
2218 761 2472 819 regnante
2500 750 2750 817 Manaim,
2780 751 2973 807 Phulas
3005 770 3096 808 rex
3122 757 3464 825 Assyriorum

1894 854 2080 899 contra
2112 842 2360 898 lsraelem
2387 844 2735 898 ascendit”:
2768 844 2854 898 cui
2888 844 3077 915 legatis
3114 856 3167 900 et
3218 850 3465 914 pecuniis

1893 951 2186 1007 persuasus
2214 946 2296 990 est
2331 937 2571 999 reditus;
2615 941 2715 990 hoc
2749 944 2851 1000 est,
2897 954 2917 987 ‹
2950 937 3082 990 abiit
3109 937 3359 1005 Ephraim
3396 940 3461 994 ad

1892 1026 2165 1096 Assyrios.
2195 1044 2214 1077 ι
2256 1024 2455 1078 Deinde
2489 1024 2716 1087 Pliacee,
2747 1023 2885 1077 ﬁlius
2930 1023 3201 1083 Romeliaz.
3239 1042 3327 1080 rex
3389 1026 3463 1081 ls-

1895 1116 2028 1183 rael,
2060 1115 2231 1184 pretio
2261 1115 2514 1168 conduxit
2555 1114 2841 1182 aliquando
2877 1112 3042 1166 Rnsiu
3065 1130 3239 1183 regem
3273 1115 3463 1184 Syriae,

1893 1209 2325 1280 oppugnavitque
2350 1206 2541 1261 Judam
2567 1216 2620 1260 et
2652 1207 2872 1261 tribules
2891 1206 3187 1274 Beniamin,
3208 1219 3468 1279 regnante

1892 1301 2097 1367 Acbaz,
2131 1300 2238 1355 ﬁlio
2282 1299 2531 1354 Joalham
2561 1318 2573 1355 :
2611 1301 2698 1368 qui
2727 1300 3086 1353 incursionem
3132 1300 3346 1362 timens,
3376 1315 3469 1366 per

1894 1392 2098 1463 legatos
2150 1401 2428 1446 numerata
2492 1391 2717 1459 pecunia
2747 1390 3231 1459 Theglatpbalasar
3264 1393 3329 1444 ad
3362 1389 3468 1444 sibi

1890 1482 2260 1550 opitulandum
2288 1483 2497 1551 impulit
2526 1483 2592 1536 ⁵⁸,
2626 1482 2725 1548 Qui
2776 1481 3036 1536 Damasco
3080 1484 3247 1538 armis
3288 1495 3465 1554 capta,

1895 1570 2058 1625 Rasin
2081 1588 2112 1624 e
2142 1571 2315 1625 medio
2345 1572 2578 1626 sustulit.
2611 1570 2715 1626 Sed
2748 1574 2993 1642 quamvis
3017 1574 3235 1639 abierit,
3262 1578 3461 1644 inquit,

1894 1662 1961 1715 ad
1999 1664 2245 1732 Assyrios
2278 1661 2556 1730 Ephraim,
2595 1665 2930 1733 pecuniaque
2964 1674 3016 1718 et
3049 1665 3298 1733 precibus
3335 1667 3466 1720 dila-

1895 1754 2093 1807 tionem
2119 1754 2675 1822 irruptiouisemerit,
2697 1756 2903 1809 tametsi
2928 1756 3133 1826 legatos
3158 1758 3365 1811 miserit
3397 1759 3466 1813 ad

212 1856 317 1928 τὴν
351 1851 639 1925 Δαμασκὸν
665 1848 1005 1919 κατακράτος
1036 1843 1195 1907 ἐλὼν,
1231 1847 1296 1897 ἐκ
1325 1843 1490 1912 μέσου
1524 1841 1791 1895 καὶαύτὸν

1896 1843 2271 1914 regemlarim,
2312 1846 2411 1898 hoc
2435 1855 2538 1911 est,
2570 1844 2908 1900 defensorem
2945 1846 3059 1900 sive
3090 1846 3315 1901 ultorem
3340 1846 3467 1918 (hoc

214 1944 666 2002 ἐποίειῬαασών.
706 1940 842 1994 Ἀλλ’
872 1939 922 1992 εί
951 1938 1046 1991 καὶ
1075 1935 1428 2007 πεπόρευται,
1467 1934 1620 2004 φησι,
1656 1933 1793 2004 πρὸς

1896 1936 2037 1990 enim
2066 1936 2221 1989 Iarim
2249 1936 2452 2003 sonat),
2476 1946 2658 1990 tamen
2689 1937 2924 1989 divinam
2958 1938 3093 1991 iram
3122 1953 3224 1991 non
3250 1938 3467 1993 domue-

226 2040 543 2109 Ἀσσυρίους
578 2037 606 2088 ὁ
640 2031 897 2103 Ἐφραῒμ,
927 2029 1022 2082 καὶ
1060 2027 1340 2098 χρήμασιν
1369 2024 1663 2096 ἐξεπρίατο
1697 2024 1792 2076 καὶ

212 2131 388 2192 λιταῖς
417 2128 517 2198 τῆς
554 2126 742 2194 ἐφόδου
770 2124 866 2192 τὴν
909 2119 1203 2189 ἁνάὅλησιν
1225 2134 1240 2149 ο
1290 2117 1392 2171 κᾶν
1425 2117 1475 2168 εί
1508 2115 1791 2169 ἀπέστειλε

213 2220 478 2291 πρέσϐεις
514 2220 649 2287 πρὸς
689 2215 913 2286 βασιλέα
948 2212 1180 2282 Ἰαρεὶμ,
1219 2209 1515 2272 τουτέστιν,
1558 2207 1790 2269 ἔκδικον,

211 2313 337 2384 ἦτοι
366 2309 655 2379 ἐκδικητὴν
675 2305 853 2377 (τοῦτο
882 2304 990 2374 γὰρ
1020 2303 1079 2357 τὸ
1115 2302 1323 2375 Ἰαρεὶμ
1346 2300 1645 2371 σημαίνει),
1675 2301 1791 2354 ἀλλ’

212 2401 276 2453 ού
307 2399 623 2467 νενικήκασι
650 2397 749 2465 τὴν
784 2393 932 2455 θείαν
959 2392 1148 2464 ὀργὴν,
1175 2389 1295 2443 οὕτε
1323 2388 1426 2460 μὴν
1450 2389 1790 2460 περιέσονται

212 2486 375 2551 Θεοῦ,
390 2488 489 2557 τῆς
511 2485 655 2538 οὕτω
679 2483 857 2554 δεινῆς
880 2480 1215 2543 ἀποστασίας
1238 2479 1577 2545 ἐξαιτοῦντος
1603 2479 1787 2542 δίκας.

212 2577 291 2631 Οὐ
335 2577 444 2647 γὰρ
475 2576 683 2646 ἴσχυσε,
739 2574 921 2644 φησὶν,
959 2573 987 2625 ὁ
1010 2572 1285 2642 χρήμασιν
1321 2571 1791 2641 ἀναπεπεισμένος

212 2665 497 2736 ἠρεμῆσαι
527 2664 725 2734 βραχὺ,
760 2660 877 2715 ἀλλ’
907 2659 1030 2714 ούδέ
1054 2659 1239 2729 ἕτερός
1271 2675 1353 2722 τις
1392 2657 1501 2711 τῶν
1532 2658 1791 2729 μεμισθοο

216 2758 537 2829 φορηκότων
568 2754 820 2810 ἰάσασθαι
855 2754 1019 2823 ὑμᾶς.
1068 2750 1415 2805 Πεπαύσεται
1443 2750 1502 2803 δὲ
1533 2750 1784 2821 οὐδαμῶς

213 2846 317 2916 τῆς
349 2844 539 2916 ὀδύνης
558 2845 620 2898 τὸ
643 2844 887 2916 κέντρον.
912 2841 1198 2897 Πάνδεινον
1224 2837 1316 2895 οῦν
1339 2841 1466 2911 ἄρα,
1489 2840 1551 2894 τὸ
1577 2841 1652 2913 μὴ
1687 2840 1792 2894 σώ-

216 2937 408 3004 ζεσθαι
432 2938 630 3009 μᾶλλον
655 2936 944 3006 ἐπιθυμεῖν
966 2933 1053 2987 διὰ
1076 2933 1173 3004 τῆς
1189 2931 1396 2988 ἄνωθεν
1419 2930 1755 3003 ἡμερότητος
1773 2973 1790 2999 ,

213 3032 582 3103 ἐπιθαρρῆσαι
607 3030 664 3084 δὲ
694 3031 812 3093 ταῖς
834 3028 893 3095 ἐξ
915 3026 1217 3100 ἀνθρώπων
1252 3024 1602 3095 ἐπικουρίαις
1619 3039 1632 3053 ⁸
1670 3024 1793 3078 καίο

213 3141 296 3178 τοι
326 3122 556 3193 βοῶντος
582 3121 674 3175 τοῦ
709 3119 1021 3190 Πνεύματος
1043 3118 1130 3171 διὰ
1166 3117 1262 3187 μὲν
1284 3116 1468 3186 φωνῆς
1481 3114 1575 3168 τοῦ
1612 3132 1792 3185 μακα-

1895 2036 2039 2093 runt,
2072 2042 2248 2096 neque
2276 2027 2387 2081 Deo
2416 2028 2798 2096 praevalebunt,
2835 2028 2991 2094 huius
3035 2028 3167 2083 adeo
3200 2038 3351 2083 teme
3380 2030 3468 2083 de-

1892 2112 2143 2168 lectionis
2172 2129 2361 2182 pcenas
2398 2117 2654 2186 exigenti.
2689 2116 2802 2169 Non
2837 2119 2978 2170 enim
3039 2119 3237 2186 potuit,
3266 2120 3462 2187 inquit,

1890 2208 2114 2276 pecunia
2139 2222 2427 2276 persuasus
2455 2208 2665 2263 ellicere
2728 2220 2785 2262 ut
2823 2211 3035 2278 paulum
3085 2211 3460 2279 quiesceretis,

1893 2312 1992 2354 nec
2014 2300 2152 2353 alius
2181 2301 2428 2354 mercede
2454 2300 2751 2355 conductus
2782 2316 2977 2355 sanare
3013 2318 3127 2356 vos.
3177 2303 3461 2372 Nunquam

1892 2401 2071 2444 autem
2128 2392 2330 2446 doloris
2389 2392 2638 2448 stimulus
2687 2394 2939 2448 cessabit.
2972 2394 3068 2447 Est
3100 2395 3264 2464 igitur
3297 2395 3466 2463 pessi—

1892 2497 2062 2546 mum,
2094 2498 2199 2537 non
2224 2484 2397 2555 magis
2426 2499 2622 2554 cupere
2650 2486 2843 2540 salvari
2870 2501 2965 2555 per
2987 2502 3278 2555 supernam
3307 2502 3462 2539 mau-

1891 2577 2257 2643 suetudinem,
2281 2580 2372 2632 sed
2406 2579 2656 2633 humanis
2683 2580 2872 2648 opibus
2906 2579 3089 2645 ﬁdere,
3126 2595 3246 2634 cum
3283 2595 3376 2648 per
3404 2596 3465 2633 os

1890 2668 2031 2724 beati
2065 2670 2229 2725 David
2256 2669 2488 2740 Spiritus
2520 2671 2748 2725 clamet:
2782 2691 2799 2722 ‹
2828 2671 3029 2726 Bonum
3059 2681 3141 2726 est
3193 2671 3466 2725 conﬁdere

1892 2762 1945 2816 in
1976 2761 2222 2827 Domino,
2270 2778 2431 2832 quam
2474 2764 2746 2818 conﬁdere
2794 2763 2846 2816 in
2873 2764 3109 2817 homine.
3158 2763 3467 2815 Βοιιιιιιιυει

1891 2866 2111 2921 sperare
2141 2853 2193 2907 in
2226 2853 2470 2918 Domino,
2500 2868 2656 2923 quam
2695 2855 2747 2908 in
2780 2854 3111 2922 principibus
3139 2854 3203 2905 ⁵⁸.
3236 2871 3255 2905 ι
3284 2851 3349 2905 Ει
3375 2866 3469 2917 per

1890 2943 2179 2999 Jeremiam
2214 2961 2229 3001 :
2261 2963 2279 2997 ι
2306 2945 2623 3000 Maledictus
2656 2946 2815 3000 homo
2870 2946 2958 3016 qui
2991 2961 3137 3012 spem
3192 2959 3342 2999 suam
3374 2956 3468 3011 po—

1894 3035 1973 3090 nit
2026 3036 2079 3090 in
2141 3037 2377 3102 homine,
2403 3047 2458 3093 et
2488 3037 2720 3092 ﬁrmabit
2747 3053 2963 3092 carnem
3015 3035 3220 3090 brachii
3248 3035 3329 3087 sui
3368 3049 3463 3086 sn-

1893 3142 1989 3197 per
2033 3142 2180 3193 eum,
2208 3138 2263 3182 et
2297 3145 2325 3183 a
2359 3129 2585 3184 Domino
2637 3129 2864 3184 recessit
2929 3143 3024 3182 cor
3077 3128 3212 3195 ejus.
3246 3126 3310 3179 Et
3364 3126 3470 3180 erit

218 3216 337 3287 ρίου
393 3214 596 3267 Δαδίδ·
643 3231 662 3263 ι
712 3210 937 3279 Ἀγαθὸν
984 3208 1300 3262 πεποιθέναι
1352 3209 1443 3259 ἐπὶ
1483 3206 1708 3277 Κύριον,
1756 3206 1789 3277 ἢ

1896 3221 2047 3287 quasi
2071 3219 2331 3275 silvestris
2347 3222 2548 3292 myrica
2581 3237 2700 3291 quae
2729 3231 2811 3276 est
2845 3221 2897 3274 in
2925 3221 3140 3275 deserto
3175 3235 3190 3286 ;
3251 3233 3356 3271 non
3393 3220 3470 3269 vi-

216 3304 533 3359 πεποιθέναι
569 3303 653 3357 ἐπ’
684 3303 990 3373 ἄνθρωπον.
1035 3300 1260 3368 Ἀγαθὸν
1283 3299 1521 3364 ἐλπίζειν
1552 3299 1644 3351 ἐπὶ
1675 3298 1792 3351 Κύ-

217 3415 353 3470 ςιον,
382 3397 415 3468 ἢ
447 3394 684 3460 ἐλπίζειν
721 3396 804 3448 ἐπ’
854 3393 1151 3465 ἄρχοντας’
1195 3410 1214 3444 ι
1240 3391 1330 3445 διὰ
1367 3391 1424 3444 δὲ
1461 3391 1555 3445 τοῦ
1583 3393 1792 3462 προφή-

212 3504 313 3543 του
338 3488 499 3541 πάλιν
515 3486 799 3557 Ἰερεμίου·
839 3505 856 3537 ι
881 3484 1315 3555 Ἐπικατάρατος
1341 3486 1368 3537 ὁ
1398 3483 1705 3554 ἄνθρωπος,
1734 3482 1793 3547 ὃς

215 3580 313 3651 τὴν
334 3579 527 3633 ἐλπίδα
558 3579 671 3649 ἔχει
701 3578 837 3647 πρὸς
865 3576 1169 3649 ἄνθρωπον,
1193 3576 1287 3628 καὶ
1309 3574 1554 3647 στηρίσει
1582 3575 1793 3645 σάρκας

217 3668 505 3740 βραχίονος
539 3665 703 3720 αὑτοῦ
734 3665 820 3718 ἐπ’
860 3665 1044 3731 αὐτὸν,
1071 3665 1167 3718 καὶ
1198 3664 1303 3718 ἀπὸ
1331 3664 1538 3733 Κυρίου
1576 3665 1786 3736 ἀποστῇ

215 3760 252 3829 ὴ
282 3757 479 3829 καρδία
521 3756 707 3822 αὐτοῦ,
755 3757 849 3808 καὶ
887 3753 1037 3807 ἔσται
1071 3755 1146 3817 ὡς
1176 3756 1208 3824 ἡ
1241 3753 1615 3823 ἀγριομυρίκη
1660 3755 1692 3823 ή
1735 3755 1792 3805 ἐν

215 3853 286 3921 τῇ
328 3851 541 3921 ἐρήμῳ,
572 3851 606 3920 ἢ
640 3850 741 3902 οὐκ
796 3848 984 3918 ὄψεται
1028 3849 1153 3901 ὅταν
1196 3846 1325 3917 ἔλθῃ
1357 3846 1423 3899 τὰ
1454 3845 1651 3913 ἀγαθά.
1686 3847 1795 3899 Kal.

216 3940 578 4010 εὐλογημένος
602 3942 630 3993 ὁ
651 3938 955 4011 ἄνθρωπος,
984 3937 1043 4001 ὃς
1076 3935 1336 3989 πέποιθεν
1362 3937 1453 3989 ἐπὶ
1479 3934 1555 4005 τῷ
1584 3934 1793 4005 Κυρίῳ,

216 4030 316 4083 καὶ
352 4029 503 4083 ἔσται
549 4030 752 4101 Κύριος
795 4031 949 4091 ἐλπὶς
980 4027 1164 4082 αὐτοῦ.
1198 4028 1305 4081 Καὶ
1356 4026 1509 4081 ἐσται
1538 4026 1612 4090 ὡς
1642 4025 1796 4091 ξύλον

216 4118 478 4190 εύθηνοῦν
502 4121 631 4192 παρ’
654 4119 825 4185 ὕδατι,
855 4120 947 4173 καὶ
966 4119 1058 4172 ἐπὶ
1083 4117 1283 4189 ίκμάδα
1312 4115 1494 4187 βάλλει
1522 4114 1679 4188 ῥίζας
1702 4117 1799 4169 αύ-

1897 3308 2043 3363 debit
2084 3324 2205 3364 cum
2230 3312 2476 3365 venerint
2507 3309 3005 3365 bona.Benedictus
3036 3311 3194 3362 homo
3219 3308 3310 3377 qui
3341 3322 3470 3360 con-

1896 3395 2013 3451 ﬁdit
2041 3398 2096 3450 in
2127 3398 2366 3463 Domino,
2392 3408 2446 3454 et
2462 3401 2564 3454 erit
2589 3400 2844 3453 Dominus
2881 3398 3074 3453 ﬁducia
3106 3397 3243 3464 ejus,
3276 3408 3331 3450 et
3362 3396 3469 3449 erit

1896 3488 2047 3556 quasi
2082 3488 2279 3557 lignum
2317 3490 2596 3545 abundans
2643 3490 2793 3559 iuxta
2842 3504 3030 3558 aquas,
3063 3498 3117 3542 et
3168 3503 3332 3556 super
3364 3487 3468 3539 hu-

1897 3593 2102 3633 morem
2132 3582 2308 3635 mittet
2343 3583 2551 3637 radices
2573 3598 2720 3645 suas,
2755 3592 2808 3634 et
2844 3597 2948 3635 non
2984 3579 3197 3634 timebit
3222 3593 3342 3633 cum
3372 3592 3469 3630 νεα

1895 3669 2243 3737 neritzestus,
2276 3682 2330 3727 et
2360 3673 2414 3726 in
2466 3688 2531 3729 eo
2566 3674 2701 3727 rami
2771 3671 3055 3733 frondosi;
3110 3669 3163 3723 in
3199 3684 3334 3722 anno
3365 3668 3446 3722 sic

1898 3760 2074 3815 citatis
2100 3776 2202 3815 nou
2219 3762 2444 3828 timebit,
2463 3774 2514 3817 et
2540 3780 2643 3820 nou
2671 3765 2876 3817 desinet
2907 3761 3110 3816 faciens
3128 3760 3467 3814 fructum".)

1898 3847 2089 3903 Melius
2114 3850 2272 3920 igitur
2304 3853 2369 3906 ad
2395 3853 2559 3905 Deum
2586 3850 2645 3906 se
2680 3852 2989 3922 adiungere,
3025 3862 3077 3905 et
3101 3850 3231 3903 illud
3252 3849 3472 3917 sapiens

1901 3939 2099 3993 dictum
2131 3943 2413 3998 cum‘bona
2438 3945 2767 3998 conscientia
2798 3959 3056 4012 usurpare
3085 3960 3098 3996 :
3133 3961 3151 3995 ι
3182 3940 3330 3995 Tuus
3351 3954 3470 3993 sum

1902 4042 2025 4099 θεον
2053 4031 2198 4085 salva
2229 4049 2331 4099 me,
2357 4035 2611 4103 quoniam
2654 4035 3066 4102 iustiﬁcationes
3119 4043 3237 4086 tuas
3283 4030 3473 4098 exqui-

1903 4120 2003 4174 sivi
2029 4121 2093 4175 ⁸⁸.
2127 4142 2146 4174 ι

214 4214 337 4280 τοῦ,
387 4216 479 4269 καὶ
504 4217 563 4269 ού
597 4214 673 4287 μὴ
715 4215 925 4286 φοϐηθῇ
975 4215 1102 4267 ὅταν
1132 4212 1258 4285 ἔλθῃ
1289 4210 1494 4281 καῦμα.
1547 4212 1659 4264 Καὶ
1701 4211 1788 4265 ἐπ’
1829 4213 1976 4285 αύτῷ
2044 4217 2266 4289 στελέχη
2290 4218 2522 4291 ἀλσώδη,
2558 4223 2616 4275 ἐν
2680 4220 2909 4291 ἐνιαυτῷ
2941 4218 3197 4291 ἀϐροχίας
3217 4217 3277 4270 ού
3306 4214 3475 4286 φοϐη-

218 4312 468 4383 θήσεται,
503 4310 600 4364 καὶ
621 4310 681 4365 οὐ
712 4309 974 4379 διαλείψει
1003 4307 1191 4362 ποιοῦν
1217 4306 1446 4380 καρπόν.
1479 4325 1497 4357 ι
1538 4306 1793 4377 ’Ἀμεινον
1831 4303 1925 4362 οῦν
1973 4310 2103 4381 ἄρα,
2178 4314 2656 4384 προσοικειοῦσθαι
2682 4314 2819 4386 Θεῷ,
2854 4315 2945 4367 καὶ⁹
3009 4313 3069 4366 τὸ
3100 4311 3263 4381 σοφὸν
3296 4312 3475 4364 έκεῖνο

215 4404 400 4472 λέγειν
447 4405 508 4469 ἐξ
538 4404 750 4475 ἀγαθῆς
776 4405 1016 4466 διανοίας
1041 4419 1054 4433 ·
1093 4421 1111 4453 ι
1161 4402 1260 4465 Σός
1288 4404 1403 4473 είμι
1436 4400 1569 4470 ἐγὼ,
1625 4401 1799 4456 σῶσόν
1840 4422 1931 4474 με,
1960 4407 2042 4461 ὃτι
2062 4410 2130 4463 τὰ
2157 4409 2505 4480 δικαιώματά
2532 4428 2625 4465 σου
2662 4410 2985 4481 ἐξεζήτησα.
3028 4427 3045 4461 ι

290 4499 448 4551 Διότι
474 4496 589 4566 ἐγώ
613 4499 730 4559 εἰμι
756 4495 838 4560 ὡς
875 4494 1107 4563 πάνθηρ
1163 4492 1243 4559 τῷ
1304 4492 1567 4561 Ἐ’φραῒμ,
1595 4491 1695 4547 καὶ
1725 4493 1793 4559 ὡς

1973 4498 2254 4569 θενειιε.
2272 4501 2359 4565 14,
2378 4504 2463 4557 15.
2486 4503 2624 4568 Quia
2650 4518 2741 4570 ego
2758 4504 2906 4570 quasi
2923 4501 3173 4570 panthera
3196 4498 3471 4568 Ephraim,

214 4588 379 4646 ,λέων
403 4589 485 4653 τῷ
526 4589 672 4653 οἴκῳ
714 4587 929 4652 Ἰούδα,
962 4588 1062 4641 καὶ
1095 4585 1209 4655 ἐγὼ
1238 4583 1529 4654 άρπῶμαι,
1564 4584 1661 4638 καὶ
1692 4597 1793 4638 πο-

1900 4596 1949 4641 et
1980 4590 2134 4658 quasi
2157 4589 2237 4643 leo
2260 4594 2438 4643 domui
2467 4592 2636 4656 Juda,
2668 4598 2716 4643 et
2746 4606 2836 4659 ego
2864 4589 3085 4656 rapiam,
3108 4594 3157 4638 et
3194 4587 3403 4646 vadum,
3427 4592 3473 4636 et

209 4681 529 4752 ρεύσομαι,
557 4680 655 4735 καὶ
678 4680 970 4749 λήψομαι,
995 4678 1094 4732 καὶ
1119 4680 1230 4732 οὐκ
1268 4677 1437 4730 ἔσται
1465 4678 1498 4730 ὁ
1533 4675 1798 4741 ἐξαιρού-

1904 4679 2108 4745 tollam,
2136 4687 2186 4732 et
2216 4694 2318 4732 non
2344 4681 2442 4733 erit
2480 4680 2569 4750 qui
2604 4687 2775 4732 eruat.
2814 4676 2931 4741 Ibo,
2962 4687 3008 4729 et
3040 4683 3269 4728 revertar
3302 4673 3353 4723 in
3390 4671 3474 4723 lo-

209 4788 422 4844 μενος.
459 4773 856 4841 Πορεύσομαι,
878 4770 977 4825 καὶ
1010 4768 1352 4839 ἐπιστρέψω
1378 4770 1464 4834 εἰς
1485 4767 1591 4821 τὸν
1609 4767 1793 4820 τόπον

1902 4786 2021 4823 cum
2050 4786 2243 4837 meum,
2270 4773 2434 4826 donec
2462 4773 2780 4841 dispereunt.

209 4882 361 4935 μου,
393 4862 503 4929 ἕως
530 4858 600 4920 οὗ
630 4860 1028 4933 ἁφανισθῶσι.

296 4956 350 4975 -ο

292 4956 372 5011 Ξ⁹.
433 4955 669 5026 Ἐναργῆ
700 4955 989 5024 καθίστησι
1039 4954 1138 5023 τὴν
1169 4951 1346 5005 αἰτίαν
1396 4952 1463 5005 δι’
1486 4952 1551 5022 ἢν
1587 4948 1802 5019 ὤνησαν

221 5048 329 5119 μὲν
358 5048 508 5101 οὐδὲν
547 5050 595 5101 οί
637 5046 717 5118 τῷ
762 5045 1004 5117 Ἐφραῖμ
1045 5043 1437 5114 ἐπαμύνοντες,
1501 5043 1560 5095 οὐ
1615 5042 1804 5095 διαπε-

218 5139 498 5195 παύσεται
519 5139 576 5192 δὲ
604 5139 672 5193 τὰ
699 5140 799 5211 τῆς
824 5139 1015 5209 ὀδύνης
1057 5138 1259 5200 αὐτοῖς.
1288 5155 1306 5187 ι
1345 5134 1484 5205 Ἐγὼ
1524 5135 1632 5206 γάρ
1666 5135 1803 5205 είμι,

1970 4945 2085 5001 LX.
2122 4945 2460 5002 Manifestam
2505 4946 2662 5003 affert
2702 4947 2961 5002 rationem
3025 4959 3193 5016 quare
3224 4942 3478 5013 Ephraim

1902 5039 2158 5094 auxilium
2193 5038 2430 5094 ferentes
2461 5039 2591 5093 nihil
2643 5038 3027 5108 promoverint,
3058 5048 3109 5091 et
3150 5050 3257 5090 non
3288 5050 3472 5089 cessa-

1909 5140 2060 5185 turus
2083 5131 2157 5186 sit
2185 5131 2252 5186 ab
2274 5133 2353 5187 eis
2378 5130 2535 5187 dolor
2566 5146 2774 5186 eorum.
2812 5150 2830 5182 ι
2855 5129 2965 5200 Ego
2998 5130 3140 5183 enim
3166 5146 3309 5191 sum,
3339 5146 3356 5179 ι
3396 5126 3483 5180 in-

220 5232 397 5301 φησὶ,
463 5230 539 5294 ὡς
589 5230 805 5301 πάνθηρ
847 5230 925 5300 τῷ
984 5227 1242 5300 Ἐφραῒμ,
1279 5227 1373 5282 καὶ
1426 5226 1502 5289 ὡς
1558 5225 1695 5278 λέων
1727 5224 1793 5295 τᾷ

1906 5223 2023 5291 quit
2059 5223 2267 5288 lsraeli,
2310 5243 2328 5275 ι
2363 5233 2422 5279 ut
2459 5224 2739 5296 panthera,
2768 5233 2822 5277 et
2846 5234 2903 5276 ut
2950 5226 3032 5275 leo
3059 5221 3239 5275 domui
3269 5216 3423 5272 Jndn.
3458 5236 3475 5266 ι

218 5324 360 5393 οίκῳ
409 5322 597 5377 Ἰούδα.
640 5341 659 5374 ι
695 5322 967 5393 Πρόδηλον
1002 5317 1115 5387 οὖν,
1142 5321 1221 5373 ὄτι
1246 5318 1379 5371 Θεοῦ
1413 5316 1803 5388 παραλύοντος,

222 5420 255 5471 ὀ
281 5416 473 5470 σώσων
492 5415 718 5479 οὐδείς.ι
753 5414 863 5486 Τὴν
889 5413 997 5485 γὰρ
1025 5416 1180 5484 χεῖρα
1204 5412 1299 5482 τὴν
1318 5409 1547 5481 ὑψηλὴν,
1573 5409 1654 5472 τίς
1672 5409 1807 5461 ἀπο.

227 5508 495 5579 στρέψει;
524 5508 697 5562 »κατὰ
715 5508 775 5561 τὸ
803 5505 1335 5577 γεγραμμένον.”οτι
1355 5503 1409 5557 δὲ
1431 5504 1525 5556 καὶ
1546 5503 1806 5573 ἡμερότη-

223 5616 318 5663 τος
341 5600 559 5671 ἁπάσης
582 5600 946 5672 ἐξῃρημένης,
972 5596 1040 5652 τὰ
1070 5597 1156 5650 ἐπ’
1180 5596 1365 5658 αὐτοῖς
1397 5593 1651 5663 γενέσθαι
1670 5609 1807 5663 συμ-

1908 5314 2100 5384 Liquet
2134 5331 2284 5387 ergo,
2306 5320 2412 5373 Deo
2447 5319 2699 5387 perdente
2728 5318 2990 5370 nemiuem
3028 5314 3144 5366 fore
3168 5312 3258 5381 qni
3289 5310 3480 5365 salvet.

1915 5428 1934 5461 ι
1956 5408 2166 5464 Manum
2196 5411 2340 5465 enim
2371 5410 2636 5465 excelsam
2666 5410 2785 5477 quis
2819 5418 3025 5461 avertet
3045 5407 3089 5438 ⁸³
3112 5406 3135 5459 ?
3158 5424 3175 5456 ι
3231 5414 3289 5458 ut
3343 5402 3465 5456 scri-

1913 5509 2062 5567 ptum
2087 5508 2188 5554 est.
2211 5499 2514 5570 Contigisse
2540 5510 2717 5554 autem
2736 5498 2840 5553 illis
2870 5513 2988 5568 qua:
3007 5498 3363 5565 contigerunt,
3390 5492 3483 5546 de-

1912 5592 2073 5648 sertis
2120 5592 2189 5647 ab
2233 5592 2377 5647 omni
2422 5592 2701 5647 clementia
2735 5589 2870 5656 Dei,
2906 5590 3005 5646 sub
3030 5588 3352 5647 velamento,
3389 5583 3461 5635 im

305 5785 353 5819 ³³
386 5786 542 5846 Osce.
579 5801 676 5848 νυ,
699 5786 784 5839 ll.
857 5784 903 5816 “
942 5782 1006 5836 ιν
1039 5784 1167 5852 Reg.
1202 5797 1288 5847 xv,
1324 5779 1405 5833 l9.
1484 5778 1527 5811 ⁸⁵
1571 5776 1632 5831 IV
1668 5775 1793 5847 Reg.
1828 5778 1935 5843 xvi,
1975 5778 2024 5833 7.
2102 5780 2146 5811 ⁵⁸
2189 5776 2331 5834 Psal.
2356 5793 2522 5845 cxvu,
2548 5776 2673 5843 8,9.
2749 5776 2792 5809 ⁸⁷
2819 5774 2910 5831 Jer
2960 5787 3090 5837 χιιι,
3121 5768 3233 5825 5-8.
3264 5767 3309 5800 ⁸⁸
3339 5762 3479 5820 Pssl.

198 5874 295 5940 “cx
359 5871 443 5923 ιιι,
480 5856 565 5910 56.
641 5858 684 5888 ⁵³
717 5858 815 5910 lea.
854 5870 960 5919 xw,
985 5854 1073 5906 ‘27.
