4094 6620
667 426 775 483 {55
853 377 869 400 χ

1659 428 1716 488 S.
1759 428 2029 485 CYRILLI
2069 429 2541 487 ALEXANDRINI
2575 431 2890 488 ARCHIEP.

3812 426 3913 482 156

667 538 844 594 nzulus
877 538 1033 594 Juxta.
1071 559 1090 592 ι
1131 539 1306 608 Quod,
1340 543 1469 612 quid
1510 543 1582 598 sit
1643 559 1867 601 necesse
1899 555 1982 600 est
2027 561 2236 599 accura-

2351 547 2442 610 λος
2475 548 2532 602 δὲ
2558 549 2650 602 καὶ
2676 546 2902 600 σεσαλευ
2911 545 3092 617 μένος,
3110 545 3202 599 καὶ
3224 544 3310 600 ἐπ’
3329 544 3498 615 ἄμφω
3520 542 3721 613 βαίνειν
3743 540 3916 607 εἰδὼς,

668 627 776 680 tius
800 625 1135 696 indagemus.
1196 630 1300 683 Alii
1336 631 1500 700 igitur
1534 633 1859 703 interpretes
1891 649 1988 702 pro
2011 651 2028 684 ι
2058 637 2240 688 turba-

671 718 764 778 tio,
794 735 812 768 ι
847 729 1106 773 contestor
1141 722 1506 789 reddiderunt,
1541 733 1597 780 et.
1625 739 1721 792 pro
1751 744 1770 776 ι
1799 725 2109 787 stimulus.)
2145 742 2236 793 pu-

669 808 836 864 tredo.
866 810 970 880 91
1001 811 1068 864 At
1109 811 1459 883 Septuaginta
1499 815 1851 871 turbationem
1889 823 1942 870 et
1973 816 2239 869 stimulant

669 902 1036 954 nominarunt.
1056 901 1388 958 Conturbato
1416 905 1560 960 enim
1586 922 1688 960 non
1724 906 1933 960 modice
1961 905 2237 975 Ephraim,

671 993 784 1046 sive
815 995 995 1048 decem
1029 996 1271 1050 tribubus
1298 1008 1514 1066 propter
1541 997 1736 1052 bellum
1777 998 1971 1066 partim
2007 1014 2035 1050 a
2076 998 2240 1051 [initi-

673 1084 775 1138 inis
805 1084 976 1155 Syris,
1005 1087 1197 1153 partim
1237 1103 1264 1140 a
1299 1087 1478 1142 Persis
1504 1097 1557 1142 et
1580 1088 1817 1159 Assyriis
1845 1089 2124 1158 ingruens,
2150 1089 2242 1142 do-

671 1176 817 1231 lebat.
855 1178 1110 1245 graviter,
1147 1194 1249 1233 nec
1282 1195 1470 1247 parum
1513 1180 1836 1235 formidabat
1889 1179 2054 1234 Jndas
2083 1198 2097 1244 ;
2129 1183 2242 1236 sive

670 1268 850 1336 potius
878 1269 1056 1322 animo
1087 1271 1348 1324 aestuabat
1373 1271 1736 1337 vehementer,
1767 1271 1905 1338 quod
1932 1269 2238 1338 propediem

670 1360 839 1428 paria,
860 1369 948 1413 aut
983 1361 1134 1431 longe
1159 1363 1423 1417 deteriora
1450 1363 1588 1416 mala
1615 1363 1667 1416 in
1691 1362 1996 1418 cervicibus
2022 1362 2120 1416 sibi
2157 1361 2241 1417 l‘u-

673 1461 787 1503 tura
807 1450 1090 1504 divinaret.
1112 1451 1522 1522 Ingravescente
1543 1454 1686 1507 enim
1717 1452 1950 1516 bello,et
1983 1453 2242 1510 Samaria:

668 1540 862 1610 oppida
915 1551 1155 1610 urgente,
1192 1558 1411 1598 necesse
1441 1552 1558 1598 erat
1588 1544 1772 1611 utique
1803 1542 2050 1610 ﬁnitima,
2081 1543 2238 1610 Juda,

670 1633 914 1702 inquam,
947 1643 1001 1686 et
1034 1633 1327 1703 Benjamin,
1354 1635 1510 1689 simul
1542 1636 1735 1705 perire.
1767 1636 2123 1702 Quamobrem
2157 1639 2242 1694 hic

671 1725 908 1780 turbatio
939 1727 1060 1780 belli
1087 1727 1334 1781 hostilem
1363 1728 1936 1790 adventum,stimulus
1961 1738 2141 1782 autem
2175 1744 2240 1783 ex

671 1819 890 1872 tristitia
921 1828 976 1873 et
1031 1835 1265 1874 mter-ore
1298 1821 1597 1872 cruciatum
1630 1819 1953 1880 subindicat,
1985 1835 2013 1871 a
2047 1820 2240 1887 quibus

2341 639 2370 690 6
2412 636 2726 705 ἀνασφαλὴς
2749 675 2764 700 ,
2802 636 2896 690 καὶ
2927 637 3012 704 ἐφ’
3041 635 3176 705 ὅπερ
3207 633 3274 688 ἂν
3309 650 3461 704 τυχοι
3495 631 3723 702 βαδίζων
3761 632 3919 684 εὐκό-

2340 727 2468 790 λως.
2517 727 2746 790 Οὐκοῦν,
2811 746 2828 778 ι
2864 726 3124 795 Γεγόνασι
3159 725 3259 795 μὲν
3301 725 3352 778 οἱ
3404 724 3661 796 ἄρχοντες
3725 723 3918 784 Ἰούδα,

2342 820 2527 888 φησιν,
2557 819 2631 882 ὼς
2655 817 3033 888 μετατιθέντες
3061 817 3205 888 ὅρια.
3234 815 3713 870 Κατεδυνάστευσε
3737 814 3794 866 δὲ
3830 816 3920 866 καὶ

2340 910 2370 962 6
2409 909 2650 981 Ἐφραῒμ
2695 909 2786 962 τὸν
2829 909 3099 963 ἀντίδικον
3123 908 3310 970 αὑτοῦ,
3360 906 3704 976 κατεπάτησε
3743 905 3798 958 δὲ
3827 906 3921 958 καὶ

2341 1002 2549 1070 κρῖμαο
2607 999 2801 1068 ἔσομαι
2830 1000 2887 1052 δὲ
2931 999 3114 1052 λοιπὸν
3157 999 3232 1064 ὡς
3277 998 3489 1069 ταραχὴ
3537 997 3617 1067 τῷ
3657 995 3917 1066 Ἐφραῖμν

2342 1092 2435 1143 καὶ
2453 1091 2528 1153 ὡς
2547 1090 2768 1164 κέντρον
2789 1091 2864 1161 τῷ
2893 1091 3078 1144 Ἰούδα.
3093 1109 3111 1142 ›
3138 1089 3249 1143 Καὶ
3268 1089 3404 1160 τίίδὴ
3424 1088 3582 1143 τοῦτό
3602 1089 3742 1152 ἐστι,
3763 1085 3924 1139 πολυ-

2342 1179 2676 1246 πραγμονεῖν
2704 1177 3020 1244 ἀναγκαῖον.
3050 1178 3112 1229 Οί
3155 1177 3254 1247 μὲν
3293 1171 3389 1231 οὖν
3414 1178 3593 1245 ἕτεροι
3615 1175 3725 1229 τῶν
3756 1177 3925 1246 ὲρμη·

2341 1268 2564 1330 νευτῶν,
2590 1268 2708 1321 ἀντὶ
2741 1267 2834 1321 τοῦ
2881 1287 2899 1320 ι
2941 1269 3173 1340 ταραχὴ,
3207 1286 3226 1318 ι
3249 1269 3536 1338 ,βρωστὴρ
3593 1269 3883 1339 εἰρήκασιν
3908 1284 3921 1295 '

2341 1360 2461 1413 ἀντι
2485 1360 2541 1412 δὲ
2571 1380 2588 1410 ι
2615 1359 2708 1413 τοῦ
2744 1361 2989 1430 κέντρου,
3023 1379 3040 1410 ι
3058 1359 3241 1429 σῆψις
3267 1361 3319 1414 ὀί
3346 1360 3402 1414 δέ
3435 1377 3497 1428 γε
3520 1360 3926 1430 Ἐὃδομήκοντα

2341 1449 2632 1520 ταραχὴν.
2649 1450 2761 1514 καὶ,
2778 1449 3027 1519 κέντρον
3041 1452 3352 1522 ὠνόμασαν.
3374 1451 3615 1523 Θορυϐου
3623 1453 3784 1521 μένου
3807 1450 3922 1520 γὰρ

2341 1544 2402 1595 οὐ
2429 1541 2658 1612 μετρίως
2694 1541 2788 1595 τοῦ
2819 1542 3074 1612 Ἐφραῒμ,
3101 1543 3220 1614 ήτοι
3260 1542 3368 1596 τῶν
3400 1543 3534 1596 δέκα
3565 1542 3773 1612 φυλῶν,
3815 1541 3924 1594 ὑπὸ

2341 1632 2434 1686 τοῦ
2473 1633 2925 1705 κατασκήψαντος
2970 1636 3152 1699 αὐτοῖς
3183 1635 3446 1707 πολέμου,
3481 1635 3641 1689 τοῦτο
3681 1637 3781 1706 μὲν
3816 1635 3923 1688 ὑπὸ

2341 1725 2579 1794 γείτονος
2623 1725 2713 1779 τοῦ
2747 1725 2898 1798 παρὰ
2917 1726 3126 1798 Σύρων,
3165 1729 3327 1800 φημὶ,
3368 1728 3527 1781 τοῦτο
3566 1728 3623 1781 δὲ
3681 1727 3786 1781 ὑπὸ
3825 1727 3922 1780 τοῦ

2343 1817 2608 1888 Περσικοῦ
2628 1819 2722 1872 καὶ
2737 1820 2801 1871 ὲκ
2814 1819 2912 1886 τῆς
2932 1819 3040 1872 τῶν
3071 1819 3370 1890 Ἀσσυρίων
3387 1820 3611 1889 ἥκοντος
3636 1818 3842 1888 χώρας,
3863 1819 3922 1870 ἐν

669 1911 921 1965 tutissimi
954 1922 1113 1965 erunt
1153 1926 1343 1980 sapere
1375 1912 1616 1965 volentes
1670 1926 1789 1979 quin
1819 1909 2019 1964 Christi
2079 1919 2236 1964 sunt:

2346 1910 2558 1974 ὀδύναις
2581 1906 2671 1982 ἦν,
2704 1911 2796 1964 καὶ
2823 1911 2922 1964 οὐκ
2952 1912 3009 1963 ἐν
3043 1910 3331 1983 μέτρ[ίῘοις
3367 1910 3616 1982 δείμασιν
3638 1913 3670 1963 6
3698 1911 3921 1973 Ἰούδας,

669 2017 765 2072 per
813 2019 972 2072 quem
1006 2014 1060 2056 et
1115 2020 1234 2056 rum
1291 2019 1400 2073 quo
1459 2004 1565 2057 Deo
1613 2011 1669 2057 et
1720 2001 1867 2056 Patri
1893 2000 2061 2070 gloria
2113 2016 2234 2055 cunt

2345 2001 2544 2072 μᾶλλον
2572 2001 2627 2054 δὲ
2659 2003 2751 2056 καὶ
2783 2004 2841 2055 ὲν
2883 2003 3093 2072 ἀγωνίᾳ
3143 2003 3333 2073 πολλῇ.
3369 2002 3744 2072 Προσεδόκησε
3788 2001 3920 2071 γὰρ,

667 2106 855 2148 sancto
887 2095 1090 2164 Spiritu
1124 2095 1176 2148 in
1201 2111 1414 2149 omnem
1440 2095 1822 2149 aeternitatem.
1859 2096 2056 2147 Amen.

2338 2090 2437 2151 ,καὶ
2460 2091 2558 2144 οὐκ
2592 2092 2672 2155 είς
2695 2090 2933 2163 μακρὰν,
2966 2094 3077 2155 τοῖς
3102 2090 3236 2155 ἴσοις
3259 2092 3440 2162 τυχὸν,
3463 2092 3496 2161 ἢ
3524 2092 3656 2145 πολὺ
3682 2091 3925 2162 χείρονος

665 2187 926 2242 ὲναλῶναι
961 2192 1178 2250 κακοῖς·
1206 2187 1577 2258 ὲπιόρίθοντος
1605 2187 1711 2260 γὰρ
1733 2186 1828 2241 τοῦ
1893 2187 2150 2258 πολέμου,
2177 2186 2270 2240 καὶ
2341 2188 2462 2248 ταῖς
2510 2187 2652 2239 κατὰ
2681 2185 2778 2256 τὴν
2819 2186 3142 2258 Σαμάρειαν
3185 2186 3409 2241 πόλεσιν
3465 2177 3922 2256 ἐπισκήπτοντας,

667 2284 814 2336 πᾶσά
856 2301 971 2345 πως
1017 2285 1228 2353 ἀνάγκη
1263 2281 1330 2354 ἦν
1389 2284 1787 2339 συνδιόλλυσθαι
1818 2284 1918 2347 τὰς
1978 2284 2232 2355 ὁμόρους,
2271 2283 2370 2346 τὰς
2418 2282 2526 2336 τῶν
2586 2281 2646 2347 ἐξ
2682 2281 2874 2348 Ἰούδα,
2914 2283 3080 2354 φημὶ,
3134 2286 3231 2338 καὶ
3295 2283 3574 2354 Βενιαμίν.
3633 2282 3843 2336 Οὐκοῦν
3888 2284 3920 2352 ή

667 2373 766 2444 μὲν
794 2377 1004 2444 ταραχὴ
1038 2376 1130 2428 τοῦ
1163 2377 1399 2447 πολέμου
1423 2377 1520 2447 τήν
1585 2377 1794 2446 ἔφοδον,
1833 2375 1894 2428 τὸ
1956 2375 2012 2429 δὲ
2042 2375 2264 2446 κέντρον
2338 2377 2396 2428 ἐν
2434 2372 2644 2437 τούτοις
2674 2374 2772 2444 τὴν
2820 2375 2884 2428 ἐκ
2917 2375 3094 2446 λύπης
3125 2391 3184 2429 τε
3249 2375 3348 2430 καὶ
3393 2373 3698 2443 δυσθυμίας
3723 2373 3923 2443 ὀδύνην

663 2467 934 2537 ὑποδηλοῖ,
998 2460 1071 2520 ὧν
1113 2467 1217 2533 ἔξω
1253 2486 1354 2521 που
1385 2469 1598 2532 πάντως
1649 2464 1756 2522 εἶεν
1813 2467 1880 2522 ἂν
1925 2469 1975 2520 οἱ
2013 2469 2229 2538 φρονεῖν
2266 2466 2538 2530 ἐθέλοντες
2603 2466 2672 2519 τὰ
2735 2466 2972 2538 Χριστοῦ
2998 2482 3011 2496 ·
3039 2466 3107 2520 δι’
3136 2458 3198 2519 οὗ
3232 2467 3324 2520 καὶ
3354 2465 3472 2536 μεθ’
3497 2460 3557 2518 οὗ
3585 2464 3661 2536 τῷ
3685 2464 3810 2534 Θεῷ
3831 2447 3924 2518 ιιιιιἱ

665 2559 837 2631 Πατρὶ
873 2561 907 2630 ἡ
946 2559 1076 2625 δέξα
1114 2560 1207 2612 σὺν
1250 2561 1386 2630 ἁγίῳ
1419 2561 1695 2632 Πνεύματι
1733 2563 1811 2625 είς
1840 2561 1965 2625 τοὺς
2013 2561 2215 2624 αἰῶνας
2253 2560 2358 2614 τῶν
2380 2558 2610 2614 αἰώνων.
2657 2561 2852 2631 Ἀμήν.

915 2711 1319 2804 TOMUS
1393 2716 1984 2819 QUARTUSo

733 2859 896 2915 Vsus.
931 2863 1017 2915 l5.
1059 2862 1123 2915 Et
1159 2863 1289 2916 vidit
1327 2863 1577 2930 Ephrnim
1602 2865 1836 2918 morbum
1867 2882 2041 2929 suum,
2066 2877 2110 2920 et
2133 2865 2235 2920 Ju-

662 2952 759 3005 d-u
789 2953 1018 3005 dolorem
1056 2971 1229 3016 suum,
1249 2964 1296 3006 et
1334 2955 1464 3008 abiit
1499 2956 1753 3026 Epltraim
1790 2959 1859 3010 ad
1893 2959 2157 3028 Assyrios,
2187 2970 2234 3016 et

2603 2709 2984 2794 TOMOZ
3059 2708 3654 2794 ΤΕΤΑΡΤΟΣ.

2401 2862 2516 2916 Καὶ
2551 2859 2711 2916 elder
2743 2864 2987 2933 Ἐφραῒμ
3013 2863 3123 2932 τὴν
3153 2863 3342 2918 νόσον
3373 2864 3580 2928 αὑτοῦ,
3623 2862 3721 2916 καί
3772 2864 3923 2917 Ἰού-

2332 2954 2443 3020 δας
2469 2955 2584 3023 τὴν
2635 2955 2863 3022 ὀδύνην
2893 2956 3106 3020 αὐτοῦ,
3159 2956 3257 3010 καί
3319 2955 3614 3022 ἐπορεύθη
3669 2954 3925 3022 Ἔφρατμ

662 3044 802 3097 misit
826 3044 1019 3112 legatos
1049 3047 1118 3098 ad
1145 3062 1308 3113 regem
1333 3046 1514 3099 lar-im.
1536 3061 1582 3101 et
1613 3050 1697 3102 hic
1731 3067 1835 3103 non
1856 3052 2023 3118 potuit
2047 3068 2235 3108 sanare

2338 3047 2486 3114 πρὸς
2525 3047 2906 3116 Ἀσσυρίους,
2954 3048 3054 3100 καὶ
3101 3045 3420 3101 ἀπέστειλε
3465 3047 3740 3114 πρέσϐεις
3770 3045 3926 3112 πρὸς

661 3151 768 3200 vos,
800 3145 847 3189 et
880 3151 982 3188 non
1019 3135 1172 3203 faciet
1205 3151 1408 3191 cessare
1429 3154 1459 3190 a
1493 3138 1635 3192 vobis
1661 3137 1914 3196 dolorem.

732 3435 867 3494 LIX.
927 3436 1280 3508 Posteaquam
1330 3437 1504 3494 factus
1562 3448 1646 3494 est
1691 3440 1833 3496 Deus
1895 3443 2236 3499 conturbatio

659 3529 951 3599 Ephraim,
1000 3539 1055 3584 et
1095 3540 1350 3601 tanquam
1403 3531 1652 3588 stimulus
1705 3534 1886 3588 domui
1916 3532 2072 3599 Juda,
2104 3537 2236 3592 vidit

660 3624 911 3678 morbum
940 3637 1120 3686 suum,
1152 3624 1265 3678 sive
1295 3624 1714 3680 imbecillitatem
1762 3635 1817 3680 et
1864 3627 2233 3682 inﬁrmitatem

659 3731 811 3770 suam
839 3715 1094 3784 Ephraim
1130 3732 1144 3770 :
1177 3715 1306 3785 quin
1336 3723 1391 3770 et
1424 3713 1590 3771 Judas
1619 3717 1860 3771 dolorem
1898 3734 2060 3773 suum
2089 3737 2102 3772 :
2131 3735 2235 3774 una

659 3805 803 3860 enim
834 3821 958 3859 cum
1017 3804 1262 3859 Samaria
1309 3807 1440 3860 ﬁnes
1468 3806 1745 3877 Benjamin
1781 3809 2037 3863 incursati
2087 3820 2231 3866 sunt.

661 3896 869 3950 Deinde
899 3897 967 3950 ob
1002 3897 1104 3951 hoc
1137 3899 1340 3950 fractus
1395 3897 1770 3966 desperatione
1799 3898 2073 3966 Ephraim,
2137 3915 2235 3954 nec

660 3989 803 4059 potis
839 3989 1055 4044 casibus
1079 3989 1196 4042 istis
1227 3989 1420 4044 robore
1440 4005 1537 4043 suo
1568 3989 1852 4052 obsistere,
1887 4006 1986 4044 nec
2015 3992 2235 4047 bellicas

662 4081 840 4136 clades
871 4081 1104 4147 amoliri,
1137 4082 1312 4136 denuo
1337 4082 1756 4150 omnipotentem
1786 4079 1951 4136 Deum
1990 4079 2233 4148 oﬂ‘endit.

661 4187 762 4229 nec
789 4174 840 4228 in
870 4174 999 4243 ipsis
1016 4173 1261 4244 ﬂagellis,
1291 4183 1349 4228 ut
1403 4174 1471 4226 ita
1513 4174 1712 4238 dicam,
1741 4174 2032 4230 utilitatem
2081 4189 2234 4229 suam

661 4267 944 4336 cognovit;
1010 4277 1062 4321 et
1119 4282 1238 4320 cum
1289 4267 1592 4322 advenisset
1642 4276 1854 4336 tempus
1909 4281 2014 4335 quo
2058 4265 2235 4336 potius

661 4359 904 4414 converti
941 4360 1006 4412 ad
1041 4359 1207 4414 Deum
1244 4360 1538 4423 debuisset,
1566 4369 1693 4412 tunc
1726 4359 1962 4414 maxime
2018 4359 2067 4414 ei
2119 4373 2236 4435 mp-

2331 3141 2600 3205 ,βασιλέα
2637 3141 2872 3208 ’[αρείμ,
2903 3139 3000 3193 καί
3062 3135 3241 3204 οὗτος
3273 3141 3384 3193 οὐκ
3415 3138 3724 3206 ἠδυνάσθη
3754 3137 3924 3191 1:10a-

2336 3234 2477 3286 σθαι
2503 3231 2679 3301 ὑμᾶς,
2711 3233 2808 3287 καί
2852 3235 2923 3286 οὺ
2955 3229 3040 3301 μὴ
3085 3231 3396 3299 διαπίιύση
3447 3232 3516 3297 ἐξ
3559 3231 3722 3301 ὑμῶν
3781 3231 3926 3284 661}-

2337 3339 2476 3390 νην.

2406 3437 2522 3492 ΝΘ.
2548 3435 2682 3491 Θεοῦ
2709 3436 2992 3506 γεγοιότος
3030 3435 3107 3500 ὡς
3136 3436 3380 3507 ταραχῆς
3412 3434 3488 3506 τῷ
3529 3434 3790 3507 Ἐφραῖμ,
3831 3437 3927 3490 καὶ

2340 3529 2446 3602 μὴν
2470 3530 2560 3582 καὶ
2581 3529 2656 3589 ὡς
2684 3525 2909 3599 κέντρου
2941 3525 3169 3597 τῴξοὶᾎιῳ
3203 3525 3391 3591 Ἰούδα,
3419 3525 3666 3580 τεθέαται
3688 3525 3787 3596 μὲν
3819 3525 3919 3595 τὴν

2337 3624 2531 3677 ἑαυτοῦ
2574 3622 2749 3684 νόσον,
2780 3620 2970 3692 ἦτοιτὸ
2987 3620 3177 3675 ἅναλκι
3208 3619 3566 3682 κα“ιάσθενὲς,
3586 3620 3615 3670 6
3641 3619 3923 3687 Ἔφραῖμ’

2338 3720 2429 3773 καὶ
2464 3719 2568 3790 μὴν
2602 3719 2697 3771 καὶ
2733 3717 2933 3780 Ἰούδας
2979 3717 3078 3785 τὴν
3111 3714 3306 3784 ὀδύνην
3352 3712 3550 3768 αὐτοῦ’
3583 3713 3926 3784 συγκατεδη-

2336 3812 2461 3866 ούτο
2487 3813 2615 3882 γὰρ,
2643 3811 2718 3874 ὼς
2743 3810 2900 3880 ἔφην,
2935 3811 3048 3872 τοῖς
3072 3809 3128 3860 ἐν
3159 3805 3442 3877 Σαμαρείᾳ
3472 3807 3567 3858 καὶ
3584 3804 3807 3876 τὰ-ὂρια
3834 3804 3925 3857 τοῦ

2338 3902 2622 3970 Βενιαμίν.
2681 3898 2812 3952 Εἶτα
2842 3898 2976 3969 πρὸς
3026 3897 3184 3950 τοῦτο
3224 3895 3542 3966 ἀπειρηκὼς
3574 3897 3602 3949 6
3657 3894 3926 3966 Ἐφραίμ,

2337 3993 2430 4045 καὶ
2467 3993 2626 4055 ἰδίαις
2656 3991 2948 4060 δυνάμεσιν
2969 3989 3355 4058 ἀντιφέρεσθαι
3377 3990 3488 4050 τοῖς
3514 3986 3927 4056 συμϐεϐηκόσιν

2334 4086 2437 4140 οὐκ
2466 4084 2624 4156 ἔχων,
2661 4082 2784 4136 οὕτε
2819 4083 2923 4153 μὴν
2965 4081 3320 4135 ἀποσείεσθαι
3361 4079 3429 4134 τὰ
3461 4081 3525 4132 ὲκ
3555 4078 3647 4132 τοῦ
3679 4077 3927 4149 πολέμου

2339 4179 2510 4252 βλάϐη
2565 4178 2884 4248 δυνάμενος,
2942 4176 3349 4247 προσκέκρουκε
3401 4173 3562 4228 πάλιν
3605 4170 3684 4241 τῷ
3743 4171 3927 4225 πάντα

2342 4271 2579 4344 ίσχύοντι
2609 4270 2751 4340 Θεῷ,
2787 4270 2908 4322 οὐδὲ
2941 4269 2998 4321 ἐν
3037 4269 3248 4332 αὑταῖς,
3285 4265 3350 4319 ἵν’
3385 4264 3557 4327 οὕτως
3586 4263 3746 4325 εἴπω,
3807 4266 3929 4326 ταῖς

2340 4359 2594 4432 μάστιξιν
2640 4355 2970 4428 ὲννενοηκὼς
3002 4355 3062 4408 τὸ
3098 4353 3401 4424 συμφέρον.
3445 4349 3840 4418 Ἐνεστηκότος
3872 4348 3926 4400 δὲ

657 4447 871 4504 lestiam
903 4449 1178 4515 exhibere,
1204 4458 1259 4504 et
1291 4449 1609 4504 insolentius
1635 4449 1703 4504 ab
1727 4463 1792 4504 eo
1814 4449 2092 4504 discedere
2125 4422 2231 4504 non

2338 4422 2430 4508 τοῦ
2483 4422 2702 4520 καιροῦ,
2737 4422 2863 4504 καθ’
2893 4450 2953 4502 ὃν
2986 4448 3093 4502 ἔδει
3147 4422 3347 4519 μᾶλλον
3382 4442 3740 4513 ἐπιστρέφειν
3789 4441 3927 4512 πρὸς

661 4541 943 4595 dubitavit.
1004 4539 1122 4594 Non
1154 4542 1294 4595 enim
1364 4541 1646 4610 ignorabat
1679 4540 1857 4595 omnis
1893 4541 2080 4609 gloria:
2125 4555 2235 4596 suae

659 4641 1037 4697 auctorem,ac
1065 4641 1294 4687 tutorem
1335 4633 1498 4686 Deum
1523 4648 1666 4695 esse,
1698 4633 1788 4702 qui
1821 4633 1962 4688 vires
1997 4635 2063 4688 ad
2090 4633 2236 4688 fran-

659 4721 864 4791 gendos
891 4723 1233 4776 adversarios
1253 4737 1466 4790 semper
1494 4723 1736 4790 largitur.
1775 4721 1878 4778 Sed
1916 4722 2046 4776 nihil
2070 4722 2236 4791 pluri-

659 4813 760 4868 bus
791 4829 924 4882 opus
950 4823 1053 4877 est,
1079 4830 1200 4870 cum
1252 4823 1425 4870 exstet
1453 4814 1538 4868 illa
1566 4829 1665 4868 vox
1698 4813 1896 4884 Moysis
1942 4813 2235 4884 sapientis-

659 4903 782 4960 simi
824 4923 837 4960 ι
875 4923 894 4957 ι
928 4904 1184 4960 Dominus
1237 4915 1521 4960 conterens
1547 4903 1722 4970 bella;
1750 4903 2006 4958 Dominus
2040 4918 2235 4957 nomen

659 4997 886 5066 ejus",i
916 4999 1207 5068 doceatque
1237 4998 1374 5052 idem
1402 4997 1685 5068 perspicue
1740 4996 1880 5066 quod
1930 5011 2027 5066 per
2059 4997 2236 5065 ipsum

659 5099 714 5145 et
743 5089 796 5144 in
831 5090 946 5159 ipso
975 5107 993 5141 ι
1023 5105 1162 5144 unus
1189 5099 1542 5160 persequetur
1573 5087 1738 5154 mille,
1760 5095 1816 5141 et
1842 5088 1947 5140 duo
1973 5085 2238 5155 fugalmnt

661 5181 844 5235 decem
876 5181 1040 5235 millia
1073 5181 1139 5235 ".
1173 5199 1191 5232 ι
1229 5181 1431 5236 Deinde
1476 5195 1598 5235 cum
1633 5180 1699 5231 ab
1727 5179 1844 5244 ipso
1869 5187 1926 5232 et
1956 5177 2070 5232 solo
2101 5193 2235 5232 cou-

661 5281 876 5328 suetum
906 5273 1165 5328 auxiliqu
1202 5273 1396 5328 iterum
1443 5281 1646 5343 petere,
1671 5270 1780 5340 92
1805 5278 1857 5323 et
1889 5269 2141 5339 precibus
2169 5271 2236 5326 ad

661 5365 1084 5421 succurrendum
1115 5364 1216 5418 sibi
1249 5364 1574 5418 salvatorem
1611 5363 1906 5418 sollicitare
1928 5372 2227 5432 oporteret,

661 5456 778 5512 dira
817 5456 868 5512 in
900 5467 1064 5526 caput
1087 5471 1242 5510 suum
1275 5455 1562 5510 meditatus
1586 5464 1688 5509 est.
1718 5453 1879 5510 Missa
1907 5455 2050 5510 enim
2085 5454 2231 5524 lega-

663 5547 810 5604 tione
838 5549 905 5603 ad
963 5548 1166 5602 alienos
1197 5557 1251 5601 et
1296 5546 1501 5614 hostes,
1546 5560 1640 5601 eos
1673 5545 1948 5616 suppetias
1998 5545 2228 5614 rogavit.

669 5657 688 5693 I
717 5639 915 5696 Factus
937 5650 1020 5695 cst
1042 5639 1184 5694 enim
1218 5638 1468 5710 Ephraim
1494 5650 1556 5695 ut
1582 5639 1828 5694 columba
1862 5637 2143 5708 insipiens,
2179 5645 2232 5690 et

735 5813 784 5848 “
818 5813 1024 5884 .Iudith,
1066 5832 1173 5884 im,
1207 5819 1258 5873 5.
1333 5816 1376 5850 ⁵²
1408 5815 1558 5872 Deut.
1592 5833 1761 5883 xuii,
1798 5818 1881 5869 50.

2331 4543 2424 4596 τὸν
2469 4540 2624 4604 Θεὸν,
2672 4539 2792 4592 τότε
2839 4538 2905 4607 δὴ
2958 4535 3194 4602 μάλιστα
3249 4532 3442 4585 λυπεῖν
3492 4527 3794 4600 ᾑρημένος,
3833 4526 3928 4579 καὶ

2331 4633 2606 4704 ἀπεφοίτα
2643 4629 2999 4702 ἀγριώτερον,
3029 4626 3144 4680 Ούκ
3173 4624 3358 4696 ἠγνόει
3389 4623 3484 4694 μὲν
3517 4619 3626 4690 γὰρ
3653 4619 3750 4673 τὸν
3789 4620 3927 4674 ἀπά-

2334 4742 2433 4795 σης
2454 4725 2637 4786 αὐτοῖς
2661 4721 2913 4784 εὐκλείας
2947 4719 3038 4773 καὶ
3081 4716 3338 4788 χορηγὸν,
3375 4713 3472 4766 καὶ
3504 4712 3804 4783 πρύτανιν,
3836 4710 3928 4762 τὸν

2331 4815 2426 4870 τοῦ
2458 4814 2725 4869 δύνασθαι
2759 4813 2979 4882 κρατεῖν
3008 4810 3115 4863 τῶν
3152 4805 3568 4875 ἀνθεστηκότων
3599 4802 3685 4856 ἀεὶ
3719 4802 3927 4872 δοτῆρα

2332 4906 2483 4960 Θεόν.
2542 4905 2680 4960 Ἀλλ’
2728 4903 2940 4966 οὐδενὸς
2977 4903 3130 4973 ἠξίου
3181 4901 3243 4953 τὸ
3282 4898 3470 4970 χρῆμα
3520 4895 3699 4964 λόγου,
3745 4892 3928 4946 καίτοι

2333 4999 2424 5053 τοῦ
2454 4998 2728 5068 πανσόφου
2750 4995 3174 5067 διακεκραγότος
3194 4991 3439 5053 Μωσέως
3459 5006 3473 5021 ·
3505 5007 3524 5040 ι
3558 4986 3768 5057 Κύριος
3802 5004 3924 5039 συν-

2331 5090 2532 5161 τρίϐων
2559 5089 2850 5160 πολέμους,
2874 5086 3077 5157 Κύριος
3101 5084 3276 5154 ὄνομα
3321 5080 3493 5152 αὐτῷ,
3529 5100 3546 5132 ι
3577 5078 3924 5139 διδάσκοντός

2333 5199 2394 5234 τε
2427 5180 2634 5250 σαφῶς,
2658 5180 2747 5232 ὅτε
2767 5179 2834 5232 δι’
2862 5177 3028 5231 αὐτοῦ
3058 5193 3117 5229 τε
3193 5176 3287 5228 καὶ
3319 5174 3377 5226 ὲν
3411 5170 3558 5241 αύτῷ
3593 5188 3612 5221 ι
3657 5167 3923 5233 Διὼξεται

2336 5271 2418 5340 εἷς
2449 5275 2670 5346 χιλίους,
2705 5273 2800 5326 καὶ
2815 5271 2907 5324 δύο
2934 5269 3360 5341 μετακινήσουσι
3394 5263 3679 5336 μυριάδας.
3712 5279 3734 5314 ι
3764 5255 3922 5324 Εἶτα,

2339 5369 2454 5424 δέον
2482 5367 2613 5439 παρ’
2636 5366 2800 5420 αὑτοῦ
2835 5365 2900 5436 δὴ
2935 5363 3027 5417 καὶ
3055 5363 3218 5432 μόνου
3240 5358 3339 5430 τὴν
3363 5355 3569 5428 συνήθη
3603 5353 3769 5407 πάλιν
3805 5356 3922 5407 ἑπι-

2340 5460 2563 5531 κουρίαν
2589 5459 2779 5521 αἰτεῖν,
2815 5456 2910 5510 καὶ
2938 5455 3110 5518 λιταῖς
3163 5450 3474 5506 ἀναπείθειν
3504 5445 3706 5518 ἀμῦναί
3743 5445 3798 5498 οἱ
3833 5445 3923 5498 τὸν

2342 5552 2602 5617 σώζοντα,
2630 5547 2806 5620 πικρά
2835 5547 2975 5602 κατὰ
2999 5546 3099 5616 τῆς
3145 5544 3281 5606 ίδίας
3322 5541 3618 5594 ἐσκέπτετο
3650 5536 3922 5604 κεφαλῆς.

2351 5619 2745 5709 Ἐπρεσϐεύετο
2799 5634 2908 5706 γὰρ
2939 5633 3076 5706 πρὸς
3127 5629 3476 5701 ἀλλοφύλους,
3524 5619 3618 5681 καὶ
3658 5625 3757 5695 τὴν
3790 5627 3923 5694 παρ’
