4094 6606
226 460 313 515 151

1128 448 1673 505 COMMENTARIUS
1706 448 1771 504 IN
1811 445 2041 505 OSEAM
2084 449 2521 506 PROPIIETAM.

3342 460 3447 517 158

223 579 421 653 ἐχθρῶν
482 575 816 645 συμμαχίαν.
874 592 893 625 ι
954 571 1201 640 Ἐγένετο
1239 571 1347 642 γὰρ
1408 570 1650 642 Ἐφρατμ
1697 570 1772 634 ὼς

1878 586 1972 627 cor
1992 588 2097 626 non
2120 572 2656 645 habens.zEgyptum
2694 576 3070 645 invocaoat,et
3101 582 3167 634 ad
3202 582 3450 654 Assyrios

223 665 505 740 περιστερά
554 664 734 725 ἄνους,
799 661 898 715 οὐκ
961 661 1159 731 ἔχουσα
1194 660 1444 731 καρδίαν.
1502 659 1779 727 Αἴγυπτον

222 759 543 823 ἐπεκαλεῖτο,
581 758 675 810 καὶ
708 755 788 816 είς
839 752 1155 823 ’Δσσυρίους
1191 749 1483 820 ἐπορεύετο
1506 766 1522 782 ο
1550 769 1568 802 ι
1600 749 1776 819 ἀπηλ-

220 852 404 923 λάχθαι
421 848 528 903 τῶν
561 843 956 917 ἐπηρτημένων
976 842 1143 913 ᾤοντο
1166 841 1371 896 κακῶν.
1396 841 1506 894 Καὶ
1527 840 1591 911 δὴ
1622 840 1777 910 βασις

219 942 454 1003 λεύοντος
478 940 535 991 ἐν
576 942 643 1009 τῇ
688 934 972 1006 Σαμαρείᾳ
999 933 1095 985 τοῦ
1126 932 1376 1002 Μαναῖμ,
1411 930 1575 1001 ἀνέϐη
1602 930 1780 994 Φύλας

222 1032 457 1106 βασιλεὺς
495 1028 794 1100 Ἀσσυρίων
843 1027 938 1079 ἐπὶ
966 1026 1057 1078 τὸν
1107 1024 1343 1095 Ἰσραήλ.
1376 1018 1507 1076 Εἶτα
1535 1023 1778 1093 χρήμασι

220 1129 306 1181 καὶ
326 1122 633 1197 πρεσϐείαις
660 1118 940 1173 ἀνέπειθον
968 1116 1300 1185 ἀποσχέσθαι
1322 1116 1418 1183 τῆς
1444 1112 1568 1183 γῆς.
1597 1109 1779 1164 Τοιοῦ-

217 1218 275 1274 τό
302 1220 413 1271 ἐστι
438 1214 518 1276 τὺ,
547 1233 565 1266 ι
612 1209 913 1282 Ἐπορεύθη
959 1207 1198 1279 Ἐφραῒμ
1222 1207 1355 1278 πρὸς
1390 1207 1725 1276 Ἀσσυρίους.
1752 1224 1771 1257 ι

218 1310 382 1365 Φακεὲ
412 1308 468 1361 δέ
490 1306 652 1360 πάλιν
675 1347 688 1369 ,
722 1306 751 1357 6
782 1302 871 1356 τοῦ
904 1300 1205 1372 Ῥομελίου,
1244 1298 1495 1369 βασιλεὺς
1537 1298 1774 1370 Ἰσραὴλ,

217 1397 598 1472 κατεμισθοῦτό
656 1413 783 1449 ποτε
822 1394 911 1447 τδν
944 1391 1212 1454 Ῥαασὼν,
1272 1390 1500 1460 βασιλέα
1555 1390 1775 1461 Συρίας,

218 1493 305 1547 καὶ
350 1490 698 1559 πεπολέμηκε
725 1486 801 1556 τῷ
846 1486 1014 1556 Ἰούδᾳ
1046 1485 1138 1537 καὶ
1160 1486 1271 1546 τοῖς
1300 1484 1364 1537 ἐκ
1393 1482 1566 1552 φυλῆς
1593 1484 1779 1535 Βενια-

220 1585 324 1653 μὶν,
357 1578 727 1650 βασιλεύοντος
766 1574 975 1645 Ἀχατζ
1016 1572 1109 1626 τοῦ
1155 1571 1392 1643 Ἰωάθαμ
1431 1571 1569 1635 υἱοῦ,
1603 1571 1661 1635 ὃς
1687 1572 1775 1624 δε-

215 1675 330 1736 διὼς
358 1674 453 1743 τὴν
477 1670 687 1739 ἔφοδον,
729 1666 1045 1736 πρεσϐείαις
1070 1664 1161 1717 καὶ
1187 1665 1463 1733 χρήμασιν
1496 1662 1775 1716 ἀναπείθει

213 1767 297 1819 τὸν
335 1762 616 1833 ’Δσσύριον
663 1756 1094 1827 Θεγλαφαλασὰρ
1125 1754 1403 1823 ἐπαμῦναι
1430 1754 1597 1825 αύτῷ.
1636 1756 1693 1809 '0
1720 1755 1775 1808 δὲ

212 1859 303 1930 τὴν
335 1854 622 1926 Δαμασκὸν
648 1850 989 1921 κατακράτος
1018 1846 1177 1911 ἐλὼν,
1214 1851 1278 1900 ἐκ
1308 1846 1473 1916 μέσου
1508 1846 1601 1898 καί¹
1615 1844 1774 1898 αὑτὸν

212 1946 649 2005 ἐποίειῬαασών.
688 1943 825 1996 Ἀλλ’
856 1942 905 1994 εί
934 1940 1029 1993 καὶ
1058 1938 1411 2010 πεπόρευται,
1450 1938 1603 2007 φησὶ,
1639 1937 1777 2008 πρὸς

221 2042 525 2111 Ἀσσυρίους
560 2039 588 2089 6
623 2033 880 2105 Ἐφραῒμ,
911 2031 1005 2085 καὶ
1043 2030 1322 2101 χρήμασιν
1352 2028 1646 2100 ἐξεπρίατο
1680 2028 1775 2081 καὶ

210 2133 369 2193 λιταῖς
397 2130 496 2199 τῆς
536 2128 725 2196 ἐφόδου
752 2126 849 2195 τὴν
892 2122 1185 2192 ἀνάϐλησιν
1208 2137 1223 2153 ο
1272 2120 1375 2174 κᾶν
1408 2120 1457 2172 εί
1491 2119 1774 2173 ἀπέστειλε

210 2222 456 2292 πρέσϐεις
492 2222 631 2289 πρὸς
671 2217 895 2289 βασιλέα
932 2216 1162 2285 Ἰαρεὶμ,
1202 2213 1498 2276 τουτέστιν,
1540 2211 1773 2273 ἔκδικον,

209 2316 319 2385 ῆτοι
347 2311 637 2381 ἐκδικητὴν
658 2308 836 2379 (τοῦτο
865 2307 973 2377 γὰρ
1003 2306 1062 2361 τὸ
1098 2306 1306 2377 Ἰαρεὶμ
1328 2304 1627 2375 σημαίνει),
1657 2305 1773 2359 ἀλλ’

210 2402 264 2454 ού
292 2400 605 2469 νενικήκασι
632 2400 731 2467 τὴν
766 2396 915 2459 θείαν
941 2395 1131 2466 ὀργὴν,
1158 2392 1277 2446 οὔτε
1305 2392 1409 2464 μὴν
1433 2393 1773 2464 περιέσονται

210 2488 355 2553 Θεοῦ,
370 2490 465 2559 τῆς
488 2487 637 2541 οὕτω
662 2486 840 2557 δεινῆς
863 2484 1198 2547 ἀποστασίας
1220 2482 1559 2548 ἐξαιτοῦντος
1585 2483 1770 2546 δίκας.

211 2579 277 2633 Ού
318 2579 421 2649 γὰρ
452 2578 666 2647 ἴσχυσε,
721 2576 903 2647 φησὶν,
940 2577 969 2628 6
992 2576 1267 2645 χρήμασιν
1302 2575 1773 2645 ἀναπεπεισμένος

210 2666 474 2737 ἠρεμῆσαι
504 2666 707 2736 βραχὺ,
742 2663 859 2718 ἀλλ’
889 2662 1011 2716 ούδέ
1036 2662 1221 2732 ἕτερός
1253 2678 1335 2725 τις
1374 2661 1483 2715 τῶν
1514 2662 1773 2733 μεμισθοο

210 2760 514 2830 φορηκότων
549 2757 802 2812 ίάσασθαι
836 2756 1001 2826 ὑμᾶς.
1049 2753 1397 2808 Πεπαύσεται
1425 2752 1483 2806 δὲ
1514 2754 1765 2823 οὐδαμῶς

207 2848 300 2918 τῆς
329 2847 517 2918 ὀδύνης
538 2847 602 2901 τὸ
626 2846 869 2918 κέντρον.
894 2844 1180 2899 Πάνδεινον
1205 2840 1298 2898 οὖν
1321 2844 1447 2914 ἄρα,
1471 2844 1532 2897 τὸ
1559 2844 1634 2916 μὴ
1669 2844 1774 2897 σώ-

210 2939 385 3005 ζεσθαι
408 2940 612 3011 μᾶλλον
636 2938 925 3008 ἐπιθυμεῖν
946 2936 1033 2989 διὰ
1058 2936 1154 3006 τῆς
1170 2934 1377 2990 ἀνωθεν
1400 2934 1737 3007 ἡμερότητος
1754 2976 1771 3003 ,

206 3034 563 3105 ἐπιθαρῤἦσαι
589 3032 645 3087 δὲ
675 3034 793 3096 ταῖς
815 3030 874 3097 ἐξ
896 3029 1198 3102 ἀνθρώπων
1233 3028 1583 3099 ἐπικουρίαις
1600 3043 1613 3057 ο
1652 3028 1774 3082 καί·

206 3143 280 3179 τοι
307 3124 533 3194 βοῶντος
562 3123 655 3177 τοῦ
690 3122 1001 3193 Πνεύματος
1024 3121 1111 3174 διὰ
1147 3120 1243 3190 μὲν
1266 3119 1449 3189 φωνῆς
1462 3118 1556 3171 τοῦ
1593 3136 1773 3189 μακα-

210 3217 317 3288 ρίου
370 3216 536 3270 Δαϐίδ
562 3233 577 3247 ο
624 3233 643 3265 ι
692 3213 918 3282 Ἀγαθὸν
965 3211 1281 3265 πεποιθέναι
1333 3212 1424 3262 ἐπὶ
1464 3210 1689 3280 Κύριον,
1737 3210 1770 3281 ἢ
1801 3259 1843 3316 C

206 3306 510 3361 πεποιθέναι
549 3306 634 3359 ἐπ’
665 3305 971 3376 ἄνθρωπον.
1015 3303 1241 3371 Ἀγαθὸν
1264 3303 1502 3367 ἐλπίζειν
1533 3303 1624 3355 ἐπὶ
1656 3302 1773 3355 Κύ-

202 3416 325 3470 ειον,
353 3399 384 3470 ἢ
415 3397 665 3463 ἐλπίζειν
701 3399 784 3450 ἐπ’
834 3396 1132 3468 ἄρχοντας’
1176 3414 1194 3448 ι
1221 3395 1311 3449 διὰ
1348 3394 1404 3447 δὲ
1442 3394 1535 3448 τοῦ
1564 3396 1772 3465 προφή-

197 3505 288 3544 του
312 3491 465 3544 πάλιν
482 3489 779 3560 ἰερεμίουδ
820 3508 837 3541 ι
862 3488 1295 3559 Ἐπικατάρατος
1322 3490 1349 3540 6
1378 3487 1686 3557 ἄνθρωπος,
1714 3486 1774 3550 δς

202 3581 289 3653 τὴν
308 3581 503 3637 ἐλπίδα
538 3582 651 3652 ἔχει
681 3581 818 3649 πρὸς
846 3579 1150 3652 ἄνθρωπον,
1174 3580 1268 3632 καὶ
1289 3578 1535 3650 στηρίσει
1562 3580 1773 3649 σάρκας

204 3671 473 3741 βραχίονος
519 3668 682 3723 αὐτοῦ
714 3668 800 3721 ἐπ’
840 3669 1024 3735 αὐτὸν,
1052 3668 1147 3721 καὶ
1178 3668 1283 3721 ἀπὸ
1312 3667 1518 3737 Κυρίου
1556 3668 1767 3739 ἀποστῇ

203 3760 448 3831 ήκαρδία
490 3759 687 3824 αὑτοῦ,
735 3760 829 3811 καὶ
868 3756 1017 3810 ἔσται
1051 3758 1126 3821 ὠς
1156 3759 1188 3826 ἡ
1222 3756 1595 3827 ἀγριομυρίκη
1640 3759 1673 3827 ή
1714 3759 1772 3809 ἐν

202 3854 264 3923 τῇ
302 3854 521 3925 ἐρήμῳ,
552 3854 586 3923 ἢ
619 3853 720 3906 οὐκ
776 3851 964 3921 ὄψεται
1008 3853 1133 3904 ὅταν
1176 3850 1305 3921 ἔλθῃ
1338 3850 1403 3903 τά
1433 3850 1631 3917 ἀγαθά.
1666 3852 1774 3903 Καὶ

204 3942 557 4013 εὐλογημένος
582 3945 610 3995 6
630 3941 935 4014 ἄνθρωπος,
964 3940 1023 4004 ὃς
1055 3939 1315 3993 πέποιθεν
1342 3941 1432 3992 ἐπὶ
1459 3938 1535 4009 τῷ
1563 3939 1773 4010 Κυρίῳ,

203 4031 290 4085 καὶ
325 4032 473 4086 ἔσται
530 4033 732 4103 Κύριος
775 4034 928 4095 ἐλπὶς
959 4030 1144 4086 αὑτοῦ.
1178 4032 1285 4084 Καὶ
1336 4030 1489 4085 ἐσται
1518 4030 1592 4094 ὼς
1622 4030 1775 4095 ξύλον

204 4120 449 4191 εὐθηνοῦν
472 4123 611 4195 παρ’
634 4122 804 4188 ὕδατι,
834 4124 927 4176 καὶ
946 4122 1038 4175 ἐπὶ
1063 4120 1262 4192 ίκμάδα
1291 4119 1474 4190 βάλλει
1501 4119 1658 4192 ῥίζας
1682 4122 1779 4173 αὐ-

1882 666 1992 719 ibat
2018 665 2085 730 ⁸³,
2119 683 2137 716 ι
2183 674 2329 719 ratus
2388 680 2446 719 se
2501 666 2928 734 impendentibus
2954 671 3107 725 malis
3163 672 3448 728 liberatum

1880 756 1970 812 iri.
1996 757 2170 810 Etiam
2202 766 2457 823 regnante
2486 756 2734 821 Manaim,
2764 756 2958 813 Phulas
2989 776 3080 814 rex
3106 764 3448 832 Assyriorum

1878 858 2065 903 contra
2096 847 2344 902 lsraelein
2371 850 2719 902 ascendit”:
2753 850 2838 904 cui
2873 850 3061 920 legatis
3098 862 3151 906 et
3202 856 3449 920 pecuniis

1878 955 2170 1010 persuasus
2198 950 2280 994 est
2315 942 2555 1004 reditus;
2600 946 2699 995 hoc
2733 950 2835 1005 est,
2882 960 2901 992 σ
2934 943 3066 996 abiit
3094 943 3344 1011 Ephraim
3381 947 3446 1000 ad

1876 1030 2149 1100 Assyrios.
2179 1049 2198 1081 ›
2240 1028 2440 1083 Deinde
2474 1029 2700 1092 Phacee,
2731 1028 2869 1082 {ilius
2914 1029 3186 1089 Romolize.
3223 1048 3311 1085 rex
3375 1032 3448 1087 ls-

1879 1120 2012 1188 rael,
2044 1120 2215 1189 pretio
2245 1120 2498 1172 conduxit
2539 1118 2825 1187 aliquando
2862 1117 3026 1171 Rasin
3049 1135 3224 1189 regem
3258 1120 3447 1189 Syrize,

1877 1213 2308 1284 oppugnavitqne
2335 1211 2525 1266 Judam
2551 1222 2604 1265 et
2637 1213 2857 1266 tribules
2875 1212 3171 1280 Beniamin,
3192 1225 3452 1284 regnante

1876 1305 2081 1372 Achaz,
2116 1305 2222 1359 lilio
2266 1303 2515 1359 Joalham
2545 1323 2557 1359 :
2596 1306 2681 1373 qui
2711 1305 3070 1359 incursionem
3116 1306 3331 1367 timens.
3360 1321 3453 1372 per

1877 1396 2081 1467 legatos
2134 1406 2412 1451 numerata
2476 1396 2701 1464 pecunia
2730 1395 3215 1465 Theglatphalasar
3249 1399 3313 1449 ad
3346 1395 3451 1449 sibi

1874 1486 2244 1555 opitulandum
2272 1488 2481 1555 impulit
2509 1488 2576 1540 ⁸⁸.
2610 1487 2708 1553 Qui
2759 1487 3019 1543 Damasco
3064 1490 3231 1543 armis
3272 1500 3449 1560 capta,

1878 1574 2042 1629 Rasin
2065 1592 2095 1629 e
2126 1577 2299 1630 medio
2329 1577 2562 1631 sustulit.
2594 1576 2699 1631 Sed
2732 1580 2976 1647 quamvis
3000 1579 3219 1644 abierit,
3246 1584 3445 1651 inquit,

1878 1666 1944 1719 ad
1982 1667 2228 1736 Assyrios
2261 1666 2539 1735 Ephraim,
2578 1670 2914 1738 pecuniaque
2947 1680 2999 1723 et
3033 1672 3282 1739 precibus
3319 1673 3449 1726 dila-

1879 1758 2077 1811 tionem
2102 1758 2658 1826 irruptionisemerit,
2680 1762 2887 1814 tametsi
2912 1761 3115 1831 legatos
3142 1763 3349 1818 miserit
3381 1766 3449 1819 ad

1879 1847 2254 1918 regemlarim,
2295 1851 2393 1903 hoc
2418 1860 2520 1915 est,
2553 1849 2891 1905 defensorem
2928 1852 3042 1905 sive
3074 1851 3298 1907 ultorem
3323 1852 3449 1923 (hoc

1876 1940 2020 1995 enim
2049 1940 2204 1994 Iarim
2232 1942 2435 2007 sonat).
2459 1950 2641 1994 tamen
2672 1943 2907 1994 divinam
2941 1943 3076 1996 iram
3104 1959 3207 1996 non
3234 1944 3450 1999 domue-

1878 2041 2022 2097 runt,
2055 2047 2231 2100 neque
2260 2031 2370 2086 Deo
2399 2033 2781 2101 prtevalebunt,
2818 2033 2974 2099 huius
3018 2034 3150 2088 adeo
3183 2043 3334 2089 terra:
3363 2036 3451 2089 de-

1875 2117 2126 2173 fectionis
2155 2134 2343 2187 pCBIIaS
2381 2122 2637 2191 exigenti.
2672 2121 2785 2174 Non
2820 2124 2961 2175 enim
3022 2126 3220 2191 potuit,
3249 2126 3443 2194 inquit,

1874 2212 2097 2281 pecunia
2122 2227 2409 2281 persuasus
2437 2214 2647 2268 ellicere
2710 2225 2768 2267 ut
2806 2216 3018 2283 paulum
3068 2217 3442 2285 quiesceretis,

1876 2317 1975 2358 nec
1997 2304 2134 2357 alius
2162 2306 2410 2359 mercede
2436 2305 2733 2360 conductus
2766 2321 2960 2361 sanare
2995 2323 3109 2362 vos.
3160 2309 3443 2377 Nunquam

1874 2405 2053 2449 autem
2110 2396 2312 2451 doloris
2371 2397 2620 2453 Stimulos
2669 2400 2922 2453 cessabit.
2954 2399 3050 2453 Est
3082 2401 3246 2469 igitur
3280 2400 3448 2469 pessi-

1874 2501 2044 2551 mum,
2076 2502 2181 2541 non
2206 2489 2379 2559 magis
2408 2504 2604 2559 cupere
2632 2491 2826 2545 salvari
2852 2506 2947 2561 per
2970 2507 3259 2561 supernam
3289 2508 3444 2544 man-

1873 2582 2239 2647 suetudinem,
2263 2584 2354 2637 sed
2388 2584 2637 2638 humanis
2664 2586 2854 2653 opibus
2888 2585 3071 2649 ﬁdere,
3107 2600 3228 2639 cum
3265 2600 3358 2653 per
3385 2602 3447 2638 os

1873 2672 2013 2728 beati
2048 2674 2211 2729 David
2238 2673 2470 2745 Spiritus
2501 2676 2730 2730 clamet:
2764 2697 2781 2727 ι
2809 2677 3011 2731 Bonum
3040 2686 3123 2732 est
3175 2677 3448 2730 conﬁdere

1874 2765 1927 2819 in
1959 2764 2204 2830 Domino,
2252 2782 2413 2836 quam
2456 2769 2728 2823 confidere
2776 2769 2827 2822 in
2854 2769 3090 2823 homine.
3140 2768 3343 2821 Bonum
3369 2776 3449 2819 νει

1873 2870 2094 2925 sperare
2123 2858 2175 2911 in
2208 2857 2452 2922 Domino,
2482 2873 2638 2928 quam
2677 2860 2729 2913 in
2761 2859 3092 2927 principibus
3120 2859 3185 2911 ⁵⁸.
3217 2877 3237 2911 ι
3265 2857 3331 2911 Ει
3356 2872 3451 2924 per

1872 2947 2161 3003 Jeremiam
2195 2966 2211 3005 :
2243 2967 2261 3001 t
2289 2950 2604 3005 Maledictus
2638 2951 2797 3005 homo
2851 2952 2939 3020 qui
2972 2966 3118 3017 spem
3173 2965 3324 3004 suam
3356 2964 3449 3018 po—

1876 3040 1954 3094 nit
2007 3040 2061 3094 in
2123 3041 2359 3106 homine,
2385 3052 2439 3097 et
2470 3041 2702 3097 ﬁrmabit
2728 3057 2944 3096 carnem
2996 3041 3202 3096 brachii
3230 3042 3311 3094 sui
3349 3055 3445 3093 su-

1875 3146 1970 3200 per
2014 3147 2161 3197 eum,
2190 3142 2245 3187 et
2278 3149 2306 3187 a
2340 3133 2567 3188 Domino
2618 3134 2845 3189 recessit
2910 3149 3006 3188 cor
3058 3134 3194 3202 ejus.
3227 3133 3292 3186 Et
3345 3132 3451 3186 erit

1875 3225 2028 3291 quasi
2052 3224 2312 3279 silvestris
2329 3228 2529 3296 myrica
2563 3241 2681 3296 qua:
2710 3236 2791 3280 est
2826 3226 2877 3280 in
2907 3226 3122 3281 deserto
3157 3242 3172 3292 ;
3232 3240 3337 3278 non
3374 3226 3450 3275 vi-

1877 3312 2024 3367 debit
2064 3329 2186 3369 cum
2212 3316 2457 3369 venerint
2488 3315 2986 3370 bona.Benedictus
3016 3316 3176 3368 homo
3200 3315 3291 3384 qui
3322 3329 3451 3367 con-

1877 3399 1994 3455 ﬁdit
2022 3401 2077 3454 in
2108 3402 2347 3468 Domino,
2373 3406 2545 3458 etcrit
2570 3404 2826 3459 Dominus
2862 3405 3055 3458 fiducia
3087 3403 3224 3470 ejus,
3257 3414 3312 3457 et
3343 3404 3450 3456 erit

1876 3492 2028 3560 quasi
2063 3492 2260 3561 lignum
2298 3495 2577 3550 abundans
2625 3495 2774 3564 juxta
2823 3511 3012 3564 aquas,
3044 3504 3098 3549 et
3149 3510 3313 3563 super
3345 3493 3449 3547 liu-

1878 3596 2083 3637 morem
2112 3586 2289 3640 mittet
2324 3587 2532 3641 radices
2554 3603 2701 3650 suas,
2736 3598 2789 3640 et
2825 3602 2929 3641 non
2966 3586 3178 3640 timebit
3202 3600 3323 3639 cum
3353 3599 3449 3636 vc-

1876 3674 2224 3741 nerittestus,
2256 3687 2311 3731 et
2341 3678 2395 3731 in
2447 3693 2512 3734 eo
2546 3679 2683 3732 rami
2753 3677 3036 3739 frondosi;
3090 3675 3143 3728 in
3180 3690 3315 3727 anno
3346 3674 3427 3729 sic

1878 3765 2055 3819 citatis
2080 3781 2183 3820 non
2199 3767 2425 3833 timebit,
2444 3779 2495 3823 el
2520 3786 2624 3825 non
2652 3770 2857 3824 desinet
2889 3767 3090 3822 faciens
3108 3765 3448 3819 fructum".r

1878 3851 2069 3909 Helius
2094 3856 2252 3924 igitur
2284 3858 2350 3911 ad
2376 3858 2539 3911 Deum
2567 3856 2626 3911 se
2660 3857 2970 3928 adiungere,
3005 3866 3057 3910 et
3081 3855 3211 3909 illud
3233 3855 3453 3923 sapiens

1881 3943 2080 3999 dictum
2111 3948 2393 4003 cum'bona
2418 3951 2747 4004 conscientia
2779 3964 3037 4017 usurpare
3064 3966 3078 4002 :
3113 3968 3131 4000 ‹
3162 3946 3310 4000 Tuus
3332 3961 3450 3999 sum

1881 4047 2005 4104 ego,
2033 4036 2177 4091 salva
2209 4054 2311 4104 me,
2337 4041 2591 4108 quoniam
2634 4040 3046 4107 justiﬁcationes
3099 4048 3218 4091 tuas
3263 4036 3453 4105 exqui-

1883 4125 1983 4179 sivi
2009 4126 2073 4180 ⁵⁸.
2107 4147 2126 4179 ι

202 4216 311 4283 τοῦ,
358 4220 450 4273 καὶ
476 4220 543 4272 οὐ
576 4218 652 4290 μὴ
694 4217 903 4289 φοϐηθῇ
954 4218 1081 4270 ὅταν
1111 4215 1238 4288 ἔλθῃ
1268 4214 1473 4285 καῦμα.
1527 4216 1639 4268 Καὶ
1681 4215 1767 4269 ἐπ’
1808 4217 1956 4289 αύτῷ
2023 4222 2245 4294 στελέχη
2270 4224 2501 4297 ἀλσώδη,
2538 4229 2596 4280 ὲν
2660 4226 2889 4297 ἐνιαυτῷ
2921 4224 3177 4297 ἀϐροχίας
3198 4223 3257 4276 οὐ
3286 4220 3455 4292 φοϐη-

205 4312 441 4384 θήσεται,
474 4313 579 4367 καὶ
601 4312 660 4367 ού
691 4313 953 4382 διαλείψει
982 4310 1170 4365 ποιοῦν
1197 4309 1426 4384 καρπόν.
1458 4329 1477 4361 ι
1518 4310 1773 4381 ’Λμεινον
1811 4307 1906 4366 οὗν
1953 4315 2083 4386 ἄρα,
2157 4319 2636 4390 προσοικειοῦσθαι
2662 4320 2798 4392 Θεῷ,
2834 4321 2925 4374 καὶ
2989 4319 3049 4372 τὸ
3080 4317 3243 4387 σοφὸν
3276 4318 3455 4370 ἐκεῖνο

204 4404 373 4474 λέγειν
418 4408 480 4472 ἐξ
513 4407 729 4479 ἀγαθῆς
756 4408 995 4470 διανοίας
1020 4422 1033 4437 ·
1072 4424 1091 4457 ι
1140 4406 1239 4468 Σός
1268 4408 1382 4476 είμι
1416 4404 1547 4474 ἐγὼ.
1604 4405 1778 4460 σῶσόν
1820 4426 1910 4479 με,
1939 4412 2021 4466 ὅτι
2042 4414 2110 4468 τά
2137 4414 2485 4486 δικαιώματά
2512 4434 2604 4470 σου
2641 4417 2965 4488 ἐξεζήτησα.
3008 4433 3025 4467 ι

268 4502 420 4554 Διότι
448 4499 568 4570 ἐγώ
593 4502 709 4563 ειμι
736 4498 817 4564 ὼς
853 4497 1087 4566 πάνθηρ
1142 4495 1222 4562 τῷ
1283 4496 1546 4565 Ἐφραῒμ,
1575 4496 1674 4550 καὶ
1704 4497 1777 4563 ὠς

1952 4503 2233 4574 93Vsas.
2251 4507 2338 4571 14,
2357 4508 2443 4563 l5.
2466 4508 2603 4574 Quia
2630 4524 2721 4575 ego
2737 4510 2886 4576 quasi
2902 4508 3153 4577 panthera
3176 4504 3450 4575 Ephraint,

204 4590 352 4646 λέων
376 4592 457 4657 τῷ
500 4592 651 4657 οἴκῳ
693 4590 907 4655 Ἰούδα,
940 4591 1040 4645 καί
1073 4588 1188 4658 ἐγὼ
1217 4587 1508 4657 ἀρπῶμαι,
1543 4588 1641 4642 καί
1672 4601 1777 4642 πο-

201 4684 504 4753 ρεύσομαι,
535 4683 634 4738 καί
656 4683 948 4752 λήψομαι,
973 4681 1072 4735 καί
1098 4683 1209 4735 οὐκ
1248 4680 1416 4734 ἔσται
1444 4682 1476 4733 ό
1512 4680 1777 4745 ἐξαιρού-

200 4790 395 4843 μενος.
433 4776 833 4844 Πορεύσομαι,
855 4774 955 4827 καὶ
987 4772 1331 4842 ἐπιστρέψω
1357 4774 1443 4837 εἰς
1464 4772 1570 4825 τὸν
1588 4771 1778 4825 τόπον

200 4882 336 4932 μου,
367 4865 478 4932 ἕως
506 4861 579 4922 οὗ
608 4863 1006 4935 ἀφανισθῶσι.

272 4956 347 5013 Ξ⁹.
407 4958 647 5029 Ἐναργῆ
678 4958 967 5027 καθίστησι
1018 4957 1117 5026 τὴν
1148 4955 1325 5008 αἰτίαν
1374 4956 1441 5009 δι’
1465 4956 1530 5027 ἢν
1566 4953 1781 5024 ὤνησαν

211 5048 305 5117 μὲν
333 5050 483 5104 οὐδὲν
523 5052 572 5104 oi
615 5049 694 5121 τῷ
738 5048 981 5120 Ἐφραίμ
1022 5046 1415 5118 ἐπαμύνοντες,
1479 5048 1540 5099 ού
1593 5047 1781 5100 διαπε-

209 5140 553 5195 παύσεταιδέ
582 5142 649 5196 τά
676 5142 776 5214 τῆς
802 5142 993 5212 ὀδύνης
1036 5141 1238 5204 αὐτοῖς.
1266 5158 1285 5191 ι
1323 5138 1463 5208 Ἐγὼ
1503 5139 1611 5210 γάρ
1645 5140 1781 5209 είμι,

210 5233 372 5301 φησὶ,
437 5233 515 5297 ὡς
566 5233 783 5304 πάνθηρ
824 5233 903 5303 τῷ
962 5230 1220 5303 Ἐφραῖμ,
1258 5230 1351 5285 καὶ
1406 5230 1482 5292 ὼς
1537 5229 1674 5282 λέων
1706 5228 1784 5299 τῷ

209 5323 336 5394 οίκῳ
383 5324 575 5379 Ἰούδα.
618 5344 636 5378 ι
673 5325 944 5396 Πρόδηλον
979 5320 1093 5390 οὖν,
1120 5324 1200 5376 ὅτι
1224 5322 1358 5375 Θεοῦ
1392 5320 1781 5392 παραλύοντος,

211 5418 239 5469 ὁ
262 5416 448 5471 σώσων
469 5418 695 5481 ούδείς.ι
730 5418 840 5489 Τὴν
866 5416 975 5489 γὰρ
1002 5419 1158 5488 χεῖρα
1182 5416 1277 5485 τὴν
1297 5413 1525 5484 ὑψηλὴν,
1551 5413 1633 5475 τίς
1650 5413 1785 5465 ἀποο

215 5510 472 5579 στρέψει;
503 5511 674 5565 ικατά
692 5511 752 5564 τὸ
779 5508 1313 5580 γεγραμμένον.Ὅτι
1334 5507 1387 5560 δέ
1409 5507 1503 5560 καὶ
1525 5506 1784 5577 ἡμερότη-

211 5615 297 5663 τος
318 5601 538 5672 ἀπάσης
561 5602 923 5675 ἐξῃρημένης,
950 5600 1018 5655 τὰ
1048 5600 1133 5653 ἐπ’
1158 5600 1343 5661 αὐτοῖς
1375 5596 1629 5667 γενέσθαι
1648 5613 1786 5667 συμ-

1880 4601 1929 4646 et
1960 4595 2113 4662 quasi
2137 4594 2216 4648 leo
2240 4598 2417 4648 domui
2446 4596 2616 4661 Juda,
2648 4605 2696 4648 et
2725 4612 2815 4665 ego
2844 4595 3065 4662 rapiam,
3087 4600 3136 4645 et
3173 4594 3382 4653 vadum,
3406 4598 3452 4642 et

1883 4684 2087 4750 tollam,
2116 4693 2165 4736 et
2196 4699 2297 4737 non
2324 4686 2421 4739 erit
2460 4686 2549 4754 qui
2583 4693 2755 4738 eruat.
2794 4682 2911 4747 Ibo,
2942 4693 2987 4735 et
3020 4690 3248 4734 revertar
3280 4680 3333 4730 in
3369 4678 3453 4729 lo-

1881 4791 2000 4828 cum
2028 4791 2222 4842 meum,
2249 4778 2413 4831 donec
2441 4778 2759 4846 dispeream.

1949 4950 2064 5005 LX.
2101 4950 2439 5007 Manifestam
2484 4952 2641 5009 affert
2681 4952 2940 5007 rationem
3004 4964 3172 5021 quare
3203 4948 3457 5019 Ephraim

1880 5043 2137 5098 auxilium
2172 5042 2409 5099 ferentes
2439 5045 2569 5099 nihil
2622 5044 3006 5113 promoverint,
3036 5053 3088 5096 et
3129 5057 3235 5095 non
3267 5056 3450 5095 cessa-

1886 5145 2039 5189 turus
2062 5136 2135 5190 sit
2164 5136 2231 5190 ah
2252 5138 2331 5191 eis
2357 5135 2513 5191 dolor
2545 5152 2753 5191 eorum.
2791 5155 2809 5187 ι
2834 5134 2943 5205 Ego
2976 5136 3119 5188 enim
3145 5151 3288 5196 sum,
3318 5152 3335 5184 ι
3375 5132 3461 5186 iu—

1885 5228 2001 5296 quit
2037 5227 2245 5292 lsraeli,
2289 5247 2307 5280 ι
2342 5238 2401 5284 ut
2438 5229 2718 5300 panthera,
2747 5238 2881 5283 etut
2928 5231 3010 5281 leo
3038 5227 3218 5281 domui
3248 5222 3402 5278 Juda.
3436 5243 3454 5273 ι

1886 5318 2078 5389 Liquet
2112 5335 2262 5391 ergo,
2284 5324 2391 5377 Deo
2424 5324 2677 5392 perdente
2706 5322 2969 5375 neminem
3007 5319 3122 5372 fore
3147 5318 3236 5387 qui
3268 5316 3458 5371 Salvet.

1893 5432 1912 5465 ι
1933 5412 2143 5469 Manum
2174 5415 2318 5470 enim
2349 5414 2614 5470 excelsam
2644 5415 2763 5483 quis
2798 5413 3068 5467 avertet"
3091 5411 3113 5465 Ἰ
3135 5431 3153 5462 ι
3211 5421 3269 5464 ut
3321 5409 3445 5463 scri-

1890 5513 2040 5572 ptum
2064 5514 2166 5559 est.
2189 5504 2492 5575 Contigisse
2518 5515 2695 5559 autem
2714 5504 2819 5558 illis
2849 5518 2966 5575 qua:
2985 5504 3341 5571 contigerunt,
3368 5498 3461 5553 de-

1891 5597 2050 5652 sertis
2098 5597 2166 5653 αι)
2210 5597 2355 5653 omni
2399 5598 2679 5652 clementia
2714 5595 2848 5662 Dei,
2884 5596 2983 5652 sub
3008 5594 3330 5652 velamento,
3368 5590 3439 5641 im

285 5785 329 5818 ”
362 5788 522 5847 Osee.
558 5804 653 5851 vn,
676 5790 760 5842 ll.
834 5788 880 5819 “
919 5785 983 5839 iV
1016 5787 1145 5855 Reg.
1181 5800 1266 5850 xv,
1301 5783 1383 5837 19.
1462 5782 1505 5814 ”
1548 5780 1610 5835 IV
1646 5779 1771 5851 Reg.
1806 5783 1913 5847 xvi,
1953 5782 2002 5837 7.
2079 5784 2124 5815 ⁸⁸
2166 5780 2308 5838 Psal.
2333 5798 2499 5851 cun,
2525 5782 2651 5849 8,9.
2726 5782 2769 5814 ⁵⁷
2796 5779 2888 5837 .icr
2938 5793 3068 5843 xm,
3098 5774 3210 5831 5-8.
3242 5773 3287 5806 ”
3316 5768 3457 5827 Pssl.

188 5872 277 5934 .cx
338 5872 419 5923 in,
458 5857 545 5911 56.
618 5860 661 5891 ⁸³
693 5862 792 5913 lsa.
831 5874 937 5921 xiv,
962 5858 1050 5909 ‘27.
