4094 6562
662 395 765 451 159

1644 399 1703 452 S.
1743 398 2010 455 CYRILU
2052 398 2521 455 ALEXANDle
2560 400 2885 456 ARCHIEP.

3815 403 3911 457 ibi)

663 524 843 581 petum
904 523 1058 563 suum
1113 510 1439 565 terribilibus
1488 512 1983 585 robustissimisque
2040 519 2228 573 helluis

2350 517 2581 589 ἲέὸηκεν,
2614 517 2891 588 ὑπέφηνεν
2930 518 3368 587 αίνιγματωδῶς,
3399 519 3512 580 τοῖς
3559 516 3641 569 ὅτι
3675 514 3910 585 μάλιστα

663 614 982 668 comparans
1008 600 1352 672 signiﬁcavit.
1388 600 1655 661 Panthera
1686 607 1830 662 enim
1858 609 2231 666 incitatissimo

662 707 821 745 cursu
864 691 1035 746 fertur
1063 693 1115 746 in
1152 708 1289 762 quos
1314 695 1449 759 vult,
1486 698 1727 767 adeoque
1770 699 1871 756 levi
1903 704 2035 771 pede
2083 704 2227 772 salit,

663 792 721 837 ut
744 785 829 836 vix
864 783 1147 854 vestigium
1178 785 1297 855 ejus
1324 798 1785 859 cernatur,neque
1818 794 1982 849 ullum
2019 797 2230 868 signum

663 873 812 929 humi
848 874 1134 945 relinquat.
1165 877 1258 931 Ast
1289 878 1370 932 leo
1398 884 1730 936 tremendum
1771 886 1985 954 quidem
2014 898 2067 943 et
2102 890 2231 944 hor-

665 966 904 1021 risonum
963 969 1015 1020 in
1062 968 1335 1025 montibus
1383 972 1556 1040 rugit,
1618 976 1835 1031 tonitrui
1887 979 2092 1045 instar,
2138 998 2233 1036 au-

665 1058 978 1128 dientesque
1015 1059 1255 1128 percellit
1301 1064 1718 1131 quodammodo.
1753 1068 2041 1127 Aitenim:
2080 1090 2099 1124 ι
2125 1073 2233 1127 Leo

665 1147 860 1215 rugiet,
894 1157 947 1203 et
988 1150 1107 1217 quis
1143 1165 1245 1204 non
1298 1152 1612 1210 timebit”?
1635 1177 1653 1209 ι
1692 1159 1804 1215 Nec
1841 1161 1957 1229 ejus
1986 1179 2234 1220 accessus

665 1238 861 1303 arceri,
901 1248 955 1292 et
1000 1241 1081 1294 vis
1111 1240 1414 1298 invadentis
1460 1244 1746 1304 difﬁculter
1790 1253 1974 1321 repelli
2031 1266 2229 1324 potest.

666 1327 819 1394 Quod
863 1331 1202 1400 corripuerit,
1239 1332 1382 1390 illico
1421 1339 1619 1406 perdit,
1643 1356 1745 1397 nec
1789 1343 2073 1414 quisquam
2118 1347 2235 1415 ejus

667 1421 936 1489 unguibus
975 1424 1294 1493 implicitum
1325 1429 1557 1485 auferat.
1597 1431 1920 1490 Pantheram
1952 1453 2111 1506 porro
2144 1454 2238 1495 ce-

666 1508 879 1567 leritate
902 1514 1079 1570 valere
1104 1525 1161 1570 et
1180 1518 1364 1574 volare
1394 1525 1773 1591 propemodum
1798 1529 1973 1595 prada
2003 1530 2233 1598 direpta;

667 1600 876 1655 leonem
916 1604 1140 1659 bestiam
1176 1622 1296 1663 esse
1329 1612 1581 1679 validam,
1616 1615 2052 1683 imperterritum,
2085 1621 2238 1692 cujus

666 1707 922 1749 occursus
954 1698 1304 1767 periculosus,
1334 1702 1447 1771 ipse
1484 1706 1718 1761 Ostendit
1763 1724 1885 1764 cum
1914 1711 2192 1782 subjungit
2220 1731 2234 1767 :

673 1801 691 1834 ι
725 1783 789 1837 Ει
815 1800 915 1855 ego
962 1791 1188 1858 rapiam,
1223 1802 1275 1847 et
1316 1795 1526 1861 vadam,
1556 1808 1610 1853 et
1636 1798 1853 1864 tollam;
1883 1810 1939 1857 et
1989 1817 2093 1856 non
2137 1805 2240 1859 erit

669 1874 759 1943 qui
795 1888 969 1934 eruat.
1002 1898 1021 1931 ι
1054 1881 1167 1937 Hoc
1195 1885 1337 1939 enim
1375 1885 1587 1942 leonum
1621 1890 1799 1946 robori
1848 1896 2132 1951 convenit:
2156 1908 2240 1952 ast

670 1965 821 2034 illud,
855 1986 874 2019 ι
900 1969 1148 2039 Rapiam,
1183 1983 1236 2027 et
1270 1977 1480 2042 vatiam,
1507 1989 1563 2033 et
1608 1981 1787 2036 tollam
1814 2002 1833 2035 ι
1865 1989 2125 2054 panthera
2158 1989 2242 2043 fa-

670 2059 765 2120 cit,
808 2067 866 2112 ut
891 2059 1026 2115 dixi.
1060 2063 1211 2129 Quod
1241 2075 1419 2122 autem
1455 2068 1711 2127 Dominus
1753 2089 1847 2130 eos
1872 2091 1901 2129 a
1931 2078 2125 2145 quibus
2156 2079 2242 2135 of-

669 2146 854 2206 fensus
888 2162 971 2207 est
997 2156 1307 2213 deserturos
1359 2161 1452 2223 sit,
1485 2170 1540 2215 et
1572 2164 1826 2219 auxilium
1855 2182 1991 2235 pene
2030 2170 2245 2224 subtra-

673 2248 884 2307 cturus,
904 2252 959 2296 et
974 2244 1340 2303 benevolentia
1376 2264 1472 2305 sua
1505 2267 1599 2307 eos
1632 2256 1959 2323 privaturus,
1988 2258 2246 2316 indicavit

673 2330 778 2385 illis
808 2333 1005 2401 verbis,
1034 2354 1052 2388 ι
1078 2336 1266 2402 Iho,et
1297 2352 1539 2398 revertar
1564 2346 1616 2398 in
1652 2346 1824 2401 locum
1857 2352 2246 2417 meum,donec

673 2424 1000 2494 dispereant.
1032 2446 1052 2481 ι
1086 2428 1241 2485 Nullo
1275 2434 1487 2501 quidem
1525 2436 1688 2493 modo
1730 2439 1986 2496 divinitas
2016 2443 2133 2498 loco
2158 2445 2245 2498 in-

673 2512 908 2569 cluditur
935 2533 997 2573 ac
1014 2519 1289 2578 deﬁnitur.
1316 2521 1423 2581 Sed
1451 2528 1642 2584 adesse
1676 2531 1998 2597 quibusdam
2026 2535 2246 2601 dicitur,

673 2616 795 2657 cum
828 2620 921 2662 eos
954 2611 1127 2678 gratia
1154 2624 1208 2667 et
1234 2612 1421 2672 favore
1448 2633 1546 2673 suo
1575 2621 1776 2678 donat:
1812 2624 2008 2680 abesse
2035 2642 2246 2682 rursum

676 2695 743 2748 ab
771 2696 838 2752 iis
871 2700 960 2767 qui
1000 2717 1378 2772 peccaverunt,
1401 2714 1616 2779 quando
1651 2728 1745 2769 eos
1776 2726 2079 2784 aversatur,
2116 2718 2250 2774 leni-

678 2796 949 2859 tatcmque
979 2808 1130 2847 suam
1167 2796 1294 2866 ipsis
1329 2802 1563 2857 tribuere
1587 2805 1803 2862 desinit.
1835 2807 1907 2862 De
1949 2807 2060 2863 Deo
2101 2812 2247 2867 enim

680 2895 830 2936 more
858 2884 1091 2940 humano
1129 2886 1405 2957 loquitur;
1432 2894 1526 2948 sed
1559 2909 1621 2949 ea
1660 2903 1817 2965 prout
1859 2898 1930 2952 illi
1963 2909 2251 2956 consenta-

682 2991 841 3030 neum
871 2990 956 3034 est
980 2980 1352 3053 intelligimus.

679 3241 794 3300 lati.

752 3333 889 3391 LXI.
922 3336 1249 3409 lmpotenter
1272 3342 1339 3396 ad
1374 3342 1578 3398 nefaria
1607 3345 2021 3413 declinantibus,
2047 3356 2102 3404 et
2138 3350 2255 3405 sine

681 3428 788 3484 L'ne
816 3444 1040 3499 peccare
1053 3432 1225 3488 solitis
1259 3451 1361 3489 non
1390 3444 1611 3499 temere,
1636 3440 1729 3493 sed
1759 3440 1827 3495 ad
1853 3442 2137 3496 utilitatem
2163 3458 2256 3511 po-

684 3522 812 3585 tius,
842 3532 897 3577 et
925 3533 1181 3595 tanquam
1217 3528 1539 3583 medicinam
1572 3546 1601 3582 a
1627 3532 1747 3586 'Deo
1774 3547 2143 3600 saepenumero
2175 3536 2258 3587 in.

682 3612 961 3667 commoda
1000 3614 1306 3685 importari,
1337 3618 1527 3672 iterum
1557 3618 1668 3691 95
1693 3622 1870 3676 docet.
1907 3622 2258 3694 Contempto-

683 3717 770 3757 res
797 3705 939 3758 enim
969 3706 1163 3761 divina}
1197 3710 1623 3765 mansuetudinis
1662 3720 1716 3765 et
1749 3713 2060 3782 ignorantes
2086 3730 2145 3769 se
2192 3716 2260 3771 ad

685 3792 1055 3861 paenitentiam
1102 3804 1211 3849 tam
1244 3797 1543 3852 incredibili
1576 3800 1856 3856 tolerantia
1902 3803 2141 3869 invitari,
2180 3806 2262 3859 in-

686 3881 1011 3938 flammatam
1046 3885 1165 3955 ejus
1199 3886 1334 3941 iram
1389 3905 1494 3944 non
1542 3889 1798 3959 effugient
1844 3893 1951 3949 ullo
2002 3900 2160 3951 modo
2178 3898 2259 3964 “;

685 3975 930 4043 quinimo
965 3977 1291 4034 calamitatis
1336 3981 1631 4037 acerbitate
1677 3983 1835 4039 fracti
1873 4001 1939 4041 ac
1975 3987 2260 4054 debilitati,

688 4067 815 4134 quid
844 4066 943 4122 sibi
989 4070 1254 4125 conducat
1282 4070 1615 4143 intelligent:
1653 4084 1708 4128 et
1743 4076 1937 4143 quibus
1972 4078 2101 4132 nihil
2131 4094 2262 4148 pro-

687 4157 794 4213 fuit
818 4160 1138 4231 benignitas,
1153 4177 1246 4218 eos
1272 4164 1339 4219 ad
1373 4166 1619 4221 notitiam
1652 4167 1898 4224 utilitatis
1926 4185 2038 4225 suae
2063 4185 2263 4227 terum-

690 4266 881 4304 narum
910 4251 1166 4321 supplicia
1200 4255 1481 4311 inducunt.
1514 4257 1977 4324 Quemadmodum
2011 4262 2153 4316 enim
2178 4263 2263 4316 af-

688 4340 861 4398 fectus
893 4358 1177 4412 corporum
1210 4348 1580 4415 graviores,et
1612 4348 1820 4405 lenibus
1854 4351 2266 4408 medicamentis

691 4447 796 4485 non
833 4433 1105 4503 cedentes,
1140 4436 1247 4505 igni
1277 4436 1526 4506 ferroque
1563 4438 1873 4509 frequenter
1899 4451 2262 4509 superantur:

2329 610 2520 673 δεινοῖς
2568 609 2662 662 καὶ
2704 609 3107 679 ἀλκιμωτάτοις
3153 608 3364 679 Θηρίοις
3414 607 3514 678 τὴν
3556 607 3772 660 οἰκείαν
3824 608 3911 673 ὁρ-

2334 700 2440 772 μὴν
2469 700 2836 771 παρεικάζων.
2891 701 2950 754 Ὀ
2983 701 3079 771 μὲν
3112 700 3220 770 γὰρ
3255 698 3473 769 πάνθηρ
3502 697 3751 767 ὀξυτάτῳ
3795 698 3909 750 λίαν

2331 794 2452 847 καθ’
2474 789 2549 847 ὧν
2574 794 2640 849 ἂν
2667 794 2837 848 ἕλοιτο
2871 795 3095 863 φέρεται
3129 792 3333 864 δρόμῳ,
3369 792 3627 861 ἐλαφροῖς
3652 790 3705 843 δὲ
3740 790 3911 854 οὕτως

2332 886 2481 957 ᾄττει
2512 886 2686 951 ποσὶν,
2714 886 2788 949 ὡς
2806 886 2938 957 μηδὲ
2970 887 3138 956 ῖχνοις
3169 883 3399 954 ὁρᾶσθαι
3422 884 3565 954 τάχα
3598 900 3727 945 που,
3767 883 3900 952 μήτε

2335 980 2441 1050 μὴν
2466 977 2888 1049 ὲνσημαίνεσθαί
2916 996 2967 1031 τι
2995 979 3062 1048 τῇ
3100 978 3193 1045 γῇ.
3236 975 3294 1029 Ὀ
3342 975 3399 1028 δὲ
3435 974 3573 1027 λέων
3623 973 3907 1045 ἐρεύγεται

2336 1071 2436 1140 μὲν
2476 1069 2533 1122 ὲν
2573 1071 2687 1132 τοῖς
2724 1069 2875 1138 ὄρεσι
2914 1068 3104 1133 δεινὸν,
3151 1068 3245 1122 καὶ
3285 1066 3579 1138 διαὸριθὲς,
3620 1067 3717 1118 καὶ
3756 1065 3905 1134 βρον-

2331 1163 2398 1232 τῇ
2438 1160 2834 1231 παραπλήσιον,
2888 1161 2981 1214 καὶ
3047 1159 3447 1229 καταπλήττειν
3500 1153 3611 1211 οἷόν
3655 1174 3717 1210 τε
3770 1158 3893 1218 τοὺς

2331 1249 2730 1320 ἀκροωμένους.
2757 1250 2907 1303 Λέων
2940 1250 3077 1320 γάρ,
3124 1251 3309 1321 φησὶν,
3360 1248 3664 1319 ὲρεύξεται,
3693 1248 3795 1300 xui.
3832 1246 3908 1309 τίς

2332 1342 2395 1394 οὐ
2438 1340 2834 1411 φοϐηθήσεταιο
2871 1361 2887 1392 t
2926 1341 3136 1411 ἄμαχον
3185 1341 3241 1393 δὲ
3284 1339 3468 1409 ἔφοδον
3491 1338 3624 1410 ἔχει,
3654 1338 3756 1391 καὶ
3789 1338 3909 1405 σφό-

2333 1433 2434 1503 δρα
2460 1432 2783 1501 δυσάντητον
2809 1432 2906 1501 τὴν
2942 1432 3139 1502 ὁρμήν.
3168 1431 3230 1483 Εἰ
3260 1429 3317 1483 δὲ
3362 1429 3428 1499 δή
3467 1447 3517 1481 τι
3548 1428 3725 1490 λάϐοι,
3755 1426 3907 1478 τοῦτο

2334 1524 2581 1578 διόλωλεν
2640 1523 2820 1587 εὐθὺς,
2876 1524 2968 1577 καὶ
3019 1523 3118 1575 οὐκ
3178 1523 3245 1575 ἂν
3295 1520 3530 1587 ὲξέλοιτό
3581 1536 3666 1582 τις
3710 1518 3906 1570 τὸὲνει-

2335 1611 2677 1685 λημ[μ]ἐνον.
2705 1611 2827 1664 Ὅτι
2866 1611 2921 1663 δὲ
2968 1610 3152 1681 θηρίον
3187 1610 3280 1676 ὀξὺ
3322 1612 3351 1663 ὁ
3404 1609 3639 1678 πάνθηρ,
3673 1606 3907 1675 ἀφίπτα-

2336 1724 2425 1759 ται
2453 1706 2510 1759 δὲ
2542 1704 2751 1775 ὥσπερ,
2782 1703 2841 1756 τὸ
2878 1704 3131 1771 ὲπιτυχὸν
3172 1701 3423 1772 ἀρπάσας
3449 1714 3463 1730 ⁸
3508 1699 3819 1770 ἄθραυστον
3857 1696 3908 1748 δὲ

2338 1800 2548 1870 χρῆμα.
2576 1797 2668 1850 καὶ
2699 1795 2872 1859 ἀδεὲς,
2904 1794 2999 1847 καὶ
3028 1794 3357 1863 δυσάντητον
3385 1795 3413 1845 ὁ
3444 1792 3579 1845 λέων
3616 1789 3789 1853 ἐστὶν,
3820 1788 3910 1841 αὑ-

2340 1890 2431 1953 τὸς
2462 1888 2775 1961 παρέδειξεν
2824 1885 3092 1941 ἐπειπώνο
3133 1904 3151 1936 ι
3191 1885 3298 1938 Καὶ
3329 1882 3440 1953 ἐγὼ
3480 1883 3768 1953 ἀρπῶμαι,
3824 1882 3909 1934 καὶ

2341 1979 2699 2051 πορεύσομαι,
2733 1982 2826 2032 καὶ
2852 1978 3117 2048 λήψομαι,
3144 1978 3237 2029 καὶ⁴
3267 1977 3367 2030 οὐκ
3400 1977 3551 2030 ἔσται
3592 1973 3910 2043 ἐξαιρούμε-

2342 2090 2451 2137 νος.
2465 2093 2483 2124 ι
2504 2072 2876 2143 Ἀρμόζειγάρ
2887 2070 3044 2123 τοῦτο
3066 2071 3131 2140 τῇ
3149 2069 3378 2122 λεόντων
3398 2069 3558 2137 ἀλκῇο
3577 2066 3639 2119 τὸ
3662 2066 3742 2128 δὲ,
3757 2084 3776 2115 ι
3798 2064 3908 2133 ’Δρ-

2344 2167 2557 2237 πῶμαι,
2600 2166 2694 2219 καὶ
2720 2162 3078 2235 πορεύσομαι,
3120 2181 3135 2212 ο
3158 2160 3407 2232 δράσειεν
3440 2159 3506 2212 ἀν
3530 2160 3559 2210 ὁ
3587 2154 3909 2224 πάνθηρ,ὠς

2344 2254 2500 2325 ἔφην.
2529 2254 2656 2307 Ὀτι
2700 2252 2756 2305 δὲ
2797 2252 2891 2307 καὶ
2931 2251 3287 2320 ἀποφοιτήσει
3330 2248 3438 2301 τῶν
3480 2244 3907 2314 λελυπηκότωνό

2346 2348 2567 2420 Κύριος,
2596 2348 2688 2399 καὶ
2715 2344 2995 2415 μονονουχὶ
3032 2343 3279 2395 συστελεῖ
3303 2341 3404 2412 τὴν
3441 2338 3787 2411 ἐπικουρίαν,
3826 2336 3909 2390 καὶ

2345 2437 2707 2505 ἀποστερήσει
2725 2434 2785 2487 τὸ
2803 2433 3049 2503 εὐμενὲς,
3077 2432 3505 2503 διαμεμήνυκεν,
3528 2432 3722 2484 εἰπών·
3762 2448 3781 2479 ‹
3820 2429 3909 2480 Πο-

2350 2527 2633 2598 ρεύσομαι.
2664 2528 2757 2579 καὶ
2787 2525 3100 2597 ἐπιστρέψω
3134 2527 3215 2588 είς
3242 2525 3335 2578 τὸν
3373 2523 3539 2576 τόπον
3572 2539 3698 2592 μου,
3726 2521 3829 2583 ἕως
3853 2512 3907 2571 οὗ

2347 2617 2706 2688 ἁφανισθῶσι.
2733 2638 2750 2669 ι
2783 2617 2945 2686 Τόπῳ
2976 2618 3073 2687 μὲν
3095 2616 3204 2686 γὰρ
3232 2614 3614 2685 ἀπεριόριστον
3641 2608 3909 2669 παντελιῇ

2346 2712 2407 2764 τὸ
2429 2710 2583 2763 Θεῖόν
2616 2712 2731 2762 ἐστι
2749 2726 2763 2739 θ
2791 2710 3043 2781 παρεῖναι
3076 2707 3135 2761 δὲ
3161 2706 3382 2774 λέγεταί
3412 2720 3576 2767 τισιν,
3608 2704 3742 2755 ὅταν
3768 2697 3909 2770 χαρί-

2349 2802 2508 2872 ζηται
2540 2802 2639 2871 τὴν
2661 2801 2947 2869 εὐμένειαν
2968 2816 2983 2827 ·
3015 2799 3231 2852 ἀπεῖναι
3267 2796 3324 2848 δὲ
3353 2788 3420 2847 αὖ
3450 2792 3561 2846 τῶν
3600 2787 3909 2863 ὴμαρτηκό·

2347 2912 2474 2959 των,
2516 2895 2641 2947 ὅταν
2672 2893 2868 2955 αὐτοὺς
2898 2890 3329 2959 ἀποστρέφηται,
3378 2886 3473 2939 καὶ
3501 2884 3787 2952 ἀνακόπτη
3822 2882 3909 2948 τὴν

2349 2986 2682 3057 ἡμερότητα.
2728 2984 2983 3037 Λαλεῖται
3028 2984 3125 3051 μὲν
3165 2980 3273 3050 γάρ
3309 2976 3665 3049 ἀνθρωπίνως
3698 2974 3772 3027 τὰ
3798 2970 3909 3039 περὶ

2350 3076 2505 3136 Θεοῦ.
2531 3075 2729 3129 νοεῖταί
2756 3091 2818 3142 γε
2857 3074 2983 3145 μὴν,
3013 3073 3089 3136 ὡς
3114 3070 3180 3126 ἂν
3210 3069 3357 3139 αὑτῷ
3393 3068 3612 3138 πρέποι.

754 3148 819 3205 Et
877 3155 1139 3224 requirent
1194 3159 1384 3228 faciem
1443 3176 1613 3216 meam
1672 3178 1792 3217 cum
1838 3166 2032 3233 fuerint
2089 3169 2249 3221 tribu-

2427 3168 2536 3222 Καὶ
2564 3165 2990 3235 ὲπιζητήσουσι
3026 3164 3090 3219 τὸ
3119 3161 3446 3231 πρόσωπόν
3478 3177 3597 3229 μου
3628 3157 3778 3210 ὅταν
3806 3157 3912 3209 01t-

2355 3259 2560 3313 ϐῶσιν.

2426 3351 2545 3403 ΞΝ.
2605 3349 2723 3402 Ὅτι
2765 3346 2839 3418 μὴ
2880 3345 3003 3415 εξκῆ
3033 3346 3146 3408 τοῖς
3197 3342 3449 3414 ἀχάλινον
3487 3340 3701 3409 ἔχουσιν
3743 3336 3831 3390 ἐπὶ
3859 3333 3914 3385 τὲ

2356 3443 2552 3512 αἰσχίω
2595 3440 2691 3510 τὴν
2727 3438 2919 3511 ῥοπὴν,
2975 3438 3067 3491 καὶ
3112 3438 3225 3498 τοῖς
3272 3433 3669 3502 ἀκαταλὴκτως
3719 3427 3912 3481 εἰωθόσι

2359 3534 2698 3605 πλημμελεῖν
2726 3531 3049 3601 ἐπιφέρεται
3072 3527 3328 3590 πολλάκι..
3351 3524 3501 3597 παρὰ
3517 3522 3652 3576 Θεοῦ
3672 3522 3745 3575 τὰ
3764 3518 3911 3581 δεινὰ,

2360 3626 2495 3695 πρὸς
2529 3624 2793 3693 ὠφελείας
2825 3623 2882 3676 δὲ
2914 3621 3132 3691 μᾶλλον,
3159 3620 3253 3672 καὶ
3281 3619 3355 3680 ὡς
3381 3620 3438 3669 ὲν
3470 3618 3703 3685 ἰάματος
3724 3612 3910 3682 τρόπῳ.

2360 3719 2600 3774 διδάσκει
2634 3716 2815 3768 πάλιν.
2842 3716 2905 3767 Οἱ
2936 3711 3046 3782 γὰρ
3084 3712 3183 3779 τῆς
3231 3708 3378 3771 θείας
3409 3705 3751 3778 ἡμερότητος
3777 3717 3913 3754 καταε

2362 3807 2648 3881 φρονηταὶ,
2684 3807 2780 3859 καὶ
2807 3803 3138 3875 ἠγνοηκότες
3163 3804 3243 3856 ότι
3268 3799 3424 3853 καλεῖ
3458 3797 3593 3869 πρὸς
3654 3794 3911 3865 μετάγνω·

2364 3920 2448 3955 σιν
2480 3900 2539 3953 τὸ
2566 3900 2664 3970 τῆς
2695 3897 3045 3964 ἀνεξικακίας
3077 3892 3327 3965 μέγεθος,
3350 3890 3458 3944 τῶν
3486 3889 3545 3953 ἐξ
3574 3889 3748 3958 ὀργῆς
3782 3900 3913 3949 κινη-

2367 3994 2551 4064 μάτων
2609 3992 2670 4045 οὒ
2732 3988 3073 4061 περιέσονταί
3116 3986 3280 4040 ποθεν
3325 4001 3338 4014 ·
3376 3981 3831 4054 περιθραυόμενοι
3871 3973 3914 4023 δὲ

2369 4085 2567 4157 μᾶλλον
2610 4085 2677 4154 τῇ
2718 4082 2816 4154 τῆς
2869 4080 3155 4149 συμφορᾶς
3203 4075 3510 4146 ἀγριότητι,
3558 4071 3621 4124 τὸ
3663 4065 3916 4139 συμφέρον

2367 4156 2785 4245 ἑπιγινώσκουσι
2803 4191 2815 4202 ·
2848 4174 2942 4227 καὶ
2962 4173 3055 4236 οὓς
3074 4170 3227 4225 οὐδὲν
3250 4169 3458 4238 ὤνησεν
3478 4166 3513 4236 ἡ
3538 4156 3913 4231 φιλανθρωπία,

2368 4270 2503 4341 πρὸς
2539 4269 2639 4339 τὴν
2668 4267 2759 4321 τοῦ
2798 4265 3167 4335 συμφέροντος
3197 4261 3462 4332 ἀποφέρει
3482 4255 3686 4327 γνῶσιν
3720 4252 3778 4306 τὸ
3805 4264 3915 4302 κατ’

2367 4359 2691 4426 αικίζεσθαι.
2738 4356 2838 4412 “Ov
2884 4356 2992 4426 γάρ
3050 4354 3250 4426 τρόπον
3292 4352 3360 4405 τὰ
3414 4353 3471 4403 ὲν
3517 4351 3630 4412 τοῖς
3694 4345 3914 4416 σώμασιν

2370 4454 2717 4525 ἀγριαίνοντα
2747 4450 2857 4503 τῶν
2882 4447 3087 4509 παθῶν,
3113 4446 3207 4499 καὶ
3231 4447 3330 4500 ὅσα
3362 4443 3436 4514 μὴ
3461 4444 3574 4505 τοῖς
3594 4440 3781 4509 ὴπίοις
3803 4434 3916 4525 είκει

689 4525 903 4589 eodem,
931 4525 1142 4595 opinor,
1181 4529 1339 4583 modo
1364 4544 1428 4585 ac
1462 4530 1673 4585 ratione
1705 4532 1984 4592 animabus
2015 4532 2249 4589 humani:

2374 4521 2703 4614 φαρμάκοις,
2736 4540 2869 4611 πυρὶ
2888 4539 2980 4593 καὶ
3007 4538 3207 4609 σιδήρῳ
3237 4535 3452 4587 νικᾶται
3479 4530 3740 4590 πολλάκις
3763 4545 3776 4559 ·
3801 4521 3917 4579 κατὰ

690 4612 913 4671 allectus
953 4631 1046 4672 seu
1087 4618 1214 4672 vitia
1255 4620 1625 4689 contiugentia
1669 4622 1771 4677 nisi
1812 4624 2032 4680 mitibus
2080 4626 2261 4682 verbis

690 4709 904 4773 cedant,
924 4719 977 4763 et
1010 4712 1256 4778 prudenti
1290 4713 1702 4770 ratiocinatione
1724 4716 2029 4784 vincantur,
2058 4717 2260 4775 labori-

692 4802 813 4863 bus,
835 4811 890 4856 et
921 4802 1169 4874 ﬂagellis,
1194 4815 1249 4860 et
1282 4808 1439 4862 saevis
1471 4808 1869 4863 calamitatibus
1898 4811 2259 4880 depelluntur.

692 4890 1061 4950 Trilmlatione
1100 4897 1265 4964 igitur
1305 4902 1502 4966 pressi,
1535 4910 1647 4956 tum
1678 4902 1765 4956 vix
1804 4902 2038 4969 tandem,
2069 4905 2263 4975 inquit,

700 5000 718 5033 ‹
740 4982 932 5039 faciem
975 5003 1150 5043 meam
1184 4991 1480 5059 requirent.
1508 5011 1526 5044 ι
1562 4993 1695 5047 Cum
1731 4994 1876 5048 enim
1916 4995 2052 5048 bona
2084 4996 2134 5049 in
2174 5011 2267 5065 po-

696 5084 888 5129 testate
926 5090 1071 5145 sunt,
1098 5082 1340 5138 homines
1378 5083 1748 5153 imprudentes
1786 5087 1916 5155 ipsis
1959 5088 2151 5156 gaudia
2183 5089 2267 5143 fa-

695 5166 925 5223 cientem
958 5187 1063 5225 non
1093 5175 1321 5228 multum
1350 5176 1645 5231 curant.At
1673 5177 1717 5230 si
1745 5177 2272 5245 optatissimisexua-

698 5274 842 5325 mur,
869 5269 979 5316 tum
1015 5279 1144 5319 vero
1177 5267 1353 5322 acrius
1388 5281 1451 5322 ea
1485 5268 1872 5333 desiderantes,
1899 5283 2118 5324 sensum
2153 5286 2267 5325 mo-

699 5351 873 5409 lestia:
921 5356 1291 5414 incredibilem
1364 5368 1418 5415 et
1472 5360 1913 5416 inconsolabilem
1966 5363 2266 5418 haurimus.

706 5446 883 5501 «Cum
912 5449 1093 5519 itaque
1139 5452 1376 5508 tribulati
1428 5451 1645 5518 fuerint,
1678 5461 1805 5509 tunc
1860 5453 2052 5510 faciem
2098 5472 2272 5512 meam

705 5542 997 5609 requirent.
1034 5562 1053 5595 ι

2376 4637 2467 4690 τὸν
2496 4631 2629 4698 ἴσον,
2665 4629 2837 4702 οἶμαι,
2866 4630 3063 4701 τρόπον
3092 4644 3151 4681 τε
3195 4627 3289 4681 καὶ
3320 4623 3500 4693 λόγον,
3532 4622 3628 4676 καὶ
3652 4621 3723 4674 τὰ
3742 4622 3796 4674 ὲν
3820 4614 3915 4675 ταῖς

2377 4725 2743 4799 ἀνθρωπίναις
2792 4722 2992 4791 ψυχαῖς
3054 4716 3514 4788 ὲπισυμὸαίνοντα
3558 4712 3730 4783 πάθη,
3772 4710 3815 4763 εί
3856 4703 3915 4802 illi

2378 4818 2632 4887 χρηστοῖς
2680 4813 2891 4868 ὑπείκει
2923 4811 3121 4878 λόγοις,
3166 4807 3301 4879 μηδὲ
3344 4801 3587 4874 λογισμῷ
3622 4803 3830 4855 νικᾶται
3855 4801 3915 4860 τῷ

2381 4909 2651 4980 σώφρονι,
2705 4905 2851 4975 πόνῳ
2900 4902 2993 4957 καὶ
3042 4901 3267 4970 μάστιγι
3323 4897 3419 4951 καὶ
3461 4897 3581 4992 ταῖς
3628 4890 3916 4992 ἀνηκέστξις

2382 4998 2769 5073 παραχωροῦσι
2822 4996 3145 5067 συμφοραῖς.
3205 4988 3654 5060 Ἐκτεθλιμμένοι
3712 4984 3774 5054 δὴ
3824 4984 3914 5073 οξνν

2373 5066 2491 5145 τότε
2608 5066 2780 5154 μόλις,
2806 5087 2961 5157 φησὶ,
3007 5104 3025 5134 ι
3056 5083 3130 5136 Τὸ
3161 5081 3295 5151 ἐμὸν
3334 5079 3744 5175 ἐπιζητήσουσι
3762 5066 3916 5175 ,πρόες

2372 5200 2539 5236 ωπον.
2571 5201 2590 5232 ι
2650 5180 2931 5247 Κειμένων
2966 5176 3076 5246 γὰρ
3102 5177 3161 5229 ὲν
3205 5172 3425 5243 ἐξουσίᾳ
3464 5169 3574 5223 τῶν
3608 5166 3912 5247 ἀγαθῶν,ῗοῡ

2374 5273 2544 5344 πολλὴ
2581 5273 2692 5333 τοῖς
2742 5268 3018 5330 ἀσυνέτοις
3047 5266 3080 5335 ἡ
3110 5262 3204 5317 τοῦ
3238 5257 3727 5356 κατευφραίνοντος

2378 5382 2481 5429 σις.
2510 5336 2575 5417 Ἑξὶ
2600 5362 2655 5414 δὲ
2681 5360 2746 5430 δὴ
2764 5359 2869 5412 τῶν
2892 5356 3064 5418 οὕτως
3097 5352 3495 5407 εὐκταιοτάτων
3526 5336 3913 5443 ἀποστερεῖσθαέ

2383 5421 2688 5525 συμϐαίνοι,
2727 5421 2850 5503 τότε
2897 5448 2961 5518 δὴ
3018 5446 3252 5516 μάλιστα
3299 5441 3648 5515 δριμυτέραις
3686 5435 3767 5489 ἐπ’

2380 5515 2499 5610 ταῖς
2538 5515 2853 5613 ἐπιθυμίαις
2895 5515 3188 5611 ἐρχόμεθα.
3237 5531 3605 5605 Εἰσδεχόμεθα
3642 5529 3699 5582 δὲ
3750 5515 3915 5613 ’πολλῂν

712 5635 805 5689 καὶ
844 5634 1246 5703 ἀνταγώνιστον
1275 5633 1369 5688 τοῦ
1428 5634 1724 5701 λυποῦντος
1784 5638 1881 5709 τὴν
1926 5638 2197 5711 αἴσθησιν.
2242 5640 2407 5693 «Ὅτε
2438 5638 2613 5692 τοίνυν
2670 5634 2913 5696 ansam,
2983 5630 3104 5683 τότε
3153 5629 3213 5683 τὸ
3264 5626 3394 5698 ἐμὸν
3448 5624 3737 5694 ζητήσουσι
3782 5605 3897 5679 πράο

707 5742 877 5778 ωπον.
911 5743 928 5776 ι

780 5820 825 5850 ⁶⁰
860 5818 1043 5885 Λιιιος,
1071 5832 1151 5883 tn,
1182 5819 1233 5873 8.
1310 5819 1349 5849 ⁶¹
1385 5819 1537 5873 mn...
1573 5820 1686 5884 ",3
1716 5834 1832 5888 sqq.
