4094 6548
220 426 330 482 361

1158 419 1716 477 COMMENTARIUS
1754 419 1823 475 IN
1862 418 2096 476 OSEAM
2137 418 2577 476 PROPIIETAM.

3404 421 3507 478 16"!

304 536 497 587 Ἐοικε
516 534 573 586 δὲ
606 536 639 593 ὀ,
667 534 823 602 λόγος
849 535 1175 607 εύαφόρμως
1203 538 1500 607 άναφοιτᾷν
1524 537 1618 588 ἐπὶ⁸
1641 536 1702 588 τὸ
1725 534 1819 587 τοῦ

2004 534 2226 590 Videtur
2252 550 2433 589 sermo
2454 535 2831 604 percommode
2862 532 2928 589 ad
2950 531 3151 589 Christi
3183 534 3501 605 mysterium

218 625 476 697 Χριστοῦ
508 628 825 696 μυστήριον,
860 628 955 680 καὶ
988 628 1085 697 τὴν
1122 628 1191 681 δι’
1209 628 1377 681 αὑτοῦ
1418 628 1686 699 λύτρωσίν
1756 644 1814 681 τε

221 719 331 771 καὶ
368 717 504 787 πρὸς
528 717 663 770 Θεὸν
691 719 1029 790 ἐπιστροφὴν
1057 716 1116 774 εὖ
1144 720 1291 791 μάλα
1335 719 1704 790 παραδηλοῦν.
1746 718 1821 771 Τὸ

222 808 345 877 γὰρ
369 807 699 877 ζητούμενον
718 809 812 861 τοῦ
838 810 976 863 Θεοῦ
995 812 1307 881 πρόσωπον,
1342 811 1503 873 αὐτὸς
1528 810 1595 864 ἂν
1624 810 1817 868 νοοῖτο.

224 900 331 953 καὶ
379 899 583 971 σφόδρα
623 901 871 966 εἰκότως,
906 903 936 955 6
962 903 1111 969 Υἱὸς,
1149 922 1167 955 ι
1206 904 1305 966 '0;
1326 904 1473 956 ἐστιν
1504 901 1687 965 εἰκὼν,
1727 902 1821 954 καὶ

224 990 602 1060 ἀπαύγασμα,
660 991 755 1043 καὶ
814 995 1104 1064 χαρακτὴρ
1160 994 1258 1063 τῆς
1314 992 1665 1055 ὑποστάσεως
1724 990 1820 1045 τοῦ

232 1082 477 1153 Πατρός.
542 1100 560 1135 t
606 1084 905 1154 Πρόσωπον
950 1082 1045 1140 οὖν
1087 1086 1149 1139 τὸ
1193 1085 1392 1156 ἀληθὲς
1428 1085 1521 1140 τοῦ
1560 1084 1696 1139 Θεοῦ
1726 1086 1822 1138 καὶ

240 1172 484 1243 Πατρός,
513 1175 542 1226 6
580 1172 706 1237 Υἱὸς
730 1212 745 1239 ,
778 1174 936 1246 εἴπερ
983 1178 1041 1229 ὲν
1070 1176 1220 1246 αὐτῷ
1254 1176 1614 1245 γινώσκεται,
1653 1194 1672 1227 ι
1710 1176 1822 1230 Καὶ

238 1264 506 1334 ἑωρακὼς
535 1266 718 1332 αὑτὸν,
748 1266 960 1336 ἑώρακε
985 1267 1075 1321 τὸν
1106 1270 1344 1339 Πατέρα.
1379 1288 1397 1322 ι
1442 1269 1631 1333 Οὕτως
1659 1268 1821 1322 αὐτὸν

236 1355 495 1427 ὀνομάζει
524 1360 552 1411 6
580 1358 865 1422 Θεσπέσιος
913 1360 1185 1431 Μελῳδὺς,
1240 1362 1376 1433 πρὸς
1427 1361 1517 1416 τὸν
1553 1361 1663 1415 τῶν
1687 1362 1822 1415 ὅλων

237 1448 378 1501 θεὸν
410 1450 808 1520 ἀνακεκραγώς
866 1467 927 1503 τε
971 1452 1064 1504 καὶ
1093 1452 1295 1521 λέγων’
1353 1471 1372 1505 r
1414 1453 1489 1505 T6
1530 1453 1821 1524 πρόσωπόν

239 1555 337 1592 σου
366 1540 628 1608 ἑπίφανον
674 1542 765 1593 ἐπὶ
798 1542 891 1595 τὸν
922 1543 1107 1597 δοῦλόν
1143 1560 1258 1599 σου.
1302 1564 1320 1596 ι
1355 1545 1465 1598 Καὶ
1502 1545 1609 1616 μὴν
1631 1544 1724 1598 καὶ
1747 1544 1823 1607 ὡς

240 1632 309 1684 ὲκ
330 1630 623 1702 προσώπου
664 1632 774 1685 τῶν
803 1635 1247 1689 πεπιστευκότων
1266 1677 1281 1701 ,
1322 1636 1417 1689 καὶ
1450 1634 1823 1707 μεμορφωμέ-

238 1743 350 1779 νων
382 1726 484 1795 ήδη
505 1726 642 1796 πρὸς
664 1726 755 1780 τὸν
784 1727 911 1781 Υίὸν
931 1729 1019 1783 διὰ
1042 1729 1180 1782 [Ινεύ
1190 1747 1379 1800 ματος,
1413 1748 1432 1781 ι
1479 1728 1821 1799 Ἐσημειώθη

240 1817 329 1884 ἐφ’
362 1818 511 1887 ἡμᾶς
535 1816 596 1869 τδ
632 1817 747 1886 φῶς
782 1817 877 1871 τοῦ
915 1819 1211 1889 προσώπου
1251 1838 1368 1887 σου,
1414 1820 1610 1891 Κύριε.
1656 1837 1675 1870 ι
1736 1820 1823 1883 Ὠς

240 1908 353 1978 γάρ
382 1924 547 1977 φησιν
574 1909 603 1961 6
632 1910 942 1982 προφήτης,
969 1928 987 1961 ι
1022 1911 1142 1975 Φῶς
1174 1911 1467 1983 προσώπου
1489 1910 1666 1983 ήμῶν,
1695 1912 1827 1982 Χρι-
1855 1915 1899 1972 Β

242 2000 369 2065 στδς
395 2000 620 2072 Κύριος.
657 2021 678 2055 ι

824 2139 1076 2194 ΚΕΦΑΛ.
1134 2143 1225 2208 εῖν.

328 2246 661 2315 Ὀρθριοῦσι
708 2249 857 2317 πρός
900 2268 998 2320 με,
1052 2252 1337 2320 λέγοντες
1362 2268 1377 2283 ο
1416 2252 1822 2323 ΠορευΟῶμεν,

241 2337 343 2390 καί
371 2338 827 2409 ἐπιστρέψωμεν
870 2343 1029 2409 πρὸς
1053 2346 1274 2409 Κύριον
1299 2345 1403 2398 τὸν
1446 2346 1593 2398 Θεὸν
1631 2346 1821 2412 ἡμῶν,

243 2427 334 2481 ὅτι
361 2428 544 2495 αὐτὸς
578 2429 869 2497 ἥρπακεν,
902 2432 1000 2484 καὶ
1056 2432 1284 2487 ἰάσεται
1332 2432 1510 2503 ἡμᾶς,
1551 2435 1821 2500 πατάξω,

242 2520 340 2573 καί
382 2520 642 2588 μοτώσει
681 2520 841 2589 ἡμᾶς
864 2538 878 2551 ·
912 2523 1145 2591 drideret
1186 2524 1342 2593 ἡμᾶς
1374 2527 1526 2594 μετὰ
1550 2526 1660 2580 δύο
1691 2527 1825 2597 ἠμέ-

239 2628 351 2678 ρας
369 2626 381 2639 ε
409 2611 480 2663 ἐν
495 2610 685 2679 ἡμέρᾳ
708 2611 781 2680 τῇ
802 2614 969 2684 τρίτῃ
996 2614 1551 2683 ἐξαναστησόμεθα,
1592 2618 1689 2670 καὶ
1727 2618 1823 2688 ζη-

241 2704 468 2771 σόμεθα
494 2703 751 2756 ἐνώπιον
812 2706 1019 2769 αὑτοῦ,
1072 2706 1168 2759 καὶ
1204 2709 1552 2777 γνωσόμεθα
1575 2725 1586 2736 ·
1611 2710 1822 2775 Διώξο-

237 2812 355 2862 μεν
382 2794 488 2848 τοῦ
531 2792 752 2864 γνῶναι
780 2795 889 2848 τόν
914 2798 1157 2864 Κύριον.
1199 2799 1296 2864 Ὠς
1332 2799 1547 2867 ὄρθρον
1586 2800 1825 2870 ἕτοιμον

241 2882 579 2952 εὑρήσομεν
616 2882 824 2948 αὐτὸν,
856 2884 955 2938 καὶ
980 2885 1113 2953 ἣξει
1143 2888 1225 2953 ὡς
1248 2889 1421 2953 ὑετὸς
1456 2890 1603 2958 ἡμῖν
1645 2891 1820 2958 πρώτ-

236 2992 355 3043 μος
371 2994 470 3030 και
497 2976 716 3044 ὄψιμος
748 2975 847 3046 γῆ-

312 3090 429 3144 ΞΒ¹.
470 3090 543 3144 Τὸ
598 3092 995 3163 ιόρθριοῦσινι
1052 3094 1111 3146 ὲν
1165 3092 1377 3156 τούτοις
1426 3094 1821 3166 ὑποσημαίνειν

242 3179 440 3246 ἔοικεν,
491 3182 571 3235 ὅτι
624 3183 878 3253 καθάπερ
933 3183 993 3248 ἐξ
1047 3182 1217 3237 ὕπνου
1262 3184 1673 3258 διεγηγερμένοι
1719 3188 1821 3258 τῆς

241 3273 468 3344 ἐνούσης
493 3274 749 3339 ἀϐουλίας
781 3276 987 3341 αὐτοῖς,
1024 3278 1119 3329 καὶ
1153 3278 1433 3341 οἱονείπως
1472 3279 1584 3331 ἀπὸ
1632 3279 1821 3343 νυκτὸς

241 3368 336 3421 καὶ
358 3368 582 3431 σκότους
609 3369 962 3439 ὲνηνεγμένοι
988 3368 1173 3421 λοιπὸν
1197 3371 1277 3432 είς
1305 3370 1420 3438 φῶς
1451 3370 1543 3422 καὶ
1588 3371 1821 3441 ἡμέραν,

241 3459 627 3529 προτροπάδην
666 3459 915 3525 ἀλλήλοις
951 3461 1408 3529 ἑπιφωνήσουσιν,
1444 3461 1525 3514 ὅτι
1558 3464 1823 3532 προσήκει

240 3550 426 3604 λοιπὸν
455 3551 805 3622 ἐπιστρέφειν
845 3550 982 3622 πρὸς
1022 3552 1248 3623 Κύριον.
1289 3552 1580 3623 Ἀνάνηψις
1608 3552 1662 3605 δὲ
1684 3552 1821 3625 αὕτη

240 3641 350 3694 τῶν
383 3643 463 3704 είς
491 3642 711 3710 ἀπάτην
739 3640 1147 3713 ώλισθηκότων,
1177 3642 1274 3694 καὶ
1300 3643 1421 3705 ταῖς
1456 3643 1563 3694 τῶν
1591 3641 1823 3697 εἰδώλων

239 3731 517 3802 λατρείαις
553 3733 1005 3806 ἐνειλημ[μ]ένων
1023 3775 1035 3787 .
1065 3733 1299 3804 Νήψεως
1321 3734 1430 3805 γὰρ
1459 3734 1558 3804 ήδη
1583 3733 1814 3805 καρπὸς,

241 3824 306 3879 τὸ
336 3825 531 3895 ἀχλύος
568 3826 666 3896 μὲν
705 3825 811 3892 ἔξω
860 3825 1113 3894 γενέσθαι
1148 3824 1351 3895 ζητεῖν,
1393 3825 1495 3895 τῆς
1531 3824 1819 3896 δαιμονιώ-

239 3916 363 3979 δους
395 3915 635 3986 δηλονότι
659 3932 674 3947 ο
702 3914 845 3984 φωτὶ
871 3914 928 3968 δὲ
953 3913 1141 3985 ὥσπερ
1178 3913 1257 3984 τῷ
1284 3914 1412 3985 θείῳ
1438 3915 1624 3968 λοιπὸν
1654 3918 1821 3986 ἐκμε-

231 4006 649 4082 μεστωμένους,
677 4005 823 4077 ὀρθῷ
856 4005 1095 4077 διᾴττειν
1127 4006 1313 4076 σκοπῷ
1354 4006 1491 4079 πρὸς
1528 4007 1821 4076 ἐπίγνωσιν

235 4098 335 4153 τοῦ
364 4098 522 4168 φύσει
553 4116 615 4151 τε
661 4098 755 4151 καὶ
782 4097 998 4169 ἀληθῶς
1018 4097 1155 4151 Θεοῦ
1193 4098 1289 4152 καὶ
1317 4099 1619 4161 Δεσπότου,
1643 4102 1820 4153 καίτοι

234 4193 406 4247 πάλαι
442 4192 852 4261 διακειμένους,
911 4193 992 4245 δτι
1031 4192 1145 4245 θεοὶ
1189 4192 1284 4246 καὶ
1322 4190 1499 4263 κύριοι
1538 4191 1680 4246 κατά
1726 4193 1819 4247 τὸν

236 4285 444 4353 κόσμον
490 4286 628 4337 εἰσιν
659 4301 672 4315 ·
708 4285 784 4349 ὡς
834 4285 914 4347 είς
938 4284 1097 4337 τοῦτο
1118 4281 1438 4337 καθικέσθαι
1474 4283 1815 4346 δυσϐουλίας,

236 4376 381 4429 ὥστε
410 4375 500 4429 καὶ
530 4374 611 4444 τῷ
642 4373 785 4446 ξύλῳ
832 4375 1032 4444 λέγειν’
1090 4392 1109 4425 ι
1139 4374 1331 4444 Πατήρ
1364 4391 1466 4444 μου
1508 4368 1560 4426 εἴ
1588 4372 1652 4426 σύ
1674 4390 1692 4410 ο
1723 4375 1818 4429 καὶ

229 4466 316 4537 τῷ
345 4466 495 4537 λίθῳ,
528 4467 603 4520 Σὺ
639 4465 972 4535 ὲγγὲννησάς
1013 4481 1136 4535 με.)
1192 4463 1474 4535 Ἐπιμένει
1512 4466 1568 4517 δὲ
1600 4466 1628 4517 6
1656 4464 1811 4533 λόγος

224 4560 302 4627 τῇ
350 4558 547 4627 τροπῇ.
618 4556 727 4609 Θέα
776 4557 885 4625 γὰρ
938 4556 1088 4618 ὃπως
1135 4553 1385 4623 καθάπερ
1436 4554 1528 4606 ἐπὶ
1576 4552 1808 4618 λέοντος,
1842 4597 1886 4653 D

224 4652 405 4719 ἤγουν
434 4649 620 4718 ἑτέρου
650 4648 865 4718 θηρίου,
897 4646 1029 4716 φασί
1073 4646 1153 4710 τὸ,
1194 4665 1212 4697 ι
1232 4644 1402 4708 Αὐτὸς
1434 4646 1672 4716 ἥρπασε,
1717 4647 1811 4699 καὶ

228 4742 447 4794 ἰάσεται
506 4740 673 4810 ἡμᾶς.
704 4758 722 4790 ι
776 4738 993 4809 Ἐπειδὴ
1039 4738 1147 4808 γὰρ
1207 4736 1437 4806 ἔφασκε,
1506 4738 1650 4789 «Καὶ
1698 4736 1812 4804 ἐγὼ

224 4832 429 4901 ἔσομαι
453 4831 526 4895 ώς
548 4830 764 4901 πάνθηρ
786 4829 865 4900 τῷ
904 4829 1160 4900 Ἐφραῖμ,
1191 4828 1286 4881 καὶ
1317 4827 1391 4891 ὡς
1419 4827 1555 4881 λέων
1579 4827 1655 4897 τῷ
1679 4828 1812 4898 οἴκῳ

240 4922 437 4987 Ἰούδα,
472 4923 566 4976 καὶ
596 4921 707 4989 ἐγὼ
749 4922 1034 4993 ἁρπῶμαι,
1063 4921 1155 4973 καὶ
1187 4920 1544 4991 πορεύσομαι,
1584 4920 1675 4973 καὶ
1712 4919 1811 4973 οὐκ

225 5014 386 5067 ἔσται
426 5014 455 5066 6
496 5013 897 5085 ἐξαιρούμενος,
921 5032 939 5063 ι
978 5013 1314 5083 τετηρήκασι
1359 5015 1459 5083 τῆς
1499 5013 1811 5083 μεταφορᾶς

222 5104 293 5158 τὸ
318 5105 521 5174 σχῆμα,
551 5106 643 5157 καί
678 5122 861 5173 φασιν,
877 5105 960 5157 ὅτι
991 5103 1319 5175 θεραπεύσει
1339 5104 1555 5166 πάντως
1580 5104 1609 5156 6
1639 5104 1808 5175 άρπάο

224 5210 350 5257 σας.
388 5194 597 5264 Ὠσπερ
626 5194 734 5265 γάρ
781 5194 1088 5263 λελύπηκεν
1130 5196 1163 5264 ἡ
1217 5193 1376 5265 ὀργὴ,
1422 5196 1805 5264 κατευφραίνει

222 5302 330 5338 που
360 5285 574 5348 πάντως
603 5288 728 5349 τοὺς
770 5285 1106 5348 πεπονθότας
1138 5284 1206 5337 τά
1237 5286 1303 5338 ὲκ
1342 5285 1440 5355 τῆς
1469 5286 1807 5355 ἡμερότητος

1923 627 2121 691 redire,
2151 636 2207 679 et
2236 625 2661 694 redemptionem
2704 640 2798 693 per
2819 624 2995 690 illum,
3024 635 3186 695 atque
3228 625 3296 680 ad
3334 624 3501 681 Deum

1922 718 2333 771 conversionem
2360 728 2526 785 prope
2560 714 2848 768 admodum
2876 714 3206 786 signiﬁcare.
3239 713 3375 770 Nam
3421 714 3503 769 fa-

1920 810 2033 864 cies
2057 808 2149 863 Dei
2186 822 2307 879 qua:
2344 809 2672 877 requiretur,
2702 808 2817 876 ipse
2853 805 3023 862 Filius
3061 808 3503 863 commodissime

1921 900 2150 970 intelligi
2175 911 2359 969 queat,
2398 917 2417 951 ι
2447 898 2539 970 qui
2575 907 2660 954 est
2708 900 2909 970 imago,
2938 907 2994 955 et
3036 898 3311 969 splendor,
3346 908 3401 955 et
3440 900 3504 954 ii-

1922 1008 2054 1058 gura
2082 993 2401 1047 substantia:
2429 992 2604 1047 Patris
2625 993 2692 1048 “.
2722 1010 2741 1044 ι
2776 991 2914 1047 Vera
2938 992 3103 1061 igitur
3136 990 3304 1047 facies
3335 993 3428 1048 Dei
3447 1001 3504 1047 et

1922 1084 2119 1151 Patris,
2146 1085 2318 1139 Filius
2345 1102 2359 1139 :
2386 1083 2653 1154 siquidem
2682 1083 2734 1138 in
2772 1098 2838 1138 eo
2865 1084 3230 1153 cognoscitur.
3273 1101 3292 1135 ι
3325 1093 3380 1139 ει
3409 1083 3504 1151 qui

1922 1177 2055 1231 vidit
2089 1177 2455 1247 ipsum,.vidit
2479 1186 2533 1233 et
2565 1175 2864 1231 Patrem".
2895 1194 2916 1227 ι
2945 1176 3061 1242 Quo
3096 1175 3314 1231 nomine
3342 1184 3396 1230 et
3424 1176 3505 1229 di-

1922 1269 2078 1322 vinus
2124 1266 2327 1322 Cantor
2373 1279 2497 1321 eum
2543 1264 2797 1334 appellat,
2829 1265 2897 1319 ad
2927 1266 3299 1321 universorum
3335 1264 3503 1319 Deum

1922 1355 2187 1418 ciamans.
2216 1365 2271 1409 et
2319 1356 2540 1410 dicens:
2573 1371 2593 1405 ι
2619 1354 2835 1408 Faciem
2876 1362 3023 1408 tuam
3059 1353 3304 1409 illumina
3342 1368 3507 1422 super

1922 1462 2137 1503 servum
2195 1458 2344 1501 tuum
2371 1447 2436 1501 “.
2466 1467 2484 1500 ι
2519 1445 2659 1514 Quin
2696 1446 2859 1500 etiam
2889 1456 2949 1500 ut
2980 1461 3046 1501 ex
3090 1460 3319 1515 persona
3370 1444 3502 1500 iide-

1923 1538 2077 1603 lium,
2115 1549 2291 1609 et.per
2322 1539 2583 1609 Spiritum
2609 1539 2722 1609 jam
2761 1539 2826 1593 ad
2860 1537 3053 1593 Filium
3091 1536 3502 1592 transformam-

1924 1647 2064 1697 rum,
2101 1649 2121 1681 ι
2145 1631 2427 1701 Signatum
2455 1642 2558 1698 est,
2589 1632 2782 1701 inquit,
2812 1646 2975 1702 super
3000 1644 3099 1685 nos
3120 1629 3297 1683 lumen
3323 1628 3505 1684 vultus

1926 1721 2023 1787 tui,
2060 1721 2374 1787 Domine".
2403 1741 2421 1775 ι
2478 1721 2547 1777 Ut
2588 1723 2730 1778 enim
2784 1723 2861 1777 ait
2898 1721 3156 1791 propheta
3187 1736 3205 1777 :
3252 1738 3272 1773 ι
3297 1720 3504 1776 Lumen

1924 1810 2080 1867 faciei
2111 1822 2309 1868 nostra:
2337 1812 2588 1870 Christus
2621 1811 2881 1869 Dominus
2905 1812 2972 1867 ⁸⁵.
3000 1830 3021 1865 ι

2574 2119 2727 2177 CAP.
2764 2118 2852 2176 Vl.

1996 2254 2160 2311 Vsus.
2211 2254 2327 2309 1-5.
2364 2253 2705 2309 Μαηῖσοὺιιηι
2740 2256 2810 2308 ad
2855 2272 2936 2309 me
2974 2254 3243 2312 dicentes:
3274 2254 3498 2322 Eamus,

1923 2358 1971 2402 et
2005 2357 2330 2402 revertantur
2352 2350 2419 2401 ad
2454 2348 2735 2401 Dominum
2764 2348 2927 2402 Deum
2953 2359 3211 2414 nostrum,
3232 2352 3357 2419 quia
3392 2352 3502 2420 ipse

1924 2442 2120 2505 rapuit,
2146 2449 2195 2493 et
2250 2439 2455 2494 sanabit
2503 2457 2617 2504 nos,
2653 2440 2922 2508 percutiet,
2963 2453 3009 2495 et
3059 2444 3211 2511 quasi
3259 2443 3501 2511 penicillo

1924 2532 2218 2585 vulnerario
2252 2532 2419 2585 indito
2445 2534 2649 2585 curabit
2680 2550 2810 2597 nos;
2848 2534 3054 2586 sanabit
3098 2551 3189 2587 nos
3219 2542 3333 2601 post
3367 2536 3502 2589 duos

1924 2623 2065 2687 dies;
2097 2624 2150 2676 in
2180 2623 2264 2676 die
2286 2624 2442 2677 tertia
2475 2640 2824 2693 resurgemus,
2850 2634 2897 2679 et
2927 2626 3152 2678 vivemus
3182 2624 3290 2696 95
3323 2642 3500 2680 coram

1922 2729 2002 2777 eo,
2052 2722 2103 2767 et
2150 2730 2535 2782 cognoscemus.
2588 2711 2987 2783 Perseqnemur,
3030 2726 3087 2768 ut
3131 2733 3502 2785 cognoscamus

1925 2802 2227 2856 Dominum.
2263 2804 2429 2869 Quasi
2460 2821 2611 2858 mane
2644 2817 2889 2872 paratum
2927 2807 3245 2862 inveniemus
3286 2824 3425 2875 eum,
3455 2821 3503 2863 et

1922 2896 2086 2948 veniet
2110 2904 2163 2948 ut
2187 2895 2361 2964 pluvia
2385 2895 2530 2949 nobis
2562 2896 2861 2965 tempestiva
2895 2906 2944 2950 et
2962 2899 3192 2951 serotina
3219 2908 3394 2954 terrm.

1994 3090 2153 3146 LXII.
2192 3112 2209 3143 ι
2252 3092 2409 3147 Mane
2438 3103 2768 3163 consurgent
2812 3114 2831 3147 ι
2871 3094 2973 3149 hoc
3013 3097 3133 3150 loco
3171 3096 3379 3151 videtur
3422 3096 3500 3152 si-

1922 3179 2200 3247 gniﬁcare,
2242 3181 2407 3234 semel
2441 3196 2469 3232 ιι
2514 3196 2704 3235 somno
2761 3183 3045 3238 dementiae
3090 3200 3193 3255 qua
3255 3195 3502 3242 tenentur

1850 3260 1893 3319 C
1925 3270 2208 3335 excitatos,
2242 3280 2295 3323 et
2321 3272 2471 3339 quasi
2498 3281 2707 3327 enocte
2733 3284 2894 3342 atque
2918 3276 3154 3331 tenebris
3197 3277 3265 3333 de
3306 3289 3502 3335 caetero

1926 3363 1980 3417 in
2003 3362 2174 3418 lucem
2210 3373 2265 3417 et
2299 3364 2441 3418 diem
2474 3366 2765 3435 ingressos,
2798 3368 2937 3424 inter
2960 3384 3019 3423 se
3050 3370 3380 3426 cohortando
3404 3388 3499 3428 ac-

1923 3453 2256 3510 clamatnros
2322 3457 2517 3511 decere
2551 3458 2602 3511 in
2650 3468 2926 3527 posterum
2962 3464 3157 3517 reverti
3205 3468 3272 3520 ad
3322 3467 3498 3521 Domi-

1924 3562 2072 3602 num.
2103 3547 2199 3601 Est
2226 3559 2405 3602 autem
2434 3548 2547 3604 haec
2590 3551 2955 3618 resipiscentia
2992 3556 3335 3612 seductornm
3383 3560 3500 3613 ido-

1922 3637 2207 3708 lorumque
2229 3639 2460 3695 cultibus
2493 3641 2875 3697 involutorum.
2914 3644 3320 3715 Resipiscentia:
3352 3652 3496 3707 enim

1920 3728 2150 3795 fructus,
2179 3745 2423 3801 quaerere
2453 3746 2485 3786 e
2531 3733 2765 3787 tenebris
2801 3722 3037 3803 absolvi,
3073 3737 3372 3803 diabolicis,
3410 3742 3494 3795 in-

1921 3835 2110 3891 quam,
2142 3837 2206 3877 ac
2250 3822 2508 3893 deinceps
2558 3826 2701 3878 velut
2747 3824 2928 3880 divino
2977 3827 3179 3884 lumine
3240 3833 3494 3902 repletos,

1923 3925 2073 3968 recto
2092 3928 2254 3982 scopo
2278 3914 2345 3967 ad
2373 3924 2620 3970 naturam
2650 3928 2703 3972 et
2724 3934 2847 3973 vere
2879 3918 2970 3974 Dei
3000 3935 3064 3974 ac
3102 3921 3308 3977 Domini
3342 3925 3496 3994 agni-

1922 4004 2121 4058 tionem
2158 4019 2469 4074 properare,
2520 4006 2646 4061 licet
2687 4008 2891 4076 pridem
2931 4012 3218 4078 senserint,
3265 4013 3395 4070 deos
3433 4030 3497 4072 ac

1919 4094 2167 4151 dominos
2208 4096 2260 4150 in
2293 4098 2491 4151 mundo
2519 4112 2657 4152 esse.
2687 4096 2840 4153 Unde
2870 4115 2933 4154 eo
2960 4102 3201 4157 stultitiae
3236 4120 3497 4175 pervene-

1919 4196 2065 4252 runt,
2093 4190 2337 4242 utetiam
2371 4189 2516 4259 ligno
2549 4190 2834 4245 dicerent:
2870 4211 2890 4244 ι
2929 4192 3088 4247 Pater
3111 4210 3260 4250 meus
3290 4212 3349 4253 es
3388 4208 3439 4251 tu
3475 4218 3489 4253 :

1916 4288 1973 4336 et
2004 4278 2202 4350 lapidi:
2237 4278 2316 4333 Tn
2342 4295 2426 4336 me
2457 4282 2688 4350 genuisti
2717 4283 2778 4337 ⁸⁷.
2812 4300 2832 4334 ι
2877 4282 3057 4339 Manet
3094 4296 3273 4341 autem
3315 4302 3497 4342 sermo

1921 4373 2177 4442 tropicus.
2240 4371 2374 4428 Vide
2414 4374 2557 4427 enim
2605 4375 2873 4443 quomodo
2932 4383 3186 4445 tanquam
3234 4379 3300 4433 de
3342 4379 3495 4435 leone

1917 4472 2009 4516 aut
2035 4462 2137 4516 alia
2171 4461 2283 4517 fera
2310 4462 2518 4527 dicunt,
2560 4482 2577 4514 ι
2605 4463 2723 4533 Ipse
2758 4464 2953 4532 rapuit,
2980 4475 3034 4519 et
3058 4467 3268 4522 sanabit
3310 4482 3426 4523 nos.
3468 4489 3488 4520 ι

1916 4554 2203 4625 Postquam
2256 4556 2401 4609 enim
2442 4556 2596 4617 dixit,
2644 4573 2663 4605 ι
2719 4556 2785 4611 Et
2836 4570 2936 4623 ego
2989 4570 3085 4619 ero
3132 4567 3190 4611 ut
3235 4560 3491 4625 panthera

1915 4645 2196 4715 Ephraim,
2230 4655 2285 4699 et
2328 4655 2387 4699 ut
2418 4645 2500 4700 leo
2538 4646 2715 4700 domui
2744 4645 2909 4713 Juda;
2954 4657 3010 4701 et
3043 4662 3141 4719 ego
3177 4651 3402 4718 rapiam,
3439 4663 3493 4705 ct

1914 4736 2131 4803 vadam,
2170 4744 2225 4789 et
2271 4750 2378 4789 non
2407 4736 2531 4800 erit,
2557 4737 2645 4803 qui
2694 4746 2869 4799 eruat,
2926 4754 2947 4788 ι
2992 4746 3211 4790 servant
3264 4736 3490 4807 ﬁguram

1916 4827 2245 4896 metaphora:
2296 4825 2556 4895 aiuntqne
2586 4822 2849 4880 :Ou.nino
2889 4827 3101 4880 sanabit
3145 4828 3236 4896 qui
3292 4830 3488 4898 rapuit.

1915 4920 2068 4974 Sicut
2099 4919 2241 4975 enim
2271 4921 2348 4973 ira
2377 4918 2735 4981 contristavit,
2767 4918 2845 4972 sic
2880 4919 3017 4972 bona
3066 4932 3131 4972 ex
3175 4932 3490 4975 mansuetu-

1914 5011 2039 5065 dine
2068 5010 2339 5078 impertita
2370 5009 2597 5064 aﬂliclos
2632 5025 2853 5078 prorsus
2881 5010 3277 5066 exhilarabunt.
3316 5011 3488 5066 Simul

1913 5111 1969 5157 et
1990 5100 2120 5156 illud
2150 5100 2530 5170 intelligemus,
2554 5099 2663 5154 Deo
2692 5100 2952 5168 quosdam
2981 5111 3277 5169 premente,
3297 5112 3486 5157 contra

1912 5192 2009 5248 niti
2052 5193 2321 5247 neminem
2347 5206 2532 5261 posse;
2579 5192 2671 5246 sed
2712 5190 3031 5245 miserorum
3078 5192 3239 5249 rebus
3279 5194 3394 5263 ipso
3433 5204 3486 5247 et

1915 5284 2032 5341 solo
2065 5284 2129 5339 ad
2157 5284 2549 5339 restitutionem
2580 5298 2713 5353 opus
2743 5297 2883 5338 esse.

223 5380 421 5448 ἀγαθά.
502 5380 667 5448 ὐμοῦ
728 5381 783 5434 δὲ
838 5382 1059 5435 κάκεῖνο
1132 5383 1460 5452 συνήσομεν,
1524 5382 1604 5435 ὄτι
1671 5382 1803 5435 Θεοῦ
1844 5381 2136 5445 κακοῦντός
2206 5398 2375 5445 τινας,
2431 5380 2677 5450 ὀνήσειεν
2712 5380 2777 5433 ἂν
2815 5380 3023 5445 οὐδείς·
3053 5381 3222 5435 δέοιτο
3252 5382 3296 5437 δ’
3324 5382 3387 5436 ἂν
3414 5380 3481 5436 τά

222 5476 336 5529 τῶν
373 5474 717 5528 πεπονθότων
744 5473 908 5527 αὐτοῦ
948 5492 1006 5527 τε
1037 5474 1131 5527 καὶ
1161 5474 1321 5543 μόνου
1352 5475 1486 5543 πρὸς
1516 5475 1903 5545 ἐπανόρθωσιν.

299 5567 360 5619 Εἰ
391 5567 447 5618 δὲ
478 5565 582 5635 χρὴ
619 5567 708 5617 καὶ
746 5567 829 5633 ἐφ’
859 5567 1105 5628 ἅπαντας
1140 5565 1346 5619 ἁπλοῦν
1371 5568 1494 5630 τοὺς
1528 5566 1686 5630 ὄντας
1715 5568 1807 5619 ἐπὶ

225 5659 323 5729 τῆς
362 5658 466 5727 γῆς
502 5658 601 5728 τῆς
634 5660 970 5729 προφητείας
1020 5659 1120 5729 τὴν
1161 5658 1411 5729 δύναμιν,
1460 5661 1635 5711 ἐκεῖνο
1680 5678 1804 5713 συν-

1986 5568 2136 5633 Quod
2163 5571 2209 5623 si
2240 5567 2531 5637 prophetia:
2555 5582 2635 5621 vus
2668 5567 2730 5621 ad
2768 5582 2956 5623 omnes
2999 5568 3253 5624 mortales
3293 5579 3478 5623 exten-

1910 5662 2080 5715 denda
2122 5670 2226 5725 cst,
2266 5662 2409 5716 hunc
2451 5675 2665 5715 sensum
2704 5660 2996 5715 cliciemns.
3030 5661 3226 5730 Rapuit
3255 5660 3305 5714 in
3331 5662 3477 5731 prin-

297 5836 342 5866 "
366 5834 529 5894 Hebr.
560 5853 601 5903 l,
631 5839 687 5915 5.
766 5839 811 5869 ”
834 5836 991 5895 Joan.
1026 5854 1138 5904 τιν,
1163 5839 1216 5894 9.
1295 5838 1505 5911 “,Psal.
1530 5854 1719 5905 cum,
1746 5841 1823 5895 t5!

1944 5844 1987 5874 ⁶⁸
2018 5841 2159 5896 Psal.
2194 5856 2267 5907 tv,
2304 5841 2354 5894 7.
2399 5842 2445 5873 ⁸⁸
2476 5840 2676 5897 Thren.
2703 5856 2780 5908 tv,
2809 5841 2898 5895 20.
2973 5842 3017 5872 "
3049 5840 3160 5897 Jer.
3195 5856 3255 5906 ιι,
3287 5837 3378 5892 27.
