4094 6560
621 408 727 466 165

1605 404 1664 460 S.
1704 399 1983 459 CYRILLI
2020 391 2492 454 ALEXANDRINI
2528 392 2848 449 ARCHIEI’.

3766 394 3877 449 164

617 529 758 593 Cipio
791 522 1026 580 hominis
1060 534 1308 581 naturam
1342 524 1510 582 Adam
1545 541 1561 581 :
1590 526 1773 581 statim
1791 524 1988 594 quippe
2021 520 2185 576 male-

2304 517 2515 587 ήσομεν.
2550 515 2803 584 Ἤρπασε
2849 514 2946 585 μὲν
2986 512 3095 585 γάρ
3138 513 3197 567 ἐν
3225 512 3423 585 ἀρχαῖς
3444 511 3542 583 τὴν
3586 510 3878 583 ἀνθρώπου

619 619 768 673 dicto
809 615 1101 670 obnoxiam
1147 618 1399 685 reddidit,
1444 616 1712 686 mortique
1758 626 1812 671 et
1862 616 2191 684 corruptioni

617 707 866 776 subjecit.
904 706 1179 763 Percussit
1211 708 1377 779 igitur
1407 709 1521 775 ira;
1569 714 1663 763 sed
1693 707 1863 778 gratia
1894 707 2040 761 velut
2060 708 2196 761 llna-

621 809 801 853 tnento
837 798 892 853 in
944 798 1139 853 vulnus
1179 799 1432 870 imposito
1488 799 1720 857 curavit.
1779 798 2005 854 Sanavit
2050 804 2193 853 enim

619 889 895 957 Christus;
929 890 994 942 ad
1021 892 1347 960 agnitionem
1378 906 1516 946 vera:
1550 891 1773 945 visionis
1796 891 1993 945 divinae
2031 905 2194 946 voca-

620 981 730 1048 vit;
764 997 861 1051 per
904 982 1166 1053 Spiritum
1208 985 1272 1039 ad
1327 985 1699 1039 mandatorum
1763 984 2194 1039 observationem

620 1075 991 1140 confirmavit;
1036 1077 1221 1131 beatos
1265 1061 1457 1131 iterum
1518 1075 1677 1143 iecit;
1723 1077 2056 1147 corruptioni
2100 1091 2197 1132 ex-

622 1168 773 1232 emit,
801 1177 855 1221 et
887 1168 1160 1221 veteribus
1202 1167 1426 1234 morbis,
1454 1177 1675 1239 peccato
1691 1168 1897 1224 scilicet
1922 1184 1984 1223 ac
2000 1170 2199 1239 passio-

630 1254 812 1321 nibus,
846 1256 1111 1310 liberavit.
1142 1256 1446 1312 Evenerunt
1494 1268 1671 1313 autem
1726 1259 1841 1315 haec
1884 1259 2199 1315 mortalibus

623 1362 730 1402 non
766 1356 827 1401 ut
865 1348 1039 1417 primo
1073 1351 1326 1416 maxime,
1363 1360 1456 1403 aut
1506 1350 1741 1406 secundo
1792 1361 2055 1422 tempore,
2104 1353 2198 1407 sed

625 1448 683 1490 ut
712 1438 763 1492 in
795 1439 973 1501 tertio,
1014 1440 1114 1492 hoc
1136 1448 1239 1503 est,
1276 1439 1329 1493 in
1363 1440 1553 1495 ultimo
1586 1456 1649 1497 ac
1691 1456 1961 1510 supremo.
2008 1444 2199 1498 Omnia

623 1528 886 1597 siquidem
919 1539 1156 1599 tempora
1193 1531 1365 1585 tribus
1392 1533 1645 1602 gradibus
1684 1533 1795 1604 96
1836 1533 2196 1600 continentur,

623 1622 819 1690 primo,
851 1623 1051 1689 medio,
1086 1623 1295 1688 ultimo,
1325 1640 1433 1694 quo
1464 1624 1618 1679 nobis
1647 1624 1894 1682 Christus
1930 1630 2197 1697 apparuit.

624 1712 828 1769 Idcirco
861 1719 1006 1770 velut
1035 1730 1100 1769 ex
1129 1718 1332 1771 medica
1368 1718 1701 1786 experientia
1730 1720 1909 1775 dicunt
1938 1737 1952 1774 :
1983 1721 2201 1776 Curatio

626 1807 779 1861 nobis
827 1818 944 1877 post
988 1810 1103 1864 dies
1147 1810 1281 1865 duos
1318 1811 1550 1876 eveniet,
1596 1813 1914 1882 prophetico
1950 1829 2201 1868 sermone

2296 608 2457 677 φύσιν
2484 608 2513 660 6
2563 606 2757 677 Ἀδάμ·
2790 607 3063 679 ἐπάρατον
3086 606 3195 677 γὰρ
3222 605 3501 675 ἀπέφηνεν
3534 602 3716 666 εὐθὺς,
3744 604 3883 655 ὑπο-

2294 698 2408 762 θεὶς
2459 697 2673 767 θανάτῳ
2721 698 2816 751 καὶ
2877 698 3073 769 φθορᾷ.
3119 695 3329 750 Οὐκοῦν
3368 694 3599 764 ἔπληξεν
3648 692 3879 765 ήόργὴ,

2294 788 2408 841 ἀλλ’
2463 788 2739 858 ἐμότωσεν
2788 789 2821 859 ή
2881 787 3058 858 χάρις.
3117 786 3330 839 ’ἰάσατο
3384 784 3496 855 γὰρ
3548 785 3577 837 6
3618 783 3880 855 Χριστὸς,

2296 879 2569 950 κέκληκεν
2615 880 2752 951 πρὸς
2806 878 3106 947 ἐπίγνωσιν
3155 879 3255 947 τῆς
3309 875 3543 948 ἀληθοῦς
3597 875 3880 939 θεοπτίας,

2296 971 2545 1041 ἑδραίους
2602 971 2852 1041 ἀπέφηνε
2903 968 2991 1024 διά
3026 968 3120 1023 τοῦ
3163 969 3480 1039 Πνεύματος
3528 968 3607 1029 είς
3649 968 3882 1036 τήρησιν

2296 1062 2544 1126 ἐντολῶν,
2578 1062 2851 1133 ζηλωτοὺς
2893 1060 3143 1127 ἀπέδειξε
3194 1059 3355 1113 πάλιν
3392 1058 3487 1112 καὶ
3517 1057 3721 1129 φθορᾶς
3750 1059 3883 1111 ὲπέ-

2297 1172 2451 1210 κεινα
2506 1154 2696 1218 τιθεὶς,
2750 1154 2843 1208 καὶ
2893 1153 3002 1206 τῶν
3059 1150 3302 1223 ἀρχαίων
3359 1149 3505 1221 ἡμᾶς
3564 1147 3881 1213 ἀπαλλάξας

2298 1246 2782 1321 ἀρρωστημάτων,
2834 1245 3106 1316 ἁμαρτίας
3161 1244 3248 1313 δὴ,
3290 1240 3453 1309 λέγω,
3508 1241 3600 1293 καὶ
3669 1239 3878 1293 παθῶν.

2300 1340 2627 1411 Συμϐέόηκε
2650 1340 2710 1393 δὲ
2739 1338 2808 1393 τὰ
2836 1338 3012 1391 τοιάδε
3045 1338 3157 1399 τοῖς
3190 1334 3282 1387 ἐπὶ
3308 1333 3409 1402 τῆς
3446 1331 3569 1401 γῆς,
3598 1331 3695 1400 οὐχ
3720 1331 3800 1392 ὡς
3825 1332 3881 1381 ὲν

2301 1432 2503 1505 πρώτῳ
2532 1432 2754 1503 μᾶλλον,
2785 1431 2953 1500 ἤγουν
2982 1430 3038 1481 ὲν
3072 1425 3307 1495 δευτέρῳ
3339 1422 3538 1495 καιρῷ,
3574 1422 3688 1476 ἀλλ’
3718 1422 3799 1484 ὡς
3826 1423 3883 1474 ὲν

2299 1526 2491 1596 τρίτῳ,
2520 1523 2787 1587 τουτέστι,
2821 1520 2898 1590 τῷ
2926 1518 3121 1589 λοίσθῳ
3177 1517 3272 1569 καὶ
3324 1515 3637 1583 τελευταίῳ.
3684 1514 3881 1584 Χρόνοι

2305 1617 2401 1687 μὲν
2441 1616 2551 1687 γάρ
2595 1616 2644 1667 οἱ
2692 1614 2892 1675 πάντες
2953 1607 3314 1681 ἀριθμοῦνται
3360 1609 3526 1678 τρεῖς,
3581 1605 3799 1677 πρῶτός
3823 1621 3880 1656 τε

2303 1708 2397 1760 καὶ
2434 1707 2617 1777 μέσος,
2655 1705 2748 1759 καὶ
2777 1704 3102 1765 τελευταῖος,
3141 1700 3263 1753 καθ’
3301 1698 3358 1752 ὃν
3396 1700 3529 1769 ήμῖν
3555 1696 3826 1766 ὲπέφανεν
3854 1697 3882 1749 6

2304 1797 2559 1867 Χριστός.
2585 1796 2626 1847 Τ
2631 1794 2850 1866 αύτῃτοί
2876 1809 3061 1861 φασιν,
3090 1791 3171 1844 ὅτι
3195 1789 3264 1842 τά
3294 1788 3395 1858 τῆς
3434 1784 3723 1857 μοτὼσεως
3750 1786 3881 1855 ἡμῖν

627 1914 791 1953 unum
821 1900 960 1954 diem
994 1917 1091 1970 pro
1129 1911 1370 1971 tempore
1401 1903 1554 1958 nobis
1589 1905 1858 1961 metiente.
1906 1904 2076 1970 Tunc,
2115 1906 2196 1960 in-

2304 1888 2554 1960 καθάπερ
2588 1886 2646 1953 ἐξ
2681 1884 2928 1957 ἰατρικῆς
2955 1879 3424 1971 ἐμπειρίας-ἐσται
3453 1876 3594 1971 μετὰ
3627 1877 3722 1929 δύο
3746 1876 3883 1971 ήμέῖ

626 1990 767 2060 quit,
797 2008 816 2041 ι
862 1988 1275 2061 Persequemnr,
1311 2003 1371 2047 ttt
1401 2009 1786 2065 cognoscamus
1831 1995 2137 2050 Dominum.
2176 2015 2193 2049 ι

624 2078 1036 2152 Persequemur,
1066 2099 1178 2154 pro,
1212 2087 1566 2154 studebimus,
1598 2088 1764 2141 aiunt.
1784 2086 1933 2143 Tunc
1958 2097 2013 2142 et
2047 2110 2065 2141 ‹
2100 2089 2225 2159 Rn-_

629 2188 939 2242 surgemus,
971 2184 1023 2229 et
1064 2174 1306 2229 vivemus
1341 2191 1524 2231 coram
1554 2178 1660 2231 illo.
1696 2198 1714 2230 ι
1758 2178 2202 2235 Consurreximus

628 2265 771 2318 cnim
806 2281 924 2319 cum
958 2265 1175 2320 Christo
1208 2267 1283 2332 “9;
1312 2278 1361 2321 et
1396 2269 1645 2336 quoniam
1672 2286 1809 2326 unus
1839 2286 1934 2340 pro
1957 2274 2202 2327 omnibus

627 2367 871 2410 mortuus
903 2366 1006 2422 est,
1064 2359 1181 2427 ejus
1225 2358 1391 2413 vitam
1439 2360 1669 2415 vivimus
1717 2362 1785 2426 ",
1836 2377 1942 2416 non
1980 2361 2088 2431 jam
2135 2364 2203 2418 ab

627 2449 801 2504 oculis
840 2448 934 2503 Dei
981 2458 1204 2519 propter
1242 2454 1728 2520 transgressionem
1769 2453 1983 2521 rem0ti,
2029 2468 2205 2525 neque

629 2555 886 2612 tanquam
924 2552 1044 2611 post
1074 2552 1285 2612 tergum
1313 2555 1534 2613 propter
1559 2554 1833 2614 peccatum
1852 2544 2076 2613 abiecti;
2107 2548 2200 2602 sed

628 2637 695 2689 ad
742 2646 1086 2705 conspectum
1129 2635 1197 2689 de
1247 2644 1446 2690 caetero
1480 2638 1721 2700 admissi,
1755 2647 1808 2693 et
1848 2638 2119 2695 fiduciam
2149 2642 2200 2695 in

629 2728 748 2796 ipso
768 2736 989 2796 propter
1009 2726 1276 2796 justitiam
1305 2726 1356 2780 in
1381 2726 1592 2781 Christo
1624 2729 1902 2785 habentes.
1935 2730 1999 2784 Et
2020 2745 2114 2799 per
2142 2731 2205 2783 il-

629 2820 738 2873 Ium
764 2821 924 2872 etiam
967 2820 1138 2886 ipsum
1186 2815 1401 2872 Patrem
1442 2834 1538 2874 nos
1565 2821 1899 2891 cognovisse,
1930 2832 1983 2876 et
2011 2821 2203 2876 Filium

631 2909 798 2963 nostri
825 2908 1052 2963 similem
1086 2906 1306 2971 factum,
1339 2907 1726 2976 plenitudinem
1757 2909 1910 2964 nobis
1948 2922 2066 2963 esse
2090 2915 2207 2964 om-

629 3002 716 3055 nis
736 3000 858 3055 boni
885 2998 1229 3064 confitentur,
1253 2999 1515 3062 dicentes,
1552 3016 1569 3049 ι
1594 2997 1757 3065 Quasi
1784 3016 1941 3056 mane
1957 3011 2203 3070 paratum

630 3092 964 3146 inveniemus
1003 3104 1147 3153 eum,
1189 3108 1208 3141 ι
1250 3088 1351 3143 hoc
1393 3098 1499 3153 est,
1541 3096 1603 3143 ut
1634 3089 1813 3145 lumen
1848 3092 2119 3154 exoriens,
2150 3101 2207 3145 ut

2306 1993 2424 2047 ρας,
2496 1974 2709 2044 ἡμέραν
2790 1974 2920 2043 ἡμῖν
2989 1973 3067 2033 εἰς
3122 1968 3313 2039 καιρὸν
3385 1967 3480 2020 τοῦ
3543 1966 3880 2037 προφητικοῦ

2305 2066 2628 2137 μετροῦντος
2660 2065 2837 2132 λόγου.
2873 2063 3028 2127 Τότε,
3075 2061 3228 2131 φησὶ,
3265 2078 3285 2111 r
3312 2057 3606 2129 Διώξομεν,
3627 2057 3723 2111 τοῦ
3749 2058 3882 2111 εἰδέ-

2302 2174 2390 2209 ναι
2418 2156 2507 2209 τὸν
2532 2155 2754 2225 Κύριον.
2771 2173 2787 2204 ι
2817 2154 2910 2219 Τὸ,
2932 2152 3225 2222 Διώξομεν,
3245 2152 3364 2204 ἀντὶ
3380 2150 3472 2204 τοῦ
3499 2150 3879 2219 Σπουδάσομεν

2304 2249 2448 2317 φασί
2464 2288 2477 2301 .
2527 2248 2658 2300 Τότε
2712 2226 3291 2314 καιάναστησόμεθα,
3333 2242 3425 2295 καὶ
3470 2240 3748 2311 ζησόμεθα
3798 2240 3879 2292 ἐν·

2303 2340 2473 2394 ώπιον
2512 2338 2697 2392 αὑτοῦ.
2732 2336 3187 2407 Συνεγηγέρμεθα
3229 2335 3336 2406 γὰρ
3359 2333 3434 2404 τῷ
3474 2333 3697 2404 Χριστῷ
3720 2349 3736 2362 ·
3788 2333 3879 2384 καὶ

2303 2430 2494 2502 ἐπειδὴ
2528 2425 2606 2494 εἷς
2653 2429 2796 2500 ὑπὲρ
2820 2431 3040 2483 πάντων
3072 2427 3335 2491 ἀπέθανε,
3382 2426 3479 2497 τὴν
3507 2425 3670 2478 αὑτοῦ
3700 2424 3879 2494 ζῶμεν

2306 2524 2469 2594 ζωὴν,
2502 2523 2601 2577 οὐκ
2642 2523 2701 2589 ἐξ
2742 2521 3036 2593 ὀφθαλμῶν
3077 2520 3156 2574 ἔτι
3196 2520 3436 2590 κείμενοι
3470 2518 3627 2584 θεοῦ,
3660 2518 3752 2571 διὰ
3786 2518 3879 2588 τὴν

2306 2621 2657 2693 παράϐασιν·
2698 2619 2821 2673 οὔτε
2875 2620 2981 2691 μὴν
3019 2620 3093 2683 ὡς
3134 2617 3456 2692 ἐρριμμένοι
3499 2617 3753 2681 κατόπιν,
3795 2616 3879 2669 διὰ

2304 2711 2400 2782 τήν
2436 2712 2739 2781 ἁμαρτίαν·
2777 2711 2890 2764 ἀλλ’
2915 2713 2971 2763 ὲν
3004 2710 3121 2779 ὄψει
3161 2709 3345 2763 λοιπὸν
3384 2707 3756 2780 ὲνηνεγμένοι,
3788 2706 3879 2759 καὶ

2304 2804 2615 2875 παρρησίαν
2665 2803 2879 2873 ἔχοντες
2911 2804 3039 2875 παρ’
3079 2802 3248 2874 αὐτῷ,
3284 2800 3374 2855 διὰ
3422 2803 3519 2874 τὴν
3565 2805 3622 2856 ὲν
3659 2800 3877 2872 Χριστῷ

2303 2895 2668 2967 δικαιοσύνην.
2697 2896 2805 2948 Kal
2827 2896 2909 2949 ὅτι
2937 2895 3004 2947 δι’
3033 2895 3221 2960 αὑτοῦ,
3249 2897 3345 2949 καὶ
3375 2895 3536 2949 αὐτὸν
3560 2893 3876 2963 ἐγνώκαμεν

2303 2987 2394 3040 τὸν
2424 2987 2664 3058 Πατέρα,
2694 2987 2777 3039 ὅτι
2808 2987 2864 3040 δὲ
2896 2987 3176 3058 πλήρωσις
3211 2990 3343 3059 ἡμῖν
3374 2991 3491 3041 ἐστι
3522 2987 3723 3049 παντὸς
3746 2987 3878 3054 ἀγα-

2306 3076 2397 3130 θοῦ
2426 3076 2547 3129 καθ’
2578 3078 2724 3147 ἡμᾶς
2752 3077 2990 3146 γεγονὼς
3010 3083 3038 3132 6
3067 3080 3215 3147 Υἱὸς,
3237 3080 3562 3150 ὁμολογοῦσι
3590 3078 3841 3145 λέγοντες
3858 3092 3873 3107 ⁸

630 3182 817 3247 solem,
854 3190 912 3235 ut
950 3180 1286 3249 splendorem
1312 3179 1512 3250 fugatis
1556 3181 1813 3237 tenebris.
1864 3181 1979 3237 Erit
2021 3191 2197 3239 autem

2312 3188 2330 3219 ι
2366 3169 2454 3233 Ὦς
2482 3169 2678 3241 ὄρθρον
2720 3171 2933 3240 ἓτοιμον
2973 3174 3279 3245 εὑρήσομεν
3313 3172 3493 3239 αὑτὸν,
3524 3191 3542 3223 ι
3581 3172 3875 3235 τουτέστιν,

631 3273 788 3327 nobis
824 3290 842 3324 ι
889 3280 945 3324 ut
974 3271 1320 3338 tempestivus
1351 3280 1405 3325 et
1436 3272 1706 3326 serotinus
1739 3272 1931 3327 imber.
1976 3291 1997 3326 ι
2040 3272 2199 3341 Rigat

2304 3264 2378 3325 ὡς
2405 3264 2520 3333 φῶς
2546 3265 2784 3335 ἀνίαχον,
2819 3266 2895 3327 ὡς
2927 3267 3098 3337 ἥλιον,
3144 3268 3217 3331 ὡς
3266 3269 3460 3340 αὐγὴν,
3490 3269 3875 3339 παρῳχηκότος

629 3363 773 3418 enim
810 3375 906 3415 nos
947 3361 1037 3429 qui
1070 3360 1227 3415 ﬁdem
1271 3362 1629 3432 suscepimus,
1666 3370 1721 3417 et
1761 3363 2047 3417 adventum
2093 3364 2208 3432 ejus

631 3456 734 3510 rite
768 3454 1121 3523 cognovimus
1166 3453 1365 3523 duplici
1402 3454 1584 3519 modo,
1635 3464 1694 3507 ut
1737 3456 1948 3524 opinor.
1987 3455 2208 3511 Revelat

586 3582 589 3583 ν
633 3559 866 3615 namque
889 3544 942 3598 in
990 3544 1182 3613 spiritu
1221 3553 1463 3599 veterum
1502 3554 1558 3599 ct
1595 3545 1867 3612 legalium,
1906 3558 1959 3601 et
1990 3546 2208 3618 insuper

631 3637 1069 3707 propheticarum
1105 3637 1474 3691 doctrinarum
1521 3638 1787 3693 notitiam.
1849 3637 1918 3692 Et
1962 3639 2096 3705 haec,
2146 3647 2208 3694 ut

632 3738 786 3797 puto,
822 3737 908 3782 est
954 3735 1301 3796 tetnporanea
1334 3727 1547 3796 pluvia:
1576 3730 1659 3783 cui
1690 3728 2085 3798 quodammodo
2114 3745 2205 3785 se-

634 3820 868 3872 rotinam
917 3817 1143 3880 addidit,
1190 3818 1514 3888 evangelicae
1560 3819 1857 3890 disciplinae
1911 3820 2199 3891 intelligen

635 3912 765 3965 tiam
811 3917 866 3964 et
895 3908 1306 3979 apostolicarum
1338 3911 1774 3978 praedicationum
1807 3912 2203 3981 optatissimum

631 4002 975 4059 beneficium.
1006 3999 1156 4055 Facti
1192 4016 1376 4056 sumus
1414 4012 1612 4069 autem,
1658 4002 1728 4057 ut'
1756 4014 1838 4059 est
1888 4007 2026 4074 apud
2080 4021 2205 4075 pro-

634 4093 874 4161 phetam,
908 4108 927 4141 ‹
967 4103 1108 4145 terra
1134 4090 1335 4160 cupita.
1376 4109 1397 4143 ι
1434 4094 1512 4148 Ac
1543 4092 1770 4147 fortasse
1797 4095 1860 4147 de
1884 4094 2040 4148 nobis
2065 4095 2202 4162 psal-

633 4185 695 4240 lit
726 4186 917 4239 beatus
950 4182 1116 4237 David
1156 4201 1168 4237 :
1213 4201 1233 4235 ί
1274 4183 1518 4239 Visitasti
1563 4193 1781 4249 terram,
1835 4194 1889 4239 et
1921 4186 2201 4240 iucbriasti

633 4294 775 4346 eam,
812 4278 1170 4348 multiplicasti
1196 4277 1524 4347 locupletare
1552 4291 1668 4331 eam
1692 4277 1758 4330 '°.
1794 4296 1813 4329 ι
1844 4275 2202 4342 Quamobrem

634 4370 779 4425 dedit
831 4369 1061 4423 fructum
1113 4384 1300 4434 suum,
1352 4368 1739 4431 centesimum,
1786 4369 2202 4439 sexagesimum,

633 4460 965 4518 tricesimum
1006 4462 1073 4526 ",
1099 4461 1253 4531 juxta
1286 4473 1469 4514 vocem
1497 4458 1815 4513 Salvatoris.

2304 3354 2398 3407 τοῦ
2431 3356 2677 3417 σκότους.
2714 3358 2907 3409 Ἔσται
2937 3358 2993 3410 δὲ
3035 3360 3169 3428 ήμῖν
3204 3368 3222 3409 ι
3256 3361 3345 3423 Ὠς
3374 3359 3623 3431 πρὼῖμός
3669 3377 3729 3413 τε
3789 3362 3875 3413 καὶ

2303 3449 2498 3520 ὄψιμος
2533 3450 2704 3512 ὐετός.
2737 3470 2753 3501 ι
2788 3450 3058 3518 Κατάρδει
3085 3450 3192 3521 γὰρ
3228 3454 3370 3521 ἡμᾶς
3405 3453 3530 3517 τοὺς
3572 3452 3671 3525 τὴν
3697 3452 3875 3506 πίστιν

2306 3541 2765 3612 είσδεδεγμένους,
2806 3544 2899 3596 καὶ
2936 3544 3316 3611 ὲπεγνωκότας
3348 3544 3520 3613 ὀρθῶς
3550 3546 3650 3615 τὴν
3685 3545 3875 3613 ἐπιφά-

2304 3650 2451 3687 νειαν
2480 3634 2667 3700 αὑτοῦ,
2698 3635 2839 3689 κατά
2860 3635 3058 3699 διττὸν,
3088 3630 3263 3707 οἶμαι,
3311 3637 3531 3707 τρόπον.
3581 3638 3875 3692 Ἀποκαλύ-

2312 3744 2435 3779 πτει
2467 3726 2565 3797 μὲν
2591 3727 2698 3799 γὰρ
2722 3728 2780 3781 ὲν
2804 3728 3074 3799 πνεύματι
3107 3729 3215 3783 τῶν
3244 3732 3484 3800 ἀρχαίων
3503 3748 3561 3783 τε
3612 3734 3706 3784 καὶ
3726 3750 3875 3803 νομι-

2312 3817 2425 3869 κῶν
2457 3818 2550 3871 καὶ
2578 3819 2714 3889 πρὸς
2744 3820 2954 3884 τούτοις
2999 3821 3079 3874 ἔτι
3111 3822 3463 3893 προφητικῶν
3499 3823 3873 3894 παιδευμάτων

2309 3910 2411 3980 τὴν
2454 3910 2675 3978 γνῶσιν.
2724 3911 2834 3964 Καὶ
2876 3913 3056 3977 τοῦτο,
3107 3909 3282 3983 οἶμαι,
3342 3916 3489 3967 ἐστὶν
3544 3916 3572 3967 6
3631 3916 3875 3987 πρὼῖμος

2314 3999 2487 4063 ὑετός.
2518 4001 2752 4071 Ὄψιμον
2787 4002 2842 4054 δὲ
2883 4002 3071 4073 ὥσπερ
3103 4002 3283 4076 [πρὸς]
3317 4006 3510 4077 ἐκείνῳ
3535 4006 3720 4059 δίδωσι
3774 4008 3873 4060 τῶν

2307 4092 2676 4161 εὐαγγελικῶν
2718 4095 3097 4166 παιδευμάτων
3126 4097 3223 4169 τὴν
3266 4098 3468 4168 νόησιν,
3518 4102 3613 4152 καὶ
3643 4103 3873 4154 ἀποστο-

2307 4185 2472 4238 λικῶν
2505 4188 2874 4259 κηρυγμάτων
2904 4188 3000 4259 τὴν
3027 4191 3347 4261 τριπόθητον
3364 4192 3541 4263 χάριν.
3572 4192 3872 4264 Γεγόναμεν

2307 4276 2385 4341 δὲ,
2416 4278 2492 4341 ὡς
2525 4281 2551 4332 6
2583 4282 2868 4352 προφήτης
2917 4286 3069 4352 φησὶ,
3124 4301 3143 4333 ι
3168 4284 3240 4352 Γῆ
3284 4284 3504 4356 θελητή·
3538 4304 3554 4336 ι
3601 4287 3699 4340 καὶ
3740 4288 3872 4356 τάχα

2311 4374 2443 4444 περὶ
2478 4375 2636 4444 ἡμῶν
2661 4376 2852 4444 ψάλλει
2878 4376 3051 4443 λέγων
3078 4379 3105 4429 6
3140 4379 3405 4448 μακάριος
3442 4379 3636 4432 Δαὸίδο
3675 4399 3695 4431 ι
3752 4381 3871 4435 Ἐπ-

2312 4464 2526 4534 εσκέψω
2557 4466 2653 4536 τὴν
2675 4467 2797 4537 γῆν,
2830 4468 2923 4519 καὶ
2954 4466 3223 4538 ὲμέθυσας
3243 4471 3433 4540 αὑτήν·
3455 4469 3762 4542 έπλήθυνας
3786 4470 3868 4524 τοῦ

636 4556 933 4627 πλουτῆσαι
974 4554 1164 4625 αὑτήν.
1192 4573 1211 4605 ι
1283 4553 1393 4606 Kal.
1442 4552 1573 4622 γοῦν
1617 4552 1816 4605 δέδωκε
1865 4551 1957 4606 τὸν
1994 4553 2206 4626 καρπὸν
2282 4556 2452 4627 αὐτῆς
2479 4558 2692 4623 ἑκατὸν,
2738 4559 3019 4631 ἐξήκοντα,
3073 4562 3165 4614 καὶ
3241 4562 3554 4633 τριάκοντα,
3603 4566 3749 4618 κατὰ
3782 4564 3869 4636 τὴν

631 4653 725 4707 τοῦ
750 4654 1002 4724 Σωτῆρος
1029 4650 1235 4721 φωνήν.

703 4743 868 4798 Vens.
898 4743 950 4796 5.
981 4740 1120 4805 Quid
1151 4739 1241 4791 tibi
1274 4738 1488 4807 faciam,
1523 4736 1817 4807 Ephraim?
1848 4741 1971 4809 quid
2002 4741 2095 4794 tibi
2116 4739 2202 4807 fa-

2381 4736 2440 4788 Ti
2462 4749 2559 4787 σοι
2588 4733 2838 4800 ποιήσω,
2871 4739 3152 4805 Ἐρραηω
3179 4742 3235 4792 τί
3259 4757 3355 4794 σοι
3386 4744 3636 4808 ποιήσω,
3656 4748 3871 4813 ’Ῑούδιι;

634 4836 791 4899 ciam,
826 4832 1009 4887 Juda?
1043 4828 1407 4883 Misericordia
1453 4843 1624 4885 autent
1669 4846 1783 4883 mea
1835 4833 1985 4900 quasi
2044 4831 2203 4885 nubes

634 4926 920 4989 matutina,
945 4934 992 4976 et
1015 4923 1167 4994 quasi
1205 4939 1287 4976 ros
1317 4924 1602 4976 matutinus
1628 4925 2001 4992 pertransiens.

707 5017 887 5073 LXIII.
919 5018 1033 5072 Non
1063 5026 1187 5071 sunt
1228 5018 1391 5071 verba
1430 5017 1725 5071 dubitantis
1774 5034 1788 5069 :
1844 5030 2015 5084 neque
2059 5015 2200 5068 enim

636 5113 921 5185 ignorabat
949 5109 1090 5165 Deus
1118 5110 1242 5178 quid
1268 5109 1576 5164 errantibus
1609 5109 1903 5178 expediret,
1945 5121 2117 5175 neque
2142 5106 2204 5159 il-

639 5203 747 5257 lum
804 5202 976 5253 virtus
1029 5198 1229 5253 defecit
1286 5198 1352 5251 ad
1399 5200 1699 5267 praestanda
1752 5212 1870 5266 qua:
1921 5196 2204 5251 diabolicis

642 5293 845 5363 laqueis
894 5292 1120 5346 irretitis
1173 5289 1432 5361 prodesse
1485 5297 1738 5360 possent;
1802 5288 1927 5356 quin
1986 5294 2207 5341 accusat

635 5402 730 5443 eos
773 5386 949 5455 potius
979 5383 1146 5453 quod,
1187 5398 1307 5437 cum
1362 5380 1428 5436 ad
1493 5380 1828 5436 curationem
1892 5379 2023 5432 nihil
2082 5379 2212 5448 ipsis

636 5481 867 5543 deesset,
900 5488 1074 5531 tamen
1122 5476 1322 5544 impetu
1366 5473 1671 5527 voluntario
1706 5473 1771 5527 ad
1823 5472 2003 5528 illicita
2056 5471 2213 5527 facti-

638 5574 796 5626 tanda
839 5567 1175 5623 deflexerint.
1203 5564 1433 5620 Perinde
1488 5564 1631 5618 enim
1672 5574 1752 5619 est
1800 5563 2030 5620 fortasse
2068 5580 2131 5622 ac
2165 5567 2210 5622 si

638 5665 784 5718 dicat
809 5678 824 5717 :
853 5658 1016 5727 Cujus
1052 5654 1393 5727 indulgentiae
1421 5662 1476 5709 et
1514 5653 1699 5709 auxilii
1728 5658 1915 5710 modus
1940 5658 2211 5728 excogita-

2315 4827 2383 4881 Τὸ
2412 4827 2477 4879 δὲ
2499 4827 2669 4892 ἔλεός
2689 4845 2809 4895 μου
2830 4829 2908 4893 ὡς
2927 4829 3150 4898 νεφέλη
3173 4833 3419 4901 πρωϊνὴ,
3447 4836 3543 4888 καὶ
3559 4838 3639 4903 ὡς
3659 4838 3869 4908 δρόσος

2309 4918 2548 4987 ὀρθρίνὴ
2581 4920 2972 4989 πορευομένη.

2379 5011 2496 5065 EI".
2529 5011 2641 5063 Οὐκ
2668 5012 3013 5083 ήπορηκότος
3052 5014 3080 5067 6
3113 5015 3288 5084 λόγος’
3319 5018 3380 5071 οὐ
3409 5020 3515 5090 γὰρ
3555 5022 3621 5076 ἂν
3644 5024 3868 5097 ἠγνόησε

2309 5101 2442 5167 Θεὸς
2478 5102 2538 5155 τὸ
2584 5105 2697 5165 τοῖς
2744 5104 3117 5175 πλανωμένοις
3161 5111 3456 5180 χρήσιμον’
3508 5114 3624 5168 ἀλλ’
3666 5118 3776 5171 οὐδ’
3811 5118 3870 5172 ἂν

2310 5194 2537 5265 ἠτόνησε
2595 5193 2730 5265 πρὸς
2773 5196 3108 5265 κατόρθωσιν
3138 5200 3246 5251 τῶν
3292 5201 3519 5270 ὠφελεῖν
3558 5211 3868 5277 πεφυκότων

2309 5285 2437 5347 τοὺς
2469 5285 2582 5346 τοῖς
2607 5283 2928 5348 διαϐολικοῖς
2959 5288 3244 5352 ἐναλόντας
3269 5290 3500 5361 βρόχοις.
3538 5294 3866 5351 Ἐπαιτιᾶται

2309 5376 2365 5430 δὲ
2403 5376 2626 5448 μᾶλλον,
2655 5378 3032 5443 ἐκλελοιπότος
3064 5381 3163 5450 μὲν
3192 5383 3377 5447 αὐτοῖς
3403 5385 3509 5437 τῶν
3550 5387 3687 5457 πρὸς
3715 5390 3866 5460 θερα-

2310 5468 2470 5521 πείαν
2498 5468 2739 5532 οὐδενὸς,
2771 5468 3097 5534 ὲθελουσίοις
3137 5472 3193 5525 δὲ
3242 5474 3443 5543 μᾶλλον
3493 5477 3868 5551 έκκεκλικὸτας

2308 5562 2505 5632 ὁρμαῖς
2534 5561 2629 5613 ἐπὶ.
2654 5560 2715 5612 τὸ
2740 5561 2872 5631 δρᾷν
2903 5560 2937 5615 ἀ
2978 5564 3051 5634 μὴ
3094 5564 3268 5635 θέμις.
3318 5567 3543 5638 Ὅμοιον
3577 5572 3686 5641 γὰρ
3718 5572 3791 5633 ὡς
3823 5569 3865 5622 εί

2310 5655 2404 5707 καὶ
2443 5651 2591 5721 λέγοι
2648 5650 2831 5722 τυχόψ
2869 5654 3024 5721 Ποῖος
3059 5656 3165 5729 ἄρα
3194 5658 3407 5727 φειδοῦς
3441 5662 3532 5714 xal.
3562 5661 3865 5733 ἐπικουρίας

712 5840 758 5875 ⁸⁸
786 5839 998 5896 Coloss.
1030 5853 1111 5906 ιιι,
1142 5838 1192 5892 1.
1269 5837 1312 5870 ⁶⁹
1341 5836 1382 5892 Il
1403 5835 1529 5895 Cor.
1565 5850 1616 5903 v,
1648 5834 1730 5889 15.
1807 5835 1853 5867 ’⁷ο
1877 5832 2018 5890 Psal.
2048 5850 2195 5903 Lvtv,

2304 5877 2306 5887 ,
2381 5834 2631 5891 “Matth.
2689 5852 2804 5905 xm,
2837 5837 2892 5891 8.

528 6552 535 6555 '
578 6546 909 6558 M'-g-,—TT‘
916 6546 1055 6558 37—?
1062 6546 1095 6547 ἐ
1116 6546 1187 6548 7v
1212 6546 1229 6547 κ
