4094 6550
220 398 335 456 165

1154 400 1707 460 COMMENTARIUS
1741 402 1810 459 IN
1849 401 2073 459 OSEMI
2114 404 2553 462 PROPIIETAM.

3373 412 3475 468 166

214 511 319 564 οὐκ
361 509 660 580 ἐξηύρηται
692 512 933 582 τρόπος;
968 510 1063 565 καὶ
1096 510 1147 564 τί
1180 512 1297 582 μετ’
1338 514 1523 569 ἐκεῖνα
1555 515 1797 586 ποιήσω;

1903 525 1986 569 tus
2018 530 2122 569 non
2167 516 2282 571 CSI?
2324 526 2376 569 ct
2422 518 2547 585 quid
2596 528 2715 585 post
2763 532 2874 573 naac
2918 518 3155 574 faciam?
3209 530 3477 590 quomodo

208 600 532 671 ἀποκρούσῃ
559 601 612 653 δὲ
642 603 790 665 ὅπως
823 603 923 673 τὴν
955 603 1299 673 ἀρῤωστίαν;
1344 604 1376 675 ἢ
1408 606 1585 668 ποίοις
1612 605 1796 660 λοιπὸν

207 693 529 765 ἁγιασθήσῃ
561 694 905 763 φαρμάκοις;
951 694 1106 764 Ἐξῆν
1135 694 1233 764 μὲν
1262 695 1370 767 γὰρ
1396 696 1523 766 ὑμῖν
1548 696 1623 760 ὡς
1650 697 1801 766 νεφέ-

208 782 312 855 λης
342 782 826 854 καταπιαινούσης,
873 784 966 836 καὶ
1010 784 1214 855 σφόδρα
1253 784 1541 849 πλουσίως,
1583 788 1677 840 καὶ
1724 786 1799 850 ὼς

210 876 592 949 καταρδούσης
622 877 814 947 δρόσου
853 877 953 948 τῆς
996 877 1224 949 ἑωθινῆς
1274 879 1599 949 μεταλαχεῖν
1641 879 1794 932 δύνα-

213 965 363 1029 σθαι,
402 968 497 1019 καὶ
541 964 699 1018 τοῦτο
732 965 1085 1037 ἀμφιλαφῶς,
1147 968 1243 1037 τῆς
1283 967 1423 1038 ὲμῆς
1463 969 1798 1040 ἡμερότητος

212 1058 312 1110 καὶ
378 1056 714 1128 ἀσυγκρίτου
783 1057 1191 1128 φιλανθρωπίας
1214 1075 1226 1088 ·
1308 1060 1422 1113 ἀλλ’
1473 1060 1683 1123 οὐδενὸς
1736 1062 1798 1114 τὸ

214 1149 428 1220 χρῆμα,
448 1151 605 1221 φησὶ,
639 1148 913 1219 ἠξιώσατε
941 1150 1100 1220 λόγου
1126 1167 1139 1181 ·
1172 1152 1302 1223 παρ’
1324 1152 1474 1205 οὐδὲν
1498 1153 1797 1224 πεποίησθε

210 1240 314 1312 τὴν
345 1238 485 1293 οὕτω
518 1242 721 1312 σεπτὴν
750 1241 844 1295 καὶ
867 1241 1195 1296 πολύευκτον
1228 1244 1412 1314 χάριν.

299 1332 585 1402 Ἀρμόσειε
615 1331 659 1385 δ’
693 1332 757 1387 ἂν
786 1333 866 1386 ὃτι
897 1332 1129 1403 μάλιστα
1152 1336 1218 1404 τῇ
1246 1333 1335 1386 διὰ
1361 1334 1596 1404 Χριστοῦ
1622 1334 1800 1406 δωρεᾷ

212 1423 316 1493 τῆς
344 1424 731 1495 προφητείαςὴ
756 1423 1003 1494 δύναμις.
1027 1424 1198 1488 Αὐτὸς
1222 1425 1330 1496 γάρ
1357 1428 1504 1479 ἐστιν
1534 1429 1566 1497 ἡ
1597 1428 1798 1496 κατάρ-

211 1513 379 1567 δουσα
415 1515 634 1584 νεφέλη,
688 1518 721 1585 ἡ
750 1516 1188 1570 καταπιαίνουσα
1235 1517 1456 1588 δρόσος·
1484 1518 1680 1587 ἑωθινὴ
1719 1517 1794 1585 δὲ,

213 1605 299 1658 ὃτι
347 1607 488 1676 μετά
523 1607 693 1660 νύκτα
734 1607 937 1679 τρόπον
982 1607 1104 1662 τινὰ
1151 1607 1252 1679 τὴν
1282 1609 1357 1672 ὠς
1397 1611 1455 1662 ἐν
1498 1609 1657 1679 ἀχλύῖ
1704 1610 1797 1663 καὶ

216 1697 396 1767 σκότῳ
434 1700 732 1769 νοουμένην
783 1698 1093 1769 διαϐολικῷ.
1155 1700 1645 1773 Καταπεφοίτηκεν
1702 1697 1797 1755 οὖν

212 1789 526 1859 οὐρανόθεν.
570 1791 816 1858 ’Λφῖκται
852 1790 959 1860 γάρ
1002 1789 1210 1843 ἄνωθεν
1260 1791 1351 1844 καὶ
1397 1792 1546 1861 παρά
1582 1790 1794 1862 Πατρὸς

1901 608 2145 661 morbum
2176 607 2514 677 proﬂigahis?
2552 608 2658 678 97
2713 618 2805 663 aut
2847 612 3041 679 quibus
3094 615 3143 667 in
3201 625 3473 683 posterum

1899 698 2307 752 medicamentis
2353 702 2636 753 sanitatem
2681 702 2943 770 recipies?
2986 702 3118 757 Cum
3163 707 3304 759 enim
3341 707 3474 763 leni-

1900 799 2061 853 tatem
2092 800 2145 846 et
2172 791 2643 861 incomparabilem
2680 793 3064 862 benignitatem
3096 812 3262 849 meam
3298 809 3354 851 ut
3377 816 3475 852 nu-

1898 885 2018 940 bem
2087 884 2549 940 abundantissime
2609 885 3131 955 pinguel‘acientcm,
3182 899 3327 943 etut
3392 908 3473 946 ro-

1900 992 2013 1032 rem
2043 979 2361 1031 matutinum
2403 978 2620 1045 copiose
2658 968 2970 1047 irriganicm
3004 984 3260 1047 consequi
3292 998 3476 1049 posse.

1899 1068 1990 1134 tis,
2016 1082 2126 1121 rem
2155 1076 2356 1120 tantam
2397 1066 2547 1120 nihili
2580 1066 2819 1129 fecistis;
2877 1066 3105 1135 gratiam
3136 1067 3270 1123 adeo
3313 1086 3476 1126 vene-

1900 1160 2122 1215 randam
2154 1168 2208 1215 et
2253 1159 2503 1214 omnibus
2554 1159 2691 1214 votis
2736 1159 3090 1227 exoptandam
3148 1162 3474 1233 contempsi-

1898 1250 2017 1306 stis.

1968 1338 2244 1409 Praecipue
2280 1348 2456 1393 autem
2484 1340 2536 1393 in
2569 1340 2909 1394 donationem
2942 1354 3038 1409 per
3071 1341 3345 1399 Christum
3376 1345 3477 1398 hoc

1897 1431 2215 1487 vaticinium
2243 1431 2547 1501 quadrahit.
2582 1432 2707 1486 Ηιεα
2736 1441 2818 1486 est
2852 1448 3085 1502 namque
3113 1434 3343 1505 irrigans
3373 1451 3475 1488 nu-

1898 1521 2012 1584 bes,
2038 1518 2444 1590 pinguefaciens
2489 1536 2609 1585 ros;
2671 1530 2726 1574 et
2785 1522 3101 1586 matutinus,
3144 1525 3267 1591 quia
3323 1524 3475 1592 quasi

1899 1623 2018 1683 post
2046 1623 2281 1675 noctem,
2321 1628 2438 1681 quzc
2469 1613 2520 1666 in
2562 1612 2791 1683 caligine
2836 1625 2891 1668 et
2932 1617 3168 1670 tenebris
3201 1616 3478 1672 diabolicis

1899 1704 2236 1775 intelligitur.
2281 1703 2570 1758 Descendit
2613 1704 2775 1773 igitur
2823 1705 2889 1759 de
2944 1707 3099 1760 ccelo.
3147 1705 3301 1760 Venit
3335 1707 3474 1762 enim

1898 1796 2129 1864 desuper
2155 1807 2207 1849 ct
2230 1813 2256 1847 a
2290 1795 2445 1849 Patte
2478 1796 2541 1847 ad
2574 1812 2671 1849 nos
2699 1796 2951 1851 Verbum.
2981 1817 2998 1846 ι
3027 1798 3419 1861 Pertransiens,
3450 1818 3468 1850 ι

213 1883 352 1952 πρὸς
402 1884 549 1952 ἡμᾶς
604 1883 633 1934 ὁ
688 1882 882 1949 Λόγος.
931 1880 1361 1953 ιΠορευομένη»
1414 1860 1491 1945 δὲ,
1532 1883 1613 1935 ὅτι
1651 1860 1793 1935 κατά

1901 1886 2026 1957 quia
2060 1901 2155 1955 per
2176 1902 2390 1940 onmem
2432 1887 2519 1954 qui
2556 1886 2655 1940 sub
2683 1887 2819 1942 cado
2854 1898 2932 1941 cst
2987 1891 3239 1943 mundum
3285 1906 3476 1959 perva-

213 1975 397 2045 πάσης
427 1974 645 2044 ἔρχεται
673 1972 773 2043 τῆς
810 1974 900 2026 ὑπ’
944 1973 1191 2044 οὐρανόν.
1236 1975 1419 2028 Πλατὺ
1453 1975 1562 2045 γάρ
1587 1974 1707 2028 λίαν
1735 1974 1794 2026 τὸ

214 2066 483 2136 σωτήριον
524 2065 805 2136 κήρυγμα,
870 2064 962 2116 καὶ
1015 2064 1233 2134 ἁπάσης
1279 2066 1376 2136 τῆς
1432 2065 1521 2118 ὑπ’
1568 2065 1795 2136 οὐρανὸν

217 2157 501 2227 μονονουχὶ
532 2156 925 2227 κατευρύνεται
954 2173 965 2186 '
1001 2158 1179 2211 καίτοι
1203 2158 1294 2211 τοῦ
1314 2159 1476 2229 νόμου
1506 2158 1795 2211 συνεσταλ-

216 2250 382 2320 μένου
408 2249 607 2320 τρόπον
637 2249 779 2313 τινὰ,
814 2250 907 2302 καὶ
942 2249 1111 2319 μόνην
1146 2249 1243 2320 τὴν
1279 2248 1541 2302 Ἰουδαίων
1569 2265 1796 2320 περιπο⁴

212 2337 433 2401 λοῦντος
467 2336 669 2409 χώραν.
723 2356 740 2388 ι
764 2336 1010 2401 Γνωστὸς
1053 2338 1150 2407 μὲν
1177 2338 1284 2408 γὰρ
1310 2334 1375 2409 ἦν
1405 2341 1461 2391 ἐν
1500 2339 1728 2411 Ἰουδαίᾳ
1767 2340 1795 2391 ό

212 2430 367 2494 Θεὸς,
394 2452 413 2482 ι
461 2431 603 2485 κατὰ
632 2430 731 2502 τὴν
757 2429 851 2483 τοῦ
884 2430 1190 2494 Ψάλλοντος
1229 2435 1429 2502 φωνήν.
1457 2433 1698 2500 Ἔγνωκε
1740 2432 1794 2485 δὲ

212 2524 249 2595 ἠ
302 2522 562 2594 σύμπασα
603 2521 696 2575 τὸν
747 2524 856 2574 τῶν
913 2520 1050 2574 ὅλων
1085 2521 1315 2593 Σωτῆρα
1355 2522 1447 2574 καὶ
1476 2522 1793 2593 Λυτρωτὴν,

208 2615 458 2669 τουτέστι
486 2615 739 2685 Χριστόν.
802 2672 807 2677 η

282 2708 389 2761 Διὰ
449 2706 626 2761 τοῦτο
686 2704 1013 2775 ἁπεθέρισα
1061 2705 1203 2771 τοὺς
1247 2704 1560 2774 προφήτας
1604 2703 1792 2774 ὑμῶν,

208 2798 535 2853 ἀπέκτεινα
566 2798 788 2865 αὐτοὺς
814 2799 884 2853 ἐν
910 2798 1130 2868 ῥήματι
1157 2800 1455 2867 στόματός
1475 2815 1616 2867 μου.

282 2892 401 2945 ΞΔἏ
434 2891 649 2955 Φειδοῦς
674 2892 768 2945 καὶ
796 2893 1015 2961 ἀγάπης
1038 2893 1136 2961 τῆς
1162 2893 1240 2954 εἰς
1276 2891 1474 2953 αὐτοὺς
1497 2887 1792 2955 ἀπόδειξις,

209 2985 247 3054 ἠ
273 2984 388 3037 τῶν
410 2982 733 3037 πλανώντων
760 2984 1054 3056 ἀναίρεσις.
1081 2983 1337 3050 Γεγόνασι
1372 2980 1471 3052 μὲν
1492 2980 1595 3051 γὰρ
1609 2980 1795 3051 ψευδο-

210 3076 491 3145 προφῆται
540 3075 680 3129 κατά
722 3078 945 3147 καιροὺς
992 3075 1083 3128 ἐπὶ
1126 3075 1215 3128 τὸν
1271 3073 1505 3145 Ἰσραὴλ,
1550 3076 1660 3136 τοῖς
1700 3072 1793 3126 τοῦ

210 3166 367 3221 Βάαλ
400 3166 650 3237 τεμένεσι
690 3166 1164 3239 προσεδρεύοντες,
1202 3167 1296 3219 καὶ
1328 3164 1656 3228 πλανῶντες,
1696 3164 1792 3218 καὶ

221 3256 594 3327 πλανώμενοι,
619 3260 760 3311 κατά
786 3256 847 3309 τὸ
875 3258 1279 3328 γεγραμμένον.
1305 3256 1449 3327 Πλὴν
1497 3256 1793 3327 ἀνῄρηνται

209 3347 358 3402 κατά
389 3348 632 3419 καιροὺς,
677 3348 1143 3419 προηγορευκότος
1188 3349 1280 3402 καὶ
1308 3347 1463 3400 τοῦτο
1504 3347 1661 3413 Θεοῦ,
1704 3349 1799 3401 καὶ

208 3439 368 3491 ὁσίαν
403 3438 488 3490 ἐπ’
528 3439 709 3499 αὐτοῖς
753 3437 1129 3504 ὲξενεγκόντος
1160 3437 1257 3507 τὴν
1289 3436 1488 3505 ψῆφον.
1524 3437 1662 3499 Τοὺς
1700 3435 1798 3507 μὲν

208 3530 327 3601 γάρ
388 3530 598 3582 ἀνεῖλεν
664 3528 840 3581 Ἠλιοῦ
898 3528 1047 3600 παρὰ
1097 3528 1156 3580 τὸ
1206 3528 1351 3582 Βάαλ
1396 3528 1795 3599 θυσιαστήριον,

208 3620 696 3689 εἰκαιομυθοῦντάς
748 3637 808 3672 τε
862 3620 956 3673 καὶ
1015 3620 1308 3689 λέγοντας·
1392 3638 1410 3671 ι
1465 3622 1797 3674 Ἐπάκουσον

210 3711 376 3782 ἡμῶν
396 3713 425 3764 ό
448 3710 614 3775 Βάαλ,
640 3710 946 3765 ἐπάκουσον
967 3710 1125 3781 ἡμῶν
1149 3728 1162 3741 ·
1190 3731 1208 3762 ι
1237 3712 1363 3775 τοὺς
1389 3711 1445 3765 δὲ
1477 3712 1798 3765 ἀπέκτεινεν

224 3805 395 3874 Ἰηοὺ,
438 3803 496 3856 ὃν
531 3803 756 3875 κέκρικε
794 3801 1015 3871 βασιλέα
1040 3802 1135 3856 ἐπὶ
1174 3802 1260 3856 τὸν
1304 3803 1521 3874 Ἰσραὴλ
1556 3807 1583 3857 ὁ
1624 3806 1799 3875 μακά-

216 3912 341 3967 ριος
383 3895 667 3966 προφήτης
718 3894 989 3948 Ἑλισσαιὲ
1036 3894 1102 3948 δι’
1145 3896 1261 3958 ἑνὸς
1310 3895 1420 3949 τῶν
1474 3896 1794 3967 παιδαρίων,

211 3986 355 4040 Θεοῦ
380 3988 473 4040 καὶ
504 3987 661 4040 τοῦτο
694 3986 947 4056 γενέσθαι
971 3988 1412 4059 προστάττοντος.
1451 3990 1544 4053 Ὃς
1564 3990 1686 4042 έπεί
1716 4006 1799 4042 τοι

215 4079 530 4150 κέχρισται.
565 4077 699 4131 Θεοῦ
721 4082 829 4142 τοῖς
860 4079 1135 4133 πλανῶσιν
1166 4080 1605 4151 έπιμηνίσαντος,
1646 4081 1798 4152 πρῶ-

211 4185 304 4222 τον
345 4168 443 4239 μὲν
472 4167 647 4221 ἀνεῖλε
676 4167 766 4220 τὸν
796 4167 1020 4238 Ἀχαά6,
1047 4169 1132 4222 ἐπ’
1155 4168 1300 4239 αύτῷ
1325 4168 1381 4222 δὲ
1413 4167 1510 4239 τὴν
1545 4166 1797 4233 Ἰεζάϐελ,

213 4257 341 4315 εἶτα
374 4260 501 4324 τοὺς
531 4261 681 4324 υἱοὺς
709 4259 896 4323 αὑτοῦ,
918 4261 1043 4324 τοὺς
1077 4262 1132 4313 ὲν
1163 4260 1259 4332 ὅλῃ
1287 4258 1586 4331 Σαμαρείᾳ.
1626 4261 1800 4330 Προσ-

215 4354 586 4426 ποιησάμενος
622 4352 677 4406 δὲ
711 4352 770 4405 τὸ
801 4351 1085 4422 βούλεσθαι
1133 4351 1226 4404 καὶ
1257 4350 1524 4404 ἐπιτελεῖν
1548 4350 1625 4420 τῷ
1654 4350 1801 4405 Βάαλ

215 4446 456 4517 ἑορτὴν,
508 4447 716 4508 πάντας
762 4443 1085 4514 συνεκόμισε
1136 4443 1263 4504 τοὺς
1315 4441 1797 4513 ψευδοπροφήτας,

1896 1979 1988 2056 sit.
2028 1979 2194 2035 Valde
2228 1981 2371 2033 enim
2423 1980 2527 2034 late
2567 1979 2756 2034 dill'usa
2803 1980 3097 2036 Salvatoris
3144 1984 3473 2049 prmdiratio,

1898 2085 2101 2141 perque
2136 2071 2411 2125 universas
2434 2071 2580 2124 orbis
2607 2072 2910 2139 provincias
2937 2082 3138 2125 tantum
3175 2088 3278 2127 n0n
3306 2075 3476 2128 instar

1896 2164 2154 2233 germinis
2180 2164 2397 2217 dilatata
2445 2179 2506 2217 ac
2542 2174 2831 2233 propagata
2879 2175 2979 2229 est,
3014 2180 3135 2218 cum
3186 2165 3293 2232 lex,
3320 2165 3473 2235 “quasi

1896 2266 2194 2321 contracta,
2244 2257 2412 2311 solam
2459 2255 2761 2311 Juda'orum
2815 2258 3144 2325 provinciam
3198 2260 3472 2329 complexa

1898 2348 1989 2403 sit.
2020 2369 2036 2400 ι
2068 2347 2237 2402 Notus
2260 2349 2401 2403 enim
2431 2348 2481 2401 in
2514 2346 2694 2402 Judwa
2747 2348 2884 2401 [)eus
2912 2350 2979 2412 τ’,
3019 2366 3037 2399 ι
3084 2349 3239 2419 juxta
3288 2366 3471 2406 vocem

1896 2442 2213 2496 Psalmistae.
2264 2439 2431 2494 Totus
2467 2450 2651 2493 contra
2698 2450 2960 2493 terrarum
3008 2441 3153 2496 orbis
3195 2443 3473 2498 universo-

1900 2551 2013 2588 rum
2074 2532 2358 2588 Dominum
2411 2530 2879 2601 Salt'atoremquc,
2924 2534 3023 2587 hoc
3059 2546 3139 2588 cst
3177 2536 3472 2600 Christum,

1897 2625 2166 2694 cognovit.

1966 2718 2131 2773 Vens.
2184 2717 2237 2771 5.
2282 2713 2564 2783 Propterea
2609 2714 2870 2767 demessui
2928 2716 3204 2783 proli/tetas
3255 2726 3471 2781 vestros,

1897 2810 2063 2864 occidi
2088 2824 2172 2861 eos
2199 2808 2250 2860 in
2287 2809 2435 2860 verba
2472 2807 2580 2859 oris
2616 2806 2737 2858 mei.

1966 2898 2151 2954 LXIV.
2178 2897 2520 2966 Indulgentia:
2552 2907 2604 2950 et
2638 2896 2921 2951 charitatis
2960 2896 3010 2948 in
3051 2897 3208 2965 ipsos
3254 2898 3474 2951 demon-

1897 2993 2108 3055 stratio,
2160 2991 2528 3047 scducentium
2576 2988 2898 3044 interfectio.
2951 2988 3288 3044 Exstiterunt
3327 2993 3473 3045 enim

1897 3084 2182 3154 aliquando
2219 3083 2698 3154 pseudoprophetaa
2737 3083 2788 3137 in
2836 3081 3025 3147 Israel,
3067 3082 3304 3137 delubris
3348 3083 3473 3138 Baal

1898 3176 2216 3237 assidentes,
2281 3172 2601 3228 seducentes
2637 3181 2691 3227 et
2717 3172 2924 3227 seducti
2988 3172 3055 3237 ⁷³,
3104 3182 3163 3226 ut
3205 3173 3466 3243 scriptum

1900 3276 2001 3322 est.
2039 3265 2421 3320 Verumtamen
2470 3265 2662 3319 deinde
2704 3264 2898 3318 sublati
2933 3273 3060 3317 sunt
3089 3279 3117 3318 e
3149 3264 3343 3330 medio,
3375 3280 3471 3332 po-

1898 3364 2109 3425 stquam
2166 3364 2222 3409 et
2264 3355 2363 3409 hoc
2410 3354 2549 3408 Deus
2612 3356 2893 3423 praedixit,
2948 3363 3001 3407 et
3042 3353 3242 3423 justam
3286 3357 3337 3408 in
3381 3372 3475 3410 eos

1901 3445 2224 3500 sententiam
2265 3445 2405 3497 tulit.
2449 3444 2599 3497 Alios
2633 3443 2776 3497 enim
2819 3445 3016 3497 occidit
3047 3445 3191 3498 Elius
3218 3445 3367 3510 juxta
3392 3447 3473 3498 al-

1904 3546 2015 3589 tare
2037 3534 2190 3599 Baal,
2216 3535 2393 3589 inania
2427 3535 2747 3602 garrientes,
2785 3535 3128 3603 dicentesqne
3161 3551 3175 3589 :
3219 3553 3237 3585 ι
3273 3535 3473 3589 Exaudi

1903 3641 2019 3690 nos,
2050 3625 2196 3689 liaal,
2225 3626 2413 3678 exaudi
2449 3639 2547 3678 nos
2586 3624 2664 3689 7‘;
2706 3642 2724 3676 ι
2776 3624 2909 3679 alios
2937 3623 3071 3678 Jehu
3101 3640 3256 3692 quem
3289 3627 3475 3680 beatus

1901 3719 2163 3787 propheta
2193 3716 2400 3770 Eliseus
2437 3732 2530 3784 per
2566 3716 2836 3770 servulum
2880 3730 3042 3784 super
3090 3715 3253 3770 Israel
3296 3732 3474 3787 regem

1904 3809 2054 3861 unxit
2079 3809 2147 3873 ⁷⁸,
2188 3809 2293 3862 Deo
2321 3818 2375 3861 ct
2406 3810 2508 3861 hoc
2542 3809 2860 3877 imperante.
2902 3806 3002 3874 Qui
3033 3808 3123 3862 ubi
3150 3818 3342 3862 unctus
3369 3820 3474 3873 est,

1906 3900 2010 3954 Deo
2040 3901 2424 3969 impostoribus
2456 3902 2614 3962 irato,
2665 3900 2895 3969 primum
2927 3900 3142 3969 quidem
3179 3902 3296 3956 neci
3332 3902 3478 3956 dedit

1899 3991 2107 4057 Achab,
2160 4000 2277 4059 post
2314 3992 2487 4061 ipsum
2532 3989 2768 4058 Jezabel,
2818 3992 3010 4045 deinde
3044 3992 3184 4045 ﬁlios
3233 3993 3348 4061 ejus
3383 4007 3480 4061 per

1904 4088 2067 4133 totam
2104 4076 2426 4134 Samariam.
2462 4077 2526 4132 Et
2558 4079 2820 4134 simulans
2843 4079 2976 4133 velle
3017 4095 3075 4134 se
3111 4080 3236 4133 Baal
3282 4080 3475 4135 festum

1903 4186 2083 4240 agere,
2119 4186 2309 4226 omnes
2371 4171 2865 4241 pseudopmphetas
2908 4175 3275 4241 congregavit,
3313 4174 3481 4227 sacri-

1904 4263 2190 4332 ﬁciumque
2239 4271 2537 4332 praetexens
2566 4302 2580 4328 ,
2614 4263 2665 4316 in
2701 4265 2859 4318 domo
2885 4263 3167 4317 conclusos
3218 4263 3282 4316 ad
3314 4279 3476 4325 unum

1903 4357 2152 4426 peremit.
2186 4354 2431 4409 Detraxit
2462 4354 2587 4410 item
2624 4355 2748 4409 Baal
2786 4357 2980 4425 ipsum,
3008 4365 3061 4410 et
3106 4367 3313 4410 statuas
3361 4357 3478 4425 ejus

1905 4447 2133 4515 exussit,
2164 4455 2222 4500 ut
2258 4446 2450 4503 litteris
2474 4450 2783 4501 mandatum
2810 4458 2910 4501 est.
2942 4448 3283 4518 Indulgentiae
3319 4448 3481 4518 igitur

216 4541 311 4592 καὶ
352 4537 499 4590 Θύειν
534 4536 986 4608 ὑποκρινάμενος,
1040 4534 1484 4604 συνειλεγμένους
1534 4536 1612 4598 είς
1652 4530 1796 4588 οἷκον

1905 4549 1960 4597 ει
1992 4541 2297 4606 charitatis,
2324 4549 2381 4594 ut
2409 4539 2543 4603 dixi,
2581 4538 2693 4610 98
2722 4555 2847 4607 erga
2893 4539 3143 4593 lsraelem
3194 4555 3480 4610 argumen-

214 4628 536 4697 ἀπέσφαξεν
588 4628 709 4680 καθ’
742 4627 860 4681 ἕνα.
908 4626 1237 4680 Κατέσπασε
1289 4625 1345 4678 δὲ
1381 4626 1473 4677 καὶ
1512 4625 1675 4678 αὑτὸν
1707 4626 1798 4679 τὸν

218 4719 391 4781 Βάαλ,
440 4717 532 4769 καὶ
586 4718 684 4779 τὰς
728 4715 926 4787 στήλας
956 4715 1118 4768 αὑτοῦ
1161 4715 1464 4786 ἐνέπρησε·
1498 4715 1807 4787 γέγραπται

216 4810 325 4881 γὰρ
360 4809 478 4864 ὡδί.
532 4808 742 4863 Οὐκοῦν
772 4809 855 4861 ὅτι
884 4807 1114 4876 φειδοῦς,
1143 4808 1234 4861 καὶ
1268 4807 1506 4878 ἀγάπης,
1543 4808 1617 4872 ὼς
1646 4806 1803 4878 ἔφην,

217 4900 315 4970 τῆς
366 4901 446 4964 εἷς
486 4917 549 4969 γε
593 4900 683 4953 τὸν
724 4900 939 4971 Ἰσραὴλ
982 4898 1254 4965 ἀπόδειξις
1292 4894 1361 4968 ἦν
1401 4900 1433 4970 ἡ
1470 4899 1578 4953 τῶν
1614 4899 1806 4969 ψευδο-

1908 4643 2015 4685 tum
2047 4630 2406 4684 certissimum
2447 4645 2569 4683 esse
2616 4633 3211 4700 pseudOprOphetarmn
3256 4632 3477 4692 cwdem,

1904 4722 2086 4776 docuit
2117 4721 2198 4774 bis
2236 4721 2414 4775 verbis
2445 4739 2457 4773 :
2500 4739 2517 4771 ι
2562 4719 2849 4789 Propterea
2876 4723 3145 4775 demessui
3189 4725 3480 4791 prophetas

1910 4822 2139 4866 vestros.
2177 4829 2196 4862 ι
2242 4812 2498 4881 Apposite
2538 4832 2555 4863 ι
2611 4812 2899 4876 demessui,
2958 4832 2976 4865 ι
3032 4814 3229 4883 inquit;
3288 4831 3481 4883 magno

1910 4903 2053 4957 enim
2088 4919 2331 4968 numero,
2366 4905 2537 4956 instar
2577 4905 2845 4973 spicarum
2879 4905 3108 4960 demessi
3149 4908 3481 4962 ceciderunt.

220 4990 517 5061 προφητῶν
568 4989 868 5060 ἀναίρεσις,
912 4990 1168 5055 ἐδίδαξεν,
1228 4989 1397 5043 εἰπών
1427 5007 1439 5019 ’
1469 5010 1487 5041 ι
1508 4991 1607 5044 Διά
1647 4990 1804 5045 τοῦτο
1843 4992 2145 5065 ἀπεθέρισα
2205 4996 2330 5059 τοὺς
2374 4998 2659 5068 προφήτας
2691 4996 2866 5066 ὑμῶν.
2899 5017 2918 5051 ι
2960 4994 3032 5052 Εὖ
3057 4998 3112 5052 δὲ
3145 4997 3209 5070 δὴ
3241 4999 3360 5052 λίαν
3392 4999 3482 5053 καὶ

221 5083 302 5147 τὸ,
334 5102 353 5135 ‹
384 5083 704 5153 ἀπεθέρισα,
733 5101 751 5134 ι
783 5084 935 5152 φησί.
968 5081 1296 5135 Πεπτώκασι
1329 5082 1438 5154 γὰρ
1471 5084 1611 5137 κατά
1643 5084 1872 5156 πληθὺν,
1902 5087 2188 5157 ἀσταχύων
2215 5088 2370 5158 δίκην
2402 5087 2702 5159 ἀμώμενοι.

291 5173 406 5230 Καὶ
450 5174 513 5225 τὸ
554 5171 729 5241 κρῖμά
770 5189 890 5241 μου
922 5172 1003 5237 ὠς
1043 5171 1169 5241 φῶς
1212 5172 1611 5239 ἐξελεύσεται,
1656 5173 1803 5227 διότι

223 5268 398 5333 ἕλεος
443 5266 631 5329 θέλω,
677 5265 714 5331 ἢ
760 5267 999 5330 θυσίαν,
1042 5264 1140 5319 καί
1169 5265 1496 5333 ἐπίγνωσιν
1543 5265 1722 5334 Θεοῦ,
1762 5266 1802 5337 ἢ

227 5356 707 5425 ὁλοκαυτώματα.

297 5449 415 5503 ΞΕ’.
459 5448 687 5519 Ἕτερον
744 5448 875 5518 ἡμῖν
921 5444 1134 5515 φειδοῦς
1180 5446 1276 5500 καὶ
1320 5445 1539 5516 ἀγάπης
1580 5448 1681 5517 τῆς
1723 5447 1804 5510 είς

226 5538 422 5604 αὐτοὺς
455 5540 730 5611 ἐξηγεῖται
778 5539 1000 5610 τρόπον,
1040 5537 1117 5603 ὃς,
1164 5538 1320 5609 είπερ
1346 5538 1621 5591 τετέλεστο
1661 5539 1803 5593 κατὰ

229 5630 289 5685 τδ
326 5630 476 5701 αύτῷ
514 5630 726 5697 δοκοῦν,
778 5631 1017 5685 σέσωστο
1077 5630 1297 5702 σύμπας
1339 5633 1367 5685 ό
1421 5630 1655 5703 Ἰσραὴλ,
1710 5633 1804 5685 καὶ

1988 5177 2143 5231 Vens.
2172 5178 2223 5233 6.
2267 5178 2336 5231 EI
2351 5180 2617 5244 judicium
2652 5196 2819 5233 meum
2850 5183 3001 5251 quasi
3044 5182 3140 5235 lux
3170 5183 3477 5253 egredietur,

1908 5270 2031 5339 quia
2060 5270 2471 5324 misericordiam
2498 5272 2630 5337 volo,
2659 5280 2709 5326 et
2739 5288 2842 5326 non
2869 5274 3208 5345 sacriﬁcium,
3240 5285 3286 5328 el
3315 5275 3482 5328 scien-

1911 5360 2037 5413 tiam
2064 5361 2157 5414 Dei
2187 5364 2355 5432 magis
2387 5380 2543 5433 quam
2566 5363 2889 5420 holocausta.

1983 5450 2142 5505 LXV.
2177 5454 2352 5507 Alium
2383 5456 2728 5525 indulgentia:
2762 5458 3154 5527 cliatitatisque
3184 5473 3309 5527 erga
3361 5457 3478 5512 illos

1910 5547 2125 5598 modum
2160 5556 2403 5611 enarrat,
2445 5547 2535 5616 qui
2571 5550 2637 5611 si,
2673 5556 2730 5602 ut
2760 5549 2873 5618 ipse
2924 5549 3153 5611 volebat,
3202 5552 3267 5601 ad
3320 5550 3475 5601 linem

1910 5636 2202 5704 perductus
2227 5635 2385 5702 foret,
2421 5639 2704 5695 universus
2741 5639 2903 5695 Israel
2939 5651 2993 5695 et
3036 5640 3203 5695 Judas
3235 5650 3481 5696 servatus

300 5811 347 5845 ⁷³
388 5810 535 5868 Ps‘al.
565 5826 729 5883 Luv,
753 5812 809 5868 2.
883 5812 931 5845 ’⁷³
967 5810 1157 5868 Matth.
1199 5827 1347 5876 amr,
1383 5811 1467 5866 ll.
1499 5810 1544 5843 ”
1570 5808 1633 5865 Ill
1672 5808 1797 5875 Reg.

1901 5824 1993 5866 ’ttt.
2034 5808 2124 5865 26.
2201 5810 2339 5866 "IV
2391 5810 2521 5882 Reg.
2560 5829 2635 5880 Ix,
2689 5816 2739 5869 I.
