4094 6572
641 402 743 457 ‘lb’7
1629 404 1688 461 S.
1730 405 2000 464 CYRILLI
2038 406 2513 463 ALEXANDRINI
2548 407 2870 463 ARCIIIEP.
3806 413 3899 469 168

635 532 805 577 esset.
842 518 956 575 Non
988 518 1130 575 enim
1160 522 1533 577 tantummodo
1568 524 1952 581 sceleratorum
1987 526 2217 596 prophe-

2332 527 2551 591 Ἰούδας.
2578 528 2652 579 Οὐ
2675 527 2785 598 γάρ
2811 527 2970 597 μόνον
3002 527 3099 599 τὴν
3130 528 3239 581 τῶν
3266 529 3495 582 ἀνοσίων
3523 529 3900 603 ψευδοπροφη-

635 625 811 669 tarum
844 612 1240 669 multitudinem
1266 614 1588 682 detotondit,
1622 616 1781 686 digna
1812 618 1865 671 in
1898 616 2020 673 illos
2044 628 2217 671 morte

2321 618 2431 671 τῶν
2450 618 2710 691 ἀπέκειρε
2735 618 2963 688 πληθὺν,
2987 618 3078 672 τὸν
3104 620 3284 683 αὐτοῖς
3308 620 3585 691 πρέποντα
3607 622 3904 691 καθορίσας

633 704 961 771 constituta;
999 705 1092 760 sed
1126 704 1289 759 etiam
1320 708 1657 777 temporibus
1684 710 1799 764 suis
1821 708 1996 778 ipsum
2021 709 2215 765 Filium

635 798 784 852 misit
819 798 959 854 Deus
992 806 1046 853 et
1081 798 1263 866 Pater,
1301 800 1394 869 qui
1439 803 1705 871 sanguine
1748 802 2042 860 Israelitico
2087 818 2214 873 pro-

631 899 849 959 gnatus,
883 906 992 961 prae
1018 891 1142 947 aliis
1184 891 1380 946 bonam
1421 893 1539 963 ejus
1582 894 1918 949 voluntatem
1950 895 2219 966 pateface-

633 989 739 1045 ret,
767 979 1140 1052 judiciumque
1188 983 1511 1040 declararet.
1556 984 1791 1041 Proinde
1840 986 2054 1042 dicebat
2086 986 2216 1041 illud

632 1086 730 1140 per
753 1087 815 1127 os
839 1074 1157 1129 Davidicum
1194 1095 1207 1131 :
1250 1093 1269 1127 ι
1308 1075 1419 1146 Ego
1452 1078 1779 1133 constitutus
1826 1094 1946 1133 sum
2006 1093 2098 1132 rex
2148 1079 2217 1132 ab

632 1177 698 1219 eo
732 1180 894 1229 super
943 1166 1076 1222 Sion
1122 1176 1358 1222 montem
1405 1178 1651 1223 sanctum
1706 1170 1847 1239 ejus,
1889 1170 2218 1225 annuntians

633 1267 959 1326 praeceptum
1008 1259 1219 1314 Domini
1266 1261 1334 1313 ".
1389 1279 1408 1311 ι
1461 1261 1527 1316 Et
1574 1277 1670 1331 per
1714 1264 1974 1331 seipsum,
2024 1263 2218 1318 similis

633 1347 805 1403 nostri
825 1347 1019 1411 factus,
1049 1349 1101 1404 id
1115 1358 1215 1413 est,
1241 1349 1404 1405 homo
1459 1370 1477 1402 ι
1499 1349 1545 1404 Α
1587 1352 1911 1421 meipsonou
1930 1352 2119 1423 loquor
2138 1353 2217 1420 '7;

632 1440 729 1495 sed
762 1440 853 1509 qui
888 1440 1034 1496 misit
1064 1456 1149 1496 me
1176 1439 1362 1506 Pater,
1413 1443 1528 1513 ipse
1572 1445 1845 1499 mandavit
1899 1446 2028 1499 mihi
2087 1444 2217 1514 quid

633 1531 831 1596 dicam,
858 1540 914 1586 et
937 1532 1061 1602 quid
1088 1532 1278 1603 loquar
1310 1534 1376 1587 ⁷⁸.
1418 1554 1435 1585 ι
1474 1535 1651 1604 lnquit
1677 1549 1827 1606 ergo,
1860 1554 1877 1587 ι
1912 1536 2221 1607 egredietur

627 1623 890 1693 judicium
920 1641 1094 1679 meum
1124 1636 1181 1679 ut
1216 1627 1329 1691 lux,
1365 1648 1384 1681 ι
1421 1629 1524 1684 hoc
1561 1640 1665 1694 est,
1692 1645 1798 1685 non
1841 1629 2219 1702 aenigmatibus

633 1717 955 1771 obumbrata
988 1717 1234 1773 voluntas
1269 1736 1407 1785 mea,
1439 1724 1532 1777 sed
1574 1723 1715 1777 nude
1761 1732 1817 1777 et
1860 1735 2046 1793 aperte
2098 1740 2219 1779 om-

635 1809 785 1863 nium
818 1810 1089 1865 mentibus
1137 1812 1441 1867 inhmrebit.
1490 1811 1627 1868 Olim
1673 1824 1855 1869 autem
1897 1825 2217 1884 prmsentem

2322 709 2574 777 θάνατον,
2622 710 2759 764 ἀλλά
2793 712 2887 764 καὶ
2929 710 3092 764 αὐτὸν
3132 711 3275 765 κατά
3309 713 3531 783 καιροὺς
3567 712 3787 784 έπεμψε
3823 716 3906 768 τὸν

2322 800 2451 854 Υίὸν
2492 803 2520 855 6
2555 801 2688 865 Θεὸς
2727 802 2822 855 καὶ
2874 801 3083 873 Πατὴρ,
3142 804 3510 875 σαφηνιοῦντα
3558 806 3655 860 καὶ
3690 807 3806 878 πρό
3848 824 3904 876 γε

2318 891 2426 945 τῶν
2460 891 2635 946 ἀλλων
2664 894 2776 956 τοῖς
2804 892 2865 958 ἐξ
2895 893 3129 964 αἵματος
3173 895 3390 967 Ἰσραὴλ
3416 898 3477 949 τὸ
3499 895 3702 965 ἀγαθὸν
3744 898 3903 951 αὐτοῦ

2320 981 2553 1053 θέλημα,
2598 987 2692 1037 καὶ
2742 985 2971 1055 ἐναργὲς
3019 985 3367 1039 καθιστῶντα
3396 987 3459 1040 τὸ
3497 992 3671 1061 κρῖμα
3718 989 3901 1045 αὐτοῦ.

2320 1075 2610 1148 Τοιγάρτοι
2633 1076 2941 1145 καὶςὲφασκε
2980 1078 3050 1131 τά
3087 1078 3218 1151 [διὰ]
3262 1080 3359 1150 μὲν
3392 1082 3574 1152 φωνῆς
3597 1081 3692 1136 τοῦ
3708 1083 3900 1136 Δαὸἱδ’

2326 1183 2345 1217 ι
2394 1166 2536 1235 Ἐγὼ
2556 1167 2612 1220 δὲ
2648 1167 2987 1239 κατεστάθην
3028 1170 3279 1239 βασιλεὺς
3306 1170 3398 1223 ὑπ’
3426 1172 3614 1237 αὐτοῦ,
3645 1174 3743 1226 ἐπὶ¹
3773 1174 3904 1227 Σιὼν

2320 1258 2445 1328 δρος
2473 1259 2533 1311 τὸ
2556 1260 2711 1329 ἅγιον
2737 1259 2927 1324 αὐτοῦ,
2964 1261 3293 1330 διαγγέλλων
3320 1263 3380 1317 τὸ
3427 1265 3759 1337 πρόσταγμα
3798 1268 3904 1320 Ku-

2324 1349 2506 1421 ρίου.»
2567 1352 2740 1415 Αὐτὸς
2769 1352 2826 1405 δὲ
2872 1353 2939 1407 δι’
2991 1353 3186 1407 ἐαυτοῦ
3235 1356 3522 1426 γενόμενος
3567 1357 3689 1410 καθ’
3737 1359 3900 1427 ἡμᾶς,

2319 1442 2623 1510 τουτέστιν,
2658 1443 2754 1498 ἀνθ
2765 1462 2945 1516 ρωπος
2969 1486 2983 1512 ,
3030 1465 3047 1495 ι
3072 1446 3193 1499 Ἀπ’
3215 1447 3454 1515 ἐμαυτοῦ
3484 1450 3543 1501 ού
3581 1448 3731 1501 λαλῶ
3752 1466 3764 1479 ·
3794 1449 3901 1503 ἀλλ’

2318 1536 2348 1589 6
2399 1534 2624 1605 πέμψας
2671 1554 2739 1608 με
2782 1536 2990 1608 Πατὴρ,
3038 1538 3203 1601 αὑτός
3248 1556 3339 1609 μοι
3386 1540 3606 1612 ἐντολὴν
3640 1540 3818 1595 ἔδωκε
3857 1540 3904 1593 τί

2321 1626 2495 1691 εἴπω,
2549 1626 2643 1680 καὶ
2700 1627 2754 1681 τί
2798 1625 3033 1698 λαλήσω.
3064 1645 3083 1678 ι
3117 1658 3193 1673 -ι
3223 1646 3243 1679 t
3273 1628 3643 1695 Ἐξελεύσεται
3688 1630 3757 1703 δὴ
3816 1627 3901 1685 οῦν

2319 1718 2381 1771 τὸ
2436 1717 2613 1788 κρῖμά
2671 1734 2807 1788 μου,
2853 1718 3056 1789 φησὶν,
3087 1718 3165 1781 ὡς
3204 1718 3380 1788 φῶς,›
3427 1720 3738 1788 τουτέστιν,
3796 1722 3902 1775 Οὐκ

2324 1812 2614 1882 αἰνίγμασι
2640 1810 3105 1882 κατεσκιασμένον
3151 1810 3213 1864 τὸ
3256 1809 3465 1881 θέλημα
3496 1811 3556 1865 τὺ
3585 1811 3741 1883 ἐμὸν,
3772 1812 3900 1868 ἀλλά

636 1899 1043 1956 Enunanuelem
1096 1903 1349 1959 seductos
1392 1918 1496 1957 non
1550 1903 1617 1958 ad
1672 1903 1869 1975 legales
1929 1906 2215 1978 religiones

2322 1899 2547 1971 γυμνῶς
2620 1900 2716 1954 καὶ
2780 1899 3077 1970 ἀκρύπτως
3127 1902 3249 1964 ταῖς
3310 1900 3566 1956 ἀπάντων
3632 1902 3899 1965 διανοίαις

635 2002 1055 2059 revocaturum;
1104 2008 1203 2050 nec
1242 2010 1360 2065 quae
1393 1996 1445 2049 in
1484 1995 1669 2066 ﬁguris
1702 1999 1880 2053 adhuc
1913 2008 1967 2053 et
2012 1998 2217 2055 umbris

636 2084 1024 2155 contingebant
1051 2086 1317 2143 honorare
1350 2104 1668 2155 suasurum;
1704 2090 1881 2160 p0tius
1921 2100 2099 2145 autem
2146 2089 2215 2145 ad

634 2178 963 2246 mquitatem,
998 2178 1399 2247 benignitatem,
1429 2181 1882 2249 misericordiam,
1919 2193 1975 2237 et
2022 2183 2089 2238 ad
2127 2198 2217 2238 ve-

635 2283 750 2322 ram
786 2269 1114 2339 minimeque
1159 2270 1395 2326 fucatam
1439 2272 1532 2328 Dei
1576 2273 1908 2345 agnitionem
1957 2274 2217 2330 deductu-

634 2375 777 2427 rum,
814 2376 1034 2432 scepum
1072 2364 1236 2428 hunc,
1271 2365 1515 2434 inquam,
1560 2365 1751 2435 judicii
1798 2366 2016 2436 planum
2066 2366 2215 2432 facit,

633 2462 689 2508 et
717 2454 811 2521 ait,
852 2474 871 2507 ι
906 2454 1041 2521 Quia
1085 2458 1511 2514 misericordiam
1558 2460 1702 2525 volo,
1746 2472 1802 2515 et
1858 2475 1963 2515 non
2004 2459 2216 2517 sacriﬁ-

634 2546 799 2614 cium,
836 2559 890 2603 et
918 2550 1199 2604 scientiam
1237 2551 1329 2606 Dei
1376 2553 1549 2623 magis
1590 2568 1753 2624 quam
1809 2552 2144 2609 holocausta.
2192 2572 2212 2606 ι

633 2638 773 2704 Quid
812 2639 956 2694 enim
989 2640 1201 2695 dicebat
1237 2640 1527 2696 Salvator?
1576 2660 1596 2694 ι
1650 2641 1842 2699 Omnia
1880 2642 2039 2714 igitur
2068 2657 2217 2711 qua:-

635 2744 845 2800 cunque
876 2730 1034 2785 vultis
1062 2742 1119 2785 ut
1165 2730 1368 2787 faciant
1417 2735 1569 2789 vobis
1614 2735 1877 2802 homines,
1922 2735 2109 2790 eadem
2164 2744 2220 2790 et

633 2835 732 2875 vos
762 2822 866 2876 illis
891 2821 1051 2878 facite
1079 2824 1328 2879 similiter
1360 2825 1427 2878 ⁷⁸.
1489 2843 1509 2878 ι
1548 2823 1719 2880 Tenet
1760 2836 1937 2879 autem
1980 2839 2086 2879 non
2126 2839 2218 2896 po~

634 2924 869 2969 stremas
899 2914 1039 2984 apud
1084 2915 1273 2980 Deum,
1315 2916 1406 2986 qui
1447 2916 1767 2971 cbaritatem
1820 2925 2059 2971 exercet.
2100 2934 2119 2968 ι
2159 2915 2217 2969 ln

634 3008 758 3072 hoc,
797 3006 998 3076 inquit,
1024 3017 1354 3076 cognoscent
1382 3021 1593 3070 omnes,
1642 3006 1783 3077 quod
1818 3006 2065 3076 discipuli
2110 3006 2219 3062 mei

634 3099 787 3165 estis,
821 3098 865 3152 si
915 3097 1260 3153 dilectionem
1310 3098 1613 3154 habueritis
1652 3099 1719 3153 ad
1780 3099 2011 3155 invicem
2063 3100 2131 3154 ⁸⁸.
2192 3119 2212 3152 ι

632 3184 752 3241 1am
801 3187 951 3240 illum
1001 3189 1067 3241 ad
1102 3202 1160 3242 se
1198 3188 1509 3243 adeuntium
1560 3189 1769 3244 animos
1813 3189 1880 3245 ad
1930 3189 2213 3245 scientiam

2320 1989 2654 2058 ἐγκείσεται.
2686 1989 2809 2043 Ὅτι
2838 1989 2895 2043 δὲ
2924 1990 3226 2060 ἀφιγμένος
3268 1991 3410 2044 κατὰ
3441 1992 3668 2063 καιροὺς
3697 1995 3727 2047 6
3776 1994 3898 2063 Ἔμ-

2320 2079 2583 2151 μανουὴλ,
2632 2079 2733 2133 οὐκ
2778 2080 2874 2132 ἐπὶ
2921 2080 3154 2152 νομικὴν
3205 2081 3443 2151 μετοίσει
3479 2082 3740 2153 λατρείαν
3784 2084 3900 2149 τοὺς

2317 2172 2789 2242 πεπλανημένους,
2848 2171 2972 2226 οὔτε
3020 2173 3128 2244 μὴν
3185 2173 3256 2227 τά
3309 2176 3369 2228 ἐν
3421 2174 3609 2241 τύποις
3667 2176 3753 2230 ἔτι
3814 2176 3899 2231 καὶ

2319 2268 2501 2329 σκιαῖς
2554 2265 2840 2319 ἀναπείσει
2889 2267 3076 2338 τιμᾷν,
3126 2266 3423 2337 ἀποκομιεῖ
3472 2267 3529 2322 δὲ
3582 2268 3788 2339 μᾶλλον
3828 2271 3899 2334 εἰς

2318 2356 2641 2423 ἐπιείκειαν,
2689 2358 2782 2410 καὶ
2814 2358 3180 2428 χρηστότητα,
3224 2360 3319 2412 καὶ⁵
3348 2358 3775 2430 εὐσπλαγχνίαν,
3815 2362 3897 2415 καὶ

2316 2447 2397 2510 είς
2439 2446 2661 2517 ἀγάπην
2700 2446 2799 2517 τὴν
2842 2447 2982 2518 πρὸς
3018 2448 3299 2519 ἀλλήλους,
3330 2450 3424 2503 καὶ
3460 2452 3539 2513 εἰς
3580 2450 3757 2521 ἀληθῆ
3813 2452 3899 2505 καὶ

2317 2538 2753 2609 ἀπαραλόγιστον
2787 2539 3086 2607 ἐπίγνωσιν
3130 2541 3223 2594 τοῦ
3269 2541 3427 2604 Θεοῦ.
3464 2542 3606 2612 σαφῆ
3643 2560 3742 2595 του
3783 2542 3897 2613 κρί-

2325 2647 2495 2701 ματος
2528 2630 2781 2683 ἀποτελεῖ
2822 2630 2913 2684 τὸν
2940 2632 3165 2694 σκοπὸν,
3200 2632 3295 2686 καί
3332 2650 3518 2704 φησιν,
3557 2653 3576 2685 ι
3599 2632 3725 2686 Ὅτι
3759 2634 3897 2697 ἕλεος

2323 2723 2491 2786 θέλω,
2526 2723 2621 2776 καὶ
2649 2722 2708 2775 ού
2741 2722 2934 2777 θυσίαν
2981 2725 3075 2776 καὶ
3111 2724 3405 2792 ἐπίγνωσιν
3433 2723 3587 2788 Θεοῦ,
3618 2725 3650 2795 ἦ
3688 2724 3900 2778 ὁλοκαυ-

2317 2816 2564 2886 τώματα.
2593 2835 2610 2866 ι
2662 2815 2727 2867 Τί
2773 2814 2882 2887 γὰρ
2911 2814 3150 2885 ἔφασκεν
3193 2817 3223 2868 6
3257 2817 3485 2888 Σωτήρς
3536 2819 3763 2873 «Πάντα
3812 2814 3897 2870 οὖν

2316 2909 2417 2961 ὅσα
2444 2907 2537 2961 ὲάν
2571 2907 2763 2980 θέλητε
2798 2908 2884 2961 ῐνα
2916 2907 3146 2961 ποιῶσιν
3188 2909 3317 2980 ὑμῖν
3348 2911 3397 2961 οί
3426 2908 3730 2979 ἄνθρωποι,
3767 2908 3897 2961 οὕτω

2317 3002 2413 3054 καὶ
2436 3002 2594 3072 ὑμεῖς
2618 3004 2822 3055 ποιεῖτε
2848 3002 3033 3065 αὐτοῖς
3069 3002 3290 3072 ὁμοίως.
3320 3020 3338 3052 ι
3366 3003 3569 3073 Χρῆμα
3592 3001 3649 3054 δὲ
3683 3002 3770 3054 ὅτι
3804 3001 3897 3067 p.6-

2316 3092 2473 3146 λιστα
2498 3092 2651 3165 παρά
2680 3091 2800 3164 Θεῷ
2826 3093 3008 3164 τίμιον
3037 3092 3136 3164 τὴν
3158 3094 3379 3163 ἀγάπην
3418 3094 3750 3157 ἐπιδεικνὺς,
3777 3093 3897 3146 «Ἕν

2316 3183 2491 3259 τούτῳ
2536 3186 2835 3253 γνώσονται
2886 3184 3108 3249 πάντες,
3160 3186 3318 3255 φησὶ,
3357 3186 3440 3238 ὅτι
3492 3184 3616 3255 ἐμοὶ
3667 3182 3895 3256 μαθηταί

633 3280 750 3334 veri
780 3279 873 3335 Dei
899 3280 1174 3346 eduxisse,
1220 3295 1327 3351 quo
1382 3291 1540 3351 pacto
1586 3281 1818 3336 dubitari
1865 3281 2074 3351 potest?
2115 3281 2215 3336 Se-

2319 3254 2473 3340 ἐστε,
2500 3276 2595 3330 ἐάν
2629 3276 2853 3348 ἀγάπην
2884 3276 3048 3348 ἔχητε
3074 3277 3155 3340 είς
3189 3254 3474 3348 ἀλλήλους.
3498 3254 3533 3327 »ί
3555 3254 3680 3331 Ὀτι
3712 3278 3773 3331 δὲ
3798 3277 3896 3331 τῶν

633 3372 811 3443 ’psum
844 3373 988 3427 enim
1025 3373 1181 3428 nobis
1219 3387 1317 3444 pro
1350 3373 1581 3445 imagine
1619 3373 1891 3429 Geuitoris
1917 3375 2218 3445 proposuit,

634 3479 758 3518 cum
793 3464 930 3518 dixit
958 3463 1203 3535 Philippo
1232 3480 1490 3536 germano
1521 3464 1782 3535 discipulo
1809 3484 1821 3519 :
1852 3483 1872 3517 ι
1914 3464 2029 3520 Non
2086 3481 2221 3520 cre-

635 3558 719 3613 dis
769 3558 896 3627 quia
931 3571 1031 3629 ego
1072 3558 1124 3612 in
1158 3555 1341 3623 Patre,
1371 3556 1484 3628 99
1512 3566 1568 3612 et
1592 3554 1753 3612 Pater
1786 3557 1839 3613 in
1869 3572 1954 3614 me
1987 3558 2105 3614 est?
2125 3558 2218 3629 qui

633 3650 769 3705 vidit
805 3666 907 3715 me,
935 3650 1067 3704 vidit
1097 3660 1154 3705 et
1184 3649 1400 3705 Patrem
1428 3649 1496 3703 ⁸⁸.
1527 3648 1637 3720 Ego
1665 3657 1718 3703 et
1744 3649 1905 3705 Pater
1929 3665 2094 3704 unum
2128 3664 2221 3703 su-

634 3759 755 3798 mus
804 3745 870 3796 ³³.
928 3761 948 3795 ι
980 3741 1133 3809 Quod
1164 3742 1209 3796 si
1241 3742 1363 3810 quis
1390 3750 1445 3795 et
1477 3741 1651 3812 ipsum
1703 3740 1900 3797 Filium
1948 3740 2219 3796 aﬂirmare

636 3834 867 3889 voluerit
893 3834 1068 3889 Patris
1109 3831 1539 3889 misericordiam
1569 3847 1711 3898 esse,
1761 3834 1907 3889 omni
1949 3833 2218 3889 sacriﬁcio

638 3937 693 3981 et
730 3925 1050 3979 holocausto
1099 3923 1360 3994 majorem
1399 3930 1546 3978 recte
1593 3922 1898 3977 alﬁrmabit.
1936 3922 2027 3977 Sic
2072 3921 2215 3976 enim

635 4032 665 4071 ε
698 4015 876 4071 divina
905 4014 1185 4082 Scriptura
1214 4021 1436 4068 vocatus
1465 4022 1570 4066 est.
1602 4012 1723 4082 Ipse
1746 4010 1892 4065 enim
1927 4008 2122 4065 alicubi
2151 4010 2219 4065 de

635 4108 754 4177 ipso
784 4108 925 4161 Deus
956 4113 1010 4159 et
1038 4103 1199 4159 Pater
1230 4104 1384 4160 nobis
1415 4103 1544 4158 dicit
1574 4121 1589 4159 :
1621 4120 1639 4153 ι
1670 4101 2079 4172 Appropinquat
2108 4100 2216 4155 cito

630 4199 838 4270 justitia
874 4212 1012 4264 mea,
1052 4207 1107 4251 et
1134 4195 1505 4252 misericordia
1551 4210 1669 4249 mea
1704 4202 1761 4248 ut
1798 4192 2060 4249 reveletur
2085 4191 2151 4245 ⁸³.
2190 4209 2209 4244 ι

636 4292 705 4345 Et
741 4290 1006 4360 Propheta
1039 4290 1106 4347 ad
1152 4290 1302 4345 illum
1336 4306 1350 4342 :
1399 4309 1418 4342 ι
1469 4290 1705 4344 Ostende
1760 4288 1937 4349 nobis,
1968 4286 2214 4351 Domine,

636 4382 1060 4438 misericordiam
1086 4391 1254 4450 tuam,
1273 4392 1328 4437 et
1342 4382 1578 4438 salutare
1606 4391 1755 4436 tuum
1769 4380 1834 4435 da
1854 4380 2010 4435 nobis
2030 4377 2208 4434 ⁸⁸·⁸⁸.›

640 4473 778 4531 Vere
804 4475 945 4531 enim
974 4476 1347 4531 misericordia
1380 4491 1410 4530 a
1440 4474 1602 4530 Patre
1628 4480 1710 4529 est
1735 4473 2005 4536 Christus,
2029 4481 2214 4542 utpote

634 4569 726 4638 qui
760 4568 894 4623 tollit
929 4580 1167 4638 peccata,
1226 4577 1282 4624 et
1330 4567 1557 4623 crimina
1591 4565 1837 4629 dimittit,
1900 4573 1955 4619 et
1983 4563 2087 4620 fide
2121 4565 2209 4635 ju-
2242 4597 2288 4653 Β

635 4661 854 4727 stiﬁcal,
888 4670 942 4716 et
975 4661 1216 4731 perditos
1250 4660 1304 4715 in
1336 4657 1625 4729 pristinum
1652 4655 1841 4712 salutis
1880 4665 2082 4711 statum
2128 4669 2212 4709 re-

634 4754 828 4819 stituit,
864 4761 919 4808 et
945 4769 975 4808 a
1000 4762 1176 4810 morte
1204 4753 1434 4809 invictos
1469 4751 1663 4816 reddit,
1692 4760 1745 4805 et
1776 4749 2029 4820 quidnam
2058 4762 2213 4818 egre-

635 4852 804 4917 gium,
830 4856 884 4900 et
910 4847 963 4901 in
987 4846 1174 4916 primis
1201 4844 1469 4903 laudabile
1494 4844 1650 4900 nobis
1678 4858 1782 4898 non
1815 4841 2011 4897 donat?
2033 4840 2213 4908 Quare

636 4937 827 4992 melior
859 4946 943 4993 est
976 4938 1242 4995 sacriﬁcio
1272 4947 1326 4993 et
1370 4937 1696 4993 holocaustis
1732 4934 1958 4991 scientia
1995 4934 2110 4998 Dei,
2154 4940 2213 4987 ut

636 5031 690 5084 in
719 5029 935 5085 Christo
965 5028 1225 5099 perfecta.
1280 5029 1644 5102 Cognovimus
1690 5030 1835 5083 cnim
1890 5041 1985 5095 per
2036 5025 2209 5094 ipsum

634 5132 689 5177 et
723 5123 774 5176 in
807 5126 923 5192 ipso
954 5121 1262 5188 Patrem,et
1284 5123 1667 5195 justiticatioue
1691 5120 1744 5175 in
1777 5119 1879 5174 [ide
1900 5117 2207 5188 locupletati

635 5231 839 5270 SUIIIIIS.

2320 3370 2653 3443 προσιόντων
2675 3369 2765 3425 τὸν
2807 3369 2933 3425 νοῦν
2960 3368 3251 3440 ἀνεκόμιζε
3297 3370 3435 3441 πρὸς
3470 3368 3771 3439 ἐπίγνωσιν
3809 3368 3894 3423 τοῦ

2320 3463 2461 3519 κατά
2501 3463 2758 3535 ἀλήθειαν
2807 3463 2961 3525 ὄντος
2995 3462 3155 3526 Θεοῦ,
3206 3461 3323 3527 πῶς
3361 3462 3428 3516 ἂν
3462 3465 3557 3517 καὶ
3608 3463 3901 3518 ἐνδοιάσειέ

2316 3573 2431 3621 τις;
2473 3556 2697 3610 Ἑαυτὸν
2720 3555 2827 3628 γάρ
2850 3556 2982 3628 ἡμῖν
3012 3556 3093 3620 είς
3117 3555 3300 3609 είκόνα
3343 3554 3437 3609 τοῦ
3467 3556 3894 3629 γεγενῘν]ηκότος

2318 3647 2635 3720 παρετίθει,
2701 3648 2876 3718 λέγων
2922 3647 3001 3719 τῷ
3059 3647 3274 3719 γνησίῳ
3332 3647 3546 3720 μαθητῇ
3608 3649 3894 3720 (Φίλιππος

2316 3735 2471 3804 οὗτος
2502 3736 2593 3813 ἦν)
2619 3756 2634 3773 ο
2668 3760 2687 3792 t
2711 3741 2786 3794 Ού
2807 3739 3108 3804 πιστεύεις,
3140 3741 3221 3794 ὃτι
3242 3740 3352 3810 ἐγὼ
3375 3741 3433 3795 ἐν
3457 3740 3534 3811 τῷ
3557 3740 3754 3811 Πατρὶ,
3770 3740 3894 3794 καὶὸ

2317 3833 2510 3905 Πατὴρ
2574 3834 2632 3887 ἐν
2685 3833 2807 3904 ἐμοί
2873 3834 3052 3896 ἐστινς
3113 3834 3142 3886 6
3196 3833 3457 3904 ἑωρακὼς
3523 3832 3642 3903 ἐμὲ,
3692 3832 3893 3903 ἑώρακε

2315 3925 2408 3979 τὸν
2433 3925 2668 3997 Πατέρα.
2706 3923 2847 3995 Ἐγὼ
2885 3926 2979 3979 καὶ
3008 3926 3037 3977 6
3067 3924 3256 3996 Πατὴρ
3282 3925 3339 3979 ἐν
3381 3926 3568 3995 ἐσμεν.
3597 3941 3615 3975 ι
3653 3923 3719 3978 Εἰ
3751 3924 3806 3977 δὲ
3836 3922 3890 3992 δή

2315 4035 2401 4082 τις
2426 4017 2602 4072 ἕλοιτο
2634 4018 2729 4071 καὶ
2766 4018 2930 4071 αὐτὸν
2960 4014 3098 4071 εἶναι
3132 4017 3315 4085 λέγειν
3346 4016 3437 4070 τὸν
3473 4017 3602 4070 Υίδν
3651 4017 3717 4070 τὸ
3758 4016 3891 4078 ἕλεος

2314 4109 2410 4163 τοῦ
2445 4108 2680 4181 Πατρὸς,
2710 4109 2771 4163 τδ
2810 4108 2951 4181 ὑπὲρ
2976 4108 3166 4164 θυσίαν
3196 4110 3289 4162 καὶ
3322 4108 3707 4179 δλοκαύτωμα,
3774 4124 3891 4161 συν·

2315 4203 2436 4273 ήσει
2476 4201 2679 4265 καλῶς.
2748 4200 3024 4272 Κέκληται
3084 4202 3193 4273 γάρ
3262 4200 3437 4265 οὕτως
3494 4202 3646 4273 παρά
3706 4217 3773 4269 γε
3829 4200 3887 4268 τῇ

2316 4295 2658 4367 θεοπνεύστῳ
2699 4296 2915 4367 Γραφῇ.
2958 4294 3129 4359 Αὐτὸς
3184 4294 3284 4364 μὲν
3319 4295 3427 4365 γὰρ
3470 4292 3573 4364 ἔφη
3618 4311 3725 4346 που
3773 4289 3889 4361 περὶ

2315 4386 2481 4443 αὐτοῦ
2517 4386 2654 4459 πρὸς
2684 4388 2832 4457 ἡμᾶς
2856 4388 2884 4440 6
2913 4386 3045 4450 Θεὸς
3068 4386 3161 4439 καλ⁵
3191 4386 3403 4458 Πατήρ⁹
3440 4404 3458 4438 r
3494 4384 3739 4453 Ἐγγίζει
3764 4382 3886 4453 ταχὺ

2314 4479 2349 4550 ἡ
2378 4476 2691 4545 δικαιοσύνη
2749 4492 2849 4545 μου
2882 4474 2978 4529 καὶ
3001 4474 3061 4528 τὸ
3086 4475 3231 4537 ἔλεός
3260 4492 3359 4545 μου
3391 4473 3882 4545 ἀποκαλυφθῆναι.»

2316 4567 2379 4620 Οἱ
2406 4565 2465 4619 δέ
2493 4581 2558 4633 γε
2582 4565 2863 4635 προφῆται
2906 4563 3044 4634 πρὸς
3085 4564 3277 4617 αὐτόν·
3325 4582 3345 4616 ι
3372 4564 3555 4631 Δεῖξον
3593 4565 3751 4635 ἡμῖν,
3782 4559 3885 4615 K6-

2320 4676 2423 4730 ριε,
2449 4658 2512 4711 τὸ
2542 4657 2694 4720 ἔλεός
2730 4673 2846 4722 σου,
2883 4654 3065 4709 καὶτὸ
3091 4656 3354 4728 σωτήριόν
3386 4674 3479 4709 σου
3512 4656 3657 4727 δῴης
3694 4656 3839 4727 ἡμῖν.
3863 4670 3879 4702 ι

2318 4749 2507 4813 Ἔλεος
2536 4748 2646 4820 γὰρ
2677 4746 2893 4819 ἀληθῶς
2920 4746 2982 4799 τὸ
3015 4748 3165 4819 παρά
3198 4748 3413 4819 Πατρδς
3459 4750 3487 4801 6
3516 4748 3773 4819 Χριστὸς,
3820 4745 3885 4805 ὡς

2314 4839 2565 4913 ἀφαιρῶν
2620 4839 2930 4909 ἁμαρτίας,
2978 4837 3055 4901 ὡς
3116 4840 3287 4902 ἀνιεὶς
3350 4839 3747 4909 ἐγκλημάτων,
3803 4835 3885 4889 καὶ

2313 4931 2542 4988 δικαιῶν
2572 4934 2639 5002 τῇ
2670 4930 2874 4996 πίστει,
2906 4928 3001 4983 καὶ
3036 4927 3333 4994 ἀνασώζων
3372 4930 3496 4993 τοὺς
3526 4928 3879 4987 ἀπολωλότας.

2315 5026 2411 5079 καὶ
2449 5024 2680 5079 θανάτου
2705 5022 3018 5094 κρείττονας
3051 5020 3386 5089 ἀποφαίνων,
3428 5022 3522 5074 καὶ
3561 5020 3615 5072 τί
3639 5020 3747 5089 γὰρ
3778 5016 3882 5085 οὐχὶ

2314 5117 2424 5171 τῶν
2452 5115 2749 5183 παγκάλων
2772 5113 3115 5187 δωρούμενος
3139 5133 3154 5179 ;
3181 5113 3390 5168 Οὐκοῦν
3414 5113 3877 5190 ἀμείνωνιθυσίας,

2317 5211 2412 5264 καὶ
2456 5208 2923 5278 ὁλοκαυτωμάτων
2954 5208 2987 5278 ἡ
3025 5206 3160 5261 Θεοῦ
3191 5206 3414 5276 γνῶσις,
3456 5208 3533 5272 ὡς
3576 5208 3635 5261 ἐν
3674 5200 3880 5275 Χριστῷ

632 5307 953 5379 τελουμένη.
1015 5307 1363 5377 Ἐγνὼκαμεν
1403 5305 1512 5376 γὰρ
1555 5304 1621 5357 δι’
1664 5301 1831 5355 αὐτοῦ
1880 5318 1938 5355 τε
1990 5301 2084 5355 καὶ
2141 5302 2199 5356 ἐν
2274 5301 2423 5373 αὐτῷ
2468 5299 2560 5353 τὸν
2618 5298 2872 5370 Πατέρα,
2931 5298 3024 5350 καὶ
3108 5296 3208 5369 τὴν
3267 5298 3325 5350 ἐν
3377 5298 3559 5350 πίστει
3614 5296 3880 5352 δικαίωσιν

635 5414 701 5450 πε
713 5398 1111 5470 πλουτήκαμεν.

707 5512 872 5569 Vens.
918 5514 969 5566 7.
1007 5513 1116 5583 Ipsi
1156 5523 1328 5567 autem
1361 5519 1481 5566 sunt
1532 5524 1586 5565 ut
1641 5510 1794 5565 homo
1856 5511 2210 5565 m'a’varicw's

637 5617 1028 5661 testamentum.

707 5839 753 5872 το
789 5835 1010 5895 Ρεκ1.ιι,
1045 5833 1097 5886 6.
1176 5830 1393 5887 "Joan.
1428 5847 1537 5896 xtv,
1574 5830 1659 5886 10.
1733 5832 1776 5861 ⁷³
1811 5828 1966 5885 Joan.
2004 5828 2209 5891 κεῖναί).

2324 5833 2343 5863 ο
2380 5828 2570 5881 Matth.
2609 5843 2706 5890 vn,
2746 5826 2825 5880 l2.
2903 5826 2949 5857 ⁸ο
2981 5824 3139 5879 Joan.
3168 5840 3287 5890 xm,
3316 5824 3405 5879 35.

2388 5504 2569 5558 Αὐτοὶ
2605 5503 2671 5557 δέ
2705 5506 2860 5557 εἰσιν
2900 5503 2980 5565 ὠς
3012 5502 3320 5570 ἅνθρωπος
3350 5502 3730 5570 παραϐαίνω·
3770 5501 3877 5555 δια-

2321 5599 2534 5667 θήκην.

3512 5823 3552 5854 ³¹
3588 5835 3745 5878 .toan.
3779 5833 3876 5880 xw,

636 5907 802 5976 9,10.
879 5903 1107 5960 ⁸¹1υιιιι.
1139 5920 1192 5972 κ,
1222 5904 1308 5958 '50.
1392 5904 1437 5936 ⁸³
1472 5908 1574 5959 lsa.
1609 5918 1717 5970 LVI,
1752 5902 1800 5954 1.
1879 5901 1995 5932 “'35
2028 5898 2173 5955 I’sal.
2209 5914 2389 5953 Lxxiv.
2418 5900 2471 5947 κ.
