4094 6548
213 425 325 481 169

1147 419 1696 479 COMMENTARIUS
1732 421 1799 475 1N
1835 421 2067 477 USEAM
2109 420 2554 478 PRUPIIETAM.

3366 409 3479 482 'nu

285 545 423 614 ΞΤ.
466 541 811 614 Πανταχόθεν
856 542 1008 614 ἡμᾶς
1044 543 1524 615 πολυπραγμονεῖν
1560 538 1618 597 εὖ
1652 543 1788 614 μάλα

1974 543 2157 599 LXVI.
2205 542 2577 615 Undecunque
2625 558 2722 599 nos
2766 545 2971 616 optimo
3013 542 3243 600 consilio
3290 559 3478 600 verum

210 639 278 692 τὸ
307 637 504 706 ἀληθὲς
532 636 951 705 σπουδάζοντας,
1005 637 1101 690 καὶ
1131 636 1226 690 νῦν
1261 638 1437 691 εἰπεῖν
1472 638 1795 705 ἀναγκαῖον,

213 733 294 794 ὡς
320 732 355 803 ἡ
371 729 492 784 καθ’
506 728 790 801 Ἐϐραίους
804 728 1013 792 ἔκδοσις
1030 728 1150 782 ἀντὶ
1170 728 1284 791 τοῦ,
1317 748 1335 781 ι
1364 728 1439 793 ὡς
1455 728 1759 801 ἄνθρωπος,
1774 748 1792 780 ο

212 826 295 889 ὡς
331 823 505 894 ’Δδὰμ
541 823 729 893 εἴρηκε
780 821 1135 893 παραϐαίνων
1176 822 1465 895 διαθήκην,
1513 824 1600 877 ἵνα
1629 823 1798 875 νοοῖτο

212 916 397 971 τοιάδε
443 932 528 979 τις
573 915 682 970 τῶν
720 914 779 982 ἐξ
819 914 1034 987 Ἰσραὴλ
1066 919 1099 988 ἡ
1131 916 1462 989 παράϐασις,
1508 916 1667 970 ὁποία
1704 915 1797 984 γέ-

212 1023 375 1075 γονεν
399 1008 458 1061 ὲν
484 1006 680 1077 Ἀδάμ.
708 1005 886 1061 Μετὸν
911 1007 1021 1079 γὰρ
1042 1008 1235 1078 ἐκείνῳ
1266 1010 1358 1062 καὶ
1385 1008 1485 1079 τὴν
1509 1007 1645 1079 πρὸς
1664 1006 1797 1059 Θεὸν

208 1100 493 1154 οὶκείωσιν
521 1102 687 1171 ἔχειν,
724 1100 819 1154 καὶ
842 1102 898 1154 ἐν
923 1100 1202 1173 ἀφθαρσίᾳ
1230 1101 1516 1166 διατελεῖν,
1552 1101 1645 1154 καὶ
1676 1102 1797 1164 ταῖς

212 1191 312 1245 τοῦ
346 1193 680 1264 παραδείσου
710 1197 947 1264 τρυφαῖς
976 1193 1392 1265 ὲναϐρύνεσθαι,
1444 1192 1795 1264 κατημέλησε

213 1284 319 1353 τῆς
368 1284 515 1349 θείας
553 1285 797 1355 ἐντολῆς,
847 1281 965 1339 εἶτα
1011 1285 1283 1339 διόλλυται
1331 1284 1423 1338 ἐπὶ
1464 1283 1533 1337 τὰ
1576 1283 1793 1355 αἰσχίω,

215 1381 331 1437 τῶν
356 1379 599 1451 ἀρχαίων
624 1379 902 1450 ἀδοκήτως
918 1378 1304 1449 ἐστερημένος.
1333 1376 1490 1431 Οὕτω
1522 1377 1616 1430 καὶ
1641 1377 1797 1431 αὐτοὶ¹

213 1475 385 1545 (φημὶ
420 1473 475 1525 δὲ
504 1471 567 1541 δὴ
600 1470 784 1537 πάλιν,
816 1471 864 1523 οἱ
892 1469 952 1537 ἐξ
988 1468 1221 1543 Ἰσραὴλ)
1254 1469 1456 1541 εὐμενῆ
1503 1470 1598 1524 καὶ
1642 1468 1796 1539 φίλον

209 1566 307 1619 τὸν
340 1565 447 1618 τῶν
492 1564 629 1617 ὂλων
674 1562 889 1632 ἔχοντες
922 1561 1075 1626 Θεὸν,
1107 1559 1369 1625 σώζοντα,
1396 1561 1489 1614 καὶ
1526 1578 1797 1631 προεστη-

212 1659 373 1717 κότα,
410 1657 504 1709 καὶ
537 1654 861 1724 προτιθέντα
902 1653 963 1706 τὸ
1005 1652 1153 1715 ἕλεος
1207 1654 1413 1717 αὐτοῖς,
1459 1653 1535 1716 ὠς
1568 1652 1797 1723 νεφέλην

213 1748 484 1819 πρωῖνὴν,
520 1748 614 1801 καὶ
645 1748 719 1810 ὡς
747 1746 938 1817 δρόσον
974 1743 1232 1816 ὀρθρινὴν
1278 1743 1674 1814 πορευομένην,
1712 1744 1798 1809 ἐξα

214 1842 422 1909 άγοντα
449 1840 507 1893 δὲ
530 1840 623 1893 καὶ
656 1838 732 1902 ὡς
759 1838 876 1908 φῶς
912 1838 973 1891 τὸ
1000 1837 1173 1909 κρῖμα
1205 1835 1394 1900 αὐτοῦ,
1432 1835 1528 1889 καὶ
1560 1838 1625 1907 τῇ
1655 1835 1798 1891 κατᾶ

211 1934 384 2005 νόμον
425 1932 795 2002 στεφανοῦν-τα
828 1931 1073 2002 λατρεία,
1108 1929 1341 2001 paenitet
1370 1929 1625 1998 γεγόνασι.
1668 1931 1797 2000 περὶ

212 2025 279 2080 τὸ
307 2027 489 2094 σφισιν
515 2026 700 2088 αὐτοῖς
727 2024 1046 2091 ἀναγκαῖον,
1080 2022 1176 2076 καὶ
1208 2022 1478 2092 χρήσιμον
1499 2021 1578 2084 εἰς
1602 2020 1798 2091 εὑημε-

213 2116 344 2188 (ίαν
393 2115 489 2169 καὶ
526 2114 704 2181 δόξαν,
756 2115 851 2168 καὶ
885 2113 1404 2182 καταπεφρονήκασι
1436 2110 1531 2164 τοῦ
1578 2113 1795 2166 πάντων

213 2206 549 2279 νρατοῦντος
583 2205 742 2260 Θεοῦο
792 2205 969 2259 καίτοι
1007 2204 1261 2273 λέγοντος
1289 2203 1536 2275 ἐναργῶς
1575 2202 1662 2256 διὰ
1698 2202 1793 2256 τοῦ

214 2298 499 2367 τανσόφου
539 2298 807 2361 Μωσέως,
840 2314 859 2347 ι
892 2297 965 2349 Οὐ
1008 2297 1252 2367 ποιήσεις
1298 2295 1512 2365 σεαυτῷ
1554 2294 1791 2358 εἴδωλον,

210 2391 338 2446 csse
376 2390 579 2455 παντὸς
614 2390 888 2462 ὁμοίωμα,
920 2390 1020 2442 ὅσα
1052 2390 1109 2442 ὲν
1146 2386 1225 2459 τῷ
1270 2387 1485 2459 οὐρανῷ
1519 2386 1652 2449 ἄνω,
1700 2386 1795 2440 καὶ

208 2486 237 2538 ἔ
246 2502 321 2539 σα
348 2486 406 2537 ὲν
433 2488 499 2556 τῇ
525 2485 596 2555 γῇ
632 2484 808 2546 κάτω,
841 2482 935 2535 καὶ
962 2482 1063 2534 ὅσα
1094 2482 1151 2534 ὲν
1182 2483 1293 2543 τοῖς
1322 2480 1506 2533 ὕδασιν
1534 2479 1792 2533 ὑποκάτω

207 2577 315 2648 τῆς
340 2578 461 2647 γῆς.
490 2596 508 2626 ι
555 2576 666 2628 Καὶ
691 2573 881 2628 πάλιν·
921 2594 937 2625 ι
971 2573 1085 2627 Οὐκ
1113 2571 1324 2626 ἔσονταί
1354 2590 1434 2625 σοι
1468 2571 1582 2624 θεοὶ
1614 2572 1791 2640 ἕτεροι

204 2668 357 2741 πλὴν
400 2667 556 2739 ἐμοῦ.
588 2687 609 2719 ο
659 2666 875 2737 Ἐπειδὴ
915 2664 971 2719 δὲ
1021 2666 1079 2718 ὲν
1113 2666 1212 2736 ῐσῳ
1258 2663 1336 2734 τῷ
1374 2662 1597 2735 πρώτῳ,
1634 2680 1791 2717 τουτ-

208 2762 356 2823 ἐστι,
403 2759 480 2831 τῷ
533 2758 727 2831 Ἀδὰμ,
782 2756 1125 2829 παρώλισθον
1173 2758 1253 2820 εἰς
1295 2756 1653 2819 ἀποστασίαν,
1694 2757 1790 2809 καὶ

204 2854 370 2907 αὐτοὶ
404 2852 469 2925 δὴ
503 2852 718 2915 πάντως
750 2850 855 2915 ἔξω
904 2848 1198 2903 πεσοῦνται
1242 2849 1337 2903 τοῦ
1368 2848 1788 2923 κατευφραίνειν

201 2946 447 3009 είδότος’
482 2942 905 3015 παραϐεϐήκασι.
939 2941 1049 3014 γὰρ
1079 2940 1363 3012 διαθήκην.

280 3036 348 3091 El
370 3038 426 3090 δὲ
456 3037 518 3108 δὴ
551 3038 722 3090 νοοῖτο
754 3033 1180 3104 μυστικώτερον,
1210 3033 1285 3096 ὡς
1319 3033 1411 3085 ἐπὶ
1440 3031 1701 3102 Χριστοῦ,
1729 3031 1789 3084 τὸ

200 3129 615 3206 χρησμῲδημα,
657 3127 821 3181 πάλιν
864 3128 1042 3179 ἐκεῖνο
1090 3125 1348 3197 ἐροῦμεν,
1400 3124 1620 3195 ἐμφανῆ
1680 3124 1787 3176 τῶν

1902 639 2210 708 diligentius
2252 638 2509 709 indagare
2562 645 2847 705 conantes,
2878 653 3025 694 nunc
3067 653 3281 710 quoque
3323 641 3480 697 fateri

1899 740 2134 799 oportet,
2170 730 2462 786 editionem
2489 728 2839 786 Hebrmorum
2882 745 2981 800 pro
3033 749 3053 783 ι
3113 740 3168 785 ιιι
3218 732 3401 801 homo,
3456 754 3476 786 ι

1898 824 2122 891 habere,
2153 844 2171 877 ι
2214 836 2270 880 ut
2299 825 2469 878 Adam
2515 822 2919 893 transgrediens
2952 834 3167 893 pactum
3202 842 3215 878 :
3257 842 3277 876 ι
3314 834 3371 878 ut
3398 834 3482 877 ta—

1900 918 1965 972 lis
2022 919 2392 972 lsraelitarum
2450 916 2816 986 transgressio
2872 914 3240 984 intelligatur,
3305 917 3473 984 qualis

1898 1012 2088 1065 Adami
2137 1012 2254 1067 fuit.
2296 1012 2429 1067 Nam
2468 1028 2590 1068 cum
2620 1012 2693 1067 illi
2729 1010 2919 1066 liceret
2949 1024 3070 1065 cum
3106 1008 3215 1064 Deo
3257 1010 3469 1078 conjun-

1897 1116 2043 1161 ctum
2095 1106 2561 1177 immortalemque
2629 1107 2811 1161 vivere
2862 1114 2919 1162 et
2969 1103 3207 1173 paradisi
3273 1103 3478 1158 deliciis

1899 1196 2179 1257 illustrari,
2215 1198 2451 1251 divinum
2501 1197 2811 1251 mandatum
2863 1194 3140 1265 neglexit:
3172 1193 3364 1249 deinde
3414 1207 3481 1247 aa

1900 1286 2196 1356 indigniora
2250 1289 2552 1356 pessumiit,
2584 1288 2858 1359 primams
2890 1285 3189 1341 honoribus
3211 1295 3265 1339 et
3304 1283 3455 1339 excel

1898 1374 2077 1432 lentiis
2128 1388 2321 1447 praeter
2365 1378 2826 1448 exspectationem
2876 1377 3155 1447 spoliatus.
3215 1374 3472 1431 Similiter

1897 1481 1949 1523 et
1982 1470 2081 1540 ipsi
2114 1472 2388 1536 lsraelitm,
2423 1471 2666 1540 inquam,
2697 1470 2986 1541 benignum
3019 1477 3074 1523 et
3102 1468 3334 1542 amicum
3361 1481 3452 1521 um

1899 1578 2178 1618 versoruin
2208 1564 2370 1618 Deum
2410 1565 2688 1627 habentes,
2738 1573 3071 1619 servatorem
3113 1571 3167 1618 et
3222 1571 3477 1624 tutorem,

1898 1666 1953 1709 et
2005 1656 2095 1723 qui
2140 1664 2494 1725 proposuerat
2537 1655 2617 1709 eis
2673 1653 3127 1717 misericordiam,
3174 1658 3229 1706 et
3279 1650 3477 1706 nubem

1902 1746 2241 1811 matutinam,
2273 1756 2326 1800 et
2358 1757 2413 1799 ut
2440 1760 2617 1801 rorem
2644 1746 2963 1799 matutinum
2985 1750 3476 1812 pertranseuntem,

1899 1846 1953 1890 et
1987 1837 2301 1893 educentem
2331 1838 2594 1908 judicium
2628 1854 2784 1893 suum
2820 1837 2975 1909 quasi
3005 1838 3199 1899 lucem,
3237 1845 3291 1889 et
3320 1833 3477 1888 latria

1900 1929 2200 1983 secundum
2228 1929 2401 1999 legem
2430 1946 2524 1985 eos
2549 1932 3012 1996 cohonestantem,
3050 1930 3102 1985 in
3130 1928 3348 1999 negotio
3377 1926 3477 1983 sibi

1898 2022 2228 2088 necessario,
2260 2032 2311 2078 et
2346 2022 2412 2077 ad
2444 2022 2653 2078 felicem
2700 2031 2900 2077 statum
2948 2031 3004 2077 et
3052 2021 3281 2093 gloriam
3334 2018 3477 2084 utili,

1897 2115 2155 2170 socordes
2179 2125 2486 2183 evaserunt,
2516 2124 2571 2171 et
2612 2116 3032 2186 omnipotentem
3079 2114 3243 2168 Deum
3296 2113 3478 2171 ﬂocci-

1897 2207 2221 2275 penderunt,
2277 2224 2590 2279 quanquam
2637 2207 3043 2279 sapientissimo
3092 2205 3273 2277 Moyse
3314 2204 3478 2260 claris

1896 2299 2077 2354 verbis
2106 2300 2320 2354 dicente
2354 2318 2367 2353 :
2406 2317 2425 2351 ι
2460 2298 2573 2354 Non
2608 2298 2773 2355 facies
2813 2299 2904 2355 tibi
2940 2299 3162 2363 idolum.
3200 2308 3299 2353 nec
3326 2297 3479 2353 simi-

1895 2388 2174 2447 litudinem
2228 2391 2408 2457 ullius,
2445 2406 2779 2461 quaecunque
2832 2392 2882 2446 in
2936 2390 3076 2446 coelo
3125 2406 3364 2455 sursum,
3420 2397 3475 2445 et

1895 2496 2232 2553 quaecunque
2259 2484 2310 2538 in
2337 2493 2478 2538 terra
2511 2486 2760 2539 deorsum
2783 2484 2851 2537 ⁸⁸.
2888 2502 2907 2536 ι
2938 2483 3218 2537 Etiterum
3250 2501 3265 2539 :
3303 2501 3322 2533 ι
3353 2482 3469 2535 Non

1893 2576 2156 2629 erunttibi
2189 2576 2261 2630 dii
2292 2576 2380 2631 alii
2415 2585 2612 2645 prmter
2668 2590 2754 2629 me
2803 2576 2869 2630 ⁸⁷.
2905 2594 2924 2629 ι
2979 2574 3244 2641 Quoniam
3294 2583 3473 2628 autem

1894 2680 2047 2734 aeque
2079 2676 2140 2720 ut
2169 2668 2396 2737 primus,
2424 2668 2525 2722 boc
2563 2677 2667 2733 est,
2702 2667 2872 2721 Adam
2918 2665 2969 2719 in
3023 2664 3348 2734 apostasiam
3393 2662 3474 2717 in-

1894 2754 2161 2822 ciderunt,
2193 2757 2291 2825 ipsi
2323 2773 2537 2827 quoque
2571 2758 2792 2813 omnino
2837 2758 2905 2810 ab
2938 2771 3005 2811 eo
3051 2756 3141 2825 qui
3196 2751 3476 2809 lactificare

1894 2849 2045 2903 novit
2068 2848 2448 2905 destituentur.
2475 2850 2821 2921 Transgressi
2854 2859 2981 2905 sunt
3004 2850 3149 2905 enim
3181 2857 3474 2904 testamen-

1896 2952 2029 2995 tum.
2570 2986 2577 2995 .

1967 3036 2125 3107 100
2170 3035 2321 3103 Quod
2373 3036 2419 3092 si
2471 3037 2750 3092 oraculum
2810 3052 3240 3107 μυστικωτερον,
3290 3041 3352 3089 ut
3405 3033 3475 3088 de

1892 3128 2128 3195 Christo,
2158 3129 2504 3199 intelligatur,
2537 3144 2747 3184 rursum
2770 3128 2833 3183 ad
2856 3127 3183 3184 sententiam
3205 3125 3471 3180 dictorum

200 3224 521 3296 λεγομένων
549 3220 907 3283 καθιστάντες
938 3219 1029 3274 τὸν
1063 3217 1211 3271 νοῦψ
1252 3217 1538 3288 Ἔπεμψεν
1571 3217 1637 3270 ἐκ
1674 3215 1784 3269 τῶν

1891 3222 2234 3291 aperiendam
2269 3224 2397 3278 illud
2430 3224 2672 3278 dicemus
2696 3242 2714 3279 :
2745 3222 2893 3278 Misit
2934 3222 3002 3278 de
3030 3220 3170 3277 coelo
3225 3220 3365 3276 Deus
3418 3228 3475 3276 et

200 3316 457 3389 ιύρανῶν
521 3316 550 3369 ό
596 3313 730 3378 Θεὸς
782 3313 875 3366 καλ⁸
925 3311 1115 3381 Πατὴρ
1172 3311 1264 3363 τὸν
1311 3308 1437 3361 Υίὸν
1488 3306 1788 3375 φωτιοῦντα

198 3412 336 3474 τοὺς
361 3408 419 3475 ἐξ
445 3404 682 3478 Ἰσραὴλ,
714 3405 807 3458 καὶ
831 3403 1065 3474 φανερὸν
1094 3400 1503 3469 καταστήσοντα
1526 3396 1586 3450 τὸ
1613 3396 1786 3468 κρίμα

198 3500 401 3566 αὑτοῦ,
429 3500 525 3553 καὶ
550 3499 635 3551 ἵνα
671 3495 973 3564 καταλῆξαι
1007 3494 1105 3561 μὲν
1140 3490 1412 3563 ἀναπείσῃ
1461 3487 1659 3542 θυσιῶν
1692 3489 1789 3560 ἀρ·-

200 3591 401 3664 χαίων,
445 3589 539 3643 καὶ
563 3586 1030 3655 ὁλοκαυτωμάτων
1058 3583 1166 3637 τῶν
1196 3581 1338 3636 κατὰ
1366 3584 1557 3651 νόμον·
1588 3580 1787 3651 ἐλεήσῃ

198 3685 260 3739 Et
291 3683 518 3756 μᾶλλον,
548 3679 775 3735 δικαιῶν
805 3681 867 3749 τῇ
899 3678 1101 3739 πίστει,
1141 3675 1233 3729 καὶ
1260 3672 1468 3746 καλέσῃ
1498 3672 1635 3745 πρὸς
1664 3670 1786 3724 ἐπί-

199 3794 410 3848 γνωσιν
465 3774 558 3828 τοῦ
603 3772 747 3827 κατὰ
798 3770 1059 3841 ἀλήθειαν
1103 3768 1254 3830 ὄντος
1292 3764 1450 3819 Θεοῦ.
1492 3766 1569 3816 Δι’
1619 3761 1785 3816 αὑτοῦ

200 3871 316 3943 γάρ
374 3870 467 3923 καὶ
495 3868 553 3921 ἐν
579 3865 728 3937 αὑτῷ
758 3860 1063 3933 τεθεάμεθα
1095 3860 1183 3913 τὸν
1236 3858 1474 3928 Πατέρα,
1511 3856 1605 3910 καὶ
1632 3857 1788 3926 ἐσχή-

200 3979 387 4033 καμεν
418 3960 516 4032 τὴν
546 3956 933 4031 προσαγωγὴν,
954 3954 1033 4019 ὦς
1067 3970 1169 4007 που
1208 3952 1303 4005 καὶ
1345 3950 1587 4023 Γραμμα
1621 3947 1786 4019 φησὶν

198 4055 373 4126 ἱερόν.
408 4052 569 4106 Ἀλλὰ
603 4050 889 4121 γεγόνασιν
920 4049 970 4101 οἱ
1000 4047 1058 4114 ἐξ
1085 4043 1298 4116 Ἰσραὴλ
1335 4059 1354 4093 ι
1394 4042 1469 4105 ὼς
1503 4039 1787 4113 ἄνθρωπος

199 4146 564 4220 παραϐαίνων
594 4146 881 4217 διαθήκην.
919 4164 937 4195 ι
984 4143 1095 4197 Καλ⁸
1119 4142 1171 4195 τί
1197 4141 1261 4212 δὴ
1290 4139 1449 4195 τοῦτό
1476 4140 1644 4204 ἐστιν,
1673 4136 1787 4209 ἐρῶ

200 4242 390 4305 πάλιν,
406 4241 552 4303 ὅπως
578 4239 644 4293 ἂν
667 4239 930 4309 δύνωμαι.
952 4236 1074 4289 Ὀτι
1102 4233 1192 4302 ὑφ’
1220 4232 1409 4303 ἐτέρου
1433 4229 1786 4304 γραφομένην

200 4331 563 4405 παραϐαίνων
607 4331 896 4402 διαθήκην,
924 4328 957 4399 ἢ
991 4328 1050 4381 οὐ
1080 4327 1363 4398 πρόσεισιν
1392 4324 1554 4386 αὐτὸς
1577 4322 1654 4394 τῷ
1691 4324 1785 4377 ὲκ·

197 4425 493 4495 νεμηθέντι
520 4423 709 4495 κλήρῳ
726 4422 875 4492 παρὰ
901 4420 995 4475 τοῦ
1018 4419 1364 4491 γεγραφότος
1399 4418 1589 4489 αὐτήν·
1615 4418 1783 4489 ἤγουν

198 4517 423 4589 ἑτέρους
454 4511 1055 4586 τῶνέγγεγραμμένων
1077 4511 1183 4565 τῶν
1206 4512 1389 4573 αὐτοῖς
1411 4508 1782 4579 ὀφειλομένων

199 4610 517 4678 ἀποστερεῖ.
556 4606 811 4661 Τοιοῦτόν
852 4622 905 4658 τι
955 4604 1303 4675 πεπράκασιν
1359 4602 1636 4666 Ἰουδαῖοι,
1689 4602 1783 4655 καὶ

199 4700 362 4753 τοῦτο
389 4698 483 4751 ἐπὶ
517 4696 759 4769 Χριστῷ.
793 4696 940 4762 Πῶς,
985 4696 1018 4765 ἢ
1048 4696 1169 4749 τίνα
1201 4695 1432 4768 τρόπον;
1472 4696 1503 4747 ό
1537 4694 1638 4767 μὲν
1675 4694 1783 4764 γὰρ

197 4793 333 4857 Θεὸς
384 4792 479 4846 καὶ
511 4790 704 4862 Πατὴρ
736 4786 939 4860 κλῆρον
983 4787 1173 4860 ὥσπερ
1224 4786 1346 4841 τινὰ
1401 4785 1656 4859 λαμπρὸν
1691 4785 1785 4840 καὶ

198 4884 481 4955 ἐξαίρετον
509 4884 608 4954 τὴν
653 4884 792 4936 κατὰ
826 4881 919 4935 τοῦ
948 4881 1133 4946 ἔθνους
1174 4880 1470 4952 ἡγεμονίαν
1499 4880 1782 4951 ἐχαρίζετο

196 4972 275 5043 τῷ
310 4972 445 5043 rus.
471 4972 816 5044 Διακέκραγε
844 4971 955 5045 γὰρ
974 5013 988 5037 ,
1023 4972 1098 5035 ὡς
1127 4972 1285 5041 ἔφην,
1323 4988 1344 5023 ι
1389 4968 1529 5039 Ἐγὼ
1564 4970 1621 5023 δὲ
1650 4986 1781 5023 κατ-

200 5066 437 5138 εστάθην
467 5066 722 5137 βασιλεὺς
750 5068 842 5120 ὑπ’
867 5066 1055 5131 αὐτοῦ,
1101 5067 1192 5120 ἐπὶ
1218 5064 1355 5119 Σιὼν
1380 5064 1505 5134 ὅρος
1532 5063 1592 5116 τὸ
1620 5063 1777 5130 ἅγιον

200 5158 401 5213 αὑτοῦ·
438 5179 458 5211 ι
492 5159 586 5213 καὶ
610 5158 809 5214 δέδωκε
848 5158 924 5231 τῷ
960 5157 1073 5229 Υἱῴ
1105 5158 1196 5211 τὸν
1236 5156 1423 5229 νοητὸν
1456 5153 1775 5226 ἀμπελῶνα,

197 5250 466 5317 τουτέστι,
516 5252 607 5306 τὸν
664 5252 951 5324 ἰσραήλ.‹
997 5252 1056 5306 ’0
1086 5252 1194 5322 γὰρ
1247 5246 1511 5320 ἁμπελὼν
1569 5245 1777 5316 Κυρίου

200 5342 462 5398 Σαϐϐαὼθ
485 5382 500 5409 ,
543 5364 563 5397 ι
597 5344 741 5398 κατὰ
770 5344 835 5398 τὸ
867 5343 1273 5417 γεγραμμένον,
1308 5361 1325 5393 ι
1358 5338 1643 5409 ἄνθρωπος
1682 5337 1775 5389 τοῦ

213 5436 407 5504 Ἰούδα,
464 5438 742 5509 νεόφυτον,
774 5440 1155 5508 ἠγαπημένον.
1198 5454 1217 5487 ι
1267 5433 1430 5499 Ἀλλ’,
1479 5432 1553 5496 ῶς
1610 5447 1778 5501 φησιν

201 5528 229 5580 ὁ
262 5530 530 5603 μακάριος
579 5529 975 5601 εὐαγγελιστὴς
1013 5526 1291 5597 Ἰωάννης·
1348 5544 1367 5577 ι
1402 5523 1496 5587 Et;
1544 5525 1613 5578 τά
1668 5522 1776 5575 ῐδια

200 5614 350 5692 ἦλθε,
384 5627 476 5679 καὶ
504 5625 551 5677 οἱ
596 5623 718 5677 ἴδιοι
764 5622 929 5678 αὑτὸν
960 5621 1020 5675 οὺ
1051 5618 1377 5692 παρέλαϐον.
1411 5639 1429 5673 ι
1477 5617 1773 5689 Ἐκϐεϐλή-

268 5804 313 5835 ⁸⁶
333 5806 499 5877 Etet].
536 5825 628 5871 xx,
660 5809 711 5863 ι.
790 5810 833 5841 ⁸⁷
867 5808 1072 5862 ihid.3.
1147 5808 1191 5840 ⁸⁸
1232 5806 1429 5877 Ephcs.
1474 5822 1532 5872 tl,
1564 5805 1649 5861 18.
1724 5804 1769 5837 “9

1891 5801 1953 5857 Il.
1986 5816 2051 5871 ιι,
2082 5798 2132 5855 6.
2209 5801 2254 5833 9°
2288 5796 2392 5854 lsa.
2435 5812 2487 5862 v,
2528 5797 2579 5852 1.
2655 5795 2698 5830 θ’
2726 5794 2885 5852 Joan.
2919 5808 2958 5858 ι,
2994 5792 3080 5846 Η.

213 5888 322 5941 ιιι,
358 5876 443 5929 58.

437 5970 707 6031 Parnm.
758 5971 871 6030 GR.
924 5968 1116 6028 LXXI.

1890 3312 2051 3367 Pater
2084 3314 2301 3379 Filium,
2335 3315 2763 3369 illuminaturum
2798 3315 2935 3369 filios
2976 3313 3139 3369 Israel
3166 3324 3221 3367 et
3246 3312 3472 3367 manife-

1889 3412 2159 3458 staturuni
2211 3404 2475 3473 judicium
2528 3405 2666 3474 ejus,
2711 3414 2765 3458 et
2814 3413 2874 3458 ut
2919 3404 3139 3474 antiqua
3199 3402 3469 3457 sacriﬁcia

1890 3506 2053 3565 atque
2102 3495 2412 3551 holocausta
2477 3496 2664 3566 legalia
2719 3495 2969 3564 abrogari
3011 3505 3244 3562 curaret,
3299 3499 3471 3569 magis

1890 3599 2070 3641 autem
2103 3587 2528 3642 misericordiam
2576 3595 2846 3658 erogaret,
2896 3588 3000 3642 fide
3040 3587 3368 3655 justificans,
3416 3601 3473 3643 et

1888 3681 1955 3733 ad
1984 3680 2313 3748 agnitionem
2348 3679 2458 3734 veri
2487 3679 2579 3734 Dei
2606 3690 2841 3735 vocaret.
2876 3678 2981 3733 Per
3009 3682 3186 3748 ipsum
3226 3681 3391 3744 enim,
3417 3690 3473 3736 et

1890 3772 1941 3827 in
1962 3775 2080 3841 ipso
2097 3772 2327 3827 vidimus
2347 3770 2583 3836 Patrem,
2605 3781 2659 3826 et
2681 3786 2958 3827 accessum
2985 3772 3164 3842 adepti
3190 3788 3380 3829 sumus
3399 3775 3466 3833 ⁸³.

1888 3874 1948 3918 ιιι
1972 3864 2165 3919 alicubi
2200 3874 2285 3919 est
2330 3865 2381 3918 in
2414 3865 2583 3918 sacris
2617 3864 2859 3920 Litteris.
2895 3862 3161 3920 Caeterum
3211 3862 3469 3921 israelitm

1889 3956 2015 4011 facti
2051 3967 2175 4011 sunt
2206 3976 2223 4008 ι
2256 3968 2313 4011 ιιι
2356 3957 2516 4011 homo
2554 3956 2916 4027 prevaricans
2965 3966 3372 4011 testamentum.
3442 3977 3463 4011 ο

1888 4050 2004 4105 Hoc
2037 4050 2166 4119 quid
2203 4052 2294 4117 sit,
2333 4049 2507 4103 dicam
2554 4059 2613 4103 ut
2659 4058 2868 4119 potero.
2916 4048 3000 4104 Ab
3053 4050 3160 4107 alio
3205 4052 3467 4119 scriptum

1893 4152 2273 4198 testamentum
2302 4142 2737 4213 transgrediens;
2767 4153 2861 4197 aut
2888 4143 2953 4196 ad
2980 4142 3322 4198 distributam
3350 4159 3470 4197 sor-

1892 4245 1996 4291 tem
2028 4250 2059 4288 a
2088 4234 2364 4291 conditore
2400 4235 2706 4290 testamenti
2748 4250 2856 4290 non
2893 4235 3136 4301 accedit,
3186 4245 3281 4290 aut
3332 4236 3471 4291 alios

1887 4337 2037 4380 certe
2070 4334 2391 4380 testamento
2423 4326 2735 4395 inscriptos,
2787 4325 2984 4379 debitis
3025 4326 3263 4395 ipsorum
3312 4324 3470 4380 bonis

1888 4414 2121 4471 fraudat.
2159 4414 2289 4470 Tale
2335 4417 2586 4486 quiddam
2622 4417 3013 4472 commiserunt
3052 4415 3246 4481 Judaei,
3310 4417 3471 4484 idque

1890 4507 1941 4562 in
1966 4507 2202 4563 Christo.
2238 4508 2338 4576 Qui
2366 4509 2614 4563 tandem?
2650 4509 2787 4562 Deus
2824 4508 2967 4561 enim
3017 4517 3071 4563 ct
3116 4508 3278 4563 Pater
3329 4509 3471 4563 velut

1816 4580 1859 4634 θ
1889 4592 2219 4670 splendidam
2271 4600 2558 4668 quamdam
2602 4609 2659 4655 et
2715 4600 3043 4669 peculiarem
3094 4600 3466 4654 haereditatcm

1888 4692 2246 4762 principatum
2277 4692 2451 4761 gentis
2484 4692 2536 4745 ei
2570 4692 2810 4747 donavit.
2841 4690 3177 4745 Exclamavit
3206 4692 3371 4755 enim,
3411 4702 3472 4746 ut

1884 4784 1994 4837 dixi
2025 4801 2041 4836 :
2082 4801 2099 4834 ι
2140 4783 2252 4854 Ego
2282 4792 2459 4838 autem
2495 4783 2824 4839 conStitutns
2855 4798 2974 4838 sum
3009 4798 3099 4838 rex
3125 4784 3191 4837 ab
3219 4798 3283 4838 eo
3306 4799 3470 4853 super

1882 4879 2011 4933 Sion
2045 4888 2278 4932 montem
2312 4886 2558 4932 sanctum
2587 4877 2704 4946 ejus
2728 4876 2793 4943 ",
2849 4894 2866 4928 ι
2918 4875 3172 4945 deditque
3207 4873 3349 4929 Filio
3391 4876 3472 4929 vi-

1885 4984 2066 5031 neam,
2101 4982 2220 5039 quas
2270 4977 2447 5023 mente
2498 4968 2815 5038 percipitur,
2872 4967 2978 5021 hoc
3029 4974 3136 5032 est,
3187 4965 3465 5020 lsraelem.

1892 5080 1910 5115 ι
1952 5061 2116 5116 Vinea
2150 5060 2291 5115 enim
2322 5060 2532 5115 Domini
2572 5058 2835 5122 Sabaoth,
2886 5077 2904 5111 ι
2954 5067 3012 5113 ιιι
3041 5057 3302 5127 scriptum
3361 5067 3467 5119 est,

1888 5172 1911 5206 ι
1953 5153 2113 5209 homo
2145 5150 2305 5218 Juda,
2346 5152 2552 5208 novella
2593 5150 3112 5221 plantatio,‘dilecta
3151 5149 3218 5203 '°.
3269 5168 3287 5200 ι
3334 5146 3466 5211 Sed,

1887 5253 1946 5299 ut
1974 5252 2059 5299 est
2101 5244 2240 5314 apud
2290 5244 2507 5299 beatum
2552 5242 2940 5311 evangelistam
2988 5239 3275 5305 Joannem,
3333 5258 3351 5290 ι
3408 5239 3467 5293 lu

1884 5338 2099 5409 propria
2137 5335 2303 5401 venit,
2330 5346 2385 5391 et
2416 5336 2498 5393 sui
2526 5349 2648 5390 eum
2675 5350 2780 5391 non
2811 5342 3130 5402 receperunt
3170 5332 3237 5387 ".
3296 5349 3318 5384 ›
3364 5330 3470 5385 Ex-

1886 5436 1967 5482 tra
1999 5438 2211 5496 portam
2253 5425 2396 5479 enim
2435 5424 2713 5495 cjccerunt
2754 5438 2903 5488 eum,
2951 5430 3008 5477 et
3052 5430 3226 5475 morte
3270 5420 3466 5475 multa-

1884 5530 2033 5586 runt,
2058 5521 2335 5575 dicentes:
2378 5536 2399 5571 ι
2430 5515 2530 5573 Hic
2555 5527 2638 5574 est
2670 5517 2879 5585 haeres;
2927 5515 3127 5581 venite,
3150 5514 3462 5569 occidamns

1881 5628 2028 5681 eum,
2058 5621 2112 5669 et
2140 5611 2461 5669 habebimus
2489 5609 2859 5666 baereditatem
2889 5609 3005 5680 ejus
3034 5608 3100 5660 ⁹¹.
3124 5624 3144 5658 ›
3168 5604 3459 5661 Considera

3183 5788 3227 5819 "
3257 5783 3455 5841 Matth.

3062 5954 3097 6014 6
