4094 6564
679 364 775 421 HI
1668 360 1729 420 S.
1767 360 2044 423 οῐιιιιιι
2083 361 2553 420 ALEXANDRINI
2593 364 2914 427 ARCHIEP.
3852 373 3945 427 ιιι

677 484 842 554 igitur
863 479 1317 553 quemadmodum
1344 479 1471 538 facti
1495 478 1624 546 sint,
1656 499 1674 532 ι
1709 491 1765 536 ιιι
1809 483 1969 539 homo
2002 493 2263 555 transgre—

2366 503 2491 539 κατι
2526 481 2636 558 γὰρ
2678 484 2783 549 ἐξω
2824 486 2923 556 τῆς
2970 484 3171 557 πύλης,
3218 483 3313 539 καὶ
3357 483 3576 556 θανάτῳ
3624 484 3943 558 παρέδοσαν,

674 575 829 629 diem
865 580 1271 627 testamentum.
1318 591 1337 624 ι
1387 570 1700 643 Cognovisti
1750 574 2053 630 haeredem?
2102 576 2263 647 igitur

2366 578 2633 647 λέγοντες,
2682 597 2699 629 ι
2736 574 2905 642 Οὗτός
2950 579 3097 633 ἐστιν
3147 580 3176 633 ό
3209 578 3570 652 κληρονόμος,
3616 577 3775 633 δεῦτε
3821 581 3946 634 ἀπο·

675 663 1047 719 hmreditatem
1076 663 1150 717 illi
1184 664 1499 744 attributam
1534 663 1717 720 redde.
1756 663 2105 737 Transgressi
2137 677 2263 723 sunt

2366 671 2660 742 κτείνωμεν
2708 671 2891 735 αὐτὸν,
2932 672 3028 726 καὶ
3078 670 3297 743 σχῶμεν
3340 670 3441 743 τήν
3485 671 3882 743 κληρονομίαν.
3923 696 3937 724 ι

673 771 802 826 ergo
868 764 1249 812 testamentum
1303 755 1503 821 Patris,
1544 768 1804 827 quantum
1868 759 1923 814 in
1984 760 2114 831 ipsis
2162 759 2263 817 l‘uit

2366 761 2556 833 Ἀθρει
2590 761 2653 832 δή
2678 758 2772 814 οὖν
2799 762 2946 827 ὅπως
2975 760 3261 831 γεγόνασιν
3287 781 3305 813 ι
3332 761 3409 825 ὡς
3456 761 3746 832 ἄνθρωπος
3776 781 3943 834 παρα·

672 848 943 904 heredem
975 848 1413 905 exheredantes.
1446 849 1552 905 Sed
1584 865 1757 922 neque
1792 852 1891 922 ipsi
1922 853 1988 908 ad
2032 855 2259 924 gratiam

672 949 1039 1006 accesserunt,
1069 940 1287 1012 quando
1334 956 1649 998 concessam
1680 944 1783 999 sibi
1830 959 1858 997 a
1900 942 2012 999 Deo
2057 954 2257 1001 sortem

673 1048 781 1087 non
811 1032 1163 1087 admiserunt.
1217 1032 1308 1087 Ait
1360 1032 1504 1089 enim
1556 1049 1654 1104 per
1687 1035 2004 1105 prophetam
2054 1034 2195 1092 Deus
2242 1056 2257 1092 :

680 1142 699 1177 ι
732 1122 873 1180 Ecce
899 1124 1014 1180 dies
1046 1125 1290 1193 venient,
1326 1125 1458 1180 dicit
1492 1125 1774 1192 Dominus,
1804 1134 1856 1181 et
1870 1129 2260 1185 consummabo

674 1231 837 1287 super
876 1215 1059 1282 Israel,
1106 1225 1158 1271 et
1199 1231 1362 1287 super
1412 1216 1632 1273 domum
1687 1214 1825 1274 Juda
1875 1227 2257 1275 testamentum

674 1323 897 1374 novum,
932 1322 1035 1363 non
1079 1309 1371 1363 secundum
1404 1317 1786 1366 testamentum
1828 1311 1971 1382 quod
2018 1312 2257 1382 disposui

674 1402 918 1473 patribus
964 1415 1151 1456 eorum
1188 1402 1239 1456 in
1274 1403 1362 1456 die
1408 1402 1461 1457 in
1507 1417 1612 1473 qua
1666 1404 1992 1474 apprehendi
2040 1421 2256 1460 manum

673 1508 885 1558 eorum,
913 1502 970 1547 ut
1000 1494 1281 1549 educerem
1311 1509 1405 1549 eos
1438 1494 1504 1550 de
1528 1506 1669 1550 terra
1694 1493 1914 1567 λεωριὶ
1944 1496 2010 1552 ’³.
2051 1515 2071 1548 ι
2107 1496 2258 1564 Quod

672 1586 719 1641 si
755 1600 877 1640 cum
910 1584 1091 1655 priore
1119 1594 1447 1640 testamento
1480 1600 1679 1641 novum
1728 1586 2060 1652 conferatur,
2102 1589 2259 1659 longe

673 1676 909 1730 maxima
958 1676 1349 1746 promissorum
1384 1676 1648 1732 bonorum
1706 1675 2009 1734 differentia
2049 1679 2258 1748 perspi-

672 1768 864 1823 cietur.
906 1766 1017 1822 Illic
1058 1767 1204 1823 enim
1246 1767 1710 1832 Amorrhzeorum,
1748 1767 2154 1839 Gergeszeorum
2202 1778 2257 1824 et

2361 852 2562 907 ϐαίνων
2589 853 2877 925 διαθήκην.
2916 873 2934 905 ι
2971 853 3246 922 Ἐπέγνως
3274 852 3365 906 τὸν
3394 852 3771 923 κληρονόμον;
3809 854 3940 908 Ούκ-

2363 944 2460 998 οῦν
2483 942 2682 1010 ἀπόδος
2706 945 2797 999 τόν
2822 944 3189 1016 ἐκνεμηθέντα
3212 943 3414 1015 κλῆρον
3434 941 3603 1013 αύτῷ.
3630 943 3943 1016 Παραϐεϐήο

2360 1051 2489 1088 κασι
2518 1032 2696 1089 τοίνυν
2750 1031 2845 1106 τήν
2887 1030 3155 1105 διαθήκην
3188 1029 3285 1086 τοῦ
3329 1031 3565 1105 Πατρδς,
3606 1032 3673 1086 τὸ
3704 1033 3836 1086 ὅσον
3867 1034 3941 1102 ἐφ’

2360 1123 2595 1190 ἑαυτοῖς,
2653 1124 3081 1195 ἀποστεροῦντες
3118 1123 3208 1177 τὸν
3260 1124 3619 1196 κληρονόμον,
3663 1120 3785 1178 ἀλλ’
3832 1125 3939 1177 οὐδὲ

2360 1218 2514 1271 αὐτοὶ
2554 1217 2861 1289 προσῆλθον
2892 1219 2957 1289 τῇ
2987 1217 3193 1288 χάριτι,
3229 1217 3296 1271 ού
3324 1219 3705 1289 προσήκαντες
3734 1216 3829 1270 τὸν
3862 1216 3935 1269 δο-

2370 1309 2533 1364 θέντα
2569 1309 2754 1373 αὐτοῖς
2791 1308 2944 1381 παρὰ
2972 1307 3067 1363 τοῦ
3099 1307 3235 1362 Θεοῦ
3267 1308 3490 1380 κλῆρον.
3526 1310 3674 1380 Ἔφη
3710 1305 3812 1379 μὲν
3844 1308 3939 1380 γὰρ

2358 1400 2445 1454 διὰ
2496 1399 2589 1454 τοῦ
2646 1400 2926 1472 προφήτου
2969 1399 3136 1464 Θεός·
3190 1418 3209 1452 ι
3260 1400 3390 1454 ’1δοῦ
3431 1399 3635 1472 ἡμέραι
3679 1400 3938 1471 ἔρχονται,

2358 1491 2741 1564 λέγειΚύριος,
2768 1492 2863 1546 καὶ
2884 1491 3190 1545 συντελέσω
3208 1491 3300 1546 ἐπὶ
3321 1491 3413 1545 τὸν
3436 1488 3584 1545 οἶκον
3608 1492 3832 1563 Ἰσραὴλ
3859 1493 3937 1546 καὶ

2358 1586 2450 1638 ἐπὶ
2497 1585 2590 1639 τὸν
2630 1580 2778 1637 οἷκον
2816 1584 2983 1638 Ἰούδα
3022 1584 3287 1657 διαθήκην
3320 1584 3544 1653 καινὴν,
3572 1583 3634 1639 ού
3677 1584 3823 1638 κατὰ
3852 1584 3938 1656 τήν

2357 1675 2618 1747 διαθήκην
2632 1676 2713 1748 ⁸ήν
2743 1675 3004 1749 διεθέμην
3032 1679 3143 1741 τοῖς
3174 1676 3447 1748 πατράσιν
3470 1674 3652 1730 αἰτῶν
3679 1678 3739 1731 ἐν
3770 1677 3935 1747 ἡμέρᾳ

2358 1766 2754 1839 ἐπιλαϐομένου
2781 1784 2885 1837 μου
2917 1769 3016 1838 τῆς
3048 1767 3233 1838 χειρὸς
3280 1766 3483 1830 αὐτῶν,
3516 1766 3815 1836 ἐξαγαγεῖν
3850 1764 3935 1819 αύ-

672 1858 977 1924 Εναιοιυιη,
1017 1859 1170 1929 ιοι
1204 1869 1258 1914 et
1284 1857 1652 1914 Jebuszorum
1683 1869 1827 1914 terra
1871 1860 2002 1930 ipsis
2025 1860 2259 1931 promis-

2366 1859 2490 1921 τοὺς
2514 1860 2578 1912 ἐκ
2611 1858 2713 1929 γῆς
2742 1857 3043 1927 Αἰγύπτου.
3084 1878 3101 1909 ι
3152 1860 3215 1912 Et
3242 1858 3298 1911 δέ
3333 1860 3397 1930 δή
3438 1856 3792 1929 δοκιμάζοιτο
3818 1858 3933 1930 πρὸς

673 1965 731 2004 sa
775 1958 880 2006 est.
932 1949 1140 2004 Novum
1193 1959 1372 2004 autem
1423 1958 1828 2016 testamentum,
1869 1952 1971 2006 hoc
2012 1960 2116 2015 est,
2161 1964 2257 2019 per

2366 1947 2460 2019 τὴν
2490 1947 2714 2019 πρώτην
2748 1950 2781 2020 ή
2813 1949 2927 2014 νέα,
2965 1950 3190 2021 πλείστη
3214 1964 3298 2014 τις
3327 1950 3428 2021 ὅση
3457 1949 3567 2003 τῶν
3603 1950 3935 2022 ἐπηγγελμέ-

673 2044 947 2098 Christum
986 2051 1173 2098 sancta
1207 2051 1262 2096 et
1293 2041 1561 2108 instituta,
1595 2058 1691 2114 per
1721 2043 1881 2098 tidem
1916 2044 1981 2097 ad
2010 2044 2256 2113 adoptio-

2366 2056 2468 2093 νων
2503 2041 2535 2110 ή
2567 2040 2800 2113 διαφορά
2838 2041 3186 2113 νοηθήσεται.
3225 2043 3376 2095 Ἐκεῖ
3419 2041 3519 2113 μέν
3567 2042 3678 2115 γὰρ
3709 2043 3809 2113 τήν
3841 2042 3933 2095 τῶν

675 2152 796 2191 nem
832 2136 1088 2201 ﬁliorum,
1131 2135 1199 2189 ad
1238 2134 1724 2205 incorruptionem,
1758 2136 1823 2189 ad
1857 2135 2021 2189 vitam
2054 2136 2254 2205 sempi-

2374 2130 2740 2204 Ἀμορραίων,
2790 2134 2886 2186 καὶ
2927 2133 3292 2204 Γεργεσαίων,
3345 2134 3438 2187 καὶ
3484 2134 3701 2187 Εὐαίων
3742 2134 3929 2196 αὐτοῖς,

673 2238 907 2293 lernam,
957 2228 1024 2281 ad
1082 2227 1516 2281 communionem
1561 2228 1652 2281 Dei
1709 2240 1804 2297 per
1848 2225 2130 2296 Spiritum,
2187 2226 2254 2281 ad

2366 2223 2455 2275 καὶ
2480 2224 2587 2294 μὴν
2616 2225 2710 2277 καὶ
2753 2225 3093 2279 Ἰεϐουσαίων
3119 2226 3425 2298 ἐπήγγελτο
3458 2226 3563 2292 γῆν
3585 2242 3597 2255 ’
3627 2227 3661 2297 ή
3690 2226 3746 2279 δὲ
3773 2225 3930 2296 Καινή

672 2335 897 2389 regnum
927 2318 1187 2374 caelorum
1234 2319 1522 2375 vocabant.
1570 2319 1767 2374 Verum
1812 2319 1885 2373 illi
1927 2331 2125 2374 sortem
2162 2335 2259 2389 per

2366 2314 2628 2386 Διαθήκη,
2656 2316 2927 2383 τουτέστι,
2966 2318 3036 2371 τὰ
3063 2318 3153 2372 διὰ
3178 2317 3416 2392 Χριστοῦ
3453 2318 3827 2388 θεσπίσματα,
3858 2318 3930 2370 διὰ

672 2405 870 2463 Filium
904 2423 931 2462 a
958 2407 1065 2463 Deo
1089 2415 1145 2462 et
1178 2406 1340 2463 Patre
1379 2408 1510 2478 ipsis
1548 2409 1802 2463 tributam
1840 2409 2039 2464 habere
2074 2409 2259 2463 nolue-

2366 2406 2605 2472 πίστεως
2635 2408 2863 2464 ἐκάλουν
2888 2412 2967 2474 είς
2995 2410 3268 2465 υἱοθεσίαν
3300 2410 3460 2478 Θεοῦ,
3494 2413 3575 2476 είς
3616 2409 3929 2481 ἀφθαρσίαν,

671 2508 818 2553 runt.
848 2497 1157 2553 Secundum
1187 2505 1477 2568 utrumque
1505 2497 1672 2567 igitur
1699 2498 2047 2552 irritavernnt
2069 2497 2258 2563 Deum,

2366 2501 2447 2564 είς
2482 2500 2764 2571 ἀμήρυτον
2802 2500 2968 2571 ζωὴν,
3004 2502 3084 2566 είς
3111 2500 3330 2573 μέθεξιν
3357 2501 3517 2567 Θεοῦ,
3549 2502 3650 2573 τήν
3676 2501 3769 2555 διὰ
3790 2500 3931 2554 Πνεύ-

672 2600 727 2645 et
756 2590 1215 2661 transgredientes
1240 2598 1645 2653 testamentum,
1678 2598 1733 2643 et
1766 2589 2059 2655 lueredem,
2092 2598 2151 2643 ut
2177 2589 2261 2643 di-

2369 2608 2563 2663 ματος,
2605 2592 2686 2656 είς
2719 2590 2995 2662 βασιλείαν
3040 2594 3302 2664 οὐρανῶν.
3342 2593 3481 2649 Ἀλλ’
3529 2594 3629 2647 οὐκ
3676 2592 3931 2664 ἠθέλησαν

672 2684 884 2748 cebam,
912 2692 1173 2754 quantum
1203 2683 1253 2737 in
1284 2682 1414 2750 ipsis
1438 2683 1554 2747 fuit,
1579 2683 1704 2737 data
1740 2683 1789 2737 ei
1833 2697 1863 2736 a
1898 2681 2055 2738 Patre
2090 2683 2263 2739 luere-

2366 2682 2509 2753 ἔχειν
2533 2684 2626 2736 τὸν
2650 2684 3023 2755 ἐκνεμηθέντα
3055 2685 3256 2757 κλῆρον
3289 2685 3472 2750 αὐτοῖς
3510 2684 3581 2739 δι’
3613 2684 3772 2750 Υίοῦ,
3798 2685 3929 2755 παρὰ

673 2774 844 2829 ditate
871 2773 1223 2845 expellentes,
1263 2773 1474 2845 ipsique
1519 2788 1549 2829 a
1608 2775 1715 2830 Deo
1764 2774 1869 2830 sibi
1932 2775 1985 2828 in
2039 2774 2260 2832 Christo

2366 2775 2456 2829 τοῦ
2486 2776 2620 2830 Θεοῦ
2644 2779 2737 2831 καὶ
2764 2778 2996 2849 Πατρός.
3032 2779 3167 2832 Κατ’
3192 2778 3361 2850 ἄμφω
3378 2778 3445 2850 δή
3473 2774 3567 2833 οῦν
3597 2778 3928 2849 λελυπήκασι

675 2866 890 2921 donatis
920 2866 1256 2921 excidentes.

2366 2869 2797 2942 παραϐαίνοντες
2830 2873 2930 2942 τήν
2975 2871 3262 2945 διαθήκην,
3311 2873 3407 2926 καὶ
3444 2872 3537 2925 τὸν
3585 2871 3928 2943 κληρονόμον,

672 2959 749 3023 ὡς
777 2956 1014 3031 ἔφην,τδ
1038 2957 1162 3011 ὅσον
1191 2959 1276 3028 ἐφ’
1303 2959 1514 3024 ἑαυτοῖς
1540 2958 1634 3014 τοῦ
1673 2960 1919 3025 δοθέντος
1974 2961 2123 3033 αὐτῷ
2178 2962 2332 3035 παρὰ
2366 2962 2462 3015 τοῦ
2518 2963 2734 3036 Πατρός
2798 2964 3099 3031 ἐξώσαντες
3149 2964 3374 3037 κλήρου,
3426 2963 3843 3028 ἐκπεπτωκότες
3884 2961 3931 3015 δὲ

674 3053 770 3108 καὶ
799 3051 951 3106 αὐτοὶ
1002 3050 1111 3104 τῶν
1157 3050 1309 3122 παρὰ
1348 3050 1483 3105 Θεοῦ
1523 3051 1914 3125 δεδωρημένων
1944 3055 2127 3119 αὐτοῖς
2164 3056 2221 3108 ἐν
2254 3054 2494 3127 Χριστῷ.

765 3144 927 3202 Vens.
957 3143 1011 3201 8.
1062 3144 1146 3201 Ibi
1189 3146 1495 3214 contempsit
1537 3163 1617 3200 me
1666 3146 1899 3213 Galaad,
1940 3149 2125 3203 civitas
2151 3166 2267 3220 qua!
2293 3155 2338 3214 ο

677 3252 930 3311 operatur
957 3255 1115 3302 uana,
1167 3236 1487 3293 conturbam
1520 3254 1739 3307 aquam,
1772 3251 1821 3293 et
1866 3239 2126 3309 fortitudo
2174 3250 2266 3296 tua

677 3333 775 3387 tiri
803 3332 1012 3393 piratis.

748 3422 959 3480 LXVII.
997 3423 1322 3495 Regreditur
1353 3422 1420 3479 ad
1453 3424 1757 3479 enarranda
1786 3424 2016 3489 scelera,
2044 3434 2266 3496 propter

676 3530 798 3588 quae
852 3516 991 3586 apud
1039 3531 1133 3570 eos
1185 3515 1414 3570 scelesta
1464 3515 2059 3586 pseudOprophetarnm
2111 3517 2265 3572 turba

673 3610 797 3679 jure
840 3607 1101 3662 trucidata
1159 3616 1262 3662 est.
1308 3606 1382 3660 Ilii
1425 3606 1595 3671 enim,
1652 3608 1825 3677 inquit
1860 3609 1987 3680 (hoc
2020 3616 2124 3673 est,
2176 3608 2267 3664 illo

678 3711 946 3770 tempore,
980 3715 1089 3769 quo
1131 3699 1424 3754 declinavit
1450 3699 1641 3764 Israel,
1689 3711 1744 3754 et
1792 3700 1845 3754 in
1892 3714 2015 3754 eum
2065 3706 2263 3754 statum

680 3795 921 3859 devenit,
960 3803 1021 3849 ut
1067 3792 1232 3847 etiam
1283 3791 1557 3845 daemones
1594 3791 1826 3847 adorare
1875 3805 1981 3845 non
2019 3788 2268 3845 reformi-

679 3887 855 3949 daret,
894 3884 998 3939 hoc
1022 3883 1165 3937 enim
1187 3883 1291 3937 sibi
1322 3880 1435 3935 vult
1460 3880 1610 3947 illud,
1650 3896 1671 3934 ι
1703 3882 1799 3946 ibi,
1836 3900 1855 3935 ι
1893 3883 1936 3938 si
1970 3879 2264 3937 secundqu

679 3990 797 4029 rem
821 3983 879 4030 et
909 3974 1201 4037 actionem,
1227 3986 1332 4027 non
1365 3972 1661 4028 secundum
1692 3974 1865 4028 locum
1894 3972 2075 4044 potius
2106 3971 2267 4027 intel-

679 4067 927 4139 ligatur),
957 4064 1308 4120 vehementer
1330 4066 1655 4135 contempsit
1680 4081 1767 4121 me
1799 4065 2025 4121 Galaad.
2053 4061 2264 4119 Nomen

679 4158 833 4214 urbis
856 4165 941 4214 est
982 4167 1132 4212 trans
1170 4153 1491 4223 Jordanem,
1522 4170 1644 4226 qua:
1684 4156 1840 4227 juxta
1888 4157 2263 4227 praescriptum

677 4249 885 4324 Moysis
916 4248 1079 4306 cessit
1115 4245 1321 4302 Levitis
1353 4246 1422 4302 “.
1458 4247 1592 4303 Erat
1632 4247 1816 4317 itaque
1845 4249 2187 4303 sacerdotum
2211 4257 2265 4303 et

679 4340 997 4400 Levitarum
1049 4339 1262 4395 civitas.
1303 4338 1411 4394 Sed
1442 4338 1536 4409 qui
1586 4338 1723 4394 alios
1762 4339 1831 4393 ab
1873 4352 2063 4395 errore
2102 4339 2264 4394 debe-

680 4438 812 4492 bant
844 4444 1111 4498 avertere,
1144 4442 1198 4487 et
1224 4431 1290 4483 ad
1326 4430 1612 4486 veritatem
1641 4430 2121 4501 cognitionemque
2151 4432 2262 4485 uti-

680 4526 813 4582 lium
847 4524 1089 4590 erudire,
1125 4540 1145 4576 ι
1178 4522 1319 4577 labia
1350 4522 1495 4577 enim
1523 4522 1825 4578 sacerdotis
1850 4524 2159 4579 custodient
2183 4523 2263 4595 ju-

2367 4527 2466 4597 τῆς
2499 4527 2728 4598 πλάνης,
2777 4528 2874 4596 καίῑ
2901 4527 3270 4596 παιδαγωγεῖν
3299 4526 3380 4589 είς
3418 4524 3706 4595 ἀλήθειαν,
3746 4522 3832 4577 καὶ
3860 4520 3924 4583 είς
4024 4594 4025 4601 γ

679 4620 902 4686 dicium,
942 4626 999 4673 et
1039 4616 1213 4686 legem
1263 4612 1547 4683 requirent
1591 4628 1659 4669 ex
1710 4629 1809 4671 ore
1854 4614 1970 4687 ejus
1992 4614 2065 4684 ’⁸,
2095 4634 2117 4670 ι
2159 4615 2263 4686 ipsi

683 4712 825 4768 idola
862 4710 1284 4766 introduxerunt
1321 4716 1379 4762 et
1410 4720 1551 4762 vana
1580 4704 1828 4764 fabricati
1873 4716 2018 4765 sunt.
2056 4727 2076 4763 ι
2117 4707 2262 4781 Ope-

683 4803 788 4858 rati
825 4810 953 4858 sunt
995 4800 1139 4856 enim
1188 4812 1350 4863 vana,
1392 4816 1415 4851 ›
1447 4798 1554 4855 hoc
1583 4811 1690 4865 est,
1720 4801 1886 4857 idola.
1925 4820 1944 4855 ι
1978 4800 2261 4857 Turbave-

684 4901 813 4948 runt
848 4892 1019 4947 etiam
1055 4907 1248 4961 aquam
1275 4935 1290 4959 ,
1332 4910 1351 4945 ι
1398 4891 1453 4948 id
1493 4903 1620 4956 est,
1668 4892 2004 4950 confusionis
2045 4893 2263 4949 occasio

680 4982 929 5054 populari
962 4981 1294 5038 multitudini
1327 4981 1567 5038 fuerunt.
1603 4983 1719 5039 Mos
1742 4986 1884 5039 enim
1915 5000 2084 5041 sacrae
2113 4982 2264 5040 Scri-

682 5082 859 5142 ptura:
880 5082 984 5139 est.
1003 5073 1343 5129 innumeram
1368 5073 1651 5130 hominum
1682 5076 2081 5130 multitudinem
2110 5090 2263 5145 aqua

684 5167 1016 5235 as'similare,
1054 5168 1183 5224 inde
1216 5184 1339 5225 cum
1373 5180 1561 5226 essent
1593 5168 2053 5239 frequentissimas
2083 5167 2262 5239 Baby-

681 5259 772 5316 lou
799 5269 854 5316 et
880 5259 1077 5316 Ninive
1102 5260 2080 5331 «sicut.piscina,iinquit,caquarum
2108 5274 2263 5330 aqua:

686 5351 803 5423 ejus
828 5350 900 5408 ”.
936 5368 957 5403 ι
1002 5352 1155 5419 Quod
1200 5351 1341 5408 idem
1377 5360 1462 5406 est
1512 5366 1575 5406 ac
1617 5352 1661 5405 si
1695 5350 1920 5419 diceret,
1954 5358 2011 5406 ut
2047 5350 2260 5423 piscina

683 5446 845 5517 plena
871 5454 957 5501 est
989 5445 1167 5515 aquis,
1202 5444 1276 5501 ita
1318 5442 1607 5499 multitudo
1634 5444 1772 5513 ejus.
1806 5442 1910 5497 Aut
1944 5443 2050 5499 alio
2080 5443 2259 5509 modo,

686 5540 1038 5593 turbaverant
1063 5535 1455 5606 aquam,quasi
1486 5535 1753 5591 turbidam
1780 5546 1835 5591 et
1858 5549 2138 5592 caenosam
2164 5535 2261 5590 do-

683 5631 916 5689 etrinam
963 5645 1023 5686 se
1055 5626 1502 5685 convenientibus
1529 5637 1914 5699 proponentes,
1949 5638 2005 5684 et
2049 5629 2261 5700 simpli-

2454 3151 2609 3207 Ἐκεῖ
2625 3153 3045 3223 κατεφρόνησέ
3075 3171 3195 3223 μου
3224 3152 3496 3218 Γαλαὰδ,
3521 3152 3699 3219 πόλις
3728 3149 3932 3220 ἐργαζο-

2365 3238 2520 3310 μένη
2549 3240 2790 3311 μάταια,
2825 3243 3224 3312 raptimraan
3241 3242 3418 3311 ὕδωρ,
3437 3242 3535 3296 καὶ
3556 3242 3594 3309 ἠ
3625 3241 3808 3311 ἰσχύς
3831 3256 3929 3294 σου

2368 3331 2590 3401 ἀνδρὸς
2624 3334 2925 3403 πειρατοῦ.
3310 3380 3315 3385 .

2438 3426 2554 3482 ΞΖ’.
2594 3428 2872 3483 Ἐπάνεισι
2900 3426 3061 3481 πάλιν
3093 3427 3121 3480 ὁ
3154 3427 3310 3495 λόγος
3338 3427 3418 3491 είς
3452 3426 3735 3498 ἀφήγηαν
3758 3423 3930 3493 ἐγκληο

2372 3521 2579 3593 μάτων,
2626 3520 2711 3589 ἐφ’
2750 3516 2831 3584 οἷς
2864 3518 3090 3582 εἰκότως
3139 3516 3408 3589 ἀνῄρηται
3448 3515 3555 3569 τῶν
3604 3515 3745 3586 παρ’
3772 3515 3929 3575 αὐτοῖς

2368 3610 2830 3683 ψευδοπροφητῶν
2878 3612 2911 3681 ή
2943 3610 3134 3664 ἀνοσία
3175 3609 3404 3678 πληθύς.
3445 3607 3593 3661 Ἐκεῖ
3628 3608 3762 3678 γὰρ,
3796 3604 3927 3676 φησὶ,

2367 3704 2639 3769 τουτέστι,
2677 3703 2798 3757 κατ’
2834 3703 3013 3756 ἐκεῖνο
3038 3701 3134 3755 τοῦ
3165 3701 3382 3774 καιροῦ,
3410 3700 3531 3756 καθ’
3557 3699 3617 3753 ὃν
3644 3698 3929 3754 κέκλικενό

2381 3794 2618 3867 Ἰσραήλ,
2651 3795 2745 3849 καὶ
2775 3796 2833 3849 ἐν
2869 3797 2936 3865 τῇ
2962 3793 3141 3865 τοιᾷδε
3172 3793 3503 3847 καταστάσει
3533 3793 3779 3863 γέγονεν,
3811 3791 3925 3845 ὥστε

2367 3886 2462 3941 καὶ
2508 3885 2725 3940 ἑλέσθαι
2771 3885 3072 3957 δαιμονίοις
3114 3886 3440 3957 προσκυνεῖν
3484 3884 3665 3956 (τοῦτο
3694 3886 3801 3957 γάρ
3832 3884 3927 3935 ἐστι

2364 3978 2447 4045 τὸ,
2480 3998 2499 4032 ι
2537 3980 2674 4043 ἐκεῖ,
2709 3998 2728 4031 ι
2789 3978 3196 4051 πραγματικῶς
3236 3977 3544 4049 νοούμενον,
3596 3978 3694 4031 καὶ
3737 3975 3851 4047 οὐχὶ
3876 3972 3926 4044 δή

2370 4069 2571 4144 μᾶλλον
2618 4070 2915 4140 τοπικῶς),
2950 4069 3158 4141 σφόδρα
3219 4084 3320 4139 μου
3370 4066 3855 4138 καταπεφρόνηκεν
3897 4065 3926 4133 ἡ

2366 4159 2595 4216 Γαλαὰδ.
2638 4159 2800 4224 Πόλις
2827 4159 2883 4214 δὲ
2913 4156 3052 4229 αὔτη
3100 4158 3199 4229 μία
3237 4157 3348 4213 τῶν
3384 4158 3651 4228 Ἰορδάνου
3685 4156 3923 4228 ναμάτων

2366 4251 2653 4316 ἐπέκεινα,
2701 4253 2735 4324 ή
2780 4252 2875 4305 καὶ
2920 4248 3285 4321 ἐκνεμηθεῖσα
3334 4250 3448 4312 τοῖς
3489 4247 3768 4311 Διυῖταις,
3810 4243 3925 4299 κατὰ

2366 4342 2453 4396 τὸν
2500 4342 2745 4407 Μωσέως
2800 4342 2982 4412 νόμον.
3039 4337 3150 4394 Ἧν
3182 4337 3277 4395 οὖν
3334 4338 3524 4412 ἱερέων
3571 4338 3667 4392 καὶ
3716 4334 3925 4394 Λευῑτῶν
4024 4378 4025 4415 γ

2366 4435 2541 4499 πόλις.
2582 4434 2725 4488 Ἀλλ’
2771 4436 2821 4488 οἱ
2849 4435 2975 4498 τοὺς
3008 4433 3200 4498 ἄλλους
3242 4431 3548 4503 ὀφείλοντες
3591 4428 3924 4502 ἀποκομίζειν

2370 4617 2467 4688 τήν
2488 4616 2582 4670 τοῦ
2609 4618 2979 4689 συμφέροντος
3004 4618 3103 4688 τὴν
3122 4617 3325 4687 γνῶσιν
3340 4617 3386 4689 (ι
3408 4616 3576 4687 Χείλη
3598 4617 3714 4687 γὰρ
3742 4614 3920 4687 ἱερέως.

2370 4709 2528 4780 φησὶ,
2564 4708 2855 4779 φυλάξεται
2891 4711 3093 4781 κρίσιν,
3124 4709 3217 4763 καὶ
3246 4708 3411 4781 νόμον
3442 4708 3836 4780 ἐκζητήσουσιν
3870 4705 3921 4756 ἐκ

2372 4802 2635 4872 στόματος
2666 4801 2921 4870 αύτοῦι),
2955 4801 3247 4869 γεγόνασιν
3278 4800 3432 4853 αὐτοὶ
3460 4799 3570 4853 τῶν
3595 4800 3826 4854 είδὼλων
3852 4796 3921 4850 εύ-
4023 4796 4025 4863 l

2371 4894 2545 4964 ρεταὶ,
2576 4894 2669 4947 καὶ
2695 4893 2804 4947 τῶν
2840 4894 3086 4964 ματαίων
3116 4894 3166 4946 οἱ
3193 4890 3530 4963 τεχνουργοί.
3568 4910 3585 4942 ι
3618 4890 3922 4965 Είργάζοντο

2371 4984 2480 5056 γὰρ
2509 4986 2736 5056 μάταια,
2782 5004 2800 5037 ι
2832 4984 3101 5047 τουτέστι,
3129 4982 3199 5036 τὰ
3235 4982 3452 5038 εῖδωλα.
3494 5001 3514 5033 ι
3539 4976 3919 5053 Ἐτάραττονδέ

2371 5078 2464 5132 καὶ
2503 5076 2668 5149 ὕδωρ,
2709 5096 2727 5128 ι
2760 5077 3030 5140 τουτέστι,
3070 5075 3386 5146 συγχύσεως
3411 5074 3635 5147 ἀφορμὴ
3675 5077 3785 5137 τοῖς
3811 5072 3917 5137 ἁγε-

2371 5170 2543 5233 λαίοις
2590 5169 2895 5238 γεγόνασιν.
2923 5168 3117 5222 ’Ύδατι
3175 5167 3282 5239 γὰρ
3319 5165 3685 5239 παρεικάζειν
3728 5163 3836 5225 ἔθος
3864 5160 3914 5227 τῇ

2371 5261 2508 5333 ἁγίᾳ
2535 5261 2728 5333 Γραφῇ
2768 5259 2867 5331 τὴν
2897 5260 3204 5331 ἀμέτρητον
3238 5258 3347 5311 τῶν
3382 5255 3686 5328 ἀνθρώπων
3721 5248 3914 5323 πληθύν.

2371 5353 2483 5407 Καὶ
2511 5352 2641 5421 γοῦν
2672 5350 3111 5423 πολυανδρούσης
3143 5350 3282 5418 ἄγαν
3306 5348 3404 5419 τῆς
3438 5345 3810 5406 Βαϐυλωνίων,
3843 5337 3916 5391 καὶ

2366 5443 2581 5507 Νινευῒ,
2626 5445 2780 5517 φησὶ,
2844 5462 2861 5495 ι
2914 5445 2989 5507 ὡς
3041 5432 3397 5513 κολυμϐήθρα
3446 5440 3638 5502 ὕδατος
3674 5438 3743 5492 τὰ
3779 5433 3915 5488 ὕδατα

2371 5536 2567 5607 αὐτῆς,
2606 5555 2623 5588 ι
2669 5537 2790 5591 ἀντὶ
2823 5535 2941 5600 τοῦ,
2973 5535 3049 5598 ὡς
3078 5533 3436 5606 κολυμϐήθρα
3471 5531 3688 5603 πλήρης
3721 5527 3913 5585 ὑδάτων,

2365 5628 2508 5683 οὕτω
2538 5629 2601 5684 τὸ
2654 5628 2856 5701 πλῆθος
2908 5628 3096 5697 αὐτῆς.
3146 5626 3240 5691 Ἢ,
3297 5624 3420 5680 καθ’
3476 5623 3666 5696 ἕτερον
3723 5618 3913 5692 τρόποῆ

756 5809 803 5841 ’³
838 5807 1035 5863 .lercm.
1070 5804 1340 5871 sunt“,
1380 5803 1473 5860 '52.
1566 5805 1614 5837 ’δ
1669 5804 1825 5860 Num.
1864 5821 2036 5873 χχιιι,
2065 5804 2155 5862 29.
2231 5805 2263 5839 "

2374 5805 2551 5863 alach.
2622 5820 2683 5869 ll,
2733 5804 2787 5871 7,
2860 5804 2909 5837 ⁹⁶
2939 5800 3152 5858 Nabum
3189 5817 3252 5871 ιι,
3285 5801 3340 5857 8.
