4094 6546
207 354 316 409 1Ἰὸ

1130 352 1684 413 COMMENTARIUS
1722 355 1788 410 IN
1829 354 2065 413 OSEAM
2107 355 2547 414 PROPHETAM.

3359 362 3464 416 176

206 472 509 544 ἐτάραττον
569 469 734 542 ὓδωρ,
800 471 1175 545 τεθολωμένην
1238 472 1427 543 ῶσπερ
1495 472 1619 527 τινὰ
1690 474 1784 526 καὶ

1888 473 2029 529 cium
2059 483 2272 529 mentes
2316 474 2701 529 incrassantes.
2745 473 3019 530 Ducebant
3047 474 3192 529 enim
3234 476 3466 534 adorare

205 564 394 633 ἰλιώδη
443 561 791 617 διδασκαλίαν
836 566 950 627 τοῖς
994 562 1281 636 προσιοῦσι
1330 561 1642 636 προθέντες,
1693 565 1787 619 καὶ

211 655 297 709 τὸν
328 653 439 707 τῶν
480 653 882 725 ἀκεραιοτέρων
929 655 1260 725 παχύνοντες
1294 655 1438 711 νοῦν.
1483 656 1787 710 Ἐδίδασκον

209 749 316 819 γάρ
348 746 546 800 εἴδωλα
572 748 919 818 προσκυνεῖν.
953 747 1064 801 Καὶ
1104 745 1237 814 γοῦν
1274 747 1364 800 διά
1410 747 1595 818 φωνῆς
1628 746 1789 812 Ἰεζε-

203 838 332 909 χιὴλ
358 838 549 912 ᾐτιᾶτο
595 838 757 891 πάλιν
786 838 985 901 αὐτοὺς
1012 840 1042 891 ὁ
1074 837 1182 892 τῶν
1204 838 1343 892 ὅλων
1380 838 1546 903 Θεὸς,
1577 838 1672 892 καί¹
1711 838 1788 901 ὡς

201 930 348 1000 πρὸς
380 930 589 999 κριοὺς,
626 929 720 981 καὶ
767 928 865 999 τῆς
897 929 1101 1001 ἀγέλης
1148 930 1466 1003 καθηγητὰς
1503 932 1788 1006 προσεφώ-

202 1034 308 1080 νει,
344 1018 554 1086 λέγων’
600 1034 619 1069 ι
654 1018 765 1071 Kal
796 1019 956 1089 ὑμεῖς
989 1020 1258 1091 πρόϐατα,
1300 1021 1425 1075 τάδε
1472 1021 1619 1088 λέγει
1668 1022 1787 1077 Κῦ-

204 1128 350 1181 ριο;’
397 1110 526 1165 Ἰδοὺ
583 1110 694 1178 ἐγὼ
737 1111 999 1183 διακρίνω
1049 1113 1322 1184 άναμέσον
1369 1114 1644 1185 προϐάτου
1694 1116 1789 1169 καὶ

202 1202 509 1272 προϐάτου,
547 1204 642 1255 καὶ
683 1201 874 1273 κριῶν,
916 1203 1011 1258 καὶ
1042 1204 1284 1276 τράγων.
1324 1206 1432 1260 Kal
1462 1206 1560 1276 οὐχ
1606 1206 1788 1260 ἰκανὸν

201 1294 359 1364 ὑμῖν,
388 1295 469 1348 δτι
509 1293 609 1366 τὴν
638 1295 811 1365 καλὴν
842 1295 1015 1367 νομὴν
1063 1297 1343 1368 ἐνέμεσθε.
1383 1300 1493 1353 Kal
1524 1300 1593 1352 τά
1621 1299 1787 1353 κατά-

201 1386 371 1439 λοιπα
397 1387 496 1456 τῆς
519 1389 692 1458 νομῆς
719 1392 1079 1442 κατεπατεῖτε
1111 1394 1223 1455 τοῖς
1249 1391 1379 1445 ποσὶ
1408 1391 1584 1462 ὑμῶν,
1610 1394 1702 1446 καὶ
1728 1392 1788 1445 τὸ

202 1475 552 1546 καθεστηκὸς
583 1475 729 1547 ὓδωρ
765 1475 1003 1539 ἐπίνετε,
1034 1478 1131 1531 καὶ
1173 1478 1234 1532 τὸ
1262 1477 1447 1532 λοιπὸν
1490 1482 1604 1544 τοῖς
1632 1481 1789 1533 ποσὶν

200 1566 362 1637 ὑμῶν
386 1567 737 1639 ἐταράσσετε,
767 1568 863 1623 καὶ
891 1568 960 1622 τὰ
984 1568 1235 1641 πρόϐατά
1256 1587 1357 1641 μου
1386 1560 1788 1643 τάπατήματα

201 1658 316 1710 τῶν
351 1657 528 1711 ποδῶν
567 1657 723 1728 ὑμῶν
793 1658 1085 1728 ἐνέμοντο,
1143 1658 1240 1712 καὶ
1281 1658 1344 1711 τὸ
1380 1658 1787 1729 τεταραγμένον

203 1750 356 1822 ὕδωρ
379 1750 484 1804 ὑπὸ
520 1750 626 1803 τῶν
656 1750 834 1804 ποδῶν
864 1749 1019 1819 ὑμῶν
1049 1749 1648 1821 ἐπινον.›Νομομαθεῖς
1676 1750 1786 1822 γὰρ

199 1844 358 1908 ὄντες
388 1846 438 1897 οἱ
465 1844 523 1910 ἐξ
549 1843 781 1915 αἵματος
824 1843 973 1907 Acut,
1008 1844 1104 1897 καὶ
1149 1842 1441 1913 καλλίστην
1485 1842 1675 1914 ῶσπερ
1704 1861 1789 1897 νο-

205 1935 337 2008 μὴν,
385 1936 584 1989 λεπτόν
623 1953 683 1989 τε
732 1935 826 1990 καὶ
874 1935 1064 1999 διειδὲς
1107 1934 1323 2005 ἔχοντες
1356 1934 1534 2007 ὕδωρ,
1569 1936 1669 2006 τὴν
1700 1935 1788 1989 διά

200 2028 451 2090 Μωσέως
482 2026 761 2081 παίδευσιν
814 2026 915 2078 οὐκ
960 2023 1232 2089 ἀνικάνως
1270 2024 1499 2094 ἔχουσαν
1533 2025 1789 2095 ποδηγεῖν

200 2120 288 2182 εἰς
322 2117 599 2190 ἀλήθειαν,
653 2117 991 2171 κατεπάτουν
1039 2115 1238 2187 τρόπον
1280 2114 1403 2169 τινὰ
1447 2116 1547 2187 τὴν
1592 2118 1783 2187 νομὴν,

202 2209 603 2279 συνετάραττον
655 2208 713 2261 δέ
758 2207 853 2263 καὶ
899 2208 961 2261 τὸ
1007 2206 1172 2278 ὕδωρ,
1204 2205 1438 2277 παχεῖάν
1481 2223 1631 2273 τινα,
1696 2207 1789 2260 καὶ

204 2301 416 2372 ίλιώδη,
466 2301 561 2354 καὶ
594 2298 832 2369 γεώδους
875 2298 1216 2369 ἀκαθαρσίας
1263 2298 1514 2368 ἔμπλεων
1558 2315 1791 2369 παρατι-

197 2392 393 2458 θέντες
432 2392 803 2456 διδασκαλίαν,
833 2394 949 2455 τοῖς
976 2393 1033 2444 ἐν
1070 2390 1223 2456 τάξει
1248 2390 1535 2462 προϐάτων
1562 2390 1783 2444 ἀκολου-

198 2484 391 2538 θοῦσιν
419 2485 605 2548 αὐτοῖς
633 2482 710 2548 ῶς
746 2485 939 2555 κριοῖς.
978 2479 1367 2550 Ἐγκαλοῦνται
1397 2480 1576 2534 τοίνυν
1603 2481 1653 2533 οἰ
1686 2482 1785 2550 τῆς

198 2576 419 2631 Γαλαὰδ
492 2576 704 2630 πολῖται
782 2575 880 2629 καὶ
937 2574 1247 2645 οἰκήτορες,
1294 2572 1371 2637 ὡς
1427 2572 1784 2645 ταράττοντες

1889 561 2050 617 idola.
2076 562 2256 630 Quare
2285 578 2381 632 per
2411 561 2748 617 Ezechielem
2772 564 3148 620 universorum
3180 566 3320 623 Deus
3344 584 3465 625 rur-

1889 668 2009 709 sum
2036 665 2133 708 eos
2162 662 2383 708 accusat
2425 662 2481 708 et
2510 652 2675 709 veluti
2718 654 2942 721 arietes,
2968 662 3024 709 et
3069 658 3252 728 gregis
3296 658 3466 717 duces

1889 745 2033 801 hunc
2055 746 2107 800 in
2144 746 2361 801 modum
2388 760 2482 801 eos
2502 745 2793 814 compellat
2820 762 2834 799 :
2870 765 2889 799 ι
2930 747 2997 802 Ει
3024 763 3119 804 vos
3151 764 3281 806 oves
3307 767 3465 817 meae,

1890 837 2005 893 haec
2031 837 2163 892 dicit
2193 836 2455 892 Dominus
2480 855 2495 893 :
2530 837 2668 893 Ecce
2694 852 2793 908 ego
2814 837 3125 907 dijudicabo
3144 840 3287 896 inter
3310 858 3469 900 ovem

1888 936 1943 981 et
1967 941 2142 990 ovem,
2162 928 2366 985 arietes
2388 930 2545 999 102
2570 938 2624 985 et
2651 929 2853 985 hircos.
2896 930 2961 984 Et
2988 947 3093 987 non
3130 933 3262 988 satis
3290 937 3469 1003 vobis,

1887 1018 2015 1088 quia
2042 1020 2242 1075 bonum
2272 1028 2485 1090 pastum
2522 1022 2849 1092 pascebatis.
2883 1021 2951 1076 Et
2994 1022 3248 1093 reliquias
3282 1038 3471 1094 pastus

1890 1109 2061 1164 vestri
2092 1110 2499 1165 conculcabatis
2527 1110 2759 1180 pedibus
2790 1112 3011 1177 vestris,
3046 1124 3097 1169 et
3125 1116 3468 1182 purissimam

1890 1212 2087 1267 aquam
2119 1199 2412 1264 bibebatis,
2445 1210 2501 1255 et
2531 1201 2797 1270 reliquum
2836 1204 3036 1257 vestris
3084 1204 3313 1273 pedibus
3354 1216 3472 1262 tur-

1889 1289 2140 1357 babatis;
2168 1300 2221 1345 et
2240 1305 2368 1346 oves
2395 1305 2529 1347 mea:
2553 1295 2999 1349 conculcamenta
3033 1296 3227 1365 pedum
3260 1310 3473 1353 vestro-

1892 1398 2009 1437 rum
2044 1384 2432 1451 pascebantur,
2481 1392 2538 1439 et
2596 1388 2870 1441 turbatam
2934 1401 3129 1456 aquam
3169 1404 3198 1441 a
3242 1391 3474 1458 pedibus

1888 1474 2091 1528 vestris
2117 1474 2378 1529 bibebant
2408 1475 2475 1530 ".
2514 1493 2534 1529 ι
2571 1474 2798 1532 Oriundi
2830 1478 2974 1532 enim
3003 1480 3067 1533 de
3111 1478 3273 1535 domo
3314 1481 3470 1547 Levi,

1890 1578 2011 1618 cum
2053 1575 2239 1619 essent
2270 1563 2591 1634 legisperiti,
2636 1564 3005 1637 haberentque
3034 1568 3182 1623 velut
3222 1570 3476 1639 pulcher-

1892 1651 2027 1704 rima
2063 1666 2286 1721 pascua,
2323 1662 2650 1725 tenuemque
2681 1666 2733 1710 et
2768 1656 3091 1726 pellucidam
3122 1674 3318 1726 aquam
3349 1677 3476 1716 eru-

1890 1743 2150 1798 ditionem
2209 1743 2523 1813 Mosaicam,
2575 1763 2698 1817 quae
2742 1750 2809 1803 ad
2860 1750 3233 1806 deducendum
3281 1766 3376 1809 eos
3415 1754 3471 1810 in

1823 1828 1864 1882 Β
1892 1836 2031 1889 viam
2054 1835 2303 1891 veritatis
2329 1837 2623 1903 suﬁiceret,
2648 1840 3044 1897 conculcabant
3073 1844 3474 1912 quodammodo

1894 1942 2117 1997 pascua,
2169 1938 2224 1983 et
2273 1943 2469 1997 aquam
2532 1931 2952 1998 conturbabant,
3001 1948 3243 1988 crassam
3283 1950 3477 2004 quam-

1893 2019 2016 2073 dam
2055 2029 2109 2074 et
2139 2018 2411 2086 limosam,
2459 2028 2517 2075 et
2564 2030 2793 2076 terrenae.
2841 2022 2990 2078 faecis
3016 2024 3230 2093 plenam
3273 2027 3476 2081 doctri-

1895 2126 2020 2165 nam
2073 2112 2416 2179 exhibentes,
2474 2112 2619 2183 ipsos
2658 2122 2911 2184 tanquam
2963 2130 3094 2171 oves
3141 2117 3343 2172 arietes
3384 2133 3475 2173 se-

1891 2208 2208 2277 quentibus.
2239 2204 2660 2277 Redarguuntur
2689 2207 2873 2278 itaque
2903 2208 3050 2264 cives
3078 2219 3132 2264 et
3156 2209 3345 2264 incolae
3368 2209 3478 2264 Ga-

1896 2299 2020 2355 laad
2066 2307 2125 2354 ut
2171 2301 2452 2356 turbantes
2496 2316 2735 2371 aquam;
2779 2312 2833 2357 et
2880 2302 3378 2373 reprehenduntur,
3410 2311 3471 2355 ut

1893 2390 2270 2447 fortitudinem
2300 2407 2396 2446 seu
2443 2391 2609 2447 robur
2639 2391 2903 2448 habentes
2927 2393 3034 2448 viri
3067 2394 3280 2463 piratre.
3320 2392 3474 2460 Quod

1889 2498 1997 2553 quo
2031 2492 2191 2553 pacto
2233 2483 2388 2538 nobis
2432 2484 2845 2556 intelligendum
2876 2486 2967 2554 sit,
2999 2487 3282 2556 sequentia
3310 2487 3478 2540 inter-

1888 2583 2163 2643 pretantes
2197 2575 2611 2632 declarabimus.

199 2670 374 2742 ὕδωρ,
410 2668 721 2741 ἐλέγχονται
768 2666 827 2721 δέ
874 2666 969 2720 καὶ
1022 2666 1099 2730 ὡς
1145 2665 1298 2735 ἰσχὺν
1341 2663 1558 2734 ἔχοντες
1589 2662 1784 2736 ἀνδρὸς
1824 2664 2104 2737 πειρατοῦ.
2155 2665 2279 2730 Πῶς
2317 2666 2363 2719 δ’
2386 2665 2452 2720 ἂν
2507 2666 2604 2720 καὶ
2638 2666 2796 2721 τοῦτο
2815 2667 2962 2740 ἡμᾶς
2985 2668 3224 2723 συνιέναι
3252 2666 3473 2741 πρέποι,

199 2766 380 2835 σαφὲς
410 2763 846 2833 καταστήσομεν,
883 2758 952 2812 τὰ
977 2756 1175 2827 ἐφεξῆς
1203 2755 1623 2828 ἑρμηνεύοντες.

274 2858 589 2927 ’Ἐκρυψαν
623 2854 797 2925 ἱερεῖς
842 2852 1009 2919 ὁδὸν,
1048 2851 1395 2921 ἐφόνευσαν
1432 2852 1668 2919 Σίκιμα,
1697 2849 1787 2903 ὅτι

194 2953 465 3023 ἀνομίαν
502 2950 803 3018 ἐποίησαν
840 2947 912 3001 ἐν
941 2945 1024 3012 τῷ
1069 2946 1214 3011 οῖκῳ
1246 2944 1352 2999 τοῦ
1392 2941 1650 3011 Ἰσραήλ.
1683 2939 1785 2997 Εἷ-

194 3046 314 3099 δον
340 3042 602 3115 φρικώδη
632 3040 777 3105 ἐκεῖ,
795 3039 1084 3109 πορνείαν
1109 3037 1217 3093 τοῦ
1249 3036 1513 3106 Ἐφριιῒμ,
1534 3034 1783 3105 ἐμιάνθη

209 3133 459 3203 Ἰσραὴλ
483 3132 583 3187 καί
623 3130 838 3186 Ἰούδα.

269 3225 399 3280 ΞΙΡ.
442 3224 711 3296 Ἰστοριῶν
739 3222 852 3277 ἔσθ’
882 3222 973 3276 ὅτε
1015 3220 1179 3276 τινῶν
1216 3222 1244 3275 ὀ
1291 3218 1400 3273 τῶν
1446 3217 1617 3288 ἁγίων
1657 3235 1787 3290 προο

196 3316 395 3389 φητῶν
435 3314 798 3385 διαμέμνηται
836 3312 1022 3381 λόγος,
1054 3311 1121 3375 ἀς
1148 3309 1312 3381 εἴπερ
1336 3326 1420 3372 τις
1449 3308 1623 3361 ἐλοιτο
1658 3324 1788 3361 σιω-

200 3410 340 3481 πᾷν,
382 3408 492 3461 οὐδ’
521 3406 588 3463 ἃν
635 3406 853 3461 δύναιτο
882 3403 1205 3476 διατρανοῦν
1232 3403 1341 3456 τῶν
1366 3400 1672 3474 εἰρημένων
1698 3400 1790 3453 τὸν

197 3500 354 3556 νοῦν.
399 3501 520 3572 Χρὴ
568 3497 857 3569 τοιγαροῦν
896 3498 1055 3551 δκνου
1122 3494 1223 3566 μὲν
1281 3489 1423 3547 εἷναι
1474 3492 1790 3563 κρείττονας

199 3596 338 3657 τοὺς
365 3593 436 3648 τά
468 3592 647 3645 τοιάδε
689 3589 874 3660 σαφῶς
913 3586 1291 3660 διερμηνεύειν
1316 3584 1621 3647 ἐθέλοντας,
1649 3599 1787 3636 πανφ

198 3684 435 3756 ταχόθεν
475 3684 532 3737 δὲ
580 3684 692 3746 τοῖς
732 3680 1104 3753 ἀκροωμένοις
1140 3677 1203 3732 τὸ
1233 3676 1424 3731 τελοῦν
1476 3677 1557 3739 είς
1602 3674 1789 3746 δνησιν

196 3772 598 3847 ἐξεργάζεσθαι
634 3770 826 3840 φιλεῖν.
860 3770 1130 3843 Ταύτῃτοι
1168 3768 1263 3822 καὶ
1288 3766 1385 3821 νῦν
1412 3766 1505 3821 ἐπί
1528 3783 1582 3820 τι
1608 3764 1788 3820 τοιοῦ-

195 3883 295 3921 τον
317 3866 544 3937 ἥξομεν.
568 3864 769 3935 Σίκιμα
787 3862 964 3917 τοίνυν
991 3860 1215 3931 πολίχνη
1244 3860 1331 3923 τίς
1362 3861 1511 3913 ἐστιν
1530 3857 1790 3913 ἐπέκεινα

195 3958 310 4013 τῶν
345 3957 611 4029 Ἰορδάνου
664 3956 923 4026 ναμάτων
959 3971 1019 4007 τε
1063 3955 1157 4007 καὶ
1200 3954 1399 4023 ὅμορος
1442 3952 1510 4022 τῇ
1554 3948 1787 4012 Γαλαὰδ,

197 4051 267 4121 ῆν
296 4051 417 4113 τοῖς
463 4049 521 4115 ἐξ
560 4048 794 4118 αἵματος
821 4045 917 4099 τοῦ
966 4043 1101 4099 Δευῖ
1144 4043 1386 4098 δεδόσθαι
1431 4040 1787 4113 προείπομεν,

195 4140 551 4211 διανέμοντος
576 4140 675 4209 τῆς
698 4136 1033 4206 ἐπαγγελίας
1053 4134 1151 4205 τὴν
1169 4136 1271 4206 γῆν
1286 4130 1463 4205 Ἰησοῦ
1483 4130 1576 4185 τοῦ
1603 4129 1783 4199 Ναυῆ.

198 4230 531 4304 Συμϐέϐηκε
577 4231 780 4292 τοίνυν,
825 4228 1019 4298 ἑορτῆς
1050 4224 1219 4297 οῦσης
1268 4223 1451 4293 ἁγίας,
1499 4223 1600 4294 τῆς
1646 4220 1788 4274 κατὰ

198 4326 372 4396 νόμον
426 4321 825 4391 σκηνοπηγίας,
864 4320 1027 4390 φημὶ,
1073 4318 1163 4371 ὅτε
1201 4316 1409 4380 πάντας
1440 4312 1785 4385 πανταχόθεν

196 4416 519 4473 ἀναϐαίνειν
551 4411 619 4486 ἦν
658 4414 779 4477 ἔθος
822 4413 903 4475 εἰς
943 4409 1325 4481 Ἰεροσόλυμα,
1373 4408 1464 4461 καί
1495 4406 1653 4461 τοῦτο
1690 4403 1784 4459 τοῦ

1966 2847 2132 2906 Vens.
2158 2849 2213 2916 9,
2247 2849 2332 2903 10.
2367 2848 2762 2905 Absconderunt
2786 2850 3084 2908 sacerdotes
3119 2854 3280 2924 viam,
3309 2856 3476 2914 inter-

1890 2942 2125 3011 fecerunt
2156 2938 2412 3003 Sichima,
2443 2941 2569 3011 quia
2600 2940 2933 3011 iniquitatem
2962 2943 3199 3012 fecerunt
3234 2946 3290 3000 in
3320 2949 3476 3005 doma

1892 3032 2083 3089 Israel.
2124 3031 2248 3087 Vidi
2299 3033 2576 3087 horribilia
2613 3034 2704 3100 ibi,
2742 3034 3145 3102 fornicationem
3177 3034 3475 3107 Epitraiut:

1894 3122 2289 3175 contaminatus
2316 3130 2394 3175 est
2434 3119 2629 3187 Israel,
2657 3131 2706 3176 et
2728 3121 2925 3178 ludas.

1962 3210 2194 3269 LXVIII.
2252 3212 2649 3284 Nonnunquam
2692 3214 3044 3271 historiarum
3110 3220 3473 3288 quarumdam

1892 3301 2143 3356 meminit
2173 3303 2523 3373 propheticus
2554 3319 2755 3371 sermo,
2787 3320 2922 3375 quas
2952 3307 2997 3361 si
3035 3310 3161 3378 quis
3193 3314 3476 3380 prmterire

1891 3393 2147 3462 voluerit,
2192 3398 2485 3452 verborum
2537 3400 2934 3469 propositorum
2971 3404 3299 3460 sententiam
3342 3424 3477 3463 enu-

1891 3485 2070 3541 cleare
2100 3503 2208 3542 non
2250 3488 2442 3558 possit.
2471 3488 2737 3556 Quocirca
2773 3491 2897 3545 talia
2931 3508 3205 3563 exponere
3246 3499 3474 3567 cupien-

1894 3588 1999 3645 tes,
2029 3580 2316 3650 segnitiem
2350 3579 2419 3635 ab
2463 3595 2522 3637 se
2562 3590 2851 3638 amoveant
2878 3594 3111 3655 oportet,
3151 3596 3207 3642 et
3247 3591 3391 3660 quod
3421 3593 3473 3646 in

1894 3685 2007 3726 rem
2047 3672 2383 3727 audientium
2429 3672 2524 3738 sit,
2561 3674 2703 3729 unde
2742 3674 2885 3732 unde
2930 3676 3113 3733 labore
3142 3694 3242 3736 suo
3276 3697 3477 3753 reprae-

1890 3771 2129 3819 sentent.
2162 3762 2305 3820 Hinc
2330 3773 2385 3821 et
2424 3766 2585 3820 modo
2615 3766 2683 3821 ad
2714 3766 2817 3823 tale
2846 3768 3103 3837 quiddam
3133 3769 3473 3830 delabamur.

1892 3854 2135 3912 Sichima
2171 3857 2337 3928 igitur
2375 3857 2695 3928 Oppidulum
2748 3868 2834 3916 est
2866 3868 3016 3917 trans
3048 3862 3249 3919 ﬂuenta
3278 3864 3476 3922 Jorda-

1893 3947 1977 4003 nis
2006 3947 2074 4013 “,
2112 3950 2370 4014 vicinum,
2415 3959 2469 4004 et
2506 3951 2720 4007 conﬁne
2758 3950 2982 4018 Galaad,
3013 3970 3178 4025 quam
3209 3957 3337 4013 Levi
3377 3974 3475 4028 po-

1890 4039 2055 4095 steris
2097 4040 2426 4111 assignatam
2468 4056 2630 4113 supra
2679 4043 2936 4113 diximus,
2986 4043 3112 4102 Jesu
3169 4047 3279 4105 ﬁlio
3324 4049 3475 4107 Nave

1893 4140 2096 4186 terram
2164 4133 2544 4202 promissionis
2598 4134 2980 4205 dispertiente.
3052 4137 3295 4211 Contigit
3341 4156 3476 4214 ergo

1890 4240 2013 4281 cum
2053 4225 2169 4280 dies
2198 4235 2419 4282 sanctus
2449 4236 2504 4281 et
2534 4226 2702 4283 festus
2745 4238 3003 4300 ageretur
3033 4246 3101 4286 ex
3143 4232 3475 4289 auctoritate

1889 4315 2045 4387 legis,
2090 4316 2446 4388 Sceuopegia,
2470 4318 2714 4388 inquam,
2741 4322 2956 4389 quando
2986 4336 3055 4377 ex
3089 4338 3246 4379 more
3266 4338 3462 4382 omnes

1891 4409 2255 4480 undequaque
2325 4395 2755 4481 Hierosolymam
2833 4413 2949 4482 lege
3025 4414 3108 4470 sic
3181 4417 3474 4473 mandante

199 4511 369 4582 νόμου
418 4506 706 4579 τηρεῖσθαι
755 4503 1183 4576 προστάττοντος
1207 4542 1219 4565 ,
1251 4499 1360 4554 τῶν
1402 4498 1511 4553 ἀπὸ
1543 4498 1785 4569 Σικίμων

1891 4501 2279 4563 ascendebant,
2320 4500 2582 4569 quosdam
2626 4502 2692 4555 de
2743 4500 3044 4560 Sichimitis
3084 4514 3180 4561 aut
3214 4522 3475 4577 compun-

198 4603 377 4668 τινάς,
413 4601 446 4672 ἦ
481 4596 939 4668 κατανυχθέντας,
971 4593 1066 4649 καὶ
1099 4594 1194 4647 ἐπὶ
1215 4595 1283 4665 τῇ
1319 4590 1582 4663 πλανήσει
1612 4609 1784 4663 μετα-

198 4694 591 4763 γινώσκοντας,
622 4691 789 4761 ἡγουν
823 4688 918 4741 καὶ
947 4688 1026 4750 εἰς
1047 4684 1209 4755 νῆψιν
1237 4684 1609 4755 κεκλημένους
1632 4683 1785 4752 παρά

200 4784 362 4849 Θεοῦ,
412 4782 600 4838 λοιπὸν
642 4781 898 4851 ἐθελῆσαι
937 4781 1051 4842 τοῖς
1096 4776 1259 4841 θείοις
1290 4778 1539 4831 ὑπείκειν
1578 4778 1781 4848 νόμοις,

200 4880 294 4933 καὶ
324 4876 597 4947 ἀναϐῆναι
645 4875 832 4945 ζητεῖν
872 4872 953 4935 εἰς
989 4869 1363 4942 Ἰεροσόλυμα,
1398 4868 1686 4941 βούλεσθαί
1723 4884 1782 4921 τε

201 4969 392 5031 θυσίας
422 4965 744 5038 προσάγειν,
775 4969 871 5018 καὶ
899 4962 998 5034 τὴν
1032 4960 1175 5015 κατά
1199 4962 1399 5031 νόμους
1427 4960 1620 5033 ἑορτὴν
1640 4962 1779 5014 ἀπο-

200 5061 482 5133 πιραίνειν
539 5059 674 5111 ἐκεῖ.
720 5056 894 5110 Τοῦτο
931 5055 989 5108 δὲ
1035 5048 1104 5124 ῆν
1146 5052 1288 5123 ἀρχή
1326 5069 1410 5115 τις
1444 5050 1633 5121 ῶσπερ
1663 5051 1783 5103 ἐπι-

203 5153 464 5222 στροφῆς.
492 5149 587 5203 καὶ
608 5147 704 5202 τοῦ
741 5144 1079 5215 καταλήγειν
1102 5141 1197 5196 τοῦ
1222 5140 1581 5212 προσκεῖσθαι
1604 5140 1780 5194 θέλειν

200 5246 318 5309 ταῖς
368 5241 478 5296 τῶν
531 5239 768 5294 εἰδώλων
801 5235 1096 5309 λατρείαις.
1141 5235 1261 5288 ’Ἰνα
1292 5233 1402 5303 γὰρ
1452 5233 1527 5304 μὴ
1578 5233 1780 5287 θυσιῶν

201 5334 365 5389 ἕνεκά
391 5351 451 5387 τε
498 5333 591 5387 καὶ
622 5330 829 5402 ἑορτῶν
857 5328 965 5383 τῶν
1010 5328 1154 5383 κατά
1189 5327 1354 5396 νόμον
1409 5326 1778 5381 ἀναϐαίνωσιν

201 5428 268 5481 ἐκ
304 5429 405 5498 τῆς
442 5424 760 5496 Σαμαρείας
804 5423 884 5486 εἰς
933 5420 1279 5493 Ἰεροσόλυμα
1324 5417 1433 5472 τῶν
1462 5417 1522 5482 ἐξ
1562 5418 1779 5489 Ἰσραήλ

201 5529 362 5580 τινες,
391 5514 661 5577 τουτέστι,
708 5512 816 5565 τῶν
845 5510 977 5565 δέκα
1018 5508 1218 5578 φυλῶν,
1260 5503 1383 5562 εἶτα
1424 5507 1564 5561 κατὰ
1587 5507 1776 5579 ,βραχὺ

206 5607 521 5677 μεταθοῖντο
556 5606 689 5675 πρὸς
715 5602 777 5656 τὸ
804 5603 863 5655 ὲν
890 5604 1108 5674 ἀρχαῖς,
1138 5601 1229 5655 καὶ
1266 5599 1369 5653 ὑπό
1391 5617 1454 5669 γε
1476 5601 1574 5672 τὴν
1608 5600 1777 5655 Ἰούδα

272 5790 317 5823 ⁸⁷
347 5788 543 5845 Ezech.
580 5801 767 5854 xxnv,
815 5783 999 5839 17-19.
1077 5781 1121 5815 ”
1150 5779 1325 5839 Judir.
1352 5780 1538 5847 tx,.26.

1891 4600 2034 4658 ctos,
2081 4601 2137 4648 et
2178 4607 2340 4662 super
2386 4593 2702 4647 sednctione
2748 4609 2845 4648 sua
2888 4597 3237 4664 pmuitentes,
3280 4608 3373 4653 aut
3402 4601 3474 4655 ad

1890 4701 2078 4742 sanam
2111 4697 2345 4739 mentem
2378 4701 2407 4739 a
2446 4684 2556 4740 Deo
2581 4697 2803 4742 vocatos
2839 4692 3065 4756 posthac
3102 4691 3241 4746 velle
3269 4693 3471 4751 divinis

1891 4776 2103 4847 legibus
2181 4776 2461 4845 obsequi,
2532 4777 2950 4848 desiderareqne
3028 4781 3464 4855 Hierosolymam

1892 4871 2212 4935 ascendere,
2240 4878 2292 4923 et
2320 4869 2657 4935 sacriﬁcare,
2688 4868 2998 4940 festumque
3036 4888 3065 4926 a
3104 4875 3221 4944 lege
3257 4877 3474 4932 manda.

1892 4969 2010 5016 tum
2056 4961 2228 5016 obire.
2276 4962 2453 5029 Atque
2496 4961 2601 5016 hoc
2646 4964 3019 5017 conversionis
3044 4975 3100 5020 et
3146 4968 3474 5024 cessationis

1890 5068 1920 5107 a
1951 5051 2097 5107 cultu
2130 5052 2422 5117 idolorum,
2453 5052 2537 5106 cui
2571 5067 2629 5107 se
2678 5054 3029 5123 devoverant,
3075 5056 3217 5111 velut
3271 5060 3476 5129 princi-

1887 5143 2035 5212 pium
2069 5152 2207 5201 erat.
2259 5142 2338 5199 Ne
2383 5145 2526 5200 enim
2570 5146 2961 5201 sacriﬁciorum
3016 5157 3069 5203 et
3112 5148 3235 5204 festi
3281 5166 3469 5217 causa,

1890 5245 1946 5288 ut
1978 5233 2065 5289 lex
2099 5237 2470 5305 praecipiebat,
2507 5238 2664 5308 103
2692 5253 2721 5293 e
2747 5237 2995 5293 Samaria
3037 5239 3472 5313 Hierosolymam

1885 5335 2135 5395 peterent
2163 5342 2229 5381 ex
2264 5326 2462 5381 lsraele
2490 5328 2734 5396 quidam,
2780 5329 2881 5385 hoc
2916 5340 3022 5396 est,
3051 5345 3119 5386 ex
3160 5332 3344 5387 decem
3376 5331 3467 5386 tri-

1884 5418 2081 5486 bubus,
2126 5436 2191 5474 ac
2220 5419 2414 5475 deinde
2442 5422 2703 5490 paulatim
2736 5423 2804 5476 ad
2835 5438 3017 5478 mores
3054 5424 3307 5493 antiquos
3345 5424 3468 5478 reli-

1885 5512 2209 5583 gionemque
2242 5514 2507 5578 redirent,
2546 5522 2601 5567 et
2629 5515 2729 5569 sub
2772 5529 2939 5583 regno
2969 5512 3108 5570 Juda
3144 5525 3345 5581 essent,
3371 5530 3467 5570 ex-

1884 5603 2144 5675 cogitavit
2202 5604 2355 5662 initio
2397 5604 2597 5662 vitulos
2646 5620 2845 5662 aureos
2902 5605 3219 5672 Jeroboam,
3267 5606 3467 5675 quibus
