  <div class='ocr_page' id='page_1' title='image "/cluster/home/n/w/nwhite01/storage/ocr_20150623/71/hvd.32044019207885/098.png"; bbox 0 0 4068 6600; ppageno 0'>
   <div class='ocr_carea' id='block_1_1' title="bbox 139 493 249 552">
    <p class='ocr_par' dir='ltr' id='par_1_1' title="bbox 139 493 249 552">
     <span class='ocr_line' id='line_1_1' title="bbox 139 493 249 552; baseline -0.018 0"><span class='ocrx_word' id='word_1_1' title='bbox 139 493 249 552; x_wconf 77' lang='lat' dir='ltr'><strong>I77</strong></span> 
     </span>
    </p>
   </div>
   <div class='ocr_carea' id='block_1_2' title="bbox 1059 473 2477 579">
    <p class='ocr_par' dir='ltr' id='par_1_2' title="bbox 1059 473 2477 579">
     <span class='ocr_line' id='line_1_2' title="bbox 1059 473 2477 579; baseline 0.003 -29"><span class='ocrx_word' id='word_1_2' title='bbox 1059 473 1612 579; x_wconf 66' lang='lat' dir='ltr'><strong>COMMENTARIUS</strong></span> <span class='ocrx_word' id='word_1_3' title='bbox 1649 493 1717 551; x_wconf 84' lang='lat' dir='ltr'><strong>IN</strong></span> <span class='ocrx_word' id='word_1_4' title='bbox 1754 493 1990 567; x_wconf 64' lang='lat' dir='ltr'><strong>ossam</strong></span> <span class='ocrx_word' id='word_1_5' title='bbox 2030 496 2477 554; x_wconf 76' lang='lat' dir='ltr'><strong>rnorumu.</strong></span> 
     </span>
    </p>
   </div>
   <div class='ocr_carea' id='block_1_3' title="bbox 3306 497 3412 556">
    <p class='ocr_par' dir='ltr' id='par_1_3' title="bbox 3306 497 3412 556">
     <span class='ocr_line' id='line_1_3' title="bbox 3306 497 3412 556; baseline 0.038 -4"><span class='ocrx_word' id='word_1_6' title='bbox 3306 497 3412 556; x_wconf 73' lang='grc'><strong>178</strong></span> 
     </span>
    </p>
   </div>
   <div class='ocr_carea' id='block_1_4' title="bbox 130 603 1749 687">
    <p class='ocr_par' dir='ltr' id='par_1_4' title="bbox 130 603 1728 682">
     <span class='ocr_line' id='line_1_4' title="bbox 130 603 1728 682; baseline 0.002 -20"><span class='ocrx_word' id='word_1_7' title='bbox 130 605 405 679; x_wconf 65' lang='grc' dir='ltr'>δποίησαν</span> <span class='ocrx_word' id='word_1_8' title='bbox 435 605 495 662; x_wconf 77' lang='grc' dir='ltr'><strong>ιν</strong></span> <span class='ocrx_word' id='word_1_9' title='bbox 525 605 603 678; x_wconf 79' lang='grc' dir='ltr'>τῷ</span> <span class='ocrx_word' id='word_1_10' title='bbox 626 603 762 678; x_wconf 68' lang='lat' dir='ltr'><strong>obth</strong></span> <span class='ocrx_word' id='word_1_11' title='bbox 794 603 1029 680; x_wconf 67' lang='grc' dir='ltr'>Ἰσραήλ.</span> <span class='ocrx_word' id='word_1_12' title='bbox 1054 626 1076 660; x_wconf 72' lang='grc' dir='ltr'><strong>ι</strong></span> <span class='ocrx_word' id='word_1_13' title='bbox 1112 607 1303 678; x_wconf 79' lang='grc' dir='ltr'>Τοῦτο,</span> <span class='ocrx_word' id='word_1_14' title='bbox 1339 610 1527 682; x_wconf 79' lang='grc' dir='ltr'>φησὶν,</span> <span class='ocrx_word' id='word_1_15' title='bbox 1563 611 1728 681; x_wconf 66' lang='grc' dir='ltr'>ἐγκα-</span> 
     </span>
    </p>
   </div>
   <div class='ocr_carea' id='block_1_5' title="bbox 1850 603 3412 687">
    <p class='ocr_par' dir='ltr' id='par_1_5' title="bbox 1850 613 3412 687">
     <span class='ocr_line' id='line_1_5' title="bbox 1850 613 3412 687; baseline -0.001 -18"><span class='ocrx_word' id='word_1_16' title='bbox 1850 623 1958 670; x_wconf 63' lang='grc' dir='ltr'>νιιιιι</span> <span class='ocrx_word' id='word_1_17' title='bbox 1991 614 2256 683; x_wconf 74' lang='lat' dir='ltr'><strong>Sichima,</strong></span> <span class='ocrx_word' id='word_1_18' title='bbox 2297 615 2424 686; x_wconf 82' lang='lat' dir='ltr'><strong>quia</strong></span> <span class='ocrx_word' id='word_1_19' title='bbox 2474 616 3108 687; x_wconf 63' lang='lat' dir='ltr'><strong>iniquitatem‘leeerum</strong></span> <span class='ocrx_word' id='word_1_20' title='bbox 3146 614 3204 671; x_wconf 80' lang='lat' dir='ltr'><strong>in</strong></span> <span class='ocrx_word' id='word_1_21' title='bbox 3250 613 3412 669; x_wconf 87' lang='lat' dir='ltr'><strong>domo</strong></span> 
     </span>
    </p>
   </div>
   <div class='ocr_carea' id='block_1_6' title="bbox 134 700 1732 774">
    <p class='ocr_par' dir='ltr' id='par_1_6' title="bbox 134 700 1732 774">
     <span class='ocr_line' id='line_1_6' title="bbox 134 700 1732 774; baseline 0.003 -18"><span class='ocrx_word' id='word_1_22' title='bbox 134 700 368 765; x_wconf 79' lang='grc' dir='ltr'>λοῦντες</span> <span class='ocrx_word' id='word_1_23' title='bbox 405 700 556 768; x_wconf 70' lang='grc' dir='ltr'>τότε,</span> <span class='ocrx_word' id='word_1_24' title='bbox 605 701 689 756; x_wconf 78' lang='grc' dir='ltr'>ὃτι</span> <span class='ocrx_word' id='word_1_25' title='bbox 736 701 1269 774; x_wconf 77' lang='grc' dir='ltr'>πεπλημμιλήκασιν</span> <span class='ocrx_word' id='word_1_26' title='bbox 1311 705 1395 768; x_wconf 72' lang='grc' dir='ltr'>τις</span> <span class='ocrx_word' id='word_1_27' title='bbox 1443 703 1536 759; x_wconf 74' lang='grc' dir='ltr'>τὸν</span> <span class='ocrx_word' id='word_1_28' title='bbox 1583 700 1732 760; x_wconf 78' lang='grc' dir='ltr'>οἷκον</span> 
     </span>
    </p>
   </div>
   <div class='ocr_carea' id='block_1_7' title="bbox 145 790 1734 869">
    <p class='ocr_par' dir='ltr' id='par_1_7' title="bbox 145 790 1734 869">
     <span class='ocr_line' id='line_1_7' title="bbox 145 790 1734 869; baseline 0.003 -23"><span class='ocrx_word' id='word_1_29' title='bbox 145 790 378 858; x_wconf 78' lang='grc' dir='ltr'>Ἰακὼϐ,</span> <span class='ocrx_word' id='word_1_30' title='bbox 419 792 541 862; x_wconf 74' lang='grc' dir='ltr'>ἦτοι</span> <span class='ocrx_word' id='word_1_31' title='bbox 586 791 682 846; x_wconf 81' lang='grc' dir='ltr'>τοῦ</span> <span class='ocrx_word' id='word_1_32' title='bbox 731 792 982 865; x_wconf 79' lang='grc' dir='ltr'>Ἰσραὴλ,</span> <span class='ocrx_word' id='word_1_33' title='bbox 1024 793 1590 866; x_wconf 79' lang='grc' dir='ltr'>διαπαρθενεύσαντες</span> <span class='ocrx_word' id='word_1_34' title='bbox 1635 797 1734 869; x_wconf 77' lang='grc' dir='ltr'>τὴν</span> 
     </span>
    </p>
   </div>
   <div class='ocr_carea' id='block_1_8' title="bbox 132 879 1729 959">
    <p class='ocr_par' dir='ltr' id='par_1_8' title="bbox 132 879 1729 959">
     <span class='ocr_line' id='line_1_8' title="bbox 132 879 1729 959; baseline 0.003 -21"><span class='ocrx_word' id='word_1_35' title='bbox 132 881 380 947; x_wconf 76' lang='grc' dir='ltr'><strong>νεάνιδα,</strong></span> <span class='ocrx_word' id='word_1_36' title='bbox 423 879 679 955; x_wconf 72' lang='grc' dir='ltr'>ταύτῃτοι</span> <span class='ocrx_word' id='word_1_37' title='bbox 726 881 819 936; x_wconf 77' lang='grc' dir='ltr'><strong>καὶ</strong></span> <span class='ocrx_word' id='word_1_38' title='bbox 859 884 1022 956; x_wconf 62' lang='grc' dir='ltr'><strong>⁴ἡμεῖς</strong></span> <span class='ocrx_word' id='word_1_39' title='bbox 1067 885 1452 958; x_wconf 77' lang='grc' dir='ltr'>ἀπεκτόναμεν</span> <span class='ocrx_word' id='word_1_40' title='bbox 1502 887 1729 959; x_wconf 85' lang='grc' dir='ltr'>Σίκιμα.</span> 
     </span>
    </p>
   </div>
   <div class='ocr_carea' id='block_1_9' title="bbox 147 972 1734 1051">
    <p class='ocr_par' dir='ltr' id='par_1_9' title="bbox 147 972 1734 1051">
     <span class='ocr_line' id='line_1_9' title="bbox 147 972 1734 1051; baseline 0.003 -21"><span class='ocrx_word' id='word_1_41' title='bbox 147 975 317 1031; x_wconf 74' lang='grc' dir='ltr'>Ἀλλὰ</span> <span class='ocrx_word' id='word_1_42' title='bbox 345 974 442 1029; x_wconf 78' lang='grc' dir='ltr'><strong>νῦν</strong></span> <span class='ocrx_word' id='word_1_43' title='bbox 471 972 880 1038; x_wconf 64' lang='grc' dir='ltr'>ἐϐουλεύσαντο,</span> <span class='ocrx_word' id='word_1_44' title='bbox 908 975 1092 1045; x_wconf 70' lang='grc' dir='ltr'>φησὶν,</span> <span class='ocrx_word' id='word_1_45' title='bbox 1121 977 1451 1050; x_wconf 76' lang='grc' dir='ltr'><strong>ἐπιπρέψαι</strong></span> <span class='ocrx_word' id='word_1_46' title='bbox 1477 979 1618 1051; x_wconf 80' lang='grc' dir='ltr'>πρὸς</span> <span class='ocrx_word' id='word_1_47' title='bbox 1641 979 1734 1035; x_wconf 80' lang='grc' dir='ltr'>τὸν</span> 
     </span>
    </p>
   </div>
   <div class='ocr_carea' id='block_1_10' title="bbox 133 1065 1735 1141">
    <p class='ocr_par' dir='ltr' id='par_1_10' title="bbox 133 1065 1735 1141">
     <span class='ocr_line' id='line_1_10' title="bbox 133 1065 1735 1141; baseline 0.002 -20"><span class='ocrx_word' id='word_1_48' title='bbox 133 1067 297 1132; x_wconf 71' lang='grc' dir='ltr'>θεὸν,</span> <span class='ocrx_word' id='word_1_49' title='bbox 323 1067 609 1138; x_wconf 76' lang='grc' dir='ltr'>ἀγαπῆσαι</span> <span class='ocrx_word' id='word_1_50' title='bbox 637 1065 708 1120; x_wconf 79' lang='grc' dir='ltr'>τὰ</span> <span class='ocrx_word' id='word_1_51' title='bbox 744 1067 804 1119; x_wconf 77' lang='grc' dir='ltr'>ὲν</span> <span class='ocrx_word' id='word_1_52' title='bbox 835 1066 1005 1139; x_wconf 82' lang='grc' dir='ltr'>νόμῳ,</span> <span class='ocrx_word' id='word_1_53' title='bbox 1037 1067 1327 1141; x_wconf 75' lang='grc' dir='ltr'>πληρῶσαι</span> <span class='ocrx_word' id='word_1_54' title='bbox 1372 1069 1586 1137; x_wconf 86' lang='grc' dir='ltr'>θυσίας,</span> <span class='ocrx_word' id='word_1_55' title='bbox 1613 1071 1735 1124; x_wconf 73' lang='grc' dir='ltr'>ἐπι-</span> 
     </span>
    </p>
   </div>
   <div class='ocr_carea' id='block_1_11' title="bbox 134 1157 1734 1232">
    <p class='ocr_par' dir='ltr' id='par_1_11' title="bbox 134 1157 1734 1232">
     <span class='ocr_line' id='line_1_11' title="bbox 134 1157 1734 1232; baseline 0.004 -22"><span class='ocrx_word' id='word_1_56' title='bbox 134 1157 318 1212; x_wconf 74' lang='grc' dir='ltr'>τελεῖν</span> <span class='ocrx_word' id='word_1_57' title='bbox 345 1157 555 1229; x_wconf 72' lang='grc' dir='ltr'>ἑορτὰς,</span> <span class='ocrx_word' id='word_1_58' title='bbox 585 1157 950 1230; x_wconf 79' lang='grc' dir='ltr'>ἀποφοιτῆσαι</span> <span class='ocrx_word' id='word_1_59' title='bbox 984 1159 1169 1214; x_wconf 81' lang='grc' dir='ltr'>λοιπὸν</span> <span class='ocrx_word' id='word_1_60' title='bbox 1190 1159 1302 1216; x_wconf 76' lang='grc' dir='ltr'><strong>τῶν</strong></span> <span class='ocrx_word' id='word_1_61' title='bbox 1327 1161 1427 1232; x_wconf 73' lang='grc' dir='ltr'>τῆς</span> <span class='ocrx_word' id='word_1_62' title='bbox 1449 1162 1734 1217; x_wconf 71' lang='grc' dir='ltr'>εἰδωλολα-</span> 
     </span>
    </p>
   </div>
   <div class='ocr_carea' id='block_1_12' title="bbox 134 1238 1734 1325">
    <p class='ocr_par' dir='ltr' id='par_1_12' title="bbox 134 1238 1734 1325">
     <span class='ocr_line' id='line_1_12' title="bbox 134 1238 1734 1325; baseline 0.003 -23"><span class='ocrx_word' id='word_1_63' title='bbox 134 1247 327 1320; x_wconf 78' lang='grc' dir='ltr'>τρείας</span> <span class='ocrx_word' id='word_1_64' title='bbox 350 1247 648 1320; x_wconf 75' lang='grc' dir='ltr'>λογισμῶν.</span> <span class='ocrx_word' id='word_1_65' title='bbox 676 1238 743 1302; x_wconf 80' lang='grc' dir='ltr'>Τί</span> <span class='ocrx_word' id='word_1_66' title='bbox 767 1243 864 1303; x_wconf 78' lang='grc' dir='ltr'>οὖν</span> <span class='ocrx_word' id='word_1_67' title='bbox 893 1249 944 1303; x_wconf 87' lang='grc' dir='ltr'><strong>οί</strong></span> <span class='ocrx_word' id='word_1_68' title='bbox 970 1249 1229 1317; x_wconf 79' lang='grc' dir='ltr'>Λευῖται;</span> <span class='ocrx_word' id='word_1_69' title='bbox 1263 1271 1282 1304; x_wconf 81' lang='grc' dir='ltr'><strong>ι</strong></span> <span class='ocrx_word' id='word_1_70' title='bbox 1308 1253 1594 1324; x_wconf 73' lang='grc' dir='ltr'>Ἕκρυψαν</span> <span class='ocrx_word' id='word_1_71' title='bbox 1635 1253 1734 1325; x_wconf 77' lang='grc' dir='ltr'>τὴν</span> 
     </span>
    </p>
   </div>
   <div class='ocr_carea' id='block_1_13' title="bbox 137 1338 1734 1416">
    <p class='ocr_par' dir='ltr' id='par_1_13' title="bbox 137 1338 1734 1416">
     <span class='ocr_line' id='line_1_13' title="bbox 137 1338 1734 1416; baseline 0.004 -23"><span class='ocrx_word' id='word_1_72' title='bbox 137 1338 269 1394; x_wconf 74' lang='grc' dir='ltr'>ὁδὸν</span> <span class='ocrx_word' id='word_1_73' title='bbox 316 1339 547 1411; x_wconf 77' lang='grc' dir='ltr'>Κυρίου,</span> <span class='ocrx_word' id='word_1_74' title='bbox 587 1339 886 1410; x_wconf 67' lang='grc' dir='ltr'>ἐφόνευσαν</span> <span class='ocrx_word' id='word_1_75' title='bbox 926 1343 1149 1414; x_wconf 88' lang='grc' dir='ltr'>Σίκιμα.</span> <span class='ocrx_word' id='word_1_76' title='bbox 1177 1361 1197 1396; x_wconf 78' lang='grc' dir='ltr'><strong>ι</strong></span> <span class='ocrx_word' id='word_1_77' title='bbox 1228 1345 1300 1398; x_wconf 85' lang='grc' dir='ltr'><strong>Ἦ</strong></span> <span class='ocrx_word' id='word_1_78' title='bbox 1328 1345 1470 1416; x_wconf 82' lang='grc' dir='ltr'>τάχα</span> <span class='ocrx_word' id='word_1_79' title='bbox 1499 1345 1734 1400; x_wconf 68' lang='grc' dir='ltr'>καὶ-νῦν</span> 
     </span>
    </p>
   </div>
   <div class='ocr_carea' id='block_1_14' title="bbox 137 1431 1736 1508">
    <p class='ocr_par' dir='ltr' id='par_1_14' title="bbox 137 1431 1736 1508">
     <span class='ocr_line' id='line_1_14' title="bbox 137 1431 1736 1508; baseline 0.003 -24"><span class='ocrx_word' id='word_1_80' title='bbox 137 1431 402 1500; x_wconf 69' lang='grc' dir='ltr'>ιγκαλεῖν</span> <span class='ocrx_word' id='word_1_81' title='bbox 427 1431 663 1504; x_wconf 68' lang='grc' dir='ltr'>ἔχουσιν,</span> <span class='ocrx_word' id='word_1_82' title='bbox 702 1434 787 1487; x_wconf 83' lang='grc' dir='ltr'><strong>δτι</strong></span> <span class='ocrx_word' id='word_1_83' title='bbox 834 1434 1066 1505; x_wconf 75' lang='grc' dir='ltr'><strong>ἀνομίαν</strong></span> <span class='ocrx_word' id='word_1_84' title='bbox 1094 1434 1358 1506; x_wconf 75' lang='grc' dir='ltr'>ἐποίησαν</span> <span class='ocrx_word' id='word_1_85' title='bbox 1402 1438 1465 1490; x_wconf 83' lang='grc' dir='ltr'>ὲν</span> <span class='ocrx_word' id='word_1_86' title='bbox 1490 1435 1568 1508; x_wconf 82' lang='grc' dir='ltr'><strong>τῷ</strong></span> <span class='ocrx_word' id='word_1_87' title='bbox 1599 1436 1736 1508; x_wconf 75' lang='grc' dir='ltr'>οἴκῳ</span> 
     </span>
    </p>
   </div>
   <div class='ocr_carea' id='block_1_15' title="bbox 150 1524 1737 1598">
    <p class='ocr_par' dir='ltr' id='par_1_15' title="bbox 150 1524 1737 1598">
     <span class='ocr_line' id='line_1_15' title="bbox 150 1524 1737 1598; baseline 0.001 -18"><span class='ocrx_word' id='word_1_88' title='bbox 150 1524 406 1598; x_wconf 76' lang='grc' dir='ltr'>Ἰσραήλ;</span> <span class='ocrx_word' id='word_1_89' title='bbox 458 1524 596 1580; x_wconf 88' lang='grc' dir='ltr'>Ποία</span> <span class='ocrx_word' id='word_1_90' title='bbox 629 1524 725 1580; x_wconf 77' lang='grc' dir='ltr'>καὶ</span> <span class='ocrx_word' id='word_1_91' title='bbox 769 1524 866 1580; x_wconf 81' lang='grc' dir='ltr'><strong>νῦν</strong></span> <span class='ocrx_word' id='word_1_92' title='bbox 913 1525 1147 1597; x_wconf 77' lang='grc' dir='ltr'>ὑϐρίσθη</span> <span class='ocrx_word' id='word_1_93' title='bbox 1192 1529 1406 1594; x_wconf 81' lang='grc' dir='ltr'>νεᾶνις;</span> <span class='ocrx_word' id='word_1_94' title='bbox 1448 1529 1528 1592; x_wconf 80' lang='grc' dir='ltr'><strong>εἰς</strong></span> <span class='ocrx_word' id='word_1_95' title='bbox 1573 1528 1737 1582; x_wconf 86' lang='grc' dir='ltr'>ποίαν</span> 
     </span>
    </p>
   </div>
   <div class='ocr_carea' id='block_1_16' title="bbox 136 1613 1731 1690">
    <p class='ocr_par' dir='ltr' id='par_1_16' title="bbox 136 1613 1731 1690">
     <span class='ocr_line' id='line_1_16' title="bbox 136 1613 1731 1690; baseline 0.002 -21"><span class='ocrx_word' id='word_1_96' title='bbox 136 1615 308 1670; x_wconf 82' lang='grc' dir='ltr'>Δίναν</span> <span class='ocrx_word' id='word_1_97' title='bbox 362 1613 704 1686; x_wconf 79' lang='grc' dir='ltr'>ὲξήμαρτον;</span> <span class='ocrx_word' id='word_1_98' title='bbox 751 1617 881 1670; x_wconf 87' lang='grc' dir='ltr'>ποῖα</span> <span class='ocrx_word' id='word_1_99' title='bbox 925 1617 1224 1688; x_wconf 82' lang='grc' dir='ltr'><strong>Σικιμιτῶν</strong></span> <span class='ocrx_word' id='word_1_100' title='bbox 1274 1618 1343 1673; x_wconf 81' lang='grc' dir='ltr'><strong>τὰ</strong></span> <span class='ocrx_word' id='word_1_101' title='bbox 1378 1619 1731 1690; x_wconf 77' lang='grc' dir='ltr'>ὲγχλήματας</span> 
     </span>
    </p>
   </div>
   <div class='ocr_carea' id='block_1_17' title="bbox 135 1697 1735 1792">
    <p class='ocr_par' dir='ltr' id='par_1_17' title="bbox 135 1697 1735 1792">
     <span class='ocr_line' id='line_1_17' title="bbox 135 1697 1735 1792; baseline 0.003 -31"><span class='ocrx_word' id='word_1_102' title='bbox 135 1707 256 1762; x_wconf 78' lang='grc' dir='ltr'><strong>τῶν</strong></span> <span class='ocrx_word' id='word_1_103' title='bbox 302 1706 676 1792; x_wconf 76' lang='grc' dir='ltr'>τετιμηκότων</span> <span class='ocrx_word' id='word_1_104' title='bbox 721 1705 878 1774; x_wconf 69' lang='grc' dir='ltr'>Θεὸν,</span> <span class='ocrx_word' id='word_1_105' title='bbox 920 1697 1038 1786; x_wconf 83' lang='grc' dir='ltr'><strong>τῶν</strong></span> <span class='ocrx_word' id='word_1_106' title='bbox 1073 1709 1443 1780; x_wconf 83' lang='grc' dir='ltr'>ὴγαπηκότων</span> <span class='ocrx_word' id='word_1_107' title='bbox 1488 1711 1559 1764; x_wconf 84' lang='grc' dir='ltr'>τὰ</span> <span class='ocrx_word' id='word_1_108' title='bbox 1598 1711 1735 1784; x_wconf 80' lang='grc' dir='ltr'>ὀρθὰ</span> 
     </span>
    </p>
   </div>
   <div class='ocr_carea' id='block_1_18' title="bbox 133 1796 1735 1872">
    <p class='ocr_par' dir='ltr' id='par_1_18' title="bbox 133 1796 1735 1872">
     <span class='ocr_line' id='line_1_18' title="bbox 133 1796 1735 1872; baseline 0.002 -20"><span class='ocrx_word' id='word_1_109' title='bbox 133 1798 336 1852; x_wconf 80' lang='grc' dir='ltr'>λοιπὸν</span> <span class='ocrx_word' id='word_1_110' title='bbox 363 1796 579 1852; x_wconf 76' lang='grc' dir='ltr'><strong>ἑλέσθαι</strong></span> <span class='ocrx_word' id='word_1_111' title='bbox 613 1799 850 1869; x_wconf 86' lang='grc' dir='ltr'>φρονεῖν,</span> <span class='ocrx_word' id='word_1_112' title='bbox 883 1798 975 1852; x_wconf 71' lang='grc' dir='ltr'>καὶ</span> <span class='ocrx_word' id='word_1_113' title='bbox 1003 1800 1392 1872; x_wconf 78' lang='grc' dir='ltr'>ἅποπεραίνειν</span> <span class='ocrx_word' id='word_1_114' title='bbox 1417 1802 1735 1872; x_wconf 75' lang='grc' dir='ltr'><strong>ἐπείγεσθαι</strong></span> 
     </span>
    </p>
   </div>
   <div class='ocr_carea' id='block_1_19' title="bbox 134 1887 1736 1965">
    <p class='ocr_par' dir='ltr' id='par_1_19' title="bbox 134 1887 1736 1965">
     <span class='ocr_line' id='line_1_19' title="bbox 134 1887 1736 1965; baseline 0.005 -25"><span class='ocrx_word' id='word_1_115' title='bbox 134 1887 218 1941; x_wconf 77' lang='grc' dir='ltr'>τὰ</span> <span class='ocrx_word' id='word_1_116' title='bbox 255 1889 315 1941; x_wconf 81' lang='grc' dir='ltr'>ὲν</span> <span class='ocrx_word' id='word_1_117' title='bbox 349 1888 522 1959; x_wconf 84' lang='grc' dir='ltr'>νόμῳ.</span> <span class='ocrx_word' id='word_1_118' title='bbox 561 1907 580 1940; x_wconf 79' lang='grc' dir='ltr'><strong>ι</strong></span> <span class='ocrx_word' id='word_1_119' title='bbox 607 1887 888 1960; x_wconf 81' lang='grc' dir='ltr'><strong>Τεθέαμαι</strong></span> <span class='ocrx_word' id='word_1_120' title='bbox 920 1908 938 1941; x_wconf 80' lang='grc' dir='ltr'><strong>ι</strong></span> <span class='ocrx_word' id='word_1_121' title='bbox 968 1890 1170 1954; x_wconf 62' lang='grc' dir='ltr'>τοίννν,</span> <span class='ocrx_word' id='word_1_122' title='bbox 1199 1891 1364 1962; x_wconf 74' lang='grc' dir='ltr'>φησὶ,</span> <span class='ocrx_word' id='word_1_123' title='bbox 1412 1910 1431 1944; x_wconf 80' lang='grc' dir='ltr'><strong>ι</strong></span> <span class='ocrx_word' id='word_1_124' title='bbox 1463 1893 1736 1965; x_wconf 85' lang='grc' dir='ltr'>φρικωδε-</span> 
     </span>
    </p>
   </div>
   <div class='ocr_carea' id='block_1_20' title="bbox 1834 705 3414 779">
    <p class='ocr_par' dir='ltr' id='par_1_20' title="bbox 1834 705 3414 779">
     <span class='ocr_line' id='line_1_20' title="bbox 1834 705 3414 779; baseline -0.002 -17"><span class='ocrx_word' id='word_1_125' title='bbox 1834 705 2000 764; x_wconf 90' lang='lat' dir='ltr'><strong>israel</strong></span> <span class='ocrx_word' id='word_1_126' title='bbox 2029 710 2073 766; x_wconf 81' lang='grc'><strong>⁸.</strong></span> <span class='ocrx_word' id='word_1_127' title='bbox 2109 727 2129 760; x_wconf 73' lang='grc' dir='ltr'>ι</span> <span class='ocrx_word' id='word_1_128' title='bbox 2162 707 2298 776; x_wconf 81' lang='lat' dir='ltr'><strong>Hoc,</strong></span> <span class='ocrx_word' id='word_1_129' title='bbox 2349 708 2546 778; x_wconf 86' lang='lat' dir='ltr'><strong>inquit,</strong></span> <span class='ocrx_word' id='word_1_130' title='bbox 2575 708 2902 779; x_wconf 75' lang='lat' dir='ltr'><strong>objicieutes</strong></span> <span class='ocrx_word' id='word_1_131' title='bbox 2930 715 3100 774; x_wconf 84' lang='lat' dir='ltr'><strong>tunc;</strong></span> <span class='ocrx_word' id='word_1_132' title='bbox 3131 705 3257 776; x_wconf 90' lang='lat' dir='ltr'><strong>quia</strong></span> <span class='ocrx_word' id='word_1_133' title='bbox 3283 711 3414 772; x_wconf 71' lang='lat' dir='ltr'><strong>pec‘o</strong></span> 
     </span>
    </p>
   </div>
   <div class='ocr_carea' id='block_1_21' title="bbox 1832 795 3412 867">
    <p class='ocr_par' dir='ltr' id='par_1_21' title="bbox 1832 795 3412 867">
     <span class='ocr_line' id='line_1_21' title="bbox 1832 795 3412 867; baseline -0.004 -12"><span class='ocrx_word' id='word_1_134' title='bbox 1832 807 2094 855; x_wconf 82' lang='lat' dir='ltr'><strong>caverunt</strong></span> <span class='ocrx_word' id='word_1_135' title='bbox 2122 798 2175 854; x_wconf 91' lang='lat' dir='ltr'><strong>in</strong></span> <span class='ocrx_word' id='word_1_136' title='bbox 2205 799 2422 854; x_wconf 88' lang='lat' dir='ltr'><strong>domum</strong></span> <span class='ocrx_word' id='word_1_137' title='bbox 2445 797 2638 865; x_wconf 72' lang='lat' dir='ltr'><strong>Jecob,</strong></span> <span class='ocrx_word' id='word_1_138' title='bbox 2682 798 2800 854; x_wconf 86' lang='lat' dir='ltr'><strong>sive</strong></span> <span class='ocrx_word' id='word_1_139' title='bbox 2836 797 3026 864; x_wconf 89' lang='lat' dir='ltr'><strong>israei,</strong></span> <span class='ocrx_word' id='word_1_140' title='bbox 3058 795 3238 867; x_wconf 82' lang='lat' dir='ltr'><strong>puella</strong></span> <span class='ocrx_word' id='word_1_141' title='bbox 3277 809 3412 862; x_wconf 42' lang='lat' dir='ltr'><strong>eone</strong></span> 
     </span>
    </p>
   </div>
   <div class='ocr_carea' id='block_1_22' title="bbox 1833 885 3415 961">
    <p class='ocr_par' dir='ltr' id='par_1_22' title="bbox 1833 885 3415 961">
     <span class='ocr_line' id='line_1_22' title="bbox 1833 885 3415 961; baseline -0.003 -13"><span class='ocrx_word' id='word_1_142' title='bbox 1833 900 2106 961; x_wconf 80' lang='lat' dir='ltr'><strong>stuprata,</strong></span> <span class='ocrx_word' id='word_1_143' title='bbox 2154 891 2362 947; x_wconf 86' lang='lat' dir='ltr'><strong>ideirco</strong></span> <span class='ocrx_word' id='word_1_144' title='bbox 2405 899 2462 947; x_wconf 90' lang='lat' dir='ltr'><strong>et</strong></span> <span class='ocrx_word' id='word_1_145' title='bbox 2509 905 2608 948; x_wconf 86' lang='lat' dir='ltr'><strong>nos</strong></span> <span class='ocrx_word' id='word_1_146' title='bbox 2639 889 2899 947; x_wconf 71' lang='lat' dir='ltr'><strong>&#39;Si&#39;cbima</strong></span> <span class='ocrx_word' id='word_1_147' title='bbox 2941 889 3265 946; x_wconf 86' lang='lat' dir='ltr'><strong>occidimus.</strong></span> <span class='ocrx_word' id='word_1_148' title='bbox 3303 885 3415 944; x_wconf 85' lang='lat' dir='ltr'><strong>Sed</strong></span> 
     </span>
    </p>
   </div>
   <div class='ocr_carea' id='block_1_23' title="bbox 1834 975 3414 1056">
    <p class='ocr_par' dir='ltr' id='par_1_23' title="bbox 1834 975 3414 1056">
     <span class='ocr_line' id='line_1_23' title="bbox 1834 975 3414 1056; baseline -0.006 -15"><span class='ocrx_word' id='word_1_149' title='bbox 1834 1000 1978 1041; x_wconf 89' lang='lat' dir='ltr'><strong>nunc</strong></span> <span class='ocrx_word' id='word_1_150' title='bbox 2003 993 2331 1049; x_wconf 82' lang='lat' dir='ltr'><strong>statuerunt,</strong></span> <span class='ocrx_word' id='word_1_151' title='bbox 2359 975 2556 1056; x_wconf 86' lang='lat' dir='ltr'><strong>inquit,</strong></span> <span class='ocrx_word' id='word_1_152' title='bbox 2588 979 2829 1040; x_wconf 80' lang='lat' dir='ltr'><strong>converti</strong></span> <span class='ocrx_word' id='word_1_153' title='bbox 2858 981 2926 1038; x_wconf 90' lang='lat' dir='ltr'><strong>ad</strong></span> <span class='ocrx_word' id='word_1_154' title='bbox 2967 983 3157 1046; x_wconf 88' lang='lat' dir='ltr'><strong>Deum,</strong></span> <span class='ocrx_word' id='word_1_155' title='bbox 3190 978 3414 1049; x_wconf 81' lang='lat' dir='ltr'><strong>diligere</strong></span> 
     </span>
    </p>
   </div>
   <div class='ocr_carea' id='block_1_24' title="bbox 1833 1062 3411 1150">
    <p class='ocr_par' dir='ltr' id='par_1_24' title="bbox 1833 1062 3411 1150">
     <span class='ocr_line' id='line_1_24' title="bbox 1833 1062 3411 1150; baseline -0.008 -16"><span class='ocrx_word' id='word_1_156' title='bbox 1833 1078 2028 1150; x_wconf 88' lang='lat' dir='ltr'><strong>legem,</strong></span> <span class='ocrx_word' id='word_1_157' title='bbox 2054 1078 2366 1143; x_wconf 83' lang='lat' dir='ltr'><strong>persolvere</strong></span> <span class='ocrx_word' id='word_1_158' title='bbox 2386 1077 2677 1144; x_wconf 81' lang='lat' dir='ltr'><strong>sacrificia,</strong></span> <span class='ocrx_word' id='word_1_159' title='bbox 2704 1062 3107 1147; x_wconf 42' lang='lat' dir='ltr'><strong>peragere‘dies</strong></span> <span class='ocrx_word' id='word_1_160' title='bbox 3132 1069 3328 1132; x_wconf 86' lang='lat' dir='ltr'><strong>festos,</strong></span> <span class='ocrx_word' id='word_1_161' title='bbox 3355 1067 3411 1122; x_wconf 78' lang='lat' dir='ltr'><strong>in</strong></span> 
     </span>
    </p>
   </div>
   <div class='ocr_carea' id='block_1_25' title="bbox 1835 1159 3406 1240">
    <p class='ocr_par' dir='ltr' id='par_1_25' title="bbox 1835 1159 3406 1240">
     <span class='ocr_line' id='line_1_25' title="bbox 1835 1159 3406 1240; baseline -0.008 -14"><span class='ocrx_word' id='word_1_162' title='bbox 1835 1172 2073 1227; x_wconf 83' lang='lat' dir='ltr'><strong>futurum</strong></span> <span class='ocrx_word' id='word_1_163' title='bbox 2103 1185 2134 1226; x_wconf 89' lang='lat' dir='ltr'><strong>a</strong></span> <span class='ocrx_word' id='word_1_164' title='bbox 2159 1169 2584 1240; x_wconf 71' lang='lat' dir='ltr'><strong>cogitationibus</strong></span> <span class='ocrx_word' id='word_1_165' title='bbox 2614 1159 2979 1238; x_wconf 78' lang='lat' dir='ltr'><strong>superstitiosi</strong></span> <span class='ocrx_word' id='word_1_166' title='bbox 3011 1159 3243 1220; x_wconf 81' lang='lat' dir='ltr'><strong>deorum</strong></span> <span class='ocrx_word' id='word_1_167' title='bbox 3287 1161 3406 1216; x_wconf 84' lang='lat' dir='ltr'><strong>cui-</strong></span> 
     </span>
    </p>
   </div>
   <div class='ocr_carea' id='block_1_26' title="bbox 1837 1253 3414 1328">
    <p class='ocr_par' dir='ltr' id='par_1_26' title="bbox 1837 1253 3414 1328">
     <span class='ocr_line' id='line_1_26' title="bbox 1837 1253 3414 1328; baseline -0.008 -12"><span class='ocrx_word' id='word_1_168' title='bbox 1837 1271 1924 1317; x_wconf 83' lang='lat' dir='ltr'><strong>tus</strong></span> <span class='ocrx_word' id='word_1_169' title='bbox 1963 1260 2260 1317; x_wconf 78' lang='lat' dir='ltr'><strong>discedere.</strong></span> <span class='ocrx_word' id='word_1_170' title='bbox 2313 1259 2452 1328; x_wconf 82' lang='lat' dir='ltr'><strong>Quid</strong></span> <span class='ocrx_word' id='word_1_171' title='bbox 2499 1259 2564 1314; x_wconf 83' lang='lat' dir='ltr'><strong>ad</strong></span> <span class='ocrx_word' id='word_1_172' title='bbox 2611 1259 2726 1314; x_wconf 73' lang='lat' dir='ltr'><strong>haec</strong></span> <span class='ocrx_word' id='word_1_173' title='bbox 2760 1256 2997 1313; x_wconf 69' lang='lat' dir='ltr'><strong>Levites?</strong></span> <span class='ocrx_word' id='word_1_174' title='bbox 3031 1271 3052 1306; x_wconf 77' lang='grc' dir='ltr'><strong>ι</strong></span> <span class='ocrx_word' id='word_1_175' title='bbox 3097 1253 3414 1308; x_wconf 80' lang='lat' dir='ltr'><strong>Absconde—</strong></span> 
     </span>
    </p>
   </div>
   <div class='ocr_carea' id='block_1_27' title="bbox 1835 1342 3415 1416">
    <p class='ocr_par' dir='ltr' id='par_1_27' title="bbox 1835 1342 3415 1416">
     <span class='ocr_line' id='line_1_27' title="bbox 1835 1342 3415 1416; baseline -0.007 -8"><span class='ocrx_word' id='word_1_176' title='bbox 1835 1364 1961 1408; x_wconf 89' lang='lat' dir='ltr'><strong>runt</strong></span> <span class='ocrx_word' id='word_1_177' title='bbox 2009 1353 2154 1407; x_wconf 82' lang='lat' dir='ltr'><strong>viam</strong></span> <span class='ocrx_word' id='word_1_178' title='bbox 2207 1351 2462 1416; x_wconf 81' lang='lat' dir='ltr'><strong>Domini,</strong></span> <span class='ocrx_word' id='word_1_179' title='bbox 2505 1350 2900 1406; x_wconf 84' lang='lat' dir='ltr'><strong>interfecerunt</strong></span> <span class='ocrx_word' id='word_1_180' title='bbox 2951 1345 3219 1402; x_wconf 87' lang='lat' dir='ltr'><strong>Sichima.</strong></span> <span class='ocrx_word' id='word_1_181' title='bbox 3259 1362 3278 1395; x_wconf 77' lang='grc' dir='ltr'><strong>ι</strong></span> <span class='ocrx_word' id='word_1_182' title='bbox 3330 1342 3415 1397; x_wconf 78' lang='lat' dir='ltr'><strong>Au</strong></span> 
     </span>
    </p>
   </div>
   <div class='ocr_carea' id='block_1_28' title="bbox 1833 1435 3417 1507">
    <p class='ocr_par' dir='ltr' id='par_1_28' title="bbox 1833 1435 3417 1507">
     <span class='ocr_line' id='line_1_28' title="bbox 1833 1435 3417 1507; baseline -0.006 -8"><span class='ocrx_word' id='word_1_183' title='bbox 1833 1442 2068 1500; x_wconf 69' lang='lat' dir='ltr'><strong>fortasse</strong></span> <span class='ocrx_word' id='word_1_184' title='bbox 2110 1445 2273 1498; x_wconf 90' lang='lat' dir='ltr'><strong>etiam</strong></span> <span class='ocrx_word' id='word_1_185' title='bbox 2322 1456 2467 1497; x_wconf 80' lang='lat' dir='ltr'><strong>nunc</strong></span> <span class='ocrx_word' id='word_1_186' title='bbox 2511 1456 2606 1498; x_wconf 85' lang='lat' dir='ltr'><strong>eos</strong></span> <span class='ocrx_word' id='word_1_187' title='bbox 2657 1453 2921 1496; x_wconf 82' lang='lat' dir='ltr'><strong>accusare</strong></span> <span class='ocrx_word' id='word_1_188' title='bbox 2967 1445 3217 1507; x_wconf 84' lang='lat' dir='ltr'><strong>possunt,</strong></span> <span class='ocrx_word' id='word_1_189' title='bbox 3269 1435 3417 1504; x_wconf 84' lang='lat' dir='ltr'><strong>quod</strong></span> 
     </span>
    </p>
   </div>
   <div class='ocr_carea' id='block_1_29' title="bbox 1835 1526 3417 1606">
    <p class='ocr_par' dir='ltr' id='par_1_29' title="bbox 1835 1526 3417 1606">
     <span class='ocr_line' id='line_1_29' title="bbox 1835 1526 3417 1606; baseline -0.006 -16"><span class='ocrx_word' id='word_1_190' title='bbox 1835 1533 2179 1606; x_wconf 80' lang='lat' dir='ltr'><strong>iniquitatem</strong></span> <span class='ocrx_word' id='word_1_191' title='bbox 2233 1531 2466 1589; x_wconf 78' lang='lat' dir='ltr'><strong>fecerint</strong></span> <span class='ocrx_word' id='word_1_192' title='bbox 2521 1533 2577 1586; x_wconf 92' lang='lat' dir='ltr'><strong>in</strong></span> <span class='ocrx_word' id='word_1_193' title='bbox 2641 1532 2802 1588; x_wconf 90' lang='lat' dir='ltr'><strong>domo</strong></span> <span class='ocrx_word' id='word_1_194' title='bbox 2844 1529 3053 1586; x_wconf 84' lang='lat' dir='ltr'><strong>israei?</strong></span> <span class='ocrx_word' id='word_1_195' title='bbox 3091 1528 3222 1596; x_wconf 70' lang='lat' dir='ltr'><strong>Quae</strong></span> <span class='ocrx_word' id='word_1_196' title='bbox 3267 1526 3417 1582; x_wconf 87' lang='lat' dir='ltr'><strong>enim</strong></span> 
     </span>
    </p>
   </div>
   <div class='ocr_carea' id='block_1_30' title="bbox 1835 1615 3420 1696">
    <p class='ocr_par' dir='ltr' id='par_1_30' title="bbox 1835 1615 3420 1696">
     <span class='ocr_line' id='line_1_30' title="bbox 1835 1615 3420 1696; baseline -0.008 -16"><span class='ocrx_word' id='word_1_197' title='bbox 1835 1625 2015 1696; x_wconf 89' lang='lat' dir='ltr'><strong>puella</strong></span> <span class='ocrx_word' id='word_1_198' title='bbox 2047 1633 2103 1680; x_wconf 91' lang='lat' dir='ltr'><strong>et</strong></span> <span class='ocrx_word' id='word_1_199' title='bbox 2149 1639 2293 1679; x_wconf 89' lang='lat' dir='ltr'><strong>nunc</strong></span> <span class='ocrx_word' id='word_1_200' title='bbox 2325 1622 2596 1694; x_wconf 85' lang='lat' dir='ltr'><strong>injuriose</strong></span> <span class='ocrx_word' id='word_1_201' title='bbox 2627 1629 2858 1688; x_wconf 82' lang='lat' dir='ltr'><strong>tractata</strong></span> <span class='ocrx_word' id='word_1_202' title='bbox 2898 1620 3020 1677; x_wconf 85' lang='lat' dir='ltr'><strong>est?</strong></span> <span class='ocrx_word' id='word_1_203' title='bbox 3050 1619 3102 1674; x_wconf 92' lang='lat' dir='ltr'><strong>in</strong></span> <span class='ocrx_word' id='word_1_204' title='bbox 3136 1632 3297 1687; x_wconf 89' lang='lat' dir='ltr'><strong>quam</strong></span> <span class='ocrx_word' id='word_1_205' title='bbox 3331 1615 3420 1668; x_wconf 88' lang='lat' dir='ltr'><strong>Di-</strong></span> 
     </span>
    </p>
   </div>
   <div class='ocr_carea' id='block_1_31' title="bbox 1835 1707 3414 1786">
    <p class='ocr_par' dir='ltr' id='par_1_31' title="bbox 1835 1707 3414 1786">
     <span class='ocr_line' id='line_1_31' title="bbox 1835 1707 3414 1786; baseline -0.008 -14"><span class='ocrx_word' id='word_1_206' title='bbox 1835 1733 1958 1782; x_wconf 83' lang='lat' dir='ltr'><strong>nam</strong></span> <span class='ocrx_word' id='word_1_207' title='bbox 1982 1716 2654 1786; x_wconf 68' lang='lat' dir='ltr'><strong>peccaverunt?quzenam</strong></span> <span class='ocrx_word' id='word_1_208' title='bbox 2676 1713 3090 1770; x_wconf 81' lang='lat' dir='ltr'><strong>Sicitimitarum</strong></span> <span class='ocrx_word' id='word_1_209' title='bbox 3121 1708 3366 1774; x_wconf 81' lang='lat' dir='ltr'><strong>facinora</strong></span> <span class='ocrx_word' id='word_1_210' title='bbox 3389 1707 3414 1760; x_wconf 66' lang='grc' dir='ltr'>ἲ</span> 
     </span>
    </p>
   </div>
   <div class='ocr_carea' id='block_1_32' title="bbox 1835 1806 3417 1878">
    <p class='ocr_par' dir='ltr' id='par_1_32' title="bbox 1835 1806 3417 1878">
     <span class='ocr_line' id='line_1_32' title="bbox 1835 1806 3417 1878; baseline -0.006 -16"><span class='ocrx_word' id='word_1_211' title='bbox 1835 1808 1936 1876; x_wconf 82' lang='lat' dir='ltr'><strong>Qui</strong></span> <span class='ocrx_word' id='word_1_212' title='bbox 1952 1807 2119 1864; x_wconf 84' lang='lat' dir='ltr'><strong>Deum</strong></span> <span class='ocrx_word' id='word_1_213' title='bbox 2142 1809 2501 1876; x_wconf 83' lang='lat' dir='ltr'><strong>houorarunt,</strong></span> <span class='ocrx_word' id='word_1_214' title='bbox 2519 1807 2609 1878; x_wconf 92' lang='lat' dir='ltr'><strong>qui</strong></span> <span class='ocrx_word' id='word_1_215' title='bbox 2629 1807 2694 1861; x_wconf 91' lang='lat' dir='ltr'><strong>de</strong></span> <span class='ocrx_word' id='word_1_216' title='bbox 2713 1806 2922 1876; x_wconf 88' lang='lat' dir='ltr'><strong>reliquo</strong></span> <span class='ocrx_word' id='word_1_217' title='bbox 2952 1812 3162 1858; x_wconf 87' lang='lat' dir='ltr'><strong>mutare</strong></span> <span class='ocrx_word' id='word_1_218' title='bbox 3181 1808 3417 1855; x_wconf 82' lang='lat' dir='ltr'><strong>mentem</strong></span> 
     </span>
    </p>
   </div>
   <div class='ocr_carea' id='block_1_33' title="bbox 1838 1895 3422 1972">
    <p class='ocr_par' dir='ltr' id='par_1_33' title="bbox 1838 1895 3422 1972">
     <span class='ocr_line' id='line_1_33' title="bbox 1838 1895 3422 1972; baseline -0.007 -17"><span class='ocrx_word' id='word_1_219' title='bbox 1838 1914 2033 1972; x_wconf 89' lang='lat' dir='ltr'><strong>magna</strong></span> <span class='ocrx_word' id='word_1_220' title='bbox 2066 1899 2343 1955; x_wconf 83' lang='lat' dir='ltr'><strong>voluntate</strong></span> <span class='ocrx_word' id='word_1_221' title='bbox 2369 1901 2750 1964; x_wconf 86' lang='lat' dir='ltr'><strong>decreverunt,</strong></span> <span class='ocrx_word' id='word_1_222' title='bbox 2786 1907 2839 1952; x_wconf 92' lang='lat' dir='ltr'><strong>et</strong></span> <span class='ocrx_word' id='word_1_223' title='bbox 2893 1895 3133 1952; x_wconf 82' lang='lat' dir='ltr'><strong>studiose</strong></span> <span class='ocrx_word' id='word_1_224' title='bbox 3163 1899 3422 1962; x_wconf 47' lang='lat' dir='ltr'><strong>praestare</strong></span> 
     </span>
    </p>
   </div>
   <div class='ocr_carea' id='block_1_34' title="bbox 139 1979 1749 2062">
    <p class='ocr_par' dir='ltr' id='par_1_34' title="bbox 139 1979 1738 2058">
     <span class='ocr_line' id='line_1_34' title="bbox 139 1979 1738 2058; baseline 0.005 -26"><span class='ocrx_word' id='word_1_225' title='bbox 139 1979 355 2051; x_wconf 79' lang='grc' dir='ltr'>στάτην</span> <span class='ocrx_word' id='word_1_226' title='bbox 400 1979 501 2050; x_wconf 79' lang='grc' dir='ltr'>τὴν</span> <span class='ocrx_word' id='word_1_227' title='bbox 557 1980 676 2032; x_wconf 76' lang='grc' dir='ltr'>ἐκεῖ</span> <span class='ocrx_word' id='word_1_228' title='bbox 735 1979 994 2052; x_wconf 81' lang='grc' dir='ltr'><strong>πορνείαν</strong></span> <span class='ocrx_word' id='word_1_229' title='bbox 1049 1979 1142 2035; x_wconf 80' lang='grc' dir='ltr'><strong>τοῦ</strong></span> <span class='ocrx_word' id='word_1_230' title='bbox 1194 1981 1454 2058; x_wconf 70' lang='grc' dir='ltr'>Ἐιρραῖμη</span> <span class='ocrx_word' id='word_1_231' title='bbox 1484 2001 1505 2035; x_wconf 76' lang='grc' dir='ltr'><strong>ι</strong></span> <span class='ocrx_word' id='word_1_232' title='bbox 1550 1986 1738 2040; x_wconf 80' lang='grc' dir='ltr'>Κατα·</span> 
     </span>
    </p>
   </div>
   <div class='ocr_carea' id='block_1_35' title="bbox 1850 1979 3418 2062">
    <p class='ocr_par' dir='ltr' id='par_1_35' title="bbox 1850 1982 3418 2062">
     <span class='ocr_line' id='line_1_35' title="bbox 1850 1982 3418 2062; baseline -0.008 -16"><span class='ocrx_word' id='word_1_233' title='bbox 1850 2006 1959 2062; x_wconf 61' lang='lat' dir='ltr'><strong>qua:</strong></span> <span class='ocrx_word' id='word_1_234' title='bbox 2012 1990 2224 2062; x_wconf 87' lang='lat' dir='ltr'><strong>legibus</strong></span> <span class='ocrx_word' id='word_1_235' title='bbox 2287 1990 2486 2046; x_wconf 83' lang='lat' dir='ltr'><strong>divinis</strong></span> <span class='ocrx_word' id='word_1_236' title='bbox 2535 1989 2952 2062; x_wconf 63' lang='lat' dir='ltr'><strong>praecipiuntur.</strong></span> <span class='ocrx_word' id='word_1_237' title='bbox 3003 1986 3183 2056; x_wconf 82' lang='lat' dir='ltr'><strong>inquit</strong></span> <span class='ocrx_word' id='word_1_238' title='bbox 3234 1982 3418 2052; x_wconf 82' lang='lat' dir='ltr'><strong>igitur,</strong></span> 
     </span>
    </p>
   </div>
   <div class='ocr_carea' id='block_1_36' title="bbox 139 2069 1749 2154">
    <p class='ocr_par' dir='ltr' id='par_1_36' title="bbox 139 2069 1742 2144">
     <span class='ocr_line' id='line_1_36' title="bbox 139 2069 1742 2144; baseline 0.004 -20"><span class='ocrx_word' id='word_1_239' title='bbox 139 2069 384 2141; x_wconf 82' lang='grc' dir='ltr'>πλαγείη</span> <span class='ocrx_word' id='word_1_240' title='bbox 423 2069 532 2141; x_wconf 77' lang='grc' dir='ltr'><strong>γὰρ</strong></span> <span class='ocrx_word' id='word_1_241' title='bbox 561 2069 626 2125; x_wconf 77' lang='grc' dir='ltr'>ἄν</span> <span class='ocrx_word' id='word_1_242' title='bbox 653 2086 759 2136; x_wconf 89' lang='grc' dir='ltr'>τις,</span> <span class='ocrx_word' id='word_1_243' title='bbox 802 2071 898 2125; x_wconf 80' lang='grc' dir='ltr'>καὶ</span> <span class='ocrx_word' id='word_1_244' title='bbox 928 2071 1133 2144; x_wconf 80' lang='grc' dir='ltr'>σφόδρα</span> <span class='ocrx_word' id='word_1_245' title='bbox 1177 2073 1428 2138; x_wconf 75' lang='grc' dir='ltr'><strong>εἰκότως,</strong></span> <span class='ocrx_word' id='word_1_246' title='bbox 1470 2075 1742 2132; x_wconf 80' lang='grc' dir='ltr'><strong>τοσούτων</strong></span> 
     </span>
    </p>
   </div>
   <div class='ocr_carea' id='block_1_37' title="bbox 1850 2069 3420 2154">
    <p class='ocr_par' dir='ltr' id='par_1_37' title="bbox 1850 2075 3420 2154">
     <span class='ocr_line' id='line_1_37' title="bbox 1850 2075 3420 2154; baseline -0.007 -18"><span class='ocrx_word' id='word_1_247' title='bbox 1850 2104 1868 2136; x_wconf 77' lang='grc' dir='ltr'><strong>ι</strong></span> <span class='ocrx_word' id='word_1_248' title='bbox 1921 2081 2049 2139; x_wconf 76' lang='lat' dir='ltr'><strong>Vidi</strong></span> <span class='ocrx_word' id='word_1_249' title='bbox 2118 2082 2192 2139; x_wconf 86' lang='lat' dir='ltr'><strong>ibi</strong></span> <span class='ocrx_word' id='word_1_250' title='bbox 2269 2083 2540 2154; x_wconf 81' lang='lat' dir='ltr'><strong>imprimis</strong></span> <span class='ocrx_word' id='word_1_251' title='bbox 2605 2080 2923 2138; x_wconf 85' lang='lat' dir='ltr'><strong>horribilem</strong></span> <span class='ocrx_word' id='word_1_252' title='bbox 3004 2075 3420 2133; x_wconf 82' lang='lat' dir='ltr'><strong>fornicationem</strong></span> 
     </span>
    </p>
   </div>
   <div class='ocr_carea' id='block_1_38' title="bbox 138 2161 1749 2248">
    <p class='ocr_par' dir='ltr' id='par_1_38' title="bbox 138 2161 1744 2238">
     <span class='ocr_line' id='line_1_38' title="bbox 138 2161 1744 2238; baseline 0.004 -21"><span class='ocrx_word' id='word_1_253' title='bbox 138 2161 297 2234; x_wconf 71' lang='grc' dir='ltr'>ὁρῶν</span> <span class='ocrx_word' id='word_1_254' title='bbox 325 2161 684 2226; x_wconf 69' lang='grc' dir='ltr'>ἀπονενευκδς</span> <span class='ocrx_word' id='word_1_255' title='bbox 713 2162 814 2234; x_wconf 79' lang='grc' dir='ltr'>τῆς</span> <span class='ocrx_word' id='word_1_256' title='bbox 845 2164 927 2227; x_wconf 81' lang='grc' dir='ltr'>είς</span> <span class='ocrx_word' id='word_1_257' title='bbox 957 2163 1089 2218; x_wconf 84' lang='grc' dir='ltr'>Θεὸν</span> <span class='ocrx_word' id='word_1_258' title='bbox 1113 2164 1337 2237; x_wconf 79' lang='grc' dir='ltr'><strong>ἀγάπης</strong></span> <span class='ocrx_word' id='word_1_259' title='bbox 1361 2165 1424 2219; x_wconf 78' lang='grc' dir='ltr'>τὸ</span> <span class='ocrx_word' id='word_1_260' title='bbox 1448 2165 1594 2238; x_wconf 76' lang='grc' dir='ltr'>ἱερὸν</span> <span class='ocrx_word' id='word_1_261' title='bbox 1649 2170 1744 2223; x_wconf 74' lang='grc' dir='ltr'>καὶ</span> 
     </span>
    </p>
   </div>
   <div class='ocr_carea' id='block_1_39' title="bbox 1850 2161 3424 2248">
    <p class='ocr_par' dir='ltr' id='par_1_39' title="bbox 1850 2164 3424 2248">
     <span class='ocr_line' id='line_1_39' title="bbox 1850 2164 3424 2248; baseline -0.008 -16"><span class='ocrx_word' id='word_1_262' title='bbox 1850 2176 2126 2248; x_wconf 81' lang='lat' dir='ltr'><strong>prraim.</strong></span> <span class='ocrx_word' id='word_1_263' title='bbox 2166 2195 2185 2228; x_wconf 77' lang='grc' dir='ltr'><strong>ι</strong></span> <span class='ocrx_word' id='word_1_264' title='bbox 2214 2175 2582 2246; x_wconf 82' lang='lat' dir='ltr'><strong>Obstupescat</strong></span> <span class='ocrx_word' id='word_1_265' title='bbox 2613 2183 2798 2229; x_wconf 89' lang='lat' dir='ltr'><strong>autem</strong></span> <span class='ocrx_word' id='word_1_266' title='bbox 2833 2170 3187 2246; x_wconf 0' lang='lat' dir='ltr'><strong>quispiampet</strong></span> <span class='ocrx_word' id='word_1_267' title='bbox 3221 2164 3424 2246; x_wconf 42' lang='lat' dir='ltr'><strong>aequis-</strong></span> 
     </span>
    </p>
   </div>
   <div class='ocr_carea' id='block_1_40' title="bbox 138 2253 1749 2334">
    <p class='ocr_par' dir='ltr' id='par_1_40' title="bbox 138 2253 1745 2328">
     <span class='ocr_line' id='line_1_40' title="bbox 138 2253 1745 2328; baseline 0.004 -20"><span class='ocrx_word' id='word_1_268' title='bbox 138 2253 454 2309; x_wconf 75' lang='grc' dir='ltr'>ἀπόλεκτον</span> <span class='ocrx_word' id='word_1_269' title='bbox 488 2255 665 2324; x_wconf 81' lang='grc' dir='ltr'>γένος,</span> <span class='ocrx_word' id='word_1_270' title='bbox 694 2255 771 2321; x_wconf 83' lang='grc' dir='ltr'><strong>ὡς</strong></span> <span class='ocrx_word' id='word_1_271' title='bbox 811 2255 889 2328; x_wconf 83' lang='grc' dir='ltr'>μὴ</span> <span class='ocrx_word' id='word_1_272' title='bbox 923 2255 1082 2325; x_wconf 88' lang='grc' dir='ltr'>μόνον</span> <span class='ocrx_word' id='word_1_273' title='bbox 1125 2257 1324 2323; x_wconf 77' lang='grc' dir='ltr'>αὐτοὺς</span> <span class='ocrx_word' id='word_1_274' title='bbox 1366 2257 1476 2312; x_wconf 85' lang='grc' dir='ltr'><strong>τῶν</strong></span> <span class='ocrx_word' id='word_1_275' title='bbox 1506 2258 1745 2315; x_wconf 70' lang='grc' dir='ltr'>εἰδώλων</span> 
     </span>
    </p>
   </div>
   <div class='ocr_carea' id='block_1_41' title="bbox 1850 2253 3425 2334">
    <p class='ocr_par' dir='ltr' id='par_1_41' title="bbox 1850 2257 3425 2334">
     <span class='ocr_line' id='line_1_41' title="bbox 1850 2257 3425 2334; baseline -0.008 -10"><span class='ocrx_word' id='word_1_276' title='bbox 1850 2258 2006 2334; x_wconf 83' lang='lat' dir='ltr'><strong>sime,</strong></span> <span class='ocrx_word' id='word_1_277' title='bbox 2039 2283 2271 2324; x_wconf 83' lang='lat' dir='ltr'><strong>cernens</strong></span> <span class='ocrx_word' id='word_1_278' title='bbox 2307 2277 2556 2322; x_wconf 87' lang='lat' dir='ltr'><strong>sanctum</strong></span> <span class='ocrx_word' id='word_1_279' title='bbox 2579 2276 2637 2322; x_wconf 90' lang='lat' dir='ltr'><strong>et</strong></span> <span class='ocrx_word' id='word_1_280' title='bbox 2666 2265 2899 2320; x_wconf 87' lang='lat' dir='ltr'><strong>eiectum</strong></span> <span class='ocrx_word' id='word_1_281' title='bbox 2916 2257 3098 2334; x_wconf 78' lang='lat' dir='ltr'><strong>genus</strong></span> <span class='ocrx_word' id='word_1_282' title='bbox 3130 2261 3268 2316; x_wconf 84' lang='lat' dir='ltr'><strong>adeo</strong></span> <span class='ocrx_word' id='word_1_283' title='bbox 3291 2258 3425 2314; x_wconf 63' lang='lat' dir='ltr'><strong>chao</strong></span> 
     </span>
    </p>
   </div>
   <div class='ocr_carea' id='block_1_42' title="bbox 136 2345 1749 2430">
    <p class='ocr_par' dir='ltr' id='par_1_42' title="bbox 136 2347 1746 2420">
     <span class='ocr_line' id='line_1_42' title="bbox 136 2347 1746 2420; baseline 0.005 -18"><span class='ocrx_word' id='word_1_284' title='bbox 136 2349 386 2420; x_wconf 79' lang='grc' dir='ltr'>εὑρετὰς</span> <span class='ocrx_word' id='word_1_285' title='bbox 424 2347 680 2418; x_wconf 82' lang='grc' dir='ltr'>γενέσθαι</span> <span class='ocrx_word' id='word_1_286' title='bbox 721 2349 1091 2417; x_wconf 76' lang='grc' dir='ltr'>τοῖςᾶλλοις,</span> <span class='ocrx_word' id='word_1_287' title='bbox 1122 2349 1260 2406; x_wconf 83' lang='grc' dir='ltr'>ἀλλὰ</span> <span class='ocrx_word' id='word_1_288' title='bbox 1297 2353 1390 2407; x_wconf 75' lang='grc' dir='ltr'>καὶ</span> <span class='ocrx_word' id='word_1_289' title='bbox 1425 2352 1746 2410; x_wconf 83' lang='grc' dir='ltr'><strong>διακωλύειν</strong></span> 
     </span>
    </p>
   </div>
   <div class='ocr_carea' id='block_1_43' title="bbox 1850 2345 3426 2430">
    <p class='ocr_par' dir='ltr' id='par_1_43' title="bbox 1850 2345 3426 2430">
     <span class='ocr_line' id='line_1_43' title="bbox 1850 2345 3426 2430; baseline -0.01 -14"><span class='ocrx_word' id='word_1_290' title='bbox 1850 2359 2012 2416; x_wconf 89' lang='lat' dir='ltr'><strong>ritate</strong></span> <span class='ocrx_word' id='word_1_291' title='bbox 2057 2373 2184 2430; x_wconf 87' lang='lat' dir='ltr'><strong>erga</strong></span> <span class='ocrx_word' id='word_1_292' title='bbox 2231 2357 2400 2413; x_wconf 84' lang='lat' dir='ltr'><strong>Deum</strong></span> <span class='ocrx_word' id='word_1_293' title='bbox 2445 2355 2667 2421; x_wconf 86' lang='lat' dir='ltr'><strong>abiisse,</strong></span> <span class='ocrx_word' id='word_1_294' title='bbox 2715 2365 2776 2409; x_wconf 91' lang='lat' dir='ltr'><strong>ut</strong></span> <span class='ocrx_word' id='word_1_295' title='bbox 2807 2369 2912 2408; x_wconf 92' lang='lat' dir='ltr'><strong>nou</strong></span> <span class='ocrx_word' id='word_1_296' title='bbox 2943 2352 3114 2408; x_wconf 87' lang='lat' dir='ltr'><strong>solum</strong></span> <span class='ocrx_word' id='word_1_297' title='bbox 3162 2348 3261 2419; x_wconf 82' lang='lat' dir='ltr'><strong>ipsi</strong></span> <span class='ocrx_word' id='word_1_298' title='bbox 3302 2345 3426 2402; x_wconf 73' lang='lat' dir='ltr'><strong>aliis</strong></span> 
     </span>
    </p>
   </div>
   <div class='ocr_carea' id='block_1_44' title="bbox 143 2437 1749 2518">
    <p class='ocr_par' dir='ltr' id='par_1_44' title="bbox 143 2439 1749 2518">
     <span class='ocr_line' id='line_1_44' title="bbox 143 2439 1749 2518; baseline 0.005 -24"><span class='ocrx_word' id='word_1_299' title='bbox 143 2439 390 2508; x_wconf 76' lang='grc' dir='ltr'>αὐτοὺς,</span> <span class='ocrx_word' id='word_1_300' title='bbox 427 2441 476 2494; x_wconf 83' lang='grc' dir='ltr'><strong>εί</strong></span> <span class='ocrx_word' id='word_1_301' title='bbox 514 2441 734 2513; x_wconf 77' lang='grc' dir='ltr'>ἀγαπᾷν</span> <span class='ocrx_word' id='word_1_302' title='bbox 765 2441 970 2496; x_wconf 71' lang='grc' dir='ltr'>ἕλοιντο</span> <span class='ocrx_word' id='word_1_303' title='bbox 1005 2443 1075 2497; x_wconf 84' lang='grc' dir='ltr'>τὰ</span> <span class='ocrx_word' id='word_1_304' title='bbox 1113 2443 1209 2498; x_wconf 80' lang='grc' dir='ltr'>τοῦ</span> <span class='ocrx_word' id='word_1_305' title='bbox 1248 2443 1407 2502; x_wconf 80' lang='grc' dir='ltr'>Θεοῦ.</span> <span class='ocrx_word' id='word_1_306' title='bbox 1445 2461 1463 2498; x_wconf 80' lang='grc' dir='ltr'><strong>ι</strong></span> <span class='ocrx_word' id='word_1_307' title='bbox 1491 2446 1749 2518; x_wconf 82' lang='grc' dir='ltr'>Καταμε-</span> 
     </span>
    </p>
   </div>
   <div class='ocr_carea' id='block_1_45' title="bbox 1850 2437 3424 2518">
    <p class='ocr_par' dir='ltr' id='par_1_45' title="bbox 1850 2437 3424 2513">
     <span class='ocr_line' id='line_1_45' title="bbox 1850 2437 3424 2513; baseline -0.01 -7"><span class='ocrx_word' id='word_1_308' title='bbox 1850 2449 1988 2506; x_wconf 89' lang='lat' dir='ltr'><strong>idola</strong></span> <span class='ocrx_word' id='word_1_309' title='bbox 2042 2448 2372 2513; x_wconf 88' lang='lat' dir='ltr'><strong>invenerint,</strong></span> <span class='ocrx_word' id='word_1_310' title='bbox 2427 2447 2521 2503; x_wconf 92' lang='lat' dir='ltr'><strong>sed</strong></span> <span class='ocrx_word' id='word_1_311' title='bbox 2561 2456 2617 2501; x_wconf 93' lang='lat' dir='ltr'><strong>et</strong></span> <span class='ocrx_word' id='word_1_312' title='bbox 2642 2446 2780 2502; x_wconf 89' lang='lat' dir='ltr'><strong>alios</strong></span> <span class='ocrx_word' id='word_1_313' title='bbox 2825 2459 2856 2499; x_wconf 88' lang='lat' dir='ltr'><strong>a</strong></span> <span class='ocrx_word' id='word_1_314' title='bbox 2899 2442 3187 2511; x_wconf 81' lang='lat' dir='ltr'><strong>diligendis</strong></span> <span class='ocrx_word' id='word_1_315' title='bbox 3223 2437 3424 2494; x_wconf 80' lang='lat' dir='ltr'><strong>divinis</strong></span> 
     </span>
    </p>
   </div>
   <div class='ocr_carea' id='block_1_46' title="bbox 141 2529 1749 2608">
    <p class='ocr_par' dir='ltr' id='par_1_46' title="bbox 141 2530 1742 2608">
     <span class='ocr_line' id='line_1_46' title="bbox 141 2530 1742 2608; baseline 0.006 -25"><span class='ocrx_word' id='word_1_316' title='bbox 141 2530 380 2602; x_wconf 82' lang='grc' dir='ltr'>μίανται</span> <span class='ocrx_word' id='word_1_317' title='bbox 419 2531 619 2598; x_wconf 83' lang='grc' dir='ltr'>τοίνυν,</span> <span class='ocrx_word' id='word_1_318' title='bbox 649 2551 670 2585; x_wconf 72' lang='grc' dir='ltr'>ι</span> <span class='ocrx_word' id='word_1_319' title='bbox 721 2534 906 2605; x_wconf 74' lang='grc' dir='ltr'>φησὶν,</span> <span class='ocrx_word' id='word_1_320' title='bbox 961 2553 979 2588; x_wconf 85' lang='grc' dir='ltr'><strong>ι</strong></span> <span class='ocrx_word' id='word_1_321' title='bbox 1023 2534 1240 2608; x_wconf 76' lang='grc' dir='ltr'>Ἰσραὴλ</span> <span class='ocrx_word' id='word_1_322' title='bbox 1303 2535 1400 2592; x_wconf 73' lang='grc' dir='ltr'>καὶ</span> <span class='ocrx_word' id='word_1_323' title='bbox 1457 2537 1678 2602; x_wconf 76' lang='grc' dir='ltr'>Ἰούδας.</span> <span class='ocrx_word' id='word_1_324' title='bbox 1724 2557 1742 2592; x_wconf 77' lang='grc' dir='ltr'><strong>ι</strong></span> 
     </span>
    </p>
   </div>
   <div class='ocr_carea' id='block_1_47' title="bbox 1850 2529 3422 2608">
    <p class='ocr_par' dir='ltr' id='par_1_47' title="bbox 1850 2529 3422 2605">
     <span class='ocr_line' id='line_1_47' title="bbox 1850 2529 3422 2605; baseline -0.01 -9"><span class='ocrx_word' id='word_1_325' title='bbox 1850 2540 2215 2596; x_wconf 86' lang='lat' dir='ltr'><strong>cohibuerint.</strong></span> <span class='ocrx_word' id='word_1_326' title='bbox 2271 2557 2290 2592; x_wconf 84' lang='grc' dir='ltr'><strong>ι</strong></span> <span class='ocrx_word' id='word_1_327' title='bbox 2340 2537 2758 2593; x_wconf 84' lang='lat' dir='ltr'><strong>Contaminatus</strong></span> <span class='ocrx_word' id='word_1_328' title='bbox 2800 2544 2884 2591; x_wconf 92' lang='lat' dir='ltr'><strong>est</strong></span> <span class='ocrx_word' id='word_1_329' title='bbox 2935 2534 3124 2605; x_wconf 84' lang='lat' dir='ltr'><strong>igitur,</strong></span> <span class='ocrx_word' id='word_1_330' title='bbox 3167 2550 3184 2583; x_wconf 82' lang='grc' dir='ltr'>ι</span> <span class='ocrx_word' id='word_1_331' title='bbox 3226 2529 3422 2599; x_wconf 83' lang='lat' dir='ltr'><strong>inquit,</strong></span> 
     </span>
    </p>
   </div>
   <div class='ocr_carea' id='block_1_48' title="bbox 144 2618 1749 2702">
    <p class='ocr_par' dir='ltr' id='par_1_48' title="bbox 144 2625 1749 2702">
     <span class='ocr_line' id='line_1_48' title="bbox 144 2625 1749 2702; baseline 0.006 -24"><span class='ocrx_word' id='word_1_332' title='bbox 144 2625 321 2679; x_wconf 82' lang='grc' dir='ltr'>Ὥστε</span> <span class='ocrx_word' id='word_1_333' title='bbox 356 2627 452 2680; x_wconf 81' lang='grc' dir='ltr'>καὶ</span> <span class='ocrx_word' id='word_1_334' title='bbox 484 2629 538 2681; x_wconf 80' lang='grc' dir='ltr'>ετ</span> <span class='ocrx_word' id='word_1_335' title='bbox 564 2644 619 2680; x_wconf 89' lang='grc' dir='ltr'><strong>τι</strong></span> <span class='ocrx_word' id='word_1_336' title='bbox 653 2626 872 2682; x_wconf 84' lang='grc' dir='ltr'>πάθοιεν</span> <span class='ocrx_word' id='word_1_337' title='bbox 911 2627 1019 2682; x_wconf 86' lang='grc' dir='ltr'>τῶν</span> <span class='ocrx_word' id='word_1_338' title='bbox 1056 2629 1542 2702; x_wconf 84' lang='grc' dir='ltr'>προσδοκωμένων,</span> <span class='ocrx_word' id='word_1_339' title='bbox 1583 2633 1749 2702; x_wconf 76' lang='grc' dir='ltr'>ἐγκα-</span> 
     </span>
    </p>
   </div>
   <div class='ocr_carea' id='block_1_49' title="bbox 1850 2618 3429 2702">
    <p class='ocr_par' dir='ltr' id='par_1_49' title="bbox 1853 2618 3429 2699">
     <span class='ocr_line' id='line_1_49' title="bbox 1853 2618 3429 2699; baseline -0.009 -12"><span class='ocrx_word' id='word_1_340' title='bbox 1853 2653 1873 2686; x_wconf 77' lang='grc' dir='ltr'><strong>ι</strong></span> <span class='ocrx_word' id='word_1_341' title='bbox 1908 2631 2080 2693; x_wconf 85' lang='lat' dir='ltr'><strong>israei</strong></span> <span class='ocrx_word' id='word_1_342' title='bbox 2109 2671 2125 2699; x_wconf 89' lang='lat'><strong>,</strong></span> <span class='ocrx_word' id='word_1_343' title='bbox 2175 2641 2230 2687; x_wconf 89' lang='lat' dir='ltr'><strong>et</strong></span> <span class='ocrx_word' id='word_1_344' title='bbox 2278 2629 2473 2686; x_wconf 67' lang='lat' dir='ltr'><strong>ludas.</strong></span> <span class='ocrx_word' id='word_1_345' title='bbox 2510 2648 2528 2683; x_wconf 80' lang='grc' dir='ltr'><strong>ι</strong></span> <span class='ocrx_word' id='word_1_346' title='bbox 2570 2628 2749 2697; x_wconf 84' lang='lat' dir='ltr'><strong>Quare</strong></span> <span class='ocrx_word' id='word_1_347' title='bbox 2800 2628 2845 2682; x_wconf 88' lang='lat' dir='ltr'><strong>si</strong></span> <span class='ocrx_word' id='word_1_348' title='bbox 2898 2625 3025 2697; x_wconf 87' lang='lat' dir='ltr'><strong>quid</strong></span> <span class='ocrx_word' id='word_1_349' title='bbox 3071 2625 3236 2697; x_wconf 84' lang='lat' dir='ltr'><strong>etiam</strong></span> <span class='ocrx_word' id='word_1_350' title='bbox 3280 2618 3429 2691; x_wconf 84' lang='lat' dir='ltr'><strong>passi</strong></span> 
     </span>
    </p>
   </div>
   <div class='ocr_carea' id='block_1_50' title="bbox 143 2717 1749 2796">
    <p class='ocr_par' dir='ltr' id='par_1_50' title="bbox 143 2717 1145 2792">
     <span class='ocr_line' id='line_1_50' title="bbox 143 2717 1145 2792; baseline 0.003 -21"><span class='ocrx_word' id='word_1_351' title='bbox 143 2717 318 2772; x_wconf 85' lang='grc' dir='ltr'>λείτω</span> <span class='ocrx_word' id='word_1_352' title='bbox 357 2718 546 2790; x_wconf 75' lang='grc' dir='ltr'>μηδεὶς</span> <span class='ocrx_word' id='word_1_353' title='bbox 577 2718 975 2789; x_wconf 73' lang='grc' dir='ltr'>ἀγανακτοῦντι</span> <span class='ocrx_word' id='word_1_354' title='bbox 1005 2718 1145 2792; x_wconf 84' lang='grc' dir='ltr'><strong>Θεῷ.</strong></span> 
     </span>
    </p>
   </div>
   <div class='ocr_carea' id='block_1_51' title="bbox 1850 2717 3428 2796">
    <p class='ocr_par' dir='ltr' id='par_1_51' title="bbox 1852 2717 3428 2796">
     <span class='ocr_line' id='line_1_51' title="bbox 1852 2717 3428 2796; baseline -0.009 -15"><span class='ocrx_word' id='word_1_355' title='bbox 1852 2726 2052 2784; x_wconf 84' lang='lat' dir='ltr'><strong>fuerint</strong></span> <span class='ocrx_word' id='word_1_356' title='bbox 2077 2741 2290 2792; x_wconf 90' lang='lat' dir='ltr'><strong>eorum,</strong></span> <span class='ocrx_word' id='word_1_357' title='bbox 2319 2741 2439 2796; x_wconf 74' lang='lat' dir='ltr'><strong>quze</strong></span> <span class='ocrx_word' id='word_1_358' title='bbox 2478 2723 2811 2795; x_wconf 84' lang='lat' dir='ltr'><strong>impendent,</strong></span> <span class='ocrx_word' id='word_1_359' title='bbox 2846 2720 3013 2775; x_wconf 88' lang='lat' dir='ltr'><strong>Deum</strong></span> <span class='ocrx_word' id='word_1_360' title='bbox 3053 2717 3428 2790; x_wconf 75' lang='lat' dir='ltr'><strong>indignantem</strong></span> 
     </span>
    </p>
   </div>
   <div class='ocr_carea' id='block_1_52' title="bbox 1850 2820 2380 2876">
    <p class='ocr_par' dir='ltr' id='par_1_52' title="bbox 1850 2820 2380 2876">
     <span class='ocr_line' id='line_1_52' title="bbox 1850 2820 2380 2876; baseline -0.006 -1"><span class='ocrx_word' id='word_1_361' title='bbox 1850 2835 2010 2876; x_wconf 87' lang='lat' dir='ltr'><strong>nemo</strong></span> <span class='ocrx_word' id='word_1_362' title='bbox 2038 2820 2380 2874; x_wconf 87' lang='lat' dir='ltr'><strong>criminetur.</strong></span> 
     </span>
    </p>
   </div>
   <div class='ocr_carea' id='block_1_53' title="bbox 225 2896 1751 2976">
    <p class='ocr_par' dir='ltr' id='par_1_53' title="bbox 225 2896 1751 2976">
     <span class='ocr_line' id='line_1_53' title="bbox 225 2896 1751 2976; baseline 0.007 -26"><span class='ocrx_word' id='word_1_363' title='bbox 225 2898 448 2968; x_wconf 81' lang='grc' dir='ltr'>Ἀρχου</span> <span class='ocrx_word' id='word_1_364' title='bbox 484 2896 712 2971; x_wconf 75' lang='grc' dir='ltr'>τρυγᾶν</span> <span class='ocrx_word' id='word_1_365' title='bbox 755 2899 992 2966; x_wconf 83' lang='grc' dir='ltr'>σεαυτῷ</span> <span class='ocrx_word' id='word_1_366' title='bbox 1020 2899 1092 2955; x_wconf 76' lang='grc' dir='ltr'>ἐν</span> <span class='ocrx_word' id='word_1_367' title='bbox 1124 2901 1204 2968; x_wconf 86' lang='grc' dir='ltr'>τῷ</span> <span class='ocrx_word' id='word_1_368' title='bbox 1248 2901 1632 2974; x_wconf 67' lang='grc' dir='ltr'>ἐπιστρέφειν</span> <span class='ocrx_word' id='word_1_369' title='bbox 1671 2923 1751 2976; x_wconf 73' lang='grc' dir='ltr'><strong>με</strong></span> 
     </span>
    </p>
   </div>
   <div class='ocr_carea' id='block_1_54' title="bbox 142 2986 1753 3064">
    <p class='ocr_par' dir='ltr' id='par_1_54' title="bbox 142 2986 1753 3064">
     <span class='ocr_line' id='line_1_54' title="bbox 142 2986 1753 3064; baseline 0.007 -24"><span class='ocrx_word' id='word_1_370' title='bbox 142 2986 272 3057; x_wconf 73' lang='grc' dir='ltr'><strong>τὴν</strong></span> <span class='ocrx_word' id='word_1_371' title='bbox 296 2990 716 3058; x_wconf 68' lang='grc' dir='ltr'>αἰχμαλωσίαν</span> <span class='ocrx_word' id='word_1_372' title='bbox 750 2991 859 3047; x_wconf 83' lang='grc' dir='ltr'>τοῦ</span> <span class='ocrx_word' id='word_1_373' title='bbox 885 2993 1040 3049; x_wconf 71' lang='grc' dir='ltr'>λαοῦ</span> <span class='ocrx_word' id='word_1_374' title='bbox 1060 3010 1202 3064; x_wconf 83' lang='grc' dir='ltr'>μου,</span> <span class='ocrx_word' id='word_1_375' title='bbox 1243 2993 1314 3050; x_wconf 80' lang='grc' dir='ltr'><strong>ἐν</strong></span> <span class='ocrx_word' id='word_1_376' title='bbox 1355 2993 1436 3062; x_wconf 83' lang='grc' dir='ltr'>τῷ</span> <span class='ocrx_word' id='word_1_377' title='bbox 1463 2997 1753 3053; x_wconf 76' lang='grc' dir='ltr'>ἰάσασθαί</span> 
     </span>
    </p>
   </div>
   <div class='ocr_carea' id='block_1_55' title="bbox 141 3077 665 3150">
    <p class='ocr_par' dir='ltr' id='par_1_55' title="bbox 141 3077 665 3150">
     <span class='ocr_line' id='line_1_55' title="bbox 141 3077 665 3150; baseline 0.01 -19"><span class='ocrx_word' id='word_1_378' title='bbox 141 3096 224 3148; x_wconf 81' lang='grc' dir='ltr'><strong>με</strong></span> <span class='ocrx_word' id='word_1_379' title='bbox 255 3077 368 3133; x_wconf 73' lang='grc' dir='ltr'><strong>τὸν</strong></span> <span class='ocrx_word' id='word_1_380' title='bbox 403 3079 665 3150; x_wconf 67' lang='grc' dir='ltr'>Ἰσραήλ.</span> 
     </span>
    </p>
   </div>
   <div class='ocr_carea' id='block_1_56' title="bbox 221 3169 1755 3249">
    <p class='ocr_par' dir='ltr' id='par_1_56' title="bbox 221 3169 1755 3249">
     <span class='ocr_line' id='line_1_56' title="bbox 221 3169 1755 3249; baseline 0.007 -26"><span class='ocrx_word' id='word_1_381' title='bbox 221 3170 350 3224; x_wconf 66' lang='grc' dir='ltr'><strong>ΞΘθ.</strong></span> <span class='ocrx_word' id='word_1_382' title='bbox 388 3169 548 3226; x_wconf 83' lang='grc' dir='ltr'>Ἔστι</span> <span class='ocrx_word' id='word_1_383' title='bbox 586 3171 749 3227; x_wconf 81' lang='grc' dir='ltr'>πάλιν</span> <span class='ocrx_word' id='word_1_384' title='bbox 768 3173 800 3227; x_wconf 81' lang='grc' dir='ltr'>ὁ</span> <span class='ocrx_word' id='word_1_385' title='bbox 825 3172 987 3245; x_wconf 80' lang='grc' dir='ltr'>λόγος</span> <span class='ocrx_word' id='word_1_386' title='bbox 1020 3176 1161 3249; x_wconf 83' lang='grc' dir='ltr'>πρὸς</span> <span class='ocrx_word' id='word_1_387' title='bbox 1182 3177 1275 3233; x_wconf 85' lang='grc' dir='ltr'><strong>τδν</strong></span> <span class='ocrx_word' id='word_1_388' title='bbox 1306 3180 1405 3249; x_wconf 84' lang='grc' dir='ltr'>τῆς</span> <span class='ocrx_word' id='word_1_389' title='bbox 1435 3177 1648 3234; x_wconf 76' lang='grc' dir='ltr'>Γαλαὰδ</span> <span class='ocrx_word' id='word_1_390' title='bbox 1677 3182 1755 3233; x_wconf 83' lang='grc' dir='ltr'><strong>οἰ-</strong></span> 
     </span>
    </p>
   </div>
   <div class='ocr_carea' id='block_1_57' title="bbox 145 3261 1754 3342">
    <p class='ocr_par' dir='ltr' id='par_1_57' title="bbox 145 3261 1754 3342">
     <span class='ocr_line' id='line_1_57' title="bbox 145 3261 1754 3342; baseline 0.006 -27"><span class='ocrx_word' id='word_1_391' title='bbox 145 3263 388 3334; x_wconf 78' lang='grc' dir='ltr'>κήτορα.</span> <span class='ocrx_word' id='word_1_392' title='bbox 425 3263 675 3318; x_wconf 82' lang='grc' dir='ltr'><strong>Διδάσκει</strong></span> <span class='ocrx_word' id='word_1_393' title='bbox 710 3263 786 3333; x_wconf 85' lang='grc' dir='ltr'>δὲ,</span> <span class='ocrx_word' id='word_1_394' title='bbox 812 3266 896 3320; x_wconf 81' lang='grc' dir='ltr'><strong>δτι</strong></span> <span class='ocrx_word' id='word_1_395' title='bbox 937 3265 1080 3337; x_wconf 79' lang='grc' dir='ltr'>Ἐγὼ</span> <span class='ocrx_word' id='word_1_396' title='bbox 1113 3267 1211 3340; x_wconf 83' lang='grc' dir='ltr'>μὲν</span> <span class='ocrx_word' id='word_1_397' title='bbox 1241 3261 1497 3342; x_wconf 64' lang='grc' dir='ltr'>ἠρξάμην</span> <span class='ocrx_word' id='word_1_398' title='bbox 1517 3271 1592 3334; x_wconf 83' lang='grc' dir='ltr'>ὡς</span> <span class='ocrx_word' id='word_1_399' title='bbox 1623 3271 1754 3336; x_wconf 85' lang='grc' dir='ltr'>Θεδς</span> 
     </span>
    </p>
   </div>
   <div class='ocr_carea' id='block_1_58' title="bbox 1923 2905 3433 2978">
    <p class='ocr_par' dir='ltr' id='par_1_58' title="bbox 1923 2905 3433 2978">
     <span class='ocr_line' id='line_1_58' title="bbox 1923 2905 3433 2978; baseline -0.009 -12"><span class='ocrx_word' id='word_1_400' title='bbox 1923 2909 2088 2966; x_wconf 67' lang='lat' dir='ltr'><strong>Vens.</strong></span> <span class='ocrx_word' id='word_1_401' title='bbox 2127 2910 2210 2963; x_wconf 88' lang='lat' dir='ltr'><strong>ll.</strong></span> <span class='ocrx_word' id='word_1_402' title='bbox 2243 2907 2424 2978; x_wconf 76' lang='lat' dir='ltr'><strong>Incipe</strong></span> <span class='ocrx_word' id='word_1_403' title='bbox 2454 2907 2774 2964; x_wconf 83' lang='lat' dir='ltr'><strong>viudemiare</strong></span> <span class='ocrx_word' id='word_1_404' title='bbox 2804 2905 2905 2959; x_wconf 77' lang='lat' dir='ltr'><strong>tibi</strong></span> <span class='ocrx_word' id='word_1_405' title='bbox 2921 2919 3044 2958; x_wconf 85' lang='lat' dir='ltr'><strong>cum</strong></span> <span class='ocrx_word' id='word_1_406' title='bbox 3076 2909 3318 2956; x_wconf 81' lang='lat' dir='ltr'><strong>converto</strong></span> <span class='ocrx_word' id='word_1_407' title='bbox 3337 2913 3433 2970; x_wconf 82' lang='lat' dir='ltr'><strong>ego</strong></span> 
     </span>
    </p>
   </div>
   <div class='ocr_carea' id='block_1_59' title="bbox 1852 2995 3215 3072">
    <p class='ocr_par' dir='ltr' id='par_1_59' title="bbox 1852 2995 3215 3072">
     <span class='ocr_line' id='line_1_59' title="bbox 1852 2995 3215 3072; baseline -0.006 -14"><span class='ocrx_word' id='word_1_408' title='bbox 1852 3004 2206 3072; x_wconf 64' lang='lat' dir='ltr'><strong>captivitatem</strong></span> <span class='ocrx_word' id='word_1_409' title='bbox 2230 3000 2414 3072; x_wconf 81' lang='lat' dir='ltr'><strong>populi</strong></span> <span class='ocrx_word' id='word_1_410' title='bbox 2440 3001 2564 3064; x_wconf 87' lang='lat' dir='ltr'><strong>mei,</strong></span> <span class='ocrx_word' id='word_1_411' title='bbox 2599 3016 2722 3054; x_wconf 81' lang='lat' dir='ltr'><strong>cum</strong></span> <span class='ocrx_word' id='word_1_412' title='bbox 2747 3015 2877 3054; x_wconf 83' lang='lat' dir='ltr'><strong>sano</strong></span> <span class='ocrx_word' id='word_1_413' title='bbox 2904 3013 2996 3066; x_wconf 84' lang='lat' dir='ltr'><strong>ego</strong></span> <span class='ocrx_word' id='word_1_414' title='bbox 3026 2995 3215 3050; x_wconf 77' lang='lat' dir='ltr'><strong>Israel.</strong></span> 
     </span>
    </p>
   </div>
   <div class='ocr_carea' id='block_1_60' title="bbox 1923 3170 3436 3236">
    <p class='ocr_par' dir='ltr' id='par_1_60' title="bbox 1923 3170 3436 3236">
     <span class='ocr_line' id='line_1_60' title="bbox 1923 3170 3436 3236; baseline -0.006 -1"><span class='ocrx_word' id='word_1_415' title='bbox 1923 3179 2112 3235; x_wconf 81' lang='lat' dir='ltr'><strong>LXIX.</strong></span> <span class='ocrx_word' id='word_1_416' title='bbox 2145 3179 2339 3236; x_wconf 83' lang='lat' dir='ltr'><strong>Sermo</strong></span> <span class='ocrx_word' id='word_1_417' title='bbox 2368 3192 2556 3234; x_wconf 88' lang='lat' dir='ltr'><strong>rursus</strong></span> <span class='ocrx_word' id='word_1_418' title='bbox 2597 3176 2666 3232; x_wconf 88' lang='lat' dir='ltr'><strong>ad</strong></span> <span class='ocrx_word' id='word_1_419' title='bbox 2713 3174 3073 3231; x_wconf 86' lang='lat' dir='ltr'><strong>habitatorem</strong></span> <span class='ocrx_word' id='word_1_420' title='bbox 3112 3171 3318 3228; x_wconf 86' lang='lat' dir='ltr'><strong>Galaad</strong></span> <span class='ocrx_word' id='word_1_421' title='bbox 3352 3170 3436 3226; x_wconf 78' lang='lat' dir='ltr'><strong>di—</strong></span> 
     </span>
    </p>
   </div>
   <div class='ocr_carea' id='block_1_61' title="bbox 1857 3266 3436 3344">
    <p class='ocr_par' dir='ltr' id='par_1_61' title="bbox 1857 3266 3436 3344">
     <span class='ocr_line' id='line_1_61' title="bbox 1857 3266 3436 3344; baseline -0.006 -17"><span class='ocrx_word' id='word_1_422' title='bbox 1857 3274 2050 3344; x_wconf 89' lang='lat' dir='ltr'><strong>rigitur</strong></span> <span class='ocrx_word' id='word_1_423' title='bbox 2097 3273 2198 3328; x_wconf 87' lang='lat' dir='ltr'><strong>hac</strong></span> <span class='ocrx_word' id='word_1_424' title='bbox 2235 3271 2525 3326; x_wconf 88' lang='lat' dir='ltr'><strong>sententia.</strong></span> <span class='ocrx_word' id='word_1_425' title='bbox 2568 3270 2680 3341; x_wconf 88' lang='lat' dir='ltr'><strong>Ego</strong></span> <span class='ocrx_word' id='word_1_426' title='bbox 2733 3269 2949 3340; x_wconf 86' lang='lat' dir='ltr'><strong>quidem</strong></span> <span class='ocrx_word' id='word_1_427' title='bbox 2996 3266 3136 3336; x_wconf 85' lang='lat' dir='ltr'><strong>coepi</strong></span> <span class='ocrx_word' id='word_1_428' title='bbox 3179 3275 3436 3335; x_wconf 85' lang='lat' dir='ltr'><strong>tanquam</strong></span> 
     </span>
    </p>
   </div>
   <div class='ocr_carea' id='block_1_62' title="bbox 147 3354 1749 3433">
    <p class='ocr_par' dir='ltr' id='par_1_62' title="bbox 147 3354 1749 3433">
     <span class='ocr_line' id='line_1_62' title="bbox 147 3354 1749 3433; baseline 0.006 -26"><span class='ocrx_word' id='word_1_429' title='bbox 147 3354 342 3408; x_wconf 72' lang='grc' dir='ltr'>ἰᾶσθαί</span> <span class='ocrx_word' id='word_1_430' title='bbox 380 3371 442 3408; x_wconf 90' lang='grc' dir='ltr'>τε</span> <span class='ocrx_word' id='word_1_431' title='bbox 492 3357 586 3410; x_wconf 66' lang='grc' dir='ltr'><strong>καὶ⁵</strong></span> <span class='ocrx_word' id='word_1_432' title='bbox 632 3356 986 3430; x_wconf 70' lang='grc' dir='ltr'>ἐπιστρέφειν</span> <span class='ocrx_word' id='word_1_433' title='bbox 1043 3360 1136 3414; x_wconf 82' lang='grc' dir='ltr'>τὸν</span> <span class='ocrx_word' id='word_1_434' title='bbox 1183 3361 1428 3433; x_wconf 73' lang='grc' dir='ltr'>Ἰσραήλ.</span> <span class='ocrx_word' id='word_1_435' title='bbox 1475 3363 1587 3416; x_wconf 72' lang='grc' dir='ltr'><strong>Καὶ</strong></span> <span class='ocrx_word' id='word_1_436' title='bbox 1623 3363 1749 3432; x_wconf 74' lang='grc' dir='ltr'>γοῦν</span> 
     </span>
    </p>
   </div>
   <div class='ocr_carea' id='block_1_63' title="bbox 1850 3354 3438 3433">
    <p class='ocr_par' dir='ltr' id='par_1_63' title="bbox 1861 3355 3438 3427">
     <span class='ocr_line' id='line_1_63' title="bbox 1861 3355 3438 3427; baseline -0.004 -11"><span class='ocrx_word' id='word_1_437' title='bbox 1861 3363 2000 3417; x_wconf 78' lang='lat' dir='ltr'><strong>Deus</strong></span> <span class='ocrx_word' id='word_1_438' title='bbox 2043 3377 2263 3427; x_wconf 87' lang='lat' dir='ltr'><strong>sanare,</strong></span> <span class='ocrx_word' id='word_1_439' title='bbox 2289 3371 2342 3416; x_wconf 88' lang='lat' dir='ltr'><strong>et</strong></span> <span class='ocrx_word' id='word_1_440' title='bbox 2376 3367 2700 3416; x_wconf 86' lang='lat' dir='ltr'><strong>convertere</strong></span> <span class='ocrx_word' id='word_1_441' title='bbox 2731 3357 2918 3414; x_wconf 87' lang='lat' dir='ltr'><strong>israei.</strong></span> <span class='ocrx_word' id='word_1_442' title='bbox 2948 3356 3186 3411; x_wconf 88' lang='lat' dir='ltr'><strong>Proinde</strong></span> <span class='ocrx_word' id='word_1_443' title='bbox 3213 3355 3438 3426; x_wconf 73' lang='lat' dir='ltr'><strong>cupiunt</strong></span> 
     </span>
    </p>
   </div>
   <div class='ocr_carea' id='block_1_64' title="bbox 145 3444 1758 3524">
    <p class='ocr_par' dir='ltr' id='par_1_64' title="bbox 145 3444 1758 3524">
     <span class='ocr_line' id='line_1_64' title="bbox 145 3444 1758 3524; baseline 0.005 -24"><span class='ocrx_word' id='word_1_444' title='bbox 145 3444 472 3518; x_wconf 66' lang='grc' dir='ltr'>ἐπεθύμουν</span> <span class='ocrx_word' id='word_1_445' title='bbox 511 3448 791 3520; x_wconf 77' lang='grc' dir='ltr'>Σικιμῖται</span> <span class='ocrx_word' id='word_1_446' title='bbox 821 3449 1000 3504; x_wconf 75' lang='grc' dir='ltr'>λοιποὶ</span> <span class='ocrx_word' id='word_1_447' title='bbox 1041 3451 1338 3523; x_wconf 76' lang='grc' dir='ltr'>ὑποφέρειν</span> <span class='ocrx_word' id='word_1_448' title='bbox 1383 3452 1502 3524; x_wconf 82' lang='grc' dir='ltr'><strong>Θεῷ</strong></span> <span class='ocrx_word' id='word_1_449' title='bbox 1531 3453 1622 3506; x_wconf 82' lang='grc' dir='ltr'><strong>τδν</strong></span> <span class='ocrx_word' id='word_1_450' title='bbox 1660 3455 1758 3508; x_wconf 81' lang='grc' dir='ltr'><strong>αὑ-</strong></span> 
     </span>
    </p>
   </div>
   <div class='ocr_carea' id='block_1_65' title="bbox 146 3535 1760 3614">
    <p class='ocr_par' dir='ltr' id='par_1_65' title="bbox 146 3535 1760 3614">
     <span class='ocr_line' id='line_1_65' title="bbox 146 3535 1760 3614; baseline 0.004 -24"><span class='ocrx_word' id='word_1_451' title='bbox 146 3535 312 3609; x_wconf 85' lang='grc' dir='ltr'>χένα,</span> <span class='ocrx_word' id='word_1_452' title='bbox 343 3538 440 3591; x_wconf 75' lang='grc' dir='ltr'>καὶ</span> <span class='ocrx_word' id='word_1_453' title='bbox 461 3537 639 3592; x_wconf 88' lang='grc' dir='ltr'>τελεῖν</span> <span class='ocrx_word' id='word_1_454' title='bbox 666 3538 884 3609; x_wconf 73' lang='grc' dir='ltr'>ἑορτὰς,</span> <span class='ocrx_word' id='word_1_455' title='bbox 913 3541 1015 3605; x_wconf 84' lang='grc' dir='ltr'><strong>τὰς</strong></span> <span class='ocrx_word' id='word_1_456' title='bbox 1050 3541 1152 3611; x_wconf 85' lang='grc' dir='ltr'>μὲν</span> <span class='ocrx_word' id='word_1_457' title='bbox 1183 3541 1279 3595; x_wconf 81' lang='grc' dir='ltr'>τοῦ</span> <span class='ocrx_word' id='word_1_458' title='bbox 1317 3541 1603 3614; x_wconf 75' lang='grc' dir='ltr'>Ἰεροϐοὰμ</span> <span class='ocrx_word' id='word_1_459' title='bbox 1632 3545 1760 3596; x_wconf 75' lang='grc' dir='ltr'><strong>οὐκ⁸</strong></span> 
     </span>
    </p>
   </div>
   <div class='ocr_carea' id='block_1_66' title="bbox 147 3627 1760 3702">
    <p class='ocr_par' dir='ltr' id='par_1_66' title="bbox 147 3627 1760 3702">
     <span class='ocr_line' id='line_1_66' title="bbox 147 3627 1760 3702; baseline 0.002 -19"><span class='ocrx_word' id='word_1_460' title='bbox 147 3629 263 3696; x_wconf 84' lang='grc' dir='ltr'>έτι,</span> <span class='ocrx_word' id='word_1_461' title='bbox 287 3627 390 3693; x_wconf 79' lang='grc' dir='ltr'>τὰς</span> <span class='ocrx_word' id='word_1_462' title='bbox 417 3628 563 3683; x_wconf 81' lang='grc' dir='ltr'>κατὰ</span> <span class='ocrx_word' id='word_1_463' title='bbox 586 3629 750 3700; x_wconf 77' lang='grc' dir='ltr'>νόμον</span> <span class='ocrx_word' id='word_1_464' title='bbox 775 3629 833 3684; x_wconf 77' lang='grc' dir='ltr'>δὲ</span> <span class='ocrx_word' id='word_1_465' title='bbox 867 3631 1088 3701; x_wconf 85' lang='grc' dir='ltr'>μᾶλλον,</span> <span class='ocrx_word' id='word_1_466' title='bbox 1115 3633 1210 3686; x_wconf 76' lang='grc' dir='ltr'><strong>καὶ</strong></span> <span class='ocrx_word' id='word_1_467' title='bbox 1236 3631 1338 3702; x_wconf 78' lang='grc' dir='ltr'>τῆς</span> <span class='ocrx_word' id='word_1_468' title='bbox 1363 3633 1464 3686; x_wconf 84' lang='grc' dir='ltr'>οὐκ</span> <span class='ocrx_word' id='word_1_469' title='bbox 1492 3629 1592 3686; x_wconf 76' lang='grc' dir='ltr'>οἷδ’</span> <span class='ocrx_word' id='word_1_470' title='bbox 1611 3634 1760 3696; x_wconf 85' lang='grc' dir='ltr'>ὅπως</span> 
     </span>
    </p>
   </div>
   <div class='ocr_carea' id='block_1_67' title="bbox 146 3716 1760 3793">
    <p class='ocr_par' dir='ltr' id='par_1_67' title="bbox 146 3716 1760 3793">
     <span class='ocr_line' id='line_1_67' title="bbox 146 3716 1760 3793; baseline 0.003 -22"><span class='ocrx_word' id='word_1_471' title='bbox 146 3717 546 3790; x_wconf 72' lang='grc' dir='ltr'>ιξηυρημένης</span> <span class='ocrx_word' id='word_1_472' title='bbox 585 3719 802 3791; x_wconf 78' lang='grc' dir='ltr'>ἀπάτης</span> <span class='ocrx_word' id='word_1_473' title='bbox 841 3720 1202 3793; x_wconf 65' lang='grc' dir='ltr'>ἀποδραμεῖνι</span> <span class='ocrx_word' id='word_1_474' title='bbox 1253 3723 1327 3776; x_wconf 85' lang='grc' dir='ltr'><strong>Σὺ</strong></span> <span class='ocrx_word' id='word_1_475' title='bbox 1361 3722 1419 3776; x_wconf 76' lang='grc' dir='ltr'>δὲ</span> <span class='ocrx_word' id='word_1_476' title='bbox 1453 3723 1680 3788; x_wconf 78' lang='grc' dir='ltr'>αὐτοὺς,</span> <span class='ocrx_word' id='word_1_477' title='bbox 1715 3716 1760 3776; x_wconf 81' lang='grc' dir='ltr'><strong>ὦ</strong></span> 
     </span>
    </p>
   </div>
   <div class='ocr_carea' id='block_1_68' title="bbox 149 3809 1760 3888">
    <p class='ocr_par' dir='ltr' id='par_1_68' title="bbox 149 3809 1760 3888">
     <span class='ocr_line' id='line_1_68' title="bbox 149 3809 1760 3888; baseline 0.002 -24"><span class='ocrx_word' id='word_1_478' title='bbox 149 3809 490 3876; x_wconf 63' lang='grc' dir='ltr'>Γαλααδὴα,</span> <span class='ocrx_word' id='word_1_479' title='bbox 537 3813 819 3883; x_wconf 75' lang='grc' dir='ltr'>μονονουχὶ</span> <span class='ocrx_word' id='word_1_480' title='bbox 847 3814 942 3868; x_wconf 77' lang='grc' dir='ltr'>καὶ</span> <span class='ocrx_word' id='word_1_481' title='bbox 968 3813 1269 3886; x_wconf 81' lang='grc' dir='ltr'>ἁπέκειρας</span> <span class='ocrx_word' id='word_1_482' title='bbox 1286 3855 1301 3880; x_wconf 91' lang='grc'><strong>,</strong></span> <span class='ocrx_word' id='word_1_483' title='bbox 1346 3815 1466 3886; x_wconf 72' lang='grc' dir='ltr'>ἤτοι</span> <span class='ocrx_word' id='word_1_484' title='bbox 1495 3816 1760 3888; x_wconf 58' lang='grc' dir='ltr'>τετρύγητ</span> 
     </span>
    </p>
   </div>
   <div class='ocr_carea' id='block_1_69' title="bbox 150 3901 1757 3980">
    <p class='ocr_par' dir='ltr' id='par_1_69' title="bbox 150 3901 1757 3980">
     <span class='ocr_line' id='line_1_69' title="bbox 150 3901 1757 3980; baseline 0.004 -24"><span class='ocrx_word' id='word_1_485' title='bbox 150 3919 286 3968; x_wconf 85' lang='grc' dir='ltr'>κας,</span> <span class='ocrx_word' id='word_1_486' title='bbox 319 3902 416 3956; x_wconf 77' lang='grc' dir='ltr'>καὶ</span> <span class='ocrx_word' id='word_1_487' title='bbox 460 3901 690 3958; x_wconf 80' lang='grc' dir='ltr'>πλοῦτον</span> <span class='ocrx_word' id='word_1_488' title='bbox 720 3905 907 3960; x_wconf 81' lang='grc' dir='ltr'>ἄδικον</span> <span class='ocrx_word' id='word_1_489' title='bbox 933 3906 1177 3978; x_wconf 73' lang='grc' dir='ltr'>ἐποιήσω</span> <span class='ocrx_word' id='word_1_490' title='bbox 1217 3906 1287 3961; x_wconf 77' lang='grc' dir='ltr'>τὰ</span> <span class='ocrx_word' id='word_1_491' title='bbox 1323 3906 1432 3961; x_wconf 81' lang='grc' dir='ltr'><strong>ἀπὸ</strong></span> <span class='ocrx_word' id='word_1_492' title='bbox 1482 3907 1757 3980; x_wconf 79' lang='grc' dir='ltr'>λῃστείας.</span> 
     </span>
    </p>
   </div>
   <div class='ocr_carea' id='block_1_70' title="bbox 165 3996 1763 4073">
    <p class='ocr_par' dir='ltr' id='par_1_70' title="bbox 165 3996 1763 4073">
     <span class='ocr_line' id='line_1_70' title="bbox 165 3996 1763 4073; baseline 0.004 -25"><span class='ocrx_word' id='word_1_493' title='bbox 165 3996 482 4066; x_wconf 79' lang='grc' dir='ltr'>Ἐπιφωνεῖ</span> <span class='ocrx_word' id='word_1_494' title='bbox 520 3996 578 4050; x_wconf 79' lang='grc' dir='ltr'>δὲ</span> <span class='ocrx_word' id='word_1_495' title='bbox 625 3997 789 4052; x_wconf 82' lang='grc' dir='ltr'>πάλιν</span> <span class='ocrx_word' id='word_1_496' title='bbox 842 4000 901 4052; x_wconf 84' lang='grc' dir='ltr'><strong>έν</strong></span> <span class='ocrx_word' id='word_1_497' title='bbox 944 3998 1064 4070; x_wconf 60' lang='lat' dir='ltr'><strong>seu</strong></span> <span class='ocrx_word' id='word_1_498' title='bbox 1112 4000 1196 4064; x_wconf 82' lang='grc' dir='ltr'>τὸ,</span> <span class='ocrx_word' id='word_1_499' title='bbox 1242 4017 1261 4050; x_wconf 81' lang='grc' dir='ltr'><strong>ι</strong></span> <span class='ocrx_word' id='word_1_500' title='bbox 1294 4000 1498 4072; x_wconf 79' lang='grc' dir='ltr'>Ἀρχου</span> <span class='ocrx_word' id='word_1_501' title='bbox 1554 4003 1763 4073; x_wconf 79' lang='grc' dir='ltr'>τρυγᾷν</span> 
     </span>
    </p>
   </div>
   <div class='ocr_carea' id='block_1_71' title="bbox 155 4085 1763 4162">
    <p class='ocr_par' dir='ltr' id='par_1_71' title="bbox 155 4085 1763 4162">
     <span class='ocr_line' id='line_1_71' title="bbox 155 4085 1763 4162; baseline 0.004 -23"><span class='ocrx_word' id='word_1_502' title='bbox 155 4085 411 4158; x_wconf 81' lang='grc' dir='ltr'>σεαυτῷ,</span> <span class='ocrx_word' id='word_1_503' title='bbox 437 4105 456 4139; x_wconf 76' lang='grc' dir='ltr'><strong>ι</strong></span> <span class='ocrx_word' id='word_1_504' title='bbox 507 4089 792 4159; x_wconf 77' lang='grc' dir='ltr'>μονονουχὶ</span> <span class='ocrx_word' id='word_1_505' title='bbox 844 4087 1085 4144; x_wconf 81' lang='grc' dir='ltr'>τοιοῦτόν</span> <span class='ocrx_word' id='word_1_506' title='bbox 1129 4107 1184 4144; x_wconf 92' lang='grc' dir='ltr'>τι</span> <span class='ocrx_word' id='word_1_507' title='bbox 1229 4089 1424 4160; x_wconf 83' lang='grc' dir='ltr'>λέγων,</span> <span class='ocrx_word' id='word_1_508' title='bbox 1477 4091 1676 4162; x_wconf 86' lang='grc' dir='ltr'>μᾶλλον</span> <span class='ocrx_word' id='word_1_509' title='bbox 1707 4091 1763 4146; x_wconf 81' lang='grc' dir='ltr'>δὲ</span> 
     </span>
    </p>
   </div>
   <div class='ocr_carea' id='block_1_72' title="bbox 153 4180 1765 4255">
    <p class='ocr_par' dir='ltr' id='par_1_72' title="bbox 153 4180 1765 4255">
     <span class='ocr_line' id='line_1_72' title="bbox 153 4180 1765 4255; baseline 0.004 -21"><span class='ocrx_word' id='word_1_510' title='bbox 153 4180 268 4234; x_wconf 70' lang='grc' dir='ltr'>κᾶν</span> <span class='ocrx_word' id='word_1_511' title='bbox 314 4182 366 4233; x_wconf 82' lang='grc' dir='ltr'><strong>εί</strong></span> <span class='ocrx_word' id='word_1_512' title='bbox 409 4181 486 4253; x_wconf 77' lang='grc' dir='ltr'>μὴ</span> <span class='ocrx_word' id='word_1_513' title='bbox 517 4180 686 4250; x_wconf 84' lang='grc' dir='ltr'>λέγοι,</span> <span class='ocrx_word' id='word_1_514' title='bbox 716 4181 931 4247; x_wconf 83' lang='grc' dir='ltr'>λεπτῶς</span> <span class='ocrx_word' id='word_1_515' title='bbox 973 4183 1352 4255; x_wconf 79' lang='grc' dir='ltr'>ὑπεμφαίνων,</span> <span class='ocrx_word' id='word_1_516' title='bbox 1381 4186 1464 4239; x_wconf 82' lang='grc' dir='ltr'>ὅτι</span> <span class='ocrx_word' id='word_1_517' title='bbox 1499 4184 1672 4255; x_wconf 83' lang='grc' dir='ltr'>Κάγὼ</span> <span class='ocrx_word' id='word_1_518' title='bbox 1703 4185 1765 4239; x_wconf 77' lang='grc' dir='ltr'>σὲ</span> 
     </span>
    </p>
   </div>
   <div class='ocr_carea' id='block_1_73' title="bbox 151 4273 1765 4350">
    <p class='ocr_par' dir='ltr' id='par_1_73' title="bbox 151 4273 1765 4350">
     <span class='ocr_line' id='line_1_73' title="bbox 151 4273 1765 4350; baseline 0.004 -24"><span class='ocrx_word' id='word_1_519' title='bbox 151 4274 472 4345; x_wconf 80' lang='grc' dir='ltr'>ποιήσομαι</span> <span class='ocrx_word' id='word_1_520' title='bbox 504 4274 614 4329; x_wconf 85' lang='grc' dir='ltr'>τῶν</span> <span class='ocrx_word' id='word_1_521' title='bbox 648 4273 1034 4347; x_wconf 81' lang='grc' dir='ltr'>κολαζομένων</span> <span class='ocrx_word' id='word_1_522' title='bbox 1070 4277 1168 4349; x_wconf 82' lang='grc' dir='ltr'>τὴν</span> <span class='ocrx_word' id='word_1_523' title='bbox 1199 4279 1397 4350; x_wconf 77' lang='grc' dir='ltr'>ἀρχὴν.</span> <span class='ocrx_word' id='word_1_524' title='bbox 1437 4277 1765 4350; x_wconf 80' lang='grc' dir='ltr'>Ἀρχόμενος</span> 
     </span>
    </p>
   </div>
   <div class='ocr_carea' id='block_1_74' title="bbox 154 4363 1766 4439">
    <p class='ocr_par' dir='ltr' id='par_1_74' title="bbox 154 4363 1766 4439">
     <span class='ocr_line' id='line_1_74' title="bbox 154 4363 1766 4439; baseline 0.001 -21"><span class='ocrx_word' id='word_1_525' title='bbox 154 4363 277 4436; x_wconf 71' lang='grc' dir='ltr'><strong>γὰρ</strong></span> <span class='ocrx_word' id='word_1_526' title='bbox 307 4364 626 4437; x_wconf 76' lang='grc' dir='ltr'>ἀποκείρειν</span> <span class='ocrx_word' id='word_1_527' title='bbox 649 4364 741 4418; x_wconf 81' lang='grc' dir='ltr'>τὸν</span> <span class='ocrx_word' id='word_1_528' title='bbox 780 4366 1016 4437; x_wconf 83' lang='grc' dir='ltr'>Ἰσραὴλ,</span> <span class='ocrx_word' id='word_1_529' title='bbox 1049 4368 1144 4420; x_wconf 72' lang='grc' dir='ltr'>καὶ</span> <span class='ocrx_word' id='word_1_530' title='bbox 1171 4369 1490 4439; x_wconf 80' lang='grc' dir='ltr'>ἁποτρυγᾷν</span> <span class='ocrx_word' id='word_1_531' title='bbox 1513 4369 1638 4432; x_wconf 80' lang='grc' dir='ltr'>τοὺς</span> <span class='ocrx_word' id='word_1_532' title='bbox 1665 4370 1766 4438; x_wconf 81' lang='grc' dir='ltr'>τῆς</span> 
     </span>
    </p>
   </div>
   <div class='ocr_carea' id='block_1_75' title="bbox 151 4452 1764 4531">
    <p class='ocr_par' dir='ltr' id='par_1_75' title="bbox 151 4452 1764 4531">
     <span class='ocr_line' id='line_1_75' title="bbox 151 4452 1764 4531; baseline 0.002 -22"><span class='ocrx_word' id='word_1_533' title='bbox 151 4452 317 4509; x_wconf 72' lang='grc' dir='ltr'>οὕτω</span> <span class='ocrx_word' id='word_1_534' title='bbox 351 4453 532 4525; x_wconf 81' lang='grc' dir='ltr'>δεινῆς</span> <span class='ocrx_word' id='word_1_535' title='bbox 563 4454 908 4527; x_wconf 83' lang='grc' dir='ltr'>ἀνοσιότητος</span> <span class='ocrx_word' id='word_1_536' title='bbox 932 4456 1314 4528; x_wconf 76' lang='grc' dir='ltr'>ἐπιτηδευτὰς,</span> <span class='ocrx_word' id='word_1_537' title='bbox 1340 4457 1669 4531; x_wconf 86' lang='grc' dir='ltr'>πρωτόλειόν</span> <span class='ocrx_word' id='word_1_538' title='bbox 1704 4475 1764 4512; x_wconf 86' lang='grc' dir='ltr'>σε</span> 
     </span>
    </p>
   </div>
   <div class='ocr_carea' id='block_1_76' title="bbox 158 4547 1764 4621">
    <p class='ocr_par' dir='ltr' id='par_1_76' title="bbox 158 4547 1764 4621">
     <span class='ocr_line' id='line_1_76' title="bbox 158 4547 1764 4621; baseline 0.002 -20"><span class='ocrx_word' id='word_1_539' title='bbox 158 4548 472 4617; x_wconf 77' lang='grc' dir='ltr'>ποιήσομαι</span> <span class='ocrx_word' id='word_1_540' title='bbox 515 4547 616 4618; x_wconf 84' lang='grc' dir='ltr'>τῆς</span> <span class='ocrx_word' id='word_1_541' title='bbox 659 4547 850 4619; x_wconf 76' lang='grc' dir='ltr'>ὀργῆς.</span> <span class='ocrx_word' id='word_1_542' title='bbox 893 4548 1106 4602; x_wconf 78' lang='grc' dir='ltr'>Είδέναι</span> <span class='ocrx_word' id='word_1_543' title='bbox 1153 4548 1264 4621; x_wconf 84' lang='grc' dir='ltr'>γὰρ</span> <span class='ocrx_word' id='word_1_544' title='bbox 1306 4551 1632 4618; x_wconf 79' lang='grc' dir='ltr'>ἀναγκαῖον,</span> <span class='ocrx_word' id='word_1_545' title='bbox 1681 4551 1764 4605; x_wconf 86' lang='grc' dir='ltr'><strong>ὅτι</strong></span> 
     </span>
    </p>
   </div>
   <div class='ocr_carea' id='block_1_77' title="bbox 156 4634 1763 4712">
    <p class='ocr_par' dir='ltr' id='par_1_77' title="bbox 156 4634 1763 4712">
     <span class='ocr_line' id='line_1_77' title="bbox 156 4634 1763 4712; baseline 0.002 -21"><span class='ocrx_word' id='word_1_546' title='bbox 156 4636 382 4700; x_wconf 67' lang='grc' dir='ltr'>Φούλας</span> <span class='ocrx_word' id='word_1_547' title='bbox 406 4634 661 4707; x_wconf 78' lang='grc' dir='ltr'>βασιλεὺς</span> <span class='ocrx_word' id='word_1_548' title='bbox 693 4637 1018 4706; x_wconf 79' lang='grc' dir='ltr'>’Δσσυρίων,</span> <span class='ocrx_word' id='word_1_549' title='bbox 1043 4639 1072 4692; x_wconf 86' lang='grc' dir='ltr'>ὀ</span> <span class='ocrx_word' id='word_1_550' title='bbox 1097 4639 1316 4712; x_wconf 83' lang='grc' dir='ltr'>πρῶτος</span> <span class='ocrx_word' id='word_1_551' title='bbox 1341 4639 1514 4694; x_wconf 77' lang='grc' dir='ltr'>ἐλθὼν</span> <span class='ocrx_word' id='word_1_552' title='bbox 1537 4641 1681 4696; x_wconf 86' lang='grc' dir='ltr'>κατά</span> <span class='ocrx_word' id='word_1_553' title='bbox 1703 4657 1763 4695; x_wconf 85' lang='grc' dir='ltr'>τε</span> 
     </span>
    </p>
   </div>
   <div class='ocr_carea' id='block_1_78' title="bbox 158 4727 1749 4804">
    <p class='ocr_par' dir='ltr' id='par_1_78' title="bbox 158 4730 1749 4804">
     <span class='ocr_line' id='line_1_78' title="bbox 158 4730 1749 4804; baseline 0.001 -22"><span class='ocrx_word' id='word_1_554' title='bbox 158 4731 264 4800; x_wconf 83' lang='grc' dir='ltr'>τῆς</span> <span class='ocrx_word' id='word_1_555' title='bbox 293 4730 733 4801; x_wconf 71' lang='grc' dir='ltr'>Σαμαρείαςκαῐ</span> <span class='ocrx_word' id='word_1_556' title='bbox 759 4730 858 4784; x_wconf 81' lang='grc' dir='ltr'><strong>τοῦ</strong></span> <span class='ocrx_word' id='word_1_557' title='bbox 911 4731 1150 4803; x_wconf 82' lang='grc' dir='ltr'>Ἰσραὴλ,</span> <span class='ocrx_word' id='word_1_558' title='bbox 1184 4730 1406 4804; x_wconf 79' lang='grc' dir='ltr'>πρώτας</span> <span class='ocrx_word' id='word_1_559' title='bbox 1429 4732 1749 4804; x_wconf 67' lang='grc' dir='ltr'>ἁπεκόμισει</span> 
     </span>
    </p>
   </div>
   <div class='ocr_carea' id='block_1_79' title="bbox 1850 4727 3573 4804">
    <p class='ocr_par' dir='ltr' id='par_1_79' title="bbox 1872 4727 3573 4798">
     <span class='ocr_line' id='line_1_79' title="bbox 1872 4727 3573 4798; baseline -0.009 0"><span class='ocrx_word' id='word_1_560' title='bbox 1872 4740 2093 4798; x_wconf 78' lang='lat' dir='ltr'><strong>duxisse</strong></span> <span class='ocrx_word' id='word_1_561' title='bbox 2143 4737 2319 4793; x_wconf 90' lang='lat' dir='ltr'><strong>tribus</strong></span> <span class='ocrx_word' id='word_1_562' title='bbox 2352 4746 2501 4791; x_wconf 86' lang='lat' dir='ltr'><strong>trans</strong></span> <span class='ocrx_word' id='word_1_563' title='bbox 2552 4733 2851 4789; x_wconf 80' lang='lat' dir='ltr'><strong>Jordancm</strong></span> <span class='ocrx_word' id='word_1_564' title='bbox 2886 4743 2941 4788; x_wconf 89' lang='lat' dir='ltr'><strong>et</strong></span> <span class='ocrx_word' id='word_1_565' title='bbox 2975 4746 3043 4786; x_wconf 83' lang='lat' dir='ltr'><strong>ex</strong></span> <span class='ocrx_word' id='word_1_566' title='bbox 3076 4730 3301 4785; x_wconf 83' lang='lat' dir='ltr'><strong>urbibus</strong></span> <span class='ocrx_word' id='word_1_567' title='bbox 3343 4727 3454 4784; x_wconf 86' lang='lat' dir='ltr'><strong>illis</strong></span> <span class='ocrx_word' id='word_1_568' title='bbox 3564 4759 3573 4767; x_wconf 88' lang='lat'><strong>-</strong></span> 
     </span>
    </p>
   </div>
   <div class='ocr_carea' id='block_1_80' title="bbox 159 4822 1760 4895">
    <p class='ocr_par' dir='ltr' id='par_1_80' title="bbox 159 4822 1760 4895">
     <span class='ocr_line' id='line_1_80' title="bbox 159 4822 1760 4895; baseline 0.003 -21"><span class='ocrx_word' id='word_1_569' title='bbox 159 4823 244 4886; x_wconf 78' lang='grc' dir='ltr'><strong>είς</strong></span> <span class='ocrx_word' id='word_1_570' title='bbox 297 4822 681 4892; x_wconf 73' lang='grc' dir='ltr'>αἰχμαλωσίαν</span> <span class='ocrx_word' id='word_1_571' title='bbox 717 4822 818 4888; x_wconf 74' lang='grc' dir='ltr'><strong>τὰς</strong></span> <span class='ocrx_word' id='word_1_572' title='bbox 872 4823 1046 4894; x_wconf 79' lang='grc' dir='ltr'>πέραν</span> <span class='ocrx_word' id='word_1_573' title='bbox 1090 4823 1185 4877; x_wconf 80' lang='grc' dir='ltr'><strong>τοῦ</strong></span> <span class='ocrx_word' id='word_1_574' title='bbox 1245 4823 1510 4893; x_wconf 73' lang='grc' dir='ltr'>Ἰορδάνου</span> <span class='ocrx_word' id='word_1_575' title='bbox 1563 4824 1760 4895; x_wconf 81' lang='grc' dir='ltr'>φυλάς.</span> 
     </span>
    </p>
   </div>
   <div class='ocr_carea' id='block_1_81' title="bbox 1864 3450 3436 3520">
    <p class='ocr_par' dir='ltr' id='par_1_81' title="bbox 1864 3450 3436 3520">
     <span class='ocr_line' id='line_1_81' title="bbox 1864 3450 3436 3520; baseline -0.004 -14"><span class='ocrx_word' id='word_1_576' title='bbox 1864 3453 2162 3508; x_wconf 63' lang='grc' dir='ltr'>ὃίυίιὶιιιὶιω</span> <span class='ocrx_word' id='word_1_577' title='bbox 2188 3453 2253 3507; x_wconf 89' lang='lat' dir='ltr'><strong>de</strong></span> <span class='ocrx_word' id='word_1_578' title='bbox 2289 3462 2490 3506; x_wconf 70' lang='lat' dir='ltr'><strong>cmtero</strong></span> <span class='ocrx_word' id='word_1_579' title='bbox 2526 3450 2798 3520; x_wconf 81' lang='lat' dir='ltr'><strong>subjicere</strong></span> <span class='ocrx_word' id='word_1_580' title='bbox 2827 3450 2937 3506; x_wconf 88' lang='lat' dir='ltr'><strong>Deo</strong></span> <span class='ocrx_word' id='word_1_581' title='bbox 2969 3450 3234 3512; x_wconf 83' lang='lat' dir='ltr'><strong>cervices,</strong></span> <span class='ocrx_word' id='word_1_582' title='bbox 3265 3457 3320 3501; x_wconf 94' lang='lat' dir='ltr'><strong>et</strong></span> <span class='ocrx_word' id='word_1_583' title='bbox 3345 3451 3436 3502; x_wconf 57' lang='lat' dir='ltr'><strong>ceé-</strong></span> 
     </span>
    </p>
   </div>
   <div class='ocr_carea' id='block_1_82' title="bbox 1861 3534 3440 3611">
    <p class='ocr_par' dir='ltr' id='par_1_82' title="bbox 1861 3534 3440 3611">
     <span class='ocr_line' id='line_1_82' title="bbox 1861 3534 3440 3611; baseline -0.004 -14"><span class='ocrx_word' id='word_1_584' title='bbox 1861 3543 2072 3599; x_wconf 84' lang='lat' dir='ltr'><strong>lebrare</strong></span> <span class='ocrx_word' id='word_1_585' title='bbox 2101 3543 2218 3598; x_wconf 87' lang='lat' dir='ltr'><strong>dies</strong></span> <span class='ocrx_word' id='word_1_586' title='bbox 2271 3541 2456 3607; x_wconf 77' lang='lat' dir='ltr'><strong>festos,</strong></span> <span class='ocrx_word' id='word_1_587' title='bbox 2491 3557 2599 3596; x_wconf 91' lang='lat' dir='ltr'><strong>non</strong></span> <span class='ocrx_word' id='word_1_588' title='bbox 2652 3539 2884 3611; x_wconf 86' lang='lat' dir='ltr'><strong>amplius</strong></span> <span class='ocrx_word' id='word_1_589' title='bbox 2919 3541 3135 3610; x_wconf 85' lang='lat' dir='ltr'><strong>quidem</strong></span> <span class='ocrx_word' id='word_1_590' title='bbox 3184 3538 3252 3594; x_wconf 89' lang='lat' dir='ltr'><strong>ab</strong></span> <span class='ocrx_word' id='word_1_591' title='bbox 3284 3534 3440 3592; x_wconf 84' lang='lat' dir='ltr'><strong>Jero-</strong></span> 
     </span>
    </p>
   </div>
   <div class='ocr_carea' id='block_1_83' title="bbox 1860 3624 3438 3700">
    <p class='ocr_par' dir='ltr' id='par_1_83' title="bbox 1860 3624 3438 3700">
     <span class='ocr_line' id='line_1_83' title="bbox 1860 3624 3438 3700; baseline -0.006 -11"><span class='ocrx_word' id='word_1_592' title='bbox 1860 3636 2020 3689; x_wconf 85' lang='lat' dir='ltr'><strong>boam</strong></span> <span class='ocrx_word' id='word_1_593' title='bbox 2046 3633 2326 3688; x_wconf 90' lang='lat' dir='ltr'><strong>institutos</strong></span> <span class='ocrx_word' id='word_1_594' title='bbox 2363 3631 2521 3686; x_wconf 85' lang='lat' dir='ltr'><strong>illos:</strong></span> <span class='ocrx_word' id='word_1_595' title='bbox 2552 3629 2650 3685; x_wconf 87' lang='lat' dir='ltr'><strong>sed</strong></span> <span class='ocrx_word' id='word_1_596' title='bbox 2682 3646 2710 3682; x_wconf 69' lang='grc' dir='ltr'>τι</span> <span class='ocrx_word' id='word_1_597' title='bbox 2765 3629 2881 3700; x_wconf 88' lang='lat' dir='ltr'><strong>lege</strong></span> <span class='ocrx_word' id='word_1_598' title='bbox 2924 3637 2979 3684; x_wconf 93' lang='lat' dir='ltr'><strong>et</strong></span> <span class='ocrx_word' id='word_1_599' title='bbox 3025 3644 3054 3682; x_wconf 80' lang='grc' dir='ltr'><strong>ιι</strong></span> <span class='ocrx_word' id='word_1_600' title='bbox 3096 3624 3277 3682; x_wconf 85' lang='lat' dir='ltr'><strong>nescio</strong></span> <span class='ocrx_word' id='word_1_601' title='bbox 3303 3641 3438 3696; x_wconf 87' lang='lat' dir='ltr'><strong>quo-</strong></span> 
     </span>
    </p>
   </div>
   <div class='ocr_carea' id='block_1_84' title="bbox 1863 3715 3442 3789">
    <p class='ocr_par' dir='ltr' id='par_1_84' title="bbox 1863 3715 3442 3789">
     <span class='ocr_line' id='line_1_84' title="bbox 1863 3715 3442 3789; baseline -0.006 -10"><span class='ocrx_word' id='word_1_602' title='bbox 1863 3725 2022 3780; x_wconf 83' lang='lat' dir='ltr'><strong>modo</strong></span> <span class='ocrx_word' id='word_1_603' title='bbox 2051 3723 2260 3778; x_wconf 69' lang='lat' dir='ltr'><strong>invecta</strong></span> <span class='ocrx_word' id='word_1_604' title='bbox 2293 3715 2504 3776; x_wconf 84' lang='lat' dir='ltr'><strong>fallacia</strong></span> <span class='ocrx_word' id='word_1_605' title='bbox 2530 3718 2798 3789; x_wconf 78' lang='lat' dir='ltr'><strong>refugere.</strong></span> <span class='ocrx_word' id='word_1_606' title='bbox 2831 3717 2912 3773; x_wconf 79' lang='lat' dir='ltr'><strong>&#39;l‘u</strong></span> <span class='ocrx_word' id='word_1_607' title='bbox 2943 3717 3099 3788; x_wconf 75' lang='lat'><strong>105</strong></span> <span class='ocrx_word' id='word_1_608' title='bbox 3128 3726 3308 3771; x_wconf 89' lang='lat' dir='ltr'><strong>autem</strong></span> <span class='ocrx_word' id='word_1_609' title='bbox 3335 3715 3442 3771; x_wconf 80' lang='lat' dir='ltr'><strong>Ga-</strong></span> 
     </span>
    </p>
   </div>
   <div class='ocr_carea' id='block_1_85' title="bbox 1862 3805 3444 3884">
    <p class='ocr_par' dir='ltr' id='par_1_85' title="bbox 1862 3805 3444 3884">
     <span class='ocr_line' id='line_1_85' title="bbox 1862 3805 3444 3884; baseline -0.005 -14"><span class='ocrx_word' id='word_1_610' title='bbox 1862 3816 2085 3880; x_wconf 84' lang='lat' dir='ltr'><strong>iaadita,</strong></span> <span class='ocrx_word' id='word_1_611' title='bbox 2154 3814 2544 3884; x_wconf 84' lang='lat' dir='ltr'><strong>propemodum</strong></span> <span class='ocrx_word' id='word_1_612' title='bbox 2610 3821 2667 3867; x_wconf 90' lang='lat' dir='ltr'><strong>et</strong></span> <span class='ocrx_word' id='word_1_613' title='bbox 2729 3810 3055 3874; x_wconf 87' lang='lat' dir='ltr'><strong>detondisti,</strong></span> <span class='ocrx_word' id='word_1_614' title='bbox 3099 3811 3214 3864; x_wconf 82' lang='lat' dir='ltr'><strong>sive</strong></span> <span class='ocrx_word' id='word_1_615' title='bbox 3249 3805 3444 3863; x_wconf 88' lang='lat' dir='ltr'><strong>vinde-</strong></span> 
     </span>
    </p>
   </div>
   <div class='ocr_carea' id='block_1_86' title="bbox 1866 3899 3442 3975">
    <p class='ocr_par' dir='ltr' id='par_1_86' title="bbox 1866 3899 3442 3975">
     <span class='ocr_line' id='line_1_86' title="bbox 1866 3899 3442 3975; baseline -0.006 -12"><span class='ocrx_word' id='word_1_616' title='bbox 1866 3908 2076 3974; x_wconf 86' lang='lat' dir='ltr'><strong>tniasti,</strong></span> <span class='ocrx_word' id='word_1_617' title='bbox 2127 3917 2181 3962; x_wconf 90' lang='lat' dir='ltr'><strong>et</strong></span> <span class='ocrx_word' id='word_1_618' title='bbox 2222 3905 2512 3960; x_wconf 86' lang='lat' dir='ltr'><strong>latrocinio</strong></span> <span class='ocrx_word' id='word_1_619' title='bbox 2536 3903 2772 3975; x_wconf 65' lang='lat' dir='ltr'><strong>{divitias</strong></span> <span class='ocrx_word' id='word_1_620' title='bbox 2821 3900 3052 3972; x_wconf 86' lang='lat' dir='ltr'><strong>injustas</strong></span> <span class='ocrx_word' id='word_1_621' title='bbox 3093 3899 3442 3969; x_wconf 87' lang='lat' dir='ltr'><strong>comparasti.</strong></span> 
     </span>
    </p>
   </div>
   <div class='ocr_carea' id='block_1_87' title="bbox 1863 3992 3444 4072">
    <p class='ocr_par' dir='ltr' id='par_1_87' title="bbox 1863 3992 3444 4072">
     <span class='ocr_line' id='line_1_87' title="bbox 1863 3992 3444 4072; baseline -0.007 -16"><span class='ocrx_word' id='word_1_622' title='bbox 1863 4002 2145 4057; x_wconf 77' lang='lat' dir='ltr'><strong>Acclamat</strong></span> <span class='ocrx_word' id='word_1_623' title='bbox 2179 4015 2345 4072; x_wconf 89' lang='lat' dir='ltr'><strong>porro</strong></span> <span class='ocrx_word' id='word_1_624' title='bbox 2373 4011 2612 4060; x_wconf 90' lang='lat' dir='ltr'><strong>rursum,</strong></span> <span class='ocrx_word' id='word_1_625' title='bbox 2645 4005 2701 4051; x_wconf 88' lang='lat' dir='ltr'><strong>et</strong></span> <span class='ocrx_word' id='word_1_626' title='bbox 2741 4010 2868 4050; x_wconf 88' lang='lat' dir='ltr'><strong>cum</strong></span> <span class='ocrx_word' id='word_1_627' title='bbox 2921 3994 3175 4049; x_wconf 86' lang='lat' dir='ltr'><strong>irrisione</strong></span> <span class='ocrx_word' id='word_1_628' title='bbox 3205 3992 3444 4064; x_wconf 88' lang='lat' dir='ltr'><strong>quadam</strong></span> 
     </span>
    </p>
   </div>
   <div class='ocr_carea' id='block_1_88' title="bbox 1865 4084 3446 4162">
    <p class='ocr_par' dir='ltr' id='par_1_88' title="bbox 1865 4084 3446 4162">
     <span class='ocr_line' id='line_1_88' title="bbox 1865 4084 3446 4162; baseline -0.006 -13"><span class='ocrx_word' id='word_1_629' title='bbox 1865 4094 2040 4158; x_wconf 84' lang='lat' dir='ltr'><strong>illud,</strong></span> <span class='ocrx_word' id='word_1_630' title='bbox 2099 4113 2118 4147; x_wconf 85' lang='grc' dir='ltr'><strong>ι</strong></span> <span class='ocrx_word' id='word_1_631' title='bbox 2178 4092 2360 4162; x_wconf 89' lang='lat' dir='ltr'><strong>incipe</strong></span> <span class='ocrx_word' id='word_1_632' title='bbox 2395 4089 2733 4145; x_wconf 88' lang='lat' dir='ltr'><strong>vindemiare</strong></span> <span class='ocrx_word' id='word_1_633' title='bbox 2784 4087 2918 4153; x_wconf 84' lang='lat' dir='ltr'><strong>tibi;</strong></span> <span class='ocrx_word' id='word_1_634' title='bbox 2966 4109 2986 4140; x_wconf 74' lang='grc' dir='ltr'><strong>ι</strong></span> <span class='ocrx_word' id='word_1_635' title='bbox 3040 4087 3146 4142; x_wconf 87' lang='lat' dir='ltr'><strong>tale</strong></span> <span class='ocrx_word' id='word_1_636' title='bbox 3187 4084 3446 4156; x_wconf 82' lang='lat' dir='ltr'><strong>quiddam</strong></span> 
     </span>
    </p>
   </div>
   <div class='ocr_carea' id='block_1_89' title="bbox 1864 4176 3446 4258">
    <p class='ocr_par' dir='ltr' id='par_1_89' title="bbox 1864 4176 3446 4258">
     <span class='ocr_line' id='line_1_89' title="bbox 1864 4176 3446 4258; baseline -0.008 -16"><span class='ocrx_word' id='word_1_637' title='bbox 1864 4187 2021 4258; x_wconf 84' lang='lat' dir='ltr'><strong>quasi</strong></span> <span class='ocrx_word' id='word_1_638' title='bbox 2054 4184 2265 4251; x_wconf 88' lang='lat' dir='ltr'><strong>dicens,</strong></span> <span class='ocrx_word' id='word_1_639' title='bbox 2294 4190 2387 4238; x_wconf 88' lang='lat' dir='ltr'><strong>aut</strong></span> <span class='ocrx_word' id='word_1_640' title='bbox 2415 4180 2605 4237; x_wconf 84' lang='lat' dir='ltr'><strong>saltem</strong></span> <span class='ocrx_word' id='word_1_641' title='bbox 2641 4178 2916 4235; x_wconf 86' lang='lat' dir='ltr'><strong>subtiliter</strong></span> <span class='ocrx_word' id='word_1_642' title='bbox 2939 4177 3100 4235; x_wconf 87' lang='lat' dir='ltr'><strong>tacite</strong></span> <span class='ocrx_word' id='word_1_643' title='bbox 3135 4176 3446 4232; x_wconf 82' lang='lat' dir='ltr'><strong>insinuans.</strong></span> 
     </span>
    </p>
   </div>
   <div class='ocr_carea' id='block_1_90' title="bbox 1865 4265 3450 4350">
    <p class='ocr_par' dir='ltr' id='par_1_90' title="bbox 1865 4265 3450 4350">
     <span class='ocr_line' id='line_1_90' title="bbox 1865 4265 3450 4350; baseline -0.006 -18"><span class='ocrx_word' id='word_1_644' title='bbox 1865 4277 1933 4332; x_wconf 86' lang='lat' dir='ltr'><strong>Et</strong></span> <span class='ocrx_word' id='word_1_645' title='bbox 1982 4292 2082 4350; x_wconf 84' lang='lat' dir='ltr'><strong>ego</strong></span> <span class='ocrx_word' id='word_1_646' title='bbox 2127 4270 2179 4332; x_wconf 89' lang='lat' dir='ltr'><strong>te</strong></span> <span class='ocrx_word' id='word_1_647' title='bbox 2239 4274 2433 4330; x_wconf 85' lang='lat' dir='ltr'><strong>faciam</strong></span> <span class='ocrx_word' id='word_1_648' title='bbox 2490 4271 2766 4343; x_wconf 88' lang='lat' dir='ltr'><strong>primitias</strong></span> <span class='ocrx_word' id='word_1_649' title='bbox 2805 4271 3135 4342; x_wconf 88' lang='lat' dir='ltr'><strong>punitorum.</strong></span> <span class='ocrx_word' id='word_1_650' title='bbox 3179 4265 3450 4338; x_wconf 78' lang='lat' dir='ltr'><strong>incipiens</strong></span> 
     </span>
    </p>
   </div>
   <div class='ocr_carea' id='block_1_91' title="bbox 1864 4360 3449 4432">
    <p class='ocr_par' dir='ltr' id='par_1_91' title="bbox 1864 4360 3449 4432">
     <span class='ocr_line' id='line_1_91' title="bbox 1864 4360 3449 4432; baseline -0.008 -5"><span class='ocrx_word' id='word_1_651' title='bbox 1864 4372 2009 4427; x_wconf 82' lang='lat' dir='ltr'><strong>enim</strong></span> <span class='ocrx_word' id='word_1_652' title='bbox 2039 4368 2332 4427; x_wconf 90' lang='lat' dir='ltr'><strong>detondere</strong></span> <span class='ocrx_word' id='word_1_653' title='bbox 2351 4367 2538 4432; x_wconf 89' lang='lat' dir='ltr'><strong>israei,</strong></span> <span class='ocrx_word' id='word_1_654' title='bbox 2568 4377 2624 4423; x_wconf 91' lang='lat' dir='ltr'><strong>et</strong></span> <span class='ocrx_word' id='word_1_655' title='bbox 2653 4364 2988 4420; x_wconf 76' lang='lat' dir='ltr'><strong>vindemiam</strong></span> <span class='ocrx_word' id='word_1_656' title='bbox 3017 4362 3155 4418; x_wconf 80' lang='lat' dir='ltr'><strong>adeo</strong></span> <span class='ocrx_word' id='word_1_657' title='bbox 3194 4360 3449 4417; x_wconf 70' lang='lat' dir='ltr'><strong>nefandae</strong></span> 
     </span>
    </p>
   </div>
   <div class='ocr_carea' id='block_1_92' title="bbox 1867 4451 3446 4533">
    <p class='ocr_par' dir='ltr' id='par_1_92' title="bbox 1867 4451 3446 4533">
     <span class='ocr_line' id='line_1_92' title="bbox 1867 4451 3446 4533; baseline -0.008 -15"><span class='ocrx_word' id='word_1_658' title='bbox 1867 4460 2168 4533; x_wconf 83' lang='lat' dir='ltr'><strong>impietatis</strong></span> <span class='ocrx_word' id='word_1_659' title='bbox 2203 4467 2634 4524; x_wconf 86' lang='lat' dir='ltr'><strong>consectatores,</strong></span> <span class='ocrx_word' id='word_1_660' title='bbox 2683 4455 2954 4528; x_wconf 90' lang='lat' dir='ltr'><strong>primitias</strong></span> <span class='ocrx_word' id='word_1_661' title='bbox 2991 4463 3042 4509; x_wconf 90' lang='lat' dir='ltr'><strong>te</strong></span> <span class='ocrx_word' id='word_1_662' title='bbox 3089 4451 3284 4509; x_wconf 86' lang='lat' dir='ltr'><strong>faciam</strong></span> <span class='ocrx_word' id='word_1_663' title='bbox 3325 4452 3446 4507; x_wconf 69' lang='lat' dir='ltr'><strong>irae.</strong></span> 
     </span>
    </p>
   </div>
   <div class='ocr_carea' id='block_1_93' title="bbox 1867 4543 3450 4617">
    <p class='ocr_par' dir='ltr' id='par_1_93' title="bbox 1867 4543 3450 4617">
     <span class='ocr_line' id='line_1_93' title="bbox 1867 4543 3450 4617; baseline -0.008 -6"><span class='ocrx_word' id='word_1_664' title='bbox 1867 4555 2160 4612; x_wconf 87' lang='lat' dir='ltr'><strong>Sciendum</strong></span> <span class='ocrx_word' id='word_1_665' title='bbox 2217 4552 2364 4608; x_wconf 76' lang='lat' dir='ltr'><strong>etiim</strong></span> <span class='ocrx_word' id='word_1_666' title='bbox 2420 4549 2649 4605; x_wconf 81' lang='lat' dir='ltr'><strong>Pituiam</strong></span> <span class='ocrx_word' id='word_1_667' title='bbox 2706 4560 2889 4617; x_wconf 79' lang='lat' dir='ltr'><strong>regem</strong></span> <span class='ocrx_word' id='word_1_668' title='bbox 2939 4545 3310 4617; x_wconf 83' lang='lat' dir='ltr'><strong>Assyriorum,</strong></span> <span class='ocrx_word' id='word_1_669' title='bbox 3356 4543 3450 4614; x_wconf 91' lang='lat' dir='ltr'><strong>qui</strong></span> 
     </span>
    </p>
   </div>
   <div class='ocr_carea' id='block_1_94' title="bbox 1865 4636 3450 4719">
    <p class='ocr_par' dir='ltr' id='par_1_94' title="bbox 1865 4636 3450 4719">
     <span class='ocr_line' id='line_1_94' title="bbox 1865 4636 3450 4719; baseline -0.008 -17"><span class='ocrx_word' id='word_1_670' title='bbox 1865 4649 2076 4719; x_wconf 89' lang='lat' dir='ltr'><strong>primus</strong></span> <span class='ocrx_word' id='word_1_671' title='bbox 2108 4643 2414 4701; x_wconf 86' lang='lat' dir='ltr'><strong>Samariam</strong></span> <span class='ocrx_word' id='word_1_672' title='bbox 2443 4653 2498 4698; x_wconf 91' lang='lat' dir='ltr'><strong>et</strong></span> <span class='ocrx_word' id='word_1_673' title='bbox 2527 4641 2694 4697; x_wconf 90' lang='lat' dir='ltr'><strong>israei</strong></span> <span class='ocrx_word' id='word_1_674' title='bbox 2725 4640 2946 4704; x_wconf 84' lang='lat' dir='ltr'><strong>invasit,</strong></span> <span class='ocrx_word' id='word_1_675' title='bbox 2975 4639 3180 4708; x_wconf 89' lang='lat' dir='ltr'><strong>primas</strong></span> <span class='ocrx_word' id='word_1_676' title='bbox 3205 4636 3450 4706; x_wconf 84' lang='lat' dir='ltr'><strong>captivas</strong></span> 
     </span>
    </p>
   </div>
   <div class='ocr_carea' id='block_1_95' title="bbox 1873 4820 3455 4895">
    <p class='ocr_par' dir='ltr' id='par_1_95' title="bbox 1873 4820 3455 4895">
     <span class='ocr_line' id='line_1_95' title="bbox 1873 4820 3455 4895; baseline -0.011 -5"><span class='ocrx_word' id='word_1_677' title='bbox 1873 4848 2036 4890; x_wconf 89' lang='lat' dir='ltr'><strong>unam</strong></span> <span class='ocrx_word' id='word_1_678' title='bbox 2093 4831 2263 4888; x_wconf 89' lang='lat' dir='ltr'><strong>fuisse</strong></span> <span class='ocrx_word' id='word_1_679' title='bbox 2301 4827 2526 4886; x_wconf 84' lang='lat' dir='ltr'><strong>Galaad.</strong></span> <span class='ocrx_word' id='word_1_680' title='bbox 2557 4827 2827 4895; x_wconf 84' lang='lat' dir='ltr'><strong>Quocirca</strong></span> <span class='ocrx_word' id='word_1_681' title='bbox 2869 4825 3012 4880; x_wconf 87' lang='lat' dir='ltr'><strong>sicut</strong></span> <span class='ocrx_word' id='word_1_682' title='bbox 3059 4837 3146 4879; x_wconf 89' lang='lat' dir='ltr'><strong>me</strong></span> <span class='ocrx_word' id='word_1_683' title='bbox 3193 4820 3455 4878; x_wconf 85' lang='lat' dir='ltr'><strong>israclem</strong></span> 
     </span>
    </p>
   </div>
   <div class='ocr_carea' id='block_1_96' title="bbox 160 4909 1749 4992">
    <p class='ocr_par' dir='ltr' id='par_1_96' title="bbox 160 4909 1749 4988">
     <span class='ocr_line' id='line_1_96' title="bbox 160 4909 1749 4988; baseline 0.001 -19"><span class='ocrx_word' id='word_1_684' title='bbox 160 4913 338 4977; x_wconf 84' lang='grc' dir='ltr'>Πόλις</span> <span class='ocrx_word' id='word_1_685' title='bbox 377 4913 438 4967; x_wconf 76' lang='grc' dir='ltr'>δὲ</span> <span class='ocrx_word' id='word_1_686' title='bbox 475 4909 544 4986; x_wconf 78' lang='grc' dir='ltr'>ἦν</span> <span class='ocrx_word' id='word_1_687' title='bbox 571 4915 682 4968; x_wconf 83' lang='grc' dir='ltr'>τῶν</span> <span class='ocrx_word' id='word_1_688' title='bbox 713 4916 892 4969; x_wconf 72' lang='grc' dir='ltr'>ἐκεῖσε</span> <span class='ocrx_word' id='word_1_689' title='bbox 925 4916 1027 4986; x_wconf 90' lang='grc' dir='ltr'><strong>μία</strong></span> <span class='ocrx_word' id='word_1_690' title='bbox 1057 4917 1153 4970; x_wconf 81' lang='grc' dir='ltr'>καὶ</span> <span class='ocrx_word' id='word_1_691' title='bbox 1192 4916 1230 4988; x_wconf 79' lang='grc' dir='ltr'><strong>ἠ</strong></span> <span class='ocrx_word' id='word_1_692' title='bbox 1273 4915 1507 4971; x_wconf 78' lang='grc' dir='ltr'>Γαλαὰδ.</span> <span class='ocrx_word' id='word_1_693' title='bbox 1554 4915 1749 4970; x_wconf 67' lang='grc' dir='ltr'>Οὐκοῢι</span> 
     </span>
    </p>
   </div>
   <div class='ocr_carea' id='block_1_97' title="bbox 1850 4909 3456 4992">
    <p class='ocr_par' dir='ltr' id='par_1_97' title="bbox 1871 4911 3456 4992">
     <span class='ocr_line' id='line_1_97' title="bbox 1871 4911 3456 4992; baseline -0.011 -8"><span class='ocrx_word' id='word_1_694' title='bbox 1871 4933 2242 4989; x_wconf 89' lang='lat' dir='ltr'><strong>convertente,</strong></span> <span class='ocrx_word' id='word_1_695' title='bbox 2274 4933 2330 4980; x_wconf 91' lang='lat' dir='ltr'><strong>et</strong></span> <span class='ocrx_word' id='word_1_696' title='bbox 2361 4921 2653 4992; x_wconf 86' lang='lat' dir='ltr'><strong>incipiente</strong></span> <span class='ocrx_word' id='word_1_697' title='bbox 2685 4932 2880 4976; x_wconf 87' lang='lat' dir='ltr'><strong>sanare</strong></span> <span class='ocrx_word' id='word_1_698' title='bbox 2906 4918 2972 4973; x_wconf 88' lang='lat' dir='ltr'><strong>de</strong></span> <span class='ocrx_word' id='word_1_699' title='bbox 3005 4925 3226 4980; x_wconf 81' lang='lat' dir='ltr'><strong>caetero,</strong></span> <span class='ocrx_word' id='word_1_700' title='bbox 3259 4923 3312 4968; x_wconf 92' lang='lat' dir='ltr'><strong>tu</strong></span> <span class='ocrx_word' id='word_1_701' title='bbox 3341 4911 3456 4967; x_wconf 80' lang='lat' dir='ltr'><strong>vin-</strong></span> 
     </span>
    </p>
   </div>
   <div class='ocr_carea' id='block_1_98' title="bbox 157 5004 1749 5082">
    <p class='ocr_par' dir='ltr' id='par_1_98' title="bbox 157 5005 1749 5081">
     <span class='ocr_line' id='line_1_98' title="bbox 157 5005 1749 5081; baseline 0.002 -21"><span class='ocrx_word' id='word_1_702' title='bbox 157 5005 366 5078; x_wconf 77' lang='grc' dir='ltr'>ὥσπερ</span> <span class='ocrx_word' id='word_1_703' title='bbox 409 5006 543 5078; x_wconf 74' lang='grc' dir='ltr'>ἐμοῦ</span> <span class='ocrx_word' id='word_1_704' title='bbox 575 5008 669 5062; x_wconf 80' lang='grc' dir='ltr'>τὸν</span> <span class='ocrx_word' id='word_1_705' title='bbox 703 5008 920 5080; x_wconf 77' lang='grc' dir='ltr'>Ἰσραὴλ</span> <span class='ocrx_word' id='word_1_706' title='bbox 960 5008 1413 5079; x_wconf 79' lang='grc' dir='ltr'>ἐπιστρέφοντος,</span> <span class='ocrx_word' id='word_1_707' title='bbox 1457 5008 1749 5081; x_wconf 82' lang='grc' dir='ltr'>ἀρξαμένοι</span> 
     </span>
    </p>
   </div>
   <div class='ocr_carea' id='block_1_99' title="bbox 1850 5004 3458 5082">
    <p class='ocr_par' dir='ltr' id='par_1_99' title="bbox 1875 5004 3458 5082">
     <span class='ocr_line' id='line_1_99' title="bbox 1875 5004 3458 5082; baseline -0.012 -6"><span class='ocrx_word' id='word_1_708' title='bbox 1875 5018 2126 5076; x_wconf 87' lang='lat' dir='ltr'><strong>demiasti</strong></span> <span class='ocrx_word' id='word_1_709' title='bbox 2161 5015 2281 5082; x_wconf 90' lang='lat' dir='ltr'><strong>tibi,</strong></span> <span class='ocrx_word' id='word_1_710' title='bbox 2307 5031 2342 5071; x_wconf 89' lang='grc' dir='ltr'><strong>ο</strong></span> <span class='ocrx_word' id='word_1_711' title='bbox 2385 5011 2694 5078; x_wconf 84' lang='lat' dir='ltr'><strong>Galaadita,</strong></span> <span class='ocrx_word' id='word_1_712' title='bbox 2725 5025 2844 5081; x_wconf 82' lang='lat' dir='ltr'><strong>quae</strong></span> <span class='ocrx_word' id='word_1_713' title='bbox 2885 5009 3179 5064; x_wconf 85' lang='lat' dir='ltr'><strong>latrocinio</strong></span> <span class='ocrx_word' id='word_1_714' title='bbox 3217 5004 3458 5076; x_wconf 83' lang='lat' dir='ltr'><strong>acquisi-</strong></span> 
     </span>
    </p>
   </div>
   <div class='ocr_carea' id='block_1_100' title="bbox 161 5094 1749 5182">
    <p class='ocr_par' dir='ltr' id='par_1_100' title="bbox 161 5094 1734 5182">
     <span class='ocr_line' id='line_1_100' title="bbox 161 5094 1734 5182; baseline 0.002 -31"><span class='ocrx_word' id='word_1_715' title='bbox 161 5115 228 5153; x_wconf 78' lang='grc' dir='ltr'><strong>τι</strong></span> <span class='ocrx_word' id='word_1_716' title='bbox 282 5097 538 5152; x_wconf 77' lang='grc' dir='ltr'>ἰάσασθαι</span> <span class='ocrx_word' id='word_1_717' title='bbox 569 5098 776 5164; x_wconf 80' lang='grc' dir='ltr'>λοιπὸν,</span> <span class='ocrx_word' id='word_1_718' title='bbox 812 5100 878 5152; x_wconf 80' lang='grc' dir='ltr'><strong>συ</strong></span> <span class='ocrx_word' id='word_1_719' title='bbox 925 5094 1394 5182; x_wconf 44' lang='grc' dir='ltr'>τετρύγηκαςηῶ</span> <span class='ocrx_word' id='word_1_720' title='bbox 1430 5101 1734 5155; x_wconf 88' lang='grc' dir='ltr'>Γαλααδῖτα</span> 
     </span>
    </p>
   </div>
   <div class='ocr_carea' id='block_1_101' title="bbox 1850 5094 3457 5182">
    <p class='ocr_par' dir='ltr' id='par_1_101' title="bbox 1875 5099 3457 5178">
     <span class='ocr_line' id='line_1_101' title="bbox 1875 5099 3457 5178; baseline -0.009 -12"><span class='ocrx_word' id='word_1_721' title='bbox 1875 5111 2041 5178; x_wconf 82' lang='lat' dir='ltr'><strong>visti;</strong></span> <span class='ocrx_word' id='word_1_722' title='bbox 2087 5111 2159 5164; x_wconf 87' lang='lat' dir='ltr'><strong>ita</strong></span> <span class='ocrx_word' id='word_1_723' title='bbox 2200 5116 2256 5164; x_wconf 88' lang='lat' dir='ltr'><strong>et</strong></span> <span class='ocrx_word' id='word_1_724' title='bbox 2292 5121 2416 5178; x_wconf 88' lang='lat' dir='ltr'><strong>ego,</strong></span> <span class='ocrx_word' id='word_1_725' title='bbox 2449 5120 2573 5161; x_wconf 90' lang='lat' dir='ltr'><strong>cum</strong></span> <span class='ocrx_word' id='word_1_726' title='bbox 2617 5102 2894 5159; x_wconf 80' lang='lat' dir='ltr'><strong>tradidero</strong></span> <span class='ocrx_word' id='word_1_727' title='bbox 2920 5101 3162 5173; x_wconf 80' lang='lat' dir='ltr'><strong>Assyriis</strong></span> <span class='ocrx_word' id='word_1_728' title='bbox 3197 5099 3457 5164; x_wconf 82' lang='lat' dir='ltr'><strong>lsrael,te</strong></span> 
     </span>
    </p>
   </div>
   <div class='ocr_carea' id='block_1_102' title="bbox 166 5188 1749 5275">
    <p class='ocr_par' dir='ltr' id='par_1_102' title="bbox 166 5188 1749 5265">
     <span class='ocr_line' id='line_1_102' title="bbox 166 5188 1749 5265; baseline 0 -21"><span class='ocrx_word' id='word_1_729' title='bbox 166 5188 393 5261; x_wconf 81' lang='grc' dir='ltr'>σεαυτῷ</span> <span class='ocrx_word' id='word_1_730' title='bbox 440 5189 511 5242; x_wconf 81' lang='grc' dir='ltr'><strong>τὸ.</strong></span> <span class='ocrx_word' id='word_1_731' title='bbox 557 5189 668 5243; x_wconf 80' lang='grc' dir='ltr'><strong>ἀπὸ</strong></span> <span class='ocrx_word' id='word_1_732' title='bbox 698 5189 987 5262; x_wconf 68' lang='grc' dir='ltr'>λῃστείας*</span> <span class='ocrx_word' id='word_1_733' title='bbox 1041 5190 1186 5245; x_wconf 79' lang='grc' dir='ltr'>οὕτω</span> <span class='ocrx_word' id='word_1_734' title='bbox 1235 5190 1391 5261; x_wconf 83' lang='grc' dir='ltr'><strong>κάγὼ</strong></span> <span class='ocrx_word' id='word_1_735' title='bbox 1439 5191 1749 5265; x_wconf 63' lang='grc' dir='ltr'>παραδιδοὺς</span> 
     </span>
    </p>
   </div>
   <div class='ocr_carea' id='block_1_103' title="bbox 1850 5188 3130 5275">
    <p class='ocr_par' dir='ltr' id='par_1_103' title="bbox 1872 5195 3130 5275">
     <span class='ocr_line' id='line_1_103' title="bbox 1872 5195 3130 5275; baseline -0.009 -14"><span class='ocrx_word' id='word_1_736' title='bbox 1872 5218 2062 5261; x_wconf 86' lang='lat' dir='ltr'><strong>eorum</strong></span> <span class='ocrx_word' id='word_1_737' title='bbox 2097 5201 2188 5275; x_wconf 90' lang='lat' dir='ltr'><strong>qui</strong></span> <span class='ocrx_word' id='word_1_738' title='bbox 2224 5199 2563 5255; x_wconf 89' lang='lat' dir='ltr'><strong>abducentur</strong></span> <span class='ocrx_word' id='word_1_739' title='bbox 2584 5195 2856 5268; x_wconf 83' lang='lat' dir='ltr'><strong>primitias</strong></span> <span class='ocrx_word' id='word_1_740' title='bbox 2887 5195 3130 5251; x_wconf 84' lang='lat' dir='ltr'><strong>reddam.</strong></span> 
     </span>
    </p>
   </div>
   <div class='ocr_carea' id='block_1_104' title="bbox 178 5282 1768 5357">
    <p class='ocr_par' dir='ltr' id='par_1_104' title="bbox 178 5282 1768 5357">
     <span class='ocr_line' id='line_1_104' title="bbox 178 5282 1768 5357; baseline 0 -20"><span class='ocrx_word' id='word_1_741' title='bbox 178 5283 499 5355; x_wconf 77' lang='grc' dir='ltr'>’Δσσυρίοις</span> <span class='ocrx_word' id='word_1_742' title='bbox 529 5282 620 5338; x_wconf 81' lang='grc' dir='ltr'>τὸν</span> <span class='ocrx_word' id='word_1_743' title='bbox 657 5283 897 5355; x_wconf 75' lang='grc' dir='ltr'>Ἰσραὴλ,</span> <span class='ocrx_word' id='word_1_744' title='bbox 929 5285 988 5340; x_wconf 84' lang='grc' dir='ltr'>σὲ</span> <span class='ocrx_word' id='word_1_745' title='bbox 1018 5287 1314 5357; x_wconf 83' lang='grc' dir='ltr'>ποιήσομαι</span> <span class='ocrx_word' id='word_1_746' title='bbox 1342 5284 1451 5340; x_wconf 85' lang='grc' dir='ltr'>τῶν</span> <span class='ocrx_word' id='word_1_747' title='bbox 1482 5284 1768 5356; x_wconf 83' lang='grc' dir='ltr'>πεμπομέ-</span> 
     </span>
    </p>
   </div>
   <div class='ocr_carea' id='block_1_105' title="bbox 170 5376 720 5449">
    <p class='ocr_par' dir='ltr' id='par_1_105' title="bbox 170 5376 720 5449">
     <span class='ocr_line' id='line_1_105' title="bbox 170 5376 720 5449; baseline 0 -18"><span class='ocrx_word' id='word_1_748' title='bbox 170 5393 284 5431; x_wconf 78' lang='grc' dir='ltr'><strong>νων</strong></span> <span class='ocrx_word' id='word_1_749' title='bbox 319 5377 422 5449; x_wconf 78' lang='grc' dir='ltr'>τὴν</span> <span class='ocrx_word' id='word_1_750' title='bbox 446 5376 720 5448; x_wconf 82' lang='grc' dir='ltr'>ἀπαρχήν.</span> 
     </span>
    </p>
   </div>
   <div class='ocr_carea' id='block_1_106' title="bbox 245 5455 1749 5544">
    <p class='ocr_par' dir='ltr' id='par_1_106' title="bbox 245 5467 1749 5544">
     <span class='ocr_line' id='line_1_106' title="bbox 245 5467 1749 5544; baseline 0.001 -22"><span class='ocrx_word' id='word_1_751' title='bbox 245 5468 502 5540; x_wconf 69' lang='grc' dir='ltr'>Συγγενῆ</span> <span class='ocrx_word' id='word_1_752' title='bbox 537 5468 595 5522; x_wconf 83' lang='grc' dir='ltr'>δὲ</span> <span class='ocrx_word' id='word_1_753' title='bbox 624 5467 695 5523; x_wconf 80' lang='grc' dir='ltr'><strong>τὰ</strong></span> <span class='ocrx_word' id='word_1_754' title='bbox 731 5469 932 5541; x_wconf 84' lang='grc' dir='ltr'>ἀρχαῖα</span> <span class='ocrx_word' id='word_1_755' title='bbox 961 5470 1072 5534; x_wconf 89' lang='grc' dir='ltr'>τοῖς</span> <span class='ocrx_word' id='word_1_756' title='bbox 1105 5469 1200 5524; x_wconf 74' lang='grc' dir='ltr'><strong>ἐπὶ</strong></span> <span class='ocrx_word' id='word_1_757' title='bbox 1239 5467 1463 5544; x_wconf 80' lang='grc' dir='ltr'>Χριστῷ</span> <span class='ocrx_word' id='word_1_758' title='bbox 1496 5468 1604 5524; x_wconf 85' lang='grc' dir='ltr'><strong>τῶν</strong></span> <span class='ocrx_word' id='word_1_759' title='bbox 1639 5469 1749 5525; x_wconf 72' lang='grc' dir='ltr'>’ῐουι</span> 
     </span>
    </p>
   </div>
   <div class='ocr_carea' id='block_1_107' title="bbox 1850 5455 3455 5544">
    <p class='ocr_par' dir='ltr' id='par_1_107' title="bbox 1944 5455 3455 5540">
     <span class='ocr_line' id='line_1_107' title="bbox 1944 5455 3455 5540; baseline -0.011 -15"><span class='ocrx_word' id='word_1_760' title='bbox 1944 5469 2184 5540; x_wconf 81' lang='lat' dir='ltr'><strong>Antiqua</strong></span> <span class='ocrx_word' id='word_1_761' title='bbox 2213 5476 2392 5521; x_wconf 86' lang='lat' dir='ltr'><strong>autem</strong></span> <span class='ocrx_word' id='word_1_762' title='bbox 2441 5462 2532 5520; x_wconf 87' lang='lat' dir='ltr'><strong>illa</strong></span> <span class='ocrx_word' id='word_1_763' title='bbox 2572 5459 2778 5516; x_wconf 86' lang='lat' dir='ltr'><strong>scelera</strong></span> <span class='ocrx_word' id='word_1_764' title='bbox 2811 5459 2895 5514; x_wconf 88' lang='lat' dir='ltr'><strong>his</strong></span> <span class='ocrx_word' id='word_1_765' title='bbox 2916 5473 3039 5530; x_wconf 71' lang='lat' dir='ltr'><strong>quae</strong></span> <span class='ocrx_word' id='word_1_766' title='bbox 3084 5456 3137 5512; x_wconf 94' lang='lat' dir='ltr'><strong>in</strong></span> <span class='ocrx_word' id='word_1_767' title='bbox 3178 5455 3455 5514; x_wconf 88' lang='lat' dir='ltr'><strong>Christum</strong></span> 
     </span>
    </p>
   </div>
   <div class='ocr_carea' id='block_1_108' title="bbox 169 5547 1749 5636">
    <p class='ocr_par' dir='ltr' id='par_1_108' title="bbox 169 5557 1749 5636">
     <span class='ocr_line' id='line_1_108' title="bbox 169 5557 1749 5636; baseline 0.001 -22"><span class='ocrx_word' id='word_1_768' title='bbox 169 5557 350 5614; x_wconf 84' lang='grc' dir='ltr'>δαίων</span> <span class='ocrx_word' id='word_1_769' title='bbox 393 5559 736 5631; x_wconf 77' lang='grc' dir='ltr'>ἐγκλήματα.</span> <span class='ocrx_word' id='word_1_770' title='bbox 773 5559 991 5615; x_wconf 82' lang='grc' dir='ltr'>Ἐκάλει</span> <span class='ocrx_word' id='word_1_771' title='bbox 1043 5561 1142 5633; x_wconf 85' lang='grc' dir='ltr'>μὲν</span> <span class='ocrx_word' id='word_1_772' title='bbox 1187 5561 1297 5636; x_wconf 83' lang='grc' dir='ltr'>γὰρ</span> <span class='ocrx_word' id='word_1_773' title='bbox 1341 5561 1634 5633; x_wconf 79' lang='grc' dir='ltr'>σύμπαντα</span> <span class='ocrx_word' id='word_1_774' title='bbox 1679 5562 1749 5616; x_wconf 67' lang='grc' dir='ltr'><strong>τὸε</strong></span> 
     </span>
    </p>
   </div>
   <div class='ocr_carea' id='block_1_109' title="bbox 1850 5547 3456 5636">
    <p class='ocr_par' dir='ltr' id='par_1_109' title="bbox 1875 5547 3456 5631">
     <span class='ocr_line' id='line_1_109' title="bbox 1875 5547 3456 5631; baseline -0.013 -12"><span class='ocrx_word' id='word_1_775' title='bbox 1875 5561 2045 5618; x_wconf 70' lang='grc' dir='ltr'><strong>ιυόωί</strong></span> <span class='ocrx_word' id='word_1_776' title='bbox 2092 5566 2475 5631; x_wconf 88' lang='lat' dir='ltr'><strong>perpetrarunt</strong></span> <span class='ocrx_word' id='word_1_777' title='bbox 2501 5595 2517 5620; x_wconf 93' lang='lat'><strong>,</strong></span> <span class='ocrx_word' id='word_1_778' title='bbox 2559 5561 2790 5625; x_wconf 88' lang='lat' dir='ltr'><strong>cognata</strong></span> <span class='ocrx_word' id='word_1_779' title='bbox 2832 5560 2979 5608; x_wconf 91' lang='lat' dir='ltr'><strong>sunt.</strong></span> <span class='ocrx_word' id='word_1_780' title='bbox 3019 5550 3263 5606; x_wconf 83' lang='lat' dir='ltr'><strong>Vocabat</strong></span> <span class='ocrx_word' id='word_1_781' title='bbox 3306 5547 3456 5602; x_wconf 89' lang='lat' dir='ltr'><strong>enim</strong></span> 
     </span>
    </p>
   </div>
   <div class='ocr_carea' id='block_1_110' title="bbox 184 5639 1749 5726">
    <p class='ocr_par' dir='ltr' id='par_1_110' title="bbox 184 5649 1749 5726">
     <span class='ocr_line' id='line_1_110' title="bbox 184 5649 1749 5726; baseline 0.003 -22"><span class='ocrx_word' id='word_1_782' title='bbox 184 5649 416 5722; x_wconf 78' lang='grc' dir='ltr'>Ἰσραὴλ</span> <span class='ocrx_word' id='word_1_783' title='bbox 453 5652 482 5706; x_wconf 84' lang='grc' dir='ltr'>ὁ</span> <span class='ocrx_word' id='word_1_784' title='bbox 524 5652 656 5716; x_wconf 74' lang='grc' dir='ltr'>Θεὸς</span> <span class='ocrx_word' id='word_1_785' title='bbox 680 5653 776 5706; x_wconf 73' lang='grc' dir='ltr'><strong>καὶ</strong></span> <span class='ocrx_word' id='word_1_786' title='bbox 824 5653 1016 5726; x_wconf 81' lang='grc' dir='ltr'>Πατὴρ</span> <span class='ocrx_word' id='word_1_787' title='bbox 1045 5656 1124 5718; x_wconf 84' lang='grc' dir='ltr'><strong>είς</strong></span> <span class='ocrx_word' id='word_1_788' title='bbox 1151 5654 1214 5709; x_wconf 78' lang='grc' dir='ltr'>τὸ</span> <span class='ocrx_word' id='word_1_789' title='bbox 1243 5655 1458 5710; x_wconf 78' lang='grc' dir='ltr'>ἑλέσθαι</span> <span class='ocrx_word' id='word_1_790' title='bbox 1490 5655 1675 5710; x_wconf 83' lang='grc' dir='ltr'>λοιπὸν</span> <span class='ocrx_word' id='word_1_791' title='bbox 1703 5654 1749 5709; x_wconf 78' lang='grc' dir='ltr'>τε</span> 
     </span>
    </p>
   </div>
   <div class='ocr_carea' id='block_1_111' title="bbox 1850 5639 3460 5726">
    <p class='ocr_par' dir='ltr' id='par_1_111' title="bbox 1878 5639 3460 5710">
     <span class='ocr_line' id='line_1_111' title="bbox 1878 5639 3460 5710; baseline -0.012 0"><span class='ocrx_word' id='word_1_792' title='bbox 1878 5655 2191 5710; x_wconf 84' lang='lat' dir='ltr'><strong>universum</strong></span> <span class='ocrx_word' id='word_1_793' title='bbox 2247 5648 2503 5705; x_wconf 87' lang='lat' dir='ltr'><strong>lsraeient</strong></span> <span class='ocrx_word' id='word_1_794' title='bbox 2553 5646 2696 5703; x_wconf 89' lang='lat' dir='ltr'><strong>Deus</strong></span> <span class='ocrx_word' id='word_1_795' title='bbox 2745 5655 2802 5701; x_wconf 90' lang='lat' dir='ltr'><strong>et</strong></span> <span class='ocrx_word' id='word_1_796' title='bbox 2861 5644 3046 5710; x_wconf 88' lang='lat' dir='ltr'><strong>Pater,</strong></span> <span class='ocrx_word' id='word_1_797' title='bbox 3105 5650 3162 5695; x_wconf 84' lang='grc' dir='ltr'><strong>ιιι</strong></span> <span class='ocrx_word' id='word_1_798' title='bbox 3199 5639 3460 5709; x_wconf 83' lang='lat' dir='ltr'><strong>deinceps</strong></span> 
     </span>
    </p>
   </div>
   <div class='ocr_carea' id='block_1_112' title="bbox 169 5729 1749 5820">
    <p class='ocr_par' dir='ltr' id='par_1_112' title="bbox 169 5739 1743 5820">
     <span class='ocr_line' id='line_1_112' title="bbox 169 5739 1743 5820; baseline 0.002 -22"><span class='ocrx_word' id='word_1_799' title='bbox 169 5739 396 5812; x_wconf 75' lang='grc' dir='ltr'>ἀμείνω</span> <span class='ocrx_word' id='word_1_800' title='bbox 428 5744 668 5813; x_wconf 84' lang='grc' dir='ltr'>φρονεῖν,</span> <span class='ocrx_word' id='word_1_801' title='bbox 691 5745 788 5798; x_wconf 71' lang='grc' dir='ltr'>καὶ</span> <span class='ocrx_word' id='word_1_802' title='bbox 819 5745 1118 5817; x_wconf 77' lang='grc' dir='ltr'>καταλῆξαι</span> <span class='ocrx_word' id='word_1_803' title='bbox 1152 5745 1252 5818; x_wconf 82' lang='grc' dir='ltr'>μὲν</span> <span class='ocrx_word' id='word_1_804' title='bbox 1283 5747 1382 5820; x_wconf 80' lang='grc' dir='ltr'>τῆς</span> <span class='ocrx_word' id='word_1_805' title='bbox 1409 5747 1466 5804; x_wconf 80' lang='grc' dir='ltr'><strong>έν</strong></span> <span class='ocrx_word' id='word_1_806' title='bbox 1498 5747 1646 5820; x_wconf 77' lang='grc' dir='ltr'>νόμῳ</span> <span class='ocrx_word' id='word_1_807' title='bbox 1676 5746 1743 5801; x_wconf 90' lang='grc' dir='ltr'><strong>λα</strong></span> 
     </span>
    </p>
   </div>
   <div class='ocr_carea' id='block_1_113' title="bbox 1850 5729 3457 5820">
    <p class='ocr_par' dir='ltr' id='par_1_113' title="bbox 1879 5729 3457 5802">
     <span class='ocr_line' id='line_1_113' title="bbox 1879 5729 3457 5802; baseline -0.014 0"><span class='ocrx_word' id='word_1_808' title='bbox 1879 5747 2038 5802; x_wconf 87' lang='lat' dir='ltr'><strong>aliter</strong></span> <span class='ocrx_word' id='word_1_809' title='bbox 2067 5743 2270 5800; x_wconf 84' lang='lat' dir='ltr'><strong>sentire</strong></span> <span class='ocrx_word' id='word_1_810' title='bbox 2295 5749 2350 5798; x_wconf 90' lang='lat' dir='ltr'><strong>et</strong></span> <span class='ocrx_word' id='word_1_811' title='bbox 2379 5738 2644 5796; x_wconf 84' lang='lat' dir='ltr'><strong>desistere</strong></span> <span class='ocrx_word' id='word_1_812' title='bbox 2672 5752 2704 5794; x_wconf 85' lang='lat' dir='ltr'><strong>a</strong></span> <span class='ocrx_word' id='word_1_813' title='bbox 2731 5736 2879 5794; x_wconf 90' lang='lat' dir='ltr'><strong>cuitu</strong></span> <span class='ocrx_word' id='word_1_814' title='bbox 2929 5733 3226 5790; x_wconf 84' lang='lat' dir='ltr'><strong>secundum</strong></span> <span class='ocrx_word' id='word_1_815' title='bbox 3259 5729 3457 5799; x_wconf 87' lang='lat' dir='ltr'><strong>legem,</strong></span> 
     </span>
    </p>
   </div>
   <div class='ocr_carea' id='block_1_114' title="bbox 254 5918 754 5991">
    <p class='ocr_par' dir='ltr' id='par_1_114' title="bbox 254 5918 754 5991">
     <span class='ocr_line' id='line_1_114' title="bbox 254 5918 754 5991; baseline 0.002 -16"><span class='ocrx_word' id='word_1_816' title='bbox 254 5920 277 5951; x_wconf 81' lang='grc'><strong>⁸</strong></span> <span class='ocrx_word' id='word_1_817' title='bbox 310 5918 642 5991; x_wconf 69' lang='lat' dir='ltr'><strong>Cctuxnv,</strong></span> <span class='ocrx_word' id='word_1_818' title='bbox 664 5920 754 5977; x_wconf 65' lang='lat' dir='ltr'><strong>Si.</strong></span> 
     </span>
    </p>
   </div>
  </div>
