4068 6606
687 478 787 535 Ιῖ9

1710 476 1768 532 S.
1808 473 2080 531 CYRILLI
2118 472 2241 528 ΑΒΕ

2342 473 2587 532 .NDRINI
2627 474 2949 532 ARCHIEP.
3827 475 3914 531 180

680 603 738 648 et
759 608 857 663 pro
881 607 946 649 eo
981 608 1181 648 novum
1212 602 1377 663 atque
1410 591 1785 663 evangelicum
1820 605 2106 661 capessere
2140 590 2241 646 vel-

2356 591 2560 661 τρείας,
2605 590 2925 645 ἀνθελέσθαι
2968 589 3025 642 δὲ
3086 589 3286 661 μᾶλλον
3325 587 3537 660 ἐκείνης
3567 588 3664 660 τὴν
3705 588 3830 642 νέαν
3863 607 3913 644 τε

680 685 815 741 lent.
877 683 1072 740 Verum
1112 685 1188 740 illi
1234 685 1674 741 convertentibus
1719 696 1776 742 et
1815 686 2136 741 vocantibus
2185 686 2255 741 ad

678 779 974 833 sanitatem
1000 778 1390 835 obtinebantur
1437 793 1544 833 non
1582 778 1950 835 mediocriter.
1981 778 2253 848 Scriptum

679 875 767 921 est
802 867 1002 936 quippe
1034 883 1050 922 :
1088 886 1108 919 ι
1148 866 1266 922 Jam
1312 868 1455 922 enim
1490 868 1937 937 conspiraverant
1973 866 2165 932 Judaei,
2197 875 2255 921 ut

678 957 727 1013 si
759 958 884 1028 quis
930 959 1105 1027 ipsum
1154 959 1505 1015 conﬁteretur
1543 959 1841 1023 Christum,
1876 968 2031 1014 extra
2075 959 2253 1029 Syna-

681 1062 873 1118 gogam
928 1049 1081 1104 ﬁeret
1106 1048 1148 1102 ³.
1188 1068 1206 1100 ι
1244 1049 1552 1105 Audiebant
1597 1060 1780 1104 autem
1826 1065 2013 1105 eorum
2048 1050 2252 1105 duces:

685 1156 707 1193 ι
746 1142 837 1196 Vae
868 1142 1041 1209 vobis,
1072 1140 1277 1198 Scribae
1303 1152 1359 1198 et
1393 1142 1651 1199 Phariszei
1682 1144 1998 1213 hypocritae,
2027 1143 2152 1213 quia
2178 1151 2256 1197 tu-

681 1233 823 1289 liStis
862 1234 1066 1288 clavem
1095 1234 1358 1289 scientiae.
1391 1233 1499 1289 Nec
1519 1250 1615 1290 vos
1644 1234 2009 1306 ingredimini,
2040 1248 2141 1290 nec
2168 1234 2253 1289 in-

681 1322 829 1392 gredi
864 1322 1107 1377 volentes
1160 1323 1341 1377 sinitis
1376 1324 1583 1378 intrare
1615 1326 1658 1378 δ.
1693 1342 1712 1376 ι
1750 1323 1958 1377 Traditi
1995 1331 2121 1377 sunt
2148 1322 2252 1393 igi-

683 1422 770 1466 tur
793 1412 1053 1477 iniinicis,
1085 1422 1138 1466 et
1168 1428 1363 1484 graves
1391 1413 1836 1470 debacchationis
1876 1413 1930 1467 in
1974 1412 2250 1470 Christum

680 1516 870 1572 pmnas
894 1502 1131 1560 luerunt.

1306 1640 1458 1696 CAP.
1511 1639 1616 1695 VII.

749 1754 918 1811 Vsus.
968 1754 1020 1809 l.
1078 1752 1145 1807 Et
1197 1730 1515 1808 revelabitur
1565 1752 1819 1822 iniquitas
1870 1750 2147 1821 Ephraim,
2199 1759 2250 1806 et

682 1846 891 1901 malitia
923 1843 1207 1910 Samaritae,
1230 1847 1358 1915 quia
1389 1853 1605 1912 operata
1629 1852 1702 1898 est
1732 1844 2025 1899 mendacia.
2056 1842 2127 1898 Et
2161 1844 2252 1914 fur

2358 683 2451 736 κα)⁸
2480 682 2858 753 εὐαγγελικήν.
2923 681 3083 735 Ἀλλά
3123 684 3236 745 τοῖς
3268 681 3652 752 ἐπιστρέφουσι
3706 680 3801 733 καὶ
3831 699 3913 735 κα-

2355 773 2636 844 λουμένοις
2678 775 2759 837 εἰς
2814 773 2959 826 ῑασιν
3011 772 3380 841 ἀντέπραττον
3421 771 3483 824 οὐ
3527 770 3782 841 μετρίως.
3826 772 3909 824 Γέ-

2354 878 2593 931 γραπται
2623 862 2753 932 γάρ,
2796 862 2877 915 ὃτι
2911 881 2929 913 ι
2963 862 3099 932 Ἤδη
3150 860 3431 914 συνέθεντο
3469 861 3517 913 οἱ
3550 860 3809 923 Ἰουδαῖοι,
3840 860 3912 914 ἵνα

2355 952 2450 1005 ὲάν
2477 969 2561 1016 τις
2595 952 2758 1004 αὑτὸν
2787 951 3093 1023 ὁμολογήσῃ
3116 952 3209 1003 τὸν
3237 949 3472 1021 Χριστὸν
3501 946 3662 1015 εἶναι,
3692 953 3908 1004 ἀποσυν-

2354 1042 2567 1110 άγωγος
2623 1042 2866 1112 γένηται.
2894 1060 2913 1094 ι
2948 1042 3185 1094 Ἤκουον
3228 1042 3283 1095 δὲ
3320 1042 3415 1095 καὶ
3471 1042 3522 1094 οἱ
3573 1042 3703 1115 παρ’
3748 1042 3911 1106 αὐτοῖς

2352 1133 2665 1206 ἡγούμενοι,
2701 1154 2719 1187 ι
2746 1135 2882 1189 Οὐαὶ
2920 1135 3082 1205 ὑμῖν,
3132 1134 3487 1205 Γραμματεῖς
3520 1134 3617 1188 καὶ
3651 1136 3910 1205 Φαρισαῖοι

2355 1225 2666 1297 ὑποκριταὶ,
2701 1226 2782 1279 ὅτι
2810 1226 2980 1297 ἤρατε
3005 1226 3105 1297 τὴν
3138 1224 3320 1278 κλεῖδα
3346 1225 3443 1292 τῆς
3480 1222 3758 1293 γνώσεως.
3793 1223 3911 1277 Οὔτε

2354 1319 2514 1390 ὑμεῖς
2535 1318 2862 1389 εἰσέρχεσθε,
2888 1318 3009 1373 οὕτε
3032 1320 3158 1382 τοὺς
3181 1316 3590 1387 εἰσερχομένους
3611 1316 3799 1384 ἀφίετε
3821 1318 3911 1368 εἱσι

2352 1411 2544 1468 ελθείν.
2570 1430 2587 1462 ι
2621 1412 2870 1465 Δέδονται
2898 1412 3079 1463 τοίνυν
3104 1410 3338 1479 ἐχθροῖς,
3368 1409 3465 1462 καὶ
3491 1407 3698 1480 πικρὰς
3730 1409 3821 1479 τῆς
3847 1410 3911 1469 εἰς

2352 1502 2587 1574 Χριστὸν
2616 1503 2900 1575 παροινίας
2927 1501 3213 1572 ὲξῄτηνται
3244 1500 3415 1565 δίκας.

2966 1636 3219 1692 ΚΕΦΑΛ.
3257 1637 3329 1689 Z'.

2426 1751 2537 1808 Καὶ
2578 1750 3150 1819 ἀποκαλυφθήσεται
3192 1748 3230 1816 ἠ
3277 1747 3479 1803 ἀδικία
3526 1744 3797 1815 Ἐφρατμ,
3829 1744 3909 1797 καί

2350 1844 2390 1912 ἡ
2423 1846 2602 1899 κακία
2657 1840 3016 1910 Σαμαρείας,
3060 1838 3149 1892 ὅτι
3181 1837 3501 1907 εἰργάσατο
3545 1835 3783 1906 ψευδῆ,
3828 1835 3908 1889 καί

680 1938 750 1991 ad
792 1954 910 1992 eum
952 1937 1294 2007 ingredietur,
1326 1935 1622 2005 exspolians
1656 1933 1793 1988 latro
1834 1936 1890 1988 in
1936 1935 2018 1989 via
2055 1935 2241 2006 ipsius,

2343 1934 2611 2001 κλέπτης
2651 1931 2803 2000 πρὸς
2852 1930 3038 1985 αὑτὸν
3068 1929 3517 1992 εἰσελεύσεται,
3556 1926 3910 1980 exeasan

679 2039 738 2084 ut
766 2030 1038 2085 concinam
1058 2030 1210 2099 quasi
1237 2038 1507 2083 cantantes
1531 2028 1689 2082 corde
1707 2027 1963 2096 ipsorum.

745 2227 911 2285 LXX.
940 2226 1122 2283 Bonus
1161 2234 1356 2281 natura
1396 2232 1453 2282 et
1498 2243 1518 2277 ι
1552 2225 1782 2296 patiens,
1829 2224 2152 2295 longanimis
2194 2235 2248 2282 et

674 2319 907 2375 multum
940 2317 1255 2374 misericors
1284 2316 1390 2368 ⁸⁸⁸»
1424 2314 1669 2386 profecto
1685 2313 1928 2370 omnium
1958 2313 2245 2379 Dominus,

674 2408 766 2479 qui
796 2408 1035 2478 qnandiu
1076 2413 1365 2477 peccantes
1397 2402 1612 2467 tolerat,
1648 2401 1822 2457 latent
1867 2411 1922 2456 et
1969 2402 2248 2458 occultan-

674 2505 764 2552 tur
791 2497 947 2567 quasi
978 2512 1166 2552 eorum
1202 2494 1425 2568 ﬂagitia.
1462 2494 1567 2551 Ubi
1599 2502 1779 2549 autem
1812 2493 2099 2565 ingruerit,
2130 2503 2247 2562 pm-

673 2600 909 2655 namque
957 2584 1244 2649 invexerit,
1296 2593 1351 2640 et
1403 2585 1687 2653 quiescere
1750 2598 1857 2638 non
1900 2583 2241 2651 sustinuerit,

673 2687 788 2732 tum
819 2675 1103 2731 manifesta
1140 2675 1296 2740 ﬁunt,
1329 2684 1382 2731 et
1423 2674 1584 2746 106
1609 2675 1761 2744 quasi
1795 2675 2023 2730 revelari
2058 2676 2243 2731 viden-

674 2776 787 2834 tur,
821 2777 875 2823 et
899 2775 1105 2821 tantum
1144 2782 1252 2822 non
1296 2766 1351 2821 in
1392 2768 1629 2821 medium
1670 2764 1956 2833 producta.
2000 2768 2242 2822 omnium

674 2858 854 2916 oculis
880 2858 1312 2928 conspiciuntur.
1347 2856 1480 2912 Tale
1504 2865 1560 2911 et
1589 2872 1732 2911 nunc
1764 2857 2018 2926 Ephraim
2057 2868 2112 2913 et
2140 2858 2243 2914 Sa-

671 2952 861 3007 maria:
907 2951 1145 3005 futurum
1191 2950 1445 3005 aﬁirmat.
1494 2948 1561 3004 Et
1596 2950 1856 3020 Ephraim
1900 2950 2115 3021 quidem
2145 2966 2242 3007 no-

674 3042 822 3096 mine
855 3041 958 3097 hoc
1003 3041 1123 3096 loco
1152 3040 1357 3111 regiam
1390 3041 1443 3095 in
1473 3039 1717 3094 Samaria
1752 3040 1949 3095 tribum
1980 3041 2235 3110 accipies,

671 3146 738 3187 ex
767 3148 872 3203 qua
905 3133 1009 3188 orti
1051 3131 1362 3198 Jeroboam,
1395 3142 1449 3187 et
1483 3146 1829 3187 successores
1866 3132 2016 3198 ejus;
2048 3132 2239 3188 Sama-

669 3225 765 3281 ria:
811 3234 991 3280 autem
1040 3225 1307 3280 vocabulo
1352 3224 1441 3293 qui
1474 3223 1688 3277 fuerunt
1734 3224 1787 3277 in
1825 3222 2097 3292 Samaria,
2136 3225 2240 3280 hoc

667 3325 791 3385 est,
833 3317 1021 3373 decem
1069 3317 1262 3373 tribus.
1311 3315 1631 3371 Revelatum
1681 3330 1842 3384 porro
1893 3315 1958 3370 iri
2018 3326 2240 3386 peccata

666 3422 856 3464 eorum
890 3407 1021 3463 dicit
1067 3412 1290 3478 propter
1318 3420 1512 3462 causas
1555 3404 1972 3473 hujuscemodi;
2014 3406 2140 3475 quia
2187 3416 2244 3460 et

668 3500 878 3571 operati
924 3509 1050 3555 sunt
1092 3498 1456 3563 mendacium,
1499 3496 1700 3567 algenti
1744 3506 1799 3552 et
1852 3497 1962 3565 jam
2006 3498 2243 3553 rancida:

665 3590 985 3649 idololatria:
1057 3590 1240 3653 dediti,
1310 3597 1365 3645 et
1428 3589 1666 3645 artiﬁces
1739 3587 1864 3644 facti
1934 3588 2241 3653 idolorum,

664 3691 729 3738 ut
798 3682 929 3737 dixi.
996 3680 1061 3736 Et
1116 3681 1289 3736 furem
1365 3680 1516 3750 (hoc
1594 3688 1678 3735 est
1729 3680 1872 3735 enim
1931 3676 2239 3748 latronem)

664 3772 734 3829 ad
782 3788 876 3828 eos
934 3773 1332 3842 ingressurum,
1382 3786 1481 3840 pro
1535 3771 1836 3842 ingressum
1877 3786 2022 3836 esse,
2063 3779 2120 3827 et
2157 3785 2242 3826 re-

663 3867 959 3936 quievisse,
980 3876 1037 3922 et
1057 3866 1342 3921 divertisse
1370 3866 1437 3919 ad
1471 3866 1619 3920 illum
1648 3865 1823 3922 furem
1848 3867 2237 3938 exspoliantem

663 3955 721 4012 in
754 3956 862 4023 via,
901 3965 959 4010 ut
997 3970 1065 4011 ex
1109 3956 1213 4011 hoc
1238 3962 1521 4025 appareat,
1552 3956 1749 4026 inquit,
1783 3972 1875 4012 eos
1906 3956 2112 4013 habere
2145 3972 2238 4013 cor

665 4063 992 4113 consonum,
1017 4047 1336 4117 conspirans
1366 4048 1637 4115 videlicet,
1663 4058 1719 4105 et
1752 4048 1992 4119 ejusdem
2020 4059 2236 4104 senten-

665 4137 774 4192 tize.
806 4135 885 4191 llli
917 4136 1061 4191 enim
1086 4134 1513 4208 Hierosolymam
1546 4138 1843 4192 ascendere
1877 4136 2121 4193 volentes
2141 4153 2237 4208 per

660 4227 1011 4285 latrocinium
1059 4230 1440 4300 despoliabant
1469 4250 1482 4285 :
1528 4231 1583 4286 hi
1616 4246 1738 4285 cum
1778 4229 1910 4301 ipsis
1942 4230 2118 4286 scelus
2154 4231 2238 4285 di-

657 4322 955 4387 videbant,
1011 4322 1347 4394 direptorum
1402 4337 1432 4377 a
1476 4322 1779 4379 latronibus
1858 4321 2024 4391 impie
2070 4322 2237 4392 parti-

658 4415 831 4485 cipes.

727 4505 1048 4562 Gaudebant
1086 4506 1251 4561 etiam
1302 4505 1615 4562 Iudaeorum
1656 4506 1821 4561 duces
1864 4514 1922 4560 et
1964 4506 2231 4577 magistri,

656 4611 781 4652 cum
807 4599 1094 4653 credentes
1122 4597 1175 4652 in
1206 4597 1485 4653 Christum
1520 4595 1729 4651 nefarie
1764 4605 2227 4667 oppugnarentur,
2263 4621 2305 4675 ι)

656 4688 885 4760 aliisque
922 4688 1257 4744 irruentibus
1288 4701 1344 4743 et
1382 4687 1835 4743 latrocinantibus
1878 4702 2003 4743 sese
2047 4687 2229 4742 socios

566 4817 577 4828 .
653 4779 1042 4851 adjungebant,
1082 4795 1149 4836 ex
1203 4779 1441 4834 ﬁdelium
1483 4778 1858 4848 persecutione
1898 4777 2227 4849 voluptatem

654 4871 951 4942 capientes,
979 4883 1033 4928 et
1060 4872 1214 4942 quasi
1246 4873 1533 4942 quemdam
1578 4871 1843 4928 latronem
1878 4873 2137 4929 Satanam
2168 4872 2223 4928 in

654 4964 896 5019 animum
932 4975 989 5020 et
1016 4980 1111 5022 cor
1135 4966 1512 5037 suscipientes,
1547 4980 1642 5021 eos
1674 4965 1822 5021 omni
1853 4980 2016 5022 sensu
2042 4966 2223 5037 pieta-

657 5054 726 5106 tis
762 5068 922 5124 quem
971 5055 1247 5111 habebant
1297 5060 1611 5123 nudantcm,
1646 5067 1705 5110 ut
1736 5062 1791 5111 et
1813 5070 2113 5111 consonum
2148 5055 2225 5111 illi

652 5153 748 5191 cor
782 5138 1065 5197 haberent.
1110 5142 1572 5209 Quemadmodum
1607 5144 1749 5198 enim
1784 5163 1803 5195 ι
1843 5146 1934 5214 qui
1985 5146 2225 5199 adhaeret

651 5227 785 5295 Deo,
831 5246 969 5287 unus
1014 5234 1238 5302 spiritus
1271 5243 1354 5290 est
1404 5251 1524 5289 cum
1560 5249 1626 5289 eo
1653 5235 1695 5299 ⁷,
1734 5253 1755 5287 ι
1794 5236 1982 5289 eodem
2040 5238 2221 5299 modo,

650 5321 861 5389 opinor,
891 5324 983 5394 qui
1021 5323 1242 5383 Satanae
1287 5328 1547 5390 adhaeret,
1582 5342 1747 5381 unum
1792 5340 1913 5381 cum
1966 5327 2083 5396 ipso
2130 5341 2224 5383 cor

650 5413 889 5469 habebit.

724 5504 892 5560 Vsus.
925 5506 979 5563 ‘2.
1029 5507 1221 5563 Omnes
1252 5509 1487 5564 malitias
1521 5524 1702 5563 eorum
1736 5511 2042 5563 recordatus
2084 5526 2223 5566 sum.

651 5591 812 5650 Nunc
843 5601 1299 5655 circumdederunt
1324 5617 1411 5656 eos
1443 5601 1783 5672 cogitationes
1814 5615 2013 5668 eorum,
2040 5612 2224 5659 contra

648 5684 837 5753 faciem
863 5704 1029 5741 meam
1056 5690 1211 5759 facttv
1231 5701 1374 5745 sunt.

2348 2024 2586 2098 λῃστὴς
2621 2024 2692 2078 ἐν
2727 2021 2804 2091 τῇ
2851 2020 2969 2086 ὀδῷ
2997 2020 3204 2086 αὑτοῦ,
3250 2019 3409 2086 ὅπως
3455 2016 3810 2085 συν-ᾄδωσιν
3844 2017 3909 2083 ὡς

2348 2118 2599 2189 ᾅδοντες
2634 2113 2709 2185 τῇ
2744 2112 2959 2182 καρδίᾳ
2995 2111 3214 2167 αὐτῶν.

2419 2232 2496 2286 O’.
2548 2227 2775 2298 Ἀγαθὸς
2817 2225 2916 2297 μὲν
2966 2223 3146 2294 φύσει,
3204 2223 3300 2277 καὶ
3346 2241 3365 2274 ι
3420 2222 3777 2288 ἀνεξίκακος,
3822 2237 3908 2291 μα⁴

2348 2318 2621 2391 κρόθυμός
2650 2333 2709 2370 τε
2744 2316 2837 2369 καὶ
2878 2313 3179 2376 πολυέλεως
3229 2332 3249 2365 ι
3283 2313 3359 2376 ὼς
3399 2312 3613 2384 ἀληθῶς
3649 2314 3679 2365 ό
3714 2312 3906 2365 πάντων

2346 2406 2643 2475 Δεσπότης.
2683 2402 2824 2457 Ἀλλ’
2848 2403 2953 2467 ἕως
2988 2400 3068 2455 ἔτι
3098 2403 3211 2464 τοῖς
3250 2400 3537 2454 πταίουσιν
3579 2397 3903 2462 ἀνεξικακεῖ,

2346 2495 2786 2569 κατακρύπτεταί
2824 2512 2941 2558 πως
2968 2491 3145 2546 αὐτῶν
3166 2490 3245 2545 ἔτι
3271 2492 3338 2545 τά
3369 2490 3715 2561 ἐγκλήματα.
3735 2487 3902 2550 Ἐπιξ-

2350 2590 2518 2665 ιόντος
2554 2588 2610 2642 δὲ
2650 2588 2773 2660 ἤδη,
2814 2586 2909 2640 καὶ
2957 2585 3113 2647 δίκας
3179 2583 3507 2652 ἐπάγοντος,
3552 2582 3648 2636 καὶ
3699 2581 3905 2651 ἠρεμεῖν

2344 2679 2445 2731 οὐκ
2488 2675 2842 2748 ἀνεχομένου,
2873 2673 3060 2728 λοιπόν
3091 2675 3240 2726 ἐστιν
3290 2672 3531 2743 ἐναργῆ,
3575 2670 3674 2724 καὶ
3715 2672 3904 2724 ἀποκα-

2344 2770 2641 2823 λύπτεσθαι
2665 2786 2781 2832 πως
2806 2768 2906 2838 ἤδη
2928 2768 3092 2834 δοκεῖ,
3121 2768 3281 2839 μόνον
3303 2766 3359 2819 δὲ
3386 2765 3506 2836 οὐχὶ
3530 2765 3623 2818 καὶ
3646 2765 3733 2827 εἰς
3766 2763 3906 2833 μέσον

2343 2861 2591 2933 ὴγμένα,
2643 2864 2757 2924 τοῖς
2817 2861 3069 2915 ἁπάντων
3120 2860 3417 2931 ὀφθαλμοῖς
3470 2857 3709 2929 ὁρᾶσθαι
3761 2856 3901 2924 φιλεῖ.

2343 2954 2513 3010 Τοῦτο
2541 2956 2637 3009 καὶ
2679 2954 2775 3009 νῦν
2825 2953 3043 3009 ἔσεσθαί
3077 2971 3211 3025 φησι
3253 2952 3394 3006 κατά
3428 2951 3522 3005 τοῦ
3562 2947 3901 3020 Ἐφραῖμυδ

2343 3046 2445 3117 τῆς
2474 3045 2805 3117 Σαμαρείας.
2833 3046 2943 3100 Καὶ
2970 3045 3060 3098 τὸν
3088 3046 3187 3115 μὲν
3218 3041 3457 3114 Ἐφραῒμ
3488 3041 3679 3095 ἐνθάδε
3716 3040 3903 3111 νοήσεις

2342 3137 2441 3208 τὴν
2475 3138 2533 3189 ὲν
2566 3139 2633 3209 τῇ
2674 3135 2956 3207 Σαμαρείᾳ
2984 3135 3230 3206 βασιλίδα
3272 3134 3464 3205 φυλὴν,
3507 3132 3566 3199 ἐξ
3591 3128 3659 3205 ἧς
3708 3132 3903 3201 γέγονεν

2353 3227 2655 3299 Ἰεροόοάμ,
2684 3229 2777 3280 καὶ
2802 3228 2851 3280 οἱ
2881 3226 3002 3281 καθ’
3026 3227 3172 3297 ἑξῆς·
3197 3226 3503 3297 Σαμάρειαν
3530 3224 3586 3277 δὲ
3617 3225 3748 3287 τοὺς
3772 3224 3825 3275 ὲν
3848 3222 3901 3292 τῇ

2343 3319 2645 3390 Σαμαρείᾳ,
2673 3318 2938 3383 τουτέστι,
2969 3318 3068 3381 τὰς
3112 3318 3244 3371 δέκα
3283 3317 3474 3387 φυλάς.
3512 3314 3903 3383 Ἀποκαλυφθή-

2345 3411 2529 3464 σεσθαι
2562 3411 2620 3464 δέ
2660 3427 2793 3479 φησι
2842 3409 2941 3473 τὰς
2994 3410 3268 3481 ἁμαρτίας
3313 3408 3511 3472 αὐτῶν,
3569 3406 3658 3460 διά
3714 3404 3903 3460 τοιάσδε

2342 3501 2495 3565 τινὰς
2536 3502 2733 3565 αἰτίας,
2763 3503 2849 3556 ὅτι
2887 3503 2982 3555 καὶ
3023 3501 3345 3572 εἰργάσαντο
3382 3499 3573 3569 ψευδῆ,
3612 3498 3823 3570 ψυχράν
3854 3512 3900 3546 τε

2342 3595 2436 3646 καὶ
2479 3593 2644 3646 ἓωλον
2677 3592 2929 3664 λατρείαν
2964 3591 3435 3661 ἐπιτηδεύσαντες,
3470 3592 3566 3644 καὶ
3606 3585 3901 3661 τεχνουργοὶ

2340 3682 2622 3752 γεγονότες
2649 3682 2905 3748 εἰδώλων,
2950 3681 3202 3752 καθάπερ
3230 3681 3386 3751 ἔφην,
3412 3681 3504 3735 καὶ
3540 3681 3624 3733 ὅτι
3659 3680 3899 3748 κλέπτης,

2342 3773 2607 3838 τουτέστι,
2646 3772 2849 3846 λῃστὴς
2885 3774 3020 3846 πρὸς
3046 3773 3207 3827 αὐτὸν
3240 3771 3624 3836 εἰσελεύσεται,
3650 3771 3772 3825 ἀντὶ
3791 3769 3890 3829 τοῦ,

2340 3867 2583 3937 εἰσῆλθε,
2629 3867 2725 3920 καὶ
2761 3867 3128 3933 ἀνεπαύσατο,
3178 3867 3274 3921 καὶ
3314 3864 3572 3919 κατέλυσε
3608 3865 3745 3936 παρ’
3772 3860 3898 3931 αὐτῴ

2340 3954 2600 4026 κλέπτης,
2629 3954 2959 4009 ὲκδιδύσκων
2987 3958 3043 4009 ὲν
3072 3955 3175 4027 ὀδῷ
3194 3971 3206 3985 ·
3238 3956 3303 4009 ἵν’
3329 3956 3395 4009 ὲκ
3418 3956 3609 4010 τούτου
3638 3954 3896 4024 φαίνηται,

2340 4047 2523 4119 φησὶν,
2546 4048 2628 4101 ὅτι
2660 4048 2988 4118 συνᾴδουσαν
3016 4048 3199 4119 ἔχουσι
3224 4048 3324 4116 τὴν
3351 4048 3603 4121 καρδίαν,
3630 4048 3897 4118 σύμφωνον

2337 4140 2598 4211 δηλονότι,
2619 4142 2714 4194 καὶ
2736 4141 3117 4212 ὁμογνώμονα.
3136 4144 3198 4196 Oi
3225 4142 3324 4215 μὲν
3342 4141 3450 4213 γὰρ
3478 4141 3765 4214 ἐλῄστευον
3791 4141 3896 4203 τοὺς

2336 4232 2396 4284 ὲν
2416 4233 2527 4295 τοῖς
2551 4231 2941 4304 Ἰεροσολύμοις
2968 4232 3277 4287 ἀναϐαίνειν
3298 4232 3582 4296 ἐθέλοντας
3599 4249 3616 4264 ο
3633 4234 3683 4286 οἱ
3705 4232 3759 4286 δὲ
3780 4229 3896 4301 πρὸς

2335 4322 2534 4386 αὐτοὺς
2568 4323 2882 4395 ἐμερίζοντο
2921 4324 2990 4376 τὰ
3032 4325 3372 4396 ἐγκλήματα,
3402 4322 3511 4377 τῶν
3553 4319 3895 4395 λελῃστευμί-

2334 4431 2440 4468 νων
2468 4413 2697 4477 ἀνοσίως
2732 4414 3149 4483 μετεσχηκότες.

2410 4504 2665 4574 Ἐχαιρον
2700 4502 2757 4555 δὲ
2787 4503 2881 4555 καὶ
2905 4504 2953 4555 οί
2984 4501 3092 4555 τῶν
3133 4500 3400 4555 Ἰουδαίων
3446 4498 3781 4570 καθηγηταί,
3808 4513 3893 4549 πο-

2333 4594 2684 4666 λεμουμένων
2717 4595 2963 4659 ἐκτόπως
2995 4594 3102 4648 τῶν
3135 4594 3500 4648 πιστευόντων
3536 4597 3615 4657 είς
3653 4589 3889 4664 Χριστὸν,

2333 4689 2429 4740 καὶ
2475 4688 2725 4741 κοινωνοὶ
2780 4686 2883 4757 τῆς
2933 4686 3134 4757 ἐτέρων
3191 4686 3378 4755 ἐφόδου
3422 4701 3483 4737 τε
3522 4686 3618 4739 καὶ
3661 4682 3891 4756 λῃστείας

2332 4779 2589 4849 ἐγίνοντο,
2634 4779 2981 4850 διωκομένοις
3014 4779 3336 4851 ἐφηδόμενοι
3381 4781 3495 4841 τοῖς
3533 4780 3775 4842 πιστοῖς,
3812 4774 3890 4828 καὶ

2331 4871 2533 4944 λῃστὴν
2571 4870 2761 4943 ὥσπερ
2790 4871 2913 4925 τινὰ
2950 4873 3042 4925 τὸν
3094 4872 3339 4925 Σατανᾶν
3372 4872 3453 4934 εἰς
3481 4869 3607 4923 νοῦν
3641 4870 3738 4924 καὶ
3770 4884 3888 4937 καρ-

2327 4963 2447 5018 δίαν
2481 4964 2783 5035 δεχόμενοι,
2823 4964 2914 5018 τὸν
2952 4963 3171 5034 ἀπάσης
3204 4962 3484 5025 εὐσεϐείας
3517 4961 3608 5015 τὸν
3640 4962 3700 5014 ὲν
3728 4960 3887 5019 αὐτοῖς

2328 5056 2777 5128 ἀπαμφιεννύντα
2807 5057 2951 5120 νοῦν,
2979 5057 3066 5110 ἴνα
3108 5058 3203 5110 καὶ
3245 5055 3534 5127 σύμφωνον
3560 5054 3737 5124 ἔχοιεν
3769 5051 3885 5123 πρὸς

2329 5150 2490 5205 αὐτὸν
2524 5150 2624 5221 τὴν
2657 5150 2904 5222 καρδίαν.
2931 5149 3142 5220 ’Ὠσπερ
3178 5150 3286 5219 γὰρ
3316 5167 3334 5199 ι
3376 5148 3433 5201 '0
3462 5147 3797 5217 κολλώμενος
3821 5140 3885 5212 τῷ

2330 5238 2519 5310 Κυρίῳ
2548 5238 2606 5293 ἓν
2632 5239 2851 5310 πνεῦμά
2877 5241 3012 5303 ἐστι,
3039 5258 3055 5289 ι
3089 5238 3229 5292 κατὰ
3254 5238 3346 5291 τὸν
3373 5238 3555 5303 αὑτὸν,
3580 5232 3754 5307 οἶμαι,
3782 5232 3884 5303 τρό-

2330 5346 2432 5383 πον
2487 5331 2579 5383 καὶ
2617 5330 2646 5381 ό
2676 5329 2754 5401 τῷ
2788 5330 3001 5400 Σατανᾷ
3048 5327 3385 5399 κολλώμενος
3433 5328 3563 5399 μίαν
3614 5327 3725 5393 ἔξει
3765 5325 3883 5397 πρὸς

2327 5421 2488 5477 αὐτὸν
2515 5422 2613 5493 τὴν
2645 5421 2892 5493 καρδίαν.

2398 5512 2607 5580 Πάσας
2638 5513 2746 5580 τὰς
2775 5512 2989 5581 κακίας
3010 5512 3210 5568 αὐτῶν
3234 5511 3566 5584 ἐμνήσθην.
3595 5512 3725 5568 Νῦν
3759 5509 3881 5563 suo.

2327 5610 2575 5662 κλωσαν
2610 5607 2832 5671 αὐτοὺς
2864 5606 2937 5660 τὰ
2976 5606 3289 5665 διαόούνίια
3347 5606 3568 5673 αὐτῶν,
3611 5604 3881 5661 ἀπέναντι

2325 5698 2649 5767 προσώπου
2677 5715 2790 5755 μου
2820 5697 3118 5769 ἐγένοντο.

719 5872 917 5928 'Joan.
956 5888 1031 5940 Ix,
1058 5873 1145 5928 ‘22.
1224 5873 1245 5906 ’δ
1270 5874 1456 5929 Multi).
1520 5887 1674 5938 χχιιι,
1733 5871 1815 5926 15.
1891 5873 1963 5913 ⁸--θ
1997 5871 2109 5929 Joel
2142 5888 2200 5939 ll,

2366 5876 2509 5934 Psal.
2542 5875 2738 5944 Lxxxv,
2772 5878 2856 5933 15.
2930 5879 2950 5909 ⁷
2982 5876 3000 5932 l
3040 5877 3164 5934 Cor.
3196 5894 3267 5944 vr,
3304 5879 3385 5933 l7.
