4068 6540
192 410 295 465 ιω

1119 405 1669 467 COMMENTARIUS
1711 408 1775 463 IN
1816 406 2044 463 OSEAM
2084 404 2532 460 ΡΒΟΡΙΙΕΤᾹΜ.

3358 402 3465 457 1δῆ

260 519 389 573 UA'.
425 518 571 583 Ἕως
601 519 678 573 In
712 519 925 593 φορητά
955 521 1049 574 καὶ
1094 523 1485 594 μεμετρημένα
1532 524 1770 594 πλημμε-

1962 517 2146 575 LXXI.
2177 519 2425 586 Quandiu
2477 518 2653 571 adhuc
2699 514 3052 571 tolerabiliter
3080 514 3468 584 moderateque

193 610 416 681 λοῦμεν,
460 609 537 673 ὡς
586 610 899 683 ἄνθρωποι,
951 613 1045 665 καὶ
1097 612 1372 667 εὐόλισθον
1440 613 1657 683 ἔχοντες
1702 617 1781 676 εἰς

192 706 472 776 ἁμαρτίαν
498 704 595 775 τὴν
626 705 806 775 φύσιν,
840 705 1271 778 παραπέμπεται
1297 706 1428 771 Θεὸς
1456 708 1515 773 ἐξ
1541 707 1782 778 ἐμφύτου

189 796 624 866 εριλανθρωπίας.
657 793 779 849 Οἵδε
809 797 918 869 γὰρ
950 797 1010 851 τὸ
1044 797 1268 869 πλάσμα
1292 800 1326 870 ή
1336 798 1473 869 μῶν,
1508 798 1781 870 μέμνηται

187 889 261 949 δὲ,
300 888 383 941 ὅτι
419 887 513 940 καὶ
545 886 675 958 χοῦς
702 890 890 957 ἐσμεν,
919 888 1060 942 κατὰ
1084 889 1180 961 τὴν
1208 888 1303 943 τοῦ
1340 888 1633 959 ψάλλοντος
1665 906 1780 958 φω-

186 980 310 1049 νήν.
355 978 526 1034 Ἐπάν
567 979 623 1032 δὲ
658 997 711 1033 τι
750 980 930 1049 μέγα,
966 981 1060 1035 καὶ
1092 981 1347 1048 ἐξαίσιον,
1378 982 1471 1035 καὶ
1502 981 1780 1035 δύσοιστον

183 1070 407 1142 ἀληθῶς
441 1073 746 1144 πράττηται
778 1074 906 1143 παρ’
936 1073 1120 1144 ήμῶν,
1146 1073 1174 1127 ὃ
1201 1074 1294 1126 καὶ
1335 1074 1508 1144 αὐτὴν
1543 1072 1657 1126 ἐσθ’
1690 1073 1779 1126 ὅτε

182 1162 287 1234 τὴν
314 1162 411 1216 τοῦ
438 1163 716 1235 κρίνοντος
745 1164 1014 1235 ἠπιότητα
1041 1164 1352 1237 παραθήγει
1381 1165 1587 1229 λοιπὸν,
1618 1165 1779 1236 μόνον

181 1252 243 1305 δὲ
277 1254 400 1325 οὐχὶ
428 1255 521 1307 καὶ
547 1255 647 1308 οὐκ
683 1255 971 1309 ἐθέλουσαν
998 1256 1389 1321 καταϐιάζεται
1421 1257 1559 1328 πρὸς
1587 1257 1776 1329 ὀργὴν,

181 1345 247 1397 τὺ
276 1346 534 1415 τηνικάδε
564 1346 746 1417 τρέχει
785 1348 922 1419 πρὸς
949 1348 1275 1420 ἀνάμνησιν,
1305 1349 1380 1414 ὡς
1424 1350 1552 1413 ἔπος
1583 1351 1775 1410 εἰπεῖν,

179 1436 297 1487 τῶν
326 1454 437 1490 τισι
476 1438 1049 1511 πεπλημμελημένων.
1091 1440 1360 1513 Ταύτητοί
1390 1459 1524 1513 φησι
1564 1443 1690 1515 περί
1718 1460 1777 1496 τε

178 1526 279 1578 τοῦ
321 1525 559 1600 Ἐςραῒμ
612 1530 703 1583 καὶ
731 1530 829 1600 τῆς
858 1531 1190 1603 Σαμαρείας,
1217 1533 1297 1586 ὅτι
1330 1533 1517 1597 Πάσας
1544 1532 1643 1597 τάς
1672 1550 1776 1587 κα-

176 1616 311 1679 κίας
359 1618 537 1671 αὐτῶν
568 1617 868 1690 ἐμνήσθην.
915 1620 1075 1684 Εἰκὸς
1106 1621 1162 1674 δὲ
1196 1620 1357 1674 πάλιν
1386 1622 1608 1675 κάκεῖνο
1645 1621 1777 1691 ήμίν

174 1708 238 1758 ὲν
274 1707 486 1772 τούτοις
515 1710 575 1762 τὸ
604 1710 940 1781 προφητικδν
970 1710 1145 1767 θέλειν
1195 1711 1496 1784 ύποδηλοῦν
1557 1729 1775 1790 χρησμ-

171 1799 402 1869 ᾠδημα.
445 1801 681 1875 Παρῆκα
717 1801 819 1872 μὲν
850 1801 958 1872 γὰρ
985 1801 1330 1870 φιλαγάθως,
1377 1802 1539 1872 φησι,
1566 1802 1672 1856 τῶν
1718 1804 1775 1856 ὲν

1885 626 2191 683 peccamus,
2254 620 2311 665 ut
2370 609 2619 663 homines
2679 616 2737 662 et
2781 617 3031 661 naturam
3078 607 3143 661 ad
3179 618 3463 677 peccatum

1884 702 2174 774 proclivem
2204 702 2478 765 habentes,
2499 701 2639 755 Deus
2662 715 2724 754 ex
2745 700 2978 755 naturali
3004 699 3339 769 benignitate
3366 717 3462 752 sua

1884 793 2177 850 conuivet:
2214 812 2232 845 ι
2272 792 2416 847 novit
2438 791 2585 869 enim
2616 791 2931 861 figmentum
2958 799 3202 846 nostrum
3244 791 3321 862 (et
3355 807 3467 844 tne-

1884 882 2085 954 minit),
2127 882 2252 953 quia
2284 880 2457 951 pulvis
2484 879 2728 945 sumus‘,
2763 897 2781 930 ι
2824 879 2979 948 juxta
3020 892 3207 931 vocem
3239 876 3468 931 Psalmi-

1882 983 1999 1027 εισι.
2034 974 2091 1027 Si
2123 974 2248 1043 quid
2278 981 2459 1027 autem
2491 986 2749 1041 magnum
2777 980 2832 1024 et
2860 984 3086 1025 enorme
3120 983 3359 1039 vereque
3391 970 3465 1023 itt-

1884 1063 2161 1120 tolerahile
2203 1080 2231 1119 a
2272 1064 2429 1119 nobis
2473 1066 2816 1127 admittatur,
2862 1062 3005 1131 quod
3054 1070 3109 1115 et
3151 1061 3322 1130 ipsam
3365 1059 3465 1113 ali-

1885 1156 2107 1226 quando
2128 1154 2327 1224 jutlicis
2345 1155 2619 1211 lenitatem
2635 1155 2888 1224 deinceps
2907 1159 3158 1213 exacuat.
3172 1161 3229 1207 et
3254 1159 3460 1205 tantum

1883 1263 1986 1301 non
2027 1248 2252 1301 invitam
2279 1248 2345 1302 ad
2374 1247 2509 1302 iram
2548 1244 3033 1315 compellat,‘tnnc,
3069 1245 3225 1299 utita
3256 1243 3459 1305 dicam.

1882 1339 1933 1393 in
1971 1341 2310 1402 memoriam,
2356 1354 2387 1394 a
2432 1338 2756 1409 quibusdam
2802 1338 3012 1393 nefarie
3046 1335 3458 1391 commissorum

1880 1432 2203 1499 regreditur.
2236 1428 2444 1486 idcirco
2472 1431 2539 1484 de
2566 1428 2823 1498 Ephreim
2870 1436 2926 1484 et
2971 1426 3219 1483 Samaria
3261 1425 3461 1495 inquit,

1878 1536 1938 1577 se
1969 1537 2157 1577 omnes
2213 1537 2401 1577 eorum
2454 1522 2696 1577 malitias
2736 1522 3081 1578 recordatum
3138 1533 3284 1576 esse.
3315 1518 3462 1573 Con-

1879 1624 2195 1669 sentaneum
2231 1624 2315 1670 est
2351 1629 2565 1683 quoque
2585 1614 2959 1684 propheticum
2987 1612 3269 1668 oraculum
3294 1611 3459 1665 etiam

1879 1706 2007 1760 illttd
2040 1706 2196 1762 nobis
2238 1706 2397 1777 107
2424 1705 2562 1761 velle
2611 1706 2908 1761 insinuare.
2946 1705 3248 1761 Vindictam
3296 1703 3461 1759 caedis

1885 1796 2295 1852 Sichimitarum
2342 1814 2371 1851 a
2419 1798 2571 1862 Levi,
2607 1807 2829 1868 prepter
2857 1796 3054 1852 Dinam
3083 1796 3249 1850 filiam
3288 1794 3462 1850 Jacob

173 1892 435 1961 Σικίμοις
480 1892 840 1947 ἀπολωλότων
870 1892 976 1947 {mli
1007 1893 1138 1947 Λευῒ
1176 1895 1283 1963 τὴν
1308 1895 1540 1967 σφαγὴν,
1573 1894 1664 1950 διά
1692 1912 1770 1948 τοι

1878 1889 2216 1958 petulantius
2250 1899 2536 1945 tractatam
2567 1890 2879 1945 commissae
2930 1887 3275 1959 pratermisi.
3308 1888 3459 1954 Quo-

171 1983 440 2055 ὑῦρίσθαι
480 1983 642 2039 Δίναν
676 1984 779 2057 τὴν
828 1984 888 2053 ἐξ
922 1986 1139 2039 Ἰακώϐ.
1181 1986 1399 2059 Ἐπειδὴ
1434 1987 1491 2041 δὲ
1541 1989 1637 2041 καὶ
1679 1986 1787 2041 νῦν·

170 2075 552 2139 ἀπεκτόνασι,
610 2076 962 2149 μεμνήσομαι
1010 2078 1106 2131 καὶ
1150 2077 1251 2149 τῆς
1299 2078 1537 2150 ἀρχαίας
1596 2079 1789 2134 αὐτῶν

170 2165 419 2231 ἀδικίας,
456 2167 550 2220 καὶ
580 2168 657 2231 ὡς
700 2169 967 2239 φονευτὴν
1007 2170 1107 2242 ήδη
1152 2172 1247 2225 καὶ
1301 2172 1486 2243 ἀπηνῆ
1528 2172 1627 2225 καὶ⁸
1666 2172 1787 2226 τῶνι

173 2255 356 2309 πάλαι
383 2257 878 2330 πλημμελημάτων
908 2260 1182 2333 ὲξαιτήσω
1211 2262 1385 2327 δίκας.
1417 2282 1436 2315 ι
1469 2264 1773 2336 Ἐκύκλησε

168 2347 291 2419 γὰρ
317 2350 534 2414 αὐτοὺς,
569 2352 723 2422 φησὶ,
751 2352 822 2406 τὰ
858 2353 1137 2408 διαδούλια
1163 2356 1366 2410 αὐτῶν.
1391 2377 1410 2409 ι
1442 2358 1671 2429 Ὅμοιον
1699 2358 1785 2423 ὡς

169 2441 224 2492 εί
268 2440 452 2511 λέγοι,
498 2443 966 2521 Πεπολιόρκηνται
1011 2447 1197 2502 λοιπὸν
1231 2447 1335 2502 ὑπὸ
1363 2449 1472 2503 τῶν
1507 2449 1653 2503 ίδίων
1686 2451 1773 2502 ὲν-

169 2533 544 2605 θυμημάτων,
580 2538 672 2590 καὶ
717 2538 950 2592 ἀνοσίων
1001 2540 1277 2610 σκέψεωνα
1308 2543 1638 2597 ἀπεκτόνασι
1674 2542 1775 2613 μὲν

169 2626 288 2699 γάρ
322 2627 459 2699 δόλῳ
508 2630 603 2683 καὶ
646 2630 830 2703 ἀπάτῃ
865 2632 1127 2696 τοὺςάπδ
1172 2634 1415 2705 Σικίμων
1464 2635 1619 2697 ποτὲ,
1652 2622 1774 2689 νυνὶ

164 2719 228 2772 δὲ
255 2719 557 2793 λῃστείαις,
578 2721 755 2777 καίτοι
777 2724 914 2796 πρὸς
930 2724 1062 2779 Θεὸν
1082 2728 1528 2799 ἐπιστρέφοντας.
1553 2727 1772 2799 Ἐπειδὴ

165 2811 231 2866 δὲ
281 2813 429 2883 πέρα
467 2813 627 2883 λόγου
678 2815 747 2868 τὰ
794 2816 1246 2889 πλημμελήματα
1290 2817 1474 2872 λοιπὸν
1508 2820 1771 2873 ἀπέναντι

166 2903 270 2957 τοῦ
293 2904 592 2975 προσώπου
617 2925 719 2978 μου
741 2909 1010 2977 ἐγένοντο,
1029 2910 1089 2963 οὐ
1112 2911 1222 2983 γὰρ
1242 2911 1588 2983 περιόψομαι,
1616 2912 1770 2983 φησι,

170 2999 243 3049 τὰ
270 2996 459 3050 τοιάδε
500 2999 614 3052 τῶν
643 3001 853 3065 κακῶν,
883 3001 1010 3056 οὔτε
1046 3002 1152 3074 μὴν
1179 3004 1238 3069 ἐξ
1265 3004 1529 3075 ὀμμάτων
1575 3004 1656 3058 ἔτι
1688 3022 1772 3059 τι-

173 3088 320 3153 θεὶς,
358 3089 563 3163 βραδὺς
593 3091 790 3164 ἔσομαι
818 3095 1110 3166 κολαστής.

253 3182 611 3238 Ἐκύκλωσαν
651 3185 937 3250 Ἰουδαίους
983 3186 1052 3239 τά
1096 3186 1376 3242 διαδούλια
1424 3188 1624 3250 αὐτῶν,
1672 3188 1771 3242 καὶ

1878 1980 2021 2035 niam
2057 1992 2239 2037 autem
2271 1990 2325 2037 et
2359 1996 2504 2037 nunc
2535 1982 2711 2037 caedes
2740 1979 3079 2047 factitarunt,
3110 1980 3275 2034 etiam
3304 1987 3458 2033 vete-

1876 2073 1954 2129 ris
2005 2072 2217 2128 illorum
2252 2073 2556 2143 iniquitatis
2599 2073 2950 2139 recordabar,
2996 2079 3050 2127 et
3096 2079 3355 2142 tanquam
3389 2068 3475 2124 ab.

1875 2162 2163 2219 homicidis
2185 2172 2244 2218 et
2282 2163 2601 2220 crudelibus
2626 2166 2931 2235 priscorum
2975 2176 3197 2233 quoque
3230 2160 3459 2217 delicto-

1877 2269 1995 2310 rem
2045 2268 2238 2325 ptenas
2276 2271 2509 2311 sumant.
2546 2273 2568 2308 ι
2620 2255 3106 2311 Circumdederunt
3148 2253 3293 2308 enim
3328 2267 3456 2321 eos,

1876 2345 2078 2415 inquit,
2120 2348 2481 2418 cogitationes
2525 2349 2789 2418 ipsorum.
2829 2365 2851 2401 ι
2885 2346 3049 2416 Quasi
3091 2346 3257 2413 dicat,
3285 2346 3399 2415 jam
3425 2360 3458 2400 a

1875 2438 2110 2507 propriis
2170 2438 2599 2509 cogitationibus
2651 2449 2707 2494 et
2746 2439 2931 2511 impiis
2982 2437 3471 2495 cemmeutationi-.

1874 2529 1982 2583 bus
1998 2529 2207 2584 obsessi
2253 2540 2402 2585 sunt.
2444 2529 2550 2584 Per
2575 2530 2754 2586 dolum
2790 2530 2935 2586 enim
2973 2540 3041 2585 et-
3061 2530 3331 2583 fallaciam
3370 2526 3459 2583 Si-

1873 2625 2127 2679 chimitas
2188 2624 2318 2679 olim
2371 2623 2805 2691 obtruncarunt;
2852 2639 3037 2689 nunc,
3084 2633 3145 2678 ut
3191 2627 3455 2686 latrones,

1872 2714 2035 2771 etiam
2089 2714 2158 2768 ad
2225 2712 2395 2769 Deum
2442 2727 2504 2768 se
2548 2721 2928 2769 convertentes
2980 2722 3347 2782 peremerunt.
3393 2711 3468 2765 Es

1873 2805 2130 2876 quoniam
2162 2814 2386 2874 peccata
2412 2805 2665 2874 graviora
2695 2819 2859 2874 quam
2891 2804 2999 2858 dici
3028 2812 3207 2873 potest
3233 2803 3287 2857 in
3317 2817 3453 2857 con-

1873 2908 2061 2968 spectu
2120 2912 2241 2952 meo
2291 2906 2506 2966 patrata
2566 2906 2739 2962 sunt,
2799 2906 2947 2950 tanta
2994 2896 3133 2950 mala
3193 2910 3302 2950 non
3356 2910 3457 2950 ne-

1872 2990 2094 3061 gligam,
2134 3002 2310 3060 neque
2350 3004 2414 3044 ea
2458 2990 2528 3045 ab
2560 2989 2735 3045 oculis
2785 3003 3093 3053 removens,
3134 2988 3321 3043 tardus
3361 3001 3459 3043 ero

1872 3081 2111 3151 punitor.

1942 3171 2428 3227 Circumdederunt
2456 3171 2669 3229 Judazos
2687 3172 3049 3243 cogitationes
3068 3188 3258 3228 eorum
3283 3173 3449 3228 etiam

167 3270 264 3324 ἐπί
287 3288 355 3340 γε
390 3275 505 3338 τοῖς
530 3276 670 3328 κατά
701 3276 959 3348 Χριστόν.
1003 3276 1358 3333 Ἀπεκτόνασι
1391 3278 1490 3347 μὲν
1513 3278 1621 3348 γάρ
1642 3280 1767 3342 τοὺς

1872 3264 1924 3318 in
1956 3264 2021 3317 iis
2053 3277 2175 3333 qua:
2221 3265 2484 3319 adversus
2537 3264 2818 3320 Christum
2868 3265 3250 3335 designarnnt.
3296 3264 3456 3319 Occi-

168 3365 490 3436 προφήτας,
521 3366 969 3432 ἀνεξικακοῦντος
997 3368 1075 3423 ἔτι
1115 3368 1271 3424 Θεοῦ.
1323 3370 1541 3441 Ἐπειδὴ
1585 3370 1642 3423 δὲ
1676 3388 1765 3440 γε-

167 3459 368 3527 γόνασι
421 3459 514 3513 καὶ
566 3461 941 3533 Κυριοκτόνοι,
998 3481 1016 3513 t
1069 3463 1417 3516 Ἐκύκλωσαν
1456 3464 1653 3527 αὐτοὺς
1696 3464 1765 3519 τὰ

168 3546 457 3604 suasum
490 3552 688 3618 αὐτῶν,
722 3554 814 3607 καὶ
845 3554 1023 3618 πάσας
1049 3555 1228 3609 αὐτῶν
1254 3556 1351 3619 τὰς
1380 3555 1578 3621 κακίας
1605 3557 1766 3629 ἐμνή-

170 3643 277 3717 σθη
310 3646 341 3698 δ
367 3645 479 3699 τῶν
504 3646 638 3700 ὅλων
667 3645 817 3710 Θεός.
858 3671 877 3699 ι

253 3823 364 3877 Ἐν
402 3821 532 3888 ταῖς
562 3822 799 3890 κακίαις
847 3822 1048 3877 αὐτῶν
1095 3823 1404 3893 εὔφραναν
1447 3824 1757 3892 βασιλεῖς,

168 3912 271 3966 καὶ
298 3912 374 3965 ἐν
409 3913 536 3977 τοῖς
567 3914 861 3981 ψεύδεσιν
897 3914 1099 3969 αὐτῶν
1129 3915 1444 3984 ἄρχοντας.

239 4002 370 4057 OB'.
413 4000 560 4056 Ἐδει
588 4001 653 4073 δὴ
691 4002 891 4073 μᾶλλον
937 4003 1435 4075 ἀγαθουργοῦντας,
1470 4008 1624 4077 φησὶ,
1666 4008 1760 4061 καὶ

170 4095 275 4166 ζῇν
322 4093 615 4165 ἑλομένους
657 4095 918 4167 ἐννόμως,
946 4096 1248 4168 ἐξημεροῦν
1296 4097 1508 4161 ἑαυτοῖς
1540 4098 1633 4151 τὸν
1666 4097 1760 4151 λυ-

169 4186 411 4257 τρωτὴν,
447 4186 540 4240 καὶ
568 4188 986 4259 κατευφραίνειν
1013 4189 1104 4244 τὸν
1132 4188 1392 4254 σώζοντα,
1426 4189 1522 4244 καὶ
1548 4190 1762 4261 ἄμαχον

170 4277 366 4347 ἔχοντα
398 4277 534 4348 πρὸς
569 4276 728 4331 τοῦτο
759 4278 933 4348 ἰσχύν.
979 4275 1049 4334 Oi
1068 4278 1131 4355 δὲ
1163 4278 1322 4333 τοῦτο
1355 4280 1454 4351 μὲν
1483 4281 1544 4333 οὐ
1568 4280 1761 4351 δεδρά-

171 4385 321 4432 κασι,
376 4368 609 4442 ρᾴθυμοι
658 4369 713 4423 δὲ
773 4371 1059 4439 γεγονότες
1106 4371 1227 4425 λίαν
1278 4373 1407 4445 περὶ
1460 4373 1524 4427 τὸ
1577 4372 1761 4443 σφίσιν

171 4461 468 4529 ἀναγκαῖον
500 4462 581 4523 εἰς
611 4459 777 4533 ζωὴν,
812 4462 908 4514 καὶ
938 4462 1208 4533 χρήσιμον
1237 4465 1317 4527 είς
1345 4463 1668 4536 εὐημερίαν,
1699 4466 1760 4518 ἐν

170 4552 350 4607 οὐδενὶ
400 4552 499 4623 μὲν
553 4553 847 4623 πεποίηντο
893 4554 1037 4625 λόγῳ
1086 4554 1149 4608 τὸ
1197 4556 1561 4629 προσκρούειν
1617 4557 1757 4628 Θεῷ.

1866 3355 2065 3409 derunt
2095 3354 2243 3409 enim
2298 3356 2613 3424 prophetas,
2670 3356 2935 3413 tolerante
2963 3358 3142 3413 adhuc
3190 3355 3325 3413 Deo.
3380 3357 3454 3412 At

1865 3456 2151 3517 postquam
2172 3446 2549 3503 interfectores
2575 3447 2793 3504 Domini
2824 3458 3138 3515 evaserunt,
3171 3469 3189 3500 ι
3216 3450 3454 3505 circum-

1866 3540 2130 3596 dederunt
2180 3554 2276 3595 eos
2333 3540 2696 3610 cogitationes
2755 3555 2944 3597 eorum
2977 3583 2995 3609 ,
3049 3551 3105 3597 et
3166 3544 3453 3598 universas

1866 3629 2183 3687 earumdem
2213 3630 2451 3687 malitias
2504 3635 2883 3687 universorum
2935 3632 3078 3689 Deus
3118 3631 3445 3688 recordatus

1864 3732 1969 3778 est.
2010 3742 2029 3776 ι

1937 3814 2102 3874 Vens.
2138 3817 2191 3874 3.
2230 3815 2297 3872 In
2329 3816 2605 3885 maleﬁciis
2631 3816 2744 3870 suis
2778 3814 3183 3885 lmtiﬁcaverum
3208 3833 3374 3888 reges,
3398 3827 3451 3873 et

1864 3911 1919 3964 in
1948 3910 2234 3965 mendaciis
2259 3910 2371 3965 suis
2405 3911 2693 3980 principes.

1936 4001 2146 4059 LXXII.
2181 4001 2478 4073 Oportebat
2515 4000 2701 4071 potius
2740 4001 2807 4055 ad
2832 4000 3089 4056 virtutem
3124 4000 3448 4056 incumben-

1866 4106 1968 4163 tes,
2004 4104 2060 4151 et
2099 4095 2271 4151 vitam
2302 4110 2370 4152 ex
2403 4093 2615 4165 legibus
2660 4104 3053 4164 capessentes,
3093 4093 3447 4148 liberatorem

1864 4188 1967 4242 sibi
2028 4188 2300 4257 placatum
2352 4184 2611 4253 efﬁcere,
2665 4196 2721 4241 et
2745 4185 3029 4242 laetificare
3083 4196 3446 4249 servatorem,

1863 4278 2017 4348 cujus
2044 4278 2112 4333 ad
2150 4279 2380 4333 salutem
2411 4276 2642 4332 dandam
2667 4278 2813 4334 vires
2849 4287 2972 4334 sunt
3007 4278 3243 4336 invictam
3271 4281 3366 4337 Ast
3389 4281 3455 4337 hi-

1865 4368 2007 4424 isme
2040 4384 2147 4423 non
2176 4367 2443 4431 fecerunt,
2485 4367 2795 4438 segnissimi
2827 4378 3009 4423 autem
3062 4369 3117 4423 iu
3158 4383 3225 4423 eo
3252 4408 3267 4433 ,
3295 4372 3438 4439 quod

1864 4462 1997 4532 ipsis
2029 4461 2095 4515 ad
2131 4460 2297 4515 vitam
2325 4468 2469 4515 esset
2506 4459 2901 4525 necessarium,
2934 4468 2990 4512 et
3018 4462 3085 4513 ad
3120 4461 3437 4518 felicitatem

1865 4551 2208 4622 frugiferum,
2248 4549 2419 4605 Deum
2451 4547 2726 4604 offendere
2759 4565 2860 4620 pro
2889 4548 3058 4604 nihilo
3106 4552 3435 4607 habuerunt.

173 4643 640 4715 Συνυπεκρίνοντο
689 4644 747 4701 δὲ
780 4647 893 4709 τοῖς
925 4645 1136 4700 ἑαυτῶν
1172 4646 1475 4718 βασιλεῦσι,
1523 4649 1619 4703 καὶ
1648 4653 1761 4715 τοῖς

1872 4644 2038 4699 Simul
2088 4658 2218 4698 vero
2290 4643 2507 4712 regibus
2556 4641 2671 4697 suis
2726 4640 2927 4695 adulati
2976 4652 3141 4707 sunt,
3218 4657 3459 4698 assensu

174 4735 521 4808 ἡγουμένοις,
572 4739 640 4808 τῇ
692 4736 831 4809 πρὸς
863 4738 972 4791 πᾶν
1016 4737 1204 4793 ὁτιοῦν
1239 4738 1349 4794 τῶν
1397 4740 1627 4806 ἐκείνοις
1666 4742 1756 4796 δο-

174 4832 415 4884 κούντων
435 4829 706 4902 συνδρομῇ
728 4830 1239 4902 κατευφραίνοντες,
1267 4832 1361 4887 καὶ
1390 4833 1459 4888 τά
1485 4832 1757 4887 λυποῦντα

175 4924 305 4979 Θεὸν
335 4924 415 4988 εἰς
442 4923 637 4995 ήδονήν
676 4940 736 4976 τε
769 4924 863 4977 καὶ
888 4924 1080 4994 τέρψιν
1127 4927 1240 4989 τοῖς
1273 4924 1521 4980 πλανῶσι
1552 4926 1747 4998 δωρού-

178 5033 347 5088 μενοι.
381 5015 626 5070 Αίτιάται
651 5014 709 5069 δὲ
742 5015 925 5077 πάλιν,
955 5016 1031 5079 ὡς
1076 5016 1153 5087 τῷ
1197 5014 1475 5088 ἰεροὸοάμ
1527 5018 1759 5084 καὶτοῖς

176 5107 265 5161 ὑπ’
299 5107 463 5163 αὐτὸν
508 5107 737 5179 ἄρχουσι
771 5107 1300 5180 συνδεδραμηκότας,
1360 5111 1455 5164 καὶ
1497 5110 1763 5185 ἀμελλητὶ

177 5198 613 5262 κατανεύσαντας
640 5199 738 5270 τὴν
767 5199 859 5252 ἐπὶ
905 5201 1027 5262 ταῖς
1069 5198 1335 5269 δαμάλεσι
1363 5203 1486 5265 ταῖς
1534 5204 1761 5272 χρυσαῖς

180 5289 481 5345 ἐπινοοῦντι
496 5328 513 5355 ,
539 5288 790 5360 καὶπρὸς
811 5288 1005 5359 ἑτέραν
1033 5286 1289 5361 λατρείαν
1314 5289 1545 5353 ἀνοσίως
1564 5289 1762 5354 αὐτοὺς

179 5382 529 5454 ἀποκομίζειν
576 5380 832 5435 ἐθέλοντι.
875 5381 1021 5435 Ἔδει
1051 5382 1160 5454 γὰρ
1181 5421 1196 5447 ,
1233 5382 1341 5437 ἔδει
1393 5386 1504 5449 τοῖς
1537 5384 1761 5439 ἐκείνων

182 5474 461 5546 σκέμμασι
512 5473 604 5527 καὶ
638 5474 889 5539 ὲκτόποις
912 5475 1052 5543 άγαν
1095 5476 1520 5548 ἐπιχειρήμασιν
1565 5477 1760 5544 ἀντεξ-

183 5566 329 5635 άγειν
358 5567 590 5636 γενικῶς
617 5567 718 5638 τῆς
749 5568 828 5631 είς
874 5566 1007 5621 Θεὸν
1042 5566 1265 5640 ἀγάπης
1289 5569 1350 5621 τὸ
1388 5571 1630 5642 γνήσιον,
1666 5571 1762 5624 καὶ

183 5659 468 5730 πειρᾶσθαι
499 5659 729 5714 κωλύειν
761 5660 1148 5732 ἀφραίνοντας,
1181 5663 1276 5733 οὐχ
1318 5664 1552 5737 ἑτοίμως
1583 5665 1760 5732 ίόντας

183 5750 259 5815 είς
292 5750 592 5803 συναίνεσιν
630 5753 1052 5823 κατευιρραίνειν
1080 5753 1303 5818 αὐτοκ.

251 5867 273 5900 ⁸
301 5868 442 5927 Psat.
485 5886 579 5939 cu,
620 5870 707 5928 Η.

1866 4734 2368 4805 approbationeqne
2412 4732 2655 4786 omnium
2712 4744 2837 4799 qua:
2880 4729 2986 4786 illis
3031 4731 3304 4802 placerent
3352 4748 3451 4788 eos

1864 4828 2187 4891 hilarantes,
2211 4833 2266 4880 et
2283 4824 2451 4879 Deum
2480 4822 2753 4877 irritantia
2770 4823 3147 4877 seduceutium
3182 4824 3446 4896 voluptati

1864 4918 2319 4988 delectationique
2344 4915 2736 4986 gratificantes.
2791 4914 3073 4971 lnsimulat
3124 4926 3305 4972 autem
3349 4934 3446 4975 eos

1863 5026 2072 5078 rursus,
2103 5019 2162 5065 ut
2208 5009 2302 5081 qui
2333 5007 2720 5063 Jeroboamum
2768 5017 2824 5062 et
2854 5007 3132 5078 principes
3183 5010 3305 5080 ejus
3360 5014 3449 5065 ad-

1855 5101 2126 5172 juverint,
2157 5101 2407 5172 citraque
2436 5099 2943 5171 tergiversationem
2988 5099 3275 5170 profanum
3302 5102 3448 5157 vitu-

1862 5195 2038 5251 lorum
2074 5208 2367 5249 aureorum
2394 5194 2598 5249 cultum
2627 5191 2956 5263 excogitauti
2983 5234 3001 5261 ,
3055 5204 3108 5248 et
3149 5195 3217 5248 ad
3247 5207 3445 5251 novam

1863 5283 2180 5355 religionem
2211 5298 2306 5341 eos
2356 5283 2524 5356 impie
2579 5283 2864 5338 traducere
2921 5283 3164 5340 molienti
3202 5300 3451 5342 assense-

1866 5380 1994 5433 rint.
2026 5375 2265 5433 Debebat
2290 5375 2457 5438 enim,
2518 5374 2751 5430 debebat
2808 5374 3025 5430 illorum
3086 5378 3347 5449 cogitatis
3387 5389 3442 5434 et

1866 5470 2091 5526 ausibus
2129 5467 2502 5524 stolidissimis
2537 5480 2802 5537 generose
2823 5466 3044 5524 obviam
3082 5469 3161 5523 ire
3184 5484 3447 5537 germana

1865 5577 1992 5634 erga
2024 5558 2197 5615 Deum
2255 5556 2520 5624 charitas,
2584 5565 2641 5612 et
2677 5557 2745 5612 ad
2790 5566 3020 5614 conatus
3067 5556 3443 5626 insipientium

1866 5653 2240 5726 impediendas
2274 5652 2432 5720 eniti,
2479 5665 2587 5709 non
2628 5660 2877 5723 prompte
2931 5648 3326 5707 subscribendo
3382 5649 3449 5706 iis

1871 5748 2091 5808 delicias
2118 5746 2316 5803 facere.
