4068 6566
605 355 709 412 183

604 562 870 619 lixoribus
898 564 1274 623 Emmanuelis
1305 569 1635 626 intellectus.
1673 570 1837 641 108
1860 570 2182 627 Mentientes

602 669 839 725 namque
875 668 929 711 et
955 657 1351 716 calumniantes
1406 676 1553 724 eum,
1583 661 1843 731 gaudium
1888 661 2091 717 Ilerodi
2126 674 2184 718 et

600 744 795 802 Pontio
847 747 1045 815 Pilato,
1080 758 1135 805 et
1167 752 1493 819 praesidibus
1541 751 1839 825 Syuagogaa
1893 755 2182 808 dederunt.

601 837 691 892 Ait
720 839 865 894 enim
897 839 1096 897 alicubi
1133 852 1188 897 et
1217 843 1435 903 divinus
1461 843 1658 900 Petrus
1687 844 1753 900 ad
1791 844 2172 900 universorum

599 929 822 985 Patrem
852 947 913 987 ac
942 934 1109 989 Deum
1141 953 1156 989 :
1204 953 1224 988 ι
1264 936 1647 993 Convenerunt
1678 941 1823 992 enim
1849 954 1977 994 vere
2006 939 2059 992 iu
2093 940 2175 994 ci-

600 1020 768 1075 vitate
793 1020 895 1076 hac
924 1024 1186 1080 adversus
1218 1038 1468 1082 sanctum
1507 1043 1735 1097 puerum
1781 1037 1930 1083 tuum
1963 1027 2172 1097 Jesnm,

601 1129 762 1181 quem
795 1114 1022 1179 auxisti,
1064 1116 1374 1176 Herodeset
1406 1119 1635 1176 Pontius
1662 1121 1874 1179 Pilatus
1896 1137 2020 1178 cum
2053 1138 2183 1192 gen-

605 1205 748 1262 tibus
782 1216 839 1264 et
870 1209 1081 1279 populis
1108 1211 1277 1269 Israel
1301 1214 1346 1265 ⁸.
1376 1232 1399 1267 ι

683 1298 844 1356 Vnus.
882 1300 939 1355 4.
976 1300 1169 1359 Ontues
1200 1305 1557 1361 adulterantes
1601 1307 1754 1377 quasi
1815 1306 2052 1361 clibanus
2098 1324 2183 1361 ar-

602 1389 732 1445 deus
757 1392 810 1445 in
836 1394 1124 1451 cntionem
1151 1396 1531 1453 combustianis
1591 1415 1622 1451 a
1656 1399 1897 1468 ﬂamma,
1947 1416 1977 1453 a
2032 1416 2178 1453 com-

602 1482 847 1537 mistione
893 1486 1135 1554 [enitenti
1186 1488 1351 1544 donec
1404 1490 1776 1560 fermentatum
1853 1502 1927 1547 est
1987 1494 2178 1562 ipsum.

602 1575 732 1631 Dies
760 1593 938 1647 regum
969 1590 1279 1639 vestrorum.

677 1668 911 1727 LXXIII.
949 1671 1194 1738 Quonam
1244 1674 1401 1730 modo
1441 1674 1494 1728 in
1542 1674 1827 1731 maleﬁciis
1865 1676 1983 1731 suis
2028 1677 2182 1732 exhi-

1631 361 1689 417 S.
1733 359 2008 417 CYRILLI
2045 358 2514 420 ALEXANDRINI
2554 364 2873 422 AIlCIIIEP.

677 471 851 526 Verus
878 480 960 527 est
988 482 1169 531 autem
1200 488 1403 542 sermo,
1438 477 1688 547 quamvis
1714 476 1879 532 etiam
1908 480 1974 533 de
1998 478 2178 533 cruci-
2210 486 2256 542 Α

3773 360 3874 418 tet
3904 434 3907 435 ί

2368 481 2600 554 ’Λληθὴς
2644 484 2701 537 δὲ
2748 485 2776 537 ό
2818 483 2996 552 λόγος,
3024 481 3126 537 κᾶν
3156 482 3204 536 εί
3238 483 3412 537 νοοῖτο
3450 481 3614 536 πάλιν
3646 481 3739 534 ἐπὶ
3764 479 3875 533 τῶν

2289 575 2717 645 σταυρωσάντων
2739 575 2833 630 τὸν
2866 575 3232 646 Ἐμμανουήλ.
3268 575 3601 646 Ψευδόμενοι
3622 572 3753 644 γὰρ,
3780 574 3875 625 καὶ

2287 662 2745 734 συκοφαντοῦντες
2772 664 2953 727 αὐτὸν,
2983 663 3194 737 χαίρειν
3235 660 3649 736 παρεσκεύαζον
3695 659 3877 732 Ἡρώ-

2283 755 2381 826 δην
2410 773 2468 809 τε
2497 757 2591 810 καὶ
2617 756 2840 810 Πόντιον
2874 755 3130 821 Πιλᾶτον,
3168 757 3417 818 καὶτοὺς
3445 752 3875 826 προεδρεύοντας

2284 848 2383 916 τῆς
2415 848 2766 919 Συναγωγῆς.
2807 849 2951 918 Ἔφη
2996 846 3104 919 γάρ
3136 865 3238 900 που
3263 846 3356 900 καὶ
3390 849 3418 899 ὀ
3449 844 3735 907 θεσπέσιος
3769 844 3873 895 Πέ-

2284 956 2411 1010 τρος
2441 940 2575 1010 πρὸς
2629 939 2720 991 τὸν
2771 938 2879 992 τῶν
2912 939 3053 992 ὅλων
3095 939 3314 1009 Πατέρα
3348 938 3443 990 καὶ
3478 937 3632 990 Θεόν·
3686 954 3704 985 ι
3736 935 3873 987 Συν-

2285 1028 2532 1100 ήχθησαν
2560 1028 2668 1100 γάρ
2698 1029 2784 1083 ἐπ’
2813 1029 3068 1099 ἀληθείας
3103 1031 3160 1083 ὲν
3186 1032 3253 1101 τῇ
3286 1029 3439 1083 πόλει
3470 1027 3642 1098 ταύτῃ
3664 1027 3758 1080 ἐπὶ
3782 1025 3872 1078 τὸν

2284 1120 2439 1190 ἅγιον
2472 1121 2637 1176 παῖδά
2685 1139 2777 1174 σου
2842 1122 3070 1193 Ἰησοῦν,
3112 1122 3173 1176 ὃν
3222 1122 3466 1194 ἔχρισας,
3510 1120 3761 1191 Ἡρώδης
3815 1135 3871 1171 τε

2284 1216 2379 1269 καὶ
2408 1216 2625 1279 Πόντιος
2657 1215 2888 1279 Πιλᾶτος
2925 1215 3020 1269 σὺν
3056 1215 3234 1269 ἔθνεσι
3282 1217 3375 1268 καὶ
3397 1216 3547 1277 λαοῖς
3581 1214 3822 1284 Ἰσραήλ.
3849 1232 3869 1263 ι

2354 1308 2579 1374 Πάντες
2607 1309 2992 1376 μοιχεύοντες
3017 1309 3097 1374 ὡς
3124 1309 3409 1374 κλίϐανος
3437 1308 3757 1377 καιόμενος
3788 1308 3874 1371 είς

2284 1400 2474 1469 πέψιν
2520 1401 2980 1471 κατακαύματος
3008 1400 3126 1455 ἀπὸ
3154 1401 3265 1468 τῆς
3308 1398 3567 1469 φλογῆς,
3612 1400 3736 1453 ἀπὸ
3770 1416 3873 1466 φυ-

2276 1492 2515 1561 ράσεως
2545 1492 2797 1559 στέατος
2823 1491 2935 1558 ἕως
2957 1492 3062 1547 τοῦ
3084 1491 3416 1561 ζυμωθῆγαι
3448 1490 3616 1545 αὑτό.
3656 1488 3871 1558 Ἡμέρα

2279 1583 2594 1649 ,ϐασιλέων
2630 1583 2819 1654 ὑμῶν.

2358 1676 2476 1729 Ol".
2514 1674 2673 1729 Κατὰ
2701 1676 2823 1730 τίνα
2848 1675 2906 1730 δὲ
2935 1675 3134 1748 τρόπον
3162 1675 3220 1728 ὲν
3252 1674 3351 1745 μὲν
3372 1674 3493 1736 ταῖς
3521 1672 3747 1734 κακίαις
3781 1670 3873 1725 αύ-

605 1760 906 1819 laraverint
957 1780 1134 1836 rcges,
1180 1767 1311 1823 etin
1342 1767 1645 1823 mendaciis
1691 1769 1988 1839 principes,
2030 1770 2177 1824 clare

2293 1768 2397 1823 τῶν
2428 1766 2713 1840 ηὔφραναν
2729 1768 3060 1839 βασιλεῖς,ὲν
3088 1768 3146 1823 δέ
3162 1784 3223 1836 γε
3256 1769 3369 1830 τοῖς
3398 1764 3648 1836 ψεύδεσιν
3680 1764 3874 1833 ἄρχον-

605 1853 762 1910 nobis
818 1857 1126 1923 exponitur.
1182 1857 1358 1913 Habet
1409 1869 1588 1915 autem
1646 1860 1871 1916 historia
1918 1862 1985 1917 ad
2038 1861 2183 1917 hunc

606 1948 849 2014 modum,
885 1966 1048 2019 quam
1078 1951 1123 2006 si
1146 1955 1270 2021 quis
1306 1952 1445 2009 forte
1502 1954 1794 2024 cognorit,
1832 1954 2019 2024 utique
2054 1970 2184 2024 pro-

605 2040 804 2110 pltetite
847 2057 1071 2099 sensum
1101 2046 1342 2115 perfecte
1388 2059 1705 2119 cognoscet.
1748 2051 1978 2118 Quando
2019 2051 2187 2122 igitur

609 2133 859 2201 abruptis
898 2134 1084 2190 decem
1119 2138 1369 2197 tribubus
1419 2156 1645 2211 regnum
1686 2157 1852 2210 super
1880 2156 1976 2197 eas
2025 2141 2186 2197 inivit

607 2226 979 2281 exsecrandus
1026 2225 1344 2296 Jeroboam,
1373 2231 1553 2288 timuit
1598 2249 1927 2304 magnopere
1972 2248 2040 2289 ne
2081 2234 2187 2288 lor-

610 2322 757 2372 tasse
777 2328 997 2387 propter
1031 2318 1201 2377 festos
1232 2322 1352 2380 dies
1385 2323 1441 2378 in
1494 2324 1612 2392 lege
1652 2336 1952 2396 praeceptas
1997 2324 2189 2381 Hiero-

605 2407 868 2481 solymam
922 2413 1314 2480 ascendentes,
1369 2416 1575 2472 sensim
1623 2433 1688 2473 eo
1735 2419 2139 2475 adducerentur
2168 2458 2186 2484 ,

605 2508 666 2555 ut
697 2503 765 2557 de
797 2503 1006 2574 integro
1040 2508 1270 2574 sceptris
1295 2507 1435 2563 Juda
1466 2524 1528 2566 se
1556 2509 1874 2576 subderent,
1908 2520 2181 2567 veterum.

604 2606 713 2660 que
741 2592 939 2647 rituum
987 2606 1243 2651 renovata
1276 2600 1565 2667 memoria,
1611 2609 1707 2657 aut
1747 2602 1925 2673 ipsum
1974 2605 2190 2660 occide-

607 2693 755 2750 rent,
813 2694 905 2739 aut
937 2698 1086 2743 certe
1121 2704 1284 2759 regno
1314 2692 1399 2747 vel
1435 2702 1826 2765 repugnantem
1866 2706 2052 2767 postea
2092 2713 2190 2753 ex-

607 2776 911 2833 turbaret.
945 2777 1056 2834 I'Iae
1086 2780 1153 2836 de
1193 2797 1356 2838 causa
1401 2784 1514 2839 Deo
1536 2785 1768 2851 invisus,
1798 2799 1853 2841 et
1897 2790 2064 2844 miser
2097 2806 2187 2844 au-

608 2881 735 2922 reos
764 2867 965 2924 vitulos
1008 2870 1141 2939 ipsis
1189 2887 1518 2931 consecrare
1564 2877 1904 2943 deliberavit,
1959 2888 2012 2935 et
2069 2896 2187 2936 sce-

608 2956 760 3015 lestae
806 2961 1188 3029 pseudolatrim
1232 2967 1497 3022 rationem
1540 2968 1764 3035 invenit,
1789 2980 1845 3026 et
1876 2987 2044 3028 novos
2070 2973 2186 3029 dies

513 3077 519 3083 α
612 3048 782 3104 festos
822 3050 873 3104 iu
911 3052 1141 3121 gratiam
1203 3053 1494 3110 vitulorum
1534 3057 1792 3125 instituit,
1836 3064 2187 3130 quemadmo-

2285 1880 2405 1926 τας,
2427 1864 2485 1917 ὲν
2514 1862 2721 1927 τούτοις
2743 1863 2873 1933 ἡμῖν
2901 1861 3177 1933 ἐξηγεῖται
3202 1859 3408 1930 σαφῶς.
3437 1860 3589 1929 Ἔχει
3618 1857 3678 1910 δὲ
3702 1856 3873 1921 οὕτως

2285 1957 2386 2027 τῆς
2440 1955 2682 2025 ἱστορίας
2732 1957 2760 2008 ό
2807 1953 2984 2022 λόγος,
3037 1954 3104 2025 ἢν
3155 1954 3313 2024 εἴπερ
3358 1970 3443 2015 τις
3490 1951 3655 2021 εἰδείη
3690 1949 3871 2020 τυχὸν,

2287 2046 2495 2100 εἴσεταί
2539 2064 2642 2100 που
2685 2046 2904 2109 πάντως
2940 2045 3041 2117 τῆς
3075 2044 3411 2117 προφητείας
3440 2043 3531 2096 τὸν
3562 2042 3709 2096 νοῦν.
3748 2042 3872 2095 Ὅτε

2286 2138 2483 2205 τοίνυν,
2516 2136 2930 2209 ἀπορῤαγεισῶν
2959 2136 3069 2190 τῶν
3087 2137 3218 2190 δέκα
3246 2135 3451 2206 φυλῶν,
3484 2133 3873 2205 βεϐασίλευκεν

2288 2233 2374 2287 ἐπ’
2408 2231 2576 2295 αὑτὰς
2600 2233 2628 2285 ὁ
2656 2230 2931 2303 ἐπάρατος
2969 2228 3269 2301 Ἱεροὸοάμ,
3295 2226 3466 2298 ὲδεδίη
3516 2225 3749 2296 σφόδρα,
3801 2223 3871 2294 μὴ

2288 2326 2395 2397 ἀρα
2426 2343 2542 2389 πως
2572 2324 2679 2379 τῶν
2711 2321 2912 2396 ἑορτῶν
2937 2321 3099 2375 ἕνεκα
3126 2319 3235 2374 τῶν
3269 2319 3412 2374 κατά
3432 2318 3521 2372 τὸν
3542 2317 3711 2388 νόμον
3739 2316 3867 2370 ἁνα-

2289 2418 2564 2482 ϐαίνοντες
2587 2419 2667 2482 εἰς
2691 2416 3063 2487 Ἰεροσόλυμα,
3084 2412 3498 2485 μεταπεισθεῖεν
3527 2409 3708 2464 κατα6
3717 2408 3871 2479 ραχὺ,

2286 2509 2349 2563 τὸ
2390 2509 2556 2564 Ἰούδα
2605 2509 2880 2580 σκῆπτρον
2914 2505 3233 2562 ἀνθελέσθαι
3276 2504 3461 2566 πάλιν,
3511 2501 3754 2556 καὶτῶν
3781 2501 3872 2568 ἀρα

2288 2604 2460 2676 χαίων
2494 2602 2632 2657 ἐθῶν
2667 2601 2981 2672 ἐνεχθέντες
3027 2603 3108 2663 είς
3154 2599 3481 2670 ἀνάμνησιν,
3531 2596 3566 2667 ἢ
3612 2594 3873 2650 ἀνέλωσιν

2290 2696 2473 2759 αὑτὸν,
2504 2696 2671 2765 ῆγουν
2706 2692 2987 2760 έξὼσειαν,
3024 2692 3118 2746 καὶ
3164 2692 3263 2762 οὐχ
3309 2691 3504 2743 ἑκόντα
3549 2687 3761 2751 λοιπὸν,
3782 2685 3873 2753 τῆς

2289 2786 2432 2840 κατὰ
2467 2786 2616 2855 σφῶν
2660 2784 2857 2857 ἀρχῆς.
2895 2783 3113 2854 Ταύτης
3147 2782 3311 2836 ἕνεκα
3339 2780 3439 2843 τῆς
3475 2779 3655 2841 αίτίας
3684 2779 3714 2831 ὁ
3765 2776 3873 2830 θεο-

2293 2879 2454 2952 μισὴς
2476 2879 2570 2933 καὶ¹
2594 2878 2822 2941 δείλαιος
2846 2876 2946 2940 τὰς
2974 2877 3181 2947 χρυσᾶς
3231 2875 3416 2935 αὐτοῖς
3440 2871 3703 2943 δαμάλεις
3733 2870 3873 2939 ἀφιεο

2294 2970 2418 3042 ροῦν
2449 2971 2763 3035 ἐσκέπτετο,
2798 2969 2893 3023 καλ⁹
2941 2968 3031 3023 τὸν
3080 2968 3180 3038 τῆς
3226 2966 3438 3020 ἀνοσίου
3486 2961 3873 3034 ψευδολατρίας

2290 3064 2502 3118 ἐπενόει
2535 3063 2754 3135 τρόπον,
2795 3062 2890 3116 καὶ
2933 3062 3274 3131 καινοτομεῖν
3329 3058 3608 3129 ἐπεχείρει
3640 3056 3742 3119 τὰς
3788 3054 3873 3107 ἐπὶ

612 3141 741 3197 dum
794 3143 949 3201 libris
997 3144 1343 3203 Hebraeorum
1397 3150 1653 3207 traditur.
1708 3151 1988 3224 Principio
2023 3156 2189 3223 igitur

2295 3160 2415 3223 ταῖς
2446 3156 2743 3227 δαμάλεσιν
2772 3153 2986 3226 ἑορτὰς,
3027 3153 3102 3218 ὼς
3133 3155 3161 3206 ό
3197 3153 3295 3223 τῆς
3340 3150 3620 3251 Ἑϐραίων.
3642 3146 3875 3220 παραδό-

612 3251 813 3303 ntagno
854 3237 910 3291 in
959 3237 1156 3294 timore
1189 3249 1332 3305 erat,
1370 3257 1438 3299 ne
1467 3241 1609 3299 forte
1651 3244 1919 3313 superiori
1952 3255 2008 3302 et
2034 3249 2190 3303 avita:

2298 3269 2436 3317 σεως
2461 3250 2574 3321 ἔχει
2601 3250 2776 3319 λόγος.
2803 3244 2912 3302 Ἧν
2938 3245 3031 3302 οὖν
3064 3250 3122 3302 ὲν
3149 3248 3345 3318 ἀρχαῖς
3367 3245 3427 3299 ού
3461 3243 3702 3315 μετρίως
3731 3257 3874 3310 περι-

612 3327 792 3386 Iatrite
817 3332 1242 3400 patrocinantes,
1272 3344 1366 3390 aut
1396 3336 1537 3405 solio
1575 3352 1639 3394 se
1673 3341 2010 3410 expellerent
2041 3384 2055 3407 ,
2094 3354 2190 3399 aut

612 3421 799 3487 etiam,
843 3423 988 3479 sicut
1032 3425 1170 3490 dixi,
1226 3427 1628 3496 interﬁcerent,
1668 3433 2061 3505 repudiatoque
2110 3436 2193 3490 in-

612 3523 791 3583 coepto
823 3515 895 3570 ad
932 3518 1224 3586 pristinum
1268 3534 1447 3589 regem
1498 3524 1679 3579 redire
1736 3526 2009 3593 mallent,
2052 3543 2196 3599 aegre

612 3602 874 3673 ferentes,
912 3616 968 3663 et
998 3608 1338 3682 indignantes
1383 3615 1599 3681 merito,
1646 3615 1869 3687 Moysen
1911 3629 2191 3675 contume-

612 3694 749 3752 liose
787 3698 1057 3767 habitum,
1084 3712 1141 3758 et
1179 3705 1417 3760 divinum
1454 3708 1767 3762 mandatum
1812 3726 1842 3765 a
1880 3726 1938 3766 se
1968 3713 2196 3782 pedibus

616 3792 1019 3849 conculcatnm.
1081 3797 1349 3864 Quocirca
1383 3813 1504 3853 cum
1537 3809 1683 3856 esset
1731 3802 1941 3873 vulpes,
1991 3820 2023 3858 a
2072 3806 2196 3861 dolo

615 3884 926 3954 praesidium
980 3888 1143 3955 petit,
1190 3889 1388 3946 multos
1437 3907 1506 3946 ex
1542 3891 1709 3947 lsrael
1748 3896 2066 3963 submittit,
2109 3897 2194 3967 ja-

617 3979 832 4029 ctantes
871 3975 1227 4046 dicentesque
1267 3978 1403 4048 ipsis
1439 3980 1673 4036 vitulum
1725 3983 2093 4051 conﬂandum,
2143 3996 2198 4043 et

617 4081 789 4122 novos
831 4068 949 4124 dies
989 4068 1158 4125 festos
1208 4086 1271 4127 ac
1319 4074 1571 4144 proprios
1625 4073 1995 4147 inducendos,
2033 4090 2198 4150 atque

530 4135 552 4163 “
617 4159 796 4229 ipsum
828 4175 858 4215 a
890 4176 1014 4230 rege
1049 4135 1504 4220 contendendum.
1538 4163 1636 4221 Ubi
1686 4168 1942 4238 populum
1980 4135 2050 4226 ad
2096 4135 2198 4229 ιὶοὲ

616 4266 885 4322 perquam
911 4260 1161 4323 paratum
1202 4270 1265 4310 ac
1294 4271 1647 4327 propensum,
1679 4270 1733 4315 et
1766 4260 1923 4329 hujus
1953 4263 2033 4319 rei
2070 4280 2199 4320 sua-

616 4341 835 4397 εοτίιιιιε
862 4343 1167 4412 astipulari,
1211 4359 1431 4414 unaque
1457 4346 1651 4402 iisdem
1686 4348 1926 4417 gaudere
1976 4349 2191 4415 didicit,

616 4442 808 4488 coacta
844 4434 1109 4490 concione
1155 4435 1339 4505 palam
1389 4438 1774 4509 promulgavit,
1817 4440 2193 4499 adoratiouem

2294 3339 2439 3411 δεὴς,
2496 3339 2571 3410 μὴ
2619 3340 2729 3411 ἄρα
2780 3342 2846 3411 τῇ
2896 3338 3101 3393 ἄνωθεν
3152 3339 3249 3393 καὶ
3290 3340 3355 3391 ἐκ
3404 3335 3656 3405 πατέρων
3698 3334 3873 3392 αὐτοῖς

2295 3431 2506 3505 ἡκούσῃ
2544 3430 2769 3503 λατρεία
2817 3430 3293 3503 συναγορεύοντες,
3319 3429 3353 3500 ἢ
3377 3428 3487 3483 τῶν
3537 3426 3747 3498 θρόνων
3792 3424 3873 3489 ἐξ·-

2296 3522 2516 3586 ώσειαν,
2551 3522 2585 3593 ἢ
2620 3522 2715 3576 καὶ
2743 3520 3027 3585 ἀνέλωσιν,
3055 3521 3131 3585 ὡς
3159 3520 3318 3591 ἔφην,
3354 3519 3447 3574 καὶ
3488 3517 3874 3588 παρωσάμενοι

2296 3614 2357 3667 τὸ
2383 3615 2709 3685 ἐγχείρημα,
2747 3612 3131 3683 παλινδρομεῖν
3156 3613 3361 3667 ἕλοιντο
3403 3611 3539 3682 πρὸς
3568 3610 3661 3662 τὸν
3690 3611 3753 3661 ὲν
3782 3608 3870 3677 ἀρ-

2297 3709 2438 3776 χαῖς,
2484 3705 2846 3775 λελυπημένοι
2908 3721 2968 3758 τε
3015 3704 3109 3757 καὶ
3158 3700 3590 3772 ἀγανακτοῦντες
3629 3698 3871 3757 εἰκότως,

2297 3800 2372 3863 ὼς
2393 3796 2724 3870 ὑϐρισμένου
2756 3796 3021 3861 Μωσέως,
3055 3797 3149 3850 καὶ
3188 3796 3288 3865 τῆς
3317 3794 3467 3856 θείας
3493 3793 3675 3855 αὐτοῖς
3704 3805 3872 3856 πατη-

2298 3890 2484 3961 θείσης
2512 3889 2747 3961 ἐντολῆς.
2770 3888 3036 3959 Ταύτῃτοι
3056 3886 3282 3958 ἀλώπηξ
3311 3886 3387 3941 ὢν
3416 3886 3497 3948 είς
3523 3879 3873 3945 δόλους,καθ-

2303 3983 2413 4054 ίησι
2466 3981 2694 4046 πολλοὺς
2740 3984 2798 4036 ὲν
2851 3981 2928 4053 τῷ
2994 3980 3248 4052 Ἰσραὴλ,
3315 3975 3774 4049 διαθρυλλοῠντάς
3818 3988 3869 4025 τε

2298 4076 2394 4129 καὶ
2421 4073 2701 4144 λέγοντας,
2734 4074 2815 4127 ὅτι
2866 4074 2972 4145 χρὴ
3022 4075 3115 4128 καὶ
3163 4074 3505 4144 μοσχοποιεῖν
3538 4069 3761 4134 αὐτοὺς,
3790 4068 3871 4122 καὶ

2298 4169 2643 4239 καινουργεῖν
2674 4166 2862 4237 ἑορτὰς
2899 4167 3056 4230 ίδίας,
3091 4166 3189 4220 καὶ
3220 4165 3377 4219 τοῦτο
3416 4163 3553 4218 αὐτὸ
3593 4163 3749 4235 παρά
3788 4157 3869 4213 τοῦ

2301 4260 2565 4332 βασιλέως
2596 4261 2788 4315 αἰτεῖν.
2842 4259 3059 4331 Ἐπειδὴ
3099 4260 3156 4313 δὲ
3202 4260 3330 4322 τοὺς
3371 4257 3563 4327 ὄχλους
3612 4254 3870 4323 ἐμάνθανε

2300 4353 2434 4408 πολὺ
2466 4352 2531 4425 δὴ
2564 4352 2684 4406 λίαν
2716 4352 2939 4424 ἔχοντας
2968 4352 3218 4423 ἑτοίμους
3250 4352 3328 4414 είς
3355 4348 3534 4412 τοῦτο,
3568 4345 3870 4401 συναινοῦν-

2298 4444 2399 4510 τάς
2437 4462 2497 4499 τε
2538 4445 2634 4499 καὶ
2664 4444 3055 4515 συνηδομένους
3096 4446 3209 4506 τοῖς
3252 4441 3321 4496 τά
3358 4439 3535 4494 τοιάδε
3581 4437 3871 4509 συμϐεϐου-

615 4524 802 4581 vitulis
841 4526 1024 4582 aureis
1064 4525 1505 4595 impertiendam,
1551 4539 1606 4586 et
1639 4531 1783 4587 diem
1828 4533 1969 4589 festo
2018 4536 2190 4591 octavi

2302 4537 2540 4603 λευκόσι,
2576 4535 2899 4605 συναγαγὼν
2929 4534 3193 4598 ἃπαντας,
3224 4530 3696 4605 προσπεφώνηκεν
3727 4531 3871 4597 εναρ-

614 4619 821 4674 mensis
852 4619 1122 4675 decimum
1151 4622 1403 4692 quintum
1432 4624 1616 4680 sanxit
1643 4627 1710 4693 ¹⁰,
1740 4627 1883 4682 sicut
1928 4629 2192 4700 scriptum

614 4709 862 4781 legimus.
904 4711 1065 4782 109
1097 4710 1221 4768 Haec
1251 4721 1366 4769 tum
1391 4713 1723 4772 Jeroboanio
1772 4718 2022 4785 dicente,
2078 4720 2194 4774 lau-

615 4804 781 4857 dabat
817 4803 1067 4872 populus,
1096 4815 1150 4859 et
1181 4806 1562 4863 exclamabat:
1602 4827 1621 4861 ι
1659 4808 1787 4865 Haec
1824 4820 1910 4867 est
1958 4813 2074 4868 dies
2102 4828 2192 4868 re-

615 4893 699 4963 gis
734 4911 747 4947 :
785 4914 805 4946 ι
844 4896 989 4950 idem
1012 4906 1071 4951 et
1103 4898 1259 4954 nobis
1285 4900 1391 4954 erit
1426 4902 1788 4971 propositum,
1821 4913 1879 4960 et
1928 4906 2051 4961 aliis
2068 4908 2191 4976 qui-

613 4983 844 5039 busdam
871 4985 1243 5055 hujuscemodi
1277 4988 1528 5046 laudibus
1549 5006 1674 5047 eum
1706 4996 2017 5050 recreabat.
2060 4996 2194 5051 Cum

616 5078 820 5148 populo
859 5091 1042 5135 autem
1079 5081 1464 5138 auferebantur
1500 5093 1555 5139 et
1608 5086 1775 5140 duces
1802 5086 1927 5154 ipsi,
1978 5101 2101 5142 cum
2133 5103 2199 5142 eo

618 5170 942 5235 sentientes,
972 5181 1030 5225 et
1064 5186 1176 5226 rem
1204 5174 1589 5243 approbantes.
1620 5174 1827 5231 Horum
1875 5177 1928 5231 in
1960 5193 2200 5245 praesens

616 5262 883 5329 propheta
932 5266 1199 5321 meminit.
1243 5285 1269 5318 ι
1320 5265 1542 5333 Omnes,
1579 5267 1784 5337 inquit,
1823 5270 2198 5328 adulterantes

615 5361 680 5407 ut
726 5353 973 5411 clibanus
1012 5357 1212 5413 ardens
1258 5358 1313 5412 in
1374 5359 1682 5415 eoetionem
1728 5362 2124 5420 combustionis
2166 5382 2195 5419 ,ι

615 5444 855 5503 ﬂamma.
886 5466 906 5500 ι
938 5448 1075 5516 Quia
1100 5452 1250 5506 enim
1292 5451 1347 5505 in
1380 5451 1797 5509 fornicationem
1834 5457 2196 5525 spiritualem,

617 5541 733 5596 sive
766 5542 821 5597 in
865 5541 1227 5599 defectionem
1269 5560 1297 5598 ιι
1352 5543 1464 5600 Deo
1495 5543 1830 5603 deﬂexerant
1876 5549 2004 5621 (hoc
2051 5552 2201 5607 enim

623 5640 708 5689 est
736 5631 1053 5705 I‘ornicatio)
1099 5633 1475 5704 elibanosjam
1519 5652 1834 5706 succensas,
1884 5653 1939 5699 et
1977 5645 2043 5701 ad
2097 5646 2195 5701 im-

692 5822 713 5854 ’
752 5822 871 5879 Act.
905 5837 984 5888 ιν,
1032 5821 1122 5878 27.
1203 5824 1245 5857 ¹⁰
1277 5823 1345 5880 lII
1390 5822 1523 5896 Ilcg.
1566 5842 1665 5895 λιι,
1707 5826 1796 5883 32.

2304 4629 2435 4698 γῶς,
2469 4629 2551 4685 ὅτι
2595 4629 2690 4683 καὶ
2728 4630 2848 4692 ταῖς
2883 4627 3148 4698 δαμάλεσι
3181 4628 3299 4689 ταῖς
3337 4626 3568 4696 χρυσαῖς
3617 4622 3870 4693 προσήκει

2303 4724 2654 4796 προσκυνεῖν,
2696 4721 2791 4775 καὶ
2830 4721 2932 4790 τὴν
2974 4721 3072 4791 τῆς
3102 4718 3298 4790 ἑορτῆς
3329 4716 3726 4786 πεφανέρωκεν
3753 4710 3872 4783 ἠμέ-

2304 4834 2426 4889 ραν,
2455 4814 2549 4868 τοῦ
2601 4812 2791 4883 ὀγδόου
2837 4812 3005 4883 μηνὸς
3049 4812 3153 4882 τὴν
3194 4807 3713 4876 πεντεκαιδεκάτην,
3744 4802 3869 4858 καθὰ

2301 4910 2633 4979 γέγραπται.
2655 4905 2839 4961 Ταῦτα
2867 4905 2923 4959 δὲ
2952 4904 3200 4973 λέγοντος
3233 4901 3547 4973 τοτηνικάδε
3580 4899 3677 4952 τοῦ
3725 4897 3871 4966 Ἰερο-

2298 5001 2444 5070 6οὰμ
2474 4998 2796 5069 ὲπεφήμουν
2824 4998 2873 5051 οί
2915 4996 3100 5067 δῆμοι,
3137 4994 3230 5048 καὶ
3260 4992 3672 5065 ἀνεκράγησαν,
3696 5008 3713 5040 ι
3738 4986 3869 5053 Αὕτη

2298 5093 2332 5163 ἡ
2360 5094 2547 5165 ἡμέρα
2587 5093 2682 5148 τοῦ
2733 5092 3031 5164 βασιλέωςο
3066 5109 3086 5143 ι
3124 5087 3268 5143 οὓτω
3300 5088 3394 5141 καὶ
3440 5087 3599 5156 ἡμεῖς
3641 5078 3871 5151 ἑψόμεθα

2298 5182 2376 5253 τῷ
2406 5183 2614 5254 σκοπῷ,
2646 5186 2740 5239 aut
2771 5183 2976 5255 ἑτέροις
2994 5181 3051 5235 δέ
3066 5198 3176 5235 τισι
3194 5178 3459 5241 τοιούτοις
3484 5175 3730 5236 ἐπαίνοις
3755 5186 3863 5224 κατ·

2299 5276 2610 5345 ευφραίνειν
2656 5274 2870 5347 ἧθελον.
2918 5272 3426 5343 Συναπεκομίζοντο
3479 5268 3537 5322 δὲ
3566 5268 3679 5329 τοῖς
3708 5263 3867 5333 δχλοις

2302 5368 2398 5420 καὶ
2446 5368 2496 5420 οἱ
2542 5366 2898 5438 καθηγεῖσθαι
2940 5365 3218 5436 λαχόντες,
3269 5359 3626 5434 ωνηχοῦντές
3656 5375 3764 5453 Ῠτε,
3790 5352 3870 5453 ut}

2305 5457 2680 5524 συναινοῢντες
2704 5460 2907 5523 αὐτοῖς.
2931 5457 3151 5513 Τούτων
3177 5459 3312 5530 ἡμῖν
3340 5457 3420 5519 εἰς
3447 5453 3508 5507 τὸ
3536 5452 3712 5523 παρὸν
3744 5450 3771 5502 ό
3788 5450 3870 5500 τοῦ

2306 5554 2585 5626 προφήτου
2620 5553 2990 5626 διαμέμνηται
3031 5551 3211 5622 λόγος.
3250 5570 3269 5605 ι
3320 5550 3527 5613 Πάντες
3556 5544 3689 5618 γὰρ,
3730 5539 3866 5612 φησιν

2309 5648 2654 5722 μοιχεύοντες
2682 5647 2759 5713 ὡς
2797 5646 3047 5712 κλίϐανος
3082 5645 3368 5717 καιόμενος
3401 5643 3481 5706 είς
3528 5639 3693 5711 πέψιν
3724 5648 3867 5691 κατα·
