4068 6560
232 391 343 451 185

1151 393 1700 453 COMMENTARIUS
1736 394 1808 451 ιΝ
1845 395 2076 481 OSEAM
2116 389 2560 465 PROPNETAM.

3383 382 3486 441 186

231 508 539 583 καύματος,
568 508 679 564 ἀπὸ
706 508 807 581 τῆς
836 509 1053 580 φλογός.
1096 529 1114 563 ι
1153 514 1564 578 Διανενευκότες
1592 513 1701 585 γὰρ
1732 514 1812 576 εἰς

1926 512 2077 567 missa
2118 509 2399 579 coquenda
2424 515 2645 577 paratos
2695 504 3019 585 referebant.
3065 500 3307 557 Flamma
3340 503 3483 557 enim

235 600 494 674 πορνείαν
533 599 633 672 τὴν
666 600 880 672 νοητὴν,
910 604 1076 674 ἡγουν
1108 604 1187 666 είς
1232 605 1535 661 ἀπόστασιν
1573 603 1670 677 τὴν
1700 603 1808 659 ἀπὸ

230 689 371 746 Θεοῦ
403 689 580 761 (τοῦτο
596 690 760 764 γάρὴ
790 692 1055 764 πορνεία),
1088 693 1357 760 κλιϐάνοις
1378 697 1623 752 ὲοίκεσαν
1652 696 1809 748 ἐκκε-

232 782 528 852 καυμένοις
556 782 657 854 ἤδη
680 800 816 847 πως,
847 784 942 836 καὶ
973 784 1211 855 ἑτοίμοις
1241 788 1320 851 είς
1358 787 1519 858 πέψιν
1543 781 1617 841 ὧν
1640 786 1703 841 ἄν
1726 804 1811 850 τις

231 872 483 944 ἐμϐάλοι.
540 874 741 943 Φλογὸς
786 874 894 947 γὰρ
939 872 1077 947 ἦσαν
1126 880 1555 950 μεμεστωμένοι,
1605 878 1812 950 θερμῆς

234 965 504 1037 δηλονότι,
538 968 632 1020 καὶ
659 968 820 1020 οἱονεὶ
852 967 1285 1040 διακεκαυμένης
1311 969 1627 1040 ἐπιθυμίας.
1673 968 1812 1022 Ἐοίο

232 1072 406 1109 κεσαν
432 1056 489 1109 δὲ
516 1058 612 1112 καὶ
641 1059 919 1128 φυράματι
934 1060 1175 1124 στέατος,
1190 1061 1363 1131 ἔχοντι
1385 1061 1481 1131 μὲν
1498 1061 1596 1132 ἤδη
1615 1060 1711 1131 τὴν
1729 1060 1817 1125 ζύ-

237 1164 373 1219 μην,
391 1148 693 1219 ζυμωθέντι
715 1150 770 1203 δὲ
790 1150 1030 1215 τελείως,
1054 1154 1110 1205 ὲν
1126 1152 1307 1224 ἡμέρᾳ
1331 1152 1592 1221 βασιλέως
1612 1151 1811 1219 αὐτῶν,

233 1239 348 1303 ὅτε,
375 1241 626 1311 καθάπερ
660 1242 795 1313 ἔφην
819 1242 1037 1315 ἀρτίως,
1084 1244 1384 1313 ἀναφανδὸν
1424 1245 1701 1316 εἰρηκότος
1720 1243 1814 1298 τοῦ

246 1330 552 1403 Ἱεροὸοάμ,
584 1333 666 1387 ὅτι
697 1333 802 1405 χρὴ
837 1333 983 1388 θύειν
1014 1337 1133 1398 ταῖς
1161 1335 1444 1407 δαμάλεσι,
1481 1336 1573 1389 καὶ
1602 1336 1699 1399 τὰς
1729 1338 1815 1390 ἐπ’

235 1419 421 1483 αὐτοῖς
469 1420 639 1474 τελεῖν
693 1424 907 1493 ἑορτάς,
959 1423 1268 1494 ἐπεφώνουν
1316 1425 1483 1479 αὐτοί·
1525 1445 1543 1478 ι
1587 1426 1735 1499 Αὕτη
1780 1427 1813 1497 ἡ

233 1509 422 1581 ἡμέρα
469 1513 563 1567 τοῦ
616 1513 903 1584 βασιλέως,
943 1535 962 1567 ι
1000 1517 1271 1589 καθάπερ,
1318 1517 1392 1583 ὡς
1436 1518 1595 1591 ἔφην,
1641 1519 1671 1571 ὁ
1715 1518 1816 1589 τῆς

232 1602 590 1671 παραδόσεως
618 1605 732 1676 ἔχει
766 1608 943 1678 λόγος.
978 1608 1111 1662 Τότε
1162 1611 1257 1663 καὶ
1285 1610 1540 1683 ἐζυμώθη
1574 1609 1813 1675 τελείως,

236 1695 538 1761 τουτέστιν,
564 1697 594 1749 ὁ
624 1698 780 1768 λόγος
810 1700 869 1767 ἐξ
900 1699 1022 1753 ὅλου
1055 1700 1245 1769 γέγονε
1272 1704 1339 1773 τῇ
1364 1701 1651 1773 δυσσεϐείᾳ
1682 1702 1815 1756 κάτ-

1913 611 2071 659 erant
2119 602 2294 671 pleni,
2340 597 2568 654 ferventi
2620 596 2872 654 videlicet
2918 605 2974 650 et
3035 596 3183 650 velut
3232 595 3487 667 ﬂagranti

1915 694 2228 764 cupiditate.
2277 690 2493 746 Similes
2538 689 2666 745 item
2719 703 2911 745 massae
2960 687 3185 743 habenti
3218 672 3332 758 jam
3377 688 3489 765 fer-

1916 796 2188 851 mentum,
2249 784 2459 854 integre
2502 791 2680 837 autem
2726 780 3065 836 fermentatae
3109 780 3165 837 in
3212 780 3299 836 die
3346 779 3491 851 regis

1919 878 2199 948 ipsorum;
2240 886 2423 946 utpote
2449 889 2600 939 cum,
2655 882 2715 928 ut
2744 871 2905 928 modo
2943 872 3213 937 dicebam,
3256 870 3491 926 manife-

1922 968 2166 1024 stissime
2196 969 2443 1024 edicente
2463 950 2773 1033 Jeroboam,
2811 964 3229 1039 sacrificandum
3257 977 3379 1019 esse
3410 962 3492 1017 vi-

1924 1060 2048 1114 tulis
2073 1067 2127 1114 et
2143 1046 2380 1128 agendos
2401 1059 2454 1112 in
2470 1058 2727 1113 honorem
2754 1058 2991 1126 ipsorum
3015 1056 3132 1111 dies
3156 1055 3344 1119 festos,
3374 1068 3491 1108 suc-

1925 1153 2237 1208 clamarunt
2266 1153 2339 1205 illi
2376 1169 2430 1206 :1
2457 1149 2581 1206 Hzec
2606 1150 2721 1205 dies
2754 1151 2921 1220 regis,
2944 1166 2964 1203 ι
2991 1157 3048 1202 ut
3078 1147 3334 1201 traditum
3355 1146 3496 1200 litte-

1923 1242 1997 1297 ris
2019 1243 2249 1300 aiebam.
2280 1243 2432 1297 Tunc
2470 1241 2851 1317 fermentatum
2875 1249 2956 1294 est
2976 1240 3235 1309 perfecte,
3258 1238 3360 1293 hoc
3387 1247 3492 1303 est,

1921 1350 2099 1389 sermo
2128 1336 2303 1389 editus
2352 1343 2435 1388 est
2466 1347 2533 1389 ex
2558 1346 2677 1387 asse
2699 1332 2918 1403 impius.
2962 1318 3486 1405 Igitur‘praeaccensi

1920 1426 2115 1482 animis
2155 1425 2487 1481 ferventibus
2525 1433 2581 1478 et
2618 1423 3008 1493 impotentibus
3053 1424 3121 1476 ad
3173 1431 3481 1490 transgres-

1918 1518 2123 1573 sionem
2161 1518 2566 1589 cupiditatibus,
2597 1525 2653 1571 et
2681 1516 2834 1586 prius
2888 1514 3197 1569 fermentati
3229 1512 3494 1584 quodam-

1921 1613 2081 1665 modo
2109 1610 2405 1666 secundum
2433 1610 2575 1664 hunc
2604 1608 2781 1687 ipsum
2829 1607 3046 1687 modum
3096 1605 3151 1663 in
3182 1605 3270 1661 die
3310 1604 3452 1677 regis
3475 1643 3494 1672 ,

1922 1702 1973 1756 in
1999 1710 2297 1758 extremam
2326 1686 2672 1770 impietatem
2708 1686 2946 1757 devoluti
2979 1708 3128 1763 sunt.

235 1802 385 1855 οχος.
445 1788 674 1855 Οὐκοῦν,
736 1793 1171 1863 προκεκαυμένοι
1203 1793 1292 1847 τὸν
1354 1793 1478 1847 νοῦν
1509 1796 1627 1858 ταῖς
1660 1795 1740 1858 είς
1810 1794 2120 1867 παράϐασιν
2186 1795 2415 1865 θερμαῖς
2461 1794 2555 1847 καὶ
2602 1790 2926 1857 ἀκάθέκτοις
2983 1790 3319 1861 ἐπιθυμίαις,
3360 1808 3497 1862 προ-

237 1873 583 1948 ζυμωθέντες
612 1881 666 1934 δὲ
695 1880 881 1954 ὥσπερ
907 1882 1049 1937 κατὰ
1075 1882 1261 1937 τοῦτον
1292 1884 1454 1939 αὐτὸν
1479 1884 1571 1939 τὸν
1598 1886 1796 1956 τρόπον
1828 1885 1886 1940 ὲν
1922 1885 2105 1959 ἡμέρᾳ
2129 1883 2414 1956 βασιλέως,
2454 1886 2535 1947 είς
2564 1882 2624 1937 τὸ
2654 1883 2757 1953 τῆς
2785 1883 3122 1955 φαυλότητος
3163 1882 3498 1940 κατώλισθον

238 1970 439 2041 πέρας.
954 2016 957 2017 ,
1267 2012 1271 2017 .
1642 2010 1647 2014 .
1704 2013 1711 2018 .

313 2030 564 2117 :l‘otoﬁtév
584 2080 636 2115 τι
658 2063 978 2135 δεδράκασιν
1009 2064 1250 2120 Ἰουδαῖοι
1280 2064 1439 2121 πάλιν
1463 2065 1554 2122 ἐπὶ
1576 2063 1815 2137 Χριστῷ.

1990 2059 2121 2116 Tale
2165 2040 2422 2130 quiddam
2470 2068 2524 2115 et
2566 2032 2742 2115 Judaei
2790 2036 2845 2114 in
2893 2030 3174 2117 Christum
3226 2062 3493 2123 fecerunt.

238 2154 723 2225 Καταψευδόμενοι
776 2155 883 2228 γὰρ
934 2157 1032 2225 τῆς
1079 2156 1235 2227 δόξης
1286 2156 1475 2225 αὐτοῦ,
1532 2158 1623 2211 καὶ
1676 2158 1819 2210 κατὰ

241 2244 424 2317 βραχὺ
452 2245 577 2308 τοὺς
624 2244 814 2315 ὄχλους
860 2245 1166 2312 ἐξέλκοντες
1209 2248 1311 2320 τῆς
1359 2250 1440 2314 είς
1478 2249 1639 2304 αὑτὸν
1679 2248 1816 2317 ἀγά-

241 2353 359 2408 πης
396 2337 446 2389 οἱ
474 2336 823 2408 Γραμματεῖς
881 2355 940 2391 τε
974 2340 1069 2393 καὶ¹
1095 2341 1376 2411 Φαρισαῖοι
1414 2341 1818 2413 πεπορνεύκασι

239 2429 473 2500 νοητῶς,
506 2431 913 2500 ἀποστήσαντες
959 2430 1122 2484 αὑτοῦ
1168 2433 1267 2504 τὴν
1296 2433 1557 2502 ἀγελαίαν
1588 2432 1815 2505 πληθύν.

318 2520 611 2588 Ἤρξαντο
666 2526 718 2576 οί
774 2522 1062 2591 ἄρχοντες
1117 2525 1450 2594 θυμοῦσθαι
1499 2525 1569 2590 ἐξ
1627 2528 1817 2593 οἴνου,

236 2610 508 2675 ἐξέτεινε
562 2610 678 2679 τὴν
730 2613 900 2682 χεῇοα
959 2613 1145 2669 αὑτοῦ
1186 2618 1339 2685 μετὰ
1396 2616 1639 2687 λοιμῶν,
1675 2617 1822 2671 διότι

237 2702 672 2772 ἀνεκαύθησαν
702 2705 783 2771 ὡς
828 2706 1113 2772 κλίϐανος
1139 2710 1199 2762 αὶ
1236 2708 1468 2778 καρδίαι
1499 2709 1715 2779 αὐτῶν.

316 2794 437 2849 OA'.
479 2791 651 2858 Οἶνον,
681 2796 756 2861 ὼς
785 2797 979 2865 ἔοικεν,
1006 2799 1190 2854 ἐνθάδε
1218 2803 1351 2873 φησὶ
1374 2800 1464 2855 τὸν
1496 2801 1553 2868 ἐξ
1578 2799 1821 2873 ἀμπέλου

239 2886 520 2957 Σοδόμων,
553 2888 643 2941 τὸν
690 2891 1175 2961 καταμεθύσκοντα
1216 2892 1462 2964 καρδίας,
1494 2892 1587 2946 καὶ
1636 2891 1822 2945 ἐπιθο-

237 2976 446 3030 λοῦντα
488 2978 580 3032 τὸν
629 2979 772 3046 νοῦν,
824 2983 918 3035 καὶ
959 2983 1155 3053 ἀχλύος
1190 2984 1351 3037 αὐτὸν
1401 2985 1825 3054 ἀναπίμπλανται

239 3070 350 3138 τῆς
378 3068 622 3140 ὀλεθρίου
657 3073 748 3124 καὶ
781 3071 1058 3145 βδελυρᾶς.
1094 3075 1583 3146 Δεδυσφορηκότων
1621 3074 1687 3146 δὴ
1732 3070 1825 3128 οὖν

241 3159 411 3211 ἐνίων
445 3160 535 3212 ἐπί
568 3178 626 3213 τε
652 3164 717 3233 τῇ
753 3163 861 3216 τῶν
904 3165 1189 3237 δαμάλεων
1228 3153 1569 3238 καινοτομίᾳ,
1596 3167 1689 3221 καὶ
1726 3166 1826 3237 μέν

241 3268 331 3304 τοι
380 3251 487 3305 τῶν
519 3254 742 3325 ἑορτῶν,
777 3254 1151 3327 παρεθήγοντο
1198 3258 1331 3329 πρὸς
1377 3259 1545 3330 ὀργὰς
1573 3258 1679 3313 τῶν
1726 3259 1827 3329 ἀρ-

242 3341 455 3412 χόντων
480 3343 639 3408 τινές.
664 3345 779 3399 Ἵνα
804 3347 859 3400 δὲ
896 3346 970 3419 μὴ
998 3348 1172 3418 ὁρῷτο
1199 3348 1305 3402 τῶν
1332 3350 1702 3421 σεσιγηκότων
1734 3350 1827 3404 καὶ

243 3435 521 3506 εὐφημεῖν
566 3436 665 3490 οὐκ
696 3438 1038 3511 ἀνεχομένων
1073 3441 1106 3510 ἡ
1137 3440 1551 3512 σωφρονεστέρα
1595 3441 1821 3513 πληθὺς,

242 3525 410 3579 αὐτοὶ
441 3529 550 3590 τοῖς
578 3526 754 3598 ὄχλοις
786 3528 883 3593 τὰς
914 3533 1101 3600 χεῖρας
1132 3531 1579 3597 συνεκτείνοντες,
1615 3532 1829 3602 ἐπεφώ-

242 3634 382 3670 νουν
414 3620 506 3671 καὶ
540 3617 618 3672 ἔτι
667 3619 948 3689 μειζόνως,
990 3638 1009 3672 ι
1048 3620 1197 3694 Αὕτη
1245 3624 1279 3694 ἡ
1323 3621 1504 3693 ἡμέρα
1536 3622 1629 3676 τοῦ
1674 3622 1828 3695 βασι-

242 3707 409 3772 λέως,
448 3727 465 3760 ι
506 3710 600 3762 καὶ
644 3712 768 3775 τοὺς
813 3712 911 3781 τῆς
944 3712 1286 3782 ἀνοσιότητος
1333 3712 1656 3783 ἀπεδέχοντο
1703 3715 1826 3787 τρό-

244 3814 414 3860 πους.
448 3799 753 3871 Ὠργίζοντο
768 3801 944 3855 τοίνυν
978 3803 1401 3875 μεμεθυσμένοι,
1423 3805 1605 3875 φησιν,
1636 3804 1825 3877 ἀνοσία

247 3889 421 3961 μέθῃ,
456 3892 549 3944 καὶ
580 3894 693 3956 τοῖς
730 3892 806 3964 μὴ
850 3894 1195 3965 συντρέχουσι
1230 3897 1339 3958 τοῖς
1380 3894 1551 3959 οὕτως
1584 3898 1827 3967 αἰσχροῖς

242 3983 383 4045 τοὺς
425 3982 642 4049 ὀδόντας
673 3984 977 4056 ὲπέτριζον,
1001 3985 1209 4055 λοιμοῖς
1258 3989 1683 4052 συνεκτείνοντες
1730 3990 1829 4054 τὰς

245 4075 467 4130 ἑαυτῶν
516 4079 727 4149 χεῖρας.
762 4079 998 4149 Λοιμοὺς
1036 4080 1092 4132 δέ
1126 4097 1256 4150 φησι
1288 4082 1414 4144 τοὺς
1446 4080 1654 4151 ὄχλους.
1702 4081 1830 4135 Ἐπο

246 4168 511 4241 εκρότουν
531 4169 660 4240 γάρ,
681 4171 866 4248 φησὶν,
884 4171 957 4238 ώς
978 4171 1131 4244 ἔφην,
1160 4172 1334 4226 καίτοι
1354 4175 1719 4244 παιδαγωγεῖν
1748 4177 1827 4241 εἰς

248 4259 539 4313 εὐσέϐειαν
570 4262 892 4330 ὀφείλοντες,
923 4262 1015 4317 καὶ
1043 4264 1137 4335 τὴν
1166 4264 1259 4317 τοῦ
1290 4256 1658 4336 συμφέροντος
1700 4250 1831 4319 ἀναλ-

248 4350 497 4420 καλύψαι
528 4352 733 4422 τρίϐον.
779 4352 919 4406 Ἀλλ’
946 4351 1085 4425 ἦσαν
1128 4350 1319 4427 θερμοὶ
1349 4357 1449 4428 τὴν
1479 4356 1705 4428 καρδίαν
1733 4358 1828 4412 καὶ

247 4442 433 4511 αὐτοὶ,
470 4444 621 4513 φησι,
655 4444 750 4514 τῆς
784 4445 864 4509 είς
899 4444 1208 4518 παράϐασιν
1239 4447 1531 4518 ἐπιθυμίας
1566 4450 1664 4520 τὴν
1710 4449 1829 4502 ὀλε-

249 4533 415 4605 θρίαν
446 4535 525 4597 είς
550 4535 672 4588 νοῦν
702 4534 984 4607 δεξάμενοι
1019 4536 1213 4605 φλόγα.

336 4627 441 4681 Ἔν
469 4626 547 4693 τῷ
574 4628 1013 4698 καταρῤἁσσειν
1036 4629 1276 4695 αὐτοὺς,
1311 4629 1465 4697 ὅλην
1496 4631 1610 4698 τὴν
1640 4630 1830 4685 νύκτα

1917 2152 2238 2207 Μειιιῖεηιεε
2275 2152 2421 2207 enim
2450 2160 2640 2206 contra
2668 2151 2896 2221 gloriam
2947 2152 3119 2223 ipsius
3146 2193 3161 2219 ,
3205 2156 3497 2225 paulatim-

1915 2259 2021 2314 que
2049 2243 2236 2300 turbas
2269 2244 2337 2298 ab
2374 2243 2491 2311 ejus
2534 2242 2826 2299 dilectione
2858 2243 3239 2303 abstrahentes
3275 2248 3482 2307 Scriba:

1917 2348 1973 2392 et
2017 2336 2298 2402 Pharisaei,
2338 2336 2587 2409 fornicati
2633 2344 2760 2391 sunt
2810 2337 3169 2411 spiritualiter
3221 2340 3493 2413 plebeiam

1914 2420 2316 2484 multitudinem
2352 2430 2419 2485 ab
2452 2429 2570 2499 ipso
2595 2438 2933 2486 avertentes.
3178 2414 3179 2417 η

1992 2520 2156 2578 Vens.
2205 2522 2258 2577 5.
2291 2520 2566 2590 Casperunt
2608 2522 2869 2598 principes
2908 2523 3084 2593 {urere
3130 2541 3163 2578 a
3209 2526 3353 2591 uiuo,
3408 2541 3502 2581 ea:-

1919 2616 2079 2669 tendit
2108 2632 2319 2669 manum
2341 2631 2490 2669 suam
2513 2630 2629 2668 cum
2653 2614 2902 2684 pestibus,
2937 2616 3065 2685 quia
3092 2633 3341 2672 succensa
3376 2625 3500 2673 sunt

1919 2708 2072 2783 quasi
2100 2706 2338 2765 clibanus
2374 2706 2535 2760 corda
2566 2721 2771 2759 eorum.
3006 2772 3009 2777 ι
3050 2707 3059 2711 ’

1948 2786 1949 2789 “
1993 2797 2226 2853 LXXIV.
2263 2796 2482 2862 Vinum,
2510 2804 2568 2850 ut
2619 2804 2867 2866 apparet,
2917 2795 3153 2865 appellat
3195 2795 3283 2852 hic
3322 2811 3388 2852 ex
3419 2798 3502 2850 vi-

1924 2906 2022 2945 nea
2057 2889 2414 2943 Sodomorum
2446 2886 2726 2942 inebrians
2763 2885 2952 2953 corda,
2991 2894 3045 2943 et
3076 2887 3304 2943 turbans
3348 2902 3500 2941 men-

1926 2992 2030 3039 tem
2057 3024 2073 3050 ,
2117 2997 2344 3051 eamque
2405 2980 2710 3050 perniciosa
2748 2987 2803 3033 et
2854 2979 3220 3037 abominanda
3252 2979 3490 3051 caligine

1926 3073 2172 3143 impleas.
2204 3072 2535 3140 Quibusdam
2572 3070 2737 3143 igitur
2776 3070 3072 3126 novitatem
3104 3070 3398 3126 vitulorum
3425 3072 3502 3123 in-

1929 3165 2321 3231 troductorum,
2358 3173 2517 3233 atque
2550 3164 2712 3219 etiam
2763 3164 2897 3219 festa
2931 3163 3206 3233 indignius
3269 3161 3493 3217 ferenti-

1927 3258 2048 3322 bus,
2081 3256 2327 3311 nonnulli
2355 3256 2626 3325 principes
2681 3255 2764 3310 ira
2811 3264 3155 3309 exarserunt.
3200 3253 3279 3309 Ne
3309 3265 3494 3310 autem

1933 3349 2247 3414 tacentium,
2275 3357 2329 3402 et
2362 3348 2583 3403 laudare
2612 3362 2716 3402 non
2752 3347 3140 3404 sustinentium
3165 3357 3338 3407 cretus
3364 3363 3490 3419 pru-

1928 3440 2139 3496 dentior
2174 3448 2474 3509 putaretur,
2513 3438 2612 3508 ipsi
2642 3453 2765 3493 cum
2806 3439 3004 3508 populo
3057 3455 3250 3497 manus
3301 3448 3501 3495 exten-

1929 3534 2119 3588 dentes
2176 3532 2552 3586 acclamabant
2598 3531 2829 3588 validius
2879 3533 3059 3587 adhuc
3090 3550 3104 3586 :
3140 3550 3159 3583 ‹
3201 3532 3326 3587 llaec
3369 3532 3489 3588 dies

1930 3624 2069 3696 regis
2100 3664 2115 3689 ,
2151 3642 2169 3675 ι
2210 3624 2368 3695 ιιο
2391 3631 2446 3677 et
2482 3637 2663 3697 [ηερε
2694 3622 2894 3693 impios
2939 3622 3331 3693 approbabaut.
3384 3621 3500 3677 Ira-

1928 3716 2218 3770 scebantur
2271 3714 2454 3784 itaque
2512 3713 3037 3791 inebriatitinquit,
3086 3712 3351 3769 ebrietate
3377 3727 3500 3769 sce-

1930 3796 2121 3872 lerata,
2157 3816 2210 3861 et
2243 3821 2408 3875 super
2441 3807 2507 3862 iis
2549 3806 2641 3875 qui
2697 3806 2749 3862 in
2788 3814 2899 3861 tam
2942 3806 3085 3876 turpi
3118 3807 3333 3879 negotio
3386 3820 3498 3862 non

1930 3897 2244 3954 conferrent
2302 3912 2563 3967 operam,
2599 3897 2852 3953 dentibus
2911 3896 3243 3962 stridebant,
3303 3912 3498 3953 manus

1932 4006 2061 4045 suas
2109 4004 2230 4044 cum
2283 3988 2527 4059 pestibus
2597 3987 2972 4045 extendentes.
3022 3987 3212 4047 Pestes
3269 3989 3503 4060 appellat

1931 4077 2249 4149 p0pularem
2297 4075 2680 4146 frequentiam.
2742 4076 3159 4147 Applaudebant
3203 4078 3373 4151 enim,
3419 4078 3502 4132 in-

1931 4171 2067 4241 quit,
2098 4179 2155 4224 ut
2189 4169 2297 4223 dixi
2327 4209 2344 4235 ,
2381 4184 2692 4240 quanquam
2718 4169 2856 4225 alios
2888 4154 3221 4241 lerudire‘ad
3258 4170 3502 4226 rationes

1930 4248 2167 4338 pietatis
2198 4272 2253 4319 ct
2286 4262 2560 4338 Autilitatis
2607 4261 2710 4317 iter
2759 4262 3000 4333 pandere
3056 4262 3335 4318 deberent.
3393 4261 3501 4318 Sed

1932 4335 2210 4412 fervebant
2260 4335 2516 4410 c'ordibus
2571 4364 2620 4409 et
2682 4354 2834 4425 ipsi,
2917 4353 3134 4423 inquit,
3192 4353 3502 4424 perniciosa

1929 4448 2149 4504 ﬂamma
2204 4444 2519 4516 cupiditatis
2581 4443 2865 4500 deficiendi
2916 4443 2972 4498 in
3027 4442 3270 4499 animum
3332 4444 3504 4503 intro-

1930 4558 2119 4598 missa.
3032 4596 3035 4599 η
3296 4594 3299 4597 η

2000 4630 2165 4686 Vens.
2195 4606 2425 4685 6.61m:
2473 4627 2573 4697 ipsi
2602 4626 3026 4695 prwcipitarcnt,
3080 4635 3246 4680 totam
3298 4635 3500 4683 noctem

248 4715 452 4770 ὕπνου
497 4717 743 4787 Ἐφραΐμ
792 4718 1174 4787 ἀνεπλήσθη.
1205 4718 1361 4789 Πρωῒ
1396 4718 1668 4789 ἐγενήθη,
1725 4722 1821 4775 ἀν-

1933 4740 2113 4779 somno
2158 4721 2407 4791 Ephruim
2462 4722 2688 4787 repletus
2733 4728 2828 4772 est.
2866 4716 3023 4771 Mane
3072 4717 3273 4788 factum
3312 4726 3416 4786 est,
3448 4727 3499 4773 et

248 4808 477 4875 εκαύθη
515 4808 595 4874 ὡς
623 4808 813 4876 πιφὸς
847 4808 1084 4879 φέγγος.

326 4901 446 4953 ΟΕ’.
478 4901 673 4972 Ἔφην,
697 4902 777 4955 ὅτι
808 4899 1055 4971 περιδεὴς
1080 4894 1147 4971 ἦν
1176 4900 1310 4969 ἄγαν
1333 4900 1362 4953 ὁ
1388 4900 1646 4973 θεομισὴς
1677 4900 1830 4971 Ἱερο-

254 4989 422 5059 εοάμ,
469 4991 526 5041 ὲν
571 4990 759 5060 μόναις
808 4989 883 5044 ὢν
912 4990 993 5043 ἔτι
1036 4994 1156 5053 ταῖς
1189 4990 1410 5060 σκέψεσι
1448 4992 1556 5045 τῶν
1599 4990 1827 5045 ἀνοσίων

255 5083 857 5154 ἐγχειρημάτων.ᾬετο
881 5084 1008 5155 γὰρ,
1040 5083 1133 5136 καὶ
1168 5082 1638 5153 σφόδραξείκότως,
1665 5085 1826 5152 ἀγαν-

254 5174 517 5243 ακτήσειν
561 5173 651 5226 τὸν
708 5173 942 5244 Ἰσραὴλ,
1011 5174 1059 5225 εί
1108 5172 1418 5227 διαπύθοιτό
1466 5192 1518 5226 τι
1564 5174 1823 5240 τοιοῦτον,

253 5265 352 5319 καὶ
374 5263 483 5316 τῶν
508 5263 776 5333 πατρῴων
815 5263 953 5317 ἐθῶν
977 5264 1073 5335 τὴν
1094 5265 1403 5337 παράϐασιν
1439 5266 1537 5320 οὐκ
1561 5267 1617 5320 ἐν
1646 5266 1827 5338 μικρῷ

256 5356 579 5426 ποιήσεσθαι
610 5355 771 5426 λόγῳ.
811 5356 1023 5427 Ἐπειδὴ
1053 5357 1107 5410 δὲ
1139 5360 1569 5431 προσπεφώνηκε
1598 5360 1694 5429 μὲν
1716 5364 1829 5425 τοῖς

255 5448 436 5518 ὄχλοις
481 5448 663 5512 αὐτὸς,
718 5449 798 5502 ὅτι
847 5448 952 5519 χρὴ
999 5451 1118 5513 ταῖς
1172 5450 1435 5520 δαμάλεσι
1482 5454 1825 5524 προσκυνεῖν

256 5542 607 5611 προσήκαντο
636 5541 692 5596 δὲ
721 5541 970 5611 ἀσμένως
999 5542 1096 5615 τὴν
1124 5541 1311 5612 σκέψιν
1352 5544 1529 5609 αὐτοὶ,
1561 5545 1651 5599 καὶ
1692 5546 1827 5614 ὁμοῦ

257 5634 369 5693 τοῖς
402 5631 658 5702 ἄρχουσίν
684 5635 1034 5705 ἐπεκράτουν,
1076 5635 1148 5699 ὡς
1178 5635 1313 5706 όρθά
1347 5637 1446 5691 καις
1482 5638 1827 5711 συμφέροντα

257 5726 477 5792 φρονεῖν
526 5741 585 5776 τε
645 5725 738 5779 καὶ
780 5725 914 5797 δρᾷν
960 5727 1244 5798 ᾑρημένον
1296 5728 1504 5800 ἀπέστη
1539 5730 1829 5800 δειμάτων,

260 5813 686 5889 ἀποκεχώρηκεν
726 5816 979 5888 ὑποψίας,
1015 5816 1251 5887 εὔθυμός
1284 5837 1340 5873 τε
1371 5820 1592 5877 διετέλει
1628 5821 1831 5891 λοιπὸν,

1931 4816 2173 4870 incensus
2220 4827 2293 4868 est
2328 4811 2460 4867 velut
2500 4812 2634 4881 ignis
2666 4810 2859 4864 lumen.

2003 4904 2213 4962 LXXV.
2259 4904 2464 4970 Monui,
2513 4903 2824 4968 Jeroboam,
2872 4917 3085 4960 summo
3131 4915 3407 4963 versatum
3445 4906 3503 4962 in

1932 5005 2102 5061 metu,
2136 4997 2258 5051 dum
2287 4996 2466 5050 adhuc
2505 4994 2571 5049 de
2620 4994 2787 5062 impio
2825 4988 3074 5051 facinore
3128 4997 3500 5067 aggrediundo

1930 5089 2272 5145 deliberaret.
2307 5086 2699 5158 Suspicabatur
2748 5086 2920 5153 enim,
2984 5099 3039 5145 et
3076 5089 3293 5163 quidem
3315 5093 3505 5161 rectis-

1930 5180 2088 5246 sime,
2144 5194 2287 5251 πετο
2349 5178 2587 5232 laturum
2649 5174 2817 5233 Israel
2849 5218 2866 5246 ,
2909 5181 2952 5233 si
3003 5180 3133 5255 quid
3186 5168 3501 5253 bnjusmodi

1931 5270 2273 5341 comperiret,
2313 5268 2721 5339 patriorumque
2751 5268 2953 5323 rituum
2998 5269 3352 5325 violationem
3387 5287 3491 5327 nou

1934 5363 2325 5433 neglecturum.
2386 5360 2677 5430 Postquam
2733 5371 2913 5417 autem
2968 5361 3223 5431 populum
3272 5362 3387 5432 ipse
3434 5363 3499 5416 de

1933 5453 2115 5508 vitulis
2145 5453 2436 5509 adorandis
2473 5451 2841 5521 compellavit,
2874 5460 2941 5531 et
2994 5454 3229 5531 cogitata
3250 5453 3381 5525 ejus
3428 5452 3497 5506 li-

1932 5547 2123 5602 benter
2153 5546 2509 5611 admiserunt,
2538 5553 2594 5602 et
2622 5544 2783 5600 simul
2812 5559 2935 5599 cum
2971 5546 3306 5617 principibus
3347 5546 3497 5615 pian-

1933 5654 2050 5694 sum
2081 5654 2244 5709 super
2265 5652 2330 5694 eo
2369 5637 2651 5702 dederunt,
2689 5648 2943 5708 tanquam
2975 5638 3064 5706 qui
3083 5636 3229 5705 iusta
3261 5645 3317 5691 et
3376 5636 3495 5693 fru-

1924 5741 2113 5787 ctuosa
2144 5746 2269 5786 cum
2307 5744 2523 5801 sapere,
2554 5738 2665 5784 tum
2695 5729 3284 5795 facereinstituissent,
3319 5715 3510 5799 terro-i

1923 5837 2039 5879 rem
2072 5820 2343 5893 deposuit,
2398 5820 2762 5893 suspicionem
2809 5820 3023 5891 abjecit,
3087 5812 3492 5891 tranquilloque
