4068 6556
632 393 735 448 187

1646 397 1702 454 8.
1746 399 2022 454 CYlIlLLI
2061 394 2533 454 ALEXANDRINI
2571 394 2885 453 ARCHIEP.

3785 389 3887 447 I88

627 507 882 576 deinceps
928 507 1113 564 animo
1159 518 1215 565 et
1251 509 1613 578 iucunditatis
1658 516 1819 585 pleno
1877 517 2175 587 permansit

2303 514 2397 569 καὶ
2438 512 2651 587 τρυφῆς
2694 508 2763 585 ῆν
2802 512 3002 575 πλέως.
3035 510 3241 565 Ούκουν
3270 527 3328 561 εν
3358 508 3434 577 τῷ
3477 506 3888 578 καταρῤάσσειν

626 599 812 670 Itaque
839 600 962 654 dum
1014 602 1118 671 ipsi
1168 604 1597 675 praecipitarent,
1634 608 1738 663 hoc
1794 618 1917 675 est,
1953 618 2196 678 tempore

624 689 739 755 illo,
764 693 977 761 quando
1012 693 1066 748 in
1113 696 1407 764 perniciem
1453 705 1509 752 et
1558 697 1839 754 interitum
1887 702 2195 772 praecipites

624 781 1069 849 devolvebantur,
1098 796 1402 842 annnentes
1435 797 1489 843 et
1537 791 1900 848 assentientes
1945 792 2042 855 illi,
2085 793 2195 848 dis-

625 874 1039 945 cessionemque
1074 892 1104 930 a
1156 878 1450 935 dilectione
1483 896 1611 952 erga
1656 883 1821 938 Deum
1851 885 2191 954 amplecten-

624 972 726 1031 tes,
758 972 907 1029 tunc,
934 966 1130 1036 inquit,
1159 968 1558 1037 Ephraim,lioc
1589 983 1694 1040 est,
1722 977 1911 1029 etribu
1937 976 2191 1045 Ephraim

623 1064 920 1122 prognatus
953 1055 1266 1124 Jeroboam,
1318 1077 1338 1111 ι
1379 1070 1544 1116 totam
1596 1076 1809 1119 noctem
1849 1067 2124 1120 dormivit.
2167 1085 2186 1119 ι

621 1144 699 1197 Ac
724 1143 769 1198 si
796 1144 1000 1201 diceret
1028 1164 1042 1199 :
1068 1148 1200 1202 Cum
1220 1161 1376 1206 antea
1407 1168 1470 1207 ex
1497 1155 1777 1212 timoribus
1812 1168 1866 1212 et
1888 1160 2195 1229 suspicione

621 1236 951 1305 evigilasset,
987 1256 1114 1294 cura
1139 1241 1251 1311 jam
1284 1260 1490 1301 vacuus
1545 1249 1611 1303 de
1653 1259 1851 1305 caalero
1885 1253 2189 1323 triumpha-

543 1393 546 1397 ἢ
622 1327 716 1382 bat
742 1331 959 1399 gaudio,
988 1341 1042 1387 et
1074 1334 1220 1389 molli
1256 1336 1307 1389 in
1356 1337 1552 1393 lectulo
1600 1348 1710 1395 tota
1753 1352 1909 1397 nocte
1945 1359 2192 1400 somnum

622 1420 912 1488 carpebat;
963 1433 1048 1477 ast
1073 1424 1163 1478 ubi
1216 1426 1375 1482 terris
1422 1431 1629 1485 reddita
1671 1433 1761 1487 lus.
1809 1444 1924 1500 est,
1978 1436 2194 1494 fervore

623 1512 759 1567 alios
787 1518 1082 1582 superavit.
1121 1536 1139 1569 ι
1184 1518 1491 1576 Succensus
1526 1533 1609 1577 est
1653 1527 1798 1580 enim
1846 1530 2001 1596 quasi
2053 1529 2193 1600 ignis

582 1610 592 1621 '
621 1604 803 1662 lumen
839 1622 934 1662 seu
965 1608 1202 1678 ﬂairima,
1243 1632 1262 1666 s
1299 1629 1514 1684 unaque
1548 1631 1669 1670 cum
1707 1619 1904 1687 populo
1933 1621 2190 1690 incaluit;

620 1712 719 1753 nec
766 1699 832 1754 ad
878 1711 1135 1771 punctum
1203 1709 1463 1778 temporis
1510 1723 1624 1764 rem
1678 1711 2050 1780 prolatandum
2100 1730 2193 1770 ra-

619 1800 745 1857 tus,
793 1792 931 1848 mira
982 1795 1263 1852 alacritate
1317 1799 1563 1857 nefanda:
1607 1803 1904 1860 tnolitionis
1945 1820 2080 1876 opus
2124 1807 2191 1862 ad

615 1882 866 1937 eﬂ'ectnm
899 1884 1072 1954 palam
1099 1888 1376 1957 perduxit.

687 1971 854 2031 Vens.
916 1976 968 2032 7.
1022 1976 1215 2034 Omnes
1261 1981 1507 2052 calefacti
1556 1993 1720 2050 sunt,
1761 1986 1915 2057 quasi
1949 1984 2192 2043 clibanus

616 2067 777 2119 corda
817 2083 996 2121 eorum
1024 2109 1038 2134 ,
1079 2082 1127 2125 at
1173 2072 1510 2127 comederunt
1534 2074 1744 2143 judices
1791 2093 1937 2132 suos.
1995 2077 2191 2134 Omnes

616 2172 759 2227 reges
785 2174 963 2213 eorum
989 2162 1308 2229 ceciderunt,
1347 2180 1451 2218 non
1480 2175 1596 2220 erat
1624 2166 1768 2223 inter
1792 2168 1914 2224 illos
1937 2169 2188 2227 invocans

613 2250 683 2302 ad
703 2266 801 2303 me.

685 2339 923 2396 LXXVI.
960 2343 1098 2399 Vera
1122 2344 1288 2415 igitur
1317 2363 1436 2418 quae
1458 2348 1592 2413 dixi,
1617 2350 1913 2406 calefactus
1943 2362 2025 2408 est
2041 2352 2189 2408 enim

611 2430 959 2487 detestandus
985 2432 1294 2504 Jeroboam,
1320 2446 1372 2493 et
1393 2454 1689 2495 succensus
1712 2450 1770 2495 ut
1791 2438 2004 2495 ﬂamma
2026 2442 2185 2512 ignis.

611 2518 749 2575 Num
785 2523 949 2592 igitur
989 2523 1132 2581 illius
1169 2535 1376 2581 tantum
1419 2529 1609 2585 audaci
1642 2528 1885 2593 facinore
1936 2533 2188 2603 impietas

606 2629 669 2669 se
694 2616 998 2671 continuit?
1030 2619 1185 2689 ιιι
1211 2618 1581 2691 Nequaquam,
1606 2623 1715 2689 ait;
1741 2641 1760 2676 ι
1787 2624 2031 2681 calefacti
2058 2637 2189 2682 sunt

578 2706 753 2759 enim
795 2721 1021 2772 omnes,
1079 2728 1099 2761 ι
1143 2711 1308 2765 etiam
1361 2727 1710 2769 successores
1750 2714 1888 2782 ejus,
1930 2726 1990 2771 ct
2029 2716 2188 2772 istius

606 2796 805 2852 caloris
831 2799 1097 2856 exitiosus
1146 2802 1284 2872 ignis
1327 2819 1516 2861 omnes
1563 2822 1751 2862 eorum
1796 2808 2007 2879 judices
2058 2826 2187 2867 con-

606 2889 871 2957 sumpsit,
902 2899 956 2944 et
984 2906 1138 2961 reges
1170 2910 1295 2949 eum
1323 2907 1537 2951 secutos
1589 2898 1833 2954 sustulit.
1883 2899 1999 2956 Non
2035 2904 2181 2957 enim

608 2980 711 3035 fuit
740 2982 881 3037 inter
907 2983 1047 3049 illos,
1086 2988 1178 3055 qui
1216 3002 1301 3042 me
1339 2989 1572 3045 adorare
1631 2992 1811 3061 vellet,
1859 3004 1914 3050 et
1963 2996 2184 3051 univer—

604 3088 788 3128 sorum
824 3075 933 3131 Deo
970 3078 1384 3149 supplicandum
1412 3097 1695 3153 censeret,
1746 3096 1801 3143 et
1824 3088 1889 3143 de
1929 3103 2055 3144 vera
2090 3103 2184 3145 co-

603 3171 848 3240 gnitione
889 3172 978 3228 Dei
1019 3176 1493 3233 condecoraretur.

616 3354 643 3357 “
676 3349 839 3405 Vens.
874 3350 929 3406 8.
961 3351 1219 3422 Ephraim
1245 3355 1300 3410 in
1332 3356 1538 3424 populis
1572 3358 1683 3414 suis
1718 3360 2175 3419 commiscebatur.

605 3438 861 3508 Ephraim
906 3443 1078 3512 factus
1121 3457 1198 3501 est
1255 3448 1661 3517 subcinericius,
1712 3454 1804 3524 qui
1852 3470 1957 3508 nou
2001 3471 2177 3509 rever-

599 3542 771 3587 satur.

671 3620 936 3678 LXXVII.
973 3624 1230 3682 Graviter
1259 3628 1737 3702 vituperat,penes
1779 3648 1915 3703 quos
1943 3647 2011 3688 ex
2036 3635 2177 3690 tribu

598 3714 856 3785 Ephraim
906 3718 1082 3773 honor
1119 3720 1301 3791 regius
1332 3730 1451 3777 erat
1490 3723 1542 3777 in
1574 3722 1846 3789 Samaria,
1876 3726 1967 3795 qui
1994 3724 2171 3782 nihilo

598 3810 794 3863 melius
852 3825 1014 3879 quam
1073 3812 1316 3878 subditi,
1350 3823 1404 3868 et
1460 3814 1629 3870 inﬁmi
1701 3818 1905 3886 quique
1947 3817 2175 3873 animati

595 3907 781 3953 essent
811 3916 826 3966 ;
875 3899 970 3953 sed
1002 3902 1053 3953 in
1088 3901 1341 3956 omnibus
1376 3919 1497 3957 cum
1531 3904 1637 3959 illis
1682 3917 2088 3978 congruerent,
2121 3919 2177 3965 et

599 3987 701 4043 levi
740 3998 1013 4044 momento
1048 4005 1369 4061 quocunque
1396 4009 1499 4048 una
1534 3995 1870 4065 auferentur,
1904 4013 2026 4053 cum
2054 4038 2070 4064 ,
2118 4009 2176 4055 ut

598 4074 762 4135 duces
791 4095 854 4136 ac
886 4081 1156 4152 principes
1204 4084 1269 4138 ad
1317 4086 1569 4141 virtutem
1611 4090 1805 4157 praeire
1841 4092 2020 4161 potius
2052 4132 2068 4157 ,
2119 4101 2175 4149 et

597 4174 665 4228 ad
721 4174 947 4228 salutent
998 4174 1211 4231 illorum
1268 4179 1597 4247 pertinentia
1651 4182 1948 4251 perfectius
2003 4186 2174 4240 subli-

598 4266 846 4336 miusque
901 4270 1212 4339 perspicere
1235 4286 1331 4326 eos
1385 4283 1683 4343 oporteret,
1739 4278 1885 4344 quod
1944 4278 2172 4334 minime

595 4359 955 4430 praestabant:
986 4375 1169 4415 verum
1199 4366 1691 4421 connniscebantur
1724 4368 1884 4440 vulgo
1907 4410 1921 4436 ,
1983 4372 2169 4425 eadem

593 4462 651 4509 et
687 4453 882 4524 aequali
912 4455 1185 4509 dementia
1219 4472 1409 4513 omnes
1445 4469 1813 4529 aegrotantes;
1871 4466 2168 4532 pertinacia

594 4545 820 4615 insuper
854 4548 906 4602 in
944 4547 1295 4616 improbitate
1326 4559 1379 4605 et
1429 4556 1772 4624 contumacia
1826 4556 2128 4612 voluntatis
2152 4599 2168 4623 ,

593 4637 808 4708 penitus
834 4646 941 4694 non
992 4639 1340 4705 dimittentis,
1394 4656 1514 4711 qua)
1540 4640 1719 4697 facere
1747 4645 2047 4707 statuisset,
2090 4656 2169 4699 ta-

2285 4660 2406 4714 μης,
2436 4642 2497 4696 ού
2528 4643 2857 4714 μεθιεμένης
2906 4642 3184 4706 παντελῶς
3211 4682 3228 4706 ,

591 4731 751 4787 melsi
781 4747 843 4787 ea
876 4742 1081 4802 pestem
1113 4742 1169 4789 et
1197 4732 1478 4789 interitum
1500 4735 1607 4790 illis
1649 4735 1928 4793 afferrent.
1970 4737 2167 4792 Panem

590 4823 775 4895 itaque
848 4825 1268 4881 subcinericium
1327 4842 1432 4883 non
1490 4838 1830 4885 reversatum
1900 4830 2164 4899 Ephraim

590 4915 792 4973 factum
828 4932 951 4973 esse
1002 4928 1271 4985 autumat,
1312 4936 1442 4976 usus
1488 4921 1728 4993 imagine
1787 4939 1879 4979 seu
1913 4926 2169 4994 exemplo

588 5024 792 5080 panum
815 5024 979 5080 super
1002 5009 1272 5080 lapidibus
1304 5020 1633 5079 assatorum,
1662 5029 1798 5083 quos
1824 5015 1929 5069 nisi
1958 5031 2164 5079 verses,

588 5102 752 5173 plane
799 5102 972 5168 esuri,
1018 5112 1073 5159 et
1091 5103 1202 5174 jam
1234 5104 1450 5161 inutiles
1505 5106 1717 5173 videri,
1769 5114 1826 5161 et
1874 5107 2017 5175 quod
2052 5107 2170 5163 esui

588 5204 710 5250 erat
741 5195 1019 5263 idoneum,
1050 5195 1340 5253 immodica
1379 5196 1599 5252 ﬂamma
1639 5198 1911 5269 corrumpi
1948 5214 2169 5255 necesse

587 5294 691 5342 est.

660 5466 822 5522 Vens.
844 5468 897 5522 9.
925 5470 1277 5525 Lomeaerunt
1308 5472 1470 5525 alieni
1502 5471 1635 5526 vires
1667 5487 1779 5541 qua
1800 5512 1815 5537 ,
1850 5471 1959 5539 ipse
1993 5482 2168 5526 autem

587 5577 693 5615 non
716 5561 952 5632 cognovit
986 5576 1005 5616 :
1044 5571 1095 5616 et
1128 5564 1247 5617 cani
1275 5564 1629 5634 effloruerunt,
1680 5574 1730 5617 et
1776 5565 1884 5634 ipse
1925 5580 2028 5618 non
2073 5581 2165 5618 co-

588 5654 765 5723 gnavi!

664 5745 944 5803 LXXVIII.
995 5748 1218 5803 Alicnos
1254 5747 1496 5804 nominat
1537 5749 1870 5820 alienigenas
1901 5794 1915 5819 ,
1970 5764 2025 5808 et
2070 5769 2165 5807 ex-

600 5846 771 5907 teros,
802 5836 995 5895 Persas
1019 5848 1173 5911 puta,
1205 5849 1260 5898 ct
1285 5840 1520 5898 conﬁnes
1575 5840 1815 5913 illorum,
1847 5843 2163 5915 vicinosque

2213 3275 2256 3332 α
2291 3263 2531 3331 γνωσίας
2564 3262 2703 3333 ἔχων
2733 3264 2822 3333 ἐφ’
2853 3264 3034 3336 ἑαυτῷ
3058 3265 3124 3319 τὰ
3152 3265 3466 3337 αὐχήματα.

2296 606 2510 668 αὐτοὺς,
2533 605 2799 670 τουτέστι,
2840 605 2961 657 κατ’
2984 604 3158 656 έκεῖνο
3185 600 3398 671 καιροῦ,
3428 600 3515 653 ὅτε
3544 599 3884 653 κατέπιπτον

2296 701 2374 763 εἰς
2419 697 2637 769 ὄλεθρον
2672 698 2766 750 καὶ
2800 695 3096 758 ἀπώλειαν,
3144 692 3635 763 συγκατανεύοντές
3690 707 3755 743 τε
3792 692 3885 743 καὶ

2298 790 2671 854 συναινοῦντες
2700 789 2865 861 αὐτῷ,
2896 790 2993 842 καὶ
3022 788 3121 859 τῆς
3151 789 3230 849 είς
3258 785 3389 839 Θεὸν
3421 784 3640 853 ἀγάπης
3674 781 3885 851 τιμῶν-

2294 900 2385 947 τες
2428 882 2527 953 τὴν
2573 881 2906 954 παράϐασιν,
2940 880 3059 932 τότε
3107 878 3292 948 φησιν,
3331 878 3359 929 ὀ
3417 874 3676 945 Ἐφραῒμ,
3728 891 3882 926 τουτ-

2295 974 2466 1041 έστιν,
2522 976 2551 1029 ό
2592 966 2666 1027 ’ὲκ
2701 973 2873 1043 φυλῆς
2904 970 3143 1042 Ἐφραῖμ
3183 967 3484 1040 Ὶεροόοάμ,
3520 985 3537 1018 ι
3575 967 3704 1036 ὅλην
3742 966 3882 1017 ἐκοι-

2297 1066 2445 1138 μήθη
2497 1067 2597 1137 τὴν
2646 1066 2832 1119 νύκτα.
2886 1083 2904 1116 ι
2963 1064 3186 1133 Ὅμοιον
3235 1060 3310 1124 ὼς
3366 1062 3415 1113 εί
3471 1059 3639 1126 λέγοι*
3681 1056 3882 1111 Καίτοι

2295 1162 2461 1214 πάλαι
2492 1160 2862 1233 διεγρηγορὼς
2890 1159 2953 1211 ἐκ
2984 1156 3254 1225 δειμάτων
3276 1154 3370 1208 καὶ
3393 1152 3648 1221 ὑποψίας,
3678 1151 3883 1219 ἄφρον-

2294 1267 2379 1313 τις
2415 1248 2491 1303 ὢν
2549 1250 2759 1321 ἐτρύφα
2807 1247 3011 1312 λοιπὸν,
3047 1247 3139 1300 καὶ
3176 1245 3234 1297 ὲν
3278 1242 3547 1315 μαλακαῖς
3586 1236 3655 1311 ἦν
3696 1240 3882 1301 εὐναῖς

2294 1342 2421 1413 ὃλην
2454 1341 2552 1413 τὴν
2580 1342 2753 1397 νύκτα
2789 1339 3152 1411 κοιμώμενος,
3194 1336 3380 1407 ἐπειδὴ
3410 1336 3467 1389 δε
3496 1332 3636 1405 πρωῒ
3665 1332 3880 1401 γέγονε,

2295 1432 2621 1505 θερμότερος
2653 1427 2720 1503 ῆν
2750 1430 2859 1484 τῶν
2891 1430 3123 1484 ἀλλων.‹
3146 1426 3445 1495 Ἀνεκαύθη
3474 1424 3581 1495 γάρ
3601 1424 3677 1487 ὼς
3708 1420 3882 1491 πυρὸς

2295 1526 2513 1594 φέγγος,
2550 1544 2568 1576 ι
2606 1526 2700 1578 καὶ
2746 1527 2856 1587 τοῖς
2883 1522 3062 1593 ὄχλοις
3097 1517 3574 1590 συνεθερμαίνετο,
3606 1515 3725 1568 οὐδ’
3759 1513 3880 1565 ὅσον

2294 1617 2467 1669 εἰπεῖν
2503 1615 2814 1686 μελλησμοῦ
2855 1615 2953 1684 τὴν
2992 1612 3245 1666 ὑπόθεσιν
3274 1610 3460 1676 ἀξιῶν,
3501 1607 3615 1660 ἀλλ’
3663 1609 3747 1669 εἰς
3789 1605 3881 1658 πέο

2296 1725 2395 1780 ρας
2439 1709 2612 1776 ἄγων,
2643 1708 2735 1759 καὶ
2771 1706 2915 1775 μάλα
2957 1704 3272 1776 προθύμως,
3307 1702 3416 1757 τῶν
3445 1701 3675 1756 ἀνοσίων
3706 1700 3882 1770 ἐγχει-

2298 1816 2364 1872 ρη
2374 1799 2557 1870 μάτων
2584 1797 2682 1868 τὴν
2708 1795 2993 1863 ἀνάδειξιν.

2366 1976 2600 2043 Πάντες
2620 1976 3091 2047 ἐθερμάνθησαν,
3114 1977 3194 2045 ὡς
3225 1978 3513 2045 κλίϐανος
3541 1979 3602 2031 al
3636 1974 3878 2046 καρδίαι

2296 2065 2515 2132 αὐτῶν,
2552 2067 2651 2123 καὶ
2681 2068 3019 2139 κατέφαγον
3054 2069 3196 2136 τοὺς
3227 2068 3430 2137 κριτὰς
3465 2068 3685 2124 αὐτῶν.
3720 2067 3877 2122 Πάν-

2296 2176 2395 2226 τες
2428 2163 2483 2214 οί
2506 2160 2790 2227 βασιλεῖς
2821 2161 3021 2216 αὐτῶν
3048 2161 3293 2229 ἔπεσον,
3323 2164 3433 2217 οὐκ
3459 2159 3538 2232 ἦν
3565 2163 3635 2215 ἐν
3673 2160 3878 2228 αὐτοῖς

2296 2252 2330 2304 ὀ
2362 2250 2840 2320 ἐπικαλούμενος
2866 2252 3016 2319 πρός
3040 2269 3137 2321 με.

2365 2344 2500 2411 OQ”.
2554 2342 2753 2414 Ἀληθῆ
2780 2344 2878 2414 μὲν
2896 2340 2988 2398 οὖν
3018 2344 3161 2417 ἅπερ
3193 2345 3354 2417 ἔφην·
3381 2343 3753 2415 τεθέρμανται
3773 2343 3877 2414 γάρ

2294 2435 2344 2488 οἱ
2372 2436 2516 2505 ἀμφὶ
2546 2435 2636 2488 τὸν
2679 2436 2951 2506 ἐπάρατον
2999 2437 3301 2508 ’Ῑεροὸοάμ,
3352 2437 3447 2489 καὶ
3497 2435 3873 2506 ἀνεκαύθησαν

2292 2527 2368 2592 ὡς
2404 2528 2571 2600 πυρὸς
2602 2528 2825 2597 φέγγος.
2858 2510 2981 2600 Ἆρ’
3019 2525 3111 2583 οὖν
3144 2531 3307 2601 μέχρι
3336 2530 3442 2583 τῶν
3469 2530 3662 2599 ἐκείνῳ
3697 2527 3875 2583 τετολ·

2296 2622 2556 2693 μημένων
2581 2623 2648 2676 τὰ
2686 2623 2788 2693 τῆς
2817 2621 3132 2685 δυσσεϐείας
3168 2621 3546 2694 προὸέὸηκεν;
3576 2620 3865 2691 Ούδαμῶς.

2294 2709 2479 2781 φησὶψ
2506 2730 2523 2762 ι
2545 2710 3082 2784 έθερμάνθησανγάρ
3112 2712 3330 2778 πάντες,
3357 2731 3375 2764 ι
3398 2712 3494 2765 καὶ
3512 2714 3559 2766 οἱ
3584 2713 3704 2783 μετ’
3734 2713 3874 2766 ἐκεῖ·

2293 2819 2382 2856 νον
2412 2802 2512 2866 ἔτι,
2545 2803 2638 2856 καὶ
2668 2804 2768 2874 τῆς
2797 2802 3048 2875 τοιαύτης
3078 2803 3380 2875 θερμασίας
3406 2804 3470 2858 τὸ
3502 2802 3748 2872 ὀλέθριον
3768 2801 3872 2874 πῦρ

2292 2894 2509 2958 πάντας
2542 2894 2641 2965 μὲν
2675 2894 2855 2949 αὐτῶν
2892 2896 3235 2967 δεδαπάνηκε
3280 2897 3406 2960 τοὺς
3450 2886 3666 2968 κριτάς,
3696 2894 3872 2948 ἀνεῖλε

2290 2986 2346 3039 δὲ
2395 2987 2488 3039 καὶ
2529 2987 2738 3051 πάντας
2785 2989 2910 3051 τοὺς
2956 2988 3194 3059 καθεξῆς
3246 2991 3364 3059 μετ’
3399 2989 3605 3043 ἐκεῖνον
3653 2987 3871 3059 βεϐασι-

2287 3077 2567 3141 λευκότας.
2605 3078 2681 3131 Ού
2715 3075 2917 3151 γὰρῆν
2949 3080 3007 3133 ὲν
3038 3081 3220 3141 αὐτοῖς
3245 3082 3273 3134 ό
3309 3082 3634 3152 προσκυνεῖν
3673 3078 3874 3133 ἐθέλων

2289 3170 2412 3241 ἐμὲ,
2448 3171 2654 3224 καὶτὸν
2679 3170 2788 3225 τῶν
2818 3171 2954 3226 ὅλων
2982 3172 3115 3226 Θεὸν
3140 3172 3480 3244 ὲκλιπαρεῖν,
3510 3171 3743 3243 ἀληθοῦς
3768 3171 3871 3225 θεο-

2366 3353 2615 3422 Ἐφραῒμ
2676 3354 2748 3408 ἐν
2800 3355 2926 3422 τοῖς
2976 3355 3150 3423 λαοῖς
3195 3356 3383 3410 αὐτοῦ
3445 3355 3867 3425 συνεμίγνυτο.

2293 3447 2543 3518 Ἐφραῒμ
2574 3447 2813 3519 ἐγένετο
2851 3450 3183 3522 ἐγκρυφίας
3220 3451 3295 3504 οὐ
3335 3450 3865 3520 μετατρεφόμενος.

2351 3624 2470 3679 ΟΖ¹.
2511 3624 2825 3695 Καταψέγει
2855 3625 2976 3680 λίαν
3021 3627 3150 3690 τοὺς
3194 3626 3257 3678 ὲκ
3294 3624 3468 3695 φυλῆς
3504 3626 3749 3698 Ἐφραῒμ
3778 3626 3867 3695 τὴν

2289 3716 2537 3787 βασιλίδα
2586 3717 2752 3790 τιμὴν
2785 3717 3137 3789 άνημμένους
3165 3720 3260 3773 ἐπὶ
3302 3719 3393 3773 τὸν
3435 3721 3653 3791 Ἰσραὴλ
3693 3720 3757 3773 ἐν
3806 3721 3866 3790 τῇ

2277 3810 2606 3883 Σαμαρείᾳ,
2650 3812 2726 3875 ὼς
2782 3810 2937 3864 οὐδὲν
2986 3812 3210 3882 ἄμεινον
3258 3811 3367 3866 τῶν
3413 3812 3517 3866 ὑπὸ
3564 3815 3721 3885 χεῖρα
3784 3813 3868 3866 καί

2276 3902 2548 3971 ἀγελαίων
2600 3909 2821 3975 φρονεῖν
2877 3903 3170 3967 εἰωθότας·
3210 3904 3328 3959 ἀλλ’
3366 3907 3445 3970 είς
3502 3905 3648 3960 ἅπαν
3688 3907 3868 3968 αὐτοῖς

2279 3995 2607 4059 συνθέοντάς
2632 4014 2694 4050 τε
2724 3998 2819 4051 καὶ
2871 3997 3420 4069 συναποφερομένους
3458 3997 3716 4063 εὐκόλως,
3750 3998 3866 4052 καί·

2274 4104 2357 4141 τοι
2389 4088 2544 4154 δέον,
2593 4088 2669 4152 ὡς
2708 4090 3079 4160 ἡγουμένους,
3119 4088 3376 4158 ποδηγεῖν
3414 4090 3494 4151 είς
3536 4089 3597 4142 τὸ
3643 4089 3863 4158 ἀγαθὸν,

2275 4180 2370 4233 καὶ
2394 4179 2756 4251 ύψηλοτέραις
2786 4181 3109 4251 διασκέψεσι
3135 4180 3196 4234 τὸ
3225 4179 3411 4233 τελοῦν
3439 4181 3624 4244 αὐτοῖς
3655 4181 3735 4245 είς
3769 4197 3865 4233 σω-

2273 4272 2470 4343 τηρίαν
2524 4276 2679 4345 ὀρᾷν.
2743 4273 2904 4328 Ἀλλά
2946 4272 3104 4328 τοῦτο
3147 4273 3245 4344 μὲν
3286 4274 3385 4326 οὐκ
3422 4273 3625 4345 ἔδρων·
3684 4292 3865 4329 συναν-

2274 4364 2549 4436 εφύροντο
2580 4365 2637 4418 δὲ
2674 4368 2788 4430 τοῖς
2823 4364 3025 4436 ὄχλοις,
3070 4364 3198 4436 μίαν
3254 4365 3304 4421 oi
3353 4364 3552 4429 πάντες
3590 4366 3684 4420 καὶ
3743 4364 3860 4439 ἴσην

2274 4456 2694 4529 ἀρρωστοῦντες
2726 4456 2826 4527 τὴν
2859 4456 3117 4510 ἀδουλίαν
3145 4497 3162 4522 ,
3208 4456 3304 4510 καὶ
3332 4456 3466 4529 πρός
3502 4472 3567 4527 γε
3614 4456 3773 4510 τοῦτο
3808 4455 3859 4513 τὸ

2273 4549 2510 4621 ἔμμονον
2537 4550 2619 4613 είς
2645 4550 2983 4621 φαυλότητα,
3019 4550 3115 4603 καὶ
3153 4548 3557 4619 άμεταποίητον
3586 4550 3684 4620 τῆς
3729 4547 3859 4617 γνώο

3274 4635 3350 4697 ὧν
3388 4643 3454 4698 ἂν
3498 4641 3675 4696 ἕλοιτο
3709 4643 3856 4715 δρᾷν,

2276 4734 2379 4789 κᾶν
2406 4737 2455 4788 εἰ
2488 4734 2711 4805 ὀλέθρου
2743 4735 2978 4805 πρόξενα
3007 4734 3099 4788 καὶ
3141 4734 3412 4800 ἀπωλείας
3467 4736 3651 4801 αὐτοῖς
3684 4738 3855 4810 ὑπάρ-

2276 4844 2361 4899 χει
2393 4826 2573 4884 ταυτί.
2622 4827 2960 4896 Ἐγκρυφίαν
2998 4826 3065 4898 δὴ
3098 4821 3192 4880 οὖν
3241 4826 3303 4880 οὐ
3351 4829 3855 4901 μεταστρεφόμενον

2275 4918 2604 4991 γεγενῆσθαί
2646 4935 2778 4989 φησι
2813 4918 2905 4973 τὸν
2946 4918 3208 4990 Ἐφραῒμ,
3242 4917 3318 4982 ὡς
3346 4917 3406 4987 ἐξ
3433 4919 3660 4985 εἰκόνος,
3692 4922 3853 4993 manv

2276 5011 2720 5083 παραδείγματος
2757 5010 2867 5065 τῶν
2905 5009 2998 5064 ἐπὶ
3034 5009 3206 5074 λίθοις
3257 5011 3595 5081 ὀπτωμένων
3640 5010 3849 5082 ἄρτων,

2274 5102 2389 5169 οὓς,
2427 5104 2474 5157 εἰ
2518 5104 2593 5175 μή
2639 5120 2724 5166 τις
2756 5101 3145 5174 μεταστρέφοι,
3191 5104 3344 5156 πᾶσα
3398 5102 3586 5174 δήπως
3640 5104 3848 5174 ἀνάγκη

2267 5196 2742 5268 καταφρύττεσθαί
2794 5213 2853 5249 τε
2916 5196 3011 5250 καὶ
3066 5195 3324 5267 ἀχρείους
3364 5195 3595 5267 ὁρᾶσθαι
3647 5197 3846 5262 λοιπὸν,

2267 5289 2363 5343 καὶ⁵
2425 5293 2492 5362 τῇ
2549 5290 2647 5361 τῆς
2700 5288 2897 5359 φλογὸς
2955 5288 3189 5361 ἀφθονίᾳ
3236 5288 3561 5360 ζημιοῦσθαι
3607 5292 3668 5344 τὸ
3726 5290 3848 5345 ἑδώ-

2264 5381 2439 5434 διμον.

2361 5398 2389 5432 ο
2427 5421 2439 5433 .

2321 5398 2688 5538 μέίιέτέφαγον
2722 5468 3029 5535 ἀλλότριοι
3058 5466 3174 5535 τὴν
3209 5470 3395 5539 ἰσχὺν
3423 5472 3634 5534 αὐτοῦ.
3671 5471 3845 5536 αὐτὸς

2264 5561 2333 5616 δὲ
2354 5563 2465 5616 οὐκ
2507 5562 2691 5632 ἐγνω-
2741 5563 2841 5616 καὶ
2890 5561 3094 5616 πολιαὶ
3144 5562 3498 5631 ἐξήνθησαν
3532 5556 3713 5629 αὐτῷ,
3751 5564 3842 5618 καί

2264 5653 2449 5721 αὐτὸς
2474 5655 2587 5708 οὐκ
2614 5655 2788 5724 ἔγνω.

2340 5750 2467 5801 OH'.
2528 5747 2866 5819 Ἀλλοτρίους
2922 5748 3177 5821 ὀνομάζει
3216 5749 3341 5813 τοὺς
3374 5748 3707 5818 ἀλλοφύλους
3754 5748 3839 5803 καὶ

2266 5843 2633 5917 ἑτερογενεῖς,
2672 5842 2885 5914 Πέρσας
2945 5844 3008 5917 δὴ
3059 5843 3242 5914 λέγω,
3298 5843 3390 5898 καὶ
3443 5844 3568 5908 τοὺς
3610 5840 3836 5915 ὁμόρους
