  <div class='ocr_page' id='page_1' title='image "/cluster/home/n/w/nwhite01/storage/ocr_20150623/71/hvd.32044019207885/104.png"; bbox 0 0 4068 6540; ppageno 0'>
   <div class='ocr_carea' id='block_1_1' title="bbox 246 366 357 444">
    <p class='ocr_par' dir='ltr' id='par_1_1' title="bbox 246 366 357 444">
     <span class='ocr_line' id='line_1_1' title="bbox 246 366 357 444; baseline 0 -1"><span class='ocrx_word' id='word_1_1' title='bbox 246 366 357 444; x_wconf 71' lang='lat' dir='ltr'><strong>ise</strong></span> 
     </span>
    </p>
   </div>
   <div class='ocr_carea' id='block_1_2' title="bbox 1173 384 2605 449">
    <p class='ocr_par' dir='ltr' id='par_1_2' title="bbox 1173 384 2605 449">
     <span class='ocr_line' id='line_1_2' title="bbox 1173 384 2605 449; baseline 0.003 -5"><span class='ocrx_word' id='word_1_2' title='bbox 1173 385 1728 445; x_wconf 73' lang='lat' dir='ltr'><strong>COMMENTARIUS</strong></span> <span class='ocrx_word' id='word_1_3' title='bbox 1768 384 1837 443; x_wconf 87' lang='lat' dir='ltr'><strong>IN</strong></span> <span class='ocrx_word' id='word_1_4' title='bbox 1874 385 2109 446; x_wconf 82' lang='lat' dir='ltr'><strong>OSEAM</strong></span> <span class='ocrx_word' id='word_1_5' title='bbox 2151 388 2605 449; x_wconf 68' lang='lat' dir='ltr'><strong>PROPHETALI.</strong></span> 
     </span>
    </p>
   </div>
   <div class='ocr_carea' id='block_1_3' title="bbox 3421 401 3526 459">
    <p class='ocr_par' dir='ltr' id='par_1_3' title="bbox 3421 401 3526 459">
     <span class='ocr_line' id='line_1_3' title="bbox 3421 401 3526 459; baseline 0.038 -3"><span class='ocrx_word' id='word_1_6' title='bbox 3421 401 3526 459; x_wconf 78' lang='lat' dir='ltr'><strong>I90</strong></span> 
     </span>
    </p>
   </div>
   <div class='ocr_carea' id='block_1_4' title="bbox 250 499 1852 586">
    <p class='ocr_par' dir='ltr' id='par_1_4' title="bbox 250 499 1841 574">
     <span class='ocr_line' id='line_1_4' title="bbox 250 499 1841 574; baseline -0.014 2"><span class='ocrx_word' id='word_1_7' title='bbox 250 502 442 564; x_wconf 70' lang='grc' dir='ltr'>αὐτοῖς</span> <span class='ocrx_word' id='word_1_8' title='bbox 465 539 480 564; x_wconf 78' lang='grc' dir='ltr'><strong>ν</strong></span> <span class='ocrx_word' id='word_1_9' title='bbox 532 501 628 554; x_wconf 67' lang='grc' dir='ltr'><strong>καὶ</strong></span> <span class='ocrx_word' id='word_1_10' title='bbox 658 499 904 569; x_wconf 77' lang='grc' dir='ltr'><strong>γείτονας</strong></span> <span class='ocrx_word' id='word_1_11' title='bbox 949 501 1279 567; x_wconf 76' lang='grc' dir='ltr'>Μωαϐίτας,</span> <span class='ocrx_word' id='word_1_12' title='bbox 1340 504 1434 557; x_wconf 78' lang='grc' dir='ltr'><strong>καί</strong></span> <span class='ocrx_word' id='word_1_13' title='bbox 1479 503 1841 574; x_wconf 82' lang='grc' dir='ltr'>Ἰδουμαίους,</span> 
     </span>
    </p>
   </div>
   <div class='ocr_carea' id='block_1_5' title="bbox 1955 499 3522 586">
    <p class='ocr_par' dir='ltr' id='par_1_5' title="bbox 1955 503 3522 586">
     <span class='ocr_line' id='line_1_5' title="bbox 1955 503 3522 586; baseline 0.009 -28"><span class='ocrx_word' id='word_1_14' title='bbox 1955 503 2233 574; x_wconf 72' lang='lat' dir='ltr'><strong>Mozrbitas,</strong></span> <span class='ocrx_word' id='word_1_15' title='bbox 2298 518 2351 563; x_wconf 91' lang='lat' dir='ltr'><strong>et</strong></span> <span class='ocrx_word' id='word_1_16' title='bbox 2394 507 2682 573; x_wconf 67' lang='lat' dir='ltr'><strong>Idumaeos,</strong></span> <span class='ocrx_word' id='word_1_17' title='bbox 2727 519 2781 566; x_wconf 87' lang='lat' dir='ltr'><strong>et</strong></span> <span class='ocrx_word' id='word_1_18' title='bbox 2826 511 3087 585; x_wconf 84' lang='lat' dir='ltr'><strong>Syrorum</strong></span> <span class='ocrx_word' id='word_1_19' title='bbox 3145 523 3395 586; x_wconf 86' lang='lat' dir='ltr'><strong>gentem,</strong></span> <span class='ocrx_word' id='word_1_20' title='bbox 3429 518 3522 586; x_wconf 98' lang='lat' dir='ltr'><strong>qui</strong></span> 
     </span>
    </p>
   </div>
   <div class='ocr_carea' id='block_1_6' title="bbox 251 590 1847 666">
    <p class='ocr_par' dir='ltr' id='par_1_6' title="bbox 251 590 1847 666">
     <span class='ocr_line' id='line_1_6' title="bbox 251 590 1847 666; baseline 0.001 -19"><span class='ocrx_word' id='word_1_21' title='bbox 251 592 352 647; x_wconf 76' lang='grc' dir='ltr'>καὶ</span> <span class='ocrx_word' id='word_1_22' title='bbox 378 590 450 645; x_wconf 81' lang='grc' dir='ltr'>τὰ</span> <span class='ocrx_word' id='word_1_23' title='bbox 479 590 667 663; x_wconf 76' lang='grc' dir='ltr'>Σύρων</span> <span class='ocrx_word' id='word_1_24' title='bbox 707 591 874 661; x_wconf 87' lang='grc' dir='ltr'>ἔθνη,</span> <span class='ocrx_word' id='word_1_25' title='bbox 914 592 963 645; x_wconf 80' lang='grc' dir='ltr'><strong>οἳ</strong></span> <span class='ocrx_word' id='word_1_26' title='bbox 1006 595 1289 664; x_wconf 72' lang='grc' dir='ltr'><strong>μονονουχὶ</strong></span> <span class='ocrx_word' id='word_1_27' title='bbox 1327 595 1724 666; x_wconf 73' lang='grc' dir='ltr'><strong>κατεδηδόκασι</strong></span> <span class='ocrx_word' id='word_1_28' title='bbox 1755 595 1847 649; x_wconf 78' lang='grc' dir='ltr'><strong>τὸν</strong></span> 
     </span>
    </p>
   </div>
   <div class='ocr_carea' id='block_1_7' title="bbox 264 681 1844 759">
    <p class='ocr_par' dir='ltr' id='par_1_7' title="bbox 264 681 1844 759">
     <span class='ocr_line' id='line_1_7' title="bbox 264 681 1844 759; baseline -0.001 -19"><span class='ocrx_word' id='word_1_29' title='bbox 264 686 533 757; x_wconf 77' lang='grc' dir='ltr'>Ἐφρατμ.</span> <span class='ocrx_word' id='word_1_30' title='bbox 577 684 796 755; x_wconf 81' lang='grc' dir='ltr'><strong>Ἐπειδὴ</strong></span> <span class='ocrx_word' id='word_1_31' title='bbox 820 685 931 756; x_wconf 76' lang='grc' dir='ltr'>γὰρ</span> <span class='ocrx_word' id='word_1_32' title='bbox 959 685 1121 756; x_wconf 83' lang='grc' dir='ltr'>ἄρτον</span> <span class='ocrx_word' id='word_1_33' title='bbox 1160 681 1322 740; x_wconf 74' lang='grc' dir='ltr'>αὑτδν</span> <span class='ocrx_word' id='word_1_34' title='bbox 1369 687 1673 759; x_wconf 79' lang='grc' dir='ltr'><strong>ἐγκρυφίαν</strong></span> <span class='ocrx_word' id='word_1_35' title='bbox 1718 687 1844 757; x_wconf 87' lang='grc' dir='ltr'>ἔφη,</span> 
     </span>
    </p>
   </div>
   <div class='ocr_carea' id='block_1_8' title="bbox 254 777 1847 850">
    <p class='ocr_par' dir='ltr' id='par_1_8' title="bbox 254 777 1847 850">
     <span class='ocr_line' id='line_1_8' title="bbox 254 777 1847 850; baseline 0.001 -19"><span class='ocrx_word' id='word_1_36' title='bbox 254 778 571 849; x_wconf 79' lang='grc' dir='ltr'><strong>μεμένηκεν</strong></span> <span class='ocrx_word' id='word_1_37' title='bbox 606 778 665 832; x_wconf 83' lang='grc' dir='ltr'>ὲν</span> <span class='ocrx_word' id='word_1_38' title='bbox 696 780 761 847; x_wconf 79' lang='grc' dir='ltr'>τῇ</span> <span class='ocrx_word' id='word_1_39' title='bbox 810 778 906 831; x_wconf 84' lang='grc' dir='ltr'>τοῦ</span> <span class='ocrx_word' id='word_1_40' title='bbox 936 777 1097 847; x_wconf 82' lang='grc' dir='ltr'>λόγου</span> <span class='ocrx_word' id='word_1_41' title='bbox 1140 781 1340 850; x_wconf 74' lang='grc' dir='ltr'>τροπῇ.</span> <span class='ocrx_word' id='word_1_42' title='bbox 1381 778 1554 850; x_wconf 80' lang='grc' dir='ltr'>’ἰσχὺν</span> <span class='ocrx_word' id='word_1_43' title='bbox 1582 779 1638 834; x_wconf 85' lang='grc' dir='ltr'>δὲ</span> <span class='ocrx_word' id='word_1_44' title='bbox 1681 778 1847 833; x_wconf 80' lang='grc' dir='ltr'>αὑτοῦ</span> 
     </span>
    </p>
   </div>
   <div class='ocr_carea' id='block_1_9' title="bbox 250 866 1850 941">
    <p class='ocr_par' dir='ltr' id='par_1_9' title="bbox 250 866 1850 941">
     <span class='ocr_line' id='line_1_9' title="bbox 250 866 1850 941; baseline 0.001 -21"><span class='ocrx_word' id='word_1_45' title='bbox 250 884 391 939; x_wconf 83' lang='grc' dir='ltr'>φησι</span> <span class='ocrx_word' id='word_1_46' title='bbox 420 866 521 939; x_wconf 83' lang='grc' dir='ltr'><strong>τὴν</strong></span> <span class='ocrx_word' id='word_1_47' title='bbox 563 866 803 939; x_wconf 79' lang='grc' dir='ltr'>ἀριθμοῦ</span> <span class='ocrx_word' id='word_1_48' title='bbox 839 867 1129 938; x_wconf 88' lang='grc' dir='ltr'>κρείττονα</span> <span class='ocrx_word' id='word_1_49' title='bbox 1159 868 1392 940; x_wconf 86' lang='grc' dir='ltr'>πληθύν.</span> <span class='ocrx_word' id='word_1_50' title='bbox 1428 868 1850 941; x_wconf 81' lang='grc' dir='ltr'>Πολυανδροῦσα</span> 
     </span>
    </p>
   </div>
   <div class='ocr_carea' id='block_1_10' title="bbox 250 959 1849 1034">
    <p class='ocr_par' dir='ltr' id='par_1_10' title="bbox 250 959 1849 1034">
     <span class='ocr_line' id='line_1_10' title="bbox 250 959 1849 1034; baseline 0.001 -21"><span class='ocrx_word' id='word_1_51' title='bbox 250 959 366 1031; x_wconf 80' lang='grc' dir='ltr'>γὰρ</span> <span class='ocrx_word' id='word_1_52' title='bbox 394 961 517 1014; x_wconf 90' lang='grc' dir='ltr'>λίαν</span> <span class='ocrx_word' id='word_1_53' title='bbox 543 961 577 1031; x_wconf 73' lang='grc' dir='ltr'>ἡ</span> <span class='ocrx_word' id='word_1_54' title='bbox 609 960 773 1031; x_wconf 81' lang='grc' dir='ltr'>φυλὴ,</span> <span class='ocrx_word' id='word_1_55' title='bbox 811 960 1047 1032; x_wconf 86' lang='grc' dir='ltr'>μάλιστα</span> <span class='ocrx_word' id='word_1_56' title='bbox 1074 960 1170 1015; x_wconf 78' lang='grc' dir='ltr'>τοῦ</span> <span class='ocrx_word' id='word_1_57' title='bbox 1209 960 1475 1034; x_wconf 78' lang='grc' dir='ltr'>Ἐφραῖμ,</span> <span class='ocrx_word' id='word_1_58' title='bbox 1505 962 1600 1015; x_wconf 72' lang='grc' dir='ltr'><strong>καὶ</strong></span> <span class='ocrx_word' id='word_1_59' title='bbox 1639 962 1849 1033; x_wconf 72' lang='grc' dir='ltr'>ὑψηλὴν</span> 
     </span>
    </p>
   </div>
   <div class='ocr_carea' id='block_1_11' title="bbox 252 1052 1852 1126">
    <p class='ocr_par' dir='ltr' id='par_1_11' title="bbox 252 1052 1852 1126">
     <span class='ocr_line' id='line_1_11' title="bbox 252 1052 1852 1126; baseline 0.002 -21"><span class='ocrx_word' id='word_1_60' title='bbox 252 1053 353 1106; x_wconf 66' lang='grc' dir='ltr'><strong>ἐπὶ</strong></span> <span class='ocrx_word' id='word_1_61' title='bbox 382 1052 559 1125; x_wconf 81' lang='grc' dir='ltr'>τούτῳ</span> <span class='ocrx_word' id='word_1_62' title='bbox 587 1053 688 1125; x_wconf 85' lang='grc' dir='ltr'>τὴν</span> <span class='ocrx_word' id='word_1_63' title='bbox 726 1053 901 1124; x_wconf 84' lang='grc' dir='ltr'>ὀφρὺν</span> <span class='ocrx_word' id='word_1_64' title='bbox 940 1054 1317 1120; x_wconf 83' lang='grc' dir='ltr'>ἀνατείνουσα,</span> <span class='ocrx_word' id='word_1_65' title='bbox 1352 1054 1501 1126; x_wconf 87' lang='grc' dir='ltr'>δεινὴ</span> <span class='ocrx_word' id='word_1_66' title='bbox 1534 1056 1629 1108; x_wconf 72' lang='grc' dir='ltr'><strong>καὶ</strong></span> <span class='ocrx_word' id='word_1_67' title='bbox 1654 1056 1852 1109; x_wconf 84' lang='grc' dir='ltr'>ἀναντ-</span> 
     </span>
    </p>
   </div>
   <div class='ocr_carea' id='block_1_12' title="bbox 254 1144 1853 1218">
    <p class='ocr_par' dir='ltr' id='par_1_12' title="bbox 254 1144 1853 1218">
     <span class='ocr_line' id='line_1_12' title="bbox 254 1144 1853 1218; baseline 0.001 -20"><span class='ocrx_word' id='word_1_68' title='bbox 254 1145 561 1214; x_wconf 82' lang='grc' dir='ltr'>αγώνιστος</span> <span class='ocrx_word' id='word_1_69' title='bbox 588 1144 726 1218; x_wconf 79' lang='grc' dir='ltr'>ῷετό</span> <span class='ocrx_word' id='word_1_70' title='bbox 774 1164 878 1202; x_wconf 88' lang='grc' dir='ltr'><strong>που</strong></span> <span class='ocrx_word' id='word_1_71' title='bbox 911 1148 1007 1201; x_wconf 71' lang='grc' dir='ltr'>καὶ</span> <span class='ocrx_word' id='word_1_72' title='bbox 1040 1148 1227 1211; x_wconf 79' lang='grc' dir='ltr'>αὐτοῖς</span> <span class='ocrx_word' id='word_1_73' title='bbox 1257 1146 1476 1201; x_wconf 88' lang='grc' dir='ltr'>ἔσεσθαι</span> <span class='ocrx_word' id='word_1_74' title='bbox 1504 1149 1617 1211; x_wconf 88' lang='grc' dir='ltr'>τοῖς</span> <span class='ocrx_word' id='word_1_75' title='bbox 1666 1148 1853 1201; x_wconf 83' lang='grc' dir='ltr'>Ἀσσυ-</span> 
     </span>
    </p>
   </div>
   <div class='ocr_carea' id='block_1_13' title="bbox 257 1236 1853 1308">
    <p class='ocr_par' dir='ltr' id='par_1_13' title="bbox 257 1236 1853 1308">
     <span class='ocr_line' id='line_1_13' title="bbox 257 1236 1853 1308; baseline 0 -19"><span class='ocrx_word' id='word_1_76' title='bbox 257 1236 396 1307; x_wconf 89' lang='grc' dir='ltr'>ρίων</span> <span class='ocrx_word' id='word_1_77' title='bbox 433 1236 796 1308; x_wconf 81' lang='grc' dir='ltr'><strong>καθηγηταῖς,</strong></span> <span class='ocrx_word' id='word_1_78' title='bbox 821 1237 940 1308; x_wconf 78' lang='grc' dir='ltr'>ἦτοι</span> <span class='ocrx_word' id='word_1_79' title='bbox 966 1239 1312 1308; x_wconf 82' lang='grc' dir='ltr'><strong>στρατηγοῖς.</strong></span> <span class='ocrx_word' id='word_1_80' title='bbox 1344 1236 1563 1308; x_wconf 79' lang='grc' dir='ltr'>Ἐπειδὴ</span> <span class='ocrx_word' id='word_1_81' title='bbox 1590 1236 1646 1288; x_wconf 87' lang='grc' dir='ltr'>δὲ</span> <span class='ocrx_word' id='word_1_82' title='bbox 1676 1253 1853 1308; x_wconf 72' lang='grc' dir='ltr'>παρα-</span> 
     </span>
    </p>
   </div>
   <div class='ocr_carea' id='block_1_14' title="bbox 256 1328 1853 1403">
    <p class='ocr_par' dir='ltr' id='par_1_14' title="bbox 256 1328 1853 1403">
     <span class='ocr_line' id='line_1_14' title="bbox 256 1328 1853 1403; baseline -0.001 -21"><span class='ocrx_word' id='word_1_83' title='bbox 256 1330 517 1398; x_wconf 88' lang='grc' dir='ltr'>γεγόνασι</span> <span class='ocrx_word' id='word_1_84' title='bbox 534 1329 627 1383; x_wconf 77' lang='grc' dir='ltr'>τὸν</span> <span class='ocrx_word' id='word_1_85' title='bbox 643 1331 764 1383; x_wconf 84' lang='grc' dir='ltr'>κατ’</span> <span class='ocrx_word' id='word_1_86' title='bbox 781 1330 962 1383; x_wconf 78' lang='grc' dir='ltr'>αὐτῶν</span> <span class='ocrx_word' id='word_1_87' title='bbox 990 1332 1256 1403; x_wconf 82' lang='grc' dir='ltr'>ἀράμενοι</span> <span class='ocrx_word' id='word_1_88' title='bbox 1273 1329 1527 1398; x_wconf 80' lang='grc' dir='ltr'>πόλεμον,</span> <span class='ocrx_word' id='word_1_89' title='bbox 1546 1328 1753 1382; x_wconf 78' lang='grc' dir='ltr'>ἀκονιτὶ</span> <span class='ocrx_word' id='word_1_90' title='bbox 1776 1328 1853 1382; x_wconf 84' lang='grc' dir='ltr'>δε-</span> 
     </span>
    </p>
   </div>
   <div class='ocr_carea' id='block_1_15' title="bbox 253 1420 1853 1495">
    <p class='ocr_par' dir='ltr' id='par_1_15' title="bbox 253 1420 1853 1495">
     <span class='ocr_line' id='line_1_15' title="bbox 253 1420 1853 1495; baseline -0.001 -20"><span class='ocrx_word' id='word_1_91' title='bbox 253 1421 582 1491; x_wconf 82' lang='grc' dir='ltr'>δαπάνηται,</span> <span class='ocrx_word' id='word_1_92' title='bbox 612 1422 707 1475; x_wconf 77' lang='grc' dir='ltr'><strong>καὶ</strong></span> <span class='ocrx_word' id='word_1_93' title='bbox 726 1422 920 1493; x_wconf 68' lang='grc' dir='ltr'>ἤγοντο</span> <span class='ocrx_word' id='word_1_94' title='bbox 940 1422 1075 1495; x_wconf 71' lang='grc' dir='ltr'>πρὸς</span> <span class='ocrx_word' id='word_1_95' title='bbox 1102 1421 1501 1493; x_wconf 83' lang='grc' dir='ltr'>αἰχμαλωσίαν.</span> <span class='ocrx_word' id='word_1_96' title='bbox 1519 1420 1681 1487; x_wconf 81' lang='grc' dir='ltr'>Ἀλλ’,</span> <span class='ocrx_word' id='word_1_97' title='bbox 1707 1423 1853 1474; x_wconf 78' lang='grc' dir='ltr'><strong>«Οὐκ</strong></span> 
     </span>
    </p>
   </div>
   <div class='ocr_carea' id='block_1_16' title="bbox 253 1512 1854 1586">
    <p class='ocr_par' dir='ltr' id='par_1_16' title="bbox 253 1512 1854 1586">
     <span class='ocr_line' id='line_1_16' title="bbox 253 1512 1854 1586; baseline 0 -19"><span class='ocrx_word' id='word_1_98' title='bbox 253 1512 423 1583; x_wconf 82' lang='grc' dir='ltr'>ἔγνω,</span> <span class='ocrx_word' id='word_1_99' title='bbox 448 1533 466 1565; x_wconf 76' lang='grc' dir='ltr'><strong>ι</strong></span> <span class='ocrx_word' id='word_1_100' title='bbox 492 1514 647 1586; x_wconf 79' lang='grc' dir='ltr'>φησί,</span> <span class='ocrx_word' id='word_1_101' title='bbox 676 1515 981 1583; x_wconf 79' lang='grc' dir='ltr'>τουτέστιν,</span> <span class='ocrx_word' id='word_1_102' title='bbox 1007 1516 1108 1568; x_wconf 80' lang='grc' dir='ltr'><strong>οὐκ</strong></span> <span class='ocrx_word' id='word_1_103' title='bbox 1146 1516 1401 1585; x_wconf 86' lang='grc' dir='ltr'>ὲνενόησε</span> <span class='ocrx_word' id='word_1_104' title='bbox 1432 1515 1534 1585; x_wconf 79' lang='grc' dir='ltr'>τῆς</span> <span class='ocrx_word' id='word_1_105' title='bbox 1569 1514 1854 1586; x_wconf 80' lang='grc' dir='ltr'>συμφορᾶς</span> 
     </span>
    </p>
   </div>
   <div class='ocr_carea' id='block_1_17' title="bbox 253 1602 1854 1676">
    <p class='ocr_par' dir='ltr' id='par_1_17' title="bbox 253 1602 1854 1676">
     <span class='ocr_line' id='line_1_17' title="bbox 253 1602 1854 1676; baseline 0.001 -19"><span class='ocrx_word' id='word_1_106' title='bbox 253 1602 359 1675; x_wconf 78' lang='grc' dir='ltr'>τὴν</span> <span class='ocrx_word' id='word_1_107' title='bbox 384 1606 583 1671; x_wconf 87' lang='grc' dir='ltr'>αἰτίαν,</span> <span class='ocrx_word' id='word_1_108' title='bbox 618 1605 798 1659; x_wconf 88' lang='grc' dir='ltr'>καίτοι</span> <span class='ocrx_word' id='word_1_109' title='bbox 820 1606 940 1661; x_wconf 80' lang='grc' dir='ltr'>δέον</span> <span class='ocrx_word' id='word_1_110' title='bbox 967 1608 1131 1662; x_wconf 79' lang='grc' dir='ltr'>αὐτὸν</span> <span class='ocrx_word' id='word_1_111' title='bbox 1159 1607 1263 1662; x_wconf 86' lang='grc' dir='ltr'><strong>κᾶν</strong></span> <span class='ocrx_word' id='word_1_112' title='bbox 1297 1607 1429 1676; x_wconf 81' lang='grc' dir='ltr'>γοῦν</span> <span class='ocrx_word' id='word_1_113' title='bbox 1456 1606 1547 1661; x_wconf 82' lang='grc' dir='ltr'>διὰ</span> <span class='ocrx_word' id='word_1_114' title='bbox 1573 1606 1680 1660; x_wconf 87' lang='grc' dir='ltr'><strong>τῶν</strong></span> <span class='ocrx_word' id='word_1_115' title='bbox 1716 1623 1854 1676; x_wconf 82' lang='grc' dir='ltr'>συμ-</span> 
     </span>
    </p>
   </div>
   <div class='ocr_carea' id='block_1_18' title="bbox 253 1693 1850 1773">
    <p class='ocr_par' dir='ltr' id='par_1_18' title="bbox 253 1693 1850 1773">
     <span class='ocr_line' id='line_1_18' title="bbox 253 1693 1850 1773; baseline 0.009 -25"><span class='ocrx_word' id='word_1_116' title='bbox 253 1693 570 1767; x_wconf 79' lang='grc' dir='ltr'>ὄεσηκότων</span> <span class='ocrx_word' id='word_1_117' title='bbox 604 1697 739 1751; x_wconf 79' lang='grc' dir='ltr'>ἰέναι</span> <span class='ocrx_word' id='word_1_118' title='bbox 776 1698 913 1770; x_wconf 79' lang='grc' dir='ltr'>πρὸς</span> <span class='ocrx_word' id='word_1_119' title='bbox 940 1699 1215 1772; x_wconf 71' lang='grc' dir='ltr'>αἴσθησιν.</span> <span class='ocrx_word' id='word_1_120' title='bbox 1246 1702 1313 1755; x_wconf 76' lang='grc'>⁸0</span> <span class='ocrx_word' id='word_1_121' title='bbox 1346 1701 1456 1773; x_wconf 83' lang='grc' dir='ltr'><strong>γὰρ</strong></span> <span class='ocrx_word' id='word_1_122' title='bbox 1494 1702 1593 1772; x_wconf 83' lang='grc' dir='ltr'><strong>οὑχ</strong></span> <span class='ocrx_word' id='word_1_123' title='bbox 1634 1701 1850 1772; x_wconf 65' lang='grc' dir='ltr'>ὁρᾶται,</span> 
     </span>
    </p>
   </div>
   <div class='ocr_carea' id='block_1_19' title="bbox 253 1788 1849 1864">
    <p class='ocr_par' dir='ltr' id='par_1_19' title="bbox 253 1788 1849 1864">
     <span class='ocr_line' id='line_1_19' title="bbox 253 1788 1849 1864; baseline 0 -20"><span class='ocrx_word' id='word_1_124' title='bbox 253 1788 521 1854; x_wconf 75' lang='grc' dir='ltr'>πολλάκις</span> <span class='ocrx_word' id='word_1_125' title='bbox 568 1790 635 1843; x_wconf 79' lang='grc' dir='ltr'>ὲκ</span> <span class='ocrx_word' id='word_1_126' title='bbox 684 1790 1032 1864; x_wconf 82' lang='grc' dir='ltr'>προμηθείας</span> <span class='ocrx_word' id='word_1_127' title='bbox 1080 1794 1139 1845; x_wconf 82' lang='grc' dir='ltr'>ὲν</span> <span class='ocrx_word' id='word_1_128' title='bbox 1184 1793 1482 1863; x_wconf 82' lang='grc' dir='ltr'><strong>ὀφθαλμοῖς</strong></span> <span class='ocrx_word' id='word_1_129' title='bbox 1538 1794 1748 1846; x_wconf 78' lang='grc' dir='ltr'>ἱστᾶσιν</span> <span class='ocrx_word' id='word_1_130' title='bbox 1794 1792 1849 1845; x_wconf 91' lang='grc' dir='ltr'>αἱ</span> 
     </span>
    </p>
   </div>
   <div class='ocr_carea' id='block_1_20' title="bbox 254 1882 1852 1956">
    <p class='ocr_par' dir='ltr' id='par_1_20' title="bbox 254 1882 1852 1956">
     <span class='ocr_line' id='line_1_20' title="bbox 254 1882 1852 1956; baseline 0.002 -22"><span class='ocrx_word' id='word_1_131' title='bbox 254 1884 471 1954; x_wconf 76' lang='grc' dir='ltr'>πεῖραι.</span> <span class='ocrx_word' id='word_1_132' title='bbox 504 1882 616 1935; x_wconf 76' lang='grc' dir='ltr'><strong>Καὶ</strong></span> <span class='ocrx_word' id='word_1_133' title='bbox 648 1882 873 1954; x_wconf 76' lang='grc' dir='ltr'>ἄμεινον</span> <span class='ocrx_word' id='word_1_134' title='bbox 902 1883 1001 1954; x_wconf 82' lang='grc' dir='ltr'><strong>μὲν</strong></span> <span class='ocrx_word' id='word_1_135' title='bbox 1033 1884 1094 1938; x_wconf 88' lang='grc' dir='ltr'><strong>τὸ</strong></span> <span class='ocrx_word' id='word_1_136' title='bbox 1133 1884 1611 1940; x_wconf 85' lang='grc' dir='ltr'>κατασκέπτεσθαι</span> <span class='ocrx_word' id='word_1_137' title='bbox 1637 1885 1698 1939; x_wconf 81' lang='grc' dir='ltr'>τὸ</span> <span class='ocrx_word' id='word_1_138' title='bbox 1721 1901 1852 1956; x_wconf 89' lang='grc' dir='ltr'>συμ-</span> 
     </span>
    </p>
   </div>
   <div class='ocr_carea' id='block_1_21' title="bbox 251 1973 1847 2049">
    <p class='ocr_par' dir='ltr' id='par_1_21' title="bbox 251 1973 1847 2049">
     <span class='ocr_line' id='line_1_21' title="bbox 251 1973 1847 2049; baseline 0.002 -21"><span class='ocrx_word' id='word_1_139' title='bbox 251 1973 447 2046; x_wconf 79' lang='grc' dir='ltr'>φέρον,</span> <span class='ocrx_word' id='word_1_140' title='bbox 480 1973 581 2046; x_wconf 77' lang='grc' dir='ltr'><strong>τὴν</strong></span> <span class='ocrx_word' id='word_1_141' title='bbox 606 1977 806 2046; x_wconf 87' lang='grc' dir='ltr'>πεῖραν</span> <span class='ocrx_word' id='word_1_142' title='bbox 844 1976 946 2030; x_wconf 81' lang='grc' dir='ltr'><strong>οὐκ</strong></span> <span class='ocrx_word' id='word_1_143' title='bbox 974 1976 1364 2047; x_wconf 83' lang='grc' dir='ltr'>ἀναμένοντας.</span> <span class='ocrx_word' id='word_1_144' title='bbox 1391 1978 1455 2031; x_wconf 88' lang='grc' dir='ltr'>Εἰ</span> <span class='ocrx_word' id='word_1_145' title='bbox 1482 1977 1538 2030; x_wconf 77' lang='grc' dir='ltr'><strong>δὲ</strong></span> <span class='ocrx_word' id='word_1_146' title='bbox 1562 1977 1626 2049; x_wconf 76' lang='grc' dir='ltr'>δὴ</span> <span class='ocrx_word' id='word_1_147' title='bbox 1657 1977 1847 2031; x_wconf 78' lang='grc' dir='ltr'>τούτου</span> 
     </span>
    </p>
   </div>
   <div class='ocr_carea' id='block_1_22' title="bbox 253 2065 1848 2143">
    <p class='ocr_par' dir='ltr' id='par_1_22' title="bbox 253 2065 1848 2143">
     <span class='ocr_line' id='line_1_22' title="bbox 253 2065 1848 2143; baseline 0.002 -23"><span class='ocrx_word' id='word_1_148' title='bbox 253 2066 474 2136; x_wconf 86' lang='grc' dir='ltr'>γένοιτο</span> <span class='ocrx_word' id='word_1_149' title='bbox 522 2068 621 2121; x_wconf 74' lang='grc' dir='ltr'>καὶ</span> <span class='ocrx_word' id='word_1_150' title='bbox 650 2068 1023 2141; x_wconf 81' lang='grc' dir='ltr'>ἀφαμαρτεῖν,</span> <span class='ocrx_word' id='word_1_151' title='bbox 1060 2068 1174 2124; x_wconf 82' lang='grc' dir='ltr'>ἀλλ’</span> <span class='ocrx_word' id='word_1_152' title='bbox 1223 2065 1315 2124; x_wconf 76' lang='grc' dir='ltr'><strong>οὖν</strong></span> <span class='ocrx_word' id='word_1_153' title='bbox 1363 2069 1655 2123; x_wconf 82' lang='grc' dir='ltr'>πεπονθόσι</span> <span class='ocrx_word' id='word_1_154' title='bbox 1688 2087 1848 2143; x_wconf 84' lang='grc' dir='ltr'>περι-</span> 
     </span>
    </p>
   </div>
   <div class='ocr_carea' id='block_1_23' title="bbox 252 2157 1873 2243">
    <p class='ocr_par' dir='ltr' id='par_1_23' title="bbox 252 2157 1873 2243">
     <span class='ocr_line' id='line_1_23' title="bbox 252 2157 1873 2243; baseline 0.004 -33"><span class='ocrx_word' id='word_1_155' title='bbox 252 2157 418 2213; x_wconf 81' lang='grc' dir='ltr'>έσται</span> <span class='ocrx_word' id='word_1_156' title='bbox 451 2157 639 2214; x_wconf 77' lang='grc' dir='ltr'>λοιπὸν</span> <span class='ocrx_word' id='word_1_157' title='bbox 662 2160 725 2214; x_wconf 86' lang='grc' dir='ltr'><strong>τδ</strong></span> <span class='ocrx_word' id='word_1_158' title='bbox 752 2160 855 2214; x_wconf 76' lang='grc' dir='ltr'><strong>κᾶν</strong></span> <span class='ocrx_word' id='word_1_159' title='bbox 881 2162 941 2229; x_wconf 76' lang='grc' dir='ltr'><strong>ἐξ</strong></span> <span class='ocrx_word' id='word_1_160' title='bbox 963 2161 1132 2232; x_wconf 70' lang='grc' dir='ltr'>αὐτῆς</span> <span class='ocrx_word' id='word_1_161' title='bbox 1161 2160 1421 2216; x_wconf 80' lang='grc' dir='ltr'>δύνασθαι</span> <span class='ocrx_word' id='word_1_162' title='bbox 1445 2164 1583 2217; x_wconf 90' lang='grc' dir='ltr'>νοεῖν</span> <span class='ocrx_word' id='word_1_163' title='bbox 1612 2163 1709 2233; x_wconf 84' lang='grc' dir='ltr'>τῆς</span> <span class='ocrx_word' id='word_1_164' title='bbox 1740 2163 1873 2243; x_wconf 14' lang='grc' dir='ltr'>πείοῆ</span> 
     </span>
    </p>
   </div>
   <div class='ocr_carea' id='block_1_24' title="bbox 255 2254 1848 2328">
    <p class='ocr_par' dir='ltr' id='par_1_24' title="bbox 255 2254 1848 2328">
     <span class='ocr_line' id='line_1_24' title="bbox 255 2254 1848 2328; baseline 0.001 -20"><span class='ocrx_word' id='word_1_165' title='bbox 255 2270 364 2328; x_wconf 79' lang='grc' dir='ltr'><strong>ρας</strong></span> <span class='ocrx_word' id='word_1_166' title='bbox 392 2255 454 2309; x_wconf 80' lang='grc' dir='ltr'><strong>τὸ</strong></span> <span class='ocrx_word' id='word_1_167' title='bbox 486 2255 785 2323; x_wconf 84' lang='grc' dir='ltr'>ἀναγκαῖον</span> <span class='ocrx_word' id='word_1_168' title='bbox 813 2254 909 2308; x_wconf 76' lang='grc' dir='ltr'>καὶ</span> <span class='ocrx_word' id='word_1_169' title='bbox 939 2255 1284 2326; x_wconf 81' lang='grc' dir='ltr'>ὀνησιφόρον.</span> <span class='ocrx_word' id='word_1_170' title='bbox 1320 2256 1435 2309; x_wconf 86' lang='grc' dir='ltr'>Οὐκ</span> <span class='ocrx_word' id='word_1_171' title='bbox 1486 2255 1629 2325; x_wconf 89' lang='grc' dir='ltr'>ἔγνω</span> <span class='ocrx_word' id='word_1_172' title='bbox 1650 2254 1848 2321; x_wconf 81' lang='grc' dir='ltr'>τοίνυν,</span> 
     </span>
    </p>
   </div>
   <div class='ocr_carea' id='block_1_25' title="bbox 252 2344 1848 2419">
    <p class='ocr_par' dir='ltr' id='par_1_25' title="bbox 252 2344 1848 2419">
     <span class='ocr_line' id='line_1_25' title="bbox 252 2344 1848 2419; baseline 0.002 -21"><span class='ocrx_word' id='word_1_173' title='bbox 252 2345 451 2417; x_wconf 76' lang='grc' dir='ltr'>φησιν,</span> <span class='ocrx_word' id='word_1_174' title='bbox 500 2348 530 2401; x_wconf 87' lang='grc' dir='ltr'><strong>ό</strong></span> <span class='ocrx_word' id='word_1_175' title='bbox 562 2344 827 2416; x_wconf 85' lang='grc' dir='ltr'>Ἐφραῒμ,</span> <span class='ocrx_word' id='word_1_176' title='bbox 870 2346 1049 2399; x_wconf 86' lang='grc' dir='ltr'>καίτοι</span> <span class='ocrx_word' id='word_1_177' title='bbox 1089 2345 1533 2419; x_wconf 84' lang='grc' dir='ltr'>πεπολιωμένος,</span> <span class='ocrx_word' id='word_1_178' title='bbox 1577 2348 1848 2415; x_wconf 80' lang='grc' dir='ltr'>τουτέστι,</span> 
     </span>
    </p>
   </div>
   <div class='ocr_carea' id='block_1_26' title="bbox 255 2434 1851 2508">
    <p class='ocr_par' dir='ltr' id='par_1_26' title="bbox 255 2434 1851 2508">
     <span class='ocr_line' id='line_1_26' title="bbox 255 2434 1851 2508; baseline 0.002 -19"><span class='ocrx_word' id='word_1_179' title='bbox 255 2434 480 2507; x_wconf 86' lang='grc' dir='ltr'>μακροῦ</span> <span class='ocrx_word' id='word_1_180' title='bbox 514 2436 888 2505; x_wconf 87' lang='grc' dir='ltr'>διαγεγονότος</span> <span class='ocrx_word' id='word_1_181' title='bbox 912 2436 1126 2506; x_wconf 85' lang='grc' dir='ltr'>χρόνου,</span> <span class='ocrx_word' id='word_1_182' title='bbox 1145 2436 1240 2489; x_wconf 75' lang='grc' dir='ltr'><strong>καὶ</strong></span> <span class='ocrx_word' id='word_1_183' title='bbox 1274 2438 1374 2491; x_wconf 86' lang='grc' dir='ltr'>οὐκ</span> <span class='ocrx_word' id='word_1_184' title='bbox 1392 2437 1663 2502; x_wconf 84' lang='grc' dir='ltr'>ἀνικάνως</span> <span class='ocrx_word' id='word_1_185' title='bbox 1696 2438 1851 2508; x_wconf 82' lang='grc' dir='ltr'>ἔχον-</span> 
     </span>
    </p>
   </div>
   <div class='ocr_carea' id='block_1_27' title="bbox 249 2518 1846 2607">
    <p class='ocr_par' dir='ltr' id='par_1_27' title="bbox 249 2518 1846 2607">
     <span class='ocr_line' id='line_1_27' title="bbox 249 2518 1846 2607; baseline 0.002 -25"><span class='ocrx_word' id='word_1_186' title='bbox 249 2543 351 2593; x_wconf 79' lang='grc' dir='ltr'><strong>τος</strong></span> <span class='ocrx_word' id='word_1_187' title='bbox 385 2530 477 2607; x_wconf 31' lang='grc' dir='ltr'>,εἰς</span> <span class='ocrx_word' id='word_1_188' title='bbox 506 2529 569 2582; x_wconf 81' lang='grc' dir='ltr'>τὸ</span> <span class='ocrx_word' id='word_1_189' title='bbox 615 2528 906 2583; x_wconf 84' lang='grc' dir='ltr'>παιδεῦσαι</span> <span class='ocrx_word' id='word_1_190' title='bbox 940 2518 1165 2594; x_wconf 60' lang='grc' dir='ltr'>λοιπὸν,</span> <span class='ocrx_word' id='word_1_191' title='bbox 1186 2530 1281 2583; x_wconf 70' lang='grc' dir='ltr'><strong>καί¹</strong></span> <span class='ocrx_word' id='word_1_192' title='bbox 1309 2530 1603 2586; x_wconf 85' lang='grc' dir='ltr'>ἀναπεῖσαι</span> <span class='ocrx_word' id='word_1_193' title='bbox 1636 2530 1846 2601; x_wconf 84' lang='grc' dir='ltr'>μαθεῖν,</span> 
     </span>
    </p>
   </div>
   <div class='ocr_carea' id='block_1_28' title="bbox 250 2618 1845 2694">
    <p class='ocr_par' dir='ltr' id='par_1_28' title="bbox 250 2618 1845 2694">
     <span class='ocr_line' id='line_1_28' title="bbox 250 2618 1845 2694; baseline 0.003 -21"><span class='ocrx_word' id='word_1_194' title='bbox 250 2618 381 2674; x_wconf 86' lang='grc' dir='ltr'>τίνα</span> <span class='ocrx_word' id='word_1_195' title='bbox 404 2621 470 2692; x_wconf 87' lang='grc' dir='ltr'>δὴ</span> <span class='ocrx_word' id='word_1_196' title='bbox 507 2620 713 2693; x_wconf 88' lang='grc' dir='ltr'>τρόπον</span> <span class='ocrx_word' id='word_1_197' title='bbox 734 2621 919 2685; x_wconf 79' lang='grc' dir='ltr'>αὐτοῖς</span> <span class='ocrx_word' id='word_1_198' title='bbox 946 2619 1015 2674; x_wconf 83' lang='grc' dir='ltr'><strong>τά</strong></span> <span class='ocrx_word' id='word_1_199' title='bbox 1047 2622 1228 2675; x_wconf 84' lang='grc' dir='ltr'>τοιάδε</span> <span class='ocrx_word' id='word_1_200' title='bbox 1268 2622 1605 2694; x_wconf 78' lang='grc' dir='ltr'>συμὸέσηκε.</span> <span class='ocrx_word' id='word_1_201' title='bbox 1631 2624 1741 2678; x_wconf 75' lang='grc' dir='ltr'>Καὶ</span> <span class='ocrx_word' id='word_1_202' title='bbox 1765 2625 1845 2679; x_wconf 83' lang='grc' dir='ltr'>ὅτι</span> 
     </span>
    </p>
   </div>
   <div class='ocr_carea' id='block_1_29' title="bbox 250 2713 1851 2787">
    <p class='ocr_par' dir='ltr' id='par_1_29' title="bbox 250 2713 1851 2787">
     <span class='ocr_line' id='line_1_29' title="bbox 250 2713 1851 2787; baseline 0.004 -21"><span class='ocrx_word' id='word_1_203' title='bbox 250 2713 678 2785; x_wconf 86' lang='grc' dir='ltr'>προσκέκρουκε</span> <span class='ocrx_word' id='word_1_204' title='bbox 725 2714 806 2786; x_wconf 83' lang='grc' dir='ltr'>τῷ</span> <span class='ocrx_word' id='word_1_205' title='bbox 853 2714 1143 2779; x_wconf 78' lang='grc' dir='ltr'>διασώζειν</span> <span class='ocrx_word' id='word_1_206' title='bbox 1202 2714 1478 2787; x_wconf 78' lang='grc' dir='ltr'>ἰσχύοντι,</span> <span class='ocrx_word' id='word_1_207' title='bbox 1512 2716 1705 2782; x_wconf 79' lang='grc' dir='ltr'>δεινοῖς</span> <span class='ocrx_word' id='word_1_208' title='bbox 1755 2719 1851 2773; x_wconf 76' lang='grc' dir='ltr'>καὶ</span> 
     </span>
    </p>
   </div>
   <div class='ocr_carea' id='block_1_30' title="bbox 230 2805 1095 2877">
    <p class='ocr_par' dir='ltr' id='par_1_30' title="bbox 230 2805 1095 2877">
     <span class='ocr_line' id='line_1_30' title="bbox 230 2805 1095 2877; baseline 0.003 -16"><span class='ocrx_word' id='word_1_209' title='bbox 230 2805 544 2877; x_wconf 52' lang='grc' dir='ltr'>,ἀδοκήτοις</span> <span class='ocrx_word' id='word_1_210' title='bbox 566 2805 856 2861; x_wconf 81' lang='grc' dir='ltr'>ὲνώλισθον</span> <span class='ocrx_word' id='word_1_211' title='bbox 883 2810 1095 2870; x_wconf 82' lang='grc' dir='ltr'>κακοῖς.</span> 
     </span>
    </p>
   </div>
   <div class='ocr_carea' id='block_1_31' title="bbox 326 2898 1851 2971">
    <p class='ocr_par' dir='ltr' id='par_1_31' title="bbox 326 2898 1851 2971">
     <span class='ocr_line' id='line_1_31' title="bbox 326 2898 1851 2971; baseline 0.003 -18"><span class='ocrx_word' id='word_1_212' title='bbox 326 2899 440 2953; x_wconf 78' lang='lat' dir='ltr'><strong>Kal</strong></span> <span class='ocrx_word' id='word_1_213' title='bbox 483 2898 993 2967; x_wconf 76' lang='grc' dir='ltr'>ταπεινωθήσεται</span> <span class='ocrx_word' id='word_1_214' title='bbox 1033 2899 1072 2967; x_wconf 76' lang='grc' dir='ltr'><strong><em>ἡ</em></strong></span> <span class='ocrx_word' id='word_1_215' title='bbox 1109 2900 1276 2970; x_wconf 81' lang='grc' dir='ltr'>ὕϐρις</span> <span class='ocrx_word' id='word_1_216' title='bbox 1311 2900 1419 2956; x_wconf 87' lang='grc' dir='ltr'>τοῦ</span> <span class='ocrx_word' id='word_1_217' title='bbox 1468 2900 1706 2971; x_wconf 76' lang='grc' dir='ltr'>Ἰσραὴλ</span> <span class='ocrx_word' id='word_1_218' title='bbox 1763 2903 1851 2970; x_wconf 81' lang='grc' dir='ltr'><strong>εἰς</strong></span> 
     </span>
    </p>
   </div>
   <div class='ocr_carea' id='block_1_32' title="bbox 250 2987 1849 3061">
    <p class='ocr_par' dir='ltr' id='par_1_32' title="bbox 250 2987 1849 3061">
     <span class='ocr_line' id='line_1_32' title="bbox 250 2987 1849 3061; baseline 0.002 -17"><span class='ocrx_word' id='word_1_219' title='bbox 250 2989 591 3059; x_wconf 63' lang='grc' dir='ltr'>πρόσωπον</span> <span class='ocrx_word' id='word_1_220' title='bbox 616 2988 828 3056; x_wconf 82' lang='grc' dir='ltr'>αὐτοῦ,</span> <span class='ocrx_word' id='word_1_221' title='bbox 866 2987 968 3043; x_wconf 79' lang='grc' dir='ltr'>καὶ</span> <span class='ocrx_word' id='word_1_222' title='bbox 998 2991 1112 3044; x_wconf 83' lang='grc' dir='ltr'>οὐκ</span> <span class='ocrx_word' id='word_1_223' title='bbox 1140 2989 1527 3061; x_wconf 72' lang='grc' dir='ltr'>ἐπέστρεψαν</span> <span class='ocrx_word' id='word_1_224' title='bbox 1547 2991 1697 3061; x_wconf 84' lang='grc' dir='ltr'>πρὸς</span> <span class='ocrx_word' id='word_1_225' title='bbox 1735 2993 1849 3047; x_wconf 83' lang='grc' dir='ltr'><strong>Κύ-</strong></span> 
     </span>
    </p>
   </div>
   <div class='ocr_carea' id='block_1_33' title="bbox 246 3080 1851 3154">
    <p class='ocr_par' dir='ltr' id='par_1_33' title="bbox 246 3080 1851 3154">
     <span class='ocr_line' id='line_1_33' title="bbox 246 3080 1851 3154; baseline 0.004 -20"><span class='ocrx_word' id='word_1_226' title='bbox 246 3099 392 3153; x_wconf 80' lang='grc' dir='ltr'>ριον</span> <span class='ocrx_word' id='word_1_227' title='bbox 416 3080 528 3135; x_wconf 76' lang='grc' dir='ltr'><strong>τὸν</strong></span> <span class='ocrx_word' id='word_1_228' title='bbox 555 3082 704 3136; x_wconf 82' lang='grc' dir='ltr'><strong>Θεὸν</strong></span> <span class='ocrx_word' id='word_1_229' title='bbox 734 3081 955 3150; x_wconf 82' lang='grc' dir='ltr'>αὐτῶν,</span> <span class='ocrx_word' id='word_1_230' title='bbox 991 3082 1090 3137; x_wconf 79' lang='grc' dir='ltr'>καὶ</span> <span class='ocrx_word' id='word_1_231' title='bbox 1119 3085 1232 3139; x_wconf 79' lang='grc' dir='ltr'>οὐκ</span> <span class='ocrx_word' id='word_1_232' title='bbox 1259 3083 1629 3154; x_wconf 70' lang='grc' dir='ltr'>ἐξεζήτησαν</span> <span class='ocrx_word' id='word_1_233' title='bbox 1664 3084 1851 3141; x_wconf 80' lang='grc' dir='ltr'>αὐτὸν</span> 
     </span>
    </p>
   </div>
   <div class='ocr_carea' id='block_1_34' title="bbox 249 3169 791 3236">
    <p class='ocr_par' dir='ltr' id='par_1_34' title="bbox 249 3169 791 3236">
     <span class='ocr_line' id='line_1_34' title="bbox 249 3169 791 3236; baseline -0.004 -10"><span class='ocrx_word' id='word_1_234' title='bbox 249 3172 329 3226; x_wconf 74' lang='grc' dir='ltr'><strong>ἐν</strong></span> <span class='ocrx_word' id='word_1_235' title='bbox 347 3169 503 3225; x_wconf 80' lang='grc' dir='ltr'>πᾶσι</span> <span class='ocrx_word' id='word_1_236' title='bbox 535 3171 791 3236; x_wconf 81' lang='grc' dir='ltr'>τούτοις.</span> 
     </span>
    </p>
   </div>
   <div class='ocr_carea' id='block_1_35' title="bbox 329 3258 1850 3336">
    <p class='ocr_par' dir='ltr' id='par_1_35' title="bbox 329 3258 1850 3336">
     <span class='ocr_line' id='line_1_35' title="bbox 329 3258 1850 3336; baseline 0.003 -22"><span class='ocrx_word' id='word_1_237' title='bbox 329 3258 827 3331; x_wconf 51' lang='grc' dir='ltr'>ΟΘ’.,⁹Ερμηνεύει</span> <span class='ocrx_word' id='word_1_238' title='bbox 877 3261 1064 3330; x_wconf 82' lang='grc' dir='ltr'>σαφῶς</span> <span class='ocrx_word' id='word_1_239' title='bbox 1083 3262 1221 3334; x_wconf 83' lang='grc' dir='ltr'>ὅπερ</span> <span class='ocrx_word' id='word_1_240' title='bbox 1262 3260 1388 3334; x_wconf 83' lang='grc' dir='ltr'>ἔφη.</span> <span class='ocrx_word' id='word_1_241' title='bbox 1432 3263 1507 3318; x_wconf 85' lang='grc' dir='ltr'>Τὸ</span> <span class='ocrx_word' id='word_1_242' title='bbox 1551 3264 1681 3336; x_wconf 80' lang='grc' dir='ltr'>γὰρ,</span> <span class='ocrx_word' id='word_1_243' title='bbox 1734 3266 1850 3319; x_wconf 81' lang='grc' dir='ltr'>Οὐκ</span> 
     </span>
    </p>
   </div>
   <div class='ocr_carea' id='block_1_36' title="bbox 251 3349 1857 3427">
    <p class='ocr_par' dir='ltr' id='par_1_36' title="bbox 251 3349 1857 3427">
     <span class='ocr_line' id='line_1_36' title="bbox 251 3349 1857 3427; baseline 0.002 -22"><span class='ocrx_word' id='word_1_244' title='bbox 251 3349 440 3421; x_wconf 80' lang='grc' dir='ltr'>ἔγνω,</span> <span class='ocrx_word' id='word_1_245' title='bbox 487 3351 669 3403; x_wconf 81' lang='grc' dir='ltr'>καίτοι</span> <span class='ocrx_word' id='word_1_246' title='bbox 721 3350 1131 3423; x_wconf 86' lang='grc' dir='ltr'>πεπολιωμένος</span> <span class='ocrx_word' id='word_1_247' title='bbox 1178 3355 1208 3406; x_wconf 86' lang='grc' dir='ltr'><strong>ό</strong></span> <span class='ocrx_word' id='word_1_248' title='bbox 1253 3352 1529 3424; x_wconf 84' lang='grc' dir='ltr'>Ἐφραῒμ,</span> <span class='ocrx_word' id='word_1_249' title='bbox 1574 3355 1857 3427; x_wconf 84' lang='grc' dir='ltr'>διατρανοῖ</span> 
     </span>
    </p>
   </div>
   <div class='ocr_carea' id='block_1_37' title="bbox 254 3441 1850 3516">
    <p class='ocr_par' dir='ltr' id='par_1_37' title="bbox 254 3441 1850 3516">
     <span class='ocr_line' id='line_1_37' title="bbox 254 3441 1850 3516; baseline 0.001 -18"><span class='ocrx_word' id='word_1_250' title='bbox 254 3442 450 3498; x_wconf 77' lang='grc' dir='ltr'>πάλιν.</span> <span class='ocrx_word' id='word_1_251' title='bbox 488 3442 554 3496; x_wconf 88' lang='grc' dir='ltr'><strong><em>Ἦ</em></strong></span> <span class='ocrx_word' id='word_1_252' title='bbox 595 3442 706 3513; x_wconf 83' lang='grc' dir='ltr'><strong>γὰρ</strong></span> <span class='ocrx_word' id='word_1_253' title='bbox 738 3441 916 3513; x_wconf 75' lang='grc' dir='ltr'>ὕϐρις,</span> <span class='ocrx_word' id='word_1_254' title='bbox 944 3444 1101 3515; x_wconf 68' lang='grc' dir='ltr'>φησι,</span> <span class='ocrx_word' id='word_1_255' title='bbox 1136 3444 1232 3498; x_wconf 82' lang='grc' dir='ltr'>τοῦ</span> <span class='ocrx_word' id='word_1_256' title='bbox 1276 3444 1514 3516; x_wconf 78' lang='grc' dir='ltr'>Ἰσραὴλ,</span> <span class='ocrx_word' id='word_1_257' title='bbox 1544 3448 1850 3512; x_wconf 80' lang='grc' dir='ltr'>τουτέστιν,</span> 
     </span>
    </p>
   </div>
   <div class='ocr_carea' id='block_1_38' title="bbox 250 3534 1857 3609">
    <p class='ocr_par' dir='ltr' id='par_1_38' title="bbox 250 3534 1857 3609">
     <span class='ocr_line' id='line_1_38' title="bbox 250 3534 1857 3609; baseline 0.001 -20"><span class='ocrx_word' id='word_1_258' title='bbox 250 3535 291 3606; x_wconf 70' lang='grc' dir='ltr'><strong>ἡ</strong></span> <span class='ocrx_word' id='word_1_259' title='bbox 315 3534 644 3600; x_wconf 78' lang='grc' dir='ltr'>ἀπόστασις,</span> <span class='ocrx_word' id='word_1_260' title='bbox 680 3536 748 3604; x_wconf 77' lang='grc' dir='ltr'>ἢν</span> <span class='ocrx_word' id='word_1_261' title='bbox 786 3535 1044 3605; x_wconf 85' lang='grc' dir='ltr'>νενόηκεν</span> <span class='ocrx_word' id='word_1_262' title='bbox 1091 3535 1150 3600; x_wconf 73' lang='grc' dir='ltr'><strong>ἐξ</strong></span> <span class='ocrx_word' id='word_1_263' title='bbox 1193 3536 1515 3608; x_wconf 68' lang='grc' dir='ltr'>ὑπεροψίας,</span> <span class='ocrx_word' id='word_1_264' title='bbox 1564 3537 1629 3590; x_wconf 86' lang='grc' dir='ltr'>δι’</span> <span class='ocrx_word' id='word_1_265' title='bbox 1659 3538 1726 3609; x_wconf 77' lang='grc' dir='ltr'>ἣν</span> <span class='ocrx_word' id='word_1_266' title='bbox 1760 3538 1857 3593; x_wconf 76' lang='grc' dir='ltr'><strong>καὶ</strong></span> 
     </span>
    </p>
   </div>
   <div class='ocr_carea' id='block_1_39' title="bbox 251 3626 1857 3700">
    <p class='ocr_par' dir='ltr' id='par_1_39' title="bbox 251 3626 1857 3700">
     <span class='ocr_line' id='line_1_39' title="bbox 251 3626 1857 3700; baseline 0 -17"><span class='ocrx_word' id='word_1_267' title='bbox 251 3626 625 3683; x_wconf 85' lang='grc' dir='ltr'>ἀπονένευκεν</span> <span class='ocrx_word' id='word_1_268' title='bbox 650 3626 743 3679; x_wconf 69' lang='grc' dir='ltr'>ἐπὶ</span> <span class='ocrx_word' id='word_1_269' title='bbox 770 3626 925 3691; x_wconf 82' lang='grc' dir='ltr'>θεοὺς</span> <span class='ocrx_word' id='word_1_270' title='bbox 965 3626 1301 3700; x_wconf 83' lang='grc' dir='ltr'>ἀλλοτρίους,</span> <span class='ocrx_word' id='word_1_271' title='bbox 1332 3628 1424 3682; x_wconf 80' lang='grc' dir='ltr'><strong>τὸν</strong></span> <span class='ocrx_word' id='word_1_272' title='bbox 1470 3628 1627 3699; x_wconf 80' lang='grc' dir='ltr'>φύσει</span> <span class='ocrx_word' id='word_1_273' title='bbox 1671 3647 1728 3683; x_wconf 86' lang='grc' dir='ltr'><strong>τε</strong></span> <span class='ocrx_word' id='word_1_274' title='bbox 1763 3630 1857 3683; x_wconf 77' lang='grc' dir='ltr'>καὶ</span> 
     </span>
    </p>
   </div>
   <div class='ocr_carea' id='block_1_40' title="bbox 251 3717 1857 3795">
    <p class='ocr_par' dir='ltr' id='par_1_40' title="bbox 251 3717 1857 3795">
     <span class='ocr_line' id='line_1_40' title="bbox 251 3717 1857 3795; baseline 0.001 -21"><span class='ocrx_word' id='word_1_275' title='bbox 251 3717 479 3790; x_wconf 79' lang='grc' dir='ltr'>ἀληθῶς</span> <span class='ocrx_word' id='word_1_276' title='bbox 521 3717 806 3789; x_wconf 79' lang='grc' dir='ltr'>ἀτιμάζων</span> <span class='ocrx_word' id='word_1_277' title='bbox 849 3720 1015 3786; x_wconf 82' lang='grc' dir='ltr'>Θεὸν,</span> <span class='ocrx_word' id='word_1_278' title='bbox 1050 3722 1537 3793; x_wconf 80' lang='grc' dir='ltr'>ἀποστραφήσεται</span> <span class='ocrx_word' id='word_1_279' title='bbox 1577 3724 1655 3786; x_wconf 83' lang='grc' dir='ltr'><strong>εἰς</strong></span> <span class='ocrx_word' id='word_1_280' title='bbox 1687 3723 1857 3795; x_wconf 87' lang='grc' dir='ltr'>πρόσ-</span> 
     </span>
    </p>
   </div>
   <div class='ocr_carea' id='block_1_41' title="bbox 252 3811 1856 3885">
    <p class='ocr_par' dir='ltr' id='par_1_41' title="bbox 252 3811 1856 3885">
     <span class='ocr_line' id='line_1_41' title="bbox 252 3811 1856 3885; baseline 0.002 -19"><span class='ocrx_word' id='word_1_281' title='bbox 252 3828 411 3866; x_wconf 82' lang='grc' dir='ltr'>ωπον</span> <span class='ocrx_word' id='word_1_282' title='bbox 439 3812 627 3866; x_wconf 71' lang='grc' dir='ltr'>αὐτοῦ.</span> <span class='ocrx_word' id='word_1_283' title='bbox 656 3813 883 3883; x_wconf 86' lang='grc' dir='ltr'>Ὅμοιον</span> <span class='ocrx_word' id='word_1_284' title='bbox 915 3811 991 3876; x_wconf 83' lang='grc' dir='ltr'>ὡς</span> <span class='ocrx_word' id='word_1_285' title='bbox 1018 3815 1067 3866; x_wconf 88' lang='grc' dir='ltr'><strong>εἰ</strong></span> <span class='ocrx_word' id='word_1_286' title='bbox 1099 3812 1269 3881; x_wconf 76' lang='grc' dir='ltr'>λέγοιο</span> <span class='ocrx_word' id='word_1_287' title='bbox 1304 3813 1555 3885; x_wconf 78' lang='grc' dir='ltr'>Ὕϐρεως</span> <span class='ocrx_word' id='word_1_288' title='bbox 1582 3814 1731 3885; x_wconf 77' lang='grc' dir='ltr'>αὐτῷ</span> <span class='ocrx_word' id='word_1_289' title='bbox 1761 3817 1856 3869; x_wconf 76' lang='grc' dir='ltr'>καὶ</span> 
     </span>
    </p>
   </div>
   <div class='ocr_carea' id='block_1_42' title="bbox 248 3904 1854 3976">
    <p class='ocr_par' dir='ltr' id='par_1_42' title="bbox 248 3904 1854 3976">
     <span class='ocr_line' id='line_1_42' title="bbox 248 3904 1854 3976; baseline 0.001 -17"><span class='ocrx_word' id='word_1_290' title='bbox 248 3904 489 3975; x_wconf 82' lang='grc' dir='ltr'>ἀτιμίας</span> <span class='ocrx_word' id='word_1_291' title='bbox 533 3905 891 3975; x_wconf 79' lang='grc' dir='ltr'>ἀναφανεῖται</span> <span class='ocrx_word' id='word_1_292' title='bbox 941 3904 1222 3976; x_wconf 75' lang='grc' dir='ltr'>πρόξενος.</span> <span class='ocrx_word' id='word_1_293' title='bbox 1272 3905 1442 3959; x_wconf 72' lang='grc' dir='ltr'>Τοῦτο</span> <span class='ocrx_word' id='word_1_294' title='bbox 1502 3905 1609 3975; x_wconf 81' lang='grc' dir='ltr'>γὰρ</span> <span class='ocrx_word' id='word_1_295' title='bbox 1662 3907 1723 3959; x_wconf 85' lang='grc' dir='ltr'><strong>τὸ</strong></span> <span class='ocrx_word' id='word_1_296' title='bbox 1774 3908 1854 3972; x_wconf 87' lang='grc' dir='ltr'><strong>εἰς</strong></span> 
     </span>
    </p>
   </div>
   <div class='ocr_carea' id='block_1_43' title="bbox 252 3997 1856 4071">
    <p class='ocr_par' dir='ltr' id='par_1_43' title="bbox 252 3997 1856 4071">
     <span class='ocr_line' id='line_1_43' title="bbox 252 3997 1856 4071; baseline 0.002 -21"><span class='ocrx_word' id='word_1_297' title='bbox 252 3997 557 4069; x_wconf 86' lang='grc' dir='ltr'>πρόσωπόν</span> <span class='ocrx_word' id='word_1_298' title='bbox 585 4015 729 4062; x_wconf 85' lang='grc' dir='ltr'>τινος</span> <span class='ocrx_word' id='word_1_299' title='bbox 767 3998 1210 4071; x_wconf 81' lang='grc' dir='ltr'>ἀποστρέφεσθαί</span> <span class='ocrx_word' id='word_1_300' title='bbox 1241 4015 1316 4052; x_wconf 88' lang='grc' dir='ltr'><strong>τι.</strong></span> <span class='ocrx_word' id='word_1_301' title='bbox 1360 3998 1521 4052; x_wconf 82' lang='grc' dir='ltr'>Ἀλλὰ</span> <span class='ocrx_word' id='word_1_302' title='bbox 1566 3998 1743 4053; x_wconf 85' lang='grc' dir='ltr'>καίτοι</span> <span class='ocrx_word' id='word_1_303' title='bbox 1786 4000 1856 4054; x_wconf 83' lang='grc' dir='ltr'>τὰ</span> 
     </span>
    </p>
   </div>
   <div class='ocr_carea' id='block_1_44' title="bbox 253 4090 1852 4171">
    <p class='ocr_par' dir='ltr' id='par_1_44' title="bbox 253 4090 1852 4171">
     <span class='ocr_line' id='line_1_44' title="bbox 253 4090 1852 4171; baseline 0.001 -27"><span class='ocrx_word' id='word_1_304' title='bbox 253 4090 445 4146; x_wconf 80' lang='grc' dir='ltr'>τοιάδε</span> <span class='ocrx_word' id='word_1_305' title='bbox 468 4090 777 4158; x_wconf 87' lang='grc' dir='ltr'>πεπονθὼς,</span> <span class='ocrx_word' id='word_1_306' title='bbox 806 4092 970 4147; x_wconf 83' lang='grc' dir='ltr'>πάλιν</span> <span class='ocrx_word' id='word_1_307' title='bbox 993 4092 1095 4145; x_wconf 76' lang='grc' dir='ltr'>οὐκ</span> <span class='ocrx_word' id='word_1_308' title='bbox 1118 4091 1260 4161; x_wconf 86' lang='grc' dir='ltr'>ἔγνω</span> <span class='ocrx_word' id='word_1_309' title='bbox 1282 4092 1435 4156; x_wconf 76' lang='grc' dir='ltr'>Θεὸν,</span> <span class='ocrx_word' id='word_1_310' title='bbox 1462 4090 1585 4146; x_wconf 75' lang='grc' dir='ltr'>οὔτε</span> <span class='ocrx_word' id='word_1_311' title='bbox 1620 4092 1852 4171; x_wconf 50' lang='grc' dir='ltr'>μὴνίσῆς</span> 
     </span>
    </p>
   </div>
   <div class='ocr_carea' id='block_1_45' title="bbox 255 4182 1853 4255">
    <p class='ocr_par' dir='ltr' id='par_1_45' title="bbox 255 4182 1853 4255">
     <span class='ocr_line' id='line_1_45' title="bbox 255 4182 1853 4255; baseline 0.001 -19"><span class='ocrx_word' id='word_1_312' title='bbox 255 4182 404 4255; x_wconf 81' lang='grc' dir='ltr'>πρὸς</span> <span class='ocrx_word' id='word_1_313' title='bbox 438 4184 604 4239; x_wconf 73' lang='grc' dir='ltr'>αὺτὸν</span> <span class='ocrx_word' id='word_1_314' title='bbox 636 4185 970 4255; x_wconf 75' lang='grc' dir='ltr'>ἐπιστροφῆς</span> <span class='ocrx_word' id='word_1_315' title='bbox 993 4184 1276 4238; x_wconf 77' lang='grc' dir='ltr'>ἐποιοῦντο</span> <span class='ocrx_word' id='word_1_316' title='bbox 1309 4183 1489 4254; x_wconf 81' lang='grc' dir='ltr'>λόγον.</span> <span class='ocrx_word' id='word_1_317' title='bbox 1512 4183 1749 4255; x_wconf 83' lang='grc' dir='ltr'>Σκληροί</span> <span class='ocrx_word' id='word_1_318' title='bbox 1773 4184 1853 4249; x_wconf 86' lang='grc' dir='ltr'><strong>δὲ,</strong></span> 
     </span>
    </p>
   </div>
   <div class='ocr_carea' id='block_1_46' title="bbox 254 4274 1856 4346">
    <p class='ocr_par' dir='ltr' id='par_1_46' title="bbox 254 4274 1856 4346">
     <span class='ocr_line' id='line_1_46' title="bbox 254 4274 1856 4346; baseline 0.001 -17"><span class='ocrx_word' id='word_1_319' title='bbox 254 4276 360 4329; x_wconf 74' lang='grc' dir='ltr'><strong>καὶ</strong></span> <span class='ocrx_word' id='word_1_320' title='bbox 378 4276 655 4344; x_wconf 80' lang='grc' dir='ltr'>ἄτεγκτοι,</span> <span class='ocrx_word' id='word_1_321' title='bbox 692 4276 787 4329; x_wconf 73' lang='grc' dir='ltr'><strong>καὶ</strong></span> <span class='ocrx_word' id='word_1_322' title='bbox 816 4275 954 4330; x_wconf 80' lang='grc' dir='ltr'>πολὺ</span> <span class='ocrx_word' id='word_1_323' title='bbox 1002 4274 1287 4341; x_wconf 80' lang='grc' dir='ltr'>νοσοῦντες</span> <span class='ocrx_word' id='word_1_324' title='bbox 1311 4276 1372 4329; x_wconf 82' lang='grc' dir='ltr'>τὸ</span> <span class='ocrx_word' id='word_1_325' title='bbox 1422 4276 1725 4346; x_wconf 84' lang='grc' dir='ltr'>ὰφιλόθεον,</span> <span class='ocrx_word' id='word_1_326' title='bbox 1761 4276 1856 4331; x_wconf 72' lang='grc' dir='ltr'><strong>καὶ</strong></span> 
     </span>
    </p>
   </div>
   <div class='ocr_carea' id='block_1_47' title="bbox 255 4366 1856 4441">
    <p class='ocr_par' dir='ltr' id='par_1_47' title="bbox 255 4366 1856 4441">
     <span class='ocr_line' id='line_1_47' title="bbox 255 4366 1856 4441; baseline 0.001 -20"><span class='ocrx_word' id='word_1_327' title='bbox 255 4368 319 4421; x_wconf 72' lang='grc' dir='ltr'>ἓν</span> <span class='ocrx_word' id='word_1_328' title='bbox 350 4366 531 4430; x_wconf 81' lang='grc' dir='ltr'>αὐτοῖς</span> <span class='ocrx_word' id='word_1_329' title='bbox 554 4366 822 4439; x_wconf 84' lang='grc' dir='ltr'>ὁρώμενοι</span> <span class='ocrx_word' id='word_1_330' title='bbox 849 4370 962 4431; x_wconf 85' lang='grc' dir='ltr'>τοῖς</span> <span class='ocrx_word' id='word_1_331' title='bbox 998 4367 1213 4433; x_wconf 85' lang='grc' dir='ltr'>δεινοῖς,</span> <span class='ocrx_word' id='word_1_332' title='bbox 1252 4368 1636 4439; x_wconf 82' lang='grc' dir='ltr'>Ἀναισθησίας</span> <span class='ocrx_word' id='word_1_333' title='bbox 1669 4368 1725 4422; x_wconf 89' lang='grc' dir='ltr'>δὲ</span> <span class='ocrx_word' id='word_1_334' title='bbox 1757 4370 1856 4441; x_wconf 78' lang='grc' dir='ltr'>τῆς</span> 
     </span>
    </p>
   </div>
   <div class='ocr_carea' id='block_1_48' title="bbox 256 4458 1855 4536">
    <p class='ocr_par' dir='ltr' id='par_1_48' title="bbox 256 4458 1855 4536">
     <span class='ocr_line' id='line_1_48' title="bbox 256 4458 1855 4536; baseline 0.001 -24"><span class='ocrx_word' id='word_1_335' title='bbox 256 4459 499 4530; x_wconf 68' lang='grc' dir='ltr'>ἐσχάτης</span> <span class='ocrx_word' id='word_1_336' title='bbox 546 4458 801 4531; x_wconf 83' lang='grc' dir='ltr'>ἔγκλημα</span> <span class='ocrx_word' id='word_1_337' title='bbox 830 4460 1003 4523; x_wconf 73' lang='grc' dir='ltr'>τουτὶ,</span> <span class='ocrx_word' id='word_1_338' title='bbox 1036 4461 1130 4514; x_wconf 76' lang='grc' dir='ltr'><strong>καὶ</strong></span> <span class='ocrx_word' id='word_1_339' title='bbox 1161 4462 1259 4533; x_wconf 82' lang='grc' dir='ltr'>τῆς</span> <span class='ocrx_word' id='word_1_340' title='bbox 1288 4464 1367 4526; x_wconf 85' lang='grc' dir='ltr'><strong>εἰς</strong></span> <span class='ocrx_word' id='word_1_341' title='bbox 1413 4460 1567 4532; x_wconf 82' lang='grc' dir='ltr'>λῆξιν</span> <span class='ocrx_word' id='word_1_342' title='bbox 1612 4460 1855 4536; x_wconf 75' lang='grc' dir='ltr'>ἡκούσης</span> 
     </span>
    </p>
   </div>
   <div class='ocr_carea' id='block_1_49' title="bbox 257 4551 1177 4627">
    <p class='ocr_par' dir='ltr' id='par_1_49' title="bbox 257 4551 1177 4627">
     <span class='ocr_line' id='line_1_49' title="bbox 257 4551 1177 4627; baseline 0.007 -23"><span class='ocrx_word' id='word_1_343' title='bbox 257 4551 594 4623; x_wconf 76' lang='grc' dir='ltr'>ἀϐελτηρίας</span> <span class='ocrx_word' id='word_1_344' title='bbox 620 4552 893 4618; x_wconf 83' lang='grc' dir='ltr'>ἀπόδειξις</span> <span class='ocrx_word' id='word_1_345' title='bbox 920 4555 1177 4627; x_wconf 78' lang='grc' dir='ltr'>ἐναργής.</span> 
     </span>
    </p>
   </div>
   <div class='ocr_carea' id='block_1_50' title="bbox 334 4640 1855 4717">
    <p class='ocr_par' dir='ltr' id='par_1_50' title="bbox 334 4640 1855 4717">
     <span class='ocr_line' id='line_1_50' title="bbox 334 4640 1855 4717; baseline 0.001 -18"><span class='ocrx_word' id='word_1_346' title='bbox 334 4643 448 4699; x_wconf 78' lang='grc' dir='ltr'><strong>Καὶ</strong></span> <span class='ocrx_word' id='word_1_347' title='bbox 476 4640 554 4714; x_wconf 83' lang='grc' dir='ltr'><strong>ἦν</strong></span> <span class='ocrx_word' id='word_1_348' title='bbox 576 4645 827 4715; x_wconf 71' lang='grc' dir='ltr'>Ἐερραῒμ</span> <span class='ocrx_word' id='word_1_349' title='bbox 850 4646 932 4713; x_wconf 90' lang='grc' dir='ltr'>ὠς</span> <span class='ocrx_word' id='word_1_350' title='bbox 962 4645 1288 4717; x_wconf 83' lang='grc' dir='ltr'>περιστερὰ</span> <span class='ocrx_word' id='word_1_351' title='bbox 1311 4646 1521 4714; x_wconf 77' lang='grc' dir='ltr'>ἄνους,</span> <span class='ocrx_word' id='word_1_352' title='bbox 1538 4648 1650 4700; x_wconf 81' lang='grc' dir='ltr'><strong>οὐκ</strong></span> <span class='ocrx_word' id='word_1_353' title='bbox 1677 4646 1855 4717; x_wconf 79' lang='grc' dir='ltr'>ἐχου-</span> 
     </span>
    </p>
   </div>
   <div class='ocr_carea' id='block_1_51' title="bbox 258 4736 1858 4808">
    <p class='ocr_par' dir='ltr' id='par_1_51' title="bbox 258 4736 1858 4808">
     <span class='ocr_line' id='line_1_51' title="bbox 258 4736 1858 4808; baseline 0.002 -17"><span class='ocrx_word' id='word_1_354' title='bbox 258 4754 348 4791; x_wconf 88' lang='grc' dir='ltr'><strong>σα</strong></span> <span class='ocrx_word' id='word_1_355' title='bbox 381 4736 652 4804; x_wconf 78' lang='grc' dir='ltr'>καρδίαν.</span> <span class='ocrx_word' id='word_1_356' title='bbox 684 4739 1372 4808; x_wconf 78' lang='grc' dir='ltr'>Αιγυπτονὲπεκαλεῖτο,</span> <span class='ocrx_word' id='word_1_357' title='bbox 1391 4740 1490 4794; x_wconf 77' lang='grc' dir='ltr'><strong>καί</strong></span> <span class='ocrx_word' id='word_1_358' title='bbox 1520 4741 1609 4806; x_wconf 85' lang='grc' dir='ltr'><strong>εἰς</strong></span> <span class='ocrx_word' id='word_1_359' title='bbox 1640 4741 1858 4794; x_wconf 85' lang='grc' dir='ltr'>Ἀσσυ-</span> 
     </span>
    </p>
   </div>
   <div class='ocr_carea' id='block_1_52' title="bbox 254 4829 1858 4902">
    <p class='ocr_par' dir='ltr' id='par_1_52' title="bbox 254 4829 1858 4902">
     <span class='ocr_line' id='line_1_52' title="bbox 254 4829 1858 4902; baseline 0.002 -21"><span class='ocrx_word' id='word_1_360' title='bbox 254 4830 436 4897; x_wconf 86' lang='grc' dir='ltr'>ρίους</span> <span class='ocrx_word' id='word_1_361' title='bbox 478 4829 919 4898; x_wconf 79' lang='grc' dir='ltr'>ἐπορεύθησαν.</span> <span class='ocrx_word' id='word_1_362' title='bbox 953 4834 1163 4902; x_wconf 84' lang='grc' dir='ltr'>Καθὼς</span> <span class='ocrx_word' id='word_1_363' title='bbox 1206 4834 1284 4890; x_wconf 81' lang='grc' dir='ltr'><strong>ἂν</strong></span> <span class='ocrx_word' id='word_1_364' title='bbox 1323 4834 1692 4902; x_wconf 81' lang='grc' dir='ltr'>πορεύωνται</span> <span class='ocrx_word' id='word_1_365' title='bbox 1733 4833 1858 4885; x_wconf 83' lang='grc' dir='ltr'>ἐπι-</span> 
     </span>
    </p>
   </div>
   <div class='ocr_carea' id='block_1_53' title="bbox 262 4920 1861 4998">
    <p class='ocr_par' dir='ltr' id='par_1_53' title="bbox 262 4920 1861 4998">
     <span class='ocr_line' id='line_1_53' title="bbox 262 4920 1861 4998; baseline 0.003 -23"><span class='ocrx_word' id='word_1_366' title='bbox 262 4920 429 4976; x_wconf 78' lang='grc' dir='ltr'><strong>σαλῶ</strong></span> <span class='ocrx_word' id='word_1_367' title='bbox 468 4922 562 4977; x_wconf 77' lang='grc' dir='ltr'><strong>ἐπ’</strong></span> <span class='ocrx_word' id='word_1_368' title='bbox 587 4924 815 4993; x_wconf 83' lang='grc' dir='ltr'>αὐτοὺς</span> <span class='ocrx_word' id='word_1_369' title='bbox 853 4926 920 4981; x_wconf 83' lang='grc' dir='ltr'>τὸ</span> <span class='ocrx_word' id='word_1_370' title='bbox 970 4925 1219 4983; x_wconf 80' lang='grc' dir='ltr'>δίκτυόν</span> <span class='ocrx_word' id='word_1_371' title='bbox 1239 4945 1381 4998; x_wconf 85' lang='grc' dir='ltr'>μου.</span> <span class='ocrx_word' id='word_1_372' title='bbox 1418 4928 1628 4994; x_wconf 86' lang='grc' dir='ltr'>Καθὼς</span> <span class='ocrx_word' id='word_1_373' title='bbox 1656 4926 1727 4980; x_wconf 86' lang='grc' dir='ltr'>τὰ</span> <span class='ocrx_word' id='word_1_374' title='bbox 1759 4942 1861 4980; x_wconf 78' lang='grc' dir='ltr'><strong>πε⁹</strong></span> 
     </span>
    </p>
   </div>
   <div class='ocr_carea' id='block_1_54' title="bbox 260 5012 1855 5086">
    <p class='ocr_par' dir='ltr' id='par_1_54' title="bbox 260 5012 1855 5086">
     <span class='ocr_line' id='line_1_54' title="bbox 260 5012 1855 5086; baseline 0.006 -21"><span class='ocrx_word' id='word_1_375' title='bbox 260 5012 430 5067; x_wconf 79' lang='grc' dir='ltr'>τεινὰ</span> <span class='ocrx_word' id='word_1_376' title='bbox 478 5014 586 5069; x_wconf 87' lang='grc' dir='ltr'>τοῦ</span> <span class='ocrx_word' id='word_1_377' title='bbox 638 5016 899 5084; x_wconf 81' lang='grc' dir='ltr'>οὐρανοῦ</span> <span class='ocrx_word' id='word_1_378' title='bbox 955 5018 1192 5084; x_wconf 81' lang='grc' dir='ltr'>κατάξω</span> <span class='ocrx_word' id='word_1_379' title='bbox 1242 5021 1489 5086; x_wconf 80' lang='grc' dir='ltr'>αὐτούς.</span> <span class='ocrx_word' id='word_1_380' title='bbox 1542 5021 1855 5077; x_wconf 79' lang='grc' dir='ltr'>Παιδεύσω</span> 
     </span>
    </p>
   </div>
   <div class='ocr_carea' id='block_1_55' title="bbox 260 5103 1476 5179">
    <p class='ocr_par' dir='ltr' id='par_1_55' title="bbox 260 5103 1476 5179">
     <span class='ocr_line' id='line_1_55' title="bbox 260 5103 1476 5179; baseline 0.006 -21"><span class='ocrx_word' id='word_1_381' title='bbox 260 5103 489 5170; x_wconf 80' lang='grc' dir='ltr'>αὐτοὺς</span> <span class='ocrx_word' id='word_1_382' title='bbox 526 5105 597 5160; x_wconf 88' lang='grc' dir='ltr'><strong>ἐν</strong></span> <span class='ocrx_word' id='word_1_383' title='bbox 627 5105 783 5175; x_wconf 79' lang='grc' dir='ltr'>ἀκοῇ</span> <span class='ocrx_word' id='word_1_384' title='bbox 819 5107 931 5176; x_wconf 84' lang='grc' dir='ltr'>τῆς</span> <span class='ocrx_word' id='word_1_385' title='bbox 960 5110 1226 5179; x_wconf 74' lang='grc' dir='ltr'>θλίψεως</span> <span class='ocrx_word' id='word_1_386' title='bbox 1259 5107 1476 5165; x_wconf 83' lang='grc' dir='ltr'>αὐτῶν.</span> 
     </span>
    </p>
   </div>
   <div class='ocr_carea' id='block_1_56' title="bbox 335 5196 1849 5275">
    <p class='ocr_par' dir='ltr' id='par_1_56' title="bbox 335 5196 1849 5275">
     <span class='ocr_line' id='line_1_56' title="bbox 335 5196 1849 5275; baseline 0.007 -27"><span class='ocrx_word' id='word_1_387' title='bbox 335 5196 419 5250; x_wconf 87' lang='lat' dir='ltr'><strong>II&#39;.</strong></span> <span class='ocrx_word' id='word_1_388' title='bbox 468 5197 805 5269; x_wconf 80' lang='grc' dir='ltr'>Ἀναμνῆσαι</span> <span class='ocrx_word' id='word_1_389' title='bbox 830 5199 913 5253; x_wconf 88' lang='grc' dir='ltr'><strong>δεῖ</strong></span> <span class='ocrx_word' id='word_1_390' title='bbox 944 5200 1107 5255; x_wconf 83' lang='grc' dir='ltr'>πάλιν</span> <span class='ocrx_word' id='word_1_391' title='bbox 1132 5201 1242 5257; x_wconf 86' lang='grc' dir='ltr'><strong>τῶν</strong></span> <span class='ocrx_word' id='word_1_392' title='bbox 1266 5203 1668 5275; x_wconf 83' lang='grc' dir='ltr'>γεγραμμένων</span> <span class='ocrx_word' id='word_1_393' title='bbox 1694 5204 1751 5258; x_wconf 78' lang='grc' dir='ltr'><strong>ἰν</strong></span> <span class='ocrx_word' id='word_1_394' title='bbox 1783 5206 1849 5275; x_wconf 84' lang='grc' dir='ltr'>τῇ</span> 
     </span>
    </p>
   </div>
   <div class='ocr_carea' id='block_1_57' title="bbox 260 5286 1853 5367">
    <p class='ocr_par' dir='ltr' id='par_1_57' title="bbox 260 5286 1853 5367">
     <span class='ocr_line' id='line_1_57' title="bbox 260 5286 1853 5367; baseline 0.006 -28"><span class='ocrx_word' id='word_1_395' title='bbox 260 5286 501 5359; x_wconf 83' lang='grc' dir='ltr'>τετάρτῃ</span> <span class='ocrx_word' id='word_1_396' title='bbox 530 5288 640 5342; x_wconf 87' lang='grc' dir='ltr'><strong>τῶν</strong></span> <span class='ocrx_word' id='word_1_397' title='bbox 670 5289 993 5345; x_wconf 70' lang='grc' dir='ltr'>Βασιλειῶνσ</span> <span class='ocrx_word' id='word_1_398' title='bbox 1031 5294 1333 5367; x_wconf 80' lang='grc' dir='ltr'>συνήσομεν</span> <span class='ocrx_word' id='word_1_399' title='bbox 1354 5296 1463 5367; x_wconf 82' lang='grc' dir='ltr'>γὰρ</span> <span class='ocrx_word' id='word_1_400' title='bbox 1494 5297 1729 5360; x_wconf 85' lang='grc' dir='ltr'>εὐκόλως</span> <span class='ocrx_word' id='word_1_401' title='bbox 1756 5296 1853 5349; x_wconf 69' lang='grc' dir='ltr'><strong>ὡδὶ</strong></span> 
     </span>
    </p>
   </div>
   <div class='ocr_carea' id='block_1_58' title="bbox 260 5378 1852 5458">
    <p class='ocr_par' dir='ltr' id='par_1_58' title="bbox 260 5378 1852 5458">
     <span class='ocr_line' id='line_1_58' title="bbox 260 5378 1852 5458; baseline 0.007 -28"><span class='ocrx_word' id='word_1_402' title='bbox 260 5378 375 5432; x_wconf 84' lang='grc' dir='ltr'>τῶν</span> <span class='ocrx_word' id='word_1_403' title='bbox 419 5381 797 5451; x_wconf 86' lang='grc' dir='ltr'>προκειμένων</span> <span class='ocrx_word' id='word_1_404' title='bbox 828 5383 919 5437; x_wconf 87' lang='grc' dir='ltr'><strong>τὸν</strong></span> <span class='ocrx_word' id='word_1_405' title='bbox 957 5385 1105 5440; x_wconf 76' lang='grc' dir='ltr'>νοῦν.</span> <span class='ocrx_word' id='word_1_406' title='bbox 1147 5386 1308 5458; x_wconf 82' lang='grc' dir='ltr'>Ὠσηὲ</span> <span class='ocrx_word' id='word_1_407' title='bbox 1346 5388 1525 5443; x_wconf 86' lang='grc' dir='ltr'>τοίνυν</span> <span class='ocrx_word' id='word_1_408' title='bbox 1569 5389 1684 5453; x_wconf 83' lang='grc' dir='ltr'>υίὸς</span> <span class='ocrx_word' id='word_1_409' title='bbox 1719 5388 1852 5441; x_wconf 84' lang='grc' dir='ltr'><strong>Ἦλὰ</strong></span> 
     </span>
    </p>
   </div>
   <div class='ocr_carea' id='block_1_59' title="bbox 266 5470 1853 5553">
    <p class='ocr_par' dir='ltr' id='par_1_59' title="bbox 266 5470 1853 5553">
     <span class='ocr_line' id='line_1_59' title="bbox 266 5470 1853 5553; baseline 0.007 -31"><span class='ocrx_word' id='word_1_410' title='bbox 266 5470 654 5540; x_wconf 74' lang='grc' dir='ltr'>βεϐασίλευκεν</span> <span class='ocrx_word' id='word_1_411' title='bbox 699 5474 757 5526; x_wconf 83' lang='grc' dir='ltr'>ὲν</span> <span class='ocrx_word' id='word_1_412' title='bbox 803 5475 1087 5550; x_wconf 79' lang='grc' dir='ltr'>Σαμαρείᾳ</span> <span class='ocrx_word' id='word_1_413' title='bbox 1134 5479 1227 5532; x_wconf 74' lang='grc' dir='ltr'><strong>ἐπὶ</strong></span> <span class='ocrx_word' id='word_1_414' title='bbox 1272 5479 1363 5534; x_wconf 78' lang='grc' dir='ltr'>τὸν</span> <span class='ocrx_word' id='word_1_415' title='bbox 1418 5481 1659 5553; x_wconf 77' lang='grc' dir='ltr'>Ἰσραήλ.</span> <span class='ocrx_word' id='word_1_416' title='bbox 1708 5481 1853 5553; x_wconf 73' lang='grc' dir='ltr'>Πρὸς</span> 
     </span>
    </p>
   </div>
   <div class='ocr_carea' id='block_1_60' title="bbox 264 5563 1847 5648">
    <p class='ocr_par' dir='ltr' id='par_1_60' title="bbox 264 5563 1847 5648">
     <span class='ocr_line' id='line_1_60' title="bbox 264 5563 1847 5648; baseline 0.007 -31"><span class='ocrx_word' id='word_1_417' title='bbox 264 5563 452 5618; x_wconf 83' lang='grc' dir='ltr'>τοῦτον</span> <span class='ocrx_word' id='word_1_418' title='bbox 479 5565 745 5634; x_wconf 79' lang='grc' dir='ltr'>ἀγγέλους</span> <span class='ocrx_word' id='word_1_419' title='bbox 766 5568 1023 5640; x_wconf 81' lang='grc' dir='ltr'>πέπομφε</span> <span class='ocrx_word' id='word_1_420' title='bbox 1070 5571 1474 5648; x_wconf 84' lang='grc' dir='ltr'>Σαλαμανασὰρ</span> <span class='ocrx_word' id='word_1_421' title='bbox 1502 5573 1847 5648; x_wconf 79' lang='grc' dir='ltr'>όἋσσύριος,</span> 
     </span>
    </p>
   </div>
   <div class='ocr_carea' id='block_1_61' title="bbox 266 5655 1848 5740">
    <p class='ocr_par' dir='ltr' id='par_1_61' title="bbox 266 5655 1848 5740">
     <span class='ocr_line' id='line_1_61' title="bbox 266 5655 1848 5740; baseline 0.009 -32"><span class='ocrx_word' id='word_1_422' title='bbox 266 5655 334 5709; x_wconf 82' lang='grc' dir='ltr'>τὰ</span> <span class='ocrx_word' id='word_1_423' title='bbox 375 5656 581 5730; x_wconf 87' lang='grc' dir='ltr'>συνήθη</span> <span class='ocrx_word' id='word_1_424' title='bbox 626 5658 776 5731; x_wconf 86' lang='grc' dir='ltr'>δῶρα</span> <span class='ocrx_word' id='word_1_425' title='bbox 824 5662 1291 5738; x_wconf 84' lang='grc' dir='ltr'>τυραννικώτερον</span> <span class='ocrx_word' id='word_1_426' title='bbox 1317 5666 1569 5737; x_wconf 74' lang='grc' dir='ltr'>ἐξαιτῶν,</span> <span class='ocrx_word' id='word_1_427' title='bbox 1598 5667 1759 5740; x_wconf 87' lang='grc' dir='ltr'>μόνον</span> <span class='ocrx_word' id='word_1_428' title='bbox 1792 5669 1848 5723; x_wconf 81' lang='grc' dir='ltr'>δὲ</span> 
     </span>
    </p>
   </div>
   <div class='ocr_carea' id='block_1_62' title="bbox 339 5837 907 5911">
    <p class='ocr_par' dir='ltr' id='par_1_62' title="bbox 339 5837 907 5911">
     <span class='ocr_line' id='line_1_62' title="bbox 339 5837 907 5911; baseline 0.005 -19"><span class='ocrx_word' id='word_1_429' title='bbox 339 5837 377 5871; x_wconf 84' lang='grc'><strong>¹¹</strong></span> <span class='ocrx_word' id='word_1_430' title='bbox 416 5837 482 5894; x_wconf 88' lang='lat' dir='ltr'><strong>IV</strong></span> <span class='ocrx_word' id='word_1_431' title='bbox 512 5838 643 5911; x_wconf 80' lang='lat' dir='ltr'><strong>Reg.</strong></span> <span class='ocrx_word' id='word_1_432' title='bbox 686 5857 820 5909; x_wconf 78' lang='lat' dir='ltr'><strong>xm,</strong></span> <span class='ocrx_word' id='word_1_433' title='bbox 858 5844 907 5897; x_wconf 83' lang='grc'>1.</span> 
     </span>
    </p>
   </div>
   <div class='ocr_carea' id='block_1_63' title="bbox 1883 4560 1930 4617">
    <p class='ocr_par' dir='ltr' id='par_1_63' title="bbox 1883 4560 1930 4617">
     <span class='ocr_line' id='line_1_63' title="bbox 1883 4560 1930 4617; baseline 0 0"><span class='ocrx_word' id='word_1_434' title='bbox 1883 4560 1930 4617; x_wconf 91' lang='lat' dir='ltr'><strong>D</strong></span> 
     </span>
    </p>
   </div>
   <div class='ocr_carea' id='block_1_64' title="bbox 1953 602 3526 674">
    <p class='ocr_par' dir='ltr' id='par_1_64' title="bbox 1953 602 3526 674">
     <span class='ocr_line' id='line_1_64' title="bbox 1953 602 3526 674; baseline 0.008 -21"><span class='ocrx_word' id='word_1_435' title='bbox 1953 608 2163 655; x_wconf 85' lang='lat' dir='ltr'><strong>tantum</strong></span> <span class='ocrx_word' id='word_1_436' title='bbox 2201 616 2306 655; x_wconf 85' lang='lat' dir='ltr'><strong>non</strong></span> <span class='ocrx_word' id='word_1_437' title='bbox 2346 602 2685 658; x_wconf 87' lang='lat' dir='ltr'><strong>devorarunt</strong></span> <span class='ocrx_word' id='word_1_438' title='bbox 2729 604 3012 674; x_wconf 84' lang='lat' dir='ltr'><strong>Ephraim.</strong></span> <span class='ocrx_word' id='word_1_439' title='bbox 3058 608 3326 674; x_wconf 80' lang='lat' dir='ltr'><strong>Quoniam</strong></span> <span class='ocrx_word' id='word_1_440' title='bbox 3378 611 3526 665; x_wconf 90' lang='lat' dir='ltr'><strong>enim</strong></span> 
     </span>
    </p>
   </div>
   <div class='ocr_carea' id='block_1_65' title="bbox 1950 692 3530 768">
    <p class='ocr_par' dir='ltr' id='par_1_65' title="bbox 1950 692 3530 768">
     <span class='ocr_line' id='line_1_65' title="bbox 1950 692 3530 768; baseline 0.006 -21"><span class='ocrx_word' id='word_1_441' title='bbox 1950 692 2128 764; x_wconf 80' lang='lat' dir='ltr'><strong>ipsum</strong></span> <span class='ocrx_word' id='word_1_442' title='bbox 2188 709 2384 764; x_wconf 83' lang='lat' dir='ltr'><strong>panem</strong></span> <span class='ocrx_word' id='word_1_443' title='bbox 2443 695 2871 752; x_wconf 84' lang='lat' dir='ltr'><strong>subcinericium</strong></span> <span class='ocrx_word' id='word_1_444' title='bbox 2919 699 3233 768; x_wconf 86' lang='lat' dir='ltr'><strong>appellavit,</strong></span> <span class='ocrx_word' id='word_1_445' title='bbox 3276 701 3530 757; x_wconf 88' lang='lat' dir='ltr'><strong>consistit</strong></span> 
     </span>
    </p>
   </div>
   <div class='ocr_carea' id='block_1_66' title="bbox 1951 787 3532 861">
    <p class='ocr_par' dir='ltr' id='par_1_66' title="bbox 1951 787 3532 861">
     <span class='ocr_line' id='line_1_66' title="bbox 1951 787 3532 861; baseline 0.003 -19"><span class='ocrx_word' id='word_1_446' title='bbox 1951 787 2005 842; x_wconf 92' lang='lat' dir='ltr'><strong>in</strong></span> <span class='ocrx_word' id='word_1_447' title='bbox 2033 788 2283 844; x_wconf 87' lang='lat' dir='ltr'><strong>oratione</strong></span> <span class='ocrx_word' id='word_1_448' title='bbox 2308 787 2537 857; x_wconf 89' lang='lat' dir='ltr'><strong>tropica,</strong></span> <span class='ocrx_word' id='word_1_449' title='bbox 2594 788 3165 861; x_wconf 86' lang='lat' dir='ltr'><strong>innumerabilemque</strong></span> <span class='ocrx_word' id='word_1_450' title='bbox 3225 792 3532 847; x_wconf 89' lang='lat' dir='ltr'><strong>multitudi-</strong></span> 
     </span>
    </p>
   </div>
   <div class='ocr_carea' id='block_1_67' title="bbox 1951 878 3532 951">
    <p class='ocr_par' dir='ltr' id='par_1_67' title="bbox 1951 878 3532 951">
     <span class='ocr_line' id='line_1_67' title="bbox 1951 878 3532 951; baseline 0.001 -15"><span class='ocrx_word' id='word_1_451' title='bbox 1951 895 2074 936; x_wconf 87' lang='lat' dir='ltr'><strong>nem</strong></span> <span class='ocrx_word' id='word_1_452' title='bbox 2107 880 2276 935; x_wconf 85' lang='lat' dir='ltr'><strong>robur</strong></span> <span class='ocrx_word' id='word_1_453' title='bbox 2320 879 2439 949; x_wconf 81' lang='lat' dir='ltr'><strong>ejus</strong></span> <span class='ocrx_word' id='word_1_454' title='bbox 2500 890 2799 951; x_wconf 73' lang='lat' dir='ltr'><strong>nuncupat.</strong></span> <span class='ocrx_word' id='word_1_455' title='bbox 2836 878 3136 936; x_wconf 82' lang='lat' dir='ltr'><strong>Numerosa</strong></span> <span class='ocrx_word' id='word_1_456' title='bbox 3195 882 3340 937; x_wconf 92' lang='lat' dir='ltr'><strong>enim</strong></span> <span class='ocrx_word' id='word_1_457' title='bbox 3399 883 3532 938; x_wconf 90' lang='lat' dir='ltr'><strong>viris</strong></span> 
     </span>
    </p>
   </div>
   <div class='ocr_carea' id='block_1_68' title="bbox 1954 970 3533 1040">
    <p class='ocr_par' dir='ltr' id='par_1_68' title="bbox 1954 970 3533 1040">
     <span class='ocr_line' id='line_1_68' title="bbox 1954 970 3533 1040; baseline 0.004 -19"><span class='ocrx_word' id='word_1_458' title='bbox 1954 983 2294 1039; x_wconf 76' lang='lat' dir='ltr'><strong>unaquaeque</strong></span> <span class='ocrx_word' id='word_1_459' title='bbox 2320 970 2515 1036; x_wconf 89' lang='lat' dir='ltr'><strong>tribus,</strong></span> <span class='ocrx_word' id='word_1_460' title='bbox 2545 971 2845 1039; x_wconf 65' lang='lat' dir='ltr'><strong>praesertim</strong></span> <span class='ocrx_word' id='word_1_461' title='bbox 2880 970 3292 1040; x_wconf 80' lang='lat' dir='ltr'><strong>Epitraimitica,</strong></span> <span class='ocrx_word' id='word_1_462' title='bbox 3320 972 3451 1040; x_wconf 81' lang='lat' dir='ltr'><strong>fuit,</strong></span> <span class='ocrx_word' id='word_1_463' title='bbox 3475 980 3533 1027; x_wconf 87' lang='lat' dir='ltr'><strong>et</strong></span> 
     </span>
    </p>
   </div>
   <div class='ocr_carea' id='block_1_69' title="bbox 1951 1061 3529 1131">
    <p class='ocr_par' dir='ltr' id='par_1_69' title="bbox 1951 1061 3529 1131">
     <span class='ocr_line' id='line_1_69' title="bbox 1951 1061 3529 1131; baseline 0.001 -16"><span class='ocrx_word' id='word_1_464' title='bbox 1951 1061 2022 1116; x_wconf 89' lang='lat' dir='ltr'><strong>ob</strong></span> <span class='ocrx_word' id='word_1_465' title='bbox 2056 1063 2108 1116; x_wconf 88' lang='lat' dir='ltr'><strong>id</strong></span> <span class='ocrx_word' id='word_1_466' title='bbox 2140 1062 2488 1131; x_wconf 77' lang='lat' dir='ltr'><strong>supercilium</strong></span> <span class='ocrx_word' id='word_1_467' title='bbox 2519 1062 2735 1127; x_wconf 83' lang='lat' dir='ltr'><strong>tollens,</strong></span> <span class='ocrx_word' id='word_1_468' title='bbox 2767 1063 3167 1118; x_wconf 79' lang='lat' dir='ltr'><strong>formidabilem</strong></span> <span class='ocrx_word' id='word_1_469' title='bbox 3193 1074 3245 1119; x_wconf 90' lang='lat' dir='ltr'><strong>et</strong></span> <span class='ocrx_word' id='word_1_470' title='bbox 3271 1064 3529 1119; x_wconf 87' lang='lat' dir='ltr'><strong>invictam</strong></span> 
     </span>
    </p>
   </div>
   <div class='ocr_carea' id='block_1_70' title="bbox 1953 1153 3523 1225">
    <p class='ocr_par' dir='ltr' id='par_1_70' title="bbox 1953 1153 3523 1225">
     <span class='ocr_line' id='line_1_70' title="bbox 1953 1153 3523 1225; baseline 0.001 -18"><span class='ocrx_word' id='word_1_471' title='bbox 1953 1153 2038 1208; x_wconf 90' lang='lat' dir='ltr'><strong>vel</strong></span> <span class='ocrx_word' id='word_1_472' title='bbox 2074 1154 2206 1223; x_wconf 84' lang='lat' dir='ltr'><strong>ipsis</strong></span> <span class='ocrx_word' id='word_1_473' title='bbox 2238 1154 2585 1225; x_wconf 78' lang='lat' dir='ltr'><strong>Assyriorum</strong></span> <span class='ocrx_word' id='word_1_474' title='bbox 2632 1153 2754 1208; x_wconf 85' lang='lat' dir='ltr'><strong>belli</strong></span> <span class='ocrx_word' id='word_1_475' title='bbox 2801 1155 3053 1219; x_wconf 88' lang='lat' dir='ltr'><strong>ducibus,</strong></span> <span class='ocrx_word' id='word_1_476' title='bbox 3104 1155 3220 1209; x_wconf 82' lang='lat' dir='ltr'><strong>sive</strong></span> <span class='ocrx_word' id='word_1_477' title='bbox 3281 1155 3523 1223; x_wconf 85' lang='lat' dir='ltr'><strong>impera-</strong></span> 
     </span>
    </p>
   </div>
   <div class='ocr_carea' id='block_1_71' title="bbox 1956 1248 3532 1317">
    <p class='ocr_par' dir='ltr' id='par_1_71' title="bbox 1956 1248 3532 1317">
     <span class='ocr_line' id='line_1_71' title="bbox 1956 1248 3532 1317; baseline -0.001 -15"><span class='ocrx_word' id='word_1_478' title='bbox 1956 1249 2165 1303; x_wconf 85' lang='lat' dir='ltr'><strong>toribus</strong></span> <span class='ocrx_word' id='word_1_479' title='bbox 2189 1263 2247 1303; x_wconf 88' lang='lat' dir='ltr'><strong>se</strong></span> <span class='ocrx_word' id='word_1_480' title='bbox 2271 1248 2387 1302; x_wconf 80' lang='lat' dir='ltr'><strong>fore</strong></span> <span class='ocrx_word' id='word_1_481' title='bbox 2435 1248 2825 1304; x_wconf 82' lang='lat' dir='ltr'><strong>arbitrabatur.</strong></span> <span class='ocrx_word' id='word_1_482' title='bbox 2885 1248 2986 1315; x_wconf 88' lang='lat' dir='ltr'><strong>Qui</strong></span> <span class='ocrx_word' id='word_1_483' title='bbox 3023 1248 3112 1302; x_wconf 89' lang='lat' dir='ltr'><strong>ubi</strong></span> <span class='ocrx_word' id='word_1_484' title='bbox 3146 1257 3396 1317; x_wconf 81' lang='lat' dir='ltr'><strong>suscepta</strong></span> <span class='ocrx_word' id='word_1_485' title='bbox 3432 1262 3532 1302; x_wconf 84' lang='lat' dir='ltr'><strong>ex-</strong></span> 
     </span>
    </p>
   </div>
   <div class='ocr_carea' id='block_1_72' title="bbox 1954 1336 3531 1411">
    <p class='ocr_par' dir='ltr' id='par_1_72' title="bbox 1954 1336 3531 1411">
     <span class='ocr_line' id='line_1_72' title="bbox 1954 1336 3531 1411; baseline -0.001 -17"><span class='ocrx_word' id='word_1_486' title='bbox 1954 1340 2228 1411; x_wconf 87' lang='lat' dir='ltr'><strong>peditione</strong></span> <span class='ocrx_word' id='word_1_487' title='bbox 2256 1340 2570 1405; x_wconf 83' lang='lat' dir='ltr'><strong>adfuerunt,</strong></span> <span class='ocrx_word' id='word_1_488' title='bbox 2619 1355 2756 1411; x_wconf 86' lang='lat' dir='ltr'><strong>quas</strong></span> <span class='ocrx_word' id='word_1_489' title='bbox 2805 1340 2913 1394; x_wconf 82' lang='lat' dir='ltr'><strong>dixi</strong></span> <span class='ocrx_word' id='word_1_490' title='bbox 2962 1339 3136 1394; x_wconf 85' lang='lat' dir='ltr'><strong>tribus</strong></span> <span class='ocrx_word' id='word_1_491' title='bbox 3194 1340 3331 1394; x_wconf 88' lang='lat' dir='ltr'><strong>citra</strong></span> <span class='ocrx_word' id='word_1_492' title='bbox 3388 1336 3531 1393; x_wconf 79' lang='lat' dir='ltr'><strong>ditii-</strong></span> 
     </span>
    </p>
   </div>
   <div class='ocr_carea' id='block_1_73' title="bbox 1955 1433 3525 1502">
    <p class='ocr_par' dir='ltr' id='par_1_73' title="bbox 1955 1433 3525 1502">
     <span class='ocr_line' id='line_1_73' title="bbox 1955 1433 3525 1502; baseline -0.003 -12"><span class='ocrx_word' id='word_1_493' title='bbox 1955 1433 2210 1490; x_wconf 87' lang='lat' dir='ltr'><strong>cultatem</strong></span> <span class='ocrx_word' id='word_1_494' title='bbox 2253 1434 2525 1498; x_wconf 66' lang='lat' dir='ltr'><strong>contritae,</strong></span> <span class='ocrx_word' id='word_1_495' title='bbox 2581 1442 2636 1489; x_wconf 88' lang='lat' dir='ltr'><strong>et</strong></span> <span class='ocrx_word' id='word_1_496' title='bbox 2695 1449 2792 1502; x_wconf 90' lang='lat' dir='ltr'><strong>pro</strong></span> <span class='ocrx_word' id='word_1_497' title='bbox 2813 1434 3043 1501; x_wconf 83' lang='lat' dir='ltr'><strong>captivis</strong></span> <span class='ocrx_word' id='word_1_498' title='bbox 3084 1433 3331 1487; x_wconf 65' lang='lat' dir='ltr'><strong>abductae</strong></span> <span class='ocrx_word' id='word_1_499' title='bbox 3375 1440 3525 1487; x_wconf 89' lang='lat' dir='ltr'><strong>sunt.</strong></span> 
     </span>
    </p>
   </div>
   <div class='ocr_carea' id='block_1_74' title="bbox 1955 1525 3533 1596">
    <p class='ocr_par' dir='ltr' id='par_1_74' title="bbox 1955 1525 3533 1596">
     <span class='ocr_line' id='line_1_74' title="bbox 1955 1525 3533 1596; baseline -0.002 -16"><span class='ocrx_word' id='word_1_500' title='bbox 1955 1525 2083 1590; x_wconf 86' lang='lat' dir='ltr'><strong>Sed,</strong></span> <span class='ocrx_word' id='word_1_501' title='bbox 2111 1543 2129 1576; x_wconf 78' lang='grc' dir='ltr'><strong>ι</strong></span> <span class='ocrx_word' id='word_1_502' title='bbox 2160 1539 2265 1580; x_wconf 89' lang='lat' dir='ltr'><strong>non</strong></span> <span class='ocrx_word' id='word_1_503' title='bbox 2293 1526 2569 1596; x_wconf 77' lang='lat' dir='ltr'><strong>cognovit,</strong></span> <span class='ocrx_word' id='word_1_504' title='bbox 2594 1543 2612 1577; x_wconf 72' lang='grc' dir='ltr'><strong>ι</strong></span> <span class='ocrx_word' id='word_1_505' title='bbox 2634 1525 2830 1594; x_wconf 84' lang='lat' dir='ltr'><strong>inquit,</strong></span> <span class='ocrx_word' id='word_1_506' title='bbox 2858 1527 2958 1580; x_wconf 87' lang='lat' dir='ltr'><strong>hoc</strong></span> <span class='ocrx_word' id='word_1_507' title='bbox 2989 1534 3095 1589; x_wconf 90' lang='lat' dir='ltr'><strong>est,</strong></span> <span class='ocrx_word' id='word_1_508' title='bbox 3133 1525 3291 1594; x_wconf 67' lang='lat'><strong>112</strong></span> <span class='ocrx_word' id='word_1_509' title='bbox 3311 1538 3533 1578; x_wconf 81' lang='lat' dir='ltr'><strong>causam</strong></span> 
     </span>
    </p>
   </div>
   <div class='ocr_carea' id='block_1_75' title="bbox 1954 1614 3534 1690">
    <p class='ocr_par' dir='ltr' id='par_1_75' title="bbox 1954 1614 3534 1690">
     <span class='ocr_line' id='line_1_75' title="bbox 1954 1614 3534 1690; baseline -0.001 -21"><span class='ocrx_word' id='word_1_510' title='bbox 1954 1614 2283 1690; x_wconf 86' lang='lat' dir='ltr'><strong>calamitatis</strong></span> <span class='ocrx_word' id='word_1_511' title='bbox 2321 1630 2425 1670; x_wconf 91' lang='lat' dir='ltr'><strong>non</strong></span> <span class='ocrx_word' id='word_1_512' title='bbox 2462 1616 2753 1684; x_wconf 82' lang='lat' dir='ltr'><strong>cogitavit;</strong></span> <span class='ocrx_word' id='word_1_513' title='bbox 2784 1616 3001 1671; x_wconf 89' lang='lat' dir='ltr'><strong>tametsi</strong></span> <span class='ocrx_word' id='word_1_514' title='bbox 3038 1616 3232 1670; x_wconf 89' lang='lat' dir='ltr'><strong>saltem</strong></span> <span class='ocrx_word' id='word_1_515' title='bbox 3270 1631 3337 1670; x_wconf 84' lang='lat' dir='ltr'><strong>ex</strong></span> <span class='ocrx_word' id='word_1_516' title='bbox 3366 1629 3534 1669; x_wconf 90' lang='lat' dir='ltr'><strong>even-</strong></span> 
     </span>
    </p>
   </div>
   <div class='ocr_carea' id='block_1_76' title="bbox 1955 1706 3534 1779">
    <p class='ocr_par' dir='ltr' id='par_1_76' title="bbox 1955 1706 3534 1779">
     <span class='ocr_line' id='line_1_76' title="bbox 1955 1706 3534 1779; baseline -0.002 -16"><span class='ocrx_word' id='word_1_517' title='bbox 1955 1709 2025 1764; x_wconf 88' lang='lat' dir='ltr'><strong>tis</strong></span> <span class='ocrx_word' id='word_1_518' title='bbox 2047 1707 2103 1763; x_wconf 87' lang='lat' dir='ltr'><strong>in</strong></span> <span class='ocrx_word' id='word_1_519' title='bbox 2143 1708 2261 1779; x_wconf 86' lang='lat' dir='ltr'><strong>ejus</strong></span> <span class='ocrx_word' id='word_1_520' title='bbox 2292 1707 2659 1779; x_wconf 88' lang='lat' dir='ltr'><strong>cognitionem</strong></span> <span class='ocrx_word' id='word_1_521' title='bbox 2705 1708 2895 1765; x_wconf 90' lang='lat' dir='ltr'><strong>venire</strong></span> <span class='ocrx_word' id='word_1_522' title='bbox 2938 1708 3143 1764; x_wconf 88' lang='lat' dir='ltr'><strong>debuit.</strong></span> <span class='ocrx_word' id='word_1_523' title='bbox 3201 1707 3354 1774; x_wconf 86' lang='lat' dir='ltr'><strong>Quod</strong></span> <span class='ocrx_word' id='word_1_524' title='bbox 3388 1706 3534 1761; x_wconf 84' lang='lat' dir='ltr'><strong>enim</strong></span> 
     </span>
    </p>
   </div>
   <div class='ocr_carea' id='block_1_77' title="bbox 1956 1799 3536 1871">
    <p class='ocr_par' dir='ltr' id='par_1_77' title="bbox 1956 1799 3536 1871">
     <span class='ocr_line' id='line_1_77' title="bbox 1956 1799 3536 1871; baseline -0.003 -16"><span class='ocrx_word' id='word_1_525' title='bbox 1956 1801 2137 1857; x_wconf 91' lang='lat' dir='ltr'><strong>animo</strong></span> <span class='ocrx_word' id='word_1_526' title='bbox 2168 1816 2275 1856; x_wconf 92' lang='lat' dir='ltr'><strong>non</strong></span> <span class='ocrx_word' id='word_1_527' title='bbox 2315 1802 2551 1868; x_wconf 87' lang='lat' dir='ltr'><strong>videtur,</strong></span> <span class='ocrx_word' id='word_1_528' title='bbox 2608 1814 2982 1871; x_wconf 69' lang='lat' dir='ltr'><strong>saepenumero</strong></span> <span class='ocrx_word' id='word_1_529' title='bbox 3026 1799 3363 1870; x_wconf 82' lang='lat' dir='ltr'><strong>experientia</strong></span> <span class='ocrx_word' id='word_1_530' title='bbox 3406 1808 3536 1852; x_wconf 85' lang='lat' dir='ltr'><strong>ante</strong></span> 
     </span>
    </p>
   </div>
   <div class='ocr_carea' id='block_1_78' title="bbox 1957 1894 3537 1965">
    <p class='ocr_par' dir='ltr' id='par_1_78' title="bbox 1957 1894 3537 1965">
     <span class='ocr_line' id='line_1_78' title="bbox 1957 1894 3537 1965; baseline -0.004 -14"><span class='ocrx_word' id='word_1_531' title='bbox 1957 1895 2145 1951; x_wconf 91' lang='lat' dir='ltr'><strong>oculos</strong></span> <span class='ocrx_word' id='word_1_532' title='bbox 2178 1895 2480 1951; x_wconf 87' lang='lat' dir='ltr'><strong>constituit.</strong></span> <span class='ocrx_word' id='word_1_533' title='bbox 2516 1894 2583 1950; x_wconf 80' lang='lat' dir='ltr'><strong>Et</strong></span> <span class='ocrx_word' id='word_1_534' title='bbox 2634 1901 2856 1965; x_wconf 62' lang='lat' dir='ltr'><strong>praestat</strong></span> <span class='ocrx_word' id='word_1_535' title='bbox 2884 1909 2991 1948; x_wconf 87' lang='lat' dir='ltr'><strong>non</strong></span> <span class='ocrx_word' id='word_1_536' title='bbox 3017 1902 3333 1961; x_wconf 80' lang='lat' dir='ltr'><strong>exspectata</strong></span> <span class='ocrx_word' id='word_1_537' title='bbox 3369 1904 3537 1960; x_wconf 79' lang='lat' dir='ltr'><strong>expe-</strong></span> 
     </span>
    </p>
   </div>
   <div class='ocr_carea' id='block_1_79' title="bbox 1959 1979 3536 2056">
    <p class='ocr_par' dir='ltr' id='par_1_79' title="bbox 1959 1979 3536 2056">
     <span class='ocr_line' id='line_1_79' title="bbox 1959 1979 3536 2056; baseline -0.004 -16"><span class='ocrx_word' id='word_1_538' title='bbox 1959 1985 2155 2041; x_wconf 89' lang='lat' dir='ltr'><strong>rientia</strong></span> <span class='ocrx_word' id='word_1_539' title='bbox 2202 1984 2630 2056; x_wconf 87' lang='lat' dir='ltr'><strong>circumspicere</strong></span> <span class='ocrx_word' id='word_1_540' title='bbox 2680 1984 2811 2055; x_wconf 86' lang='lat' dir='ltr'><strong>quid</strong></span> <span class='ocrx_word' id='word_1_541' title='bbox 2866 1984 3159 2040; x_wconf 88' lang='lat' dir='ltr'><strong>conducat.</strong></span> <span class='ocrx_word' id='word_1_542' title='bbox 3220 1983 3265 2037; x_wconf 83' lang='lat' dir='ltr'><strong>A</strong></span> <span class='ocrx_word' id='word_1_543' title='bbox 3328 1996 3438 2053; x_wconf 90' lang='lat' dir='ltr'><strong>quo</strong></span> <span class='ocrx_word' id='word_1_544' title='bbox 3485 1979 3536 2035; x_wconf 87' lang='lat' dir='ltr'><strong>si</strong></span> 
     </span>
    </p>
   </div>
   <div class='ocr_carea' id='block_1_80' title="bbox 1959 2077 3535 2149">
    <p class='ocr_par' dir='ltr' id='par_1_80' title="bbox 1959 2077 3535 2149">
     <span class='ocr_line' id='line_1_80' title="bbox 1959 2077 3535 2149; baseline -0.001 -17"><span class='ocrx_word' id='word_1_545' title='bbox 1959 2077 2221 2136; x_wconf 87' lang='lat' dir='ltr'><strong>aberrare</strong></span> <span class='ocrx_word' id='word_1_546' title='bbox 2254 2079 2558 2148; x_wconf 76' lang='lat' dir='ltr'><strong>contingat,</strong></span> <span class='ocrx_word' id='word_1_547' title='bbox 2591 2080 2696 2135; x_wconf 80' lang='lat' dir='ltr'><strong>hoc</strong></span> <span class='ocrx_word' id='word_1_548' title='bbox 2723 2089 2900 2135; x_wconf 89' lang='lat' dir='ltr'><strong>tamen</strong></span> <span class='ocrx_word' id='word_1_549' title='bbox 2932 2078 3263 2149; x_wconf 87' lang='lat' dir='ltr'><strong>relinquitur</strong></span> <span class='ocrx_word' id='word_1_550' title='bbox 3286 2116 3303 2143; x_wconf 90' lang='lat'><strong>,</strong></span> <span class='ocrx_word' id='word_1_551' title='bbox 3332 2083 3393 2133; x_wconf 89' lang='lat' dir='ltr'><strong>ut</strong></span> <span class='ocrx_word' id='word_1_552' title='bbox 3419 2078 3535 2146; x_wconf 86' lang='lat' dir='ltr'><strong>ipsa</strong></span> 
     </span>
    </p>
   </div>
   <div class='ocr_carea' id='block_1_81' title="bbox 1958 2168 3532 2246">
    <p class='ocr_par' dir='ltr' id='par_1_81' title="bbox 1958 2168 3532 2246">
     <span class='ocr_line' id='line_1_81' title="bbox 1958 2168 3532 2246; baseline -0.006 -15"><span class='ocrx_word' id='word_1_553' title='bbox 1958 2174 2291 2246; x_wconf 84' lang='lat' dir='ltr'><strong>experientia</strong></span> <span class='ocrx_word' id='word_1_554' title='bbox 2329 2171 2461 2243; x_wconf 90' lang='lat' dir='ltr'><strong>quid</strong></span> <span class='ocrx_word' id='word_1_555' title='bbox 2500 2171 2648 2227; x_wconf 80' lang='lat' dir='ltr'><strong>facto</strong></span> <span class='ocrx_word' id='word_1_556' title='bbox 2680 2186 2819 2243; x_wconf 91' lang='lat' dir='ltr'><strong>opus</strong></span> <span class='ocrx_word' id='word_1_557' title='bbox 2854 2171 2949 2235; x_wconf 85' lang='lat' dir='ltr'><strong>sit,</strong></span> <span class='ocrx_word' id='word_1_558' title='bbox 2984 2171 3226 2242; x_wconf 88' lang='lat' dir='ltr'><strong>quidque</strong></span> <span class='ocrx_word' id='word_1_559' title='bbox 3249 2168 3532 2239; x_wconf 77' lang='lat' dir='ltr'><strong>expediat,</strong></span> 
     </span>
    </p>
   </div>
   <div class='ocr_carea' id='block_1_82' title="bbox 1959 2260 3538 2337">
    <p class='ocr_par' dir='ltr' id='par_1_82' title="bbox 1959 2260 3538 2337">
     <span class='ocr_line' id='line_1_82' title="bbox 1959 2260 3538 2337; baseline -0.005 -15"><span class='ocrx_word' id='word_1_560' title='bbox 1959 2267 2264 2337; x_wconf 81' lang='lat' dir='ltr'><strong>intelligere</strong></span> <span class='ocrx_word' id='word_1_561' title='bbox 2316 2264 2612 2336; x_wconf 89' lang='lat' dir='ltr'><strong>possimus.</strong></span> <span class='ocrx_word' id='word_1_562' title='bbox 2665 2263 2848 2334; x_wconf 88' lang='lat' dir='ltr'><strong>lnquit</strong></span> <span class='ocrx_word' id='word_1_563' title='bbox 2896 2264 3086 2333; x_wconf 77' lang='lat' dir='ltr'><strong>igitur,</strong></span> <span class='ocrx_word' id='word_1_564' title='bbox 3129 2277 3239 2318; x_wconf 91' lang='lat' dir='ltr'><strong>non</strong></span> <span class='ocrx_word' id='word_1_565' title='bbox 3283 2260 3538 2330; x_wconf 73' lang='lat' dir='ltr'><strong>cognovit</strong></span> 
     </span>
    </p>
   </div>
   <div class='ocr_carea' id='block_1_83' title="bbox 1957 2354 3537 2431">
    <p class='ocr_par' dir='ltr' id='par_1_83' title="bbox 1957 2354 3537 2431">
     <span class='ocr_line' id='line_1_83' title="bbox 1957 2354 3537 2431; baseline -0.006 -15"><span class='ocrx_word' id='word_1_566' title='bbox 1957 2362 2240 2431; x_wconf 83' lang='lat' dir='ltr'><strong>Ephraim,</strong></span> <span class='ocrx_word' id='word_1_567' title='bbox 2270 2360 2524 2431; x_wconf 85' lang='lat' dir='ltr'><strong>quamvis</strong></span> <span class='ocrx_word' id='word_1_568' title='bbox 2558 2359 2712 2415; x_wconf 88' lang='lat' dir='ltr'><strong>cauis</strong></span> <span class='ocrx_word' id='word_1_569' title='bbox 2756 2372 3033 2428; x_wconf 84' lang='lat' dir='ltr'><strong>aspersus,</strong></span> <span class='ocrx_word' id='word_1_570' title='bbox 3088 2357 3191 2412; x_wconf 83' lang='lat' dir='ltr'><strong>lioc</strong></span> <span class='ocrx_word' id='word_1_571' title='bbox 3216 2364 3322 2424; x_wconf 89' lang='lat' dir='ltr'><strong>est,</strong></span> <span class='ocrx_word' id='word_1_572' title='bbox 3374 2354 3537 2423; x_wconf 85' lang='lat' dir='ltr'><strong>longo</strong></span> 
     </span>
    </p>
   </div>
   <div class='ocr_carea' id='block_1_84' title="bbox 1948 2447 3523 2523">
    <p class='ocr_par' dir='ltr' id='par_1_84' title="bbox 1948 2447 3523 2523">
     <span class='ocr_line' id='line_1_84' title="bbox 1948 2447 3523 2523; baseline -0.007 -12"><span class='ocrx_word' id='word_1_573' title='bbox 1948 2461 2203 2523; x_wconf 88' lang='lat' dir='ltr'><strong>tempore</strong></span> <span class='ocrx_word' id='word_1_574' title='bbox 2229 2452 2435 2523; x_wconf 84' lang='lat' dir='ltr'><strong>elapso,</strong></span> <span class='ocrx_word' id='word_1_575' title='bbox 2465 2452 2609 2521; x_wconf 84' lang='lat' dir='ltr'><strong>quod</strong></span> <span class='ocrx_word' id='word_1_576' title='bbox 2646 2466 2742 2507; x_wconf 89' lang='lat' dir='ltr'><strong>eos</strong></span> <span class='ocrx_word' id='word_1_577' title='bbox 2790 2452 3059 2522; x_wconf 89' lang='lat' dir='ltr'><strong>potuisset</strong></span> <span class='ocrx_word' id='word_1_578' title='bbox 3097 2458 3286 2521; x_wconf 85' lang='lat' dir='ltr'><strong>postea</strong></span> <span class='ocrx_word' id='word_1_579' title='bbox 3322 2447 3523 2502; x_wconf 85' lang='lat' dir='ltr'><strong>docere</strong></span> 
     </span>
    </p>
   </div>
   <div class='ocr_carea' id='block_1_85' title="bbox 1958 2538 3527 2615">
    <p class='ocr_par' dir='ltr' id='par_1_85' title="bbox 1958 2538 3527 2615">
     <span class='ocr_line' id='line_1_85' title="bbox 1958 2538 3527 2615; baseline -0.006 -14"><span class='ocrx_word' id='word_1_580' title='bbox 1958 2555 2014 2601; x_wconf 87' lang='lat' dir='ltr'><strong>et</strong></span> <span class='ocrx_word' id='word_1_581' title='bbox 2045 2543 2305 2601; x_wconf 85' lang='lat' dir='ltr'><strong>credibile</strong></span> <span class='ocrx_word' id='word_1_582' title='bbox 2330 2543 2546 2610; x_wconf 80' lang='lat' dir='ltr'><strong>facere,</strong></span> <span class='ocrx_word' id='word_1_583' title='bbox 2580 2559 2838 2615; x_wconf 90' lang='lat' dir='ltr'><strong>quonam.</strong></span> <span class='ocrx_word' id='word_1_584' title='bbox 2860 2544 3018 2597; x_wconf 88' lang='lat' dir='ltr'><strong>modo</strong></span> <span class='ocrx_word' id='word_1_585' title='bbox 3043 2543 3157 2597; x_wconf 67' lang='lat' dir='ltr'><strong>haec</strong></span> <span class='ocrx_word' id='word_1_586' title='bbox 3183 2541 3316 2611; x_wconf 88' lang='lat' dir='ltr'><strong>ipsis</strong></span> <span class='ocrx_word' id='word_1_587' title='bbox 3352 2538 3527 2595; x_wconf 91' lang='lat' dir='ltr'><strong>conti-</strong></span> 
     </span>
    </p>
   </div>
   <div class='ocr_carea' id='block_1_86' title="bbox 1959 2622 3598 2707">
    <p class='ocr_par' dir='ltr' id='par_1_86' title="bbox 1959 2622 3598 2707">
     <span class='ocr_line' id='line_1_86' title="bbox 1959 2622 3598 2707; baseline -0.005 -15"><span class='ocrx_word' id='word_1_588' title='bbox 1959 2636 2168 2707; x_wconf 89' lang='lat' dir='ltr'><strong>gerint;</strong></span> <span class='ocrx_word' id='word_1_589' title='bbox 2196 2646 2247 2692; x_wconf 90' lang='lat' dir='ltr'><strong>et</strong></span> <span class='ocrx_word' id='word_1_590' title='bbox 2270 2634 2395 2707; x_wconf 88' lang='lat' dir='ltr'><strong>quia</strong></span> <span class='ocrx_word' id='word_1_591' title='bbox 2427 2635 2758 2691; x_wconf 78' lang='lat' dir='ltr'><strong>oﬂ&#39;enderint</strong></span> <span class='ocrx_word' id='word_1_592' title='bbox 2787 2649 2953 2705; x_wconf 85' lang='lat' dir='ltr'><strong>penes</strong></span> <span class='ocrx_word' id='word_1_593' title='bbox 2973 2647 3136 2704; x_wconf 85' lang='lat' dir='ltr'><strong>quem</strong></span> <span class='ocrx_word' id='word_1_594' title='bbox 3163 2641 3249 2688; x_wconf 89' lang='lat' dir='ltr'><strong>est</strong></span> <span class='ocrx_word' id='word_1_595' title='bbox 3286 2631 3457 2698; x_wconf 89' lang='lat' dir='ltr'><strong>salus,</strong></span> <span class='ocrx_word' id='word_1_596' title='bbox 3482 2630 3537 2685; x_wconf 87' lang='lat' dir='ltr'><strong>in</strong></span> <span class='ocrx_word' id='word_1_597' title='bbox 3592 2622 3598 2627; x_wconf 81' lang='grc'><em>’</em></span> 
     </span>
    </p>
   </div>
   <div class='ocr_carea' id='block_1_87' title="bbox 1956 2725 3104 2798">
    <p class='ocr_par' dir='ltr' id='par_1_87' title="bbox 1956 2725 3104 2798">
     <span class='ocr_line' id='line_1_87' title="bbox 1956 2725 3104 2798; baseline -0.003 -16"><span class='ocrx_word' id='word_1_598' title='bbox 1956 2728 2161 2784; x_wconf 87' lang='lat' dir='ltr'><strong>atrocia</strong></span> <span class='ocrx_word' id='word_1_599' title='bbox 2186 2737 2239 2784; x_wconf 88' lang='lat' dir='ltr'><strong>et</strong></span> <span class='ocrx_word' id='word_1_600' title='bbox 2259 2728 2629 2798; x_wconf 85' lang='lat' dir='ltr'><strong>inexspectata</strong></span> <span class='ocrx_word' id='word_1_601' title='bbox 2658 2727 2799 2781; x_wconf 89' lang='lat' dir='ltr'><strong>mala</strong></span> <span class='ocrx_word' id='word_1_602' title='bbox 2822 2725 3104 2781; x_wconf 89' lang='lat' dir='ltr'><strong>incidisse.</strong></span> 
     </span>
    </p>
   </div>
   <div class='ocr_carea' id='block_1_88' title="bbox 2027 2902 3536 2975">
    <p class='ocr_par' dir='ltr' id='par_1_88' title="bbox 2027 2902 3536 2975">
     <span class='ocr_line' id='line_1_88' title="bbox 2027 2902 3536 2975; baseline -0.005 -12"><span class='ocrx_word' id='word_1_603' title='bbox 2027 2908 2195 2964; x_wconf 75' lang='lat' dir='ltr'><strong>Vens.</strong></span> <span class='ocrx_word' id='word_1_604' title='bbox 2230 2906 2317 2961; x_wconf 85' lang='lat' dir='ltr'><strong>I0.</strong></span> <span class='ocrx_word' id='word_1_605' title='bbox 2355 2905 2423 2960; x_wconf 87' lang='lat' dir='ltr'><strong>Et</strong></span> <span class='ocrx_word' id='word_1_606' title='bbox 2445 2904 2819 2961; x_wconf 80' lang='lat' dir='ltr'><strong>humiliabitur</strong></span> <span class='ocrx_word' id='word_1_607' title='bbox 2846 2904 3050 2975; x_wconf 79' lang='lat' dir='ltr'><strong>injuria</strong></span> <span class='ocrx_word' id='word_1_608' title='bbox 3072 2902 3247 2958; x_wconf 79' lang='lat' dir='ltr'><strong>Israel</strong></span> <span class='ocrx_word' id='word_1_609' title='bbox 3271 2902 3325 2957; x_wconf 88' lang='lat' dir='ltr'><strong>in</strong></span> <span class='ocrx_word' id='word_1_610' title='bbox 3348 2902 3536 2974; x_wconf 80' lang='lat' dir='ltr'><strong>[aciem</strong></span> 
     </span>
    </p>
   </div>
   <div class='ocr_carea' id='block_1_89' title="bbox 1956 2995 3533 3072">
    <p class='ocr_par' dir='ltr' id='par_1_89' title="bbox 1956 2995 3533 3072">
     <span class='ocr_line' id='line_1_89' title="bbox 1956 2995 3533 3072; baseline -0.008 -16"><span class='ocrx_word' id='word_1_611' title='bbox 1956 3001 2091 3072; x_wconf 79' lang='lat' dir='ltr'><strong>ejus,</strong></span> <span class='ocrx_word' id='word_1_612' title='bbox 2130 3011 2177 3056; x_wconf 88' lang='lat' dir='ltr'><strong>et</strong></span> <span class='ocrx_word' id='word_1_613' title='bbox 2211 3017 2314 3055; x_wconf 89' lang='lat' dir='ltr'><strong>non</strong></span> <span class='ocrx_word' id='word_1_614' title='bbox 2344 3000 2535 3054; x_wconf 75' lang='lat' dir='ltr'><strong>reversi</strong></span> <span class='ocrx_word' id='word_1_615' title='bbox 2571 3008 2694 3053; x_wconf 80' lang='lat' dir='ltr'><strong>sunt</strong></span> <span class='ocrx_word' id='word_1_616' title='bbox 2723 2999 2791 3052; x_wconf 87' lang='lat' dir='ltr'><strong>ad</strong></span> <span class='ocrx_word' id='word_1_617' title='bbox 2820 2997 3106 3051; x_wconf 86' lang='lat' dir='ltr'><strong>Dominum</strong></span> <span class='ocrx_word' id='word_1_618' title='bbox 3139 2995 3305 3050; x_wconf 86' lang='lat' dir='ltr'><strong>Deum</strong></span> <span class='ocrx_word' id='word_1_619' title='bbox 3328 3008 3533 3062; x_wconf 87' lang='lat' dir='ltr'><strong>eorum,</strong></span> 
     </span>
    </p>
   </div>
   <div class='ocr_carea' id='block_1_90' title="bbox 1954 3089 3136 3165">
    <p class='ocr_par' dir='ltr' id='par_1_90' title="bbox 1954 3089 3136 3165">
     <span class='ocr_line' id='line_1_90' title="bbox 1954 3089 3136 3165; baseline -0.006 -15"><span class='ocrx_word' id='word_1_620' title='bbox 1954 3107 2001 3150; x_wconf 85' lang='lat' dir='ltr'><strong>et</strong></span> <span class='ocrx_word' id='word_1_621' title='bbox 2031 3111 2132 3150; x_wconf 87' lang='lat' dir='ltr'><strong>non</strong></span> <span class='ocrx_word' id='word_1_622' title='bbox 2159 3094 2508 3165; x_wconf 72' lang='lat' dir='ltr'><strong>qumiverunt</strong></span> <span class='ocrx_word' id='word_1_623' title='bbox 2530 3108 2652 3147; x_wconf 82' lang='lat' dir='ltr'><strong>eum</strong></span> <span class='ocrx_word' id='word_1_624' title='bbox 2678 3091 2736 3145; x_wconf 85' lang='lat' dir='ltr'><strong>in</strong></span> <span class='ocrx_word' id='word_1_625' title='bbox 2764 3090 3006 3145; x_wconf 77' lang='lat' dir='ltr'><strong>omnibus</strong></span> <span class='ocrx_word' id='word_1_626' title='bbox 3034 3089 3136 3144; x_wconf 77' lang='lat' dir='ltr'><strong>Itis.</strong></span> 
     </span>
    </p>
   </div>
   <div class='ocr_carea' id='block_1_91' title="bbox 2028 3258 3536 3335">
    <p class='ocr_par' dir='ltr' id='par_1_91' title="bbox 2028 3258 3536 3335">
     <span class='ocr_line' id='line_1_91' title="bbox 2028 3258 3536 3335; baseline -0.007 -12"><span class='ocrx_word' id='word_1_627' title='bbox 2028 3266 2267 3323; x_wconf 77' lang='lat' dir='ltr'><strong>LXXIX.</strong></span> <span class='ocrx_word' id='word_1_628' title='bbox 2322 3267 2480 3321; x_wconf 91' lang='lat' dir='ltr'><strong>Clare</strong></span> <span class='ocrx_word' id='word_1_629' title='bbox 2526 3265 2920 3335; x_wconf 90' lang='lat' dir='ltr'><strong>interpretatur</strong></span> <span class='ocrx_word' id='word_1_630' title='bbox 2981 3261 3127 3334; x_wconf 88' lang='lat' dir='ltr'><strong>quod</strong></span> <span class='ocrx_word' id='word_1_631' title='bbox 3175 3260 3336 3316; x_wconf 79' lang='lat' dir='ltr'><strong>dixit.</strong></span> <span class='ocrx_word' id='word_1_632' title='bbox 3399 3258 3536 3314; x_wconf 84' lang='lat' dir='ltr'><strong>Nam</strong></span> 
     </span>
    </p>
   </div>
   <div class='ocr_carea' id='block_1_92' title="bbox 1954 3351 3539 3428">
    <p class='ocr_par' dir='ltr' id='par_1_92' title="bbox 1954 3351 3539 3428">
     <span class='ocr_line' id='line_1_92' title="bbox 1954 3351 3539 3428; baseline -0.008 -10"><span class='ocrx_word' id='word_1_633' title='bbox 1954 3378 2053 3418; x_wconf 88' lang='lat' dir='ltr'><strong>cur</strong></span> <span class='ocrx_word' id='word_1_634' title='bbox 2085 3375 2193 3415; x_wconf 87' lang='lat' dir='ltr'><strong>non</strong></span> <span class='ocrx_word' id='word_1_635' title='bbox 2220 3356 2535 3428; x_wconf 85' lang='lat' dir='ltr'><strong>cognoverit</strong></span> <span class='ocrx_word' id='word_1_636' title='bbox 2563 3354 2844 3425; x_wconf 86' lang='lat' dir='ltr'><strong>Ephraim,</strong></span> <span class='ocrx_word' id='word_1_637' title='bbox 2869 3355 3001 3409; x_wconf 87' lang='lat' dir='ltr'><strong>licet</strong></span> <span class='ocrx_word' id='word_1_638' title='bbox 3029 3366 3203 3409; x_wconf 90' lang='lat' dir='ltr'><strong>canus</strong></span> <span class='ocrx_word' id='word_1_639' title='bbox 3234 3391 3250 3418; x_wconf 92' lang='lat'><strong>,</strong></span> <span class='ocrx_word' id='word_1_640' title='bbox 3281 3351 3539 3419; x_wconf 81' lang='lat' dir='ltr'><strong>deinceps</strong></span> 
     </span>
    </p>
   </div>
   <div class='ocr_carea' id='block_1_93' title="bbox 1956 3440 3531 3518">
    <p class='ocr_par' dir='ltr' id='par_1_93' title="bbox 1956 3440 3531 3518">
     <span class='ocr_line' id='line_1_93' title="bbox 1956 3440 3531 3518; baseline -0.01 -8"><span class='ocrx_word' id='word_1_641' title='bbox 1956 3452 2219 3509; x_wconf 86' lang='lat' dir='ltr'><strong>declarat.</strong></span> <span class='ocrx_word' id='word_1_642' title='bbox 2253 3450 2456 3518; x_wconf 87' lang='lat' dir='ltr'><strong>lujuria</strong></span> <span class='ocrx_word' id='word_1_643' title='bbox 2495 3448 2639 3504; x_wconf 87' lang='lat' dir='ltr'><strong>enim</strong></span> <span class='ocrx_word' id='word_1_644' title='bbox 2668 3446 2855 3511; x_wconf 88' lang='lat' dir='ltr'><strong>Israel,</strong></span> <span class='ocrx_word' id='word_1_645' title='bbox 2908 3446 3103 3514; x_wconf 84' lang='lat' dir='ltr'><strong>inquit,</strong></span> <span class='ocrx_word' id='word_1_646' title='bbox 3141 3444 3246 3498; x_wconf 90' lang='lat' dir='ltr'><strong>hoc</strong></span> <span class='ocrx_word' id='word_1_647' title='bbox 3269 3449 3374 3506; x_wconf 87' lang='lat' dir='ltr'><strong>est,</strong></span> <span class='ocrx_word' id='word_1_648' title='bbox 3423 3440 3531 3495; x_wconf 87' lang='lat' dir='ltr'><strong>dis-</strong></span> 
     </span>
    </p>
   </div>
   <div class='ocr_carea' id='block_1_94' title="bbox 1955 3534 3533 3611">
    <p class='ocr_par' dir='ltr' id='par_1_94' title="bbox 1955 3534 3533 3611">
     <span class='ocr_line' id='line_1_94' title="bbox 1955 3534 3533 3611; baseline -0.01 -10"><span class='ocrx_word' id='word_1_649' title='bbox 1955 3543 2152 3610; x_wconf 88' lang='lat' dir='ltr'><strong>cessio,</strong></span> <span class='ocrx_word' id='word_1_650' title='bbox 2177 3556 2337 3611; x_wconf 89' lang='lat' dir='ltr'><strong>quam</strong></span> <span class='ocrx_word' id='word_1_651' title='bbox 2360 3556 2427 3596; x_wconf 77' lang='lat' dir='ltr'><strong>cx</strong></span> <span class='ocrx_word' id='word_1_652' title='bbox 2454 3539 2705 3609; x_wconf 88' lang='lat' dir='ltr'><strong>superbia</strong></span> <span class='ocrx_word' id='word_1_653' title='bbox 2738 3538 3029 3593; x_wconf 90' lang='lat' dir='ltr'><strong>meditatus</strong></span> <span class='ocrx_word' id='word_1_654' title='bbox 3049 3546 3153 3600; x_wconf 92' lang='lat' dir='ltr'><strong>est,</strong></span> <span class='ocrx_word' id='word_1_655' title='bbox 3182 3544 3238 3590; x_wconf 90' lang='lat' dir='ltr'><strong>et</strong></span> <span class='ocrx_word' id='word_1_656' title='bbox 3272 3534 3343 3588; x_wconf 92' lang='lat' dir='ltr'><strong>ob</strong></span> <span class='ocrx_word' id='word_1_657' title='bbox 3367 3547 3533 3603; x_wconf 85' lang='lat' dir='ltr'><strong>quam</strong></span> 
     </span>
    </p>
   </div>
   <div class='ocr_carea' id='block_1_95' title="bbox 1954 3625 3527 3695">
    <p class='ocr_par' dir='ltr' id='par_1_95' title="bbox 1954 3625 3527 3695">
     <span class='ocr_line' id='line_1_95' title="bbox 1954 3625 3527 3695; baseline -0.008 -4"><span class='ocrx_word' id='word_1_658' title='bbox 1954 3636 2119 3693; x_wconf 89' lang='lat' dir='ltr'><strong>etiam</strong></span> <span class='ocrx_word' id='word_1_659' title='bbox 2154 3635 2221 3689; x_wconf 90' lang='lat' dir='ltr'><strong>ad</strong></span> <span class='ocrx_word' id='word_1_660' title='bbox 2252 3636 2382 3688; x_wconf 89' lang='lat' dir='ltr'><strong>deus</strong></span> <span class='ocrx_word' id='word_1_661' title='bbox 2417 3631 2626 3686; x_wconf 89' lang='lat' dir='ltr'><strong>alienos</strong></span> <span class='ocrx_word' id='word_1_662' title='bbox 2672 3629 2988 3695; x_wconf 82' lang='lat' dir='ltr'><strong>declinavit,</strong></span> <span class='ocrx_word' id='word_1_663' title='bbox 3050 3635 3245 3682; x_wconf 86' lang='lat' dir='ltr'><strong>natura</strong></span> <span class='ocrx_word' id='word_1_664' title='bbox 3293 3637 3347 3682; x_wconf 88' lang='lat' dir='ltr'><strong>et</strong></span> <span class='ocrx_word' id='word_1_665' title='bbox 3380 3625 3527 3681; x_wconf 90' lang='lat' dir='ltr'><strong>veri-</strong></span> 
     </span>
    </p>
   </div>
   <div class='ocr_carea' id='block_1_96' title="bbox 1957 3717 3534 3795">
    <p class='ocr_par' dir='ltr' id='par_1_96' title="bbox 1957 3717 3534 3795">
     <span class='ocr_line' id='line_1_96' title="bbox 1957 3717 3534 3795; baseline -0.006 -14"><span class='ocrx_word' id='word_1_666' title='bbox 1957 3739 2067 3783; x_wconf 89' lang='lat' dir='ltr'><strong>tate</strong></span> <span class='ocrx_word' id='word_1_667' title='bbox 2096 3727 2266 3782; x_wconf 83' lang='lat' dir='ltr'><strong>Beum</strong></span> <span class='ocrx_word' id='word_1_668' title='bbox 2303 3734 2651 3795; x_wconf 88' lang='lat' dir='ltr'><strong>aspernatus,</strong></span> <span class='ocrx_word' id='word_1_669' title='bbox 2693 3732 3048 3778; x_wconf 88' lang='lat' dir='ltr'><strong>convertetttr</strong></span> <span class='ocrx_word' id='word_1_670' title='bbox 3087 3720 3141 3775; x_wconf 90' lang='lat' dir='ltr'><strong>in</strong></span> <span class='ocrx_word' id='word_1_671' title='bbox 3173 3719 3368 3775; x_wconf 83' lang='lat' dir='ltr'><strong>faciem</strong></span> <span class='ocrx_word' id='word_1_672' title='bbox 3394 3717 3534 3787; x_wconf 86' lang='lat' dir='ltr'><strong>ejus.</strong></span> 
     </span>
    </p>
   </div>
   <div class='ocr_carea' id='block_1_97' title="bbox 1956 3812 3538 3888">
    <p class='ocr_par' dir='ltr' id='par_1_97' title="bbox 1956 3812 3538 3888">
     <span class='ocr_line' id='line_1_97' title="bbox 1956 3812 3538 3888; baseline -0.008 -13"><span class='ocrx_word' id='word_1_673' title='bbox 1956 3819 2120 3888; x_wconf 85' lang='lat' dir='ltr'><strong>Quasi</strong></span> <span class='ocrx_word' id='word_1_674' title='bbox 2152 3820 2318 3883; x_wconf 89' lang='lat' dir='ltr'><strong>dicat,</strong></span> <span class='ocrx_word' id='word_1_675' title='bbox 2347 3815 2597 3887; x_wconf 69' lang='lat' dir='ltr'><strong>iniuriam</strong></span> <span class='ocrx_word' id='word_1_676' title='bbox 2627 3825 2683 3869; x_wconf 90' lang='lat' dir='ltr'><strong>et</strong></span> <span class='ocrx_word' id='word_1_677' title='bbox 2713 3821 3087 3882; x_wconf 88' lang='lat' dir='ltr'><strong>contemptum</strong></span> <span class='ocrx_word' id='word_1_678' title='bbox 3116 3812 3164 3865; x_wconf 92' lang='lat' dir='ltr'><strong>ei</strong></span> <span class='ocrx_word' id='word_1_679' title='bbox 3194 3825 3389 3881; x_wconf 88' lang='lat' dir='ltr'><strong>parere</strong></span> <span class='ocrx_word' id='word_1_680' title='bbox 3421 3824 3538 3863; x_wconf 87' lang='lat' dir='ltr'><strong>ma-</strong></span> 
     </span>
    </p>
   </div>
   <div class='ocr_carea' id='block_1_98' title="bbox 1956 3900 3533 3973">
    <p class='ocr_par' dir='ltr' id='par_1_98' title="bbox 1956 3900 3533 3973">
     <span class='ocr_line' id='line_1_98' title="bbox 1956 3900 3533 3973; baseline -0.008 -5"><span class='ocrx_word' id='word_1_681' title='bbox 1956 3912 2152 3969; x_wconf 81' lang='lat' dir='ltr'><strong>nifeste</strong></span> <span class='ocrx_word' id='word_1_682' title='bbox 2178 3910 2449 3967; x_wconf 86' lang='lat' dir='ltr'><strong>videbitur</strong></span> <span class='ocrx_word' id='word_1_683' title='bbox 2487 3924 2500 3965; x_wconf 91' lang='lat'>:</span> <span class='ocrx_word' id='word_1_684' title='bbox 2549 3909 2650 3963; x_wconf 91' lang='lat' dir='ltr'><strong>hoc</strong></span> <span class='ocrx_word' id='word_1_685' title='bbox 2679 3907 2823 3961; x_wconf 89' lang='lat' dir='ltr'><strong>enim</strong></span> <span class='ocrx_word' id='word_1_686' title='bbox 2868 3914 2970 3973; x_wconf 87' lang='lat' dir='ltr'><strong>est,</strong></span> <span class='ocrx_word' id='word_1_687' title='bbox 3014 3904 3069 3959; x_wconf 93' lang='lat' dir='ltr'><strong>in</strong></span> <span class='ocrx_word' id='word_1_688' title='bbox 3120 3902 3315 3958; x_wconf 85' lang='lat' dir='ltr'><strong>faciem</strong></span> <span class='ocrx_word' id='word_1_689' title='bbox 3362 3900 3533 3956; x_wconf 89' lang='lat' dir='ltr'><strong>alicu-</strong></span> 
     </span>
    </p>
   </div>
   <div class='ocr_carea' id='block_1_99' title="bbox 1949 3995 3530 4076">
    <p class='ocr_par' dir='ltr' id='par_1_99' title="bbox 1949 3995 3530 4076">
     <span class='ocr_line' id='line_1_99' title="bbox 1949 3995 3530 4076; baseline -0.009 -14"><span class='ocrx_word' id='word_1_690' title='bbox 1949 4003 2039 4076; x_wconf 85' lang='lat' dir='ltr'><strong>jus</strong></span> <span class='ocrx_word' id='word_1_691' title='bbox 2078 4003 2320 4061; x_wconf 85' lang='lat' dir='ltr'><strong>converti</strong></span> <span class='ocrx_word' id='word_1_692' title='bbox 2346 4000 2646 4073; x_wconf 83' lang='lat' dir='ltr'><strong>quidpiam.</strong></span> <span class='ocrx_word' id='word_1_693' title='bbox 2677 3996 2785 4054; x_wconf 85' lang='lat' dir='ltr'><strong>Sed</strong></span> <span class='ocrx_word' id='word_1_694' title='bbox 2820 4007 2874 4052; x_wconf 92' lang='lat' dir='ltr'><strong>et</strong></span> <span class='ocrx_word' id='word_1_695' title='bbox 2904 3998 3009 4053; x_wconf 89' lang='lat' dir='ltr'><strong>ista</strong></span> <span class='ocrx_word' id='word_1_696' title='bbox 3045 4008 3258 4066; x_wconf 87' lang='lat' dir='ltr'><strong>passus,</strong></span> <span class='ocrx_word' id='word_1_697' title='bbox 3286 3995 3530 4049; x_wconf 87' lang='lat' dir='ltr'><strong>nondum</strong></span> 
     </span>
    </p>
   </div>
   <div class='ocr_carea' id='block_1_100' title="bbox 1956 4086 3535 4170">
    <p class='ocr_par' dir='ltr' id='par_1_100' title="bbox 1956 4086 3535 4170">
     <span class='ocr_line' id='line_1_100' title="bbox 1956 4086 3535 4170; baseline -0.009 -17"><span class='ocrx_word' id='word_1_698' title='bbox 1956 4097 2207 4170; x_wconf 79' lang='lat' dir='ltr'><strong>cognovit</strong></span> <span class='ocrx_word' id='word_1_699' title='bbox 2232 4096 2436 4157; x_wconf 88' lang='lat' dir='ltr'><strong>Deum;</strong></span> <span class='ocrx_word' id='word_1_700' title='bbox 2486 4107 2555 4148; x_wconf 88' lang='lat' dir='ltr'><strong>ne</strong></span> <span class='ocrx_word' id='word_1_701' title='bbox 2586 4106 2720 4146; x_wconf 71' lang='lat' dir='ltr'><strong>mete</strong></span> <span class='ocrx_word' id='word_1_702' title='bbox 2749 4090 2815 4144; x_wconf 90' lang='lat' dir='ltr'><strong>ad</strong></span> <span class='ocrx_word' id='word_1_703' title='bbox 2860 4089 2982 4144; x_wconf 92' lang='lat' dir='ltr'><strong>illos</strong></span> <span class='ocrx_word' id='word_1_704' title='bbox 3038 4086 3411 4144; x_wconf 84' lang='lat' dir='ltr'><strong>conversionis</strong></span> <span class='ocrx_word' id='word_1_705' title='bbox 3444 4100 3535 4140; x_wconf 82' lang='lat' dir='ltr'><strong>ra-</strong></span> 
     </span>
    </p>
   </div>
   <div class='ocr_carea' id='block_1_101' title="bbox 1959 4180 3538 4255">
    <p class='ocr_par' dir='ltr' id='par_1_101' title="bbox 1959 4180 3538 4255">
     <span class='ocr_line' id='line_1_101' title="bbox 1959 4180 3538 4255; baseline -0.01 -7"><span class='ocrx_word' id='word_1_706' title='bbox 1959 4193 2160 4247; x_wconf 83' lang='lat' dir='ltr'><strong>tionem</strong></span> <span class='ocrx_word' id='word_1_707' title='bbox 2184 4190 2480 4253; x_wconf 80' lang='lat' dir='ltr'><strong>duxerunt,</strong></span> <span class='ocrx_word' id='word_1_708' title='bbox 2509 4187 2711 4255; x_wconf 88' lang='lat' dir='ltr'><strong>asperi,</strong></span> <span class='ocrx_word' id='word_1_709' title='bbox 2748 4193 2804 4239; x_wconf 91' lang='lat' dir='ltr'><strong>et</strong></span> <span class='ocrx_word' id='word_1_710' title='bbox 2833 4180 3161 4237; x_wconf 79' lang='lat' dir='ltr'><strong>inﬂexibiles</strong></span> <span class='ocrx_word' id='word_1_711' title='bbox 3183 4221 3200 4246; x_wconf 92' lang='lat'><strong>,</strong></span> <span class='ocrx_word' id='word_1_712' title='bbox 3243 4190 3299 4236; x_wconf 90' lang='lat' dir='ltr'><strong>ct</strong></span> <span class='ocrx_word' id='word_1_713' title='bbox 3330 4181 3381 4234; x_wconf 91' lang='lat' dir='ltr'><strong>in</strong></span> <span class='ocrx_word' id='word_1_714' title='bbox 3417 4191 3538 4235; x_wconf 84' lang='lat' dir='ltr'><strong>stu-</strong></span> 
     </span>
    </p>
   </div>
   <div class='ocr_carea' id='block_1_102' title="bbox 1957 4271 3538 4350">
    <p class='ocr_par' dir='ltr' id='par_1_102' title="bbox 1957 4271 3538 4350">
     <span class='ocr_line' id='line_1_102' title="bbox 1957 4271 3538 4350; baseline -0.008 -12"><span class='ocrx_word' id='word_1_715' title='bbox 1957 4283 2048 4339; x_wconf 91' lang='lat' dir='ltr'><strong>dio</strong></span> <span class='ocrx_word' id='word_1_716' title='bbox 2077 4296 2207 4350; x_wconf 85' lang='lat' dir='ltr'><strong>erga</strong></span> <span class='ocrx_word' id='word_1_717' title='bbox 2250 4281 2416 4335; x_wconf 90' lang='lat' dir='ltr'><strong>Deum</strong></span> <span class='ocrx_word' id='word_1_718' title='bbox 2456 4275 2790 4334; x_wconf 86' lang='lat' dir='ltr'><strong>imbecillimi</strong></span> <span class='ocrx_word' id='word_1_719' title='bbox 2826 4275 2991 4330; x_wconf 87' lang='lat' dir='ltr'><strong>etiam</strong></span> <span class='ocrx_word' id='word_1_720' title='bbox 3034 4274 3087 4329; x_wconf 94' lang='lat' dir='ltr'><strong>in</strong></span> <span class='ocrx_word' id='word_1_721' title='bbox 3131 4273 3264 4345; x_wconf 87' lang='lat' dir='ltr'><strong>ipsis</strong></span> <span class='ocrx_word' id='word_1_722' title='bbox 3304 4271 3538 4328; x_wconf 85' lang='lat' dir='ltr'><strong>miseriis</strong></span> 
     </span>
    </p>
   </div>
   <div class='ocr_carea' id='block_1_103' title="bbox 1956 4365 3535 4446">
    <p class='ocr_par' dir='ltr' id='par_1_103' title="bbox 1956 4365 3535 4446">
     <span class='ocr_line' id='line_1_103' title="bbox 1956 4365 3535 4446; baseline -0.008 -16"><span class='ocrx_word' id='word_1_723' title='bbox 1956 4383 2301 4446; x_wconf 86' lang='lat' dir='ltr'><strong>apparentes,</strong></span> <span class='ocrx_word' id='word_1_724' title='bbox 2343 4381 2399 4427; x_wconf 90' lang='lat' dir='ltr'><strong>et</strong></span> <span class='ocrx_word' id='word_1_725' title='bbox 2432 4371 2575 4441; x_wconf 89' lang='lat' dir='ltr'><strong>quod</strong></span> <span class='ocrx_word' id='word_1_726' title='bbox 2611 4369 2844 4425; x_wconf 83' lang='lat' dir='ltr'><strong>extremi</strong></span> <span class='ocrx_word' id='word_1_727' title='bbox 2898 4366 3141 4438; x_wconf 89' lang='lat' dir='ltr'><strong>stuporis</strong></span> <span class='ocrx_word' id='word_1_728' title='bbox 3186 4365 3379 4422; x_wconf 85' lang='lat' dir='ltr'><strong>vitium</strong></span> <span class='ocrx_word' id='word_1_729' title='bbox 3427 4372 3535 4428; x_wconf 91' lang='lat' dir='ltr'><strong>est,</strong></span> 
     </span>
    </p>
   </div>
   <div class='ocr_carea' id='block_1_104' title="bbox 1956 4452 3031 4535">
    <p class='ocr_par' dir='ltr' id='par_1_104' title="bbox 1956 4452 3031 4535">
     <span class='ocr_line' id='line_1_104' title="bbox 1956 4452 3031 4535; baseline -0.006 -12"><span class='ocrx_word' id='word_1_730' title='bbox 1956 4476 2012 4523; x_wconf 88' lang='lat' dir='ltr'><strong>et</strong></span> <span class='ocrx_word' id='word_1_731' title='bbox 2033 4467 2346 4524; x_wconf 88' lang='lat' dir='ltr'><strong>stoliditatis</strong></span> <span class='ocrx_word' id='word_1_732' title='bbox 2369 4464 2592 4520; x_wconf 88' lang='lat' dir='ltr'><strong>evidens</strong></span> <span class='ocrx_word' id='word_1_733' title='bbox 2620 4452 3031 4535; x_wconf 83' lang='lat' dir='ltr'><strong>argumentum.</strong></span> 
     </span>
    </p>
   </div>
   <div class='ocr_carea' id='block_1_105' title="bbox 2025 4647 3537 4723">
    <p class='ocr_par' dir='ltr' id='par_1_105' title="bbox 2025 4647 3537 4723">
     <span class='ocr_line' id='line_1_105' title="bbox 2025 4647 3537 4723; baseline -0.005 -13"><span class='ocrx_word' id='word_1_734' title='bbox 2025 4653 2430 4723; x_wconf 70' lang='lat' dir='ltr'><strong>Vsus.Il,12.</strong></span> <span class='ocrx_word' id='word_1_735' title='bbox 2499 4652 2567 4707; x_wconf 82' lang='lat' dir='ltr'><strong>Et</strong></span> <span class='ocrx_word' id='word_1_736' title='bbox 2608 4660 2724 4707; x_wconf 86' lang='lat' dir='ltr'><strong>erat</strong></span> <span class='ocrx_word' id='word_1_737' title='bbox 2775 4650 3029 4720; x_wconf 78' lang='lat' dir='ltr'><strong>Ephraim</strong></span> <span class='ocrx_word' id='word_1_738' title='bbox 3088 4649 3241 4721; x_wconf 77' lang='lat' dir='ltr'><strong>quasi</strong></span> <span class='ocrx_word' id='word_1_739' title='bbox 3288 4647 3537 4703; x_wconf 81' lang='lat' dir='ltr'><strong>columba</strong></span> 
     </span>
    </p>
   </div>
   <div class='ocr_carea' id='block_1_106' title="bbox 1956 4742 3538 4821">
    <p class='ocr_par' dir='ltr' id='par_1_106' title="bbox 1956 4742 3538 4821">
     <span class='ocr_line' id='line_1_106' title="bbox 1956 4742 3538 4821; baseline -0.006 -15"><span class='ocrx_word' id='word_1_740' title='bbox 1956 4751 2233 4821; x_wconf 78' lang='lat' dir='ltr'><strong>insipiens,</strong></span> <span class='ocrx_word' id='word_1_741' title='bbox 2272 4763 2377 4802; x_wconf 86' lang='lat' dir='ltr'><strong>non</strong></span> <span class='ocrx_word' id='word_1_742' title='bbox 2424 4744 2621 4799; x_wconf 77' lang='lat' dir='ltr'><strong>habens</strong></span> <span class='ocrx_word' id='word_1_743' title='bbox 2660 4760 2771 4798; x_wconf 89' lang='lat' dir='ltr'><strong>cor.</strong></span> <span class='ocrx_word' id='word_1_744' title='bbox 2807 4742 3102 4814; x_wconf 65' lang='lat' dir='ltr'><strong>Egyptum</strong></span> <span class='ocrx_word' id='word_1_745' title='bbox 3132 4742 3430 4809; x_wconf 81' lang='lat' dir='ltr'><strong>invocabat,</strong></span> <span class='ocrx_word' id='word_1_746' title='bbox 3488 4752 3538 4797; x_wconf 81' lang='lat' dir='ltr'><strong>et</strong></span> 
     </span>
    </p>
   </div>
   <div class='ocr_carea' id='block_1_107' title="bbox 1956 4835 3529 4913">
    <p class='ocr_par' dir='ltr' id='par_1_107' title="bbox 1956 4835 3529 4913">
     <span class='ocr_line' id='line_1_107' title="bbox 1956 4835 3529 4913; baseline -0.008 -14"><span class='ocrx_word' id='word_1_747' title='bbox 1956 4847 2025 4899; x_wconf 86' lang='lat' dir='ltr'><strong>ad</strong></span> <span class='ocrx_word' id='word_1_748' title='bbox 2057 4841 2301 4913; x_wconf 76' lang='lat' dir='ltr'><strong>Assyrios</strong></span> <span class='ocrx_word' id='word_1_749' title='bbox 2328 4839 2459 4894; x_wconf 89' lang='lat' dir='ltr'><strong>ibat.</strong></span> <span class='ocrx_word' id='word_1_750' title='bbox 2492 4837 2643 4893; x_wconf 81' lang='lat' dir='ltr'><strong>Sicut</strong></span> <span class='ocrx_word' id='word_1_751' title='bbox 2673 4835 2858 4891; x_wconf 81' lang='lat' dir='ltr'><strong>iuerint</strong></span> <span class='ocrx_word' id='word_1_752' title='bbox 2888 4835 3098 4889; x_wconf 86' lang='lat' dir='ltr'><strong>mittam</strong></span> <span class='ocrx_word' id='word_1_753' title='bbox 3126 4850 3282 4901; x_wconf 77' lang='lat' dir='ltr'><strong>super</strong></span> <span class='ocrx_word' id='word_1_754' title='bbox 3302 4850 3389 4888; x_wconf 77' lang='lat' dir='ltr'><strong>eos</strong></span> <span class='ocrx_word' id='word_1_755' title='bbox 3421 4845 3529 4888; x_wconf 80' lang='lat' dir='ltr'><strong>rete</strong></span> 
     </span>
    </p>
   </div>
   <div class='ocr_carea' id='block_1_108' title="bbox 1956 4923 3538 4998">
    <p class='ocr_par' dir='ltr' id='par_1_108' title="bbox 1956 4923 3538 4998">
     <span class='ocr_line' id='line_1_108' title="bbox 1956 4923 3538 4998; baseline -0.006 -10"><span class='ocrx_word' id='word_1_756' title='bbox 1956 4949 2152 4989; x_wconf 86' lang='lat' dir='ltr'><strong>meum.</strong></span> <span class='ocrx_word' id='word_1_757' title='bbox 2185 4928 2337 4987; x_wconf 86' lang='lat' dir='ltr'><strong>Sicut</strong></span> <span class='ocrx_word' id='word_1_758' title='bbox 2365 4929 2606 4984; x_wconf 78' lang='lat' dir='ltr'><strong>volatilia</strong></span> <span class='ocrx_word' id='word_1_759' title='bbox 2639 4927 2753 4983; x_wconf 74' lang='lat' dir='ltr'><strong>caeli</strong></span> <span class='ocrx_word' id='word_1_760' title='bbox 2776 4925 3056 4982; x_wconf 81' lang='lat' dir='ltr'><strong>detraham</strong></span> <span class='ocrx_word' id='word_1_761' title='bbox 3081 4942 3191 4981; x_wconf 78' lang='lat' dir='ltr'><strong>eos.</strong></span> <span class='ocrx_word' id='word_1_762' title='bbox 3236 4923 3538 4998; x_wconf 66' lang='lat' dir='ltr'><strong>Corripiam</strong></span> 
     </span>
    </p>
   </div>
   <div class='ocr_carea' id='block_1_109' title="bbox 1961 5022 3010 5091">
    <p class='ocr_par' dir='ltr' id='par_1_109' title="bbox 1961 5022 3010 5091">
     <span class='ocr_line' id='line_1_109' title="bbox 1961 5022 3010 5091; baseline -0.008 -8"><span class='ocrx_word' id='word_1_763' title='bbox 1961 5044 2047 5083; x_wconf 75' lang='lat' dir='ltr'><strong>eos</strong></span> <span class='ocrx_word' id='word_1_764' title='bbox 2076 5027 2130 5081; x_wconf 86' lang='lat' dir='ltr'><strong>in</strong></span> <span class='ocrx_word' id='word_1_765' title='bbox 2159 5026 2348 5080; x_wconf 81' lang='lat' dir='ltr'><strong>auditu</strong></span> <span class='ocrx_word' id='word_1_766' title='bbox 2372 5022 2729 5078; x_wconf 78' lang='lat' dir='ltr'><strong>tribulationis</strong></span> <span class='ocrx_word' id='word_1_767' title='bbox 2754 5022 3010 5091; x_wconf 76' lang='lat' dir='ltr'><strong>ipsorum.</strong></span> 
     </span>
    </p>
   </div>
   <div class='ocr_carea' id='block_1_110' title="bbox 2028 5200 3537 5263">
    <p class='ocr_par' dir='ltr' id='par_1_110' title="bbox 2028 5200 3537 5263">
     <span class='ocr_line' id='line_1_110' title="bbox 2028 5200 3537 5263; baseline -0.01 0"><span class='ocrx_word' id='word_1_768' title='bbox 2028 5204 2246 5263; x_wconf 78' lang='lat' dir='ltr'><strong>LXXX.</strong></span> <span class='ocrx_word' id='word_1_769' title='bbox 2306 5205 2365 5260; x_wconf 89' lang='lat' dir='ltr'><strong>In</strong></span> <span class='ocrx_word' id='word_1_770' title='bbox 2420 5203 2738 5262; x_wconf 87' lang='lat' dir='ltr'><strong>memoriam</strong></span> <span class='ocrx_word' id='word_1_771' title='bbox 2788 5202 2967 5257; x_wconf 92' lang='lat' dir='ltr'><strong>denuo</strong></span> <span class='ocrx_word' id='word_1_772' title='bbox 3016 5200 3378 5256; x_wconf 75' lang='lat' dir='ltr'><strong>revocandum</strong></span> <span class='ocrx_word' id='word_1_773' title='bbox 3431 5208 3537 5263; x_wconf 83' lang='lat' dir='ltr'><strong>est,</strong></span> 
     </span>
    </p>
   </div>
   <div class='ocr_carea' id='block_1_111' title="bbox 1958 5294 3536 5374">
    <p class='ocr_par' dir='ltr' id='par_1_111' title="bbox 1958 5294 3536 5374">
     <span class='ocr_line' id='line_1_111' title="bbox 1958 5294 3536 5374; baseline -0.01 -18"><span class='ocrx_word' id='word_1_774' title='bbox 1958 5303 2103 5374; x_wconf 88' lang='lat' dir='ltr'><strong>quod</strong></span> <span class='ocrx_word' id='word_1_775' title='bbox 2166 5301 2428 5371; x_wconf 91' lang='lat' dir='ltr'><strong>scriptum</strong></span> <span class='ocrx_word' id='word_1_776' title='bbox 2486 5307 2669 5352; x_wconf 77' lang='lat' dir='ltr'><strong>exstat</strong></span> <span class='ocrx_word' id='word_1_777' title='bbox 2706 5307 2900 5367; x_wconf 89' lang='lat' dir='ltr'><strong>quarto</strong></span> <span class='ocrx_word' id='word_1_778' title='bbox 2934 5295 3139 5366; x_wconf 80' lang='lat' dir='ltr'><strong>Regum</strong></span> <span class='ocrx_word' id='word_1_779' title='bbox 3194 5313 3208 5350; x_wconf 88' lang='lat'>:</span> <span class='ocrx_word' id='word_1_780' title='bbox 3260 5294 3339 5348; x_wconf 89' lang='lat' dir='ltr'><strong>sic</strong></span> <span class='ocrx_word' id='word_1_781' title='bbox 3392 5294 3536 5344; x_wconf 81' lang='lat' dir='ltr'><strong>enim</strong></span> 
     </span>
    </p>
   </div>
   <div class='ocr_carea' id='block_1_112' title="bbox 1958 5386 3535 5461">
    <p class='ocr_par' dir='ltr' id='par_1_112' title="bbox 1958 5386 3535 5461">
     <span class='ocr_line' id='line_1_112' title="bbox 1958 5386 3535 5461; baseline -0.007 -13"><span class='ocrx_word' id='word_1_782' title='bbox 1958 5393 2117 5448; x_wconf 79' lang='lat' dir='ltr'><strong>facile</strong></span> <span class='ocrx_word' id='word_1_783' title='bbox 2146 5390 2499 5461; x_wconf 80' lang='lat' dir='ltr'><strong>intelligimus</strong></span> <span class='ocrx_word' id='word_1_784' title='bbox 2538 5390 2667 5457; x_wconf 86' lang='lat' dir='ltr'><strong>quid</strong></span> <span class='ocrx_word' id='word_1_785' title='bbox 2715 5388 2819 5444; x_wconf 86' lang='lat' dir='ltr'><strong>sibi</strong></span> <span class='ocrx_word' id='word_1_786' title='bbox 2863 5388 3029 5443; x_wconf 84' lang='lat' dir='ltr'><strong>verba</strong></span> <span class='ocrx_word' id='word_1_787' title='bbox 3072 5388 3301 5441; x_wconf 89' lang='lat' dir='ltr'><strong>recitata</strong></span> <span class='ocrx_word' id='word_1_788' title='bbox 3348 5386 3535 5440; x_wconf 82' lang='lat' dir='ltr'><strong>velint.</strong></span> 
     </span>
    </p>
   </div>
   <div class='ocr_carea' id='block_1_113' title="bbox 1958 5477 3533 5553">
    <p class='ocr_par' dir='ltr' id='par_1_113' title="bbox 1958 5477 3533 5553">
     <span class='ocr_line' id='line_1_113' title="bbox 1958 5477 3533 5553; baseline -0.008 -15"><span class='ocrx_word' id='word_1_789' title='bbox 1958 5490 2097 5540; x_wconf 83' lang='lat' dir='ltr'><strong>Osee</strong></span> <span class='ocrx_word' id='word_1_790' title='bbox 2141 5483 2309 5553; x_wconf 82' lang='lat' dir='ltr'><strong>igitur</strong></span> <span class='ocrx_word' id='word_1_791' title='bbox 2355 5481 2499 5536; x_wconf 84' lang='lat' dir='ltr'><strong>ﬁlius</strong></span> <span class='ocrx_word' id='word_1_792' title='bbox 2545 5479 2640 5535; x_wconf 84' lang='lat' dir='ltr'><strong>Eia</strong></span> <span class='ocrx_word' id='word_1_793' title='bbox 2691 5480 2949 5550; x_wconf 83' lang='lat' dir='ltr'><strong>regnavit</strong></span> <span class='ocrx_word' id='word_1_794' title='bbox 2997 5480 3051 5532; x_wconf 94' lang='lat' dir='ltr'><strong>in</strong></span> <span class='ocrx_word' id='word_1_795' title='bbox 3094 5477 3339 5533; x_wconf 79' lang='lat' dir='ltr'><strong>Samaria</strong></span> <span class='ocrx_word' id='word_1_796' title='bbox 3377 5490 3533 5542; x_wconf 80' lang='lat' dir='ltr'><strong>super</strong></span> 
     </span>
    </p>
   </div>
   <div class='ocr_carea' id='block_1_114' title="bbox 1959 5563 3533 5644">
    <p class='ocr_par' dir='ltr' id='par_1_114' title="bbox 1959 5563 3533 5644">
     <span class='ocr_line' id='line_1_114' title="bbox 1959 5563 3533 5644; baseline -0.009 -15"><span class='ocrx_word' id='word_1_797' title='bbox 1959 5575 2124 5632; x_wconf 88' lang='lat' dir='ltr'><strong>Israel</strong></span> <span class='ocrx_word' id='word_1_798' title='bbox 2161 5575 2202 5606; x_wconf 83' lang='grc'>¹¹</span> <span class='ocrx_word' id='word_1_799' title='bbox 2240 5593 2254 5630; x_wconf 89' lang='lat'><strong>:</strong></span> <span class='ocrx_word' id='word_1_800' title='bbox 2290 5574 2356 5628; x_wconf 84' lang='lat' dir='ltr'><strong>ad</strong></span> <span class='ocrx_word' id='word_1_801' title='bbox 2388 5587 2549 5644; x_wconf 87' lang='lat' dir='ltr'><strong>quem</strong></span> <span class='ocrx_word' id='word_1_802' title='bbox 2573 5571 2792 5627; x_wconf 84' lang='lat' dir='ltr'><strong>nuntios</strong></span> <span class='ocrx_word' id='word_1_803' title='bbox 2839 5570 2987 5626; x_wconf 90' lang='lat' dir='ltr'><strong>misit</strong></span> <span class='ocrx_word' id='word_1_804' title='bbox 3033 5566 3384 5623; x_wconf 87' lang='lat' dir='ltr'><strong>Salmanasar</strong></span> <span class='ocrx_word' id='word_1_805' title='bbox 3429 5563 3533 5616; x_wconf 86' lang='lat' dir='ltr'><strong>As-</strong></span> 
     </span>
    </p>
   </div>
   <div class='ocr_carea' id='block_1_115' title="bbox 1958 5658 3531 5739">
    <p class='ocr_par' dir='ltr' id='par_1_115' title="bbox 1958 5658 3531 5739">
     <span class='ocr_line' id='line_1_115' title="bbox 1958 5658 3531 5739; baseline -0.008 -17"><span class='ocrx_word' id='word_1_806' title='bbox 1958 5673 2161 5739; x_wconf 81' lang='lat' dir='ltr'><strong>syrius,</strong></span> <span class='ocrx_word' id='word_1_807' title='bbox 2218 5674 2475 5723; x_wconf 88' lang='lat' dir='ltr'><strong>consueta</strong></span> <span class='ocrx_word' id='word_1_808' title='bbox 2537 5678 2767 5720; x_wconf 82' lang='lat' dir='ltr'><strong>munera</strong></span> <span class='ocrx_word' id='word_1_809' title='bbox 2814 5661 3142 5734; x_wconf 76' lang='lat' dir='ltr'><strong>imperiosus</strong></span> <span class='ocrx_word' id='word_1_810' title='bbox 3189 5658 3415 5730; x_wconf 81' lang='lat' dir='ltr'><strong>exigens</strong></span> <span class='ocrx_word' id='word_1_811' title='bbox 3472 5669 3531 5711; x_wconf 83' lang='lat' dir='ltr'><strong>ac</strong></span> 
     </span>
    </p>
   </div>
  </div>
