4068 6544
567 374 666 431 191

1557 370 1616 428 S.
1657 370 1929 429 CYRILLI
1970 371 2442 429 ALEXANDRINI
2484 373 2801 430 ARCHIEP.

3727 368 3847 422 l9!

566 485 953 556 propemodan
1013 482 1180 538 etiam
1236 483 1448 539 tributa
1502 484 1686 540 Israeli
1737 487 2015 556 imponere
2054 500 2143 539 cn-

2250 488 2371 558 ούχὶ
2418 489 2511 543 καὶ
2559 487 2914 559 δασμολογεῖν
2963 485 3163 541 ἐθέλων
3213 485 3304 537 τὸν
3359 484 3593 556 Ἰσραήλ.
3657 484 3717 536 '0
3780 482 3845 534 δι

568 575 746 646 piens.
781 573 938 644 113
963 572 1105 629 Osee
1121 574 1384 631 servitute
1405 586 1650 630 recusata
1682 577 1748 630 ad
1780 578 2144 633 resistendum

568 679 697 721 sese
724 665 1076 736 comparabat
1104 704 1120 731 ,
1146 665 1190 720 si
1249 665 1390 722 forte
1440 670 1506 722 ad
1538 683 1687 724 arma
1725 670 1975 726 Israelem
2005 686 2150 727 com-

577 754 825 824 pelleret.
888 756 1087 813 Deinde
1166 758 1233 812 ad
1300 757 1472 827 Segor
1524 758 1906 831 Egyptiorum
1968 776 2147 832 regem

570 850 772 905 auxilia
819 850 1045 918 petitum
1083 849 1251 915 misit,
1284 853 1427 920 quod
1453 867 1510 906 se
1559 853 1652 907 illo
1680 854 2007 922 adiuvante,
2042 855 2140 909 As-

569 940 720 1009 syrio
749 941 1083 1007 superiorem
1133 940 1250 996 fore
1285 942 1605 1000 confideret.
1632 941 1713 999 0h
1750 943 2149 1015 hocAssyrius

569 1029 776 1097 ingenti
804 1030 989 1087 dolore
1036 1040 1092 1087 et
1139 1032 1427 1088 iracundia
1462 1034 1785 1103 cert‘citatus,
1823 1035 2027 1090 bellum
2066 1034 2147 1091 ιιι

574 1120 705 1175 raeli
739 1120 889 1185 facit,
919 1130 974 1175 et
1003 1120 1140 1177 Osee
1172 1124 1334 1193 capit,
1379 1131 1433 1177 et
1470 1140 1592 1178 cum
1636 1141 1702 1181 eo
1751 1135 1938 1196 captus
1985 1126 2149 1181 Israel

575 1210 824 1267 Samaria
918 1214 1190 1281 emigrare
1256 1216 1485 1283 Cogitur.
1562 1216 1748 1286 Itaque
1811 1217 1991 1273 factus
2066 1228 2150 1273 est

572 1300 826 1371 Epitraim
860 1314 919 1357 ut
950 1305 1201 1360 columba
1239 1305 1712 1375 insipientissima,
1767 1323 1872 1364 non
1922 1310 2060 1365 bene
2094 1318 2150 1366 et

570 1403 872 1463 opportune
897 1397 1144 1466 simplex.
1183 1397 1413 1452 Proinde
1441 1409 1496 1453 et
1544 1399 1813 1464 Christus,
1858 1420 1878 1452 ι
1928 1400 2142 1467 Estote,

573 1487 771 1556 inquit,
801 1490 1096 1558 prudentes
1123 1490 1269 1547 sicut
1294 1499 1593 1559 serpentes,
1626 1501 1681 1548 et
1704 1493 1979 1563 simplices
2010 1495 2151 1549 sicut

2255 579 2506 632 ἀνένευσε
2539 579 2640 650 τὴν
2674 576 2943 640 δουλείαν,
2985 575 3218 647 ἐμελέτα
3249 575 3305 628 δέ
3347 573 3547 644 μᾶλλον
3592 572 3694 642 τὴν
3737 572 3847 624 ἀνι

2253 670 2521 734 τίστασιν,
2565 669 2672 725 κᾶν
2722 672 2770 723 εί
2821 669 2996 722 ἐλοιτο
3046 667 3209 738 τυχὸν
3237 666 3328 720 τὸν
3383 664 3639 734 πολέμου
3670 664 3843 733 νόμον

2252 755 2625 827 ἐπιθέσθαιτῷ
2660 757 2897 828 Ἰσραήλ.
2933 752 3071 813 Εἶτα
3094 755 3230 828 πρὸς
3246 754 3444 827 Σηγὼρ
3472 752 3845 824 ἐπρεσϐεύετο

2251 847 2345 900 τὸν
2388 847 2666 916 Δίγύπτου
2730 848 3029 919 τύραννον,
3072 848 3392 919 ἐπιχωρίαν
3433 847 3623 901 αίτῶν.
3670 844 3843 915 ᾮήθη

2254 939 2384 1011 γὰρ,
2415 941 2497 993 ὅτι
2524 939 2806 1011 περιέσται
2842 942 2939 994 σὺν
2972 939 3125 1011 αὐτῷ
3150 941 3249 1011 τῆς
3280 938 3585 1010 Ἀσσυρίων
3629 936 3841 1008 χειρός.

2242 1030 2399 1102 Πρὸς
2427 1030 2590 1084 τοῦτο
2623 1031 2681 1085 δέ
2721 1031 2959 1103 μάλιστα
2998 1031 3373 1102 λελυπημένος
3415 1031 3649 1094 ἐκεῖνος,
3682 1027 3845 1080 πόλεο

2258 1139 2358 1193 μον
2382 1124 2791 1195 ἀἴρεται.κατὰ
2841 1125 2956 1181 τοῦ
2981 1124 3214 1197 Ἰσραήλ.
3250 1119 3384 1176 Εἶτα
3420 1122 3646 1191 γέγονεν
3690 1117 3846 1189 αὑτῷ

2254 1217 2440 1282 δοῦλος
2500 1218 2694 1290 Ὠσηὲ,
2742 1219 3078 1290 δορύληπτος
3114 1218 3180 1271 δὲ·
3229 1218 3326 1271 σὺν
3352 1214 3510 1285 ἀὐτῷ
3544 1214 3638 1267 καὶ
3675 1211 3845 1276 αὐτὸς

2254 1309 2569 1381 ἀπῳκίζετο
2600 1312 2701 1382 τῆς
2728 1311 3044 1382 Σαμαρείας
3071 1311 3100 1363 ὁ
3129 1306 3590 1380 Ἰσραήλ.ούκοῦν
3613 1305 3844 1374 γέγονεν

2268 1402 2508 1473 Ἐφραῒμ
2547 1403 2624 1466 ὼς
2648 1403 2953 1472 ἁνουστάτη
2990 1400 3312 1473 περιστερὰ,
3342 1399 3443 1452 οὐκ
3472 1398 3566 1450 ἐπὶ
3598 1395 3752 1466 καλῷ
3782 1395 3846 1449 τὸ

2254 1495 2511 1566 ἀκέραιον
2547 1494 2706 1566 ἔχων.
2744 1496 3035 1566 Τοιγάρτοι
3065 1494 3161 1548 καὶ
3204 1496 3234 1546 ό
3263 1490 3519 1562 Χριστὸς,
3549 1509 3567 1541 ι
3586 1487 3841 1551 Γίνεσθε,

576 1579 845 1634 columbae
876 1580 939 1633 ¹².
1000 1579 1225 1635 Morum-
1245 1582 1444 1650 quippe
1468 1582 1785 1652 simplicitas
1808 1599 1930 1639 cum
1968 1584 2143 1639 animo

2255 1588 2411 1659 φησι,
2438 1582 2857 1657 φρόνιμοι-ὡσεὶ
2887 1586 3061 1655 διρεις,
3095 1586 3188 1638 καὶ
3209 1584 3460 1653 ἀκέραιοι
3495 1582 3571 1644 ὡς
3590 1580 3649 1634 αί
3678 1596 3844 1650 περι-

575 1670 787 1725 liberali
819 1671 1013 1729 merito
1042 1674 1262 1728 maximi
1291 1672 1535 1728 facienda
1562 1682 1667 1730 est.
1697 1675 1941 1730 Absente
1966 1683 2143 1731 autem

2257 1676 2467 1748 στεραί.
2499 1694 2518 1727 ι
2546 1674 2814 1745 ’Δπλότης
2860 1674 2959 1745 μὲν
2992 1673 3101 1746 γὰρ
3129 1672 3299 1743 ἠθῶν,
3328 1672 3422 1725 καὶ
3446 1670 3517 1723 ζτὸ
3549 1668 3842 1739 ἐλεύθερον

574 1764 886 1832 prudentia,
920 1764 1243 1833 simplicitas
1278 1766 1762 1833 detrimentosa,et
1796 1768 2029 1822 stultitia
2073 1769 2141 1825 de

2257 1769 2532 1840 φρόνημα,
2561 1767 2751 1836 γένοιτ’
2778 1767 2845 1822 ἂν
2879 1768 3104 1831 εἰκότως
3124 1766 3218 1819 τοῦ
3239 1764 3442 1827 παντὸς
3474 1763 3628 1828 ἀξιον
3652 1762 3840 1831 λόγου.

572 1865 775 1910 caetero
840 1858 1110 1914 censenda
1173 1867 1274 1914 est.
1327 1859 1594 1929 insipiens
1657 1861 1820 1930 igitur
1869 1860 2143 1930 Epitraim.

2250 1860 2525 1924 Συνέσεως
2561 1860 2619 1913 δὲ
2654 1859 2937 1929 ἀπούσης,
2991 1859 3054 1912 τὸ
3109 1858 3315 1913 ἁπλοῦν
3365 1856 3693 1928 ἐπιδήμιον,
3742 1854 3841 1907 καὶ

573 1946 818 2013 Quonam
852 1949 1067 2005 tandem
1097 1949 1254 2004 modo
1275 1949 1298 2003 ?
1323 1949 1612 2006 invocabat
1645 1953 1791 2007 enim
1834 1951 2141 2023 Egyptios,

2254 1952 2436 2023 μωρία
2476 1950 2538 2004 τὸ
2568 1951 2759 2022 χρῆμα
2790 1949 2997 2005 λοιπόν.
3034 1950 3232 2013 ’Δνους
3263 1947 3329 2019 δὴ
3366 1943 3460 2001 οὖν
3497 1949 3525 2001 ὁ
3571 1943 3841 2016 Ἐφραῒμ,

570 2037 669 2094 sed
705 2037 813 2093 ibat
838 2040 1079 2107 captivus
1106 2039 1172 2097 ad
1201 2038 1627 2109 Assyrios,.cum
1665 2038 1839 2111 Segor
1879 2042 2143 2097 auxilium

2248 2042 2389 2107 πῶς,
2437 2043 2470 2114 ἢ
2506 2044 2647 2097 τίναλ
2677 2043 2908 2115 τρόπον;
2950 2040 3305 2095 Ἐπεκαλεῖτο
3362 2039 3460 2110 μὲν
3508 2038 3622 2108 γὰρ
3663 2037 3873 2105 Αἰγυ-’

571 2139 863 2198 apportare
889 2146 996 2185 non
1022 2130 1245 2186 valeret.
1268 2130 1336 2187 Et
1360 2133 1634 2201 quomodo
1672 2148 1777 2189 non
1816 2134 2139 2204 expediebat

2251 2133 2463 2196 πτίους.
2507 2132 2647 2187 Ἀλλ’
2681 2132 2927 2196 ἐϐάδιζον
2958 2128 3295 2200 αἰχμάλωτοι
3320 2127 3458 2199 πρὸς
3486 2125 3837 2196 Ἀσσυρίους,

568 2236 867 2290 supernum
899 2222 1101 2293 potius,
1141 2222 1598 2293 inexpugnabile,
1645 2240 1808 2295 quam
1850 2226 2143 2281 humanum

2249 2225 2611 2297 ἀτονήσαντος
2656 2225 2736 2287 είς
2768 2221 3092 2293 ἐπικουρίαν
3120 2218 3220 2273 τοῦ
3272 2215 3487 2289 Σηγὼρ.
3536 2213 3673 2278 Είτα
3720 2214 3838 2280 πῶς

568 2327 817 2383 quaerere
843 2313 1196 2382 praesidium?
1231 2314 1467 2373 Proinde
1493 2324 1547 2370 et
1587 2316 1966 2373 universorum
1997 2317 2141 2375 Deus

2249 2319 2350 2372 ούκ
2379 2319 2604 2388 ἄμεινον
2624 2312 2704 2386 λῆν
2745 2314 2893 2386 αὐτῷ
2944 2314 3019 2385 μὴ
3049 2313 3146 2385 τὴν
3178 2312 3238 2377 ἐξ
3270 2308 3575 2383 ἀνθρώπων
3607 2307 3838 2379 μᾶλλον,

568 2418 668 2473 per
700 2403 931 2460 lsaiam:
971 2423 989 2457 ι
1029 2405 1117 2460 ναξ
1142 2404 1234 2474 qui
1262 2405 1599 2462 descendunt
1652 2407 1707 2475 in
1745 2406 2042 2487 {Egyptum
2074 2410 2141 2465 ad

570 2494 857 2560 auxilium.
874 2497 927 2551 iu
951 2497 1106 2566 equis
1123 2498 1459 2555 confidentes
1478 2508 1532 2553 et
1555 2498 1606 2553 in
1625 2499 1874 2555 curribus
1888 2500 1954 2554 ¹³.
1984 2520 2005 2555 ι
2032 2501 2147 2557 Non

569 2594 751 2641 autem
782 2586 987 2657 absque
1010 2586 1194 2643 divino
1219 2596 1354 2643 nutu
1381 2588 1585 2644 auxilia
1609 2589 1849 2659 ipsorum
1878 2590 2150 2648 defecisse

567 2679 824 2742 ostendit,
874 2695 996 2734 cum
1056 2680 1261 2747 aitse,
1328 2695 1657 2751 quocunque
1706 2682 1939 2747 iveriut,
1976 2683 2151 2739 instar

570 2770 1005 2837 passerculorum
1038 2786 1130 2825 eos
1192 2772 1569 2826 detracturum
1601 2810 1616 2834 ,
1668 2771 1814 2827 velut
1868 2787 2146 2843 sagenam,

567 2868 666 2912 aut
692 2868 807 2915 rete
850 2859 1285 2929 superjaciendo,
1322 2876 1420 2917 nec
1475 2861 1723 2918 sinendo
1747 2864 2005 2933 gloriari;
2044 2866 2148 2921 sed

570 2949 717 3004 velut
744 2964 812 3004 ex
840 2948 950 3003 alte
984 2950 1036 3004 in
1072 2959 1293 3018 terram,
1320 2952 1425 3008 hoc
1452 2962 1559 3020 est,
1593 2967 1624 3008 a
1668 2956 1885 3010 sublimi
1914 2966 1970 3013 et
2002 2958 2145 3016 elato

568 3040 862 3109 supercilio
910 3041 977 3095 ad
1038 3041 1297 3112 lugubres
1346 3053 1403 3100 et
1449 3046 1724 3101 modestas
1763 3049 2144 3119 cogitationes,

565 3140 624 3187 et
650 3147 771 3201 qua:
800 3133 1044 3188 hostibus
1074 3133 1345 3201 subjectos
1374 3136 1600 3191 deceant
1624 3136 1960 3194 deducendo.
1994 3140 2147 3197 Sub-

561 3222 765 3291 iungit,
805 3240 824 3275 ι
860 3221 1164 3293 Corripiam
1196 3240 1293 3281 eos
1340 3226 1394 3282 in
1436 3227 1625 3283 auditu
1662 3229 2030 3288 tribulationis
2063 3235 2145 3305 ip-

566 3330 772 3379 sorum,
810 3334 830 3368 ι
870 3315 998 3370 illud
1030 3316 1342 3385 signiﬁcare
1375 3317 1591 3384 volens,
1613 3330 1671 3374 ut
1712 3322 1845 3377 mibi
1900 3324 2141 3383 videtur.

568 3406 895 3463 Futurorum
929 3407 1099 3476 ipsam
1122 3408 1519 3477 experientiam
1571 3426 1819 3469 rumores
1848 3415 2142 3471 antecede-

566 3498 721 3561 bant,
750 3506 804 3552 et
836 3497 1040 3553 auditio
1079 3498 1343 3553 terribilis
1388 3513 1583 3554 omnes
1627 3501 1680 3554 in
1723 3500 1969 3558 Samaria
2008 3520 2143 3559 con-

565 3590 867 3647 sternebat.
900 3589 1353 3659 Corripiebantur
1386 3592 1600 3659 itaque,
1658 3592 1887 3663 jamjam
1919 3595 2052 3663 ipsis
2086 3595 2141 3650 in

564 3682 874 3739 cervicibus
903 3681 1140 3736 futuram
1190 3680 1619 3753 tribulationem,
1647 3686 1953 3740 audientes.
1993 3685 2145 3753 Quod

564 3771 611 3823 si
644 3768 979 3838 sapuissent,
1012 3776 1069 3823 et
1125 3768 1227 3823 hoc
1276 3768 1382 3824 illis
1409 3771 1476 3825 ad
1530 3772 1941 3829 conversionem
1984 3774 2148 3829 suffe-

563 3861 755 3917 cisset.
793 3860 901 3916 Sed
930 3875 1052 3915 cum
1085 3860 1155 3915 ab
1180 3862 1501 3932 accipiendo
1555 3864 1747 3920 dolore
1766 3875 1952 3922 essent
2008 3853 2144 3921 alie—

563 3952 800 4018 nissimi,
830 3967 897 4007 ne
930 3951 1044 4021 ipsa
1074 3952 1291 4022 quidem
1321 3954 1659 4023 experientia
1685 3965 1815 4010 sunt
1855 3956 2145 4021 commoti,

564 4046 748 4103 animo
767 4043 1054 4113 praefracto
1081 4053 1136 4099 et
1156 4043 1352 4112 ferreo,
1371 4055 1428 4103 et
1454 4048 1523 4103 ab
1554 4048 1932 4105 incredulitate
1953 4048 2147 4105 allecto

561 4151 825 4210 pessime.
938 4189 949 4195 -

2246 2407 2386 2463 ἀλλά
2412 2408 2510 2479 τὴν
2539 2406 2745 2462 ἀνωθεν
2775 2403 2871 2459 καὶ
2923 2401 3371 2470 ἀκαταγώνιστον
3400 2396 3635 2471 ζητῆσαι
3671 2411 3835 2466 φρον·

2248 2501 2403 2569 τίδα;
2433 2500 2729 2571 Τοιγάρτοι
2758 2498 2856 2553 κο.)⁸
2894 2496 3133 2565 ἔφασκεν
3179 2495 3209 2549 ό
3252 2493 3363 2548 τῶν
3393 2491 3530 2549 ὅλων
3576 2487 3713 2551 Θεὸς
3750 2486 3835 2541 διὸ

2250 2592 2437 2664 φωνῆς
2463 2592 2710 2649 Ἠσαίου·
2765 2609 2785 2644 ι
2819 2590 2955 2645 Οὐαὶ
2987 2591 3036 2643 οἱ
3070 2585 3494 2647 καταϐαίνοντες
3535 2584 3617 2645 εἰς
3661 2579 3836 2649 Δίγυ-

2248 2701 2382 2738 πτον
2410 2683 2502 2738 ἐπὶ
2529 2681 2805 2754 βοήθειαν,
2857 2682 2908 2736 ei
2931 2679 3018 2748 ἐφ’
3050 2679 3239 2741 ἵπποις
3272 2674 3594 2736 πεποιθότες
3623 2672 3722 2725 καὶ
3750 2670 3835 2739 ἐφ’

2249 2776 2511 2849 ἅρμασιν.
2546 2796 2564 2828 ι
2600 2776 2723 2830 Ὅτι
2750 2774 2807 2828 δέ
2847 2773 2909 2827 ού
2954 2772 3076 2842 δίχα
3105 2769 3241 2827 Θεοῦ
3279 2768 3374 2823 καὶ
3412 2769 3446 2839 ὴ
3477 2766 3588 2820 τῶν
3617 2766 3851 2845 ἐπαμυον

2248 2871 2446 2924 νόντων
2473 2869 2658 2932 αὐτοῖς
2696 2865 2967 2938 ⁴ἠσθένησε
3006 2864 3155 2936 χεὶρ,
3200 2862 3472 2932 δέδειχεν,
3518 2859 3715 2921 εἰπὼν,
3761 2855 3833 2918 ὡς

2246 2963 2480 3034 ὅποιπερ
2510 2960 2579 3014 ἂν
2619 2957 2957 3030 πορεύωνται
2980 2995 2996 3019 ,
3038 2953 3337 3026 στρουθίων
3370 2950 3569 3014 αὐτοὺς
3608 2944 3833 3011 κατάξει

2246 3052 2423 3124 δίκην,
2445 3050 2661 3106 δίκτυον
2690 3049 2881 3121 ὥσπερ
2906 3049 2939 3121 ἢ
2967 3047 3111 3102 λίνον
3140 3044 3468 3107 ἐπιϐάλλων,
3506 3041 3602 3095 καὶ
3635 3037 3833 3104 ἀλαζο-

2250 3144 2501 3199 νεύεσθαι
2557 3143 2656 3215 μὲν
2705 3142 2805 3195 ούκ
2859 3140 3053 3209 ἐφιεὶς,
3107 3134 3495 3206 κατακομίζων
3535 3132 3593 3187 δέ
3643 3130 3834 3200 ὥσπερ

2251 3236 2447 3307 ὑψόθεν
2473 3238 2552 3299 είς
2579 3235 2702 3306 γῆν,
2725 3232 3027 3295 τουτέστιν,
3067 3230 3127 3298 ἐξ
3158 3227 3362 3301 ὀφρύος
3384 3226 3485 3295 τῆς
3522 3226 3666 3293 ἄγαν
3695 3222 3833 3292 tith-

2247 3325 2349 3394 λῆς
2390 3324 2484 3378 καὶ
2523 3322 2842 3394 ἐπηρμένης
2889 3322 2972 3384 είς
3010 3318 3225 3389 οἰκτρὸν
3284 3316 3380 3371 καὶ
3436 3313 3659 3385 μέτριον
3698 3309 3833 3381 φρῦο

2248 3429 2423 3484 νημα,
2453 3413 2547 3468 καὶ
2569 3413 2704 3485 ὅπερ
2727 3411 2793 3483 ἂν
2824 3409 3023 3482 πρέπει
3050 3410 3165 3470 τοῖς
3206 3407 3312 3461 ὑπὸ
3351 3406 3511 3477 χεῖρα
3550 3400 3834 3470 γεγονόσιν

2246 3500 2477 3574 ἐχθρῶν.
2514 3495 2651 3555 Εἶτά
2695 3514 2884 3570 φησιν,
2917 3499 2998 3552 ὃτι
3040 3515 3061 3553 ι
3101 3493 3386 3551 Παιδεύσω
3422 3492 3620 3557 αὐτοὺς
3658 3492 3716 3543 ἐν
3770 3490 3834 3559 τῇ

2247 3595 2387 3665 ἀκοῇ
2441 3592 2541 3664 τῆς
2595 3591 2827 3662 θλίψεως
2860 3588 3062 3652 αὐτῶν,
3104 3606 3123 3640 ι
3174 3585 3351 3642 ἐκεῖνό
3405 3601 3531 3649 που,
3579 3580 3832 3651 καθάπερ

2253 3678 2488 3753 ἐγῷμαι,
2532 3680 2727 3751 δηλοῦν
2777 3679 2996 3733 ἐθέλων.
3038 3675 3403 3751 Προεὸάδιζον
3435 3674 3534 3745 μὲν
3584 3671 3697 3742 γὰρ
3738 3670 3832 3739 τῆς

2239 3774 2451 3845 ,πείρας
2474 3773 2642 3841 αὐτῇς
2672 3770 2783 3824 τῶν
2802 3769 3076 3843 ἐσομένων
3094 3768 3142 3822 οἱ
3166 3766 3407 3838 θρύλλοι,
3429 3763 3526 3816 καὶ
3551 3759 3831 3833 φρικώδης

2238 3865 2389 3937 ἀκοὴ
2433 3863 2721 3925 κατεπτόει
2754 3879 2857 3916 που
2913 3863 3123 3926 πάντας
3171 3863 3229 3915 ἐν
3275 3855 3577 3929 Σαμαρείᾳ.
3619 3849 3832 3908 Οὐκοῦν

2246 3955 2631 4021 ἐπαιδεύοντο,
2663 3954 2762 4025 τὴν
2801 3955 2925 4008 ὅσον
2956 3952 3180 4019 οὐδέπω
3223 3949 3604 4023 παρεσομένην
3646 3946 3830 4011 αὐτοῖς

2246 4048 2535 4112 ἀκούοντες
2569 4046 2775 4117 θλίψιν.
2815 4046 2955 4100 Ἀλλ’
3009 4045 3166 4116 είπερ
3214 4039 3357 4115 ἦσαν
3390 4042 3566 4111 σοφοὶ,
3597 4040 3829 4111 ἤρκεσεν

2249 4140 2317 4195 ἂν
2344 4141 2528 4204 αὐτοῖς
2557 4140 2637 4203 είς
2677 4138 3016 4210 ἐπιστροφὴν
3046 4137 3142 4191 καὶ
3174 4134 3350 4189 τοῦτο.
3396 4134 3740 4205 Δυσάλγητοι
3773 4129 3827 4183 δὲ

558 4194 714 4293 ἱντες
768 4226 914 4292 λίαν,
942 4194 1071 4280 Ϋοῦδὲ
1115 4194 1227 4299 ἐῆνΔ
1266 4200 1460 4298 πεῖραν
1508 4214 1687 4301 αὐτὴν
1735 4226 2171 4302 δεδυσώπηνται,
2212 4232 2445 4308 σκληρόν
2489 4194 2552 4286 τε
2595 4194 2692 4286 καὶ
2757 4194 3094 4302 ἄθραυστον,
3144 4228 3242 4281 καὶ
3289 4194 3732 4299 πολῦινοσοῦντα
3772 4219 3827 4275 τὸ

555 4320 786 4384 ἀπειθὲς
812 4318 1026 4390 ἔχοντες
1057 4317 1202 4373 νοῦν.

633 4411 800 4466 Vsns.
966 4408 1051 4464 γω
1084 4409 1186 4471 eis,
1221 4408 1472 4479 quoniam
1506 4408 1805 4465 resilierunt
1833 4428 1865 4466 a
1897 4428 1997 4468 me.
2034 4412 2143 4469 Mi-

2323 4411 2467 4468 Οὐαί
2509 4411 2737 4477 αὐτοῖς,
2771 4410 2861 4464 ὅτι
2884 4386 3301 4477 ’ἀπεπήδησαν
3349 4405 3452 4461 ἀπ’
3491 4404 3662 4477 ἐμοῦ.
3708 4404 3824 4458 Ast-

560 4504 667 4561 seri
702 4510 852 4564 sunt,
882 4501 1133 4571 quoniam
1168 4500 1324 4568 impie
1356 4510 1572 4568 egerunt
1606 4498 1661 4553 in
1696 4517 1796 4555 me.

632 4590 1107 4649 LXXXI.Causam
1132 4590 1391 4645 malorum
1418 4588 1583 4646 fuisse
1606 4589 1738 4659 ipsis
1759 4591 2143 4651 discessionem

558 4704 592 4744 a
627 4689 754 4753 Deo,
781 4685 944 4765 etiam
974 4684 1057 4740 his
1100 4682 1286 4739 verbis
1336 4681 1529 4753 aperit.
1585 4680 1745 4755 114
1785 4674 2145 4751 ρίιθηιεάηιο-

557 4778 686 4833 dum
712 4776 855 4847 enim
882 4776 975 4846 qui
1004 4775 1325 4844 corporibus
1377 4780 1666 4839 aegrotant,
1699 4772 1801 4829 sibi
1831 4776 2141 4841 morborum

558 4866 923 4923 cruciamenta
957 4865 1251 4920 accersisse
1284 4863 1701 4928 convincuntur,
1740 4864 1785 4919 si
1824 4867 2063 4933 medicos
2091 4876 2143 4939 et

559 4959 952 5015 medicamenta
995 4956 1247 5011 sedandis
1292 4954 1661 5025 pellendisque
1704 4955 1978 5013 doloribus
2020 4950 2138 5013 ido-

559 5064 660 5107 nea
693 5048 1031 5119 respuerint;
1062 5047 1135 5102 ita
1164 5062 1261 5103 nos
1287 5062 1501 5117 quoque
1526 5049 1780 5103 charitati
1810 5064 1936 5119 erga
1970 5048 2135 5105 Deum

557 5149 771 5197 nosmet
805 5139 1214 5206 subtrahentes,
1252 5154 1356 5197 non
1392 5140 1736 5210 mediocriter
1767 5139 2131 5210 peccabimus.

556 5230 690 5287 Nam
728 5231 816 5301 qui
858 5230 1025 5285 Deum
1063 5229 1313 5295 oli'endit,
1352 5246 1474 5287 eum
1517 5232 1661 5302 quod
1688 5230 1909 5304 salvere
1947 5239 2133 5300 queat,

553 5322 688 5378 nihil
716 5332 819 5378 est.
851 5321 987 5389 Quia
1022 5322 1185 5392 igitur
1213 5338 1242 5376 a
1278 5324 1388 5379 Deo
1416 5322 1770 5393 aufugerunt,
1804 5321 2004 5377 idcirco
2036 5325 2135 5377 mi-

2245 4502 2410 4557 .latol
2434 4504 2614 4563 εἰσιν,
2657 4500 2744 4553 ὄτι
2770 4498 3091 4568 ἠσέϐησαν
3117 4498 3205 4561 είς
3240 4494 3364 4564 ἐμέ.

2316 4593 2443 4647 IIA'.
2462 4593 2585 4645 Ὅτι
2607 4592 2878 4664 πρόφασις
2899 4590 3083 4651 αὐτοῖς
3100 4586 3208 4640 τῶν
3226 4586 3415 4641 δεινῶν
3443 4585 3506 4638 τὸ
3524 4584 3821 4657 ἀποστῆναι

2243 4686 2401 4752 Θεοῦ,
2420 4688 2513 4739 καὶ
2528 4685 2615 4741 διὰ
2633 4685 2838 4740 τούτων
2863 4684 2994 4755 ἡμῖν
3015 4680 3336 4753 καθίστησιν
3360 4678 3821 4750 ἐναργές.⁹ονπερ

2244 4779 2354 4851 γὰρ
2382 4778 2583 4850 τρόπον
2630 4778 2681 4830 οἱ
2738 4772 3148 4847 ἀρρωστοῦντες
3194 4771 3566 4843 σωματικῶς,
3616 4772 3820 4833 ἑαυτοῖς

2246 4871 2526 4942 παραίτιοι
2556 4869 2841 4940 γεγονότες
2870 4869 2968 4938 τῆς
3004 4866 3113 4920 τῶν
3150 4864 3473 4936 νοσημάτων
3502 4863 3820 4935 ἀγριότητος

2244 4961 2421 5015 ἁλοῖεν
2458 4957 2543 5027 ἂν,
2584 4962 2633 5014 εί
2672 4959 2749 5030 μὴ
2789 4957 3161 5029 παραδέχοντο
3187 4955 3313 5017 τοὺς
3357 4954 3597 5024 ἰατροὺς,
3632 4954 3729 5008 καὶ
3758 4950 3817 5005 τὰ

2241 5051 2309 5105 δι’
2338 5043 2412 5105 ὧν
2455 5052 2521 5105 ἂν
2546 5050 2792 5107 δύναιντο
2844 5046 3273 5111 κατευνάζεσθαι
3311 5044 3371 5098 τὸ
3417 5043 3645 5098 λυποῦνο
3682 5042 3818 5098 οῦτω

2242 5144 2333 5197 καὶ
2358 5145 2518 5215 ἡμεῖς
2534 5144 2632 5215 τῆς
2652 5144 2732 5207 είς
2758 5142 2891 5197 Θεδν
2917 5140 3139 5211 ἀγάπης
3162 5136 3387 5201 ἑαυτοὺς
3413 5135 3814 5205 ἐκκομίζοντες,

2239 5234 2301 5287 οὐ
2329 5233 2563 5305 μετρίως
2595 5233 2963 5303 ἀδικήσωμεν.
2996 5230 3165 5297 Σώζει
3198 5230 3306 5300 γὰρ
3337 5227 3490 5281 οὐδὲν
3520 5227 3615 5280 τὸν
3641 5239 3812 5306 ’προσο

2233 5324 2497 5397 κρούοντα
2528 5324 2669 5396 Θεῷ.
2729 5326 2852 5379 Ὅτι
2899 5324 3077 5378 τοίνυν
3123 5321 3612 5393 ἀποδεδραμήκασι
3661 5314 3812 5377 Θεοῦ,

554 5414 662 5470 seri
709 5422 765 5469 et
809 5413 1098 5468 maledicti.
1140 5413 1276 5480 Quia
1313 5426 1446 5467 vero
1495 5412 1656 5482 impie
1702 5421 1950 5480 egerunt,
1993 5412 2133 5482 quod

2247 5404 2488 5487 ἐαύτῃτοι
2525 5414 2746 5469 δείλαιοι
2807 5416 2901 5468 καὶ
2930 5414 3221 5483 ἐπάρατοι.
3249 5407 3721 5480 Δεδυσσεόηκότες
3739 5404 3814 5466 δὲ,

551 5505 717 5564 faisos
746 5507 875 5563 deos
909 5507 1238 5571 adorarunt,
1271 5505 1594 5575 divinosque
1629 5505 1735 5559 illis
1772 5505 2007 5573 honores
2040 5506 2135 5561 tri-

550 5594 809 5662 buerunt,
835 5595 1188 5666 subjacebunt
1213 5609 1312 5649 vae.
1343 5613 1361 5645 ι
1392 5592 1606 5649 Etenim
1636 5595 1681 5651 si
1709 5594 1963 5654 clauserit
1990 5594 2134 5652 Deus

516 5752 538 5789 ’³
624 5770 665 5801 ’³
699 5770 887 5826 Matth.
922 5786 978 5836 ι,
1022 5770 1107 5825 16.
1189 5771 1232 5803 ⁸³
1258 5770 1364 5827 iss.
1398 5784 1548 5838 xui,
1587 5770 1637 5823 l.

2230 5504 2321 5559 διά
2349 5522 2413 5575 γε
2440 5506 2534 5559 τοῦ
2584 5498 2912 5578 προσκυνεῖν
2940 5507 3052 5569 τοῖς
3079 5503 3454 5575 ψευδωνύμως
3495 5501 3639 5563 θεοῖς
3664 5538 3679 5564 ,
3714 5494 3810 5550 καὶ

2232 5597 2498 5654 ἀνάπτειν
2535 5599 2716 5663 αὐτοῖς
2759 5598 2819 5653 τὸ
2870 5598 3056 5669 σέϐας,
3107 5596 3488 5652 ὑποκείσονται
3536 5592 3615 5665 τῷ
3673 5587 3808 5646 οὐαί.
