4068 6588
224 416 333 475 193

1144 413 1697 475 COMMENTARIUS
1730 412 1797 469 IN
1831 414 2062 474 OSEAM
2103 419 2551 479 PROPHETAM.

3397 420 3503 476 ιοι

231 554 249 586 ι
276 534 401 590 Ἐὰν
421 533 532 606 γὰρ
553 533 743 609 κλείσῃ
769 533 909 588 κατὰ
928 531 1221 606 ἀνθρώπου
1248 533 1403 599 Θεὸς,
1428 534 1512 598 τίς
1536 532 1767 601 ἀνοίξει;
1792 552 1810 586 ι

1923 545 2117 592 comra'
2142 540 2441 606 hominem,
2467 539 2592 609 quis
2621 537 2923 609 aperiet“?
2951 556 2971 591 ›
3004 546 3062 593 ut
3093 537 3359 609 scriptum
3395 548 3501 597 est.

225 626 366 680 κατὰ
394 627 455 679 τὸ
482 626 886 698 γεγραμμένον.

310 756 454 823 Ἐγὼ
483 754 553 808 δὲ
585 754 1022 823 Μυτρωσάμην
1051 754 1294 821 αὐτοὺς,
1335 753 1508 808 αὐτοὶ
1558 752 1627 806 δὲ
1672 769 1814 807 κατ-

222 846 545 915 adducar
584 850 711 902 κατ’
762 847 910 917 ἐμοῦ
954 845 1188 916 ψευδῆ,
1242 844 1343 898 καὶ
1390 846 1503 899 οὐκ
1550 844 1819 912 ἐϐόησαν

224 939 380 1006 πρός
539 941 598 992 ai
648 937 886 1007 καρδίαι
908 922 1142 999 αὐτῶν,
1168 926 1305 990 dtu"
1340 934 1377 1002 ἢ
1426 931 1729 994 ὼλόλυζον
1749 932 1819 986 ἐν

226 1028 363 1094 ταῖς
422 1029 653 1095 κοίταις
689 1028 911 1093 αὐτῶν,
954 1026 1052 1081 ἐπὶ
1090 1027 1235 1095 σίτῳ
1278 1024 1379 1079 καὶ
1415 1024 1561 1090 οϊνῳ
1584 1023 1818 1078 κατετέ-

223 1136 471 1189 prmo.

302 1252 432 1305 IIB’.
459 1251 581 1305 Ὅτι
601 1252 711 1314 τοῖς
734 1249 974 1303 ἑκάστου
999 1249 1294 1322 πλημμελή
1304 1268 1469 1321 μασιν
1499 1249 1818 1323 ίσομέτρους

226 1344 428 1413 ἐπάγει
472 1344 573 1406 τὰς
604 1343 782 1407 δίκας,
822 1343 1153 1414 ὕπεμφαίνει
1214 1343 1397 1397 πάλιν.
1440 1344 1817 1414 Κατειρήκασι

228 1435 343 1508 γὰρ
378 1435 474 1488 τοῦ
504 1435 928 1507 λυτρωσαμένου
966 1432 1129 1499 Θεοῦ,
1168 1435 1264 1489 καὶ
1296 1435 1354 1501 ἐξ
1395 1434 1543 1488 οἴκου
1574 1434 1818 1507 δουλείας

227 1529 591 1601 ἔξαγηοχότος
625 1548 644 1580 ι
675 1528 734 1581 ἐν
784 1528 929 1600 χειρὶ
1004 1528 1276 1600 κραταιᾷ,
1326 1527 1419 1599 κα).
1470 1528 1528 1581 ὲν
1573 1526 1817 1598 βραχίονι

230 1622 480 1692 ὑψηλῷ,ι
504 1619 648 1674 καθὰ
677 1618 1012 1691 γέγραπται,
1033 1620 1250 1691 καὶτῆς
1275 1618 1590 1689 Αἰγυπτίων
1619 1618 1814 1672 πλεον-

226 1711 385 1775 εξίας
445 1710 891 1779 ὲκκεκομικὸτος.
959 1708 1352 1779 Κατελάλησαν
1399 1707 1455 1761 δὲ
1510 1708 1609 1778 τῆς
1659 1708 1819 1778 δόξης

210 1799 422 1873 αὐτοῦ,
454 1799 550 1863 τὰς
575 1799 717 1871 ὑπὲρ
743 1793 819 1853 ὧν
858 1800 923 1853 ἂν
955 1799 1177 1854 πάθοιεν
1220 1798 1496 1869 εὐφημίας
1528 1801 1641 1863 τοῖς
1684 1800 1821 1854 ἀκα-

227 1891 454 1965 θάρτοις
500 1892 836 1952 ἀνάπτοντες
892 1890 1147 1963 δαίμοσι,
1194 1891 1289 1945 καὶ
1327 1891 1441 1954 τοῖς
1484 1890 1665 1961 ἔργοις
1710 1888 1820 1945 τῶν

224 1954 565 2057 χείρῶνντῶν
597 1982 761 2045 ίδίων,
784 1954 1037 2055 καθάπερ
1063 1954 1252 2054 ἀμέλει
1286 1954 1820 2054 μεμοσχοποιηκότες
1852 1954 1893 2011 Β

225 2075 375 2131 κατὰ
406 2074 507 2144 τὴν
528 2074 756 2147 ἔρημον,
795 2075 1079 2145 μονονουχὶ
1123 2075 1214 2128 τὸν
1265 2075 1550 2147 λυτρωτὴν
1592 2076 1821 2139 ἀνοσίως

224 2165 702 2239 περιυὸρίζοντες,
735 2164 795 2230 ἐξ
846 2165 1190 2236 ἀποπληξίας
1222 2164 1463 2233 ἔφασκον
1484 2183 1496 2196 ’
1528 2184 1544 2214 ι
1577 2158 1736 2220 Οὗτοι
1770 2167 1819 2219 οἱ

226 2260 347 2315 θεοί
377 2276 495 2325 σου,
531 2257 769 2329 Ἰσραὴλ,
801 2258 997 2321 οἵτινες
1025 2258 1302 2329 ἁνήγαγόν
1341 2274 1399 2311 σε
1429 2259 1493 2311 ὲκ
1522 2258 1626 2328 γῆς
1652 2258 1819 2327 Αίγύ-

226 2371 391 2408 πτου.
428 2372 448 2406 ι
493 2352 689 2425 ⁸¹Υ6ρις
740 2346 832 2406 οὖν
870 2352 1012 2422 ἄρα,
1062 2353 1158 2406 καὶ
1209 2351 1462 2424 παροινία
1510 2352 1693 2405 λοιπὸν
1741 2354 1821 2421 είς

223 2445 398 2508 Θεὸν,
447 2444 540 2498 καὶ
592 2444 965 2515 ὲναργεστάτη
1012 2444 1381 2516 κατάῤῥησις,
1436 2430 1521 2497 rbi
1559 2444 1820 2511 γλυπτοῖς

224 2537 327 2591 καὶ
356 2536 612 2606 δαίμοσιν
646 2533 923 2588 ἀναθεῖναι
966 2534 1029 2587 τὸ
1077 2535 1263 2600 σὲὂας,
1314 2536 1407 2589 καὶ
1435 2535 1620 2599 αὐτοῖς
1650 2552 1819 2607 προσ-

222 2629 390 2697 άγειν
435 2628 505 2681 τὰ
536 2628 888 2699 χαριστήρια,
933 2626 1029 2681 καὶ
1078 2627 1180 2696 τῆς
1223 2628 1483 2681 ἀνωτάτω
1517 2627 1676 2698 δόξης
1720 2628 1819 2698 τὴν

222 2720 512 2791 ὑπεροχὴν
538 2718 928 2784 καταϐιϐάζειν
962 2721 1042 2782 είς
1072 2720 1233 2774 αὐτά.
1270 2715 1383 2773 Καὶ
1410 2720 1531 2791 οὐχὶ
1558 2719 1620 2793 δὴ
1659 2720 1819 2791 μόνον

223 2814 598 2884 κατειρήκασι
633 2812 728 2865 τοῦ
773 2811 933 2874 Θεοῦ,
970 2811 1222 2884 καθάπερ
1253 2812 1391 2882 ἔφην
1425 2813 1651 2884 ἀρτίως,
1684 2810 1821 2866 ἀλλὰ

224 2904 329 2958 καὶ
361 2904 670 2957 ἀπένευσαν
701 2902 980 2966 παντελῶς
1033 2902 1124 2957 τοῦ
1156 2904 1261 2958 κᾶν
1296 2903 1425 2973 γοῦν
1472 2903 1681 2957 οἴεσθαι
1703 2892 1815 2975 ⁸μό-

223 3012 345 3059 νον,
382 2994 466 3047 ὅτι
490 2994 619 3065 παρ’
652 2993 820 3048 αὑτοῦ
859 2996 973 3058 τοῖς
1005 2995 1064 3047 ἐν
1096 2994 1286 3066 κόσμῳ
1322 2995 1388 3048 τὰ
1420 2993 1666 3065 ζωαρκῆ.
1694 3012 1713 3046 ι
1744 2996 1818 3048 Ub

219 3090 341 3159 γὰρ
378 3086 675 3159 βεϐοήκασι
702 3087 839 3159 πρός
871 3103 961 3158 με,
992 3088 1179 3158 φησὶν,
1223 3091 1277 3143 αί
1323 3088 1543 3160 καρδίαι
1566 3088 1764 3152 αὐτῶν,
1792 3108 1815 3141 ι

222 3179 537 3244 τουτέστιν,
569 3178 720 3232 οὐδὲν
759 3177 1094 3250 ἐξεζήτησαν
1128 3181 1258 3251 παρ’
1301 3179 1458 3251 ἐμοῦ,
1491 3179 1668 3233 καίτοι
1708 3180 1823 3233 δια-

1991 765 2154 819 Vens.
2191 764 2280 819 14.
2318 760 2428 832 Ego
2472 778 2588 817 vero
2625 759 2819 813 redemi
2851 774 2959 823 eos,
2998 759 3098 827 ipsi
3133 767 3307 812 autem
3341 756 3506 810 loculi

1918 865 2040 910 sunt
2070 865 2250 909 contra
2281 869 2363 907 me
2395 851 2705 915 mendacia;
2731 860 2777 903 et
2813 866 2915 902 non
2950 848 3304 902 clamauerunt
3332 846 3400 899 ad
3427 861 3508 899 me

1918 948 2077 1001 corda
2112 962 2325 1010 eorum,
2356 945 2447 999 sed
2480 942 2757 997 ululabant
2791 942 2845 995 in
2873 938 3136 995 cubilibus
3168 938 3300 992 suis.
3336 936 3509 1007 Super

1918 1038 2182 1109 frumenta
2207 1047 2254 1091 et
2285 1038 2403 1091 vino
2432 1033 2860 1089 concidebantur.

1912 1245 1924 1254 ’
1989 1253 2259 1311 LXXXII.
2300 1254 2541 1309 lnsinuat
2566 1252 2722 1315 item,
2746 1264 2805 1305 se
2833 1247 3255 1320 uniuscujusque
3282 1254 3507 1318 peccata

1918 1347 2140 1421 paribus
2172 1346 2349 1417 pinnis
2377 1344 2584 1399 ulcisci.
2614 1342 2860 1398 Oblocuti
2892 1350 3021 1396 sunt
3048 1340 3191 1396 enim
3224 1339 3502 1393 liberatori

1919 1454 2017 1494 suo
2053 1438 2192 1502 Deo,
2236 1421 2325 1506 qui
2364 1451 2459 1490 eos
2497 1437 2563 1489 de
2603 1435 2762 1490 domo
2799 1432 3080 1487 servitutis
3119 1430 3335 1495 eduxit,
3384 1448 3403 1481 ι
3452 1428 3506 1484 in

1919 1546 2079 1585 manu
2108 1530 2334 1598 potenti,
2358 1536 2413 1583 et
2439 1528 2660 1582 brachio
2686 1526 2900 1582 excelso
2920 1526 2987 1592 ",
3025 1545 3044 1578 ι
3074 1526 3221 1580 sicut
3244 1525 3507 1592 scriptum

1918 1631 2022 1684 est,
2047 1631 2101 1676 et
2125 1636 2156 1676 e
2185 1622 2463 1675 dominatu
2489 1619 2867 1690 Egyptiorum
2898 1616 3217 1687 asportavit.
3246 1614 3508 1671 Detraxe-

1920 1722 2048 1768 runt
2082 1724 2261 1767 autem
2298 1716 2364 1767 de
2396 1712 2569 1783 gloria
2605 1712 2756 1781 ejus,
2793 1711 2980 1765 laudes
3011 1724 3110 1779 pro
3144 1710 3383 1778 acceptis
3414 1711 3508 1764 beo

1920 1806 2130 1862 neliciis
2174 1805 2399 1874 impuris
2443 1804 2813 1867 daemonibus,
2856 1812 2911 1855 et
2951 1801 3206 1871 operibus
3249 1815 3507 1855 manuum

1922 1912 2144 1952 suarum
2180 1896 2514 1972 tribuentes;
2540 1896 2684 1951 sicut
2711 1909 2905 1965 nempe
2932 1909 3053 1949 cum
3082 1894 3305 1948 vitulum
3339 1894 3389 1947 in
3418 1907 3510 1948 so-

1923 1988 2151 2042 litudine
2192 1987 2479 2052 fecissent,
2524 1985 2911 2056 propemodum
2956 1984 3299 2039 liberatorem
3344 1982 3510 2051 impie

1921 2092 1976 2136 et
2000 2080 2391 2135 contumeliose
2414 2079 2844 2147 proscindentcs,
2864 2092 2930 2132 ex
2956 2080 3189 2132 amentia
3213 2077 3463 2131 dicebant
3490 2091 3507 2128 :

1924 2187 1943 2222 ι
1983 2169 2045 2224 lli
2081 2180 2205 2225 sunt
2239 2171 2310 2225 dii
2349 2171 2445 2231 tui,
2482 2168 2669 2233 Israel,
2703 2169 2793 2236 qui
2829 2169 3133 2222 eduxerunt
3168 2176 3221 2221 te
3255 2167 3321 2220 de
3357 2177 3507 2220 terra

1919 2261 2137 2334 Egypti
2170 2263 2231 2315 ".
2280 2281 2301 2313 ι
2347 2260 2543 2331 lnjuria
2586 2261 2750 2333 igitur
2786 2270 2843 2315 et
2883 2258 3203 2314 contumelia
3244 2259 3297 2312 in
3338 2257 3506 2312 Deum

1920 2357 2143 2409 minime
2185 2353 2343 2409 dubia
2398 2353 2751 2424 opprobratio
2790 2361 2901 2419 est,
2938 2351 3279 2420 sculptilibus
3320 2360 3377 2403 et
3412 2348 3493 2403 da:

1918 2449 2169 2502 monibus
2202 2447 2405 2502 cultum
2438 2434 2679 2500 divinum
2719 2425 3077 2515 impendere,
3100 2443 3273 2512 iisque
3307 2442 3511 2512 gratias

1920 2541 2159 2604 referre,
2186 2549 2240 2594 et
2271 2526 2542 2609 suprema:
2567 2539 2756 2609 gloria:
2784 2536 3161 2591 excellentiam
3196 2536 3258 2588 ad
3289 2549 3384 2589 eos
3413 2536 3509 2589 de-

1920 2632 2116 2690 rivare.
2154 2624 2263 2687 Nec
2298 2631 2474 2687 solum
2520 2630 2659 2684 male
2702 2628 2863 2684 locuti
2906 2636 3032 2682 sunt
3078 2627 3207 2691 Deo,
3247 2638 3305 2679 ut
3349 2626 3511 2679 modo

1919 2725 2061 2790 dixi;
2095 2726 2188 2781 sed
2222 2725 2382 2779 etiam
2419 2724 2593 2794 ipsam
2628 2721 2960 2792 opinionem,
2993 2718 3245 2773 omnibus
3280 2718 3331 2771 in
3373 2719 3511 2772 orbe

1920 2826 2185 2873 terrarum
2219 2815 2585 2870 animantibus
2616 2814 2740 2868 vitae
2771 2811 3080 2867 necessaria
3110 2811 3178 2865 ab
3207 2825 3272 2864 eo
3303 2810 3504 2878 imper-

1921 2909 2028 2974 tiri,
2057 2910 2267 2978 penitus
2294 2908 2626 2974 abiecerunt.
2661 2922 2681 2956 ι
2717 2904 2830 2959 Non
2862 2888 3007 2959 enim
3043 2903 3414 2957 clamaveruut
3438 2900 3510 2954 ad

1919 3014 2033 3068 me,
2066 2988 2272 3069 inquit,
2302 2998 2462 3053 corda
2494 3012 2716 3062 eorum,
2752 3014 2771 3047 ι
2809 2994 2911 3069 ιιοςΔ
2940 3003 3053 3059 est,
3086 2992 3217 3047 nihil
3245 2991 3513 3063 quaesive-

1920 3103 2045 3147 runt
2070 3108 2099 3147 a
2122 3108 2207 3146 me
2228 3091 2481 3163 quamvis
2503 3090 2787 3153 sentirent,
2811 3096 2866 3141 et
2889 3088 3195 3148 crederent,
3223 3100 3309 3139 me
3331 3083 3514 3138 omnis

1919 3183 2045 3257 boni
2080 3166 2541 3257 suppeditalorem
2574 3194 2635 3232 ac
2665 3164 3010 3249 prcebitorem
3041 3190 3181 3230 esse.
3215 3176 3383 3228 Deum
3410 3188 3510 3225 au-

224 3272 480 3341 κείμενοι
538 3271 632 3324 καὶ
694 3271 1155 3336 πεπιστευκότες,
1222 3273 1304 3337 ὅτι
1365 3272 1568 3336 παντὸς
1610 3272 1819 3340 ἀγαθοῦ

1924 3285 2032 3329 tem
2064 3290 2170 3329 non
2203 3253 2363 3344 egere
2393 3253 2664 3335 clamore,
2694 3270 2788 3323 sed
2817 3267 3012 3323 an‘ectu
3047 3266 3224 3337 potius
3255 3263 3422 3318 animi
3456 3269 3513 3316 el

222 3362 496 3433 χορηγός·
526 3363 645 3432 εἰμι
694 3362 787 3415 καὶ
845 3363 1034 3434 δοτήρ.
1086 3363 1207 3416 ’Ότι
1251 3362 1309 3416 δὲ
1357 3362 1486 3433 βοῆς
1535 3364 1597 3416 οὐ
1649 3364 1821 3417 δεῖται

223 3451 391 3516 Θεὸς,
422 3450 716 3514 διαθέσεως
744 3452 800 3504 δὲ
841 3452 1042 3522 μᾶλλον
1074 3455 1173 3524 τῆς
1204 3454 1283 3516 είς
1311 3452 1434 3506 νοῦν
1456 3454 1548 3507 καὶ
1571 3454 1820 3523 καρδίαν,

223 3544 325 3597 καὶ
380 3542 470 3597 διὰ
506 3542 713 3597 τούτων
761 3544 1045 3614 εἰσόμεθα.
1098 3543 1311 3598 Οὐκοῦν
1362 3544 1484 3597 οὔτε
1529 3544 1822 3616 βεδοήκασι

223 3633 375 3707 πρὸς
396 3634 560 3688 Θεόν⁸
585 3634 722 3689 ἀλλὰ
737 3633 844 3707 γὰρ
874 3636 967 3689 καὶ
996 3635 1424 3691 ἀπονενεύκασιν
1450 3636 1719 3708 ἀχαλίνως
1743 3640 1824 3701 είς

223 3727 501 3791 ἐκτύπους
523 3727 905 3799 φιλοσαρκίας,
937 3728 1012 3791 ὡς
1043 3728 1138 3781 καὶ
1167 3726 1441 3792 ὀλολύζειν
1468 3729 1563 3783 ἐπὶ
1592 3712 1818 3793 κοίταις.

224 3819 490 3891 Λίσχρῶν
543 3818 602 3872 δὲ
643 3820 863 3891 τρόπων
895 3819 1175 3884 ἀπόδειξις
1216 3819 1279 3872 τὸ
1317 3820 1509 3890 χρῆμά
1549 3822 1686 3885 ἐστι,
1726 3823 1822 3876 καὶ

223 3914 328 3983 τῆς
368 3913 451 3976 εἰς
480 3911 737 3983 πορνείαν
775 3912 1113 3984 ὲπιπλήκτου
1145 3912 1338 3984 ῥοπῆς,
1368 3912 1464 3966 καὶ
1501 3911 1592 3967 νοῦ
1624 3914 1823 3967 κεκλα-

224 4003 438 4073 σμένου
462 4002 599 4074 πρὸς
625 4001 837 4073 ἡδονάς.
870 4002 1080 4075 Πρέποι
1107 4002 1151 4055 δ’
1177 4001 1243 4055 ἂν
1272 4002 1454 4073 μόνοις
1483 4005 1563 4067 είς
1592 4003 1823 4077 αἰσχρὰν

222 4091 379 4145 οὕτω
426 4092 522 4145 καὶ
552 4090 960 4165 βδελυρωτὰτην
982 4094 1095 4160 ἕξιν
1127 4093 1461 4148 κατολισθεῖν
1487 4098 1598 4159 τοῖς
1620 4098 1688 4151 τὰ
1713 4097 1824 4153 τῶν

222 4183 448 4254 ἀνδρῶν
496 4183 771 4255 ἐξαίρετα,
829 4186 965 4256 πρὸς
1000 4186 1070 4240 τὰ
1115 4186 1222 4241 τῶν
1275 4188 1516 4257 γυναίων
1566 4190 1693 4261 ἔθη,
1729 4166 1824 4245 καὶ

225 4276 533 4348 σχήματα,
567 4276 660 4329 καὶ
703 4277 891 4346 φωνὰς
936 4268 1365 4345 καταϐιάζεσθαι
1401 4282 1820 4353 μεμελετηκόσι.

224 4367 523 4421 Γυναικίαι
558 4368 615 4422 δὲ
656 4360 823 4435 οὗτοι,
864 4370 960 4424 καὶ
1011 4371 1146 4445 πολὺ
1193 4371 1316 4426 λίαν
1364 4373 1819 4446 ὲκτεθηλυμένοι,

224 4461 327 4512 καὶ
350 4461 436 4523 είς
466 4460 619 4530 λῆξιν
655 4462 883 4531 ἥκοντες
910 4462 1008 4533 τῆς
1036 4442 1093 4515 ὲν
1125 4463 1435 4535 ἀνθρώποις
1459 4442 1822 4539 ἀκαθαρσίας.
1876 4468 1881 4472 ’

225 4554 305 4606 Τό
328 4570 398 4620 γε
432 4552 539 4625 μὴν
580 4554 667 4607 ἐπ’
705 4553 835 4627 οἴνῳ
877 4556 971 4609 καὶ
999 4555 1130 4627 σίτῳ
1173 4558 1615 4630 κατατέμνεσθαι
1643 4559 1823 4628 λέγειν

1928 3367 2133 3432 cordis,
2154 3367 2316 3419 etiam
2346 3364 2475 3419 hinc
2501 3374 2908 3431 cognoscemus.
2936 3358 3075 3427 Ergo
3103 3369 3277 3425 neque
3299 3352 3511 3408 clama-

1929 3467 2123 3512 verunt
2156 3458 2223 3511 ad
2266 3457 2474 3519 Deum;
2521 3456 2630 3509 imo
2664 3454 2991 3522 impotentes
3026 3452 3092 3504 ab
3128 3463 3192 3502 eo
3228 3447 3294 3501 ad
3331 3444 3513 3501 studia

1930 3551 2110 3606 carnis
2152 3550 2365 3605 sordida
2410 3546 2779 3609 deﬂexerunt,
2825 3552 2882 3597 ut
2928 3542 3090 3596 etiam
3141 3539 3411 3591 ulularent
3454 3538 3512 3590 lu

1929 3642 2195 3713 cubilibus
2226 3642 2338 3696 suis
2366 3626 2385 3696 ἐ
2408 3655 2515 3711 qua
2534 3624 2604 3695 re
2633 3637 2762 3693 foedi
2796 3649 2977 3710 mores
3016 3642 3071 3687 et
3102 3630 3390 3702 propensio
3421 3643 3511 3683 ca—

1929 3726 2190 3807 stigabilis
2220 3716 2286 3791 ad
2316 3717 2754 3795 fornicationem,
2783 3739 2839 3785 et
2874 3726 3032 3805 115
3064 3742 3214 3781 meus
3245 3724 3415 3803 (raeta
3444 3722 3515 3777 ad

1928 3829 2235 3899 voluptates
2283 3827 2707 3882 demonstratur.
2762 3820 2843 3876 Ad
2900 3818 3205 3887 hujusmodi
3263 3826 3514 3885 turpem,

1929 3922 2274 3990 maximeque
2298 3918 2689 3975 exsecrandum
2720 3914 2959 3970 habitum
2984 3909 3160 3967 delabi
3181 3923 3276 3963 eos
3300 3916 3509 3961 tantum

1928 4013 2205 4078 convenit,
2236 4012 2328 4082 qui
2360 4026 2481 4082 qua:
2509 4009 2751 4063 virorum
2784 4003 3083 4077 peculiaria
3115 4008 3261 4068 sunt,
3291 3999 3359 4054 ad
3391 4012 3510 4053 mo-

1930 4120 2046 4170 res,
2076 4103 2454 4177 -et~h,abitus_,
2503 4110 2558 4156 et
2600 4115 2760 4169 voces
2809 4098 3137 4177 letninarum
3187 4095 3516 4164 detorquere

1929 4195 2342 4253 contenderunt.
2379 4194 2442 4248 Hi
2475 4201 2600 4248 sunt
2630 4191 2957 4254 muliebres,
2984 4189 3306 4255 etimmane
3337 4199 3514 4253 quan-

1932 4298 2042 4344 tum
2086 4285 2401 4352 effeminati,
2448 4294 2503 4341 et
2547 4286 2797 4339 humanae
2840 4277 3197 4335 immunditia:
3240 4276 3514 4346 fastigium

1931 4389 2135 4455 tenent.
2154 4379 2309 4456 Quod
2330 4377 2530 4456 dicitur
2550 4391 2646 4431 eos
2672 4388 2834 4444 super
2856 4370 3132 4426 frumento
3153 4375 3207 4422 et
3231 4367 3357 4421 vino
3383 4381 3518 4420 con-

1929 4453 2073 4537 cidi,
2108 4468 2255 4527 illum
2277 4453 2539 4539 ,iopinor,
2573 4454 2789 4522 sensum
2826 4464 3006 4519 habet.
3041 4460 3259 4517 Gratias
3290 4469 3515 4530 agentes

1929 4566 2086 4621 idolis
2124 4564 2237 4619 suis
2270 4574 2491 4633 propter
2522 4562 2716 4615 uberes
2752 4571 3005 4628 agrorum
3042 4561 3359 4625 proventus,
3395 4550 3513 4605 fru-

226 4645 667 4709 αὑτοὺς,ἑκεῖνο,
703 4642 857 4718 οἶμαι
889 4664 1016 4711 που,
1052 4648 1396 4720 παραδηλοῠν
1428 4650 1621 4705 ἔοικεν.
1650 4652 1823 4722 Εὐχα-

1930 4668 2190 4722 mentum,
2222 4657 2465 4725 inquam,
2497 4663 2552 4708 et
2578 4654 2786 4715 vinum,
2815 4664 2935 4725 quia:
2964 4655 3225 4721 vocantur
3253 4642 3513 4714 mysteria

226 4736 550 4810 ριστοῦντες
596 4738 704 4810 γὰρ
751 4741 858 4803 τοῖς
912 4738 1124 4793 ἑαυτῶν
1174 4739 1416 4807 εἰδώλοις
1465 4743 1557 4796 ἐπὶ
1601 4747 1720 4808 ταῖς
1767 4744 1823 4810 ὲξ

1925 4748 2165 4804 studiose
2195 4745 2567 4808 celebrabant,
2597 4752 2652 4797 et
2680 4741 2825 4796 velut
2858 4755 2886 4793 a
2923 4739 3034 4793 Deo
3063 4733 3246 4795 aﬂlati,
3280 4744 3332 4787 et
3362 4732 3514 4786 iusa-

225 4824 424 4898 ἀγρῶν
456 4827 806 4897 εὐκαρπίαις,
842 4829 975 4900 σίτῳ
997 4846 1079 4895 τε,
1104 4830 1271 4901 φημὶ,
1295 4833 1390 4886 καὶ
1415 4834 1528 4908 τοῖς
1548 4832 1609 4898 ea
1640 4834 1823 4904 ἀμπέ-

1927 4840 2136 4894 nientes
2155 4880 2170 4907 ,
2204 4838 2351 4893 ferro
2383 4851 2597 4907 quoque
2624 4842 2847 4905 pectora
2877 4831 3174 4908 ambasque
3204 4812 3398 4882 manus
3431 4827 3517 4880 iu-

224 4918 349 4984 λου,
396 4919 497 4983 τὰς
548 4920 888 4991 καλουμένας
940 4921 1162 4987 τελετὰς
1221 4906 1564 4995 ἐπιτηδεύειν
1609 4925 1823 4998 ἤθελον.

1923 4932 2203 4995 ciderunt,
2247 4938 2300 4984 et
2342 4931 2619 5000 proprium
2668 4906 3254 4995 sanguinein,'credo,
3301 4927 3513 4972 tantum

227 5004 360 5065 Οἷον
401 5010 786 5075 ἐνθουσιῶντες
830 5029 890 5066 τε
935 5013 1032 5066 καὶ
1080 5013 1433 5084 μαινόμενοι,
1476 5016 1571 5069 καὶ
1624 5016 1823 5088 σιδήρῳ

1926 5036 2034 5077 non
2067 5006 2409 5091 sculptilibus
2444 5004 2687 5085 improbe
2720 5017 3126 5078 sacrificantes,
3162 5018 3383 5082 propter
3414 5024 3511 5064 ex-

226 5103 302 5158 τὰ
338 5104 557 5176 στέρνα,
600 5105 695 5159 καὶ
739 5105 909 5175 ἄμφω
966 5106 1044 5178 τῷ
1090 5108 1237 5178 χεῖρε
1279 5108 1681 5179 χαράττοντες,
1729 5111 1823 5163 καὶ

1928 5102 2157 5171 tremam
2210 5114 2463 5183 deinceps
2504 5128 2532 5166 a
2578 5114 2686 5167 Deo
2734 5110 3110 5165 alienationem
3160 5107 3513 5159 damnantur.

226 5197 456 5261 ἀτόπως
480 5197 622 5270 τάχα
647 5198 707 5252 τὸ
753 5198 886 5252 ἴδιον
934 5195 1075 5271 αἷμα
1126 5201 1411 5272 μονονουχὶ
1462 5201 1823 5267 καταθύοντες

1930 5206 2039 5261 Hos
2067 5204 2292 5262 forsitan
2321 5215 2375 5261 et
2405 5205 2545 5259 alius
2573 5205 2832 5275 propheta
2864 5202 3077 5264 irridet,
3101 5198 3285 5253 dicens
3314 5214 3327 5250 :
3361 5213 3378 5245 ι
3408 5193 3513 5246 Im-

225 5292 344 5353 τοῖς
380 5289 665 5360 γλυπτοῖς,
696 5294 785 5347 ἐπ’
824 5293 1030 5366 ἐσχάτῃ
1058 5294 1244 5348 λοιπὸν
1278 5295 1562 5368 ἁφιλοθεῗᾳ
1596 5311 1819 5364 κατεγι-

1928 5295 2127 5352 molate
2162 5294 2438 5362 homines,
2476 5294 2625 5349 vituli
2665 5294 2809 5349 enim
2851 5292 3168 5348 defecerunt
3193 5289 3255 5342 ".
3299 5307 3317 5338 ι
3356 5284 3515 5339 Talia

225 5380 528 5437 νώσκοντο.
566 5383 791 5449 Τούτοις
839 5404 945 5440 που
991 5387 1131 5458 τάχα
1168 5387 1262 5442 καὶ
1299 5388 1588 5460 προφήτης
1632 5388 1819 5457 ἕτερος

1927 5389 1993 5443 ad
2028 5389 2191 5443 Deum
2219 5388 2397 5443 omnia
2431 5395 2696 5457 potestate
2721 5384 3267 5455 comprehendentem
3297 5392 3515 5435 summe

226 5474 539 5546 ὲπιμειδιᾷ,
565 5475 763 5543 λέγων’
793 5494 813 5527 ι
848 5475 1063 5531 Θύσατε
1096 5476 1438 5549 ἀνθρώπους⁸
1479 5476 1671 5549 μόσχοι
1709 5476 1818 5550 γὰρ

1924 5476 2246 5533 irritandam
2290 5477 2424 5532 satis
2462 5475 2672 5544 valent,
2711 5474 2797 5529 cui
2839 5474 3045 5545 gratias
3087 5485 3248 5542 agere
3293 5468 3515 5539 potius,

226 5565 637 5622 ἐκλελοίπασιν.
672 5586 692 5620 ι
738 5568 924 5623 Ἱκανὰ
951 5569 1010 5623 δὲ
1053 5566 1131 5624 τᾶ
1152 5570 1330 5625 τοιάδε
1377 5570 1709 5626 καταλυπεῖν
1737 5570 1818 5624 ὅτι

232 5656 474 5728 μάλιστα
531 5659 624 5715 τὸν
671 5660 782 5715 τῶν
827 5660 965 5716 ὅλων
1015 5661 1508 5729 κατεξουσιάζοντα
1554 5662 1722 5728 Θεὸν,
1774 5654 1819 5731 ᾦ

1926 5585 2085 5640 quam
2107 5570 2516 5625 convenientem
2544 5568 2768 5639 gloriam
2797 5567 2954 5639 lignis
2978 5575 3035 5622 et
3059 5562 3324 5634 lapidibus
3345 5555 3515 5615 stulto

1927 5662 2168 5718 tribuere
2197 5662 2573 5717 conveniebat.

304 5833 356 5870 “
386 5836 490 5893 lsa.
527 5852 661 5905 xm,
685 5837 777 5896 εε.
854 5840 901 5911 ‘f
926 5839 1067 5899 Psal.
1097 5841 1409 5905 ειιικγΛὲ.
1482 5841 1524 5875 ¹⁶
1564 5841 1732 5901 Exod.
1764 5856 1823 5895 xx

1926 5882 1941 5907 ,
1976 5839 2031 5893 4.
2110 5840 2151 5872 ¹⁷
2184 5837 2312 5896 05c.
2346 5852 2465 5908 stu,
2500 5835 2561 5890 ἓ.
