4068 6608
632 417 738 476 I95

1654 423 1712 482 S.
1753 421 2024 481 CYRILLI
2052 425 2521 489 ALEXANDRINI
2554 432 2874 492 ARCIIIEP.

3780 446 3873 501 I96

627 533 826 605 μᾶλλον
858 532 963 588 ἔδει
990 535 1291 608 προσάγειν
1320 538 1390 593 τὰ
1431 542 1783 613 χαριστήρια,
1817 546 1909 598 καὶ
1938 546 2061 616 οὐχὶ
2101 546 2200 618 τὴν
2238 548 2389 621 αὐτῷ
2452 552 2772 625 πρέπουσαν
2826 556 2984 624 δόξαν
3008 559 3307 632 ἀπονέμειν
3330 559 3573 627 ἀϐούλως
3602 560 3779 629 ξύλοις
3822 579 3873 616 τε

623 623 716 677 καί
747 623 936 688 λίθοις.

692 756 853 811 Vens.
884 759 969 813 15.
995 758 1208 815 Eruditi
1231 774 1350 817 sunt
1377 764 1428 817 in
1453 781 1554 829 me,
1577 778 1622 820 et
1645 784 1736 839 ego
1764 771 2053 842 confortaui
2078 778 2198 828 bra-
2228 739 2277 796 Α

617 848 735 900 c/n'a
769 864 983 911 eorum,
1017 861 1064 902 et
1101 860 1285 906 contra
1322 869 1402 907 me
1433 858 1789 924 cogitaverunt
1825 862 1986 917 ntala.
2020 864 2202 919 Aversi

616 948 737 993 sunt
772 942 826 995 in
855 942 1021 1007 nihil,
1049 943 1179 1011 facti
1208 954 1331 999 sunt
1359 948 1510 1017 quasi
1540 966 1695 1004 arcus
1726 962 1991 1009 extensus.

684 1182 968 1240 LXXXIII.
1010 1186 1167 1243 Aliud
1195 1187 1390 1259 ingrati
1417 1190 1583 1245 animi
1611 1193 1817 1248 crimen
1847 1194 1951 1251 illis
1978 1195 2195 1267 objicit,

614 1276 809 1346 impios
846 1279 1284 1352 negligentesque
1320 1282 1717 1340 demonstrans.
1753 1284 1865 1358 Ego
1901 1290 2078 1356 enim,
2117 1291 2200 1346 in-

613 1368 763 1436 quit,
812 1383 1121 1437 quanquam
1170 1370 1296 1425 olim
1346 1371 1481 1426 nihil
1527 1388 1556 1427 a
1607 1373 1780 1429 brutis
1827 1376 2195 1434 animantibus

613 1458 947 1524 differentes.
976 1471 1031 1518 et
1058 1462 1510 1532 imperitissimos,
1540 1475 1594 1522 et
1622 1466 1739 1538 lege
1768 1467 1999 1535 institui,
2028 1481 2082 1525 et
2108 1487 2193 1527 sa-

612 1552 842 1620 pientes,
870 1563 925 1608 et
955 1554 1201 1612 utilitatis
1233 1573 1451 1627 gnaros,
1482 1568 1535 1614 et
1562 1560 1701 1614 viam
1726 1560 1968 1630 iustitiae,
1996 1573 2052 1619 et
2077 1579 2192 1619 om-

612 1658 735 1699 nem
763 1643 1020 1700 decentia:
1051 1656 1254 1702 rectam
1286 1650 1812 1709 administrationem
1845 1655 2082 1712 scientes
2112 1658 2194 1713 ef-

610 1732 749 1801 feci,
795 1744 853 1790 ut
899 1735 1007 1805 jam
1051 1739 1215 1793 etiam
1263 1740 1402 1811 apud
1447 1757 1507 1798 se
1550 1744 1843 1814 gaudentes
1888 1746 2131 1802 dicerent
2173 1766 2188 1804 :

614 1843 632 1875 σ
669 1826 817 1881 Beati
846 1842 1034 1883 sumus
1061 1828 1247 1894 Israel,
1275 1832 1528 1900 quoniam
1557 1849 1677 1904 quae
1705 1834 1897 1906 placita
1932 1847 2058 1892 sunt
2089 1838 2191 1893 Do-

609 1918 779 1981 mino,
806 1928 935 1974 nota
968 1931 1096 1975 sunt
1125 1923 1277 1978 nobis
1298 1924 1394 1978 η.)
1427 1924 1610 1996 Neque
1638 1928 1725 1983 hic
1753 1927 1868 1996 ejus
1893 1944 2015 2001 erga
2047 1932 2190 2001 ipsos

607 2009 963 2065 beneﬁcentia
999 2013 1237 2081 quievit;
1271 2016 1369 2071 sed
1405 2017 1624 2087 insuper
1657 2018 2005 2087 fortissimos,
2035 2032 2090 2077 et
2121 2025 2187 2079 ad

604 2102 852 2171 quemvis
876 2105 1250 2160 adversarium
1274 2107 1648 2164 debellandum
1671 2111 1910 2168 valentes
1935 2116 2183 2171 reddidit.

603 2194 797 2249 Multas
843 2195 1042 2265 quippe
1084 2213 1413 2268 magnasque
1447 2209 1632 2269 gentes
1666 2204 1785 2258 sine
1819 2204 2002 2260 labore
2041 2207 2190 2263 devi-

602 2295 810 2341 cerunt.
834 2284 1193 2344 Nihilominus
1221 2292 1273 2344 in
1303 2306 1387 2347 me
1417 2292 1602 2348 talium
1632 2292 1893 2351 bonorum
1923 2298 2057 2367 ipsis
2086 2316 2188 2354 au-

599 2388 802 2431 ctorem
837 2380 1081 2449 perversi
1117 2382 1472 2449 exstiterunt,
1510 2395 1913 2456 contemptores
1941 2390 2188 2447 videlicet

599 2479 653 2524 et
682 2471 1011 2540 desertores,
1042 2481 1096 2528 et
1124 2476 1428 2532 aversionis
1456 2478 1594 2532 ratio
1622 2478 1725 2533 illis
1753 2480 1806 2534 in
1838 2481 2065 2536 nihilum
2098 2499 2186 2539 re-

597 2559 750 2613 cidit.
776 2560 921 2615 Nihil
952 2562 1093 2616 enim
1127 2565 1343 2634 penitus
1372 2575 1457 2620 est
1481 2580 1547 2620 ex
1578 2568 1799 2622 materia
1831 2570 1934 2624 sub
1960 2586 2180 2627 sensum

596 2652 823 2709 cadente
851 2653 1216 2709 manulactum
1246 2656 1625 2716 simulacrum.
1648 2660 1726 2714 Ac
1752 2661 1798 2716 si
1826 2661 2041 2730 quidem
2070 2679 2183 2719 me-

598 2743 730 2799 liora
768 2746 1133 2815 reperissent,
1164 2759 1348 2818 posset
1383 2753 1747 2822 transgressio
1779 2752 2019 2824 ipsorum
2053 2772 2183 2825 pro-

596 2834 850 2891 babiliter
882 2837 1117 2893 defendi.
1154 2840 1419 2906 Quoniam
1457 2851 1639 2897 autem
1680 2859 1801 2898 cmn
1840 2844 1951 2901 Deo
1989 2847 2181 2903 collata

595 2928 729 2983 nihil
757 2940 903 2994 sunt,
940 2932 1101 3004 116
1123 2933 1233 2988 ista
1264 2950 1514 3004 prorsus,
1545 2936 1645 2993 nisi
1681 2938 1821 2993 risus
1851 2949 1907 2995 et
1936 2940 2180 3009 fatuitas,

594 3028 649 3073 et
682 3035 1018 3089 quaecunque
1053 3024 1245 3078 horum
1280 3024 1513 3090 similia,
1546 3028 1846 3084 aversionis
1876 3045 1988 3085 sua:
2023 3032 2183 3087 ratio-

592 3125 719 3165 nem
767 3112 1119 3168 verisimilem
1176 3115 1377 3171 nullam
1431 3118 1649 3175 habent.
1697 3118 1883 3192 Itaque
1928 3125 1994 3178 ad
2050 3123 2183 3180 nihil

593 3200 942 3260 aversi,sunt.
971 3203 1050 3258 Ad
1078 3204 1196 3261 haec
1223 3206 1347 3262 l‘acti
1376 3216 1502 3262 sunt
1534 3226 1553 3261 ι
1585 3218 1643 3264 ut
1666 3225 1827 3268 arcus
1847 3222 2123 3277 extensus,
2156 3233 2175 3266 ›

595 3308 702 3347 non
732 3309 790 3350 se
819 3296 1201 3355 submittentes
1231 3299 1296 3354 ad
1329 3301 1734 3370 paenitentiam,
1769 3320 1873 3359 non
1905 3307 2183 3362 remitten-

594 3398 675 3442 tes
702 3387 1078 3458 intentionem,
1102 3405 1207 3461 qua
1233 3393 1298 3447 ad
1329 3404 1536 3450 tantum
1564 3395 1801 3452 dedecus
1826 3397 2179 3455 dementiam-

2382 776 2864 846 Ἐπαιδεύθησαν
2915 778 2986 832 ἐν
3016 779 3183 849 ἐμοὶ,
3236 780 3336 835 καὶ
3374 780 3489 851 ἐγὼ
3542 785 3875 854 κατίσχυσα

2309 868 2453 934 τοὺς
2478 870 2815 940 βραχίονας
2864 870 3084 937 αὐτῶν,
3126 872 3225 928 καί
3257 875 3345 941 εὶς
3383 874 3491 944 ἐμὲ
3524 875 3875 947 ἑλογίσαντο

2308 962 2544 1030 πονηρά
2610 962 3117 1034 Ἀπεστράφησαν
3143 968 3232 1033 είς
3262 966 3465 1032 οὐδὲν,
3495 966 3779 1039 ἐγένοντο
3803 971 3875 1037 ὡς

2306 1053 2488 1118 τόξον
2516 1054 2929 1125 ἐντεταμένον.

2377 1187 2501 1241 HI".
2543 1186 2769 1257 ’Ἕτερον
2820 1187 3004 1251 αὐτοῖς
3055 1187 3382 1259 ἀχαριστίας
3426 1187 3607 1242 αὐτῶν
3659 1188 3875 1244 ἐπισυν-

2303 1276 2465 1330 άπτει
2497 1275 2700 1346 τρόπον
2722 1316 2737 1341 ,
2798 1277 3049 1342 ἀνοσίους
3096 1278 3255 1341 ὄντας
3309 1278 3403 1331 καὶ
3448 1277 3876 1349 ὀλιγογνώμονας

2303 1368 2638 1437 ἀπόφαίνων.
2660 1368 2800 1438 Ἐγὼ
2814 1368 2912 1439 μὲν
2938 1369 3070 1440 γὰρ,
3098 1369 3253 1441 φησὶ,
3271 1371 3449 1423 καίτοι
3476 1369 3645 1424 πάλαι
3674 1371 3876 1440 κτηνῶν

2302 1461 2513 1529 ἀλόγων
2553 1461 2930 1530 διενεγκόντας
2961 1461 3114 1515 οὐδὲν
3141 1463 3235 1515 καὶ
3272 1462 3567 1526 ἀσυνέτους
3591 1460 3757 1524 ὄντας
3796 1477 3877 1513 κο-

2304 1553 2453 1624 μιδῇ,
2492 1554 2587 1607 καὶ
2615 1554 2765 1624 νόμῳ
2795 1553 3187 1623 πεπαίδευμαι,
3220 1555 3314 1608 καὶ
3361 1555 3558 1623 σοφοὺς
3599 1555 3872 1619 ἀπέδειξα,

2299 1643 2391 1697 καὶ
2418 1643 2479 1697 τὸ
2526 1644 2809 1715 συμφέρον
2857 1644 3084 1707 εἰδότας,
3121 1644 3214 1697 καὶ
3255 1645 3354 1715 τὴν
3401 1647 3500 1716 τῆς
3536 1645 3874 1718 δικαιοσύνης

2295 1735 2434 1797 ὁδὸν,
2465 1735 2560 1787 καὶ
2585 1735 2806 1807 ἀπάσης
2842 1734 3150 1804 εὐκοσμίας,
3172 1735 3510 1805 κατόρθωσιν
3550 1737 3652 1790 ούκ
3685 1739 3873 1809 ἠγνοη-

2294 1825 2493 1890 κότας,
2541 1825 2618 1889 ὡς
2655 1827 2755 1898 ἢδη
2805 1826 2901 1879 καὶ
2943 1825 3123 1894 λέγειν
3165 1827 3455 1897 χαίροντας
3496 1828 3584 1897 ἐφ’
3637 1830 3871 1894 ἑαυτοῖς,

2302 1934 2321 1968 ι
2363 1916 2639 1988 Μακάριοι
2691 1919 2881 1988 ἐσμεν,
2927 1917 3164 1989 Ἰσραὴλ,
3211 1919 3293 1971 ὃτι
3339 1919 3410 1972 τὰ
3455 1920 3665 1991 ἀρεστά
3693 1922 3872 1991 Κυρίῳ

2294 2009 2515 2078 γνωστὰ
2546 2011 2677 2081 ἡμῖν
2701 2009 2837 2062 ἐστι.
2867 2029 2884 2062 ι
2922 2009 3032 2062 Καὶ
3061 2009 3121 2062 οὐ
3149 2010 3313 2081 μέχρι
3343 2010 3549 2064 τούτων
3580 2010 3651 2065 τά
3677 2013 3775 2082 τῆς
3801 2015 3872 2075 είς

2294 2100 2496 2164 αὐτοὺς
2525 2100 2717 2170 γέγονε
2748 2099 3060 2170 φιλοτιμίας
3085 2117 3100 2132 ’
3145 2100 3281 2155 ἀλλὰ
3313 2101 3422 2173 γὰρ
3465 2102 3870 2173 ἀλκιμωτάτους

2290 2191 2584 2263 ἀπέφηνα,
2637 2193 2733 2246 καὶ
2789 2191 2990 2257 ἰκανῶς
3038 2192 3261 2264 ἔχοντας
3316 2194 3452 2265 πρὸς
3505 2192 3567 2247 τὸ
3616 2194 3869 2247 δύνασθαι

2289 2282 2489 2346 παντὸς
2534 2282 2821 2336 καταθλείν
2857 2283 2950 2336 τοῦ
3003 2284 3262 2353 πολεμεῖν
3309 2284 3585 2348 ἐθέλοντος
3617 2285 3716 2337 καὶ
3748 2286 3867 2339 ἀνθ·

2287 2374 2603 2446 εστηκότος.
2632 2376 2969 2445 Νενικήκασι
3004 2376 3112 2447 γὰρ
3138 2376 3265 2447 ἔθνη
3303 2376 3475 2429 πολλά
3508 2378 3602 2430 καὶ
3642 2378 3867 2447 μεγάλα,

2288 2466 2384 2519 καί⁵
2407 2465 2566 2519 τοῦτο
2588 2466 2851 2537 ἀμογητί.
2889 2466 3028 2519 Ἀλλ’
3056 2468 3136 2531 εἰς
3166 2468 3264 2537 ἐμὲ
3293 2468 3384 2520 τὸν
3407 2467 3670 2521 τοιούτων
3698 2468 3868 2531 αὐτοῖς

2286 2559 2486 2630 δοτῆρα
2523 2558 2656 2612 Θεὸν
2708 2560 2967 2628 γεγόνασι
3021 2561 3280 2631 πονηροὶ,
3325 2564 3743 2634 καταφρονηταί
3787 2562 3867 2633 δη-

2286 2650 2459 2704 λονότι
2490 2651 2587 2704 καὶ
2614 2651 2920 2705 ἀποστάται
2943 2669 2954 2681 ·
2980 2652 3074 2705 καὶ
3101 2653 3129 2704 6
3146 2652 3347 2721 τρόπος
3391 2653 3575 2717 αὐτοῖς
3611 2654 3711 2723 τῆς
3745 2653 3870 2706 ἀπο-

2287 2745 2532 2816 στροφῆς
2582 2744 2805 2814 γέγονεν
2856 2746 2934 2809 εἰς
2966 2744 3139 2800 οὐδέν.
3180 2745 3345 2799 Οὐδὲν
3384 2746 3494 2816 γὰρ
3548 2745 3690 2809 ὅλως
3730 2745 3790 2799 τὸ
3816 2744 3868 2810 ἐξ

2286 2836 2419 2906 ὕλης
2441 2835 2704 2908 αἰσθητῆς
2737 2837 3116 2910 χειροποίητον
3142 2836 3384 2908 ἄγαλμα.
3426 2837 3566 2890 Ἀλλ’
3589 2838 3639 2890 εἰ
3670 2836 3772 2907 μέν
3792 2853 3867 2890 τοι

2282 2927 2343 2981 τὸ
2372 2927 2596 2998 ἄμεινον
2643 2928 2978 2998 εὑρήκασιν,
3024 2927 3137 2997 ἔχοι
3196 2927 3262 2980 ἂν
3294 2927 3520 2991 εἰκότως
3570 2929 3664 2981 καὶ
3720 2927 3868 2997 λόγον

2286 3021 2472 3086 αὐτοῖς
2516 3022 2550 3093 ἠ
2606 3020 2939 3093 παράϐασις.
2988 3020 3209 3092 Ἐπειδὴ
3241 3021 3297 3074 δὲ
3348 3020 3487 3093 πρὸς
3539 3020 3674 3074 Θεὸν
3724 3020 3868 3075 οὐδὲν

2284 3112 2564 3177 παντελῶς
2593 3112 2665 3166 τὰ
2689 3111 2891 3177 τοιάδε,
2930 3111 3208 3182 γελοιότης
3244 3113 3301 3165 δὲ
3329 3114 3422 3166 καί
3448 3111 3751 3184 ὴλιθιότης,
3781 3114 3867 3166 καί

2281 3206 2383 3258 ὅσα
2409 3203 2622 3268 τούτοις
2654 3202 2842 3273 ἐγγὺς,
2867 3203 3041 3267 οὐδεὶς
3071 3203 3253 3268 αὐτοῖς
3276 3206 3393 3257 ἐστι
3422 3203 3582 3272 λόγος
3604 3203 3708 3275 τῆς
3742 3204 3865 3257 ἀπο-

2284 3299 2546 3370 στροφῆς,
2599 3297 2834 3367 πιθανὴν
2894 3297 3033 3368 ἔχων
3088 3298 3292 3353 αἰτίανέ
3339 3297 3548 3351 Οὐκοῦν
3597 3299 3680 3360 εἰς
3722 3295 3866 3350 οὐδὲν

2280 3391 2731 3462 ἀπεστράφησαν.
2770 3390 3032 3458 Γεγόνασι
3078 3391 3136 3445 δὲ
3180 3392 3315 3462 πρὸς
3353 3390 3570 3455 τούτοις
3602 3392 3700 3445 καὶ
3750 3410 3769 3443 r
3798 3390 3867 3453 ὡς

591 3494 698 3551 que
728 3491 1111 3548 pervenerunt.
1168 3484 1461 3541 Sciendum
1493 3502 1656 3557 porro
1695 3488 1831 3545 alios
1858 3489 2178 3561 interpretes

2283 3482 2433 3550 τόξον
2460 3482 2834 3554 ἐντεταμένον,
2865 3502 2882 3535 ι
2913 3483 2974 3536 οὐ
3005 3482 3312 3555 χαλώμενοι
3341 3485 3476 3557 πρὸς
3500 3484 3862 3555 μετάγνωσιν,

590 3572 857 3637 edidisse,
900 3591 919 3626 ι
961 3573 1088 3630 facti
1131 3588 1259 3631 sunt
1297 3585 1357 3632 ut
1396 3595 1555 3635 arcus
1597 3580 1649 3634 in
1690 3583 2025 3637 contrarium
2063 3599 2181 3640 ver-

588 3679 701 3727 sus,
731 3682 751 3717 ι
783 3679 877 3719 seu
904 3666 1167 3722 obversus
1191 3677 1250 3723 ut
1274 3678 1533 3740 praeterea
1563 3672 1837 3742 quidpiam
1868 3673 2177 3742 hujnsmodi

590 3753 787 3811 fecisse
821 3754 989 3812 Israel
1024 3758 1437 3829 intelligeretur.
1471 3762 1619 3828 Quos
1653 3763 1799 3819 enim
1836 3764 2015 3832 potius
2054 3780 2179 3821 con-

587 3846 843 3901 veniebat
878 3848 1037 3918 quasi
1075 3865 1263 3905 arcum
1301 3863 1489 3909 contra
1523 3854 1709 3911 hostes
1748 3856 1988 3921 intendi,
2020 3866 2074 3912 et
2108 3860 2173 3912 ad

587 3942 1007 4009 oppugnandum
1038 3950 1257 4011 paratos
1279 3943 1456 4000 valide
1484 3944 1669 4013 ferire,
1699 3963 1804 4002 non
1837 3949 2175 4004 animadver-

590 4038 807 4093 terunt,
836 4046 944 4100 quo
978 4041 1137 4103 pacto
1168 4036 1493 4107 semetipsos
1521 4036 1665 4093 velut
1695 4039 1912 4096 emissis
1942 4040 2010 4097 ab
2040 4055 2169 4097 arcu

586 4120 801 4189 sagittis
830 4122 1027 4178 acerbe
1056 4123 1424 4183 vulnerarent.
1454 4127 1623 4184 Deum
1654 4129 1797 4186 enim
1830 4129 2167 4187 olIendentes

581 4208 733 4279 juxta
770 4212 957 4268 modos
982 4212 1093 4281 jam
1127 4214 1304 4271 dictos
1331 4217 1459 4285 quid
1488 4217 1633 4275 aliud
1662 4233 1824 4291 agere
1850 4220 2171 4275 convincan-

2275 3577 2336 3630 οὐ
2388 3575 2744 3646 καθυφιέντες
2783 3575 3001 3630 τουτουῒ
3048 3575 3143 3630 τοῦ
3176 3576 3313 3649 πρὸς
3348 3577 3624 3650 τοσαύτην
3673 3578 3865 3641 αὐτοὺς

2275 3667 2643 3737 ἀποφέροντος
2674 3665 2936 3738 αἰσχύνην
2981 3666 3078 3720 καί
3130 3665 3409 3720 ἀδουλίαν.
3453 3668 3650 3721 ’ἰστέον
3678 3668 3762 3734 δὲ,
3790 3669 3863 3722 ὅτι

2273 3758 2431 3812 τοῦτο
2452 3758 2903 3832 διερμηνεύοντες
2927 3758 3293 3813 ἐκδεδὼκασιν
3320 3759 3521 3831 ἕτεροι,
3540 3779 3559 3813 ι
3584 3760 3864 3829 Ἐγένοντο

2273 3846 2350 3910 ὼς
2372 3845 2527 3911 τόξον
2565 3847 3064 3919 άντεστραμμένον,
3100 3867 3120 3901 ι
3168 3849 3256 3903 ἵνα
3286 3866 3341 3902 τι
3370 3849 3615 3904 τοιοῦτον
3658 3866 3866 3921 πεπρα-

2276 3938 2389 4008 χὼς
2412 3938 2602 4010 νοῆται
2637 3938 2799 3993 πάλιν
2826 3940 2855 3992 6
2899 3939 3137 4012 Ἰσραήλ.
3172 3939 3286 4006 Οὓς
3321 3943 3432 4014 γάρ
3475 3942 3585 3996 ἔδει
3638 3943 3860 4014 μᾶλλον,

2276 4029 2528 4103 καθάπερ
2585 4048 2640 4083 τι
2672 4030 2847 4095 τόξον,
2903 4031 3238 4085 ἐντείνεσθαι
3282 4035 3403 4087 κατ’
3456 4033 3670 4106 ἐχθρῶν
3701 4072 3721 4101 ,
3772 4033 3863 4088 καί

2279 4121 2493 4193 βάλλειν
2520 4121 2754 4186 εὐτόνως
2797 4122 2925 4187 τοὺς
2960 4122 3350 4177 ἀντανίσταθαι
3392 4125 3859 4196 μεμελετηκότας,

2274 4213 2619 4286 διαλελήθασι
2665 4215 2807 4283 σφᾶς
2848 4214 3045 4278 αὐτοὺς
3086 4214 3251 4268 οἰονεί
3276 4215 3446 4282 τόξων
3492 4216 3645 4270 ἀκίσι
3694 4216 3863 4287 πλήτ-

587 4314 694 4367 tur,
727 4319 889 4373 quam
926 4316 1119 4361 contra
1162 4309 1484 4379 semetipsos
1522 4325 1647 4367 suas
1685 4328 1902 4368 armare
1939 4312 2173 4369 manus?

2283 4322 2464 4369 τοντες
2520 4309 2764 4377 πικραῖς.
2801 4304 2923 4376 Θεῷ
2954 4307 3065 4377 γὰρ
3116 4306 3569 4379 προσκρούοντες,
3605 4309 3758 4362 κατά
3800 4323 3857 4376 γε

582 4394 711 4460 τοὺς
770 4396 869 4468 ἤδη
931 4401 1367 4472 προειρημένους
1427 4403 1683 4475 τρόπους,
1732 4404 1785 4458 τί
1833 4404 2068 4476 δρῶντες
2102 4404 2289 4476 ἕτερον
2327 4400 2507 4455 ἁλοῖεν
2556 4400 2659 4463 ἂν,
2717 4398 2751 4469 ἢ
2795 4397 2917 4452 καθ’
2972 4398 3182 4454 ἑαυτῶν
3217 4398 3317 4463 τὰς
3376 4399 3510 4464 ἰδίας
3547 4400 3859 4466 ὁπλίζοντες

621 4492 672 4543 εἴ
709 4508 806 4557 ας;

582 4508 618 4562 χ
653 4507 862 4639 Ppoterit
897 4593 1080 4639 autem
1113 4588 1255 4656 quod
1292 4591 1630 4660 propositum
1663 4599 1749 4647 est
1782 4591 1851 4647 ad
1889 4592 2166 4649 declaran-

2341 4586 2535 4641 Νοοϊτο
2563 4585 2608 4638 δ’
2651 4584 2717 4639 ἂν
2747 4583 2808 4638 τὸ
2842 4586 3223 4657 προκείμενον,
3254 4585 3414 4658 εἰπερ
3444 4603 3523 4659 τῳ
3552 4587 3726 4656 δοκεῖ,
3768 4587 3857 4644 καὶ

582 4674 735 4740 dum,
769 4676 814 4731 si
845 4677 1077 4747 cuipiam
1113 4680 1367 4749 placebit,
1395 4692 1452 4738 et
1483 4683 1642 4739 aliter
1669 4684 1917 4757 intelligi.
1947 4684 2165 4740 Univer-

2283 4679 2395 4734 καθ’
2424 4678 2612 4750 ἕτερον
2641 4678 2861 4748 τρόπον.
2915 4678 2974 4731 ’0
3018 4679 3116 4748 μὲν
3140 4678 3249 4749 γὰρ
3278 4677 3387 4730 τῶν
3414 4677 3555 4731 ὅλων
3586 4679 3724 4743 Θεὸς
3771 4683 3853 4733 ἐνο

583 4782 765 4821 sorum
810 4784 1046 4839 namque
1089 4772 1230 4827 Deus
1272 4773 1526 4830 Israelem
1569 4775 1731 4831 veluti
1775 4793 1960 4833 arcum
2003 4792 2161 4832 suum

2283 4772 2473 4825 ἔτεινεν
2501 4769 2782 4832 οἰονείπως
2810 4770 2901 4823 τὸν
2938 4768 3155 4840 Ἰσραὴλ
3175 4770 3253 4833 ὡς
3287 4769 3419 4823 ἴδιον
3448 4769 3627 4834 τόξον,
3662 4775 3731 4843 τῇ
3763 4771 3855 4825 τοῦ

581 4856 833 4923 intendit,
856 4859 1052 4916 diaboli
1080 4864 1418 4934 tyrannidem
1443 4880 1621 4937 pugna
1646 4867 1940 4932 lacessens,
1965 4877 2018 4922 et
2040 4884 2162 4922 eum

582 4947 934 5006 idololatriae
964 4952 1279 5021 irnposturae
1305 4972 1603 5027 opponens.
1633 4960 1793 5016 Solus
1821 4962 1964 5016 enim
1995 4960 2163 5017 Israel

579 5054 647 5095 ex
685 5042 937 5099 omnibus
975 5048 1227 5115 gentibus
1266 5065 1363 5119 per
1396 5052 1586 5107 orbem
1628 5053 1975 5119 universum,
2009 5056 2160 5124 juxta

581 5141 818 5187 mentem
860 5133 992 5206 legis
1030 5138 1242 5208 repulsa
1284 5140 1549 5198 idolorum
1590 5144 1907 5200 adoratione
1945 5157 2158 5209 natura,

580 5232 635 5278 et
663 5239 849 5280 revera
883 5228 1251 5287 universitatis
1284 5234 1508 5289 Domino
1534 5236 1779 5291 addictus
1804 5246 1858 5292 et
1884 5252 2161 5295 consecra-

583 5323 669 5369 tus
704 5323 841 5372 erat.
881 5316 987 5374 Sed
1032 5322 1086 5375 in
1130 5325 1464 5379 contrarium
1503 5328 1644 5381 versi
1689 5337 1834 5382 sunt.
1875 5328 1972 5395 Qui
2016 5331 2157 5385 enim

580 5401 707 5457 illud
738 5402 922 5461 facere
955 5408 1239 5475 debebant,
1274 5427 1372 5482 pro
1402 5413 1568 5484 gloria
1601 5416 1865 5471 idolorum
1898 5434 2019 5474 cum
2053 5420 2159 5475 Deo

577 5507 976 5563 pugnaverunt.
1014 5499 1164 5556 Facti
1202 5513 1329 5558 sunt
1366 5504 1551 5574 igitur,
1588 5517 1645 5562 ut
1680 5524 1839 5566 arcus
1874 5511 2155 5580 obversus,

576 5588 804 5658 sagittas
832 5590 885 5645 in
916 5594 1251 5650 contrarium
1283 5597 1601 5670 dirigentes.

649 5846 693 5878 “
720 5844 933 5904 Bawch
966 5863 1042 5918 IV,
1067 5850 1123 5906 4.

2270 4860 2515 4917 διαϐόλου
2547 4860 2819 4932 τυραννίδι
2845 4861 3172 4932 μαχόμενος,
3201 4861 3305 4913 ’καὶ
3332 4864 3397 4932 τῇ
3428 4861 3532 4931 τῆς
3573 4863 3856 4919 εἰδωλολα-

2269 4960 2457 5031 τρείας
2484 4956 2793 5025 ἀντεξάγων
2831 4953 3038 5026 ἀπάτῃ.
3074 4953 3249 5015 Μόνος
3273 4952 3384 5022 γὰρ
3405 4955 3472 5007 ἐκ
3500 4955 3723 5008 πάντων
3752 4957 3855 5010 τῶν

2270 5054 2377 5107 ἀνὰ
2401 5055 2581 5106 πᾶσαν
2607 5048 2705 5121 τὴν
2730 5045 3058 5117 οἰκουμένην
3092 5043 3257 5097 ἐθνῶν
3286 5046 3314 5097 6
3346 5045 3588 5115 Ἰσραὴλ,
3627 5048 3773 5102 κατά
3794 5064 3855 5115 γε

2266 5143 2343 5215 τῷ
2371 5143 2523 5214 νόμῳ
2573 5140 2785 5201 δοκοῦν,
2834 5137 3119 5191 ἀπεσείετο
3163 5136 3262 5207 μὲν
3312 5137 3412 5208 τὴν
3462 5138 3575 5193 τῶν
3616 5139 3853 5193 εἰδώλων

2266 5233 2661 5307 προσκύνησιν,
2692 5227 3012 5299 προσέκειτο
3042 5228 3100 5282 δὲ
3120 5227 3198 5298 τῷ
3224 5227 3386 5296 φύσει
3412 5246 3473 5281 τε
3514 5228 3612 5283 καὶ
3638 5229 3854 5299 ἀληθῶς

2263 5327 2372 5380 τῶν
2400 5325 2535 5379 ὅλων
2560 5321 2823 5392 Δεσπότῃ.
2855 5318 2993 5373 Ἀλλ’
3018 5316 3316 5391 ἐτράποντο
3338 5320 3477 5390 πρὸς
3500 5322 3564 5374 τὸ
3587 5322 3849 5375 ἐναντίον.

2265 5418 2328 5470 Ol
2378 5415 2486 5487 γάρ
2518 5416 2693 5468 ἐκεῖνο
2722 5411 2983 5483 πράττειν
3031 5410 3357 5480 ὀφείλοντες,
3400 5411 3543 5479 ὑπὲρ
3591 5413 3696 5482 τῆς
3744 5412 3850 5465 τῶν

2266 5507 2501 5561 εἰδώλων
2528 5506 2683 5575 δόξης
2720 5503 3139 5574 πεπολεμήκασι
3163 5501 3241 5573 τῷ
3270 5501 3411 5571 Θεῷ.
3442 5502 3708 5571 Γεγόνασι
3740 5503 3847 5557 τοί-

2265 5617 2361 5652 νυν
2383 5599 2459 5662 ὡς
2487 5597 2641 5663 τόξον
2669 5595 3172 5667 ἀπεστραμμένον,
3210 5593 3432 5665 ἐναντίᾳ
3471 5593 3751 5666 χρώμενοι
3782 5595 3845 5665 τῇ

2263 5688 2465 5760 τοξείᾳ.
