4068 6582
213 414 320 474 19⁸1

1144 405 1697 465 COMMLN'IARIUS
1738 406 1805 460 IN
1848 405 2083 461 OSEAM
2121 405 2573 460 PIiOPIlE'lAM.

3399 408 3502 465 198

285 530 627 591 Πεσοῦνται
659 509 732 582 ἐν·
759 525 1029 598 ῥομφαίᾳ
1072 527 1128 580 οι
1168 524 1457 596 ἄρχοντες
1486 522 1704 591 αὐτῶν,
1730 522 1802 576 δι’

1975 523 2139 581 Vens.
2174 522 2261 579 I6.
2293 523 2494 577 Cadent
2531 522 2585 576 in
2621 519 2800 590 gladio
2835 519 3103 591 principes
3134 536 3346 588 eorum,
3376 540 3499 595 pro-

212 622 619 688 ἀπαιδευσίας
648 617 940 688 γλώσσης
969 615 1188 671 αὐτῶν.

284 719 362 775 Ob
416 715 562 771 κατὰ
610 714 771 785 μόνον
814 711 957 784 ἡξει,
996 711 1153 782 φησι,
1188 710 1299 765 τῶν
1339 712 1451 775 τοῖς
1480 708 1805 782 ἡγουμένοις

211 805 662 879 ὑπεστρωμένων
707 802 778 856 τὰ
819 800 880 867 ἐξ
925 800 1118 872 ὀργῆς,
1166 798 1541 870 καταλήψεται
1575 797 1630 849 δὲ
1655 837 1669 861 ,
1712 795 1806 849 καὶ

216 906 368 975 μάλα
400 901 640 972 γοργῶς,
665 898 759 951 καὶ
794 895 921 959 τοὺς
949 898 1072 959 ταῖς
1102 893 1365 948 ἀνωτάτω
1389 894 1579 963 τιμαῖς
1614 892 1805 962 ἐντρυ-

214 998 325 1068 eiu
352 993 631 1054 είωθότας.
670 984 974 1042 Πεσοῦνται
1001 985 1111 1058 γάρ
1150 986 1209 1039 ἐν
1243 982 1506 1056 ῥομφαίᾳ,
1540 981 1633 1035 καὶ
1671 980 1808 1053 πρό-

215 1104 385 1158 φασις
434 1084 586 1138 ἔσται
614 1079 708 1134 τοῦ
763 1078 959 1133 παθεῖν
1013 1078 1231 1140 αὐτοὺς,
1294 1076 1393 1146 τῆς
1445 1070 1699 1144 γλώσσης
1747 1071 1808 1125 τὸ

215 1178 469 1247 ἀσελγές.
515 1171 869 1229 Ἀπαιδευσία
900 1170 1010 1242 γάρ
1060 1167 1279 1239 άληθῶς
1328 1167 1391 1220 τὸ
1432 1164 1511 1236 τῷ
1544 1163 1686 1235 ξύλῳ
1719 1162 1809 1216 λέ-

214 1291 363 1344 γειν,
404 1288 422 1322 ι
455 1267 589 1330 θεός
627 1281 731 1337 μου
767 1258 816 1317 εἰ
844 1263 941 1317 σύ’
975 1264 1070 1318 καὶ
1102 1262 1181 1334 τῷ
1224 1260 1379 1331 λίθῳ,
1408 1259 1480 1313 Σὺ
1508 1256 1808 1330 ἐγέννησάς

218 1384 592 1528 Migginem
633 1453 678 1508 δ’
712 1450 778 1506 ἂν
808 1444 867 1505 εὖ
901 1449 1048 1520 μάλα
1085 1446 1180 1501 καὶ
1210 1444 1279 1499 τὰ
1306 1443 1485 1499 τοιάδε
1513 1442 1695 1512 λέγειν
1728 1440 1808 1513 τῷ

229 1537 624 1620 Ἐμμανουήλ,
675 1545 797 1599 καθ’
849 1537 911 1598 οὗ
953 1542 1053 1612 τὴν
1107 1538 1433 1594 ἀπαίδευτον
1486 1537 1808 1607 κεκινήκασι

214 1642 476 1712 γλῶσσαν
538 1640 588 1693 oi
631 1636 982 1710 Γραμματεῖς
1014 1649 1073 1685 τε
1129 1630 1229 1684 καὶ⁹
1272 1630 1583 1700 Φαρισαῖοι,
1630 1625 1808 1681 καίτοι

216 1733 571 1797 παιδεύοντός
618 1748 677 1786 τε
708 1731 803 1785 καὶ
828 1725 1235 1797 κατισχύοντος,
1265 1724 1424 1795 δῆλον
1447 1722 1505 1775 δέ
1527 1722 1609 1775 ὅτι
1638 1737 1806 1774 πνευσ-

222 1827 499 1901 ματιιιῶς.
526 1819 627 1879 Ὧν
680 1822 834 1877 οὐδὲν
870 1818 1358 1888 ὑπολογισάμενοι,
1393 1816 1489 1868 καὶ
1530 1813 1809 1885 ἀπεστρά-

1905 627 2022 687 pter
2047 618 2371 684 imperitiam
2403 616 2599 686 lingua:
2628 630 2833 668 eorum.

1979 706 2264 763 LXXXIV.
2307 707 2425 761 Non
2464 716 2650 760 contra
2695 705 2841 760 solos
2882 703 3219 774 principibus
3256 706 3504 760 subditos

1909 798 1992 853 ira
2028 798 2307 869 suppliciis
2342 797 2559 862 szeviet;
2591 795 3014 865 comprehendet
3055 795 3246 860 etiam,
3279 805 3333 850 et
3363 797 3503 849 velo.

1908 891 2146 957 cissime,
2174 891 2265 961 qui
2296 891 2346 944 in
2378 889 2609 945 summis
2645 887 2941 942 honoribus
2967 900 3096 941 suas
3130 887 3331 941 habere
3361 886 3483 941 volu

1878 1058 1881 1059 ν
1909 997 2087 1056 ptates
2117 995 2537 1041 consueverunt.
2563 1003 2583 1036 ι
2611 984 2822 1040 Cadent
2849 983 2992 1037 enim
3017 981 3069 1034 in
3102 980 3340 1051 gladio,»
3362 983 3502 1052 quod

1910 1077 2109 1130 malum
2161 1076 2265 1132 illis
2310 1078 2492 1147 pariet
2539 1076 2737 1146 lingme
2782 1075 3132 1145 protervitas.
3174 1073 3315 1130 Vere
3359 1074 3503 1127 enim

1909 1166 2137 1220 stultitia
2180 1177 2296 1235 est,
2334 1167 2479 1238 ligno
2518 1166 2702 1222 dicere
2739 1184 2753 1221 :
2796 1184 2815 1217 ι
2859 1165 3003 1224 Deus
3040 1179 3193 1222 meus
3227 1180 3287 1222 es
3326 1173 3415 1230 tu;
3450 1173 3505 1220 et

1909 1256 2071 1329 lapidi
2106 1276 2120 1313 :
2150 1257 2231 1314 Tu
2263 1274 2350 1315 me
2379 1260 2615 1329 genuisti
2640 1260 2708 1313 ¹⁹.
2750 1276 2770 1311 ι

1980 1438 2131 1495 Talia
2160 1449 2215 1496 et
2250 1439 2569 1496 Emmanuel
2603 1448 2727 1510 apte
2759 1439 2905 1495 dicet
2927 1479 2943 1503 .
2981 1438 3035 1493 in
3070 1452 3232 1508 quem
3267 1437 3503 1509 linguam

1912 1533 2217 1603 imperitam
2248 1542 2533 1588 moverunt
2559 1531 2767 1588 Scribze
2793 1541 2848 1587 et
2877 1530 3162 1598 Pharisaei,
3191 1544 3503 1600 quanquam

1911 1638 2007 1679 eos
2035 1624 2367 1679 erudientem
2400 1631 2456 1678 et
2488 1621 2928 1688 conﬁrmantem,
2959 1619 3316 1691 spiritualiter
3346 1619 3507 1673 nimi--

1911 1730 2053 1768 rum.
2076 1713 2315 1782 Quorum
2349 1713 2483 1770 nihil
2512 1708 2862 1785 reputantes;
2892 1722 2947 1769 et
2973 1712 3152 1770 aversi
3181 1720 3306 1768 sunt
3330 1712 3397 1767 ad
3425 1711 3539 1765 nir-

1912 1805 1985 1860 hil
2026 1806 2302 1878 (conversi
2341 1817 2465 1863 sunt
2502 1810 2701 1880 quippe
2736 1810 2803 1864 ad
2838 1807 3118 1863 doctrinas
3155 1817 3210 1861 et
3246 1806 3504 1861 mandata

216 1893 406 1993 έρησαν
433 1919 513 1981 είς
564 1915 739 1971 οὐδέν.
784 1913 1116 1985 Ἐτράποντο
1161 1911 1271 1979 γὰρ
1316 1911 1396 1973 εἰς
1437 1905 1806 1970 διδασκαλίας,

1920 1899 2191 1954 hominum
2212 1900 2304 1967 ³ο),
2363 1911 2419 1956 et
2455 1902 2581 1956 facti
2618 1910 2746 1957 sunt
2782 1911 2839 1956 ut
2874 1915 3038 1956 arcus
3073 1900 3125 1954 in
3161 1898 3499 1954 contrarium

216 2012 537 2084 ἐντάλματα
568 2006 891 2081 ἀνθρώπων.
924 2007 1033 2060 Καὶ
1063 2003 1354 2074 γεγόνασιν
1384 2001 1461 2065 ὼς
1489 2000 1644 2065 τόξον
1675 1999 1809 2053 άντ-

217 2102 626 2176 εστραμμένον,
681 2099 969 2171 βάλλοντες
996 2096 1223 2160 ἀνοσίως
1254 2094 1343 2148 τὸν
1374 2092 1580 2149 ἑαυτῶν
1608 2090 1813 2146 Δεσπό-

216 2215 347 2269 την,
394 2188 458 2249 οὗ
512 2193 713 2266 μᾶλλον
766 2191 936 2264 ἐχρῆν
988 2189 1367 2263 ὓπεραθλῆσαι
1400 2183 1633 2256 γενικῶς
1658 2223 1673 2248 ,
1717 2181 1813 2236 καὶ

217 2292 386 2361 νικᾷν
414 2286 733 2356 ἐπείγεσθαι
770 2286 898 2348 τοὺς
930 2282 1440 2354 ἀντιτεταγμένους,
1468 2278 1611 2335 καθὰ
1644 2276 1739 2331 καὶ
1761 2275 1813 2329 oi

218 2382 334 2437 σι’ὦν
365 2379 779 2435 πιστευσάντων
809 2380 1023 2449 γνήσιοι
1054 2376 1314 2450 μαθηταί.

827 2514 1080 2567 ΚΕΦΑΛ.
1124 2513 1206 2567 H'.

297 2622 491 2695 Οὗτος
521 2629 555 2682 ὁ
588 2624 934 2697 φαυλισμός
958 2620 1155 2679 αὐτῶν
1184 2623 1255 2677 ἐν
1288 2620 1368 2692 τῇ
1397 2621 1695 2692 Αἰγύπτῳ,
1728 2623 1816 2690 εὶς

219 2714 465 2769 κόλπον
497 2713 715 2768 αὐτῶν,
763 2711 862 2779 Ὠς
903 2708 1002 2780 γῆ,
1033 2712 1114 2775 ὠς
1159 2711 1335 2777 ἀετὸς
1376 2711 1471 2765 ἐπ’
1504 2707 1673 2765 οἶκον
1695 2714 1814 2766 Κυ-

210 2806 383 2875 ρίου,
417 2805 549 2860 ἀνθ’
575 2798 663 2859 ὧν
699 2803 1051 2873 παρέϐησαν
1075 2802 1190 2873 τὴν
1227 2802 1522 2873 διαθήκην
1547 2821 1688 2875 μου,
1717 2804 1817 2859 καὶ

220 2899 382 2954 κατὰ
417 2898 527 2954 τοῦ
554 2899 742 2969 νόμου
768 2897 1107 2967 ἠσέϐησαν.

312 3104 447 3159 IlE'.
526 3099 778 3171 ’Δσαφῶς
836 3100 936 3172 μὲν
992 3099 1115 3154 λίαν
1173 3099 1390 3172 εἴρηται
1466 3100 1659 3167 ταυτὶ,
1717 3098 1818 3170 τῆς

232 3195 534 3269 Ἐϐραίων,
567 3193 819 3266 καθάπερ
849 3186 1086 3264 ἐγῷμαι,
1118 3195 1303 3265 φωνῆς
1330 3191 1529 3263 πολλὴν
1556 3191 1818 3263 ἐμποιού-

1917 2007 2110 2047 versus
2143 1993 2406 2047 scelerate
2443 1992 2726 2047 Dominum
2764 2009 2920 2048 suum
2954 1991 3231 2054 ferientes,
3267 2006 3364 2061 pro
3401 2005 3509 2061 quo

1919 2084 2098 2154 patins
2127 2084 2354 2140 viriliter
2388 2085 2546 2156 117
2579 2095 2816 2152 certare,
2849 2095 2903 2140 et
2935 2085 3002 2139 ad
3039 2083 3382 2139 adversarios
3416 2098 3508 2137 su-

1920 2177 2220 2247 perandos,
2267 2177 2408 2232 sicut
2452 2191 2521 2231 ex
2568 2178 2919 2233 credentibus
2962 2174 3207 2249 germani
3257 2173 3508 2245 discipuli

1921 2269 2053 2325 dare
2082 2283 2204 2326 sese
2234 2268 2559 2326 debuerunt.

2548 2512 2701 2570 CAP.
2757 2512 2893 2569 VIII.

1995 2625 2163 2683 Vens.
2196 2624 2386 2683 LIsta
2427 2625 2772 2681 subsannatio
2829 2642 3007 2680 eorum
3039 2625 3094 2680 in
3141 2633 3283 2678 terra
3334 2621 3509 2695 Egy-

1921 2728 2035 2787 pto,
2059 2721 2114 2774 in
2134 2721 2307 2775 sinum
2339 2736 2539 2774 eorum.
2580 2717 2747 2785 Quasi
2778 2727 2939 2783 terra,
2971 2715 3124 2786 quasi
3150 2714 3328 2785 aquila
3355 2730 3511 2783 super

1923 2812 2136 2865 domum
2186 2810 2417 2875 Domini,
2471 2825 2567 2879 pro
2615 2824 2676 2863 eo
2709 2808 2849 2879 quod
2887 2808 3203 2876 transgressi
3249 2815 3373 2861 sunt
3428 2817 3509 2861 te-

1923 2910 2239 2957 stamentum
2285 2916 2477 2966 meum,
2521 2909 2570 2955 et
2640 2908 2826 2955 contra
2895 2897 3058 2968 legem
3124 2913 3292 2951 meum
3351 2896 3511 2965 impie

1923 3004 2159 3067 egerunt.

1997 3109 2264 3167 LXXXV.
2306 3110 2451 3178 Haec,
2515 3119 2576 3165 ut
2639 3125 2740 3181 ego
2802 3109 3000 3175 sentio,
3031 3108 3212 3179 lingua
3282 3106 3507 3162 llebraea

1924 3205 2314 3260 obscurissime
2347 3204 2549 3274 scripta
2580 3212 2726 3269 sunt,
2764 3203 2906 3257 unde
2938 3200 3328 3272 interpretibus
3370 3200 3506 3254 mul-

224 3307 332 3362 σης
353 3291 472 3352 τοῖς
498 3286 916 3359 διερμηνεύουσι
936 3285 1033 3357 τὴν
1062 3285 1402 3356 δυσχέρειαν.
1448 3284 1736 3357 Ἑπόμενοι
1758 3285 1815 3339 δὲ

1924 3308 1974 3351 ta
2014 3295 2307 3351 difﬁcultas
2351 3295 2628 3364 obiicitur.
2666 3294 2776 3351 Nos
2806 3309 2935 3351 vero
3010 3294 3298 3349 sententiae
3361 3292 3511 3348 ordi-

221 3384 394 3453 ἡμεῖς
406 3383 473 3453 τῇ
487 3380 596 3432 τῶν
607 3379 896 3451 νοημάτων
908 3378 1079 3444 τάξει,
1098 3376 1159 3431 τὸ
1171 3379 1250 3442 είς
1266 3375 1390 3432 νοῦν
1406 3371 1540 3448 ἧκον
1560 3379 1586 3431 ἐ
1595 3377 1686 3446 ροῦ
1696 3394 1817 3448 μεν.

227 3494 247 3527 ι
280 3471 457 3539 Οὗτος
488 3473 668 3528 τοίνυν
696 3475 725 3527 ὁ
755 3472 1067 3542 φαυλισμὸς
1099 3470 1299 3533 αὐτῶν,
1333 3488 1350 3521 ι
1392 3470 1580 3541 φησιν,
1608 3489 1627 3522 ι
1659 3472 1718 3523 ἐν
1747 3472 1817 3541 γῇ

218 3563 515 3635 Αἰγύπτῳ,
544 3582 564 3616 s
585 3561 886 3624 τουτέστιν,
905 3560 1204 3632 ἐπειδήπερ
1220 3558 1321 3631 ἐμὲ
1341 3562 1432 3614 τὸν
1447 3559 1533 3613 ἀεὶ
1556 3558 1817 3627 σώζοντα,

220 3658 321 3713 καὶ
354 3656 704 3721 παιδεύοντα,
724 3655 820 3708 καὶ
850 3652 1295 3722 ἀκαταγώνιστον
1307 3652 1528 3706 τιθέντα
1552 3654 1663 3716 τοῖε⁸
1688 3653 1821 3707 ave-

220 3748 521 3821 εστηκόσιν
574 3747 854 3819 (ἐνίσχυσα
880 3747 992 3817 γὰρ
1044 3744 1263 3816 αὐτοὺς)
1303 3744 1679 3816 ἐξεφαύλησαν
1721 3746 1811 3798 άν-

220 3840 416 3905 οσίως,
449 3838 751 3910 δαιμονίοις
784 3838 881 3909 μὲν
899 3836 1267 3908 ἀπονέμοντες
1288 3835 1564 3909 λατρείας,
1594 3833 1821 3906 ἐπιθαρ-

223 3934 503 4005 σήσαντες
523 3930 580 3984 δέ
609 3930 707 3984 καὶ
738 3931 804 4001 τῇ
836 3928 947 3983 τῶν
980 3927 1295 3997 Αἰγυπτίων
1329 3929 1421 3997 γῇ,
1453 3927 1549 3981 καὶ¹
1576 3926 1820 3997 ἀποχρή-

224 4041 347 4079 σειν
380 4023 570 4086 αύτοῖς
616 4024 698 4086 είς
745 4021 1049 4094 εὐημερίας
1089 4016 1190 4084 τὰς
1241 4019 1452 4073 ἐκεῖθεν
1500 4019 1821 4091 ἐπικουρίας

220 4119 490 4189 οἰόμενοι,
520 4114 777 4189 ταύτῃτοι
809 4115 905 4169 καὶ
950 4116 1031 4179 είς
1069 4113 1270 4167 κόλπον
1317 4110 1497 4166 αὐτῶν
1540 4113 1820 4184 ἀποστρα-

222 4211 468 4283 φήσεται
493 4208 555 4262 τὸ
578 4207 907 4279 ἐγχείρημα,
941 4206 1037 4260 καὶ
1058 4205 1156 4276 τῆς
1187 4205 1398 4258 ἑαυτῶν
1422 4202 1819 4267 εἰκαιοόουλίας

221 4301 332 4356 οὐκ
382 4301 596 4370 ἀγαθὰς
630 4301 958 4372 εὑρήσουσιν
1002 4297 1258 4369 ἀμοιϐάς.
1319 4295 1713 4369 ’Δπολήψονται
1761 4296 1819 4351 δέ

223 4392 490 4463 καθάπερ
519 4393 599 4454 είς
631 4390 832 4444 κόλπον
863 4390 963 4454 τὰς
984 4389 1161 4453 δίκας.
1199 4387 1357 4455 Ἥξει
1382 4387 1509 4459 γὰρ,
1540 4388 1683 4459 ήξει,
1716 4406 1821 4462 φη-

226 4484 339 4548 σὶν,
360 4484 392 4537 ὁ
428 4482 789 4555 καταδῃώσας
827 4482 1043 4547 αὐτοὺς,
1068 4480 1178 4536 τῶν
1213 4481 1513 4554 Ἀσσυρίων
1561 4482 1590 4535 ό
1618 4480 1817 4552 τύραν-

232 4594 320 4640 νος
349 4575 589 4648 ἀριθμοῦ
605 4576 893 4647 κρείττονα
910 4574 1009 4646 τὴν
1025 4573 1135 4628 τῶν
1159 4573 1411 4645 μαχίμων
1427 4573 1565 4645 ἔχων
1584 4573 1815 4645 πληθύν.

227 4669 399 4734 Ἥξει
432 4686 491 4721 τε
516 4670 699 4732 αὐτοῖς
733 4668 810 4732 ὡς
836 4668 935 4738 ὅλη
968 4668 1062 4739 γῆ,
1087 4669 1180 4722 καὶ
1203 4667 1353 4739 χώρα
1375 4669 1468 4722 καὶ
1495 4667 1714 4740 πατρὶς,
1734 4668 1825 4724 ἵνα.

223 4778 314 4823 τις
343 4762 526 4831 οἴηται
556 4760 657 4831 τὴν
678 4759 907 4829 Περσῶν
942 4760 1037 4813 καὶ
1061 4760 1259 4830 Μήδων
1282 4759 1410 4830 ὅλην
1427 4759 1486 4826 ἐξ
1506 4760 1626 4812 ὅλου
1657 4777 1823 4830 μετα-

229 4853 435 4924 στῆναι
464 4852 671 4923 χώραν,
700 4852 797 4906 καὶ
818 4853 899 4916 είς
926 4851 1240 4925 Σαμάρειαν
1277 4851 1454 4906 ἐλθεῖν
1473 4870 1485 4882 ·
1515 4851 1675 4906 τοῦτό
1708 4853 1824 4906 ἐστι

228 4944 317 5007 τὸ,
361 4962 381 4995 ι
420 4942 494 5007 ὡς
518 4943 609 5013 γῆ.
646 4961 664 4995 ι
702 4941 861 5009 Ἥξει
885 4943 943 4998 δὲ
972 4945 1066 4997 καὶ
1093 4943 1169 5008 ὡς
1192 4946 1220 4998 ὁ
1252 4943 1412 5006 ἀετὸς
1437 4945 1514 5007 είς
1542 4939 1689 4997 οἷκον
1714 4944 1823 4997 Ku-

230 5035 376 5107 ρίου,
426 5034 727 5101 τουτέστιν,
776 5035 1149 5106 ἀναπτήσεται
1193 5034 1281 5087 ἐπ’
1324 5034 1487 5088 αὑτὸν
1544 5032 1668 5099 ὀξὺς
1734 5035 1829 5089 καὶ

226 5126 410 5191 δεινὸς
460 5126 553 5180 τὸν
588 5126 716 5181 ναὸν
748 5125 843 5180 τοῦ
895 5126 1052 5193 Θεοῦ,
1104 5126 1199 5182 καὶ
1247 5127 1678 5198 καταδραμεῖται
1722 5126 1822 5199 τῆς

240 5218 422 5273 Ἰούδα
471 5218 745 5290 βασιλείας
792 5219 886 5273 καὶ
933 5219 1041 5274 τῶν
1112 5218 1520 5291 Ἰεροσολύμων,
1563 5216 1824 5291 ἁρπάζων

225 5310 501 5384 ἀμογητὶ,
532 5310 626 5365 καὶ
647 5309 1000 5382 άποκομίζων
1028 5311 1108 5372 είς
1129 5310 1227 5379 τὴν
1251 5309 1468 5365 ἑαυτοῦ.
1498 5310 1697 5383 Πρώτη
1724 5312 1825 5383 μὲν

226 5402 345 5474 γὰρ
372 5404 408 5473 ἠ
453 5403 809 5475 Σαμαρειτῶν
853 5404 1198 5476 πεπόρθηται
1244 5404 1419 5478 χώρα,
1449 5405 1544 5460 καὶ
1587 5407 1644 5459 ἐν
1682 5406 1821 5479 αὐτῇ

226 5510 338 5548 που
368 5492 589 5558 πάντως
622 5494 650 5547 ὁ
692 5494 928 5566 Ἰσραήλ.
964 5495 1231 5566 ’Ὕστερον
1256 5496 1313 5550 δὲ
1340 5497 1436 5551 καὶ
1476 5498 1613 5570 αὐτὴ
1637 5497 1823 5553 λοιπὸν

226 5586 264 5656 ἡ
288 5584 584 5656 διαὸόητος
608 5585 815 5658 ἐλήφθη
845 5586 1023 5651 πόλις,
1052 5588 1138 5656 ἐφ’
1249 5589 1345 5643 καὶ
1371 5592 1399 5643 ὁ
1424 5591 1713 5663 προφήτης
1727 5591 1825 5645 Ἰε-

230 5678 434 5749 ρεμίας
469 5678 710 5751 ἐθρήνει,
737 5679 941 5748 λέγων’
974 5698 993 5733 ι
1026 5680 1153 5745 Πῶς
1178 5681 1398 5737 ἐκάθισε
1443 5684 1579 5757 μόνη
1605 5685 1639 5756 ή
1667 5685 1821 5747 πόλις

314 5856 361 5887 ι’
391 5854 496 5912 lsa.
526 5872 587 5926 tt,
622 5856 712 5913 Ξῖ.
789 5858 836 5892 ’⁸
871 5858 1060 5915 Matth.
1091 5873 1180 5925 xv,
1212 5858 1268 5915 9.

1922 3400 2043 3439 nem
2079 3394 2394 3455 sequentes,
2428 3386 2572 3454 quod
2604 3386 2655 3439 in
2690 3393 2926 3438 mentem
2978 3383 3205 3448 venerit,
3244 3383 3507 3437 dicemus.

1921 3478 2100 3547 lnquit
2162 3478 2347 3549 igitur,
2388 3478 2546 3532 «Ista
2606 3476 2963 3532 subsannatio
3022 3490 3209 3531 eorum
3264 3475 3315 3529 in
3366 3482 3509 3529 terra

1921 3569 2177 3641 Egypto,
2211 3588 2231 3622 ι
2266 3569 2369 3625 hoc
2406 3577 2510 3635 est,
2549 3579 2837 3639 postquam
2880 3582 2965 3622 me
3016 3581 3233 3637 semper
3291 3581 3512 3622 servan-

1923 3671 2027 3718 tem
2079 3677 2213 3727 cos,
2272 3671 2327 3717 et
2362 3662 2702 3718 erudientem
2733 3700 2749 3725 ,
2813 3670 2870 3716 et
2924 3660 2995 3716 ab
3038 3659 3365 3715 adversariis
3433 3660 3510 3713 iu-

1919 3754 2094 3810 victos
2133 3760 2474 3825 praestantem
2507 3749 2899 3823 (corroboravi
2955 3749 3101 3804 enim
3147 3749 3289 3816 eos)
3343 3749 3509 3820 impie

1919 3848 2418 3910 subsannaverunt,
2457 3844 2729 3900 daemones
2760 3857 2859 3913 pro
2894 3842 3002 3898 diis
3052 3842 3315 3907 colentes,
3350 3851 3410 3895 et
3446 3841 3509 3895 ti-

1921 3938 2115 3992 derunt
2152 3945 2312 3991 teme
2358 3933 2739 4006 Egyptiorum
2762 3972 2780 3999 ,
2820 3944 2879 3989 et
2918 3932 3119 3989 auxilia
3159 3932 3372 3987 illorum
3401 3931 3509 3987 sibi

1918 4027 1986 4083 ad
2032 4042 2345 4099 prosperam
2383 4027 2511 4082 vita!
2542 4026 2911 4082 conditionem
2956 4024 3249 4081 suilectura
3293 4023 3508 4095 judica-

1921 4128 2070 4185 runt,
2115 4119 2322 4175 idcirco
2369 4117 2425 4173 in
2461 4118 2642 4174 sinum
2695 4131 2886 4173 eorum
2936 4126 3244 4174 revertetur
3282 4126 3512 4173 conatus

1917 4224 2133 4277 eorum,
2168 4220 2223 4266 et
2253 4210 2583 4266 temeritatis
2625 4224 2738 4265 sua:
2791 4210 3095 4265 mercedem
3157 4225 3263 4265 non
3313 4210 3509 4266 bonam

1919 4302 2237 4369 invenient;
2269 4300 2418 4357 velut
2448 4301 2591 4357 enim
2613 4301 2664 4356 in
2696 4301 2873 4356 sinum
2898 4312 3088 4372 pmnas
3104 4302 3382 4371 recipient.
3417 4299 3515 4357 Ve-

1920 4395 2034 4451 niet
2100 4393 2412 4465 siquidem,
2461 4393 2682 4459 veniet,
2738 4393 2944 4463 inquit,
2982 4394 3075 4464 qui
3134 4394 3369 4448 vastabit
3419 4408 3514 4451 eos

1918 4486 2268 4556 Assyriorum
2327 4495 2593 4557 tyrannus
2642 4500 2764 4540 cum
2807 4485 3193 4540 innumerabili
3244 4486 3509 4551 exercitu,

1922 4580 2213 4648 venietque
2258 4578 2390 4648 ipsis
2440 4591 2493 4633 ut
2530 4587 2637 4632 tota
2675 4586 2925 4644 terra,et
2981 4579 3156 4648 regio,
3201 4591 3256 4633 et
3306 4579 3510 4648 patria,

1919 4674 1983 4725 ut
2019 4670 2144 4740 quis
2173 4667 2462 4725 Persarum
2508 4680 2563 4725 et
2595 4668 2873 4725 Medorum
2923 4678 3087 4723 totam
3121 4684 3152 4725 e
3188 4678 3300 4724 toto
3334 4670 3512 4739 regio-

1922 4777 2046 4817 nem
2077 4761 2361 4832 migrasse,
2392 4762 2526 4817 etin
2581 4761 2884 4817 Samariam
2954 4760 3169 4816 venisse
3214 4761 3507 4815 existimet.

1921 4851 2036 4908 Hoc
2059 4853 2195 4919 vult,
2238 4854 2379 4921 quod
2409 4853 2627 4919 dicitur,
2667 4871 2686 4905 ι
2717 4854 2874 4923 quasi
2906 4861 3073 4908 terra.
3110 4870 3129 4904 ι
3165 4852 3356 4908 Veniet
3383 4856 3510 4909 item

1931 4963 1951 4997 ι
1979 4946 2131 5015 quasi
2161 4944 2341 5016 aquila
2382 4947 2434 5001 in
2472 4945 2691 5001 domum
2732 4946 2979 5013 Domini,
3036 4963 3056 4999 ι
3085 4945 3191 5002 hoc
3223 4956 3329 5013 est,
3364 4947 3514 5003 subi—

1928 5050 2014 5093 tus
2051 5048 2106 5093 et
2139 5038 2395 5094 terribilis
2425 5039 2685 5109 templum
2722 5038 2819 5093 Dei
2864 5037 3146 5104 in'volabit,
3188 5048 3243 5095 et
3282 5055 3510 5110 regnum

1930 5128 2101 5198 ludas,
2135 5140 2298 5202 atque
2328 5128 2757 5205 Hierosolymam
2792 5131 3123 5199 incursabit,
3177 5133 3314 5188 citra
3363 5133 3513 5188 labo-

1933 5238 2047 5281 rem
2091 5224 2325 5293 rapiens,
2356 5234 2413 5279 et
2461 5225 2515 5281 in
2551 5240 2775 5297 regnum
2824 5240 2982 5281 suum
3028 5235 3339 5297 exportans.
3389 5225 3512 5280 Pri-

1926 5332 2075 5372 mum
2148 5318 2293 5372 enim
2360 5318 2761 5384 Samaritaruni
2828 5317 2976 5391 regio
3042 5319 3511 5389 depOpulationem

1925 5409 2113 5476 subiit,
2166 5421 2222 5465 et
2252 5411 2304 5465 in
2331 5426 2395 5464 ea
2441 5410 2628 5480 utique
2685 5410 2868 5466 Israel.
2904 5409 3256 5466 Postmodqu
3309 5416 3364 5465 et
3421 5408 3513 5464 illa

1926 5502 2195 5559 celebrata
2233 5502 2362 5557 urbs
2391 5514 2546 5574 capta
2605 5512 2709 5568 est,
2749 5517 2910 5572 quam
2948 5513 3004 5558 et
3041 5504 3303 5574 propheta
3356 5500 3511 5556 lere-

1923 5597 2063 5651 mias
2092 5594 2326 5660 deﬂevit,
2360 5595 2447 5650 his
2476 5610 2605 5650 usus
2622 5594 2799 5650 verbis
2827 5613 2841 5649 :
2871 5613 2891 5648 ι
2921 5594 3204 5661 Quomodo
3222 5594 3372 5649 sedet
3393 5593 3512 5647 sola

1923 5689 2114 5747 civitas
2157 5688 2314 5759 plena
2356 5687 2615 5759 populis?
2640 5687 2892 5760 princeps
2924 5686 3328 5759 provinciarum
3362 5685 3509 5741 facta
