4068 6558
647 402 751 460 {99

1630 399 1690 458 s.
1731 396 2008 456 CYRlLLl
2050 396 2526 456 ALEXANDRINI
2565 370 2885 457 Aacntsr.

3810 406 3913 461 200

642 526 727 573 est
778 514 1060 571 tributaria
1088 514 1188 569 “.r
1221 512 1357 583 Quin
1394 514 1535 569 enim
1582 531 1686 570 una
1736 531 1862 572 cum
1922 516 2053 572 urbe
2107 532 2215 571 cre-

2330 520 2361 589 ἡ
2404 518 2832 591 πεπληθυσμένη
2875 517 3051 586 λαῶν;
3083 484 3323 590 ἄρχουσα
3350 519 3409 574 ἐν
3437 518 3638 592 χώραις
3667 522 3909 593 ἐγενήθη

558 638 569 655 ι
644 614 845 660 matum
885 604 955 659 sit
986 604 1264 673 templum,
1304 604 1446 659 nulla
1479 614 1563 659 est
1586 605 1874 662 dubitatio.
1910 607 2085 676 Atque
2114 610 2227 662 haec

641 696 746 750 illis
797 695 1066 758 evenient,
1097 694 1292 764 inquit,
1315 695 1439 765 quia
1471 694 1710 749 divinum
1750 697 2072 766 transgressi
2101 705 2227 752 sunt

640 795 1045 853 testamentum,
1073 794 1128 840 et
1156 794 1344 839 contra
1380 785 1550 856 legem
1587 786 1653 842 de
1696 802 1798 856 qua
1831 786 2090 853 diximus,
2119 786 2225 840 im-

640 880 728 947 pie
790 885 1035 948 egerunt.
1099 874 1336 933 Omnino
1394 879 1536 932 enim
1615 892 1711 947 per
1767 878 2224 948 sapientissimum

638 969 859 1041 Moysen
898 971 1155 1026 divinitus
1196 969 1354 1026 eﬂ'ata
1413 969 1857 1041 parviducentes,
1918 970 2081 1024 vitam
2126 985 2225 1040 pro

638 1065 861 1119 libidine
895 1079 990 1119 sua
1022 1065 1330 1136 transigere
1372 1066 1743 1131 conabantur,
1773 1073 1828 1119 et
1873 1063 2034 1135 118
2064 1063 2225 1134 quili-

635 1155 731 1211 bet
779 1155 1061 1211 arbitrium
1116 1156 1370 1213 sunm‘et
1411 1157 1748 1229 religionem,
1791 1164 1847 1211 et
1886 1155 2055 1226 legem
2110 1156 2216 1213 sibi

638 1251 937 1305 statuebat.

710 1340 874 1396 Vens.
917 1340 972 1408 2,
1002 1342 1055 1399 5.
1081 1339 1168 1395 Me
1206 1341 1531 1408 clamabunt,
1564 1343 1723 1409 Deus,
1747 1348 2081 1417 cognovimus
2110 1354 2160 1399 te
2198 1360 2218 1409 ς

635 1434 761 1504 quia
835 1432 1004 1489 Israel
1071 1435 1291 1505 projecit
1369 1437 1525 1502 bona,
1598 1436 1871 1492 inimicum
1960 1438 2221 1505 persecuti

636 1536 779 1581 sunt.

706 1616 992 1674 LXXXVI.
1042 1616 1219 1689 Super
1264 1613 1538 1675 frumento
1579 1628 1634 1675 et
1696 1619 1823 1676 vino
1891 1623 2115 1687 concisi,
2165 1630 2220 1677 et

635 1711 930 1768 immundis
988 1710 1319 1767 daemonibus
1376 1711 1543 1767 festos
1590 1712 1711 1768 dies
1760 1724 2098 1786 peragenles,
2127 1714 2218 1783 qui

635 1805 894 1861 cordibus
933 1805 1045 1859 suis
1090 1803 1157 1857 ad
1207 1803 1373 1857 Deum
1444 1819 1547 1859 non
1598 1804 1986 1872 clamaverunt,
2045 1821 2218 1877 neque

2326 612 2406 672 εἰς
2454 610 2639 682 φόρον.
2680 628 2698 661 ι
2733 610 2856 662 Ὅτι
2882 610 2991 681 γὰρ
3042 610 3390 682 συνεπρήσθη
3432 615 3502 683 τῇ
3551 611 3707 666 πόλει
3745 614 3845 666 καὶ
3887 616 3912 668 ὀ

2325 702 2474 766 ναὸς,
2506 701 2804 773 οὐδαμόθεν
2825 702 3147 773 ἀμφίλογον.
3180 701 3365 757 Ταῦτα
3398 702 3455 755 δὲ
3484 704 3664 767 αὐτοῖς
3694 703 3909 775 συμϐή-

2328 808 2498 858 σεται,
2537 794 2721 863 φησιν,
2751 794 2833 847 ὅτι
2860 792 2960 863 τὴν
2991 792 3139 846 Θείαν
3171 793 3593 864 παραϐεϐήκασι
3617 793 3908 864 διαθήκην,

2325 885 2420 939 καὶ
2464 886 2740 957 ⁴ἠσέϐησαν
2784 888 2927 940 κατὰ
2967 886 3060 941 τοῦ
3101 886 3426 957 λαληθέντος
3462 886 3648 956 νόμου.
3698 886 3909 953 Ὀλίγου

2323 973 2432 1046 γάρ
2462 976 2740 1041 παντελῶς
2778 977 3058 1043 ἀξιοῦντες
3081 978 3241 1047 λόγου
3284 978 3353 1032 τά
3384 978 3471 1032 διὰ
3494 978 3586 1032 τοῦ
3627 977 3909 1045 πανσόφου

2323 1066 2570 1131 Μωσέως
2596 1067 3025 1139 τεθεσπισμένα,
3052 1073 3165 1135 τοῖς
3211 1069 3362 1134 ἰδίοις
3400 1068 3667 1140 θελήμασι
3719 1067 3909 1138 διαζῇν

2323 1159 2677 1225 ἐσπούδαζον,
2718 1162 2813 1215 καὶ
2855 1161 3087 1227 ἕκαστος
3113 1163 3177 1216 τὺ
3222 1161 3433 1226 δοκοῦν,
3465 1160 3563 1215 καὶ
3607 1159 3911 1231 θρησκείας

2321 1255 2525 1326 τρόπον
2554 1255 2853 1322 ἐποιοῦντο,
2883 1256 2978 1310 καὶ
3013 1256 3197 1327 νόμον.

2406 1346 2545 1417 Ἐμὲ
2566 1346 2978 1415 κεκράξονται,
3007 1351 3040 1402 ὁ
3076 1348 3241 1415 Θεὸς,
3289 1347 3633 1418 ἑγνώκαμέν
3671 1361 3774 1400 σε’
3825 1344 3907 1398 ὅτι

2337 1436 2589 1507 Ἰσραὴλ
2639 1439 3063 1509 ἀπεστρέψατο
3104 1439 3318 1508 ἀγαθὰ,
3368 1438 3586 1508 ἐχθρὸν
3626 1435 3906 1491 κατεδίω-

2324 1528 2457 1594 ξαν.

2396 1620 2539 1687 IICT'.
2577 1619 2641 1672 Οἱ
2678 1619 2771 1673 ἐπὶ
2822 1620 2953 1691 σίτῳ
2996 1621 3090 1674 καὶ
3122 1619 3251 1691 οἴνῳ
3289 1619 3786 1690 κατατεμνόμενοι,
3819 1618 3905 1671 καὶ

2321 1715 2434 1777 τοῖς
2459 1712 2789 1785 ἀκαθάρτοις
2809 1712 2896 1767 δαί
2904 1730 3029 1783 μοσι
3059 1712 3341 1777 τελοῦντες
3360 1712 3458 1776 τάς
3476 1712 3687 1783 ἑορτὰς,
3718 1711 3772 1763 οἱ
3793 1711 3906 1773 ταῖς

2323 1801 2535 1857 ἑαυτῶν
2561 1802 2809 1875 καρδίαις
2837 1802 2897 1855 οὐ
2935 1800 3257 1873 βεϐοηκότες
3284 1801 3425 1874 πρὸς
3450 1801 3602 1866 Θεὸν,
3628 1799 3761 1853 οὐδὲ
3805 1800 3903 1871 μὴν

634 1897 813 1951 omnis
859 1911 1045 1951 eorum
1100 1895 1475 1965 prosperitatis
1538 1896 1872 1967 largitorem,
1929 1907 1985 1954 et
2043 1909 2215 1954 custo-

2318 1892 2695 1961 ἐπεγνωκότες
2718 1893 2809 1947 τὸν
2836 1892 3017 1963 πάσης
3050 1892 3234 1956 αὐτοῖς
3275 1890 3530 1962 εὐθηνίας
3580 1890 3787 1961 δοτῆρα
3821 1892 3905 1942 καὶ

635 1990 759 2043 dem
810 1998 1201 2059 cognoverunt,
1234 2002 1409 2058 neque
1438 1986 1633 2045 debitis
1657 2006 1777 2045 eum
1822 1992 2011 2063 gratiis
2046 1992 2221 2046 hono-

634 2090 844 2146 rarunt,
880 2081 1135 2151 quoniam
1169 2081 1220 2134 in
1249 2093 1429 2135 rerum
1467 2082 1834 2137 secundarum
1868 2084 2222 2154 amplitudine

631 2187 755 2226 eum
812 2172 1138 2238 nescierunt,
1186 2171 1376 2227 saltem
1427 2173 1620 2239 scient,
1652 2174 1741 2228 ubi
1796 2180 1915 2241 qua:
1964 2190 2059 2231 eos
2109 2190 2222 2229 tua-

630 2270 760 2315 nent
789 2260 1101 2331 patientur;
1139 2270 1193 2317 et
1216 2262 1410 2317 cutnin
1438 2262 1672 2319 infelicis
1701 2263 1911 2319 consilii
1950 2266 2030 2319 sui
2069 2281 2222 2321 acer-

626 2354 758 2409 bum
811 2363 867 2409 et
917 2354 1275 2410 aversandum
1324 2354 1482 2410 finem
1515 2357 1853 2421 devenerint,
1885 2356 2222 2425 clamabunt,

627 2450 686 2498 et
713 2444 805 2498 vix
862 2443 1077 2499 tandem
1118 2443 1446 2500 invocabant
1485 2461 1593 2512 me,
1634 2446 1993 2503 borribilibus
2042 2458 2098 2503 et
2144 2459 2222 2505 te-

629 2534 871 2589 terrimis
923 2536 1323 2590 calamitatibus
1358 2538 1624 2607 oppressi.
1665 2539 1744 2594 Ac
1793 2539 1940 2595 velut
1968 2541 2223 2598 consilia-

627 2626 709 2681 ria
754 2628 923 2681 ascita
968 2629 1280 2682 eorumdem
1333 2626 1597 2684 malorum
1658 2620 2219 2701 experientia,”tunc

626 2716 911 2774 stultitiam
937 2732 1089 2774 suam
1111 2722 1464 2785 accusabunt,
1497 2720 1624 2775 illud
1663 2722 1891 2779 forsitan
1944 2724 2219 2781 dicentes:

634 2828 654 2863 ι
682 2808 849 2865 Israel
876 2808 1099 2882 projecit
1145 2812 1307 2868 bona.
1334 2832 1353 2865 ι
1385 2812 1522 2867 Cum
1578 2816 1722 2868 enim
1785 2813 1973 2871 liceret
2019 2832 2081 2871 ea
2124 2816 2223 2871 ba-

629 2904 783 2968 bere,
818 2899 980 2972 idque
1022 2902 1252 2969 aﬂ’atim,
1295 2918 1417 2959 cum
1486 2905 1598 2960 Deo
1652 2906 2040 2975 constabilitas,
2074 2918 2125 2963 et
2169 2908 2218 2964 ei

625 2992 822 3063 placita
864 2994 917 3047 in
965 3008 1102 3065 opus
1133 2994 1385 3050 conferre
1416 2998 1618 3064 enisos,
1649 3014 1668 3048 ι
1705 2996 1981 3054 inimicum
2036 3014 2219 3069 perse-

626 3085 739 3139 cuti
773 3094 897 3140 sunt
924 3124 939 3152 ,
971 3104 991 3138 ι
1032 3086 1138 3141 hoc
1206 3094 1310 3152 est,
1348 3094 1557 3142 tantum
1614 3104 1722 3169 non
1780 3098 1974 3171 sponte
2008 3102 2103 3146 sua
2151 3092 2218 3146 ad
2254 3122 2257 3125 -

626 3177 881 3232 inimicos
944 3188 1340 3243 cucurrerunt,
1392 3188 1449 3234 et
1495 3180 1595 3237 sub
1652 3168 1982 3249 potestatem
2048 3181 2213 3237 Deum

627 3269 936 3323 odientium
978 3268 1185 3324 redacti
1208 3278 1354 3337 sunt,
1385 3284 1601 3341 semper
1629 3280 1870 3326 tuentem
1894 3280 1950 3327 et
1966 3270 2215 3327 adversa-

625 3362 729 3419 riis
781 3361 1113 3416 valentiores
1166 3362 1510 3425 reddentem,
1543 3377 1774 3432 quorum
1819 3363 2216 3420 defectionibus

623 3456 805 3511 fuerat
834 3455 1098 3510 irritatus.
1126 3452 1596 3525 Sapientissimum
1625 3454 1790 3525 igitur
1813 3470 2047 3525 vereque
2084 3455 2216 3511 utile

620 3546 830 3603 factum
890 3546 1154 3601 malorum
1216 3546 1610 3615 experientiam
1676 3550 1784 3601 non
1847 3544 2211 3618 exspectare;

622 3640 718 3694 sed
764 3637 941 3693 adhuc
977 3636 1259 3692 absentem
1308 3637 1592 3706 repudiare
1626 3644 1681 3691 et
1714 3638 1953 3692 aversari
2012 3638 2211 3708 potius,

620 3741 677 3788 et
715 3729 1106 3786 anteverteudo
1136 3727 1206 3783 ad
1238 3728 1604 3784 conducibilia
1671 3729 2044 3801 perspicienda
2080 3745 2213 3785 con-

620 3823 866 3879 tendere.

696 3912 865 3968 Vsns.
904 3910 956 3966 4.
983 3909 1340 3979 Sibimetipsis
1370 3904 1743 3982 regnaverunt,
1780 3918 1959 3965 etnon
2005 3927 2097 3979 per
2133 3927 2214 3966 me

618 4006 884 4076 principes
919 4005 1250 4066 exstiterunt,
1288 4011 1335 4057 et
1374 4019 1479 4056 non
1512 4004 1876 4056 indicaverunt
1916 4003 2066 4056 mihi.
2116 4003 2215 4057 Ar.

620 4107 834 4167 gentum
862 4114 1015 4151 suum
1060 4108 1109 4152 et
1144 4098 1336 4151 aurum
1386 4110 1541 4150 suam
1601 4095 1831 4165 fecerunt
1881 4096 1981 4151 sibi
2040 4096 2211 4163 idola,

620 4197 681 4243 ut
736 4188 1055 4249 dispereunt.

695 4277 1006 4335 LXXXVII.
1060 4277 1174 4333 Non
1212 4278 1461 4350 agnoscit
1511 4290 1739 4350 regnum
1770 4287 1826 4333 et
1868 4276 2208 4346 Jeroboami,

620 4382 676 4428 et
714 4373 1042 4443 reliquorum
1093 4372 1361 4441 deinceps
1388 4384 1575 4440 regum
1624 4371 1789 4426 lsrael
1819 4372 1873 4426 in
1922 4370 2209 4437 Samaria,

621 4464 873 4533 quamv‘s
912 4463 1024 4531 ipse
1058 4475 1315 4532 expresse
1362 4460 1586 4526 dixerit,
1617 4478 1636 4512 ‹
1663 4475 1691 4513 a
1728 4462 1813 4514 me
1854 4459 2061 4515 factum
2128 4452 2211 4515 est

2323 1984 2611 2056 πρύτανιν.
2652 1984 2767 2038 ἀλλ’
2803 1984 2925 2037 οὐδὲ
2951 1985 3075 2048 ταῖς
3118 1984 3492 2055 καθηκούσαις
3535 1981 3904 2053 εὐχαριστίαις

2321 2076 2697 2146 τετιμηκότες,
2730 2077 3029 2148 ἐπειδήπερ
3056 2076 3113 2130 ἐν
3138 2076 3217 2147 τῷ
3257 2075 3451 2130 πλάτει
3476 2076 3575 2147 τῆς
3600 2073 3901 2145 εὐημερίας

2320 2166 2653 2237 ἠγνοήκασιν
2682 2165 2867 2230 αὐτὸν,
2903 2166 3018 2220 ἀλλ’
3047 2162 3141 2220 οὖν
3171 2163 3407 2219 εἴσονται
3449 2163 3716 2227 παθόντες
3740 2162 3779 2216 ἃ.
3807 2162 3898 2225 δεῖ,

2320 2256 2416 2310 καὶ
2440 2256 2539 2327 τῆς
2570 2256 2777 2311 ἑαυτῶν
2811 2256 3132 2321 δυσϐουλίας
3158 2259 3238 2323 είς
3284 2254 3481 2326 πικρόν
3507 2271 3565 2307 τε
3594 2254 3692 2307 καὶ
3732 2253 3897 2306 ἀπευ-

2304 2338 2448 2403 ’κτὸν
2486 2350 2841 2421 καταίροντες
2876 2349 3051 2417 τέλος,
3097 2348 3477 2422 κεκράξονται,
3521 2349 3613 2401 καὶ
3644 2344 3899 2399 ἐπικαλέ-

2322 2459 2505 2495 σονται
2559 2443 2735 2513 μόλις,
2769 2443 2971 2507 δειναῖς
3017 2460 3076 2497 τε
3130 2444 3225 2497 καὶ
3260 2442 3584 2513 ἀνηκέστοις
3627 2437 3898 2509 ἐνολισθή·

2323 2550 2515 2598 σαντες
2551 2538 2881 2608 συμφοραῖς.
2923 2535 3233 2607 Σύμϐουλον
3267 2534 3324 2588 δέ
3365 2532 3555 2603 ῶσπερ
3584 2530 3685 2603 τὴν
3727 2528 3898 2584 αὐτῶν

2294 2624 2427 2679 ’τῶν
2465 2626 2655 2680 δεινῶν
2704 2627 2990 2698 δεξάμενοι
3038 2629 3256 2698 πεῖραν,
3300 2625 3745 2698 κατηγορήσουσι
3788 2622 3895 2675 τότε

2319 2716 2419 2789 τῆς
2442 2717 2650 2772 ἑαυτῶν
2682 2719 2957 2791 εὐηθείας,
2991 2718 3166 2774 ἐκεῖνό
3194 2737 3294 2773 που
3322 2719 3593 2789 λέγοντες,
3623 2735 3642 2768 ι
3686 2712 3897 2786 Ἰσραὴλ

2320 2812 2700 2883 ἀπεστρέψατο
2744 2813 2943 2881 ἀγαθά.
2992 2832 3010 2864 ι
3064 2811 3212 2878 Ἐξδν
3262 2812 3374 2882 γάρ
3407 2810 3550 2883 ἔχειν
3593 2808 3758 2873 αὐτὰ,
3810 2806 3895 2859 καὶ

2319 2902 2477 2957 τοῦτο
2518 2902 2809 2968 πλουσίως,
2856 2903 3282 2976 ἐρηρεισμένους
3337 2902 3475 2974 μετὰ
3508 2898 3663 2966 Θεοῦ,
3701 2899 3798 2953 καὶ
3834 2898 3896 2951 τά

2320 2995 2467 3066 αὐτῷ
2488 2996 2747 3051 δοκοῦντα
2771 2997 3139 3069 διαπεραίνειν
3165 2991 3223 3050 εὖ
3251 2995 3397 3067 μάλα
3419 2992 3891 3058 διεσπουδακότας,

2322 3103 2344 3136 ‹
2368 3084 2492 3156 Ἐχθ
2504 3086 2592 3157 ρδν
2621 3087 3007 3155 κατεδίωξαν,ι
3034 3088 3301 3150 τουτέστι,
3323 3087 3603 3158 μονονουχὶ
3632 3087 3730 3139 καὶ
3754 3084 3894 3137 ἐκόνο

2318 3193 2411 3241 τες
2443 3178 2597 3232 αὐτοὶ
2624 3178 2999 3252 δεδραμήκασι
3034 3172 3170 3253 πρὸς
3204 3181 3455 3253 ἐχθροὺς,
3484 3180 3577 3234 καὶ
3602 3179 3711 3233 ὑπὸ
3745 3180 3891 3249 χεῖρα

2318 3271 2574 3341 γεγόνασι
2622 3274 2731 3327 τῶν
2778 3276 3184 3348 μεμισηκὸτων,
3224 3278 3315 3339 τὸν
3348 3278 3435 3333 ἀεὶ
3474 3276 3721 3343 σώζοντα
3749 3273 3890 3339 Θεὸν,

2316 3367 2408 3420 καὶ
2437 3367 2695 3437 ἀμείνους
2737 3367 2956 3422 τιθέντα
2983 3369 3091 3423 τῶν
3134 3369 3566 3441 ἀνθεστηκότων,
3599 3371 3726 3433 ταῖς
3769 3369 3891 3421 ἀπο·

2317 3460 2563 3521 στασίαις
2591 3459 2980 3533 λελυπηκότες.
3039 3461 3324 3532 Πάνσοφον
3360 3458 3453 3517 οῦν
3492 3463 3599 3535 ἄρα
3637 3461 3887 3531 miom-

2317 3549 2535 3622 σιφόρον
2553 3550 2791 3622 ἀληθῶς,
2817 3554 2879 3607 τὸ
2903 3554 2978 3625 μὴ
2996 3552 3093 3626 τὴν
3112 3554 3221 3608 τῶν
3241 3554 3429 3609 δεινῶν
3447 3552 3763 3625 ἐκδέχεσθαι
3793 3553 3889 3605 πεῖ-

2318 3659 2447 3713 ραν·
2473 3642 2860 3715 παραιτεῖσθαι
2904 3644 2961 3699 δὲ
3008 3645 3210 3716 μᾶλλον
3253 3646 3497 3699 ἀποῦσαν
3524 3645 3628 3707 ἔτι.
3672 3645 3766 3698 καὶ
3796 3642 3888 3713 πρὸ

2314 3733 2482 3806 αὐτῆς
2519 3733 2835 3804 ἐπείγεσθαι
2873 3736 3169 3808 καταθρεῖν
3201 3736 3262 3790 τὸ
3298 3735 3597 3808 συμφέρον.

2314 4001 2412 4054 καί
2444 4002 2555 4055 οὐκ
2588 4000 2923 4071 ἐγνιῖψισάν
2951 4019 3075 4071 μοι.
3134 4002 3205 4056 Τὸ
3253 4001 3537 4071 ἀργύριον
3574 3999 3777 4055 αὐτῶν
3800 3998 3883 4053 καὶ

2312 4091 2379 4146 τὸ
2412 4095 2669 4163 χρυσίον
2688 4093 2887 4149 αὐτῶν·
2908 4093 3208 4163 ἐποίησαν
3236 4092 3441 4159 αὐτοῖς
3470 4090 3712 4156 εἴδωλα,
3742 4092 3883 4155 ὅπως

2314 4184 2850 4253 ἐξολοθρευθῶσιν.
3026 4204 3029 4207 λ

2384 4276 2507 4331 IIZ'.
2556 4278 2825 4348 ’Δρνεῖται
2870 4277 2971 4351 τὴν
3018 4276 3296 4350 βασιλείαν
3344 4277 3449 4348 τήν
3489 4294 3547 4330 τε
3591 4276 3690 4330 τοῦ
3729 4276 3880 4345 Ἰερο-

2313 4367 2479 4441 ϐοάμ,
2498 4320 2712 4425 καὶτῶν
2729 4320 2964 4441 καθεξῑὶς
2976 4320 3442 4443 βέϐασιλευκότιόν
3459 4371 3551 4424 ἐπὶ
3564 4370 3655 4423 τὸν
3681 4320 3879 4441 Ἰσράηλ
4011 4320 4013 4479 ‹

2313 4463 2371 4515 ἐν
2410 4464 2477 4534 τῇ
2524 4460 2827 4535 Σαμαρείᾳ,
2882 4463 3058 4517 καίτοι
3087 4463 3382 4536 διαρρήδην
3415 4461 3578 4525 αὐτὸς
3630 4458 3876 4534 είρηκὼς,
4012 4458 4013 4495 ³

2313 4552 2396 4606 δτι
2431 4572 2452 4605 ι
2492 4552 2796 4657 Παρζέμού
2829 4553 3018 4655 γέγονε
3046 4554 3105 4657 τρ
3128 4551 3505 4657 ῥημαξοῦτοιοι
3534 4571 3553 4604 ι
3592 4551 3876 4657 ἀπειλήσας
4011 4504 4013 4657 ἵ

2397 3780 2481 3806 "0"
2520 3780 2835 3804 ""'O"""
2876 3780 3164 3808 """"'l""
3212 3780 3261 3790 "'
3304 3780 3597 3808 ”ΓΥ“Γ“”

2394 3907 2667 3977 Ἐαυτοῖς
2695 3909 3123 3976 ἐϐασίλευσαν,
3158 3908 3255 3965 καὶ
3287 3912 3359 3966 οὐ
3403 3910 3477 3965 δι’
3505 3911 3655 3980 ἐμοῦ
3684 3907 3883 3982 ἦρξαν,

2394 4001 2412 4053 ί
2444 4002 2555 4055 οὐκ
2588 4000 2923 4071 ἐγνιῖψισάν
2951 4019 3075 4071 μοι.
3134 4002 3205 4056 Τὸ
3253 4001 3537 4071 ἀργύριον
3574 3999 3777 4055 αὐτῶν
3800 3998 3883 4053 καὶ

2412 4095 2669 4163 χρυσίον
2688 4093 2887 4149 αὐτῶν·
2908 4093 3208 4163 ἐποίησαν
3236 4092 3441 4159 αὐτοῖς
3470 4090 3712 4156 εἴδωλα,
3742 4092 3883 4155 ὅπως

602 4559 846 4611 uerbum
884 4556 987 4611 hoc
1022 4556 1123 4620 ",9
1174 4562 1229 4610 et
1260 4554 1496 4609 minatus
1520 4554 1592 4609 sit
1628 4553 1905 4609 Salontoni
1944 4553 2069 4625 ipsi,
2116 4554 2207 4624 qui

2318 4552 2396 4606 δτι
2431 4572 2452 4605 ι
2492 4552 2629 4625 Παρ’
2662 4554 2796 4623 ἐμοῦ
2829 4553 3018 4624 γέγονε
3046 4554 3105 4608 τὸ
3128 4554 3279 4627 ῥῆμα
3307 4551 3494 4607 τοῦτο’
3534 4571 3553 4604 ι
3592 4551 3876 4622 ἀπειλήσας

638 4646 963 4718 alienigenis
1012 4644 1332 4699 mulieribus
1358 4644 1670 4709 obsecutus,
1698 4644 1955 4713 templum
1983 4653 2039 4699 et
2085 4658 2208 4700 aras

2318 4642 2369 4696 δὲ
2401 4644 2498 4696 καὶ
2520 4640 2669 4713 αὐτῷ
2698 4641 2969 4714 Σολομῶνι
2999 4644 3120 4706 ταῖς
3143 4642 3253 4695 τῶν
3282 4641 3595 4711 ἀλλοφύλων
3621 4639 3876 4711 γυναικῶν

623 4740 839 4796 illarum
890 4739 1200 4793 numinibus
1226 4726 1624 4803 construxerat,
1676 4736 1764 4792 bis
1793 4737 1974 4793 verbis
2004 4753 2020 4791 :
2055 4754 2075 4790 ι
2109 4738 2201 4792 Di-

622 4833 864 4888 seindam
912 4844 1136 4902 regnum
1166 4840 1339 4893 tuum,
1373 4837 1427 4883 et
1453 4829 1593 4883 dabo
1632 4828 1758 4884 illud
1793 4834 1950 4885 servo
1991 4831 2199 4887 tuo".s

623 4924 765 4994 Quid
809 4924 1061 4979 dicemus
1104 4922 1314 4993 igitur?
1364 4920 1706 4991 falsiloquum
1760 4934 1881 4976 esse
1923 4922 2209 4978 universo-

622 5032 744 5073 rum
775 5015 985 5070 Deutn?
1014 5014 1186 5069 absit!
1221 5014 1403 5085 potius
1426 5015 1491 5067 ad
1517 5022 1716 5068 rectam
1741 5013 2011 5068 dictorum
2048 5013 2206 5069 intel-

622 5110 899 5180 ligentiam
954 5122 1052 5163 nos
1084 5106 1353 5171 dabimus,
1386 5106 1690 5177 cegitantes
1735 5104 1887 5159 illud.
1926 5102 2200 5175 Scriptum

623 5213 710 5258 est
728 5204 805 5254 ’δε
833 5219 852 5253 s
866 5201 983 5257 Non
1001 5211 1086 5257 est
1101 5200 1301 5256 malum
1330 5200 1644 5263 incivitate,
1664 5200 1805 5267 quod
1823 5211 1930 5251 non
1949 5197 2073 5252 fecit
2099 5198 2201 5251 Do-

623 5296 827 5350 minus.
860 5308 882 5344 r
903 5291 1100 5347 Malum
1129 5292 1364 5362 appellat
1382 5288 1748 5345 amictiouem.
1776 5286 1884 5341 Res
1913 5290 2055 5341 enim
2074 5286 2206 5343 alias

624 5388 740 5457 ipse
756 5402 853 5442 sua
876 5386 1148 5442 sententia
1168 5398 1231 5438 ac
1255 5382 1536 5437 voluntate
1560 5380 1693 5436 facit
1718 5393 1733 5434 :
1764 5379 1925 5450 119
1939 5378 2072 5434 alias
2089 5378 2204 5435 ﬁeri

624 5482 911 5550 permittit,
937 5489 996 5535 ut
1048 5479 1240 5549 puniat
1273 5474 1557 5547 quosdam,
1586 5476 1803 5529 tametsi
1838 5476 1973 5529 citra
2023 5473 2205 5527 volun-

625 5582 791 5628 tatem
841 5574 957 5644 ejus
989 5573 1138 5626 ﬁant.
1179 5569 1315 5637 Quia
1350 5582 1483 5623 vero
1529 5583 1650 5624 cum
1697 5568 1986 5638 prohibere
2013 5568 2205 5638 possit,

622 5662 753 5719 sinit
768 5662 1043 5735 quidpiam
1056 5660 1847 5731 dispensatoriescheuumem
1870 5659 2008 5724 fieri,
2042 5658 2207 5715 etiam

2307 4734 2736 4805 ἀκολουθήσαντι
2790 4735 3059 4806 γνώμαις,
3112 4736 3207 4789 καὶ
3258 4736 3460 4805 τεμένη
3521 4735 3618 4789 καὶ
3679 4732 3875 4805 βωμοὺς

2306 4830 2418 4890 τοῖς
2462 4828 2686 4881 ἐκείνων
2736 4826 3074 4898 σεϐάσμασιν
3122 4827 3515 4889 άνατεθεικότι,
3568 4828 3651 4880 ὅτι
3685 4825 3877 4895 (Διαρ

2309 4919 2458 4991 ῥήξω
2498 4920 2600 4990 τὴν
2630 4919 2909 4989 βασιλείαν
2946 4936 3064 4983 σου,
3092 4923 3185 4975 καὶ
3219 4920 3376 4974 δώσω
3417 4919 3587 4991 αὐτὴν
3619 4919 3698 4991 τῷ
3726 4917 3876 4985 δούλῳ

2307 5029 2424 5066 σου.
2456 5032 2475 5065 ο
2508 5013 2574 5065 Τί
2600 5008 2693 5067 οὖν
2714 5014 2980 5086 ἐροῦμεν;
3010 5012 3284 5087 ψευδοεπῆ
3312 5014 3403 5068 τὸν
3425 5013 3532 5066 τῶν
3555 5012 3693 5067 ὅλων
3722 5011 3873 5071 θεόνὶ

2307 5104 2400 5175 Μὴ
2430 5104 2670 5172 γένοιτο·
2700 5104 3083 5176 τετραψόμεθα
3117 5103 3172 5158 δὲ
3222 5103 3423 5174 μᾶλλον
3451 5104 3545 5156 ἐπὶ
3590 5103 3651 5156 τὸ
3697 5102 3873 5174 χρῆναι

2308 5198 2525 5269 φρονεῖν
2586 5196 2784 5270 ὀρθῶς,
2845 5196 3229 5270 περινοοῦντες
3283 5197 3478 5252 ἐκεῖνο.
3537 5195 3871 5266 Γέγραπται,

2310 5306 2329 5340 ι
2366 5288 2456 5359 Μή
2489 5290 2604 5341 ἐστι
2628 5288 2797 5343 κακία
2826 5290 2886 5342 ὲν
2910 5287 3084 5351 πόλει,
3115 5289 3182 5361 ἢν
3208 5287 3413 5360 Κύριος
3436 5288 3537 5342 οὐκ
3568 5288 3819 5359 ἐποίησες
3853 5300 3867 5332 I

2302 5381 2519 5436 Κακίαν
2534 5381 2591 5434 δὲ
2614 5382 2765 5451 λέγει
2790 5382 2887 5453 τὴν
2917 5382 3181 5436 κάκωσιν.
3206 5381 3289 5436 Τά
3318 5381 3417 5453 μὲν
3441 5380 3553 5452 γὰρ
3579 5378 3688 5433 τῶν
3716 5392 3866 5448 πραγ-

2311 5474 2497 5546 μάτων
2526 5476 2687 5540 αὐτὺς
2722 5477 2844 5530 κατ’
2874 5475 3011 5530 ἰδίαν
3036 5474 3332 5547 ἐργάζεται
3358 5472 3607 5545 γνώμην,
3630 5471 3699 5526 τά
3719 5465 3869 5524 δὲκαὶ

2307 5567 2553 5637 γίνεσθαι
2588 5570 2883 5640 συγχωρεῖ,
2917 5568 3160 5633 κολάζων
3189 5566 3364 5633 τινὰς,
3400 5565 3503 5620 κᾶν
3526 5566 3575 5619 εί
3603 5554 3870 5636 πράττοιτό

2305 5678 2427 5724 πως
2458 5659 2799 5730 ἀνεθελὴτως
2832 5660 3004 5732 αὐτῷ.
3048 5660 3267 5732 Ἐπειδὴ
3304 5660 3363 5715 δὲ
3392 5658 3625 5714 κωλύειν
3662 5653 3871 5724 δυνάμε-

692 5850 741 5882 “
767 5846 967 5905 Tltren.
1011 5848 1126 5913 ι,1.
1202 5844 1246 5878 "
1274 5841 1337 5899 lll
1372 5842 1504 5914 Reg.
1536 5857 1630 5911 xu,
1659 5841 1749 5899 30.
1827 5841 1873 5875 "
1904 5840 2133 5913 lll.Reg.
2165 5859 2215 5897 st

2318 5841 2364 5898 Β.
2443 5842 2488 5875 ³⁸
2515 5840 2683 5897 Amos
2708 5855 2791 5909 ut,
2827 5840 2879 5894 ϐ.
