4068 6576
188 426 287 484 201

1114 419 1666 479 LOMMENTARIUS
1706 418 1770 476 1N
1798 417 2030 475 OSEAM
2070 416 2512 473 I’ROPHETAM.

3343 421 3449 475 '20?

190 558 305 606 νος,
331 538 515 609 ὶφίησί
561 555 614 592 τι
664 538 761 593 καὶ
794 537 1038 607 γίνεσθαι
1086 539 1346 603 πολλάκις
1395 538 1773 608 οἰκονομικῶς,

1880 536 1995 590 haec
2054 533 2305 602 operari,
2366 548 2660 602 eorumque
2722 545 2909 589 auctor
2965 535 3183 591 dicitur.
3249 535 3448 591 Eretu-

189 632 267 693 ὡς
288 631 453 694 αὐτὸς
482 629 744 700 ὑπάρχων
776 628 1014 700 ἐργάτης
1039 629 1134 682 καὶ
1158 628 1362 682 τούτων
1383 628 1617 696 λέγεται.
1645 623 1770 680 Οἷον

192 722 306 793 (ἐπ’
349 721 513 774 αὐτὸν
541 720 649 791 γάρ
696 720 795 790 ἤδη
838 719 927 772 τὸν
972 720 1261 789 Σολομῶνα
1292 718 1640 789 βαδιούμεθα)
1687 719 1773 770 δέ.-

187 810 334 863 δωκε
367 810 465 878 μὲν
494 808 603 877 γὰρ
618 808 767 878 αὐτῴ
808 808 899 861 τὸν
939 809 1004 861 ὲκ
1049 808 1211 861 λίθων
1236 810 1293 862 ὲν
1329 810 1441 871 τοῖς
1481 806 1773 878 Ὶεροσολύ·

192 919 321 971 μοις
371 899 766 970 ἀναδείμασθαι
822 900 969 963 ναὸν,
1022 900 1185 969 σοφὸν
1226 900 1499 962 ἀπετέλει,
1542 899 1634 949 καὶ
1683 898 1770 949 ἐπ’

188 992 513 1063 ἀσυγκρίτῳ
553 990 765 1044 συνέσει
798 991 1097 1062 διαπρεπῆ.
1137 994 1337 1064 Ἔργον
1373 990 1531 1043 τοῦτο
1553 990 1651 1060 τῆς
1676 990 1774 1043 αὺ-

188 1079 288 1132 τοῦ
319 1080 565 1150 γνώμης.
602 1080 1032 1150 Συγκεχώρηκεν
1066 1080 1231 1134 αὐτοῦ
1275 1081 1506 1151 ῥαγῆναι
1544 1080 1642 1150 τὴν
1674 1079 1772 1149 βα-

193 1171 422 1235 σιλείαν,
450 1172 551 1224 οὐκ
573 1170 734 1234 αὐτὸς
763 1172 843 1235 είς
875 1171 1032 1225 τοῦτο
1058 1172 1199 1224 κατὰ
1224 1171 1448 1242 γνώμην
1482 1172 1616 1224 ἰδίαν
1637 1172 1774 1224 ἀπο-

190 1265 379 1335 φέρων
423 1264 492 1317 τά
542 1263 865 1333 πράγματα,
915 1264 1139 1317 σιωπῶν
1184 1264 1240 1317 δὲ
1284 1264 1493 1335 ὥσπερ,
1544 1265 1637 1317 καὶ
1682 1264 1773 1316 ἐπὶ

187 1362 304 1419 τοῖς
334 1356 676 1426 ἀϐουλήτοις,
708 1356 796 1411 διὰ
842 1355 942 1426 τὴν
994 1356 1129 1426 πρὸς
1172 1356 1335 1410 αὑτὸν
1377 1357 1770 1427 ἀγανάκτησιν.

189 1449 409 1503 οὐκοῦν
437 1451 485 1502 εί
516 1449 609 1502 καὶ
638 1448 1026 1518 βεϐασίλευκεν
1064 1449 1369 1521 Ἰεροϐοάμ,
1414 1451 1507 1502 καὶ
1552 1450 1601 1501 οί
1641 1447 1774 1500 καθ-

188 1540 345 1610 εξῆς,
368 1540 485 1594 ἀλλ’
514 1541 636 1611 οὐχὶ
670 1540 728 1593 δὲ
752 1540 969 1604 πάντως
996 1541 1131 1594 Θεοῦ
1167 1542 1528 1602 συννεύοντος.
1561 1541 1641 1593 Τά
1665 1539 1774 1609 γὰρ

189 1632 253 1696 ἐξ
275 1633 449 1703 ὀργῆς
476 1633 574 1703 τῆς
597 1631 737 1702 πρός
758 1648 912 1695 τινας
958 1630 1034 1694 ὡς
1061 1632 1119 1684 ὲν
1144 1631 1364 1686 κολάσει
1385 1630 1771 1701 πμὸαίνοντα,

187 1726 395 1795 τρόπον
420 1724 606 1795 ἕτερον
634 1724 771 1794 ἔχει,
805 1723 899 1776 καὶ
922 1722 1021 1775 οὐκ
1048 1723 1113 1775 ἂν
1143 1724 1314 1776 νοοῖτο
1334 1721 1560 1776 τοιαῦτα
1587 1720 1771 1789 τυχὸν,

187 1817 357 1870 ὀποῖά
380 1832 483 1886 περ
506 1817 572 1869 ἂν
600 1816 685 1885 εἴη
714 1814 782 1869 τά
802 1813 945 1868 κατὰ
973 1812 1229 1884 βούλησιν
1252 1813 1488 1877 ἀληθῶς.
1531 1811 1774 1873 Ἐαυτοίς

1875 627 1945 696 pli
1975 641 2135 682 causa
2162 627 2180 696 (
2206 636 2267 681 ut
2297 628 2363 681 ad
2396 625 2740 680 Salomonent
2775 628 3055 684 veniamus
3088 627 3277 699 )dedit
3334 629 3446 694 illi,

1873 719 1938 774 de
1959 718 2490 786 lapidibustemplum
2520 715 2907 788 Hierosolymis
2932 721 3209 786 excitare;
3241 720 3449 788 sapien-

1877 811 1946 862 tia
1992 807 2443 877 perfectissimum
2504 817 2559 861 et
2617 808 3023 876 incomparabili
3092 810 3444 880 intelligentia

1873 902 2218 969 conspicuum
2275 898 2526 954 reddidit.
2562 898 2708 968 Opus
2745 899 2848 954 hoc
2897 897 3000 953 fuit
3030 899 3322 956 voluntatis
3364 903 3446 970 ip-

1874 990 2007 1046 sius.
2061 989 2313 1046 Permisit
2354 991 2471 1060 ejus
2522 1005 2742 1059 regnum
2788 990 2982 1054 seindi,
3033 1006 3136 1045 non
3184 992 3297 1059 ipse
3338 992 3445 1046 huc

1874 1078 2145 1135 voluntate
2195 1096 2287 1134 sua
2323 1098 2432 1135 rem
2468 1082 2786 1150 perducens,
2811 1083 2901 1135 sed
2926 1092 3147 1152 propter
3197 1082 3444 1151 indigna-

1873 1172 2075 1225 tionem
2124 1172 2382 1227 adversus
2418 1174 2611 1243 ipsum,
2639 1176 2794 1241 quasi
2844 1188 3007 1242 super
3072 1174 3446 1227 involuntariis

1877 1270 2079 1315 tacens.
2136 1260 2496 1326 Quamobrem
2544 1264 2642 1316 etsi
2704 1271 2996 1331 regnarunt
3049 1261 3336 1317 Jeroboam
3391 1273 3447 1317 et

1874 1366 2214 1408 successores
2251 1353 2386 1419 ejus,
2426 1369 2531 1407 non
2559 1362 2736 1407 tamen
2757 1353 2867 1408 Deo
2897 1354 3055 1423 plane
3111 1355 3445 1424 approbante

1875 1453 2182 1513 regnarunt.
2209 1444 2336 1510 Quae
2367 1444 2509 1498 enim
2548 1458 2613 1497 ex
2644 1444 2722 1497 ira
2770 1444 3056 1498 adversum
3093 1446 3304 1514 aliquos
3326 1445 3445 1502 loco

1873 1550 2046 1604 paenae
2091 1536 2429 1603 contingunt,
2463 1534 2622 1588 aliam
2656 1534 2918 1589 rationem
2960 1536 3176 1599 habent,
3204 1551 3305 1590 nec
3329 1551 3447 1605 pos-

1874 1634 2000 1679 sunt
2054 1624 2192 1678 forte
2238 1625 2363 1676 talia
2414 1623 2658 1692 intelligi,
2695 1624 2876 1692 qualia
2930 1640 3047 1693 quae
3080 1641 3203 1681 vere
3253 1640 3445 1680 secun-

1875 1714 2001 1769 dum
2047 1714 2372 1769 voluntatem
2424 1713 2576 1768 ﬁunt.
2607 1715 2968 1783 Sibimetipsis
2996 1714 3178 1783 igitur,
3208 1730 3313 1770 non
3348 1729 3446 1782 per

1876 1818 1962 1858 me
2018 1812 2325 1875 regnarunt.
2377 1803 2669 1873 Postquam
2731 1814 2914 1858 autem
2968 1805 3235 1873 principes
3278 1806 3445 1859 exsti-

186 1906 482 1977 τοιγαροῦν
514 1904 953 1974 βεϐασιλεύκασι,
989 1904 1083 1957 καὶ
1111 1905 1170 1957 οὐ
1197 1904 1267 1957 δι’
1292 1903 1447 1973 ἐμοῦ.
1483 1901 1697 1971 Ἐπειδὴ
1717 1900 1775 1953 δὲ

1878 1901 2077 1957 terunt,
2107 1903 2309 1948 tantum
2340 1909 2446 1947 non
2473 1895 2746 1949 nesciente
2775 1895 2884 1949 Deo
2914 1902 2931 1963 (
2958 1896 3109 1963 quod
3141 1896 3284 1951 enim
3309 1911 3445 1965 prte-

193 1994 399 2068 ἦρξαν,
419 1996 702 2066 μονονουχὶ
732 1996 867 2068 μηδὲ
900 1996 1196 2064 ἐγνωκότος
1216 1994 1350 2048 Θεοῦ
1378 1994 1459 2064 (τὸ
1486 1992 1593 2064 γὰρ
1626 1990 1776 2062 παρὰ

188 2088 426 2157 γνώμην
477 2086 599 2141 οὐδὲ
644 2086 843 2139 ειδέναι
889 2086 1077 2153 δοκεῖ),
1132 2084 1356 2153 γέγονεν
1398 2083 1629 2152 ἀσθενὴς
1684 2080 1779 2135 καὶ

187 2182 469 2244 εὐάλωτος
496 2182 529 2250 ἡ
558 2180 732 2253 ἀρχὴ,
784 2178 878 2233 καὶ
909 2178 1180 2240 ἀνικάνως
1215 2176 1410 2247 ἔχουσα
1457 2174 1594 2244 πρὸς
1628 2173 1776 2226 ἀντί-

189 2288 408 2335 στασιν,
444 2272 537 2326 καὶ
587 2269 873 2333 διασώζειν
910 2269 1008 2338 οὐχ
1031 2264 1123 2321 οἷά
1166 2284 1226 2320 τε
1265 2266 1392 2328 τοὺς
1434 2262 1775 2332 ὑπεζευγμέ-

187 2378 340 2425 νους.
377 2378 395 2413 ι
426 2361 505 2413 Δι’
535 2359 700 2415 αὐτοῦ
734 2359 843 2431 γάρ
878 2358 1117 2428 βασιλεῖς
1164 2357 1525 2427 βασιλεύουσι,
1562 2355 1655 2408 καὶ
1683 2353 1776 2405 τύ-

188 2470 381 2524 ραννοι
436 2451 696 2525 κρατοῦσι
738 2454 861 2521 γῆς.
902 2469 921 2503 ι
956 2451 1075 2503 Ὅτι
1131 2449 1185 2501 δὲ
1226 2447 1423 2516 πολλὴν
1466 2448 1555 2498 ἐπὶ
1600 2448 1775 2513 τούτῳ

188 2545 441 2599 νοσοῦσιν
489 2542 869 2612 ἀναισθησίαν,
917 2542 1011 2595 καὶ
1062 2543 1173 2604 τοῖς
1200 2539 1402 2592 δοθεῖσι
1445 2538 1596 2607 παρὰ
1638 2535 1772 2591 Θεοῦ

188 2637 334 2707 πρὸς
380 2636 476 2706 τὴν
526 2635 650 2689 κατ’
677 2634 842 2688 αὑτοῦ
888 2634 1065 2705 λύπην
1099 2633 1419 2703 ἐχρήσαντο,
1477 2630 1677 2701 μᾶλλον
1717 2628 1775 2683 δὲ

188 2728 289 2782 καὶ
336 2729 419 2791 είς
453 2726 673 2797 ὄλεθρον
716 2725 824 2779 τῶν
877 2724 1025 2778 ίδίων
1066 2724 1277 2794 ψυχῶν,
1320 2720 1554 2785 ἐδίδαξεν
1582 2719 1771 2773 εἰπών’

192 2839 212 2871 ι
258 2819 336 2873 Τὸ
363 2818 624 2889 ἀργύριον
646 2818 845 2881 αὐτῶν,
888 2816 984 2870 καὶ
1013 2815 1072 2868 τὸ
1101 2814 1324 2885 χρυσίον
1361 2814 1620 2883 ἐποίησαν
1645 2812 1773 2866 ἑαυ-

185 2915 305 2973 τοῖς
338 2910 555 2976 εἴδωλα,
601 2910 750 2971 ὅπως
792 2905 1265 2978 ὲξολοθρευθῶσιν.
1300 2923 1318 2956 ι
1354 2903 1518 2958 Ὅθεν
1562 2903 1671 2972 γὰρ
1704 2897 1773 2973 ἦν

185 3002 396 3063 αὐτοὺς
433 2999 737 3069 εὐδοκιμεῖν
786 2996 1066 3061 δύνασθαι,
1103 2994 1574 3065 κατοικτείροντας
1620 2991 1773 3046 ἀδελ-

188 3095 350 3164 φοὺς,
378 3090 628 3145 ἐντεῦθεν
653 3091 771 3160 Θεῷ
800 3088 1219 3162 προσκρούουσι,
1252 3087 1347 3140 καὶ
1372 3087 1470 3155 τῆς
1503 3085 1774 3154 σωτηρίας

186 3185 284 3237 τὸν
312 3185 521 3253 τρόπον
541 3183 924 3252 μτανιστᾶσιν
943 3179 1185 3242 ἀόούλως
1222 3178 1314 3231 ὲπί
1343 3193 1407 3246 γε
1434 3177 1496 3230 τὸ
1524 3175 1584 3241 ἐξ
1606 3173 1771 3229 αὐτοῦ

186 3276 503 3329 διόλλυσθαι
526 3275 657 3327 δεῖν.

282 3368 626 3434 Ἀπότριψαι
669 3364 777 3419 τὸν
812 3364 1055 3433 μόσχον
1088 3378 1225 3426 σου,
1266 3358 1581 3429 Σαμάρεια,
1627 3371 1775 3425 παρ-

185 3460 436 3526 ωξύνθη
463 3461 494 3512 ό
525 3459 712 3527 θυμός
734 3473 853 3526 μου
881 3456 973 3508 ἐπ’
993 3453 1174 3519 αὐτῷ.
1201 3454 1349 3518 Ἕως
1384 3452 1549 3516 τίνος
1586 3450 1657 3503 οὐ
1683 3448 1772 3516 μὴ

184 3549 495 3603 δύνωνται
516 3544 942 3614 καθιερωθῆναι
964 3545 1035 3597 ἐν
1060 3542 1141 3608 τῷ
1184 3540 1466 3610 Ἰσραήλ
1491 3539 1599 3594 Καὶ
1628 3537 1775 3592 αὺτό

187 3637 424 3692 τέκτων
450 3636 724 3701 ἐποίησε,
756 3632 855 3687 καὶ
890 3634 962 3687 οὺ
991 3633 1137 3698 Θεός
1165 3631 1318 3694 ἐστι,
1345 3628 1495 3684 διότι
1528 3625 1778 3681 πλανῶν

186 3726 275 3801 ἦν
296 3732 330 3783 ὁ
355 3729 595 3797 μόσχος
620 3741 756 3791 σου,
796 3726 1109 3793 Σαμάρεια.

265 3821 405 3872 BH’.
451 3818 537 3880 Ὦς
580 3814 706 3885 εὖγε
750 3815 815 3887 δὴ
862 3816 983 3868 λίαν
1032 3814 1093 3867 τὸ
1126 3832 1144 3866 ι
1198 3810 1496 3882 ἀπότριψαι
1546 3828 1566 3861 ι
1606 3809 1774 3879 φησι,

187 3910 271 3974 ὡς
300 3910 395 3963 ἐπὶ
429 3908 666 3978 κηλίδος,
694 3907 786 3960 καὶ
817 3904 1116 3975 μολυσμοῦ,
1148 3903 1242 3957 καὶ
1267 3904 1366 3973 τῆς
1392 3901 1625 3972 ἐσχάτης
1645 3902 1779 3953 ἀκα-

193 4002 469 4073 θαρσίαςῑ
501 3999 669 4053 Τοῦτο
710 3998 820 4069 γὰρ
862 3996 1076 4067 ἀληθῶς
1114 3996 1214 4067 τῆς
1263 3992 1675 4063 εἰδωλολατρίας
1718 3991 1780 4044 τὸ

191 4090 683 4165 χρῆμα,βδελυράν
698 4107 778 4153 τε,
794 4089 887 4142 καὶ
908 4089 1206 4157 κάκοσμον,
1226 4086 1319 4139 καὶ
1340 4083 1780 4156 κατη[φη]μένην

194 4184 359 4255 παρά
377 4182 499 4253 Θεῷ
526 4182 625 4252 τὴν
645 4180 739 4233 τοῦ
761 4178 1075 4247 ἀκαθάρτου
1103 4176 1281 4246 ψυχὴν
1304 4174 1619 4229 ἀποτελοῦν.
1644 4175 1781 4243 Συμ-

193 4275 449 4329 6ουλεύει
496 4273 562 4343 δὴ
591 4268 683 4326 οὖν
721 4272 796 4334 ὡς
837 4269 1251 4340 φιλοικτίρμων,
1288 4268 1382 4320 καὶ
1422 4266 1645 4334 ἀγαθὸς,
1683 4282 1782 4336 με-

192 4366 520 4423 τατίθεσθαι
542 4364 679 4435 πρὸς
703 4364 765 4415 τὸ
785 4363 1030 4432 ἄμεινον,
1064 4360 1159 4414 καὶ
1186 4356 1658 4420 ἀποσκευάζεσθαι
1685 4357 1783 4428 τὴν

194 4460 399 4529 ὀργὴν,
432 4457 524 4510 καὶ
560 4456 656 4517 τὰς
691 4451 799 4506 τῶν
833 4450 1261 4522 συμϐησομένων
1291 4449 1469 4511 αἰτίας
1512 4449 1783 4519 περιστεῖ-

1877 1996 1959 2038 ter
1990 1984 2107 2053 ejus
2141 1986 2462 2041 sententiam
2510 1986 2590 2050 lit,
2629 2001 2728 2041 nec
2758 1986 2899 2041 scire
2939 1987 3155 2055 quidem
3184 1986 3441 2057 videtur),

1875 2074 2181 2131 debilitatus
2220 2085 2275 2130 et
2308 2087 2610 2145 expugnatu
2658 2076 2833 2131 facilis
2866 2080 3038 2132 evasit
3083 2079 3439 2148 principatus,

1874 2176 1929 2218 et
1954 2166 2022 2219 ad
2058 2166 2413 2221 resistendum
2448 2166 2770 2231 imbecillus,
2809 2177 2863 2222 et
2890 2168 3155 2238 impotens
3195 2172 3263 2229 ad
3287 2180 3444 2224 tuen-

1874 2257 1970 2308 dos
2020 2256 2308 2323 subjectos.
2356 2272 2374 2305 ι
2407 2255 2509 2310 Per
2565 2256 2738 2324 ipsum
2784 2258 2927 2311 enim
2988 2273 3143 2328 reges
3195 2267 3440 2329 regnant,

1873 2353 1927 2396 et
1961 2344 2170 2414 tyranni
2230 2345 2578 2399 dominantur
2614 2355 2770 2400 terra:
2799 2347 2901 2399 ⁸⁸.»
2934 2345 3087 2416 Ipsos
3111 2356 3287 2402 autem
3314 2362 3444 2415 pro-

1874 2443 2053 2502 pterea
2086 2434 2250 2488 multa
2294 2434 2563 2490 dementia
2605 2436 2875 2503 laborare,
2922 2448 2977 2493 et
3005 2439 3221 2494 donatis
3252 2453 3283 2493 a
3333 2439 3442 2492 Deo

1872 2526 1938 2578 ad
1974 2526 2148 2593 ipsum
2191 2526 2541 2593 irritandam,
2590 2528 2698 2582 imo
2757 2530 2823 2582 ad
2873 2530 3174 2585 animarum
3221 2543 3441 2601 suarum

1872 2618 2166 2685 perniciem
2202 2620 2421 2686 abusos,
2473 2621 2661 2675 docuit
2702 2622 2773 2675 ita
2807 2635 2821 2672 :
2859 2639 2877 2673 ι
2910 2623 3204 2691 Argentum
3253 2632 3308 2678 et
3338 2638 3442 2677 au-

1874 2724 1992 2762 rum
2023 2724 2176 2765 suum
2201 2708 2445 2765 fecerunt
2486 2711 2589 2765 sibi
2620 2711 2786 2777 idola,
2821 2720 2883 2766 ut
2913 2713 3237 2782 dispeream.
3278 2731 3297 2767 ι
3329 2713 3442 2769 Un-

1874 2802 1940 2856 de
1974 2801 2118 2857 enim
2157 2802 2364 2857 laudari
2420 2810 2673 2872 poterant
2709 2803 2778 2857 ab
2823 2804 3096 2869 omnibus,
3128 2820 3194 2860 ex
3225 2806 3443 2861 miseri-

1872 2893 2054 2948 cordia
2093 2893 2147 2947 in
2177 2892 2375 2950 fratres
2417 2904 2722 2963 erogantes,
2766 2896 2886 2949 inde
2931 2896 3096 2950 Deum
3144 2894 3441 2965 oﬂendunt,

1871 2990 1927 3035 et
1958 2982 2372 3038 instrumentum
2418 2983 2606 3040 salutis
2636 2987 2699 3038 ad
2728 2986 2953 3040 exitium
2978 2986 3103 3041 inde
3146 2987 3249 3042 sibi
3292 3002 3442 3043 com-

1874 3071 2173 3140 parandum
2202 3073 2347 3127 fatue
2383 3083 2723 3129 convertunt.

1944 3353 2110 3410 Vens.
2156 3355 2212 3419 5,
2248 3354 2301 3409 6.
2345 3353 2536 3411 Emere
2580 3360 2800 3413 vitulum
2832 3369 3002 3426 tuum,
3031 3361 3299 3432 Samaria,
3328 3382 3446 3421 con-

1874 3448 2062 3498 citatus
2101 3456 2175 3499 est
2208 3446 2359 3515 furor
2393 3463 2538 3501 meus
2569 3464 2726 3516 super
2751 3466 2831 3504 eo.
2874 3451 3151 3523 Usquequo
3199 3472 3302 3510 non
3353 3474 3448 3525 po-

1875 3548 2048 3597 terunt
2098 3539 2373 3593 emundari
2425 3540 2483 3593 in
2523 3538 2736 3595 Israel?
2775 3538 2849 3596 Et
2878 3543 2973 3597 hoc
3004 3545 3202 3612 artifex
3230 3549 3371 3613 fecit,
3400 3560 3447 3601 et

1878 3646 1980 3684 non
2036 3629 2171 3683 Deus
2213 3637 2315 3694 est,
2350 3630 2474 3698 quia
2506 3631 2755 3685 seducens
2791 3641 2905 3687 erat
2939 3634 3133 3689 vitulus
3172 3644 3315 3701 tuus,
3346 3637 3448 3692 Sa.

1876 3722 2067 3777 maria.

1948 3810 2277 3866 LXXXVIII.
2312 3809 2483 3876 Quam
2533 3810 2673 3867 belle
2723 3822 2778 3867 et
2821 3808 3228 3876 accommodate
3272 3817 3450 3889 inqu.t

1885 3922 1904 3956 ι
1926 3914 2131 3965 extere,
2161 3920 2182 3953 ι
2214 3903 2368 3973 quasi
2394 3902 2462 3959 de
2497 3905 2707 3961 macula
2734 3911 2789 3959 et
2834 3904 3262 3975 inquinamento,
3297 3926 3361 3964 ac
3382 3914 3450 3966 de

1878 4004 2121 4048 extrema
2173 3994 2429 4063 quapiam
2453 3994 2713 4063 spurcitie
2757 3995 3106 4065 loqueretur!
3140 3997 3281 4055 Vere
3301 4003 3448 4057 enim

1880 4086 2180 4141 idololatria
2226 4084 2329 4140 ista
2380 4084 2812 4150 abominandam,
2860 4095 2915 4142 et
2947 4089 3085 4143 male
3102 4089 3359 4154 olentem,
3395 4101 3451 4146 et

1880 4177 2119 4232 odiosam
2168 4175 2309 4244 apud
2344 4175 2510 4231 Deum
2552 4177 2812 4231 immundi
2845 4178 3077 4232 animam
3120 4179 3272 4235 facit.
3312 4182 3450 4237 Sua-

1882 4269 1972 4324 det
2002 4267 2166 4336 igitur
2195 4277 2253 4321 ut
2290 4266 2602 4321 misericors
2631 4275 2685 4321 et
2737 4267 2909 4323 bonus
2949 4269 3245 4325 transferre
3276 4289 3336 4327 se
3381 4276 3449 4327 ad

1885 4360 2130 4426 meliora,
2168 4367 2223 4413 et
2264 4357 2475 4413 amoliri
2508 4357 2667 4421 iram,
2703 4367 2760 4412 et
2783 4374 2981 4416 causas
3008 4362 3308 4417 futurorum
3352 4379 3447 4421 co-

1885 4450 2069 4504 hibere
2112 4450 2178 4504 de
2216 4459 2435 4514 (αξιοι-ο,
2469 4457 2523 4504 et
2552 4450 2868 4517 poenitentia
2910 4452 3206 4519 praecidere
3270 4455 3444 4520 mala,

193 4550 293 4602 λαι
316 4548 523 4609 λοιπὸν,
546 4545 641 4597 καὶ
660 4547 776 4607 ταῖς
802 4540 1206 4612 μεταγνώσεσιν
1225 4539 1491 4608 ἀνακόψαι
1512 4541 1582 4592 τά
1605 4538 1775 4602 δεινὰ,

1885 4544 2044 4614 120
2090 4559 2213 4599 sero
2266 4544 2457 4599 saltem
2529 4544 2931 4613 resipiscentes.
2981 4545 3210 4617 Pr0pter
3272 4546 3447 4616 ipsum

196 4641 311 4694 κᾶν
346 4638 478 4708 γοῦν
504 4637 602 4706 ὀψὲ
625 4634 1041 4705 διεκνήψαντας.
1082 4632 1200 4685 Ἐπ’
1222 4630 1370 4700 αύτῷ
1405 4630 1514 4701 γὰρ
1540 4629 1780 4699 δηλονότι

195 4734 279 4803 τῷ
323 4732 509 4801 μόσχῳ
559 4725 910 4798 παρωξύνθαι
945 4724 1099 4794 φησι,
1141 4723 1376 4785 δεικνὺς,
1423 4723 1505 4774 ὅτι
1551 4721 1781 4790 παρίησι

201 4823 311 4892 μὲν
340 4818 453 4871 ἔσθ’
488 4819 577 4870 ὅτε
624 4815 1003 4886 φιλάνθρωπος
1048 4812 1124 4866 ὢν
1170 4813 1237 4865 τά
1265 4812 1323 4877 ἐξ
1365 4810 1645 4873 ἀσθενείας
1684 4812 1783 4880 τῆς

199 4909 557 4981 ἀνθρωπίνης
587 4907 924 4977 πταίσματα,
954 4902 1173 4966 κολάζει
1193 4904 1249 4955 δὲ
1284 4904 1494 4966 πάντως
1518 4902 1617 4973 τὴν
1649 4905 1786 4956 ἀπο-

202 5001 472 5074 στροφήν.
504 4996 795 5051 Δύσοιστόν
826 5014 885 5048 τε
916 4997 1149 5049 ποιεῖται
1180 4994 1279 5064 τὴν
1320 4994 1428 5047 τῶν
1459 4994 1785 5064 ὑϐριζόντων

200 5094 528 5155 ἀπόνευσιν,
555 5090 636 5153 είς
679 5106 744 5158 γε
774 5080 834 5141 τὸ
873 5089 1093 5159 χρῆναι,
1125 5087 1288 5156 φημὶ,
1336 5090 1448 5148 τοῖς
1493 5085 1788 5155 δαιμονίοις

200 5183 558 5253 προσκυνεῖν.
591 5180 767 5251 Μέχρι
809 5178 918 5248 γὰρ
948 5177 1089 5240 τίνος
1121 5178 1179 5229 ἐν
1220 5175 1529 5248 ἀκαθαρσίᾳ
1565 5175 1784 5244 γεγονό-

200 5292 296 5337 τες
324 5269 722 5342 ἀμεταποίητοι
748 5271 993 5340 μενεῖτε;
1036 5269 1196 5330 Ποίος
1238 5268 1366 5337 ὑμῖν
1395 5267 1625 5338 ἀρκέσει
1665 5283 1786 5320 και-

206 5366 301 5435 ρὸς
344 5364 423 5426 είς
444 5362 545 5433 τὴν
569 5361 667 5431 τῆς
688 5359 938 5430 εὐηθείας
958 5359 1215 5413 ἀπόθεσιν
1240 5362 1338 5424 ;"0
1363 5359 1470 5430 γάρ
1491 5360 1784 5429 εἰργάσατο

203 5455 445 5518 τέκτων,
469 5451 600 5504 Θεὸν
628 5446 763 5503 εἷναι
795 5450 1082 5503 πιστεύετε
1100 5467 1113 5482 ο
1142 5452 1235 5505 καὶ
1262 5451 1322 5504 τὸ
1347 5450 1591 5521 ὠφελοῦν
1611 5452 1781 5519 οὐδὲν,

204 5542 553 5614 ἀποκομίξον
577 5542 633 5595 δὲ
664 5541 863 5612 μᾶλλον
884 5541 1124 5612 ὄλεθρον,
1149 5543 1242 5595 καὶ
1263 5541 1558 5607 ἀπώλειαν,
1589 5543 1785 5597 σεπτὸν

204 5635 457 5705 ἡγεῖσθε,
488 5635 585 5687 καὶ
616 5633 957 5704 ἀξιόληπτον.
1009 5634 1193 5705 Πλανᾷ
1232 5634 1340 5707 γὰρ
1368 5638 1398 5690 ὁ
1443 5636 1661 5709 μόσχος,
1691 5636 1787 5691 καὶ

204 5727 297 5777 Et:
309 5742 399 5797 ρον
434 5724 607 5777 οὐδέν.

280 5842 331 5874 ⁸⁸
365 5841 525 5897 Prov.
563 5856 679 5902 vni.
715 5844 799 5897 15.

537 5936 803 5995 ΡΑτιιοι.
855 5936 969 5994 Gn.
1021 5935 1222 5994 LXXI.

1881 4640 2026 4691 enim
2064 4637 2287 4690 vitulum
2314 4636 2518 4691 scilicet
2551 4650 2611 4690 se
2664 4637 3000 4690 concitatum
3028 4639 3186 4710 dicit,
3258 4649 3449 4694 osten-

1883 4728 2016 4781 dens
2043 4741 2101 4781 se
2143 4740 2528 4793 nonnunquam
2581 4726 2773 4780 delicta
2814 4742 2879 4780 ex
2928 4728 3161 4782 humana
3209 4728 3450 4784 imbecil-

1886 4817 2034 4875 litate
2060 4818 2293 4871 admissa
2337 4832 2405 4871 ex
2449 4817 2780 4886 benignitate
2817 4818 3097 4887 prmterire
3120 4858 3135 4883 ,
3169 4819 3261 4873 sed
3294 4835 3452 4875 aver-

1885 4911 2091 4964 sionem
2147 4911 2370 4964 omnino
2430 4909 2641 4978 punire.
2690 4907 3073 4964 Protervorum
3117 4922 3294 4967 autem
3357 4915 3451 4968 de-

1885 5002 2227 5056 clinationem
2281 5002 2347 5054 ad
2393 5000 2645 5055 colendos
2715 4999 2989 5055 daemones
3060 5002 3451 5058 intolerandam

1884 5093 2051 5148 ducit.
2107 5092 2397 5159 Quousque
2447 5092 2589 5147 enim
2644 5091 2697 5145 in
2748 5090 3141 5147 immunditiam
3203 5094 3450 5163 delapsi,

1884 5184 2244 5238 immutabiles
2306 5181 2635 5245 manebitis?
2691 5181 2842 5248 Quod
2912 5182 3064 5237 vobis
3115 5194 3324 5255 tempus
3385 5188 3452 5241 ad

1882 5273 2248 5341 deponendam
2288 5269 2590 5325 fatuitatem
2622 5270 2855 5324 sullicit?
2884 5269 3036 5337 Quod
3068 5275 3210 5326 enim
3256 5276 3450 5328 artifex

1890 5364 2184 5419 fabricatus
2234 5372 2337 5428 est,
2364 5363 2523 5418 deum
2575 5376 2697 5417 esse
2734 5362 2996 5427 creditis;
3032 5373 3087 5417 et
3128 5366 3268 5433 quod
3317 5364 3451 5418 nihil

1890 5463 2128 5526 prodest,
2155 5457 2261 5511 imo
2295 5464 2497 5524 pestem
2548 5463 2604 5507 et
2641 5453 2917 5515 interitum
2977 5454 3153 5521 affert,
3191 5472 3452 5510 veneran-

1891 5549 2017 5603 dum
2046 5542 2583 5617 amplectendumque
2610 5540 2867 5596 statuitis.
2896 5541 3117 5597 Sedncit
3148 5542 3292 5596 enim
3324 5541 3454 5595 vitu-

1891 5641 1993 5703 lus,
2023 5639 2163 5695 aliud
2201 5636 2333 5692 nibil
2364 5635 2504 5689 "alet
