  <div class='ocr_page' id='page_1' title='image "/cluster/home/n/w/nwhite01/storage/ocr_20150623/71/hvd.32044019207885/111.png"; bbox 0 0 4068 6562; ppageno 0'>
   <div class='ocr_carea' id='block_1_1' title="bbox 645 387 753 445">
    <p class='ocr_par' dir='ltr' id='par_1_1' title="bbox 645 387 753 445">
     <span class='ocr_line' id='line_1_1' title="bbox 645 387 753 445; baseline -0.009 0"><span class='ocrx_word' id='word_1_1' title='bbox 645 387 753 445; x_wconf 74' lang='lat'><strong>203</strong></span> 
     </span>
    </p>
   </div>
   <div class='ocr_carea' id='block_1_2' title="bbox 723 506 2292 577">
    <p class='ocr_par' dir='ltr' id='par_1_2' title="bbox 723 506 2292 577">
     <span class='ocr_line' id='line_1_2' title="bbox 723 506 2292 577; baseline 0.003 -20"><span class='ocrx_word' id='word_1_2' title='bbox 723 506 883 563; x_wconf 71' lang='lat' dir='ltr'><strong>Vens.</strong></span> <span class='ocrx_word' id='word_1_3' title='bbox 927 508 976 561; x_wconf 88' lang='lat'><strong>7.</strong></span> <span class='ocrx_word' id='word_1_4' title='bbox 1015 508 1151 573; x_wconf 75' lang='lat' dir='ltr'><strong>Quia</strong></span> <span class='ocrx_word' id='word_1_5' title='bbox 1208 516 1457 577; x_wconf 82' lang='lat' dir='ltr'><strong>corrupta</strong></span> <span class='ocrx_word' id='word_1_6' title='bbox 1510 515 1657 560; x_wconf 79' lang='lat' dir='ltr'><strong>vento</strong></span> <span class='ocrx_word' id='word_1_7' title='bbox 1714 509 2121 575; x_wconf 79' lang='lat' dir='ltr'><strong>seminaverunt,</strong></span> <span class='ocrx_word' id='word_1_8' title='bbox 2169 518 2213 561; x_wconf 85' lang='lat' dir='ltr'><strong>et</strong></span> <span class='ocrx_word' id='word_1_9' title='bbox 2249 520 2292 576; x_wconf 78' lang='grc' dir='ltr'><strong>Α</strong></span> 
     </span>
    </p>
   </div>
   <div class='ocr_carea' id='block_1_3' title="bbox 646 598 2222 666">
    <p class='ocr_par' dir='ltr' id='par_1_3' title="bbox 646 598 2222 666">
     <span class='ocr_line' id='line_1_3' title="bbox 646 598 2222 666; baseline 0.001 -15"><span class='ocrx_word' id='word_1_10' title='bbox 646 600 909 653; x_wconf 76' lang='lat' dir='ltr'><strong>subversio</strong></span> <span class='ocrx_word' id='word_1_11' title='bbox 947 616 1125 653; x_wconf 84' lang='lat' dir='ltr'><strong>eorum</strong></span> <span class='ocrx_word' id='word_1_12' title='bbox 1156 600 1404 664; x_wconf 80' lang='lat' dir='ltr'><strong>suscipiet</strong></span> <span class='ocrx_word' id='word_1_13' title='bbox 1433 615 1514 652; x_wconf 90' lang='lat' dir='ltr'><strong>ea.</strong></span> <span class='ocrx_word' id='word_1_14' title='bbox 1552 598 1852 666; x_wconf 76' lang='lat' dir='ltr'><strong>Manipulus</strong></span> <span class='ocrx_word' id='word_1_15' title='bbox 1886 616 1987 652; x_wconf 86' lang='lat' dir='ltr'><strong>non</strong></span> <span class='ocrx_word' id='word_1_16' title='bbox 2028 600 2222 652; x_wconf 81' lang='lat' dir='ltr'><strong>habens</strong></span> 
     </span>
    </p>
   </div>
   <div class='ocr_carea' id='block_1_4' title="bbox 642 688 2221 757">
    <p class='ocr_par' dir='ltr' id='par_1_4' title="bbox 642 688 2221 757">
     <span class='ocr_line' id='line_1_4' title="bbox 642 688 2221 757; baseline 0 -14"><span class='ocrx_word' id='word_1_17' title='bbox 642 691 801 752; x_wconf 78' lang='lat' dir='ltr'><strong>uires,</strong></span> <span class='ocrx_word' id='word_1_18' title='bbox 827 700 879 742; x_wconf 79' lang='lat' dir='ltr'><strong>ut</strong></span> <span class='ocrx_word' id='word_1_19' title='bbox 914 688 1071 742; x_wconf 72' lang='lat' dir='ltr'><strong>faciat</strong></span> <span class='ocrx_word' id='word_1_20' title='bbox 1104 688 1354 757; x_wconf 77' lang='lat' dir='ltr'><strong>farinam.</strong></span> <span class='ocrx_word' id='word_1_21' title='bbox 1390 689 1446 743; x_wconf 86' lang='lat' dir='ltr'><strong>Si</strong></span> <span class='ocrx_word' id='word_1_22' title='bbox 1472 699 1643 743; x_wconf 89' lang='lat' dir='ltr'><strong>autem</strong></span> <span class='ocrx_word' id='word_1_23' title='bbox 1672 690 1869 757; x_wconf 81' lang='lat' dir='ltr'><strong>fecerit,</strong></span> <span class='ocrx_word' id='word_1_24' title='bbox 1924 689 2083 743; x_wconf 85' lang='lat' dir='ltr'><strong>alieni</strong></span> <span class='ocrx_word' id='word_1_25' title='bbox 2131 706 2221 743; x_wconf 89' lang='lat' dir='ltr'><strong>co-</strong></span> 
     </span>
    </p>
   </div>
   <div class='ocr_carea' id='block_1_5' title="bbox 645 783 1012 835">
    <p class='ocr_par' dir='ltr' id='par_1_5' title="bbox 645 783 1012 835">
     <span class='ocr_line' id='line_1_5' title="bbox 645 783 1012 835; baseline 0.003 -2"><span class='ocrx_word' id='word_1_26' title='bbox 645 783 843 835; x_wconf 83' lang='lat' dir='ltr'><strong>medent</strong></span> <span class='ocrx_word' id='word_1_27' title='bbox 871 797 932 834; x_wconf 86' lang='lat' dir='ltr'><strong>ea</strong></span> <span class='ocrx_word' id='word_1_28' title='bbox 941 798 1012 834; x_wconf 89' lang='lat' dir='ltr'><strong>m.</strong></span> 
     </span>
    </p>
   </div>
   <div class='ocr_carea' id='block_1_6' title="bbox 720 867 2223 937">
    <p class='ocr_par' dir='ltr' id='par_1_6' title="bbox 720 867 2223 937">
     <span class='ocr_line' id='line_1_6' title="bbox 720 867 2223 937; baseline -0.001 -15"><span class='ocrx_word' id='word_1_29' title='bbox 720 868 1009 925; x_wconf 79' lang='lat' dir='ltr'><strong>LXXXIX.</strong></span> <span class='ocrx_word' id='word_1_30' title='bbox 1047 868 1410 923; x_wconf 90' lang='lat' dir='ltr'><strong>Similitudine</strong></span> <span class='ocrx_word' id='word_1_31' title='bbox 1443 870 1674 937; x_wconf 85' lang='lat' dir='ltr'><strong>quadam</strong></span> <span class='ocrx_word' id='word_1_32' title='bbox 1732 867 1933 923; x_wconf 82' lang='lat' dir='ltr'><strong>frustra</strong></span> <span class='ocrx_word' id='word_1_33' title='bbox 1976 867 2029 923; x_wconf 92' lang='lat' dir='ltr'><strong>in</strong></span> <span class='ocrx_word' id='word_1_34' title='bbox 2083 867 2223 937; x_wconf 80' lang='lat' dir='ltr'><strong>agri-</strong></span> 
     </span>
    </p>
   </div>
   <div class='ocr_carea' id='block_1_7' title="bbox 656 957 2225 1025">
    <p class='ocr_par' dir='ltr' id='par_1_7' title="bbox 656 957 2225 1025">
     <span class='ocr_line' id='line_1_7' title="bbox 656 957 2225 1025; baseline -0.003 -9"><span class='ocrx_word' id='word_1_35' title='bbox 656 962 872 1015; x_wconf 91' lang='lat' dir='ltr'><strong>cultura</strong></span> <span class='ocrx_word' id='word_1_36' title='bbox 916 961 1319 1025; x_wconf 80' lang='lat' dir='ltr'><strong>laborantium,</strong></span> <span class='ocrx_word' id='word_1_37' title='bbox 1372 959 1602 1013; x_wconf 76' lang='lat' dir='ltr'><strong>infelicis</strong></span> <span class='ocrx_word' id='word_1_38' title='bbox 1668 972 1853 1013; x_wconf 90' lang='lat' dir='ltr'><strong>eorum</strong></span> <span class='ocrx_word' id='word_1_39' title='bbox 1909 957 2118 1013; x_wconf 79' lang='lat' dir='ltr'><strong>consilii</strong></span> <span class='ocrx_word' id='word_1_40' title='bbox 2169 966 2225 1012; x_wconf 89' lang='lat' dir='ltr'><strong>et</strong></span> 
     </span>
    </p>
   </div>
   <div class='ocr_carea' id='block_1_8' title="bbox 640 1049 2222 1110">
    <p class='ocr_par' dir='ltr' id='par_1_8' title="bbox 640 1049 2222 1110">
     <span class='ocr_line' id='line_1_8' title="bbox 640 1049 2222 1110; baseline -0.004 0"><span class='ocrx_word' id='word_1_41' title='bbox 640 1056 808 1110; x_wconf 79' lang='lat' dir='ltr'><strong>stuJii</strong></span> <span class='ocrx_word' id='word_1_42' title='bbox 870 1070 1124 1109; x_wconf 87' lang='lat' dir='ltr'><strong>vanarum</strong></span> <span class='ocrx_word' id='word_1_43' title='bbox 1167 1069 1344 1109; x_wconf 91' lang='lat' dir='ltr'><strong>rerum</strong></span> <span class='ocrx_word' id='word_1_44' title='bbox 1393 1054 1598 1107; x_wconf 85' lang='lat' dir='ltr'><strong>exitum</strong></span> <span class='ocrx_word' id='word_1_45' title='bbox 1636 1050 2029 1105; x_wconf 82' lang='lat' dir='ltr'><strong>infructuosum</strong></span> <span class='ocrx_word' id='word_1_46' title='bbox 2089 1049 2222 1104; x_wconf 87' lang='lat' dir='ltr'><strong>sub-</strong></span> 
     </span>
    </p>
   </div>
   <div class='ocr_carea' id='block_1_9' title="bbox 653 1141 2224 1211">
    <p class='ocr_par' dir='ltr' id='par_1_9' title="bbox 653 1141 2224 1211">
     <span class='ocr_line' id='line_1_9' title="bbox 653 1141 2224 1211; baseline -0.003 -12"><span class='ocrx_word' id='word_1_47' title='bbox 653 1147 875 1201; x_wconf 89' lang='lat' dir='ltr'><strong>indicat.</strong></span> <span class='ocrx_word' id='word_1_48' title='bbox 936 1144 993 1200; x_wconf 91' lang='lat' dir='ltr'><strong>In</strong></span> <span class='ocrx_word' id='word_1_49' title='bbox 1040 1146 1107 1199; x_wconf 91' lang='lat' dir='ltr'><strong>iis</strong></span> <span class='ocrx_word' id='word_1_50' title='bbox 1145 1145 1287 1200; x_wconf 91' lang='lat' dir='ltr'><strong>enim</strong></span> <span class='ocrx_word' id='word_1_51' title='bbox 1330 1143 1466 1199; x_wconf 90' lang='lat' dir='ltr'><strong>velle</strong></span> <span class='ocrx_word' id='word_1_52' title='bbox 1517 1141 1778 1211; x_wconf 87' lang='lat' dir='ltr'><strong>quosdam</strong></span> <span class='ocrx_word' id='word_1_53' title='bbox 1830 1141 2070 1196; x_wconf 84' lang='lat' dir='ltr'><strong>laborem</strong></span> <span class='ocrx_word' id='word_1_54' title='bbox 2132 1155 2224 1209; x_wconf 91' lang='lat' dir='ltr'><strong>po-</strong></span> 
     </span>
    </p>
   </div>
   <div class='ocr_carea' id='block_1_10' title="bbox 652 1232 2227 1304">
    <p class='ocr_par' dir='ltr' id='par_1_10' title="bbox 652 1232 2227 1304">
     <span class='ocr_line' id='line_1_10' title="bbox 652 1232 2227 1304; baseline -0.004 -14"><span class='ocrx_word' id='word_1_55' title='bbox 652 1251 804 1303; x_wconf 86' lang='lat' dir='ltr'><strong>nere,</strong></span> <span class='ocrx_word' id='word_1_56' title='bbox 836 1246 890 1289; x_wconf 91' lang='lat' dir='ltr'><strong>et</strong></span> <span class='ocrx_word' id='word_1_57' title='bbox 915 1234 1316 1304; x_wconf 85' lang='lat' dir='ltr'><strong>superstitionis</strong></span> <span class='ocrx_word' id='word_1_58' title='bbox 1347 1234 1614 1287; x_wconf 87' lang='lat' dir='ltr'><strong>interdum</strong></span> <span class='ocrx_word' id='word_1_59' title='bbox 1646 1233 1930 1301; x_wconf 78' lang='lat' dir='ltr'><strong>diligenter</strong></span> <span class='ocrx_word' id='word_1_60' title='bbox 1990 1232 2067 1286; x_wconf 90' lang='lat' dir='ltr'><strong>uti</strong></span> <span class='ocrx_word' id='word_1_61' title='bbox 2123 1247 2227 1285; x_wconf 67' lang='lat' dir='ltr'><strong>caa-</strong></span> 
     </span>
    </p>
   </div>
   <div class='ocr_carea' id='block_1_11' title="bbox 652 1323 2222 1393">
    <p class='ocr_par' dir='ltr' id='par_1_11' title="bbox 652 1323 2222 1393">
     <span class='ocr_line' id='line_1_11' title="bbox 652 1323 2222 1393; baseline -0.004 -12"><span class='ocrx_word' id='word_1_62' title='bbox 652 1328 915 1381; x_wconf 86' lang='lat' dir='ltr'><strong>remoniis</strong></span> <span class='ocrx_word' id='word_1_63' title='bbox 960 1325 1453 1393; x_wconf 85' lang='lat' dir='ltr'><strong>anathematisqne,</strong></span> <span class='ocrx_word' id='word_1_64' title='bbox 1510 1334 1563 1379; x_wconf 91' lang='lat' dir='ltr'><strong>et</strong></span> <span class='ocrx_word' id='word_1_65' title='bbox 1628 1323 1911 1390; x_wconf 73' lang='lat' dir='ltr'><strong>sacriﬁciis</strong></span> <span class='ocrx_word' id='word_1_66' title='bbox 1968 1323 2222 1377; x_wconf 80' lang='lat' dir='ltr'><strong>honorem</strong></span> 
     </span>
    </p>
   </div>
   <div class='ocr_carea' id='block_1_12' title="bbox 655 1416 2223 1485">
    <p class='ocr_par' dir='ltr' id='par_1_12' title="bbox 655 1416 2223 1485">
     <span class='ocr_line' id='line_1_12' title="bbox 655 1416 2223 1485; baseline -0.004 -13"><span class='ocrx_word' id='word_1_67' title='bbox 655 1419 941 1485; x_wconf 78' lang='lat' dir='ltr'><strong>exhibere,</strong></span> <span class='ocrx_word' id='word_1_68' title='bbox 969 1417 1098 1472; x_wconf 90' lang='lat' dir='ltr'><strong>nihil</strong></span> <span class='ocrx_word' id='word_1_69' title='bbox 1132 1416 1293 1472; x_wconf 80' lang='lat' dir='ltr'><strong>fuerit</strong></span> <span class='ocrx_word' id='word_1_70' title='bbox 1327 1416 1491 1481; x_wconf 83' lang='lat' dir='ltr'><strong>aliud,</strong></span> <span class='ocrx_word' id='word_1_71' title='bbox 1533 1430 1693 1485; x_wconf 90' lang='lat' dir='ltr'><strong>quam</strong></span> <span class='ocrx_word' id='word_1_72' title='bbox 1715 1424 1874 1469; x_wconf 89' lang='lat' dir='ltr'><strong>vento</strong></span> <span class='ocrx_word' id='word_1_73' title='bbox 1913 1421 2223 1483; x_wconf 90' lang='lat' dir='ltr'><strong>corruptum</strong></span> 
     </span>
    </p>
   </div>
   <div class='ocr_carea' id='block_1_13' title="bbox 646 1504 2225 1580">
    <p class='ocr_par' dir='ltr' id='par_1_13' title="bbox 646 1504 2225 1580">
     <span class='ocr_line' id='line_1_13' title="bbox 646 1504 2225 1580; baseline -0.003 -17"><span class='ocrx_word' id='word_1_74' title='bbox 646 1524 829 1563; x_wconf 83' lang='lat' dir='ltr'><strong>semen</strong></span> <span class='ocrx_word' id='word_1_75' title='bbox 845 1508 1129 1580; x_wconf 79' lang='lat' dir='ltr'><strong>colligere;</strong></span> <span class='ocrx_word' id='word_1_76' title='bbox 1158 1522 1188 1562; x_wconf 93' lang='lat' dir='ltr'><strong>e</strong></span> <span class='ocrx_word' id='word_1_77' title='bbox 1224 1521 1329 1577; x_wconf 90' lang='lat' dir='ltr'><strong>quo</strong></span> <span class='ocrx_word' id='word_1_78' title='bbox 1360 1506 1457 1577; x_wconf 88' lang='lat' dir='ltr'><strong>qui</strong></span> <span class='ocrx_word' id='word_1_79' title='bbox 1480 1506 1706 1571; x_wconf 88' lang='lat' dir='ltr'><strong>laborat,</strong></span> <span class='ocrx_word' id='word_1_80' title='bbox 1728 1504 2012 1560; x_wconf 86' lang='lat' dir='ltr'><strong>utilitatem</strong></span> <span class='ocrx_word' id='word_1_81' title='bbox 2034 1517 2225 1561; x_wconf 88' lang='lat' dir='ltr'><strong>conse-</strong></span> 
     </span>
    </p>
   </div>
   <div class='ocr_carea' id='block_1_14' title="bbox 648 1596 2227 1670">
    <p class='ocr_par' dir='ltr' id='par_1_14' title="bbox 648 1596 2227 1670">
     <span class='ocr_line' id='line_1_14' title="bbox 648 1596 2227 1670; baseline -0.002 -16"><span class='ocrx_word' id='word_1_82' title='bbox 648 1601 738 1669; x_wconf 90' lang='lat' dir='ltr'><strong>qui</strong></span> <span class='ocrx_word' id='word_1_83' title='bbox 762 1600 963 1653; x_wconf 90' lang='lat' dir='ltr'><strong>nullam</strong></span> <span class='ocrx_word' id='word_1_84' title='bbox 989 1599 1181 1670; x_wconf 87' lang='lat' dir='ltr'><strong>possit.</strong></span> <span class='ocrx_word' id='word_1_85' title='bbox 1202 1598 1331 1665; x_wconf 76' lang='lat' dir='ltr'><strong>Quae</strong></span> <span class='ocrx_word' id='word_1_86' title='bbox 1353 1599 1496 1652; x_wconf 91' lang='lat' dir='ltr'><strong>enim</strong></span> <span class='ocrx_word' id='word_1_87' title='bbox 1530 1597 1690 1653; x_wconf 86' lang='lat' dir='ltr'><strong>studii</strong></span> <span class='ocrx_word' id='word_1_88' title='bbox 1711 1596 2029 1652; x_wconf 83' lang='lat' dir='ltr'><strong>idololatrici</strong></span> <span class='ocrx_word' id='word_1_89' title='bbox 2054 1611 2227 1651; x_wconf 87' lang='lat' dir='ltr'><strong>remu-</strong></span> 
     </span>
    </p>
   </div>
   <div class='ocr_carea' id='block_1_15' title="bbox 649 1688 2225 1759">
    <p class='ocr_par' dir='ltr' id='par_1_15' title="bbox 649 1688 2225 1759">
     <span class='ocr_line' id='line_1_15' title="bbox 649 1688 2225 1759; baseline -0.001 -15"><span class='ocrx_word' id='word_1_90' title='bbox 649 1692 905 1745; x_wconf 72' lang='lat' dir='ltr'><strong>neratio!</strong></span> <span class='ocrx_word' id='word_1_91' title='bbox 958 1700 1050 1745; x_wconf 91' lang='lat' dir='ltr'><strong>aut</strong></span> <span class='ocrx_word' id='word_1_92' title='bbox 1094 1704 1214 1759; x_wconf 74' lang='lat' dir='ltr'><strong>qua:</strong></span> <span class='ocrx_word' id='word_1_93' title='bbox 1257 1689 1652 1758; x_wconf 90' lang='lat' dir='ltr'><strong>esculptilibus</strong></span> <span class='ocrx_word' id='word_1_94' title='bbox 1697 1688 2101 1743; x_wconf 85' lang='lat' dir='ltr'><strong>commoditas?</strong></span> <span class='ocrx_word' id='word_1_95' title='bbox 2133 1698 2225 1743; x_wconf 88' lang='lat' dir='ltr'><strong>aut</strong></span> 
     </span>
    </p>
   </div>
   <div class='ocr_carea' id='block_1_16' title="bbox 643 1780 2225 1853">
    <p class='ocr_par' dir='ltr' id='par_1_16' title="bbox 643 1780 2225 1853">
     <span class='ocr_line' id='line_1_16' title="bbox 643 1780 2225 1853; baseline -0.003 -15"><span class='ocrx_word' id='word_1_96' title='bbox 643 1798 880 1853; x_wconf 90' lang='lat' dir='ltr'><strong>quonam</strong></span> <span class='ocrx_word' id='word_1_97' title='bbox 938 1783 1100 1838; x_wconf 88' lang='lat' dir='ltr'><strong>modo</strong></span> <span class='ocrx_word' id='word_1_98' title='bbox 1149 1782 1479 1835; x_wconf 87' lang='lat' dir='ltr'><strong>recreabunt</strong></span> <span class='ocrx_word' id='word_1_99' title='bbox 1524 1781 1854 1851; x_wconf 84' lang='lat' dir='ltr'><strong>quempiam,</strong></span> <span class='ocrx_word' id='word_1_100' title='bbox 1895 1796 2015 1849; x_wconf 63' lang='lat' dir='ltr'><strong>quae</strong></span> <span class='ocrx_word' id='word_1_101' title='bbox 2053 1780 2225 1834; x_wconf 87' lang='lat' dir='ltr'><strong>omni-</strong></span> 
     </span>
    </p>
   </div>
   <div class='ocr_carea' id='block_1_17' title="bbox 1680 381 3885 444">
    <p class='ocr_par' dir='ltr' id='par_1_17' title="bbox 1680 381 3885 444">
     <span class='ocr_line' id='line_1_17' title="bbox 1680 381 3885 444; baseline 0.002 -5"><span class='ocrx_word' id='word_1_102' title='bbox 1680 386 1738 443; x_wconf 89' lang='lat' dir='ltr'><strong>S.</strong></span> <span class='ocrx_word' id='word_1_103' title='bbox 1777 381 2052 441; x_wconf 73' lang='lat' dir='ltr'><strong>CYRILLI</strong></span> <span class='ocrx_word' id='word_1_104' title='bbox 2088 382 2559 442; x_wconf 77' lang='lat' dir='ltr'><strong>ALEXANDRINI</strong></span> <span class='ocrx_word' id='word_1_105' title='bbox 2592 383 2916 444; x_wconf 79' lang='lat' dir='ltr'><strong>ARCHIEP.</strong></span> <span class='ocrx_word' id='word_1_106' title='bbox 3792 388 3885 443; x_wconf 72' lang='lat' dir='ltr'>9M</span> 
     </span>
    </p>
   </div>
   <div class='ocr_carea' id='block_1_18' title="bbox 2394 508 3881 579">
    <p class='ocr_par' dir='ltr' id='par_1_18' title="bbox 2394 508 3881 579">
     <span class='ocr_line' id='line_1_18' title="bbox 2394 508 3881 579; baseline 0.001 -17"><span class='ocrx_word' id='word_1_107' title='bbox 2394 509 2521 562; x_wconf 81' lang='grc' dir='ltr'>Ὅτι</span> <span class='ocrx_word' id='word_1_108' title='bbox 2566 511 2942 579; x_wconf 75' lang='grc' dir='ltr'>ἀνεμόφθορα</span> <span class='ocrx_word' id='word_1_109' title='bbox 2978 508 3269 577; x_wconf 78' lang='grc' dir='ltr'>ἕσπειραν</span> <span class='ocrx_word' id='word_1_110' title='bbox 3293 550 3307 572; x_wconf 84' lang='grc'><strong>,</strong></span> <span class='ocrx_word' id='word_1_111' title='bbox 3346 510 3443 564; x_wconf 80' lang='grc' dir='ltr'><strong>καί</strong></span> <span class='ocrx_word' id='word_1_112' title='bbox 3481 510 3520 575; x_wconf 81' lang='grc' dir='ltr'><em>ἠ</em></span> <span class='ocrx_word' id='word_1_113' title='bbox 3569 526 3881 579; x_wconf 80' lang='grc' dir='ltr'>καταστρο-</span> 
     </span>
    </p>
   </div>
   <div class='ocr_carea' id='block_1_19' title="bbox 2322 598 3886 672">
    <p class='ocr_par' dir='ltr' id='par_1_19' title="bbox 2322 598 3886 672">
     <span class='ocr_line' id='line_1_19' title="bbox 2322 598 3886 672; baseline 0.003 -20"><span class='ocrx_word' id='word_1_114' title='bbox 2322 600 2406 669; x_wconf 73' lang='grc' dir='ltr'>φὴ</span> <span class='ocrx_word' id='word_1_115' title='bbox 2434 598 2631 653; x_wconf 81' lang='grc' dir='ltr'>αὐτῶν</span> <span class='ocrx_word' id='word_1_116' title='bbox 2644 600 2943 664; x_wconf 78' lang='grc' dir='ltr'>ἐκδέξεται</span> <span class='ocrx_word' id='word_1_117' title='bbox 2964 601 3134 654; x_wconf 82' lang='grc' dir='ltr'>αὑτά.</span> <span class='ocrx_word' id='word_1_118' title='bbox 3152 600 3385 669; x_wconf 78' lang='grc' dir='ltr'>Δρᾶγμα</span> <span class='ocrx_word' id='word_1_119' title='bbox 3409 603 3519 655; x_wconf 81' lang='grc' dir='ltr'>οὐκ</span> <span class='ocrx_word' id='word_1_120' title='bbox 3539 603 3689 671; x_wconf 76' lang='grc' dir='ltr'><strong>ἕχον</strong></span> <span class='ocrx_word' id='word_1_121' title='bbox 3721 604 3886 672; x_wconf 74' lang='grc' dir='ltr'>ἰσχὺν</span> 
     </span>
    </p>
   </div>
   <div class='ocr_carea' id='block_1_20' title="bbox 2325 689 3885 761">
    <p class='ocr_par' dir='ltr' id='par_1_20' title="bbox 2325 689 3885 761">
     <span class='ocr_line' id='line_1_20' title="bbox 2325 689 3885 761; baseline 0.004 -19"><span class='ocrx_word' id='word_1_122' title='bbox 2325 690 2433 743; x_wconf 82' lang='grc' dir='ltr'><strong>τοῦ</strong></span> <span class='ocrx_word' id='word_1_123' title='bbox 2472 689 2721 759; x_wconf 83' lang='grc' dir='ltr'>ποιῆσαι</span> <span class='ocrx_word' id='word_1_124' title='bbox 2762 690 3040 759; x_wconf 78' lang='grc' dir='ltr'>ἄλευρον.</span> <span class='ocrx_word' id='word_1_125' title='bbox 3085 692 3221 745; x_wconf 80' lang='grc' dir='ltr'><strong>Ἐὰν</strong></span> <span class='ocrx_word' id='word_1_126' title='bbox 3270 692 3338 745; x_wconf 81' lang='grc' dir='ltr'>δὲ</span> <span class='ocrx_word' id='word_1_127' title='bbox 3370 694 3469 746; x_wconf 83' lang='grc' dir='ltr'><strong>καί</strong></span> <span class='ocrx_word' id='word_1_128' title='bbox 3502 694 3753 761; x_wconf 79' lang='grc' dir='ltr'><strong>ποιήσῃ,</strong></span> <span class='ocrx_word' id='word_1_129' title='bbox 3791 696 3885 749; x_wconf 74' lang='grc' dir='ltr'><strong>ἀλ-</strong></span> 
     </span>
    </p>
   </div>
   <div class='ocr_carea' id='block_1_21' title="bbox 2321 781 3211 850">
    <p class='ocr_par' dir='ltr' id='par_1_21' title="bbox 2321 781 3211 850">
     <span class='ocr_line' id='line_1_21' title="bbox 2321 781 3211 850; baseline 0.003 -17"><span class='ocrx_word' id='word_1_130' title='bbox 2321 781 2543 846; x_wconf 79' lang='grc' dir='ltr'>λότριοι</span> <span class='ocrx_word' id='word_1_131' title='bbox 2573 781 3011 850; x_wconf 71' lang='grc' dir='ltr'>καταφάγονται</span> <span class='ocrx_word' id='word_1_132' title='bbox 3047 784 3211 837; x_wconf 83' lang='grc' dir='ltr'>αὑτό.</span> 
     </span>
    </p>
   </div>
   <div class='ocr_carea' id='block_1_22' title="bbox 2394 872 3881 947">
    <p class='ocr_par' dir='ltr' id='par_1_22' title="bbox 2394 872 3881 947">
     <span class='ocr_line' id='line_1_22' title="bbox 2394 872 3881 947; baseline 0.003 -23"><span class='ocrx_word' id='word_1_133' title='bbox 2394 872 2518 925; x_wconf 84' lang='grc' dir='ltr'>ΠΘ⁹.</span> <span class='ocrx_word' id='word_1_134' title='bbox 2566 873 2655 935; x_wconf 82' lang='grc' dir='ltr'>Ὠς</span> <span class='ocrx_word' id='word_1_135' title='bbox 2698 872 2757 939; x_wconf 78' lang='grc' dir='ltr'><strong>ἐξ</strong></span> <span class='ocrx_word' id='word_1_136' title='bbox 2802 874 3117 943; x_wconf 82' lang='grc' dir='ltr'>ὁμοιότητος</span> <span class='ocrx_word' id='word_1_137' title='bbox 3154 874 3265 927; x_wconf 88' lang='grc' dir='ltr'>τῶν</span> <span class='ocrx_word' id='word_1_138' title='bbox 3313 876 3435 946; x_wconf 85' lang='grc' dir='ltr'>εἰκῆ</span> <span class='ocrx_word' id='word_1_139' title='bbox 3485 876 3800 947; x_wconf 84' lang='grc' dir='ltr'><strong>καμνόντων</strong></span> <span class='ocrx_word' id='word_1_140' title='bbox 3834 878 3881 929; x_wconf 84' lang='grc' dir='ltr'>ὲν</span> 
     </span>
    </p>
   </div>
   <div class='ocr_carea' id='block_1_23' title="bbox 2323 963 3883 1037">
    <p class='ocr_par' dir='ltr' id='par_1_23' title="bbox 2323 963 3883 1037">
     <span class='ocr_line' id='line_1_23' title="bbox 2323 963 3883 1037; baseline 0.003 -22"><span class='ocrx_word' id='word_1_141' title='bbox 2323 963 2669 1031; x_wconf 81' lang='grc' dir='ltr'>γεωπονίαις,</span> <span class='ocrx_word' id='word_1_142' title='bbox 2714 965 2814 1034; x_wconf 84' lang='grc' dir='ltr'>τῆς</span> <span class='ocrx_word' id='word_1_143' title='bbox 2844 963 3069 1036; x_wconf 76' lang='grc' dir='ltr'><strong>ἐνούσης</strong></span> <span class='ocrx_word' id='word_1_144' title='bbox 3094 966 3277 1029; x_wconf 83' lang='grc' dir='ltr'>αὐτοῖς</span> <span class='ocrx_word' id='word_1_145' title='bbox 3310 966 3650 1029; x_wconf 75' lang='grc' dir='ltr'>δυσϐουλίας,</span> <span class='ocrx_word' id='word_1_146' title='bbox 3680 968 3773 1020; x_wconf 76' lang='grc' dir='ltr'>καὶ</span> <span class='ocrx_word' id='word_1_147' title='bbox 3800 968 3883 1037; x_wconf 81' lang='grc' dir='ltr'>τῆς</span> 
     </span>
    </p>
   </div>
   <div class='ocr_carea' id='block_1_24' title="bbox 2324 1055 3883 1129">
    <p class='ocr_par' dir='ltr' id='par_1_24' title="bbox 2324 1055 3883 1129">
     <span class='ocr_line' id='line_1_24' title="bbox 2324 1055 3883 1129; baseline 0.004 -23"><span class='ocrx_word' id='word_1_148' title='bbox 2324 1056 2454 1125; x_wconf 74' lang='grc' dir='ltr'>περὶ</span> <span class='ocrx_word' id='word_1_149' title='bbox 2500 1055 2569 1108; x_wconf 86' lang='grc' dir='ltr'><strong>τά</strong></span> <span class='ocrx_word' id='word_1_150' title='bbox 2602 1056 2807 1124; x_wconf 87' lang='grc' dir='ltr'>μάταια</span> <span class='ocrx_word' id='word_1_151' title='bbox 2860 1056 3097 1125; x_wconf 81' lang='grc' dir='ltr'><strong>σπουδῆς</strong></span> <span class='ocrx_word' id='word_1_152' title='bbox 3119 1057 3181 1111; x_wconf 84' lang='grc' dir='ltr'><strong>τὸ</strong></span> <span class='ocrx_word' id='word_1_153' title='bbox 3217 1057 3466 1128; x_wconf 80' lang='grc' dir='ltr'>ἄκαρπον</span> <span class='ocrx_word' id='word_1_154' title='bbox 3507 1058 3780 1129; x_wconf 82' lang='grc' dir='ltr'>ὑποδηλοῖ.</span> <span class='ocrx_word' id='word_1_155' title='bbox 3822 1061 3883 1113; x_wconf 87' lang='grc' dir='ltr'>Τὸ</span> 
     </span>
    </p>
   </div>
   <div class='ocr_carea' id='block_1_25' title="bbox 2323 1144 3882 1216">
    <p class='ocr_par' dir='ltr' id='par_1_25' title="bbox 2323 1144 3882 1216">
     <span class='ocr_line' id='line_1_25' title="bbox 2323 1144 3882 1216; baseline 0.003 -20"><span class='ocrx_word' id='word_1_156' title='bbox 2323 1144 2434 1215; x_wconf 76' lang='grc' dir='ltr'>γὰρ</span> <span class='ocrx_word' id='word_1_157' title='bbox 2463 1144 2550 1197; x_wconf 78' lang='grc' dir='ltr'><strong>ἐπ’</strong></span> <span class='ocrx_word' id='word_1_158' title='bbox 2583 1144 2764 1206; x_wconf 83' lang='grc' dir='ltr'>αὐτοῖς</span> <span class='ocrx_word' id='word_1_159' title='bbox 2789 1146 2970 1196; x_wconf 86' lang='grc' dir='ltr'>πονεῖν</span> <span class='ocrx_word' id='word_1_160' title='bbox 3018 1144 3231 1199; x_wconf 79' lang='grc' dir='ltr'><strong>ἑλέσθαι</strong></span> <span class='ocrx_word' id='word_1_161' title='bbox 3260 1147 3431 1211; x_wconf 77' lang='grc' dir='ltr'>τινάς,</span> <span class='ocrx_word' id='word_1_162' title='bbox 3466 1146 3752 1216; x_wconf 75' lang='grc' dir='ltr'>’ἐπιμελῶς</span> <span class='ocrx_word' id='word_1_163' title='bbox 3788 1146 3882 1200; x_wconf 81' lang='grc' dir='ltr'>ἔσθ’</span> 
     </span>
    </p>
   </div>
   <div class='ocr_carea' id='block_1_26' title="bbox 2323 1233 3882 1306">
    <p class='ocr_par' dir='ltr' id='par_1_26' title="bbox 2323 1233 3882 1306">
     <span class='ocr_line' id='line_1_26' title="bbox 2323 1233 3882 1306; baseline 0 -19"><span class='ocrx_word' id='word_1_164' title='bbox 2323 1236 2411 1287; x_wconf 82' lang='grc' dir='ltr'>ὅτε</span> <span class='ocrx_word' id='word_1_165' title='bbox 2439 1233 2786 1304; x_wconf 81' lang='grc' dir='ltr'><strong>θρησκεύειν,</strong></span> <span class='ocrx_word' id='word_1_166' title='bbox 2832 1234 3147 1303; x_wconf 81' lang='grc' dir='ltr'>ἀναθήμασί</span> <span class='ocrx_word' id='word_1_167' title='bbox 3190 1251 3252 1291; x_wconf 87' lang='grc' dir='ltr'><strong>τε</strong></span> <span class='ocrx_word' id='word_1_168' title='bbox 3308 1235 3403 1289; x_wconf 76' lang='grc' dir='ltr'><strong>καὶ</strong></span> <span class='ocrx_word' id='word_1_169' title='bbox 3447 1235 3663 1299; x_wconf 81' lang='grc' dir='ltr'>θυσίαις</span> <span class='ocrx_word' id='word_1_170' title='bbox 3716 1238 3882 1306; x_wconf 77' lang='grc' dir='ltr'>τιμᾷν,</span> 
     </span>
    </p>
   </div>
   <div class='ocr_carea' id='block_1_27' title="bbox 2325 1324 3884 1396">
    <p class='ocr_par' dir='ltr' id='par_1_27' title="bbox 2325 1324 3884 1396">
     <span class='ocr_line' id='line_1_27' title="bbox 2325 1324 3884 1396; baseline 0.001 -18"><span class='ocrx_word' id='word_1_171' title='bbox 2325 1326 2409 1396; x_wconf 75' lang='grc' dir='ltr'><strong>εἴη</strong></span> <span class='ocrx_word' id='word_1_172' title='bbox 2447 1324 2513 1377; x_wconf 79' lang='grc' dir='ltr'><strong>ἂν</strong></span> <span class='ocrx_word' id='word_1_173' title='bbox 2558 1324 2745 1396; x_wconf 71' lang='grc' dir='ltr'>ἕτερον</span> <span class='ocrx_word' id='word_1_174' title='bbox 2795 1324 2967 1389; x_wconf 77' lang='grc' dir='ltr'>οὐδὲν,</span> <span class='ocrx_word' id='word_1_175' title='bbox 3010 1324 3043 1395; x_wconf 81' lang='grc' dir='ltr'>ἢ</span> <span class='ocrx_word' id='word_1_176' title='bbox 3086 1324 3179 1377; x_wconf 89' lang='grc' dir='ltr'><strong>τὸν</strong></span> <span class='ocrx_word' id='word_1_177' title='bbox 3224 1324 3413 1395; x_wconf 83' lang='grc' dir='ltr'>ἀνέμῳ</span> <span class='ocrx_word' id='word_1_178' title='bbox 3457 1326 3884 1396; x_wconf 79' lang='grc' dir='ltr'>κατεφθαρμένον</span> 
     </span>
    </p>
   </div>
   <div class='ocr_carea' id='block_1_28' title="bbox 2328 1416 3881 1488">
    <p class='ocr_par' dir='ltr' id='par_1_28' title="bbox 2328 1416 3881 1488">
     <span class='ocr_line' id='line_1_28' title="bbox 2328 1416 3881 1488; baseline 0.003 -21"><span class='ocrx_word' id='word_1_179' title='bbox 2328 1416 2673 1488; x_wconf 86' lang='grc' dir='ltr'>συναγείρειν</span> <span class='ocrx_word' id='word_1_180' title='bbox 2703 1417 2925 1487; x_wconf 84' lang='grc' dir='ltr'>σπόρον,</span> <span class='ocrx_word' id='word_1_181' title='bbox 2952 1416 3105 1470; x_wconf 81' lang='grc' dir='ltr'>οὐδὲν</span> <span class='ocrx_word' id='word_1_182' title='bbox 3128 1416 3319 1487; x_wconf 76' lang='grc' dir='ltr'>ὀνῆσαι</span> <span class='ocrx_word' id='word_1_183' title='bbox 3347 1418 3623 1481; x_wconf 84' lang='grc' dir='ltr'><strong>παντελῶς</strong></span> <span class='ocrx_word' id='word_1_184' title='bbox 3654 1417 3746 1471; x_wconf 87' lang='grc' dir='ltr'><strong>τὸν</strong></span> <span class='ocrx_word' id='word_1_185' title='bbox 3776 1436 3881 1473; x_wconf 83' lang='grc' dir='ltr'>ποι-</span> 
     </span>
    </p>
   </div>
   <div class='ocr_carea' id='block_1_29' title="bbox 2325 1502 3883 1575">
    <p class='ocr_par' dir='ltr' id='par_1_29' title="bbox 2325 1502 3883 1575">
     <span class='ocr_line' id='line_1_29' title="bbox 2325 1502 3883 1575; baseline 0.003 -20"><span class='ocrx_word' id='word_1_186' title='bbox 2325 1502 2491 1559; x_wconf 86' lang='grc' dir='ltr'>οῦντα</span> <span class='ocrx_word' id='word_1_187' title='bbox 2519 1503 2837 1575; x_wconf 82' lang='grc' dir='ltr'>δυνάμενον.</span> <span class='ocrx_word' id='word_1_188' title='bbox 2867 1506 3004 1557; x_wconf 88' lang='grc' dir='ltr'>Ποία</span> <span class='ocrx_word' id='word_1_189' title='bbox 3065 1504 3173 1575; x_wconf 86' lang='grc' dir='ltr'>γὰρ</span> <span class='ocrx_word' id='word_1_190' title='bbox 3200 1504 3466 1568; x_wconf 78' lang='grc' dir='ltr'><strong>ἀντίδοσις</strong></span> <span class='ocrx_word' id='word_1_191' title='bbox 3489 1505 3589 1574; x_wconf 79' lang='grc' dir='ltr'>τῆς</span> <span class='ocrx_word' id='word_1_192' title='bbox 3625 1508 3706 1569; x_wconf 91' lang='grc' dir='ltr'><strong>εἰς</strong></span> <span class='ocrx_word' id='word_1_193' title='bbox 3748 1508 3883 1561; x_wconf 83' lang='grc' dir='ltr'>εἰδω-</span> 
     </span>
    </p>
   </div>
   <div class='ocr_carea' id='block_1_30' title="bbox 2324 1594 3880 1669">
    <p class='ocr_par' dir='ltr' id='par_1_30' title="bbox 2324 1594 3880 1669">
     <span class='ocr_line' id='line_1_30' title="bbox 2324 1594 3880 1669; baseline 0.003 -22"><span class='ocrx_word' id='word_1_194' title='bbox 2324 1594 2611 1668; x_wconf 83' lang='grc' dir='ltr'>λολατρίαν</span> <span class='ocrx_word' id='word_1_195' title='bbox 2643 1597 2912 1667; x_wconf 83' lang='grc' dir='ltr'>σπουδῆς;</span> <span class='ocrx_word' id='word_1_196' title='bbox 2937 1597 2970 1668; x_wconf 72' lang='grc' dir='ltr'>ἢ</span> <span class='ocrx_word' id='word_1_197' title='bbox 2996 1596 3127 1650; x_wconf 88' lang='grc' dir='ltr'>ποία</span> <span class='ocrx_word' id='word_1_198' title='bbox 3150 1596 3303 1669; x_wconf 86' lang='grc' dir='ltr'><strong>παρά</strong></span> <span class='ocrx_word' id='word_1_199' title='bbox 3339 1596 3592 1666; x_wconf 83' lang='grc' dir='ltr'>γλυπτῶν</span> <span class='ocrx_word' id='word_1_200' title='bbox 3620 1598 3829 1669; x_wconf 83' lang='grc' dir='ltr'>δνησις;</span> <span class='ocrx_word' id='word_1_201' title='bbox 3852 1599 3880 1669; x_wconf 72' lang='grc' dir='ltr'>ἢ</span> 
     </span>
    </p>
   </div>
   <div class='ocr_carea' id='block_1_31' title="bbox 2327 1688 3881 1760">
    <p class='ocr_par' dir='ltr' id='par_1_31' title="bbox 2327 1688 3881 1760">
     <span class='ocr_line' id='line_1_31' title="bbox 2327 1688 3881 1760; baseline 0.003 -22"><span class='ocrx_word' id='word_1_202' title='bbox 2327 1688 2467 1740; x_wconf 87' lang='grc' dir='ltr'><strong>κατά</strong></span> <span class='ocrx_word' id='word_1_203' title='bbox 2491 1688 2608 1741; x_wconf 89' lang='grc' dir='ltr'>τίνα</span> <span class='ocrx_word' id='word_1_204' title='bbox 2641 1688 2839 1760; x_wconf 79' lang='grc' dir='ltr'>τρόπον</span> <span class='ocrx_word' id='word_1_205' title='bbox 2863 1688 3189 1759; x_wconf 72' lang='grc' dir='ltr'>εὐφρανοῦσι</span> <span class='ocrx_word' id='word_1_206' title='bbox 3215 1705 3368 1753; x_wconf 88' lang='grc' dir='ltr'>τινας</span> <span class='ocrx_word' id='word_1_207' title='bbox 3397 1689 3435 1743; x_wconf 79' lang='grc' dir='ltr'><strong>ἀ</strong></span> <span class='ocrx_word' id='word_1_208' title='bbox 3462 1688 3544 1743; x_wconf 74' lang='grc' dir='ltr'>δεῖ</span> <span class='ocrx_word' id='word_1_209' title='bbox 3577 1691 3791 1753; x_wconf 83' lang='grc' dir='ltr'>πάντως</span> <span class='ocrx_word' id='word_1_210' title='bbox 3808 1692 3881 1743; x_wconf 81' lang='grc' dir='ltr'><strong>ὲλ-</strong></span> 
     </span>
    </p>
   </div>
   <div class='ocr_carea' id='block_1_32' title="bbox 2327 1779 3881 1852">
    <p class='ocr_par' dir='ltr' id='par_1_32' title="bbox 2327 1779 3881 1852">
     <span class='ocr_line' id='line_1_32' title="bbox 2327 1779 3881 1852; baseline 0.004 -21"><span class='ocrx_word' id='word_1_211' title='bbox 2327 1779 2439 1832; x_wconf 84' lang='grc' dir='ltr'>θεῖν</span> <span class='ocrx_word' id='word_1_212' title='bbox 2467 1780 2547 1842; x_wconf 86' lang='grc' dir='ltr'><strong>εἰς</strong></span> <span class='ocrx_word' id='word_1_213' title='bbox 2591 1782 3008 1852; x_wconf 80' lang='grc' dir='ltr'>καταστροφήν;</span> <span class='ocrx_word' id='word_1_214' title='bbox 3051 1780 3291 1834; x_wconf 85' lang='grc' dir='ltr'>Ἐοίκασι</span> <span class='ocrx_word' id='word_1_215' title='bbox 3327 1781 3505 1836; x_wconf 82' lang='grc' dir='ltr'>τοίνυν</span> <span class='ocrx_word' id='word_1_216' title='bbox 3541 1783 3590 1836; x_wconf 81' lang='grc' dir='ltr'><strong>οἰ</strong></span> <span class='ocrx_word' id='word_1_217' title='bbox 3634 1783 3705 1836; x_wconf 76' lang='grc' dir='ltr'>τὰ</span> <span class='ocrx_word' id='word_1_218' title='bbox 3727 1784 3881 1838; x_wconf 79' lang='grc' dir='ltr'>τοιάδε</span> 
     </span>
    </p>
   </div>
   <div class='ocr_carea' id='block_1_33' title="bbox 647 1870 2220 1943">
    <p class='ocr_par' dir='ltr' id='par_1_33' title="bbox 647 1870 2220 1940">
     <span class='ocr_line' id='line_1_33' title="bbox 647 1870 2220 1940; baseline -0.003 -11"><span class='ocrx_word' id='word_1_219' title='bbox 647 1890 719 1929; x_wconf 90' lang='lat' dir='ltr'><strong>no</strong></span> <span class='ocrx_word' id='word_1_220' title='bbox 780 1874 1138 1929; x_wconf 80' lang='lat' dir='ltr'><strong>subvertenda</strong></span> <span class='ocrx_word' id='word_1_221' title='bbox 1172 1871 1340 1926; x_wconf 87' lang='lat' dir='ltr'><strong>sunt?</strong></span> <span class='ocrx_word' id='word_1_222' title='bbox 1385 1871 1571 1940; x_wconf 89' lang='lat' dir='ltr'><strong>Itaque</strong></span> <span class='ocrx_word' id='word_1_223' title='bbox 1616 1872 1707 1940; x_wconf 89' lang='lat' dir='ltr'><strong>qui</strong></span> <span class='ocrx_word' id='word_1_224' title='bbox 1737 1871 1862 1925; x_wconf 86' lang='lat' dir='ltr'><strong>talia</strong></span> <span class='ocrx_word' id='word_1_225' title='bbox 1894 1870 2071 1925; x_wconf 81' lang='lat' dir='ltr'><strong>facere</strong></span> <span class='ocrx_word' id='word_1_226' title='bbox 2092 1885 2220 1925; x_wconf 88' lang='lat' dir='ltr'><strong>con-</strong></span> 
     </span>
    </p>
   </div>
   <div class='ocr_carea' id='block_1_34' title="bbox 2322 1870 3881 1943">
    <p class='ocr_par' dir='ltr' id='par_1_34' title="bbox 2328 1870 3881 1943">
     <span class='ocr_line' id='line_1_34' title="bbox 2328 1870 3881 1943; baseline 0.002 -19"><span class='ocrx_word' id='word_1_227' title='bbox 2328 1874 2502 1924; x_wconf 84' lang='grc' dir='ltr'>ποιεῖν</span> <span class='ocrx_word' id='word_1_228' title='bbox 2524 1871 2797 1936; x_wconf 79' lang='grc' dir='ltr'>εἰωθότες,</span> <span class='ocrx_word' id='word_1_229' title='bbox 2825 1872 2919 1925; x_wconf 70' lang='grc' dir='ltr'><strong>καὶ</strong></span> <span class='ocrx_word' id='word_1_230' title='bbox 2943 1874 3063 1935; x_wconf 84' lang='grc' dir='ltr'>ταῖς</span> <span class='ocrx_word' id='word_1_231' title='bbox 3087 1870 3320 1927; x_wconf 86' lang='grc' dir='ltr'>εἰδώλων</span> <span class='ocrx_word' id='word_1_232' title='bbox 3345 1876 3529 1943; x_wconf 73' lang='grc' dir='ltr'>τιμαῖς</span> <span class='ocrx_word' id='word_1_233' title='bbox 3559 1874 3881 1938; x_wconf 79' lang='grc' dir='ltr'>ἀνατιθέντες</span> 
     </span>
    </p>
   </div>
   <div class='ocr_carea' id='block_1_35' title="bbox 644 1960 2219 2033">
    <p class='ocr_par' dir='ltr' id='par_1_35' title="bbox 644 1960 2219 2033">
     <span class='ocr_line' id='line_1_35' title="bbox 644 1960 2219 2033; baseline -0.004 -12"><span class='ocrx_word' id='word_1_234' title='bbox 644 1976 958 2030; x_wconf 81' lang='lat' dir='ltr'><strong>sueveruut,</strong></span> <span class='ocrx_word' id='word_1_235' title='bbox 986 1974 1041 2020; x_wconf 92' lang='lat' dir='ltr'><strong>et</strong></span> <span class='ocrx_word' id='word_1_236' title='bbox 1078 1966 1275 2018; x_wconf 89' lang='lat' dir='ltr'><strong>seriam</strong></span> <span class='ocrx_word' id='word_1_237' title='bbox 1324 1977 1545 2033; x_wconf 86' lang='lat' dir='ltr'><strong>operam</strong></span> <span class='ocrx_word' id='word_1_238' title='bbox 1598 1960 1751 2015; x_wconf 87' lang='lat' dir='ltr'><strong>idolis</strong></span> <span class='ocrx_word' id='word_1_239' title='bbox 1806 1961 2006 2027; x_wconf 86' lang='lat' dir='ltr'><strong>dicant,</strong></span> <span class='ocrx_word' id='word_1_240' title='bbox 2034 1975 2219 2017; x_wconf 86' lang='lat' dir='ltr'><strong>eorum</strong></span> 
     </span>
    </p>
   </div>
   <div class='ocr_carea' id='block_1_36' title="bbox 644 2052 2218 2123">
    <p class='ocr_par' dir='ltr' id='par_1_36' title="bbox 644 2052 2218 2123">
     <span class='ocr_line' id='line_1_36' title="bbox 644 2052 2218 2123; baseline -0.003 -14"><span class='ocrx_word' id='word_1_241' title='bbox 644 2057 895 2112; x_wconf 86' lang='lat' dir='ltr'><strong>videntur</strong></span> <span class='ocrx_word' id='word_1_242' title='bbox 924 2054 1146 2118; x_wconf 88' lang='lat' dir='ltr'><strong>similes,</strong></span> <span class='ocrx_word' id='word_1_243' title='bbox 1174 2054 1260 2123; x_wconf 90' lang='lat' dir='ltr'><strong>qui</strong></span> <span class='ocrx_word' id='word_1_244' title='bbox 1314 2070 1341 2107; x_wconf 89' lang='lat' dir='ltr'><strong>a</strong></span> <span class='ocrx_word' id='word_1_245' title='bbox 1377 2062 1536 2107; x_wconf 87' lang='lat' dir='ltr'><strong>vento</strong></span> <span class='ocrx_word' id='word_1_246' title='bbox 1577 2061 1829 2121; x_wconf 88' lang='lat' dir='ltr'><strong>corrupta</strong></span> <span class='ocrx_word' id='word_1_247' title='bbox 1862 2052 2218 2122; x_wconf 86' lang='lat' dir='ltr'><strong>seminarunt,</strong></span> 
     </span>
    </p>
   </div>
   <div class='ocr_carea' id='block_1_37' title="bbox 644 2142 2217 2217">
    <p class='ocr_par' dir='ltr' id='par_1_37' title="bbox 644 2142 2217 2217">
     <span class='ocr_line' id='line_1_37' title="bbox 644 2142 2217 2217; baseline -0.005 -14"><span class='ocrx_word' id='word_1_248' title='bbox 644 2150 1025 2217; x_wconf 83' lang='lat' dir='ltr'><strong>spicarumque</strong></span> <span class='ocrx_word' id='word_1_249' title='bbox 1084 2145 1355 2214; x_wconf 86' lang='lat' dir='ltr'><strong>manipulo</strong></span> <span class='ocrx_word' id='word_1_250' title='bbox 1414 2144 1737 2198; x_wconf 79' lang='lat' dir='ltr'><strong>frumentum</strong></span> <span class='ocrx_word' id='word_1_251' title='bbox 1810 2158 1913 2197; x_wconf 91' lang='lat' dir='ltr'><strong>non</strong></span> <span class='ocrx_word' id='word_1_252' title='bbox 1960 2142 2217 2206; x_wconf 87' lang='lat' dir='ltr'><strong>habenti,</strong></span> 
     </span>
    </p>
   </div>
   <div class='ocr_carea' id='block_1_38' title="bbox 644 2231 2219 2301">
    <p class='ocr_par' dir='ltr' id='par_1_38' title="bbox 644 2231 2219 2301">
     <span class='ocr_line' id='line_1_38' title="bbox 644 2231 2219 2301; baseline -0.006 -5"><span class='ocrx_word' id='word_1_253' title='bbox 644 2252 700 2296; x_wconf 89' lang='lat' dir='ltr'><strong>et</strong></span> <span class='ocrx_word' id='word_1_254' title='bbox 748 2240 815 2295; x_wconf 91' lang='lat' dir='ltr'><strong>ad</strong></span> <span class='ocrx_word' id='word_1_255' title='bbox 867 2253 1021 2295; x_wconf 90' lang='lat' dir='ltr'><strong>usum</strong></span> <span class='ocrx_word' id='word_1_256' title='bbox 1070 2236 1256 2290; x_wconf 83' lang='lat' dir='ltr'><strong>farinae</strong></span> <span class='ocrx_word' id='word_1_257' title='bbox 1311 2234 1534 2289; x_wconf 89' lang='lat' dir='ltr'><strong>minime</strong></span> <span class='ocrx_word' id='word_1_258' title='bbox 1586 2233 1735 2288; x_wconf 83' lang='lat' dir='ltr'><strong>facti.</strong></span> <span class='ocrx_word' id='word_1_259' title='bbox 1787 2231 1940 2298; x_wconf 88' lang='lat' dir='ltr'><strong>Quod</strong></span> <span class='ocrx_word' id='word_1_260' title='bbox 1979 2232 2023 2287; x_wconf 91' lang='lat' dir='ltr'><strong>si</strong></span> <span class='ocrx_word' id='word_1_261' title='bbox 2092 2233 2219 2301; x_wconf 91' lang='lat' dir='ltr'><strong>quid</strong></span> 
     </span>
    </p>
   </div>
   <div class='ocr_carea' id='block_1_39' title="bbox 643 2323 2221 2400">
    <p class='ocr_par' dir='ltr' id='par_1_39' title="bbox 643 2323 2221 2400">
     <span class='ocr_line' id='line_1_39' title="bbox 643 2323 2221 2400; baseline -0.007 -13"><span class='ocrx_word' id='word_1_262' title='bbox 643 2331 808 2387; x_wconf 92' lang='lat' dir='ltr'><strong>etiam</strong></span> <span class='ocrx_word' id='word_1_263' title='bbox 860 2328 1234 2400; x_wconf 71' lang='lat' dir='ltr'><strong>przcstiterint,</strong></span> <span class='ocrx_word' id='word_1_264' title='bbox 1273 2327 1378 2380; x_wconf 89' lang='lat' dir='ltr'><strong>hoc</strong></span> <span class='ocrx_word' id='word_1_265' title='bbox 1401 2336 1509 2390; x_wconf 91' lang='lat' dir='ltr'><strong>est,</strong></span> <span class='ocrx_word' id='word_1_266' title='bbox 1543 2324 1788 2395; x_wconf 85' lang='lat' dir='ltr'><strong>quamvis</strong></span> <span class='ocrx_word' id='word_1_267' title='bbox 1818 2323 2221 2392; x_wconf 84' lang='lat' dir='ltr'><strong>videri-possint</strong></span> 
     </span>
    </p>
   </div>
   <div class='ocr_carea' id='block_1_40' title="bbox 645 2415 2225 2492">
    <p class='ocr_par' dir='ltr' id='par_1_40' title="bbox 645 2415 2225 2492">
     <span class='ocr_line' id='line_1_40' title="bbox 645 2415 2225 2492; baseline -0.006 -14"><span class='ocrx_word' id='word_1_268' title='bbox 645 2424 828 2492; x_wconf 89' lang='lat' dir='ltr'><strong>aliquo</strong></span> <span class='ocrx_word' id='word_1_269' title='bbox 863 2420 1020 2477; x_wconf 91' lang='lat' dir='ltr'><strong>modo</strong></span> <span class='ocrx_word' id='word_1_270' title='bbox 1049 2420 1173 2476; x_wconf 91' lang='lat' dir='ltr'><strong>boni</strong></span> <span class='ocrx_word' id='word_1_271' title='bbox 1213 2427 1267 2474; x_wconf 89' lang='lat' dir='ltr'><strong>et</strong></span> <span class='ocrx_word' id='word_1_272' title='bbox 1311 2418 1508 2473; x_wconf 84' lang='lat' dir='ltr'><strong>sinceri</strong></span> <span class='ocrx_word' id='word_1_273' title='bbox 1542 2418 1689 2473; x_wconf 88' lang='lat' dir='ltr'><strong>circa</strong></span> <span class='ocrx_word' id='word_1_274' title='bbox 1730 2431 1889 2485; x_wconf 88' lang='lat' dir='ltr'><strong>opera</strong></span> <span class='ocrx_word' id='word_1_275' title='bbox 1949 2415 2225 2471; x_wconf 81' lang='lat' dir='ltr'><strong>seductio-</strong></span> 
     </span>
    </p>
   </div>
   <div class='ocr_carea' id='block_1_41' title="bbox 641 2507 2220 2580">
    <p class='ocr_par' dir='ltr' id='par_1_41' title="bbox 641 2507 2220 2580">
     <span class='ocr_line' id='line_1_41' title="bbox 641 2507 2220 2580; baseline -0.006 -7"><span class='ocrx_word' id='word_1_276' title='bbox 641 2518 773 2573; x_wconf 87' lang='lat' dir='ltr'><strong>nis:</strong></span> <span class='ocrx_word' id='word_1_277' title='bbox 812 2524 867 2571; x_wconf 90' lang='lat' dir='ltr'><strong>et</strong></span> <span class='ocrx_word' id='word_1_278' title='bbox 917 2517 1017 2571; x_wconf 87' lang='lat' dir='ltr'><strong>hoc</strong></span> <span class='ocrx_word' id='word_1_279' title='bbox 1067 2514 1118 2568; x_wconf 92' lang='lat' dir='ltr'><strong>in</strong></span> <span class='ocrx_word' id='word_1_280' title='bbox 1163 2514 1372 2567; x_wconf 89' lang='lat' dir='ltr'><strong>alienos</strong></span> <span class='ocrx_word' id='word_1_281' title='bbox 1428 2511 1496 2566; x_wconf 92' lang='lat' dir='ltr'><strong>ab</strong></span> <span class='ocrx_word' id='word_1_282' title='bbox 1545 2510 1674 2580; x_wconf 86' lang='lat' dir='ltr'><strong>ipsis</strong></span> <span class='ocrx_word' id='word_1_283' title='bbox 1728 2509 2058 2574; x_wconf 78' lang='lat' dir='ltr'><strong>conferetur,</strong></span> <span class='ocrx_word' id='word_1_284' title='bbox 2108 2507 2220 2563; x_wconf 89' lang='lat' dir='ltr'><strong>Deo</strong></span> 
     </span>
    </p>
   </div>
   <div class='ocr_carea' id='block_1_42' title="bbox 642 2596 2221 2675">
    <p class='ocr_par' dir='ltr' id='par_1_42' title="bbox 642 2596 2221 2675">
     <span class='ocr_line' id='line_1_42' title="bbox 642 2596 2221 2675; baseline -0.008 -13"><span class='ocrx_word' id='word_1_285' title='bbox 642 2620 778 2662; x_wconf 84' lang='lat' dir='ltr'><strong>vero</strong></span> <span class='ocrx_word' id='word_1_286' title='bbox 826 2606 1142 2675; x_wconf 85' lang='lat' dir='ltr'><strong>neutiquam</strong></span> <span class='ocrx_word' id='word_1_287' title='bbox 1188 2601 1381 2672; x_wconf 85' lang='lat' dir='ltr'><strong>gaudio</strong></span> <span class='ocrx_word' id='word_1_288' title='bbox 1409 2600 1533 2655; x_wconf 87' lang='lat' dir='ltr'><strong>erit.</strong></span> <span class='ocrx_word' id='word_1_289' title='bbox 1563 2599 1781 2654; x_wconf 80' lang='lat' dir='ltr'><strong>Alienos</strong></span> <span class='ocrx_word' id='word_1_290' title='bbox 1818 2598 2060 2653; x_wconf 84' lang='lat' dir='ltr'><strong>nominat</strong></span> <span class='ocrx_word' id='word_1_291' title='bbox 2088 2596 2221 2651; x_wconf 82' lang='lat' dir='ltr'><strong>l&#39;also</strong></span> 
     </span>
    </p>
   </div>
   <div class='ocr_carea' id='block_1_43' title="bbox 646 2686 2221 2765">
    <p class='ocr_par' dir='ltr' id='par_1_43' title="bbox 646 2686 2221 2765">
     <span class='ocr_line' id='line_1_43' title="bbox 646 2686 2221 2765; baseline -0.007 -12"><span class='ocrx_word' id='word_1_292' title='bbox 646 2697 865 2753; x_wconf 86' lang='lat' dir='ltr'><strong>nomine</strong></span> <span class='ocrx_word' id='word_1_293' title='bbox 894 2695 1188 2765; x_wconf 88' lang='lat' dir='ltr'><strong>appellatos</strong></span> <span class='ocrx_word' id='word_1_294' title='bbox 1209 2692 1359 2747; x_wconf 86' lang='lat' dir='ltr'><strong>deos.</strong></span> <span class='ocrx_word' id='word_1_295' title='bbox 1390 2688 1554 2745; x_wconf 90' lang='lat' dir='ltr'><strong>Caret</strong></span> <span class='ocrx_word' id='word_1_296' title='bbox 1581 2689 1750 2758; x_wconf 78' lang='lat' dir='ltr'><strong>igitur</strong></span> <span class='ocrx_word' id='word_1_297' title='bbox 1779 2688 1925 2743; x_wconf 89' lang='lat' dir='ltr'><strong>omni</strong></span> <span class='ocrx_word' id='word_1_298' title='bbox 1967 2686 2221 2743; x_wconf 83' lang='lat' dir='ltr'><strong>mercede</strong></span> 
     </span>
    </p>
   </div>
   <div class='ocr_carea' id='block_1_44' title="bbox 646 2779 2222 2859">
    <p class='ocr_par' dir='ltr' id='par_1_44' title="bbox 646 2779 2222 2859">
     <span class='ocr_line' id='line_1_44' title="bbox 646 2779 2222 2859; baseline -0.006 -15"><span class='ocrx_word' id='word_1_299' title='bbox 646 2798 703 2844; x_wconf 90' lang='lat' dir='ltr'><strong>et</strong></span> <span class='ocrx_word' id='word_1_300' title='bbox 772 2788 1013 2859; x_wconf 82' lang='lat' dir='ltr'><strong>probitas</strong></span> <span class='ocrx_word' id='word_1_301' title='bbox 1082 2792 1264 2839; x_wconf 86' lang='lat' dir='ltr'><strong>nostra</strong></span> <span class='ocrx_word' id='word_1_302' title='bbox 1334 2782 1386 2835; x_wconf 90' lang='lat' dir='ltr'><strong>in</strong></span> <span class='ocrx_word' id='word_1_303' title='bbox 1446 2780 1554 2848; x_wconf 88' lang='lat' dir='ltr'><strong>his,</strong></span> <span class='ocrx_word' id='word_1_304' title='bbox 1624 2795 1745 2849; x_wconf 64' lang='lat' dir='ltr'><strong>qua:</strong></span> <span class='ocrx_word' id='word_1_305' title='bbox 1795 2779 1937 2835; x_wconf 89' lang='lat' dir='ltr'><strong>Deus</strong></span> <span class='ocrx_word' id='word_1_306' title='bbox 1988 2780 2134 2845; x_wconf 87' lang='lat' dir='ltr'><strong>odit;</strong></span> <span class='ocrx_word' id='word_1_307' title='bbox 2167 2788 2222 2835; x_wconf 88' lang='lat' dir='ltr'><strong>et</strong></span> 
     </span>
    </p>
   </div>
   <div class='ocr_carea' id='block_1_45' title="bbox 647 2871 2221 2936">
    <p class='ocr_par' dir='ltr' id='par_1_45' title="bbox 647 2871 2221 2936">
     <span class='ocr_line' id='line_1_45' title="bbox 647 2871 2221 2936; baseline -0.006 -4"><span class='ocrx_word' id='word_1_308' title='bbox 647 2891 827 2934; x_wconf 83' lang='lat' dir='ltr'><strong>mores</strong></span> <span class='ocrx_word' id='word_1_309' title='bbox 864 2876 991 2932; x_wconf 87' lang='lat' dir='ltr'><strong>boni</strong></span> <span class='ocrx_word' id='word_1_310' title='bbox 1020 2875 1087 2929; x_wconf 90' lang='lat' dir='ltr'><strong>ad</strong></span> <span class='ocrx_word' id='word_1_311' title='bbox 1116 2888 1305 2929; x_wconf 84' lang='lat' dir='ltr'><strong>verum</strong></span> <span class='ocrx_word' id='word_1_312' title='bbox 1345 2872 1545 2926; x_wconf 89' lang='lat' dir='ltr'><strong>bonum</strong></span> <span class='ocrx_word' id='word_1_313' title='bbox 1589 2885 1694 2925; x_wconf 91' lang='lat' dir='ltr'><strong>non</strong></span> <span class='ocrx_word' id='word_1_314' title='bbox 1724 2871 2047 2936; x_wconf 85' lang='lat' dir='ltr'><strong>eminentes,</strong></span> <span class='ocrx_word' id='word_1_315' title='bbox 2078 2884 2221 2925; x_wconf 74' lang='lat' dir='ltr'><strong>aetr-</strong></span> 
     </span>
    </p>
   </div>
   <div class='ocr_carea' id='block_1_46' title="bbox 645 2964 1925 3042">
    <p class='ocr_par' dir='ltr' id='par_1_46' title="bbox 645 2964 1925 3042">
     <span class='ocr_line' id='line_1_46' title="bbox 645 2964 1925 3042; baseline -0.005 -16"><span class='ocrx_word' id='word_1_316' title='bbox 645 2985 745 3042; x_wconf 88' lang='lat' dir='ltr'><strong>per</strong></span> <span class='ocrx_word' id='word_1_317' title='bbox 782 2980 837 3024; x_wconf 93' lang='lat' dir='ltr'><strong>et</strong></span> <span class='ocrx_word' id='word_1_318' title='bbox 878 2967 1201 3024; x_wconf 84' lang='lat' dir='ltr'><strong>omnimodis</strong></span> <span class='ocrx_word' id='word_1_319' title='bbox 1240 2966 1307 3021; x_wconf 89' lang='lat' dir='ltr'><strong>ab</strong></span> <span class='ocrx_word' id='word_1_320' title='bbox 1335 2980 1400 3021; x_wconf 88' lang='lat' dir='ltr'><strong>eo</strong></span> <span class='ocrx_word' id='word_1_321' title='bbox 1441 2964 1925 3034; x_wconf 83' lang='lat' dir='ltr'><strong>reprehendemur.</strong></span> 
     </span>
    </p>
   </div>
   <div class='ocr_carea' id='block_1_47' title="bbox 724 3054 2217 3125">
    <p class='ocr_par' dir='ltr' id='par_1_47' title="bbox 724 3054 2217 3125">
     <span class='ocr_line' id='line_1_47' title="bbox 724 3054 2217 3125; baseline -0.004 -10"><span class='ocrx_word' id='word_1_322' title='bbox 724 3061 886 3116; x_wconf 74' lang='lat' dir='ltr'><strong>Vens.</strong></span> <span class='ocrx_word' id='word_1_323' title='bbox 943 3058 999 3123; x_wconf 89' lang='lat'><strong>8,</strong></span> <span class='ocrx_word' id='word_1_324' title='bbox 1043 3058 1097 3113; x_wconf 90' lang='lat'><strong>9.</strong></span> <span class='ocrx_word' id='word_1_325' title='bbox 1140 3057 1430 3123; x_wconf 79' lang='lat' dir='ltr'><strong>Absorptus</strong></span> <span class='ocrx_word' id='word_1_326' title='bbox 1483 3063 1560 3109; x_wconf 77' lang='lat' dir='ltr'><strong>est</strong></span> <span class='ocrx_word' id='word_1_327' title='bbox 1614 3054 1801 3119; x_wconf 77' lang='lat' dir='ltr'><strong>Israel,</strong></span> <span class='ocrx_word' id='word_1_328' title='bbox 1864 3070 2002 3108; x_wconf 82' lang='lat' dir='ltr'><strong>nunc</strong></span> <span class='ocrx_word' id='word_1_329' title='bbox 2046 3055 2217 3125; x_wconf 77' lang='lat' dir='ltr'><strong>factus</strong></span> 
     </span>
    </p>
   </div>
   <div class='ocr_carea' id='block_1_48' title="bbox 645 3142 2217 3218">
    <p class='ocr_par' dir='ltr' id='par_1_48' title="bbox 645 3142 2217 3218">
     <span class='ocr_line' id='line_1_48' title="bbox 645 3142 2217 3218; baseline -0.007 -13"><span class='ocrx_word' id='word_1_330' title='bbox 645 3160 723 3206; x_wconf 82' lang='lat' dir='ltr'><strong>est</strong></span> <span class='ocrx_word' id='word_1_331' title='bbox 766 3150 821 3203; x_wconf 85' lang='lat' dir='ltr'><strong>in</strong></span> <span class='ocrx_word' id='word_1_332' title='bbox 867 3148 1101 3218; x_wconf 80' lang='lat' dir='ltr'><strong>gentibus</strong></span> <span class='ocrx_word' id='word_1_333' title='bbox 1151 3144 1301 3214; x_wconf 83' lang='lat' dir='ltr'><strong>quasi</strong></span> <span class='ocrx_word' id='word_1_334' title='bbox 1333 3159 1422 3196; x_wconf 80' lang='lat' dir='ltr'><strong>vas</strong></span> <span class='ocrx_word' id='word_1_335' title='bbox 1462 3142 1670 3207; x_wconf 70' lang='lat' dir='ltr'><strong>inutiie,</strong></span> <span class='ocrx_word' id='word_1_336' title='bbox 1712 3144 1833 3212; x_wconf 86' lang='lat' dir='ltr'><strong>quia</strong></span> <span class='ocrx_word' id='word_1_337' title='bbox 1882 3143 1981 3211; x_wconf 83' lang='lat' dir='ltr'><strong>ipsi</strong></span> <span class='ocrx_word' id='word_1_338' title='bbox 2032 3159 2217 3195; x_wconf 76' lang='lat' dir='ltr'><strong>ascen-</strong></span> 
     </span>
    </p>
   </div>
   <div class='ocr_carea' id='block_1_49' title="bbox 2326 1962 3881 2036">
    <p class='ocr_par' dir='ltr' id='par_1_49' title="bbox 2326 1962 3881 2036">
     <span class='ocr_line' id='line_1_49' title="bbox 2326 1962 3881 2036; baseline 0.001 -19"><span class='ocrx_word' id='word_1_339' title='bbox 2326 1963 2388 2017; x_wconf 86' lang='grc' dir='ltr'><strong>τὸ</strong></span> <span class='ocrx_word' id='word_1_340' title='bbox 2410 1962 2752 2035; x_wconf 88' lang='grc' dir='ltr'>σπούδασμα,</span> <span class='ocrx_word' id='word_1_341' title='bbox 2776 1966 2887 2028; x_wconf 81' lang='grc' dir='ltr'>τοῖς</span> <span class='ocrx_word' id='word_1_342' title='bbox 2910 1964 3225 2036; x_wconf 85' lang='grc' dir='ltr'>σπείρουσιν</span> <span class='ocrx_word' id='word_1_343' title='bbox 3253 1965 3725 2036; x_wconf 82' lang='grc' dir='ltr'>ἀνεμόφθορα,καὶ</span> <span class='ocrx_word' id='word_1_344' title='bbox 3741 1967 3881 2020; x_wconf 85' lang='grc' dir='ltr'>ἀστα-</span> 
     </span>
    </p>
   </div>
   <div class='ocr_carea' id='block_1_50' title="bbox 2327 2053 3877 2127">
    <p class='ocr_par' dir='ltr' id='par_1_50' title="bbox 2327 2053 3877 2127">
     <span class='ocr_line' id='line_1_50' title="bbox 2327 2053 3877 2127; baseline 0.001 -22"><span class='ocrx_word' id='word_1_345' title='bbox 2327 2054 2472 2124; x_wconf 87' lang='grc' dir='ltr'>χύων</span> <span class='ocrx_word' id='word_1_346' title='bbox 2502 2053 2795 2125; x_wconf 83' lang='grc' dir='ltr'>δράγματι,</span> <span class='ocrx_word' id='word_1_347' title='bbox 2844 2056 2987 2107; x_wconf 84' lang='grc' dir='ltr'>σῖτον</span> <span class='ocrx_word' id='word_1_348' title='bbox 3036 2053 3137 2107; x_wconf 80' lang='grc' dir='ltr'><strong>οὐκ</strong></span> <span class='ocrx_word' id='word_1_349' title='bbox 3176 2053 3374 2124; x_wconf 78' lang='grc' dir='ltr'>ἔχοντι,</span> <span class='ocrx_word' id='word_1_350' title='bbox 3408 2054 3501 2107; x_wconf 76' lang='grc' dir='ltr'>καὶ</span> <span class='ocrx_word' id='word_1_351' title='bbox 3545 2056 3627 2116; x_wconf 82' lang='grc' dir='ltr'><strong>εἰς</strong></span> <span class='ocrx_word' id='word_1_352' title='bbox 3669 2055 3877 2127; x_wconf 82' lang='grc' dir='ltr'>ἀλεύρου</span> 
     </span>
    </p>
   </div>
   <div class='ocr_carea' id='block_1_51' title="bbox 2326 2145 3879 2217">
    <p class='ocr_par' dir='ltr' id='par_1_51' title="bbox 2326 2145 3879 2217">
     <span class='ocr_line' id='line_1_51' title="bbox 2326 2145 3879 2217; baseline 0.001 -20"><span class='ocrx_word' id='word_1_353' title='bbox 2326 2145 2514 2215; x_wconf 86' lang='grc' dir='ltr'>χρείαν</span> <span class='ocrx_word' id='word_1_354' title='bbox 2547 2146 2608 2197; x_wconf 76' lang='grc' dir='ltr'><strong>οὐ</strong></span> <span class='ocrx_word' id='word_1_355' title='bbox 2643 2145 3017 2215; x_wconf 82' lang='grc' dir='ltr'>πεποιημένῳ.</span> <span class='ocrx_word' id='word_1_356' title='bbox 3050 2146 3112 2198; x_wconf 88' lang='lat' dir='ltr'><strong>Ei</strong></span> <span class='ocrx_word' id='word_1_357' title='bbox 3135 2145 3192 2198; x_wconf 78' lang='grc' dir='ltr'>δὲ</span> <span class='ocrx_word' id='word_1_358' title='bbox 3214 2145 3278 2216; x_wconf 81' lang='grc' dir='ltr'>δή</span> <span class='ocrx_word' id='word_1_359' title='bbox 3306 2162 3359 2199; x_wconf 92' lang='grc' dir='ltr'><strong>τι</strong></span> <span class='ocrx_word' id='word_1_360' title='bbox 3396 2145 3493 2199; x_wconf 76' lang='grc' dir='ltr'>καὶ</span> <span class='ocrx_word' id='word_1_361' title='bbox 3529 2146 3741 2215; x_wconf 82' lang='grc' dir='ltr'>γένοιτο</span> <span class='ocrx_word' id='word_1_362' title='bbox 3768 2147 3879 2217; x_wconf 82' lang='grc' dir='ltr'>παρ’</span> 
     </span>
    </p>
   </div>
   <div class='ocr_carea' id='block_1_52' title="bbox 2326 2230 3875 2300">
    <p class='ocr_par' dir='ltr' id='par_1_52' title="bbox 2326 2230 3875 2300">
     <span class='ocr_line' id='line_1_52' title="bbox 2326 2230 3875 2300; baseline 0.001 -14"><span class='ocrx_word' id='word_1_363' title='bbox 2326 2233 2525 2300; x_wconf 80' lang='grc' dir='ltr'>αὐτῶν,</span> <span class='ocrx_word' id='word_1_364' title='bbox 2556 2234 2828 2298; x_wconf 83' lang='grc' dir='ltr'>τουτέστι,</span> <span class='ocrx_word' id='word_1_365' title='bbox 2852 2235 2954 2286; x_wconf 83' lang='grc' dir='ltr'><strong>κᾶν</strong></span> <span class='ocrx_word' id='word_1_366' title='bbox 2985 2236 3035 2287; x_wconf 90' lang='grc' dir='ltr'><strong>εἰ</strong></span> <span class='ocrx_word' id='word_1_367' title='bbox 3060 2234 3269 2299; x_wconf 81' lang='grc' dir='ltr'>δόξειάν</span> <span class='ocrx_word' id='word_1_368' title='bbox 3284 2250 3401 2299; x_wconf 86' lang='grc' dir='ltr'><strong>πως</strong></span> <span class='ocrx_word' id='word_1_369' title='bbox 3425 2230 3567 2288; x_wconf 74' lang='grc' dir='ltr'>εἶναι</span> <span class='ocrx_word' id='word_1_370' title='bbox 3596 2237 3875 2299; x_wconf 80' lang='grc' dir='ltr'>σπουδαῖοι,</span> 
     </span>
    </p>
   </div>
   <div class='ocr_carea' id='block_1_53' title="bbox 2326 2324 3879 2397">
    <p class='ocr_par' dir='ltr' id='par_1_53' title="bbox 2326 2324 3879 2397">
     <span class='ocr_line' id='line_1_53' title="bbox 2326 2324 3879 2397; baseline 0 -20"><span class='ocrx_word' id='word_1_371' title='bbox 2326 2324 2423 2377; x_wconf 73' lang='grc' dir='ltr'>καὶ</span> <span class='ocrx_word' id='word_1_372' title='bbox 2453 2326 2666 2395; x_wconf 77' lang='grc' dir='ltr'>γνήσιοι</span> <span class='ocrx_word' id='word_1_373' title='bbox 2701 2326 2831 2394; x_wconf 72' lang='grc' dir='ltr'>περὶ</span> <span class='ocrx_word' id='word_1_374' title='bbox 2861 2324 2930 2377; x_wconf 83' lang='grc' dir='ltr'>τὰ</span> <span class='ocrx_word' id='word_1_375' title='bbox 2963 2327 3061 2397; x_wconf 77' lang='grc' dir='ltr'><strong>τῆς</strong></span> <span class='ocrx_word' id='word_1_376' title='bbox 3094 2325 3302 2395; x_wconf 84' lang='grc' dir='ltr'>πλάνης</span> <span class='ocrx_word' id='word_1_377' title='bbox 3333 2324 3491 2397; x_wconf 72' lang='grc' dir='ltr'>ἔργα,</span> <span class='ocrx_word' id='word_1_378' title='bbox 3516 2326 3611 2380; x_wconf 78' lang='grc' dir='ltr'>καὶ</span> <span class='ocrx_word' id='word_1_379' title='bbox 3641 2326 3793 2379; x_wconf 86' lang='grc' dir='ltr'>τοῦτο</span> <span class='ocrx_word' id='word_1_380' title='bbox 3814 2327 3879 2388; x_wconf 81' lang='grc' dir='ltr'><strong>εἰς</strong></span> 
     </span>
    </p>
   </div>
   <div class='ocr_carea' id='block_1_54' title="bbox 2327 2414 3878 2487">
    <p class='ocr_par' dir='ltr' id='par_1_54' title="bbox 2327 2414 3878 2487">
     <span class='ocr_line' id='line_1_54' title="bbox 2327 2414 3878 2487; baseline 0.001 -19"><span class='ocrx_word' id='word_1_381' title='bbox 2327 2414 2640 2485; x_wconf 78' lang='grc' dir='ltr'>ἀλλοτρίους</span> <span class='ocrx_word' id='word_1_382' title='bbox 2688 2417 2977 2484; x_wconf 85' lang='grc' dir='ltr'>γενήσεται</span> <span class='ocrx_word' id='word_1_383' title='bbox 3007 2416 3139 2485; x_wconf 83' lang='grc' dir='ltr'>παρ’</span> <span class='ocrx_word' id='word_1_384' title='bbox 3188 2414 3389 2479; x_wconf 79' lang='grc' dir='ltr'>αὐτῶν,</span> <span class='ocrx_word' id='word_1_385' title='bbox 3441 2421 3800 2487; x_wconf 84' lang='grc' dir='ltr'>κατευφρανεί</span> <span class='ocrx_word' id='word_1_386' title='bbox 3831 2417 3878 2469; x_wconf 73' lang='grc' dir='ltr'>δὲ</span> 
     </span>
    </p>
   </div>
   <div class='ocr_carea' id='block_1_55' title="bbox 2326 2502 3879 2575">
    <p class='ocr_par' dir='ltr' id='par_1_55' title="bbox 2326 2502 3879 2575">
     <span class='ocr_line' id='line_1_55' title="bbox 2326 2502 3879 2575; baseline 0.003 -20"><span class='ocrx_word' id='word_1_387' title='bbox 2326 2502 2459 2555; x_wconf 91' lang='grc' dir='ltr'>Θεὸν</span> <span class='ocrx_word' id='word_1_388' title='bbox 2498 2504 2621 2556; x_wconf 86' lang='grc' dir='ltr'>κατ’</span> <span class='ocrx_word' id='word_1_389' title='bbox 2649 2503 2840 2556; x_wconf 77' lang='grc' dir='ltr'>οὐδένα</span> <span class='ocrx_word' id='word_1_390' title='bbox 2882 2504 3106 2571; x_wconf 87' lang='grc' dir='ltr'>τρόπον.</span> <span class='ocrx_word' id='word_1_391' title='bbox 3150 2505 3488 2575; x_wconf 84' lang='grc' dir='ltr'>’Δλλοτρίους</span> <span class='ocrx_word' id='word_1_392' title='bbox 3514 2506 3573 2559; x_wconf 83' lang='grc' dir='ltr'><strong>δέ</strong></span> <span class='ocrx_word' id='word_1_393' title='bbox 3614 2523 3747 2575; x_wconf 85' lang='grc' dir='ltr'>φησι</span> <span class='ocrx_word' id='word_1_394' title='bbox 3776 2507 3879 2567; x_wconf 82' lang='grc' dir='ltr'>τοὺς</span> 
     </span>
    </p>
   </div>
   <div class='ocr_carea' id='block_1_56' title="bbox 2325 2592 3879 2666">
    <p class='ocr_par' dir='ltr' id='par_1_56' title="bbox 2325 2592 3879 2666">
     <span class='ocr_line' id='line_1_56' title="bbox 2325 2592 3879 2666; baseline 0.003 -20"><span class='ocrx_word' id='word_1_395' title='bbox 2325 2593 2714 2665; x_wconf 80' lang='grc' dir='ltr'>ψευδωνύμους</span> <span class='ocrx_word' id='word_1_396' title='bbox 2742 2595 2933 2658; x_wconf 87' lang='grc' dir='ltr'>Θεούς.</span> <span class='ocrx_word' id='word_1_397' title='bbox 2972 2596 3237 2666; x_wconf 81' lang='grc' dir='ltr'>Ἀμισθον</span> <span class='ocrx_word' id='word_1_398' title='bbox 3262 2592 3355 2650; x_wconf 85' lang='grc' dir='ltr'>οὖν</span> <span class='ocrx_word' id='word_1_399' title='bbox 3377 2597 3486 2665; x_wconf 80' lang='grc' dir='ltr'><strong>ἀρα</strong></span> <span class='ocrx_word' id='word_1_400' title='bbox 3514 2597 3879 2660; x_wconf 78' lang='grc' dir='ltr'>παντελῶςκαὶ</span> 
     </span>
    </p>
   </div>
   <div class='ocr_carea' id='block_1_57' title="bbox 2326 2685 3879 2758">
    <p class='ocr_par' dir='ltr' id='par_1_57' title="bbox 2326 2685 3879 2758">
     <span class='ocr_line' id='line_1_57' title="bbox 2326 2685 3879 2758; baseline 0.001 -21"><span class='ocrx_word' id='word_1_401' title='bbox 2326 2685 2389 2737; x_wconf 92' lang='grc' dir='ltr'><strong>τὸ</strong></span> <span class='ocrx_word' id='word_1_402' title='bbox 2426 2685 2711 2740; x_wconf 78' lang='grc' dir='ltr'>σπουδαῖον</span> <span class='ocrx_word' id='word_1_403' title='bbox 2737 2687 2919 2758; x_wconf 79' lang='grc' dir='ltr'>ἡμῶν,</span> <span class='ocrx_word' id='word_1_404' title='bbox 2968 2689 3027 2739; x_wconf 81' lang='grc' dir='ltr'>ὲν</span> <span class='ocrx_word' id='word_1_405' title='bbox 3060 2689 3173 2751; x_wconf 80' lang='grc' dir='ltr'>τοῖς</span> <span class='ocrx_word' id='word_1_406' title='bbox 3214 2685 3444 2741; x_wconf 80' lang='grc' dir='ltr'>λυποῦσι</span> <span class='ocrx_word' id='word_1_407' title='bbox 3487 2688 3645 2755; x_wconf 88' lang='grc' dir='ltr'>Θεὸν,</span> <span class='ocrx_word' id='word_1_408' title='bbox 3674 2692 3764 2741; x_wconf 85' lang='grc' dir='ltr'>καὶ</span> <span class='ocrx_word' id='word_1_409' title='bbox 3798 2688 3879 2756; x_wconf 82' lang='grc' dir='ltr'>τῆς</span> 
     </span>
    </p>
   </div>
   <div class='ocr_carea' id='block_1_58' title="bbox 2326 2778 3878 2851">
    <p class='ocr_par' dir='ltr' id='par_1_58' title="bbox 2326 2778 3878 2851">
     <span class='ocr_line' id='line_1_58' title="bbox 2326 2778 3878 2851; baseline 0.001 -19"><span class='ocrx_word' id='word_1_410' title='bbox 2326 2778 2629 2842; x_wconf 67' lang='grc' dir='ltr'>ἐπιεικείας</span> <span class='ocrx_word' id='word_1_411' title='bbox 2656 2780 2707 2833; x_wconf 82' lang='grc' dir='ltr'><strong>οἰ</strong></span> <span class='ocrx_word' id='word_1_412' title='bbox 2742 2780 2934 2851; x_wconf 84' lang='grc' dir='ltr'>τρόποι</span> <span class='ocrx_word' id='word_1_413' title='bbox 2975 2782 3228 2847; x_wconf 85' lang='grc' dir='ltr'>πάντοτε,</span> <span class='ocrx_word' id='word_1_414' title='bbox 3261 2781 3357 2836; x_wconf 75' lang='grc' dir='ltr'>καὶ</span> <span class='ocrx_word' id='word_1_415' title='bbox 3382 2782 3599 2845; x_wconf 85' lang='grc' dir='ltr'>πάντως</span> <span class='ocrx_word' id='word_1_416' title='bbox 3622 2780 3878 2849; x_wconf 71' lang='grc' dir='ltr'>διαϐεϐλή-</span> 
     </span>
    </p>
   </div>
   <div class='ocr_carea' id='block_1_59' title="bbox 2327 2872 3878 2944">
    <p class='ocr_par' dir='ltr' id='par_1_59' title="bbox 2327 2872 3878 2944">
     <span class='ocr_line' id='line_1_59' title="bbox 2327 2872 3878 2944; baseline 0.002 -20"><span class='ocrx_word' id='word_1_417' title='bbox 2327 2887 2511 2926; x_wconf 88' lang='grc' dir='ltr'>σονται</span> <span class='ocrx_word' id='word_1_418' title='bbox 2560 2872 2691 2943; x_wconf 83' lang='grc' dir='ltr'>παρ’</span> <span class='ocrx_word' id='word_1_419' title='bbox 2735 2873 2904 2943; x_wconf 79' lang='grc' dir='ltr'>αὐτῷ,</span> <span class='ocrx_word' id='word_1_420' title='bbox 2946 2873 3050 2944; x_wconf 78' lang='grc' dir='ltr'>τῆς</span> <span class='ocrx_word' id='word_1_421' title='bbox 3096 2872 3190 2927; x_wconf 90' lang='grc' dir='ltr'><strong>τοῦ</strong></span> <span class='ocrx_word' id='word_1_422' title='bbox 3235 2872 3444 2943; x_wconf 82' lang='grc' dir='ltr'>ἀγαθοῦ</span> <span class='ocrx_word' id='word_1_423' title='bbox 3496 2875 3878 2936; x_wconf 82' lang='grc' dir='ltr'>διεκπίπτοντες</span> 
     </span>
    </p>
   </div>
   <div class='ocr_carea' id='block_1_60' title="bbox 2327 2962 2521 3034">
    <p class='ocr_par' dir='ltr' id='par_1_60' title="bbox 2327 2962 2521 3034">
     <span class='ocr_line' id='line_1_60' title="bbox 2327 2962 2521 3034; baseline 0.005 -18"><span class='ocrx_word' id='word_1_424' title='bbox 2327 2962 2521 3034; x_wconf 79' lang='grc' dir='ltr'>θήρας.</span> 
     </span>
    </p>
   </div>
   <div class='ocr_carea' id='block_1_61' title="bbox 2396 3055 3879 3128">
    <p class='ocr_par' dir='ltr' id='par_1_61' title="bbox 2396 3055 3879 3128">
     <span class='ocr_line' id='line_1_61' title="bbox 2396 3055 3879 3128; baseline 0.003 -21"><span class='ocrx_word' id='word_1_425' title='bbox 2396 3055 2707 3123; x_wconf 80' lang='grc' dir='ltr'>Κατεπόθη</span> <span class='ocrx_word' id='word_1_426' title='bbox 2749 3056 3017 3124; x_wconf 76' lang='grc' dir='ltr'>Ἰσραὴλ,</span> <span class='ocrx_word' id='word_1_427' title='bbox 3062 3057 3183 3113; x_wconf 76' lang='grc' dir='ltr'><strong>νῦν</strong></span> <span class='ocrx_word' id='word_1_428' title='bbox 3213 3057 3449 3128; x_wconf 74' lang='grc' dir='ltr'>ἐγένετο</span> <span class='ocrx_word' id='word_1_429' title='bbox 3473 3058 3547 3111; x_wconf 72' lang='grc' dir='ltr'><em>ἓν</em></span> <span class='ocrx_word' id='word_1_430' title='bbox 3580 3058 3708 3125; x_wconf 77' lang='grc' dir='ltr'>τοῖς</span> <span class='ocrx_word' id='word_1_431' title='bbox 3741 3059 3879 3112; x_wconf 57' lang='grc' dir='ltr'>ἕθνεε</span> 
     </span>
    </p>
   </div>
   <div class='ocr_carea' id='block_1_62' title="bbox 2324 3144 3877 3216">
    <p class='ocr_par' dir='ltr' id='par_1_62' title="bbox 2324 3144 3877 3216">
     <span class='ocr_line' id='line_1_62' title="bbox 2324 3144 3877 3216; baseline 0.001 -17"><span class='ocrx_word' id='word_1_432' title='bbox 2324 3159 2430 3199; x_wconf 77' lang='grc' dir='ltr'>σιν</span> <span class='ocrx_word' id='word_1_433' title='bbox 2455 3146 2535 3211; x_wconf 86' lang='grc' dir='ltr'>ὼς</span> <span class='ocrx_word' id='word_1_434' title='bbox 2557 3144 2781 3213; x_wconf 80' lang='grc' dir='ltr'>σκεῦος</span> <span class='ocrx_word' id='word_1_435' title='bbox 2809 3146 3138 3215; x_wconf 81' lang='grc' dir='ltr'>ἄχρηστον,</span> <span class='ocrx_word' id='word_1_436' title='bbox 3178 3149 3267 3203; x_wconf 86' lang='grc' dir='ltr'>ὅτι</span> <span class='ocrx_word' id='word_1_437' title='bbox 3295 3150 3465 3203; x_wconf 81' lang='grc' dir='ltr'>αὐτοι</span> <span class='ocrx_word' id='word_1_438' title='bbox 3492 3150 3793 3216; x_wconf 79' lang='grc' dir='ltr'>ἀνέϐησαν</span> <span class='ocrx_word' id='word_1_439' title='bbox 3807 3151 3877 3214; x_wconf 82' lang='grc' dir='ltr'><strong>είς</strong></span> 
     </span>
    </p>
   </div>
   <div class='ocr_carea' id='block_1_63' title="bbox 646 3220 2220 3310">
    <p class='ocr_par' dir='ltr' id='par_1_63' title="bbox 646 3234 2217 3309">
     <span class='ocr_line' id='line_1_63' title="bbox 646 3234 2217 3309; baseline -0.004 -14"><span class='ocrx_word' id='word_1_440' title='bbox 646 3245 833 3297; x_wconf 86' lang='lat' dir='ltr'><strong>derunt</strong></span> <span class='ocrx_word' id='word_1_441' title='bbox 878 3243 947 3295; x_wconf 84' lang='lat' dir='ltr'><strong>ad</strong></span> <span class='ocrx_word' id='word_1_442' title='bbox 984 3238 1244 3309; x_wconf 79' lang='lat' dir='ltr'><strong>Assyrios.</strong></span> <span class='ocrx_word' id='word_1_443' title='bbox 1277 3234 1525 3305; x_wconf 81' lang='lat' dir='ltr'><strong>Reﬂoruit</strong></span> <span class='ocrx_word' id='word_1_444' title='bbox 1554 3253 1646 3306; x_wconf 85' lang='lat' dir='ltr'><strong>per</strong></span> <span class='ocrx_word' id='word_1_445' title='bbox 1673 3238 1899 3303; x_wconf 81' lang='lat' dir='ltr'><strong>seipsum</strong></span> <span class='ocrx_word' id='word_1_446' title='bbox 1944 3235 2217 3305; x_wconf 85' lang='lat' dir='ltr'><strong>Epltraim,</strong></span> 
     </span>
    </p>
   </div>
   <div class='ocr_carea' id='block_1_64' title="bbox 2322 3220 3873 3310">
    <p class='ocr_par' dir='ltr' id='par_1_64' title="bbox 2337 3236 3873 3310">
     <span class='ocr_line' id='line_1_64' title="bbox 2337 3236 3873 3310; baseline 0.006 -19"><span class='ocrx_word' id='word_1_447' title='bbox 2337 3236 2706 3305; x_wconf 83' lang='grc' dir='ltr'>Ἀσσυρίους.</span> <span class='ocrx_word' id='word_1_448' title='bbox 2771 3238 3081 3294; x_wconf 77' lang='grc' dir='ltr'>Ἂνέθαλεν</span> <span class='ocrx_word' id='word_1_449' title='bbox 3166 3242 3295 3295; x_wconf 78' lang='grc' dir='ltr'>καθ’</span> <span class='ocrx_word' id='word_1_450' title='bbox 3353 3241 3569 3295; x_wconf 77' lang='grc' dir='ltr'>ἑαυτὸν</span> <span class='ocrx_word' id='word_1_451' title='bbox 3624 3242 3873 3310; x_wconf 71' lang='grc' dir='ltr'>Ἐφραῖμ.</span> 
     </span>
    </p>
   </div>
   <div class='ocr_carea' id='block_1_65' title="bbox 646 3328 2224 3398">
    <p class='ocr_par' dir='ltr' id='par_1_65' title="bbox 646 3328 2224 3398">
     <span class='ocr_line' id='line_1_65' title="bbox 646 3328 2224 3398; baseline -0.004 -12"><span class='ocrx_word' id='word_1_452' title='bbox 646 3349 867 3387; x_wconf 85' lang='lat' dir='ltr'><strong>munera</strong></span> <span class='ocrx_word' id='word_1_453' title='bbox 923 3331 1244 3395; x_wconf 70' lang='lat' dir='ltr'><strong>dilexerunt,</strong></span> <span class='ocrx_word' id='word_1_454' title='bbox 1305 3336 1580 3397; x_wconf 80' lang='lat' dir='ltr'><strong>prapterea</strong></span> <span class='ocrx_word' id='word_1_455' title='bbox 1656 3329 1931 3382; x_wconf 81' lang='lat' dir='ltr'><strong>tradentur</strong></span> <span class='ocrx_word' id='word_1_456' title='bbox 1986 3328 2039 3381; x_wconf 82' lang='lat' dir='ltr'><strong>in</strong></span> <span class='ocrx_word' id='word_1_457' title='bbox 2104 3343 2224 3398; x_wconf 86' lang='lat' dir='ltr'><strong>gen-</strong></span> 
     </span>
    </p>
   </div>
   <div class='ocr_carea' id='block_1_66' title="bbox 648 3420 809 3477">
    <p class='ocr_par' dir='ltr' id='par_1_66' title="bbox 648 3420 809 3477">
     <span class='ocr_line' id='line_1_66' title="bbox 648 3420 809 3477; baseline 0.012 -2"><span class='ocrx_word' id='word_1_458' title='bbox 648 3420 714 3475; x_wconf 63' lang='lat' dir='ltr'><strong>ti!</strong></span> <span class='ocrx_word' id='word_1_459' title='bbox 727 3437 809 3477; x_wconf 75' lang='lat' dir='ltr'><strong>us.</strong></span> 
     </span>
    </p>
   </div>
   <div class='ocr_carea' id='block_1_67' title="bbox 722 3509 2225 3583">
    <p class='ocr_par' dir='ltr' id='par_1_67' title="bbox 722 3509 2225 3583">
     <span class='ocr_line' id='line_1_67' title="bbox 722 3509 2225 3583; baseline -0.006 -12"><span class='ocrx_word' id='word_1_460' title='bbox 722 3513 876 3583; x_wconf 70' lang='lat'><strong>121</strong></span> <span class='ocrx_word' id='word_1_461' title='bbox 924 3511 1035 3568; x_wconf 79' lang='lat' dir='ltr'><strong>XC.</strong></span> <span class='ocrx_word' id='word_1_462' title='bbox 1086 3514 1419 3582; x_wconf 84' lang='lat' dir='ltr'><strong>Absorptum</strong></span> <span class='ocrx_word' id='word_1_463' title='bbox 1460 3511 1593 3567; x_wconf 92' lang='lat' dir='ltr'><strong>dicit</strong></span> <span class='ocrx_word' id='word_1_464' title='bbox 1619 3509 1897 3577; x_wconf 88' lang='lat' dir='ltr'><strong>lsraelem,</strong></span> <span class='ocrx_word' id='word_1_465' title='bbox 1921 3520 1980 3564; x_wconf 89' lang='lat' dir='ltr'><strong>ut</strong></span> <span class='ocrx_word' id='word_1_466' title='bbox 2003 3509 2225 3564; x_wconf 84' lang='lat' dir='ltr'><strong>misera-</strong></span> 
     </span>
    </p>
   </div>
   <div class='ocr_carea' id='block_1_68' title="bbox 645 3601 2220 3675">
    <p class='ocr_par' dir='ltr' id='par_1_68' title="bbox 645 3601 2220 3675">
     <span class='ocr_line' id='line_1_68' title="bbox 645 3601 2220 3675; baseline -0.006 -13"><span class='ocrx_word' id='word_1_467' title='bbox 645 3605 757 3662; x_wconf 84' lang='lat' dir='ltr'><strong>bile</strong></span> <span class='ocrx_word' id='word_1_468' title='bbox 837 3604 1176 3675; x_wconf 79' lang='lat' dir='ltr'><strong>naufragium</strong></span> <span class='ocrx_word' id='word_1_469' title='bbox 1244 3618 1598 3673; x_wconf 85' lang='lat' dir='ltr'><strong>perpessum,</strong></span> <span class='ocrx_word' id='word_1_470' title='bbox 1651 3611 1707 3656; x_wconf 92' lang='lat' dir='ltr'><strong>et</strong></span> <span class='ocrx_word' id='word_1_471' title='bbox 1750 3601 1805 3655; x_wconf 89' lang='lat' dir='ltr'><strong>in</strong></span> <span class='ocrx_word' id='word_1_472' title='bbox 1872 3609 2220 3671; x_wconf 88' lang='lat' dir='ltr'><strong>peccatorum</strong></span> 
     </span>
    </p>
   </div>
   <div class='ocr_carea' id='block_1_69' title="bbox 652 3691 2222 3761">
    <p class='ocr_par' dir='ltr' id='par_1_69' title="bbox 652 3691 2222 3761">
     <span class='ocr_line' id='line_1_69' title="bbox 652 3691 2222 3761; baseline -0.004 -10"><span class='ocrx_word' id='word_1_473' title='bbox 652 3711 881 3751; x_wconf 89' lang='lat' dir='ltr'><strong>suorum</strong></span> <span class='ocrx_word' id='word_1_474' title='bbox 925 3694 1179 3749; x_wconf 82' lang='lat' dir='ltr'><strong>ﬂuctibus</strong></span> <span class='ocrx_word' id='word_1_475' title='bbox 1216 3692 1560 3756; x_wconf 83' lang='lat' dir='ltr'><strong>suil‘ocatum,</strong></span> <span class='ocrx_word' id='word_1_476' title='bbox 1598 3704 1663 3746; x_wconf 90' lang='lat' dir='ltr'><strong>ac</strong></span> <span class='ocrx_word' id='word_1_477' title='bbox 1700 3691 1847 3746; x_wconf 88' lang='lat' dir='ltr'><strong>velut</strong></span> <span class='ocrx_word' id='word_1_478' title='bbox 1885 3692 1950 3747; x_wconf 90' lang='lat' dir='ltr'><strong>ad</strong></span> <span class='ocrx_word' id='word_1_479' title='bbox 2018 3699 2222 3761; x_wconf 82' lang='lat' dir='ltr'><strong>petram</strong></span> 
     </span>
    </p>
   </div>
   <div class='ocr_carea' id='block_1_70' title="bbox 646 3781 2223 3856">
    <p class='ocr_par' dir='ltr' id='par_1_70' title="bbox 646 3781 2223 3856">
     <span class='ocr_line' id='line_1_70' title="bbox 646 3781 2223 3856; baseline -0.002 -16"><span class='ocrx_word' id='word_1_480' title='bbox 646 3784 944 3856; x_wconf 86' lang='lat' dir='ltr'><strong>quamdam</strong></span> <span class='ocrx_word' id='word_1_481' title='bbox 1004 3783 1199 3837; x_wconf 71' lang='lat' dir='ltr'><strong>divina:</strong></span> <span class='ocrx_word' id='word_1_482' title='bbox 1235 3784 1329 3837; x_wconf 67' lang='lat' dir='ltr'><strong>ira:</strong></span> <span class='ocrx_word' id='word_1_483' title='bbox 1396 3781 1714 3850; x_wconf 88' lang='lat' dir='ltr'><strong>impulsibus</strong></span> <span class='ocrx_word' id='word_1_484' title='bbox 1755 3781 1964 3836; x_wconf 89' lang='lat' dir='ltr'><strong>aiiisum</strong></span> <span class='ocrx_word' id='word_1_485' title='bbox 2019 3784 2223 3837; x_wconf 86' lang='lat' dir='ltr'><strong>contri-</strong></span> 
     </span>
    </p>
   </div>
   <div class='ocr_carea' id='block_1_71' title="bbox 648 3873 2221 3947">
    <p class='ocr_par' dir='ltr' id='par_1_71' title="bbox 648 3873 2221 3947">
     <span class='ocr_line' id='line_1_71' title="bbox 648 3873 2221 3947; baseline -0.002 -15"><span class='ocrx_word' id='word_1_486' title='bbox 648 3890 889 3947; x_wconf 85' lang='lat' dir='ltr'><strong>tumque.</strong></span> <span class='ocrx_word' id='word_1_487' title='bbox 930 3878 1038 3931; x_wconf 83' lang='lat' dir='ltr'><strong>Aut</strong></span> <span class='ocrx_word' id='word_1_488' title='bbox 1088 3884 1245 3931; x_wconf 86' lang='lat' dir='ltr'><strong>certe</strong></span> <span class='ocrx_word' id='word_1_489' title='bbox 1295 3873 1449 3943; x_wconf 82' lang='lat' dir='ltr'><strong>juxta</strong></span> <span class='ocrx_word' id='word_1_490' title='bbox 1514 3875 1675 3929; x_wconf 78' lang='lat' dir='ltr'><strong>aliam</strong></span> <span class='ocrx_word' id='word_1_491' title='bbox 1724 3875 2221 3944; x_wconf 87' lang='lat' dir='ltr'><strong>interpretationem</strong></span> 
     </span>
    </p>
   </div>
   <div class='ocr_carea' id='block_1_72' title="bbox 646 3965 2221 4038">
    <p class='ocr_par' dir='ltr' id='par_1_72' title="bbox 646 3965 2221 4038">
     <span class='ocr_line' id='line_1_72' title="bbox 646 3965 2221 4038; baseline -0.003 -13"><span class='ocrx_word' id='word_1_492' title='bbox 646 3971 961 4038; x_wconf 85' lang='lat' dir='ltr'><strong>absorptum</strong></span> <span class='ocrx_word' id='word_1_493' title='bbox 1043 3966 1174 4022; x_wconf 90' lang='lat' dir='ltr'><strong>dicit</strong></span> <span class='ocrx_word' id='word_1_494' title='bbox 1218 3968 1373 4036; x_wconf 88' lang='lat' dir='ltr'><strong>quasi</strong></span> <span class='ocrx_word' id='word_1_495' title='bbox 1425 3968 1493 4021; x_wconf 90' lang='lat' dir='ltr'><strong>ab</strong></span> <span class='ocrx_word' id='word_1_496' title='bbox 1546 3965 1791 4020; x_wconf 89' lang='lat' dir='ltr'><strong>horribili</strong></span> <span class='ocrx_word' id='word_1_497' title='bbox 1838 3974 1894 4021; x_wconf 89' lang='lat' dir='ltr'><strong>et</strong></span> <span class='ocrx_word' id='word_1_498' title='bbox 1931 3966 2221 4021; x_wconf 88' lang='lat' dir='ltr'><strong>insatiabili</strong></span> 
     </span>
    </p>
   </div>
   <div class='ocr_carea' id='block_1_73' title="bbox 645 4056 2221 4128">
    <p class='ocr_par' dir='ltr' id='par_1_73' title="bbox 645 4056 2221 4128">
     <span class='ocr_line' id='line_1_73' title="bbox 645 4056 2221 4128; baseline -0.003 -11"><span class='ocrx_word' id='word_1_499' title='bbox 645 4062 882 4117; x_wconf 85' lang='lat' dir='ltr'><strong>dracone</strong></span> <span class='ocrx_word' id='word_1_500' title='bbox 944 4057 1495 4115; x_wconf 82' lang='lat' dir='ltr'><strong>Nabuchodonosore.</strong></span> <span class='ocrx_word' id='word_1_501' title='bbox 1566 4056 1659 4113; x_wconf 89' lang='lat' dir='ltr'><strong>Sic</strong></span> <span class='ocrx_word' id='word_1_502' title='bbox 1714 4058 1858 4113; x_wconf 90' lang='lat' dir='ltr'><strong>enim</strong></span> <span class='ocrx_word' id='word_1_503' title='bbox 1932 4067 2014 4114; x_wconf 86' lang='lat' dir='ltr'><strong>est</strong></span> <span class='ocrx_word' id='word_1_504' title='bbox 2080 4062 2221 4128; x_wconf 91' lang='lat' dir='ltr'><strong>apud</strong></span> 
     </span>
    </p>
   </div>
   <div class='ocr_carea' id='block_1_74' title="bbox 644 4146 2221 4217">
    <p class='ocr_par' dir='ltr' id='par_1_74' title="bbox 644 4146 2221 4217">
     <span class='ocr_line' id='line_1_74' title="bbox 644 4146 2221 4217; baseline -0.001 -13"><span class='ocrx_word' id='word_1_505' title='bbox 644 4150 809 4205; x_wconf 90' lang='lat' dir='ltr'><strong>alium</strong></span> <span class='ocrx_word' id='word_1_506' title='bbox 841 4155 1153 4202; x_wconf 87' lang='lat' dir='ltr'><strong>sanctorum</strong></span> <span class='ocrx_word' id='word_1_507' title='bbox 1205 4147 1612 4217; x_wconf 89' lang='lat' dir='ltr'><strong>prophetarum,</strong></span> <span class='ocrx_word' id='word_1_508' title='bbox 1646 4146 1699 4200; x_wconf 93' lang='lat' dir='ltr'><strong>in</strong></span> <span class='ocrx_word' id='word_1_509' title='bbox 1738 4159 1964 4216; x_wconf 86' lang='lat' dir='ltr'><strong>persona</strong></span> <span class='ocrx_word' id='word_1_510' title='bbox 2009 4147 2221 4203; x_wconf 86' lang='lat' dir='ltr'><strong>lsraelis</strong></span> 
     </span>
    </p>
   </div>
   <div class='ocr_carea' id='block_1_75' title="bbox 602 4223 2223 4307">
    <p class='ocr_par' dir='ltr' id='par_1_75' title="bbox 602 4223 2223 4307">
     <span class='ocr_line' id='line_1_75' title="bbox 602 4223 2223 4307; baseline 0 -16"><span class='ocrx_word' id='word_1_511' title='bbox 602 4223 612 4268; x_wconf 66' lang='grc'><strong>⁵</strong></span> <span class='ocrx_word' id='word_1_512' title='bbox 636 4239 751 4307; x_wconf 85' lang='lat' dir='ltr'><strong>jam</strong></span> <span class='ocrx_word' id='word_1_513' title='bbox 785 4237 1004 4306; x_wconf 82' lang='lat' dir='ltr'><strong>captivi,</strong></span> <span class='ocrx_word' id='word_1_514' title='bbox 1050 4246 1109 4292; x_wconf 90' lang='lat' dir='ltr'><strong>et</strong></span> <span class='ocrx_word' id='word_1_515' title='bbox 1137 4237 1372 4291; x_wconf 88' lang='lat' dir='ltr'><strong>dominis</strong></span> <span class='ocrx_word' id='word_1_516' title='bbox 1400 4236 1513 4291; x_wconf 87' lang='lat' dir='ltr'><strong>suis</strong></span> <span class='ocrx_word' id='word_1_517' title='bbox 1541 4235 1829 4291; x_wconf 86' lang='lat' dir='ltr'><strong>servientis</strong></span> <span class='ocrx_word' id='word_1_518' title='bbox 1868 4249 1884 4290; x_wconf 88' lang='lat'><strong>:</strong></span> <span class='ocrx_word' id='word_1_519' title='bbox 1919 4253 1938 4288; x_wconf 80' lang='grc' dir='ltr'><strong>ι</strong></span> <span class='ocrx_word' id='word_1_520' title='bbox 1973 4237 2223 4293; x_wconf 84' lang='lat' dir='ltr'><strong>Comedit</strong></span> 
     </span>
    </p>
   </div>
   <div class='ocr_carea' id='block_1_76' title="bbox 644 4327 2223 4397">
    <p class='ocr_par' dir='ltr' id='par_1_76' title="bbox 644 4327 2223 4397">
     <span class='ocr_line' id='line_1_76' title="bbox 644 4327 2223 4397; baseline 0.001 -16"><span class='ocrx_word' id='word_1_521' title='bbox 644 4344 752 4392; x_wconf 85' lang='lat' dir='ltr'><strong>me,</strong></span> <span class='ocrx_word' id='word_1_522' title='bbox 782 4327 964 4383; x_wconf 86' lang='lat' dir='ltr'><strong>divisit</strong></span> <span class='ocrx_word' id='word_1_523' title='bbox 1000 4343 1104 4391; x_wconf 92' lang='lat' dir='ltr'><strong>me,</strong></span> <span class='ocrx_word' id='word_1_524' title='bbox 1159 4327 1687 4397; x_wconf 86' lang='lat' dir='ltr'><strong>comprehenderunt</strong></span> <span class='ocrx_word' id='word_1_525' title='bbox 1732 4341 1817 4380; x_wconf 89' lang='lat' dir='ltr'><strong>me</strong></span> <span class='ocrx_word' id='word_1_526' title='bbox 1873 4328 2107 4383; x_wconf 65' lang='lat' dir='ltr'><strong>tenebrae</strong></span> <span class='ocrx_word' id='word_1_527' title='bbox 2142 4338 2223 4384; x_wconf 86' lang='lat' dir='ltr'><strong>te-</strong></span> 
     </span>
    </p>
   </div>
   <div class='ocr_carea' id='block_1_77' title="bbox 642 4415 2219 4489">
    <p class='ocr_par' dir='ltr' id='par_1_77' title="bbox 642 4415 2219 4489">
     <span class='ocr_line' id='line_1_77' title="bbox 642 4415 2219 4489; baseline -0.002 -14"><span class='ocrx_word' id='word_1_528' title='bbox 642 4433 801 4475; x_wconf 88' lang='lat' dir='ltr'><strong>nues.</strong></span> <span class='ocrx_word' id='word_1_529' title='bbox 871 4417 1368 4474; x_wconf 84' lang='lat' dir='ltr'><strong>Nabuchodonosor</strong></span> <span class='ocrx_word' id='word_1_530' title='bbox 1443 4430 1537 4473; x_wconf 77' lang='lat' dir='ltr'><strong>rex</strong></span> <span class='ocrx_word' id='word_1_531' title='bbox 1602 4415 1893 4489; x_wconf 83' lang='lat' dir='ltr'><strong>Babylonis</strong></span> <span class='ocrx_word' id='word_1_532' title='bbox 1941 4419 2219 4474; x_wconf 86' lang='lat' dir='ltr'><strong>absorbuit</strong></span> 
     </span>
    </p>
   </div>
   <div class='ocr_carea' id='block_1_78' title="bbox 2328 3325 3873 3403">
    <p class='ocr_par' dir='ltr' id='par_1_78' title="bbox 2328 3325 3873 3403">
     <span class='ocr_line' id='line_1_78' title="bbox 2328 3325 3873 3403; baseline 0.003 -24"><span class='ocrx_word' id='word_1_533' title='bbox 2328 3325 2487 3394; x_wconf 85' lang='grc' dir='ltr'>δῶρα</span> <span class='ocrx_word' id='word_1_534' title='bbox 2520 3327 2866 3397; x_wconf 76' lang='grc' dir='ltr'>ἠγάπησαν,</span> <span class='ocrx_word' id='word_1_535' title='bbox 2897 3329 2995 3384; x_wconf 83' lang='grc' dir='ltr'>διὰ</span> <span class='ocrx_word' id='word_1_536' title='bbox 3046 3332 3221 3386; x_wconf 82' lang='grc' dir='ltr'>τοῦτο</span> <span class='ocrx_word' id='word_1_537' title='bbox 3269 3332 3788 3403; x_wconf 79' lang='grc' dir='ltr'>παραδοθήσονται</span> <span class='ocrx_word' id='word_1_538' title='bbox 3817 3331 3873 3384; x_wconf 81' lang='grc' dir='ltr'><strong>ἐν</strong></span> 
     </span>
    </p>
   </div>
   <div class='ocr_carea' id='block_1_79' title="bbox 2324 3419 2711 3484">
    <p class='ocr_par' dir='ltr' id='par_1_79' title="bbox 2324 3419 2711 3484">
     <span class='ocr_line' id='line_1_79' title="bbox 2324 3419 2711 3484; baseline -0.005 -11"><span class='ocrx_word' id='word_1_539' title='bbox 2324 3419 2452 3484; x_wconf 83' lang='grc' dir='ltr'>τοῖς</span> <span class='ocrx_word' id='word_1_540' title='bbox 2487 3421 2711 3473; x_wconf 71' lang='grc' dir='ltr'>ἔθνεσι.</span> 
     </span>
    </p>
   </div>
   <div class='ocr_carea' id='block_1_80' title="bbox 2397 3507 3874 3582">
    <p class='ocr_par' dir='ltr' id='par_1_80' title="bbox 2397 3507 3874 3582">
     <span class='ocr_line' id='line_1_80' title="bbox 2397 3507 3874 3582; baseline 0.001 -23"><span class='ocrx_word' id='word_1_541' title='bbox 2397 3512 2467 3575; x_wconf 55' lang='grc' dir='ltr'>ιβ.</span> <span class='ocrx_word' id='word_1_542' title='bbox 2518 3507 2947 3562; x_wconf 81' lang='grc' dir='ltr'>Καταπεπόσθαι</span> <span class='ocrx_word' id='word_1_543' title='bbox 2972 3508 3106 3582; x_wconf 79' lang='grc' dir='ltr'>φησὶ</span> <span class='ocrx_word' id='word_1_544' title='bbox 3147 3510 3237 3563; x_wconf 89' lang='grc' dir='ltr'><strong>τὸν</strong></span> <span class='ocrx_word' id='word_1_545' title='bbox 3287 3510 3523 3581; x_wconf 78' lang='grc' dir='ltr'>Ἰσραὴλ,</span> <span class='ocrx_word' id='word_1_546' title='bbox 3556 3510 3637 3574; x_wconf 83' lang='grc' dir='ltr'>ὡς</span> <span class='ocrx_word' id='word_1_547' title='bbox 3673 3508 3874 3581; x_wconf 79' lang='grc' dir='ltr'>οἰκτρὰν</span> 
     </span>
    </p>
   </div>
   <div class='ocr_carea' id='block_1_81' title="bbox 2326 3599 3875 3673">
    <p class='ocr_par' dir='ltr' id='par_1_81' title="bbox 2326 3599 3875 3673">
     <span class='ocr_line' id='line_1_81' title="bbox 2326 3599 3875 3673; baseline -0.002 -20"><span class='ocrx_word' id='word_1_548' title='bbox 2326 3601 2693 3671; x_wconf 81' lang='grc' dir='ltr'>ὑπομείναντα</span> <span class='ocrx_word' id='word_1_549' title='bbox 2714 3600 3000 3669; x_wconf 86' lang='grc' dir='ltr'>ναυαγίαν,</span> <span class='ocrx_word' id='word_1_550' title='bbox 3037 3601 3132 3654; x_wconf 77' lang='grc' dir='ltr'>καὶ</span> <span class='ocrx_word' id='word_1_551' title='bbox 3160 3602 3273 3664; x_wconf 81' lang='grc' dir='ltr'>τοῖς</span> <span class='ocrx_word' id='word_1_552' title='bbox 3299 3601 3407 3655; x_wconf 85' lang='grc' dir='ltr'><strong>τῶν</strong></span> <span class='ocrx_word' id='word_1_553' title='bbox 3437 3601 3582 3655; x_wconf 85' lang='grc' dir='ltr'>ίδίων</span> <span class='ocrx_word' id='word_1_554' title='bbox 3616 3599 3875 3673; x_wconf 82' lang='grc' dir='ltr'>ἁμαρτιῶν</span> 
     </span>
    </p>
   </div>
   <div class='ocr_carea' id='block_1_82' title="bbox 2325 3690 3875 3764">
    <p class='ocr_par' dir='ltr' id='par_1_82' title="bbox 2325 3690 3875 3764">
     <span class='ocr_line' id='line_1_82' title="bbox 2325 3690 3875 3764; baseline -0.003 -18"><span class='ocrx_word' id='word_1_555' title='bbox 2325 3692 2752 3760; x_wconf 84' lang='grc' dir='ltr'>ὲναποπνιγέντα</span> <span class='ocrx_word' id='word_1_556' title='bbox 2772 3690 3000 3762; x_wconf 87' lang='grc' dir='ltr'>κύμασι,</span> <span class='ocrx_word' id='word_1_557' title='bbox 3025 3693 3118 3745; x_wconf 77' lang='grc' dir='ltr'>καὶ</span> <span class='ocrx_word' id='word_1_558' title='bbox 3145 3691 3335 3763; x_wconf 83' lang='grc' dir='ltr'>ὥσπερ</span> <span class='ocrx_word' id='word_1_559' title='bbox 3359 3692 3467 3746; x_wconf 65' lang='grc' dir='ltr'><strong>τιν)⁸</strong></span> <span class='ocrx_word' id='word_1_560' title='bbox 3497 3693 3677 3764; x_wconf 76' lang='grc' dir='ltr'>πέτρα</span> <span class='ocrx_word' id='word_1_561' title='bbox 3698 3695 3801 3755; x_wconf 84' lang='grc' dir='ltr'>τοῖς</span> <span class='ocrx_word' id='word_1_562' title='bbox 3823 3691 3875 3743; x_wconf 73' lang='grc' dir='ltr'>ὲκ</span> 
     </span>
    </p>
   </div>
   <div class='ocr_carea' id='block_1_83' title="bbox 2326 3782 3873 3856">
    <p class='ocr_par' dir='ltr' id='par_1_83' title="bbox 2326 3782 3873 3856">
     <span class='ocr_line' id='line_1_83' title="bbox 2326 3782 3873 3856; baseline -0.001 -21"><span class='ocrx_word' id='word_1_563' title='bbox 2326 3782 2477 3848; x_wconf 87' lang='grc' dir='ltr'>θείας</span> <span class='ocrx_word' id='word_1_564' title='bbox 2528 3784 2697 3855; x_wconf 82' lang='grc' dir='ltr'>ὀργῆς</span> <span class='ocrx_word' id='word_1_565' title='bbox 2744 3786 3011 3854; x_wconf 85' lang='grc' dir='ltr'>κινήμασι</span> <span class='ocrx_word' id='word_1_566' title='bbox 3070 3785 3631 3856; x_wconf 82' lang='grc' dir='ltr'>περιτεθραυσμένον.</span> <span class='ocrx_word' id='word_1_567' title='bbox 3698 3786 3873 3851; x_wconf 85' lang='grc' dir='ltr'>Ἥγουν</span> 
     </span>
    </p>
   </div>
   <div class='ocr_carea' id='block_1_84' title="bbox 2323 3874 3873 3948">
    <p class='ocr_par' dir='ltr' id='par_1_84' title="bbox 2323 3874 3873 3948">
     <span class='ocr_line' id='line_1_84' title="bbox 2323 3874 3873 3948; baseline -0.003 -19"><span class='ocrx_word' id='word_1_568' title='bbox 2323 3875 2419 3929; x_wconf 75' lang='grc' dir='ltr'><strong>καὶ</strong></span> <span class='ocrx_word' id='word_1_569' title='bbox 2443 3874 2563 3928; x_wconf 90' lang='grc' dir='ltr'>καθ’</span> <span class='ocrx_word' id='word_1_570' title='bbox 2591 3874 2778 3946; x_wconf 77' lang='grc' dir='ltr'>ἕτερον</span> <span class='ocrx_word' id='word_1_571' title='bbox 2818 3877 3041 3947; x_wconf 62' lang='grc' dir='ltr'>τρόπων,</span> <span class='ocrx_word' id='word_1_572' title='bbox 3078 3876 3497 3931; x_wconf 86' lang='grc' dir='ltr'>καταπεπόσθαι</span> <span class='ocrx_word' id='word_1_573' title='bbox 3523 3878 3691 3948; x_wconf 74' lang='grc' dir='ltr'>φησὶν</span> <span class='ocrx_word' id='word_1_574' title='bbox 3716 3875 3873 3937; x_wconf 83' lang='grc' dir='ltr'>αὐτὸν,</span> 
     </span>
    </p>
   </div>
   <div class='ocr_carea' id='block_1_85' title="bbox 2322 3961 3872 4035">
    <p class='ocr_par' dir='ltr' id='par_1_85' title="bbox 2322 3961 3872 4035">
     <span class='ocr_line' id='line_1_85' title="bbox 2322 3961 3872 4035; baseline 0.001 -20"><span class='ocrx_word' id='word_1_575' title='bbox 2322 3961 2399 4027; x_wconf 82' lang='grc' dir='ltr'>ὡς</span> <span class='ocrx_word' id='word_1_576' title='bbox 2444 3963 2550 4016; x_wconf 82' lang='grc' dir='ltr'><strong>ὑπὸ</strong></span> <span class='ocrx_word' id='word_1_577' title='bbox 2580 3962 2757 4016; x_wconf 77' lang='grc' dir='ltr'>δεινοῦ</span> <span class='ocrx_word' id='word_1_578' title='bbox 2824 3967 2920 4018; x_wconf 72' lang='grc' dir='ltr'>καὶ</span> <span class='ocrx_word' id='word_1_579' title='bbox 2968 3965 3248 4035; x_wconf 84' lang='grc' dir='ltr'>ἀπλήστου</span> <span class='ocrx_word' id='word_1_580' title='bbox 3284 3964 3595 4035; x_wconf 70' lang='grc' dir='ltr'>δράκοντος,</span> <span class='ocrx_word' id='word_1_581' title='bbox 3640 3963 3735 4018; x_wconf 85' lang='grc' dir='ltr'><strong>τοῦ</strong></span> <span class='ocrx_word' id='word_1_582' title='bbox 3776 3964 3872 4018; x_wconf 80' lang='lat' dir='ltr'><strong>Na-</strong></span> 
     </span>
    </p>
   </div>
   <div class='ocr_carea' id='block_1_86' title="bbox 2323 4054 3871 4132">
    <p class='ocr_par' dir='ltr' id='par_1_86' title="bbox 2323 4054 3871 4132">
     <span class='ocr_line' id='line_1_86' title="bbox 2323 4054 3871 4132; baseline 0.001 -25"><span class='ocrx_word' id='word_1_583' title='bbox 2323 4056 2723 4127; x_wconf 87' lang='grc' dir='ltr'>6ουχοδονόσορ.</span> <span class='ocrx_word' id='word_1_584' title='bbox 2770 4058 2913 4129; x_wconf 85' lang='grc' dir='ltr'>Ἔφη</span> <span class='ocrx_word' id='word_1_585' title='bbox 2962 4059 3070 4127; x_wconf 89' lang='grc' dir='ltr'><strong>γάρ</strong></span> <span class='ocrx_word' id='word_1_586' title='bbox 3107 4054 3209 4114; x_wconf 80' lang='grc' dir='ltr'>ὦδε</span> <span class='ocrx_word' id='word_1_587' title='bbox 3253 4060 3348 4113; x_wconf 77' lang='grc' dir='ltr'><strong>καὶ</strong></span> <span class='ocrx_word' id='word_1_588' title='bbox 3392 4059 3576 4130; x_wconf 74' lang='grc' dir='ltr'>ἕτερος</span> <span class='ocrx_word' id='word_1_589' title='bbox 3613 4061 3747 4132; x_wconf 75' lang='grc' dir='ltr'>ἡμῖν</span> <span class='ocrx_word' id='word_1_590' title='bbox 3784 4058 3871 4110; x_wconf 74' lang='grc' dir='ltr'>τῶν</span> 
     </span>
    </p>
   </div>
   <div class='ocr_carea' id='block_1_87' title="bbox 2323 4144 3871 4221">
    <p class='ocr_par' dir='ltr' id='par_1_87' title="bbox 2323 4144 3871 4221">
     <span class='ocr_line' id='line_1_87' title="bbox 2323 4144 3871 4221; baseline 0.001 -20"><span class='ocrx_word' id='word_1_591' title='bbox 2323 4144 2492 4213; x_wconf 78' lang='grc' dir='ltr'>ἁγίων</span> <span class='ocrx_word' id='word_1_592' title='bbox 2527 4146 2845 4218; x_wconf 82' lang='grc' dir='ltr'>προφητῶν,</span> <span class='ocrx_word' id='word_1_593' title='bbox 2892 4149 2955 4201; x_wconf 90' lang='grc' dir='ltr'><strong>τὸ</strong></span> <span class='ocrx_word' id='word_1_594' title='bbox 2997 4149 3092 4202; x_wconf 89' lang='grc' dir='ltr'><strong>τοῦ</strong></span> <span class='ocrx_word' id='word_1_595' title='bbox 3151 4150 3365 4221; x_wconf 79' lang='grc' dir='ltr'>Ἰσραὴλ</span> <span class='ocrx_word' id='word_1_596' title='bbox 3402 4151 3693 4221; x_wconf 83' lang='grc' dir='ltr'>πρόσωπον</span> <span class='ocrx_word' id='word_1_597' title='bbox 3727 4147 3871 4218; x_wconf 79' lang='grc' dir='ltr'>ἑαυτῷ</span> 
     </span>
    </p>
   </div>
   <div class='ocr_carea' id='block_1_88' title="bbox 2321 4234 3869 4312">
    <p class='ocr_par' dir='ltr' id='par_1_88' title="bbox 2321 4234 3869 4312">
     <span class='ocr_line' id='line_1_88' title="bbox 2321 4234 3869 4312; baseline 0.001 -23"><span class='ocrx_word' id='word_1_598' title='bbox 2321 4234 2621 4306; x_wconf 76' lang='grc' dir='ltr'>περιτιθεὶς</span> <span class='ocrx_word' id='word_1_599' title='bbox 2644 4276 2659 4302; x_wconf 95' lang='grc'><strong>,</strong></span> <span class='ocrx_word' id='word_1_600' title='bbox 2686 4238 3003 4310; x_wconf 81' lang='grc' dir='ltr'>δορικτήτου</span> <span class='ocrx_word' id='word_1_601' title='bbox 3034 4256 3094 4293; x_wconf 90' lang='grc' dir='ltr'><strong>τε</strong></span> <span class='ocrx_word' id='word_1_602' title='bbox 3129 4240 3282 4305; x_wconf 85' lang='grc' dir='ltr'>δντος</span> <span class='ocrx_word' id='word_1_603' title='bbox 3309 4242 3432 4312; x_wconf 69' lang='grc' dir='ltr'>ἤδη,</span> <span class='ocrx_word' id='word_1_604' title='bbox 3458 4243 3552 4295; x_wconf 70' lang='grc' dir='ltr'><strong>καὶ</strong></span> <span class='ocrx_word' id='word_1_605' title='bbox 3576 4246 3694 4306; x_wconf 85' lang='grc' dir='ltr'>τοῖς</span> <span class='ocrx_word' id='word_1_606' title='bbox 3718 4239 3869 4295; x_wconf 79' lang='grc' dir='ltr'>ἑλοῦσι</span> 
     </span>
    </p>
   </div>
   <div class='ocr_carea' id='block_1_89' title="bbox 2318 4325 3869 4405">
    <p class='ocr_par' dir='ltr' id='par_1_89' title="bbox 2318 4325 3869 4405">
     <span class='ocr_line' id='line_1_89' title="bbox 2318 4325 3869 4405; baseline 0.003 -26"><span class='ocrx_word' id='word_1_607' title='bbox 2318 4325 2684 4393; x_wconf 83' lang='grc' dir='ltr'>δουλεύοντος·</span> <span class='ocrx_word' id='word_1_608' title='bbox 2715 4348 2733 4382; x_wconf 81' lang='grc' dir='ltr'><strong>ι</strong></span> <span class='ocrx_word' id='word_1_609' title='bbox 2758 4331 3051 4401; x_wconf 84' lang='grc' dir='ltr'>Κατέφαγέ</span> <span class='ocrx_word' id='word_1_610' title='bbox 3084 4349 3175 4403; x_wconf 88' lang='grc' dir='ltr'><strong>με,</strong></span> <span class='ocrx_word' id='word_1_611' title='bbox 3205 4334 3497 4405; x_wconf 79' lang='grc' dir='ltr'>ὲμερίσατό</span> <span class='ocrx_word' id='word_1_612' title='bbox 3518 4351 3609 4404; x_wconf 88' lang='grc' dir='ltr'><strong>με,</strong></span> <span class='ocrx_word' id='word_1_613' title='bbox 3635 4330 3869 4389; x_wconf 74' lang='grc' dir='ltr'>κατέλαϐέ</span> 
     </span>
    </p>
   </div>
   <div class='ocr_carea' id='block_1_90' title="bbox 2324 4418 3868 4495">
    <p class='ocr_par' dir='ltr' id='par_1_90' title="bbox 2324 4418 3868 4495">
     <span class='ocr_line' id='line_1_90' title="bbox 2324 4418 3868 4495; baseline 0.002 -25"><span class='ocrx_word' id='word_1_614' title='bbox 2324 4435 2391 4486; x_wconf 85' lang='grc' dir='ltr'><strong>με</strong></span> <span class='ocrx_word' id='word_1_615' title='bbox 2428 4419 2620 4482; x_wconf 86' lang='grc' dir='ltr'>σκότος</span> <span class='ocrx_word' id='word_1_616' title='bbox 2648 4418 2864 4476; x_wconf 76' lang='grc' dir='ltr'>λεπτόν.</span> <span class='ocrx_word' id='word_1_617' title='bbox 2907 4422 3377 4495; x_wconf 76' lang='grc' dir='ltr'>Ναϐουχοδονόσορ</span> <span class='ocrx_word' id='word_1_618' title='bbox 3417 4424 3674 4495; x_wconf 81' lang='grc' dir='ltr'>βασιλεὺς</span> <span class='ocrx_word' id='word_1_619' title='bbox 3718 4422 3868 4477; x_wconf 75' lang='grc' dir='ltr'>Βαϐυ-</span> 
     </span>
    </p>
   </div>
   <div class='ocr_carea' id='block_1_91' title="bbox 641 4508 2220 4608">
    <p class='ocr_par' dir='ltr' id='par_1_91' title="bbox 641 4509 2218 4581">
     <span class='ocr_line' id='line_1_91' title="bbox 641 4509 2218 4581; baseline -0.001 -15"><span class='ocrx_word' id='word_1_620' title='bbox 641 4526 732 4566; x_wconf 88' lang='lat' dir='ltr'><strong>me</strong></span> <span class='ocrx_word' id='word_1_621' title='bbox 765 4512 922 4581; x_wconf 86' lang='lat' dir='ltr'><strong>quasi</strong></span> <span class='ocrx_word' id='word_1_622' title='bbox 976 4511 1163 4578; x_wconf 86' lang='lat' dir='ltr'><strong>draco,</strong></span> <span class='ocrx_word' id='word_1_623' title='bbox 1218 4509 1464 4580; x_wconf 88' lang='lat' dir='ltr'><strong>implevit</strong></span> <span class='ocrx_word' id='word_1_624' title='bbox 1525 4519 1771 4564; x_wconf 82' lang='lat' dir='ltr'><strong>ventrem</strong></span> <span class='ocrx_word' id='word_1_625' title='bbox 1813 4525 1968 4564; x_wconf 86' lang='lat' dir='ltr'><strong>suum</strong></span> <span class='ocrx_word' id='word_1_626' title='bbox 2016 4527 2045 4564; x_wconf 90' lang='lat' dir='ltr'><strong>a</strong></span> <span class='ocrx_word' id='word_1_627' title='bbox 2098 4510 2218 4566; x_wconf 91' lang='lat' dir='ltr'><strong>cibo</strong></span> 
     </span>
    </p>
   </div>
   <div class='ocr_carea' id='block_1_92' title="bbox 2322 4508 3867 4608">
    <p class='ocr_par' dir='ltr' id='par_1_92' title="bbox 2322 4508 3867 4589">
     <span class='ocr_line' id='line_1_92' title="bbox 2322 4508 3867 4589; baseline 0.005 -29"><span class='ocrx_word' id='word_1_628' title='bbox 2322 4508 2512 4575; x_wconf 85' lang='grc' dir='ltr'>λῶνος,</span> <span class='ocrx_word' id='word_1_629' title='bbox 2552 4510 2781 4565; x_wconf 73' lang='grc' dir='ltr'>κατέπιε</span> <span class='ocrx_word' id='word_1_630' title='bbox 2828 4530 2895 4583; x_wconf 87' lang='grc' dir='ltr'><strong>με</strong></span> <span class='ocrx_word' id='word_1_631' title='bbox 2926 4513 3001 4577; x_wconf 90' lang='grc' dir='ltr'>ὡς</span> <span class='ocrx_word' id='word_1_632' title='bbox 3030 4514 3267 4585; x_wconf 84' lang='grc' dir='ltr'>δράκων,</span> <span class='ocrx_word' id='word_1_633' title='bbox 3319 4515 3521 4588; x_wconf 77' lang='grc' dir='ltr'>ἔπλησε</span> <span class='ocrx_word' id='word_1_634' title='bbox 3564 4517 3671 4589; x_wconf 83' lang='grc' dir='ltr'>τὴν</span> <span class='ocrx_word' id='word_1_635' title='bbox 3697 4514 3867 4571; x_wconf 80' lang='grc' dir='ltr'>κοιλίαν</span> 
     </span>
    </p>
   </div>
   <div class='ocr_carea' id='block_1_93' title="bbox 642 4599 2215 4668">
    <p class='ocr_par' dir='ltr' id='par_1_93' title="bbox 642 4599 2215 4668">
     <span class='ocr_line' id='line_1_93' title="bbox 642 4599 2215 4668; baseline 0.002 -14"><span class='ocrx_word' id='word_1_636' title='bbox 642 4613 763 4655; x_wconf 87' lang='lat' dir='ltr'><strong>meo</strong></span> <span class='ocrx_word' id='word_1_637' title='bbox 790 4600 890 4655; x_wconf 79' lang='grc'>³⁸.»</span> <span class='ocrx_word' id='word_1_638' title='bbox 924 4600 1018 4655; x_wconf 87' lang='lat' dir='ltr'><strong>Est</strong></span> <span class='ocrx_word' id='word_1_639' title='bbox 1044 4609 1099 4655; x_wconf 90' lang='lat' dir='ltr'><strong>et</strong></span> <span class='ocrx_word' id='word_1_640' title='bbox 1134 4599 1333 4668; x_wconf 86' lang='lat' dir='ltr'><strong>alioqui</strong></span> <span class='ocrx_word' id='word_1_641' title='bbox 1372 4614 1580 4665; x_wconf 90' lang='lat' dir='ltr'><strong>verum,</strong></span> <span class='ocrx_word' id='word_1_642' title='bbox 1632 4599 1927 4654; x_wconf 88' lang='lat' dir='ltr'><strong>draconem</strong></span> <span class='ocrx_word' id='word_1_643' title='bbox 1981 4600 2215 4657; x_wconf 85' lang='lat' dir='ltr'><strong>multici-</strong></span> 
     </span>
    </p>
   </div>
   <div class='ocr_carea' id='block_1_94' title="bbox 640 4689 2215 4761">
    <p class='ocr_par' dir='ltr' id='par_1_94' title="bbox 640 4689 2215 4761">
     <span class='ocr_line' id='line_1_94' title="bbox 640 4689 2215 4761; baseline 0.001 -16"><span class='ocrx_word' id='word_1_644' title='bbox 640 4691 806 4761; x_wconf 89' lang='lat' dir='ltr'><strong>pitem</strong></span> <span class='ocrx_word' id='word_1_645' title='bbox 855 4691 1122 4747; x_wconf 86' lang='lat' dir='ltr'><strong>cbaritate</strong></span> <span class='ocrx_word' id='word_1_646' title='bbox 1155 4692 1207 4745; x_wconf 90' lang='lat' dir='ltr'><strong>in</strong></span> <span class='ocrx_word' id='word_1_647' title='bbox 1241 4690 1409 4745; x_wconf 86' lang='lat' dir='ltr'><strong>Deum</strong></span> <span class='ocrx_word' id='word_1_648' title='bbox 1459 4689 1775 4746; x_wconf 79' lang='lat' dir='ltr'><strong>excidentes</strong></span> <span class='ocrx_word' id='word_1_649' title='bbox 1826 4692 2047 4747; x_wconf 89' lang='lat' dir='ltr'><strong>sorbere</strong></span> <span class='ocrx_word' id='word_1_650' title='bbox 2082 4707 2215 4761; x_wconf 86' lang='lat' dir='ltr'><strong>quo-</strong></span> 
     </span>
    </p>
   </div>
   <div class='ocr_carea' id='block_1_95' title="bbox 640 4780 2218 4851">
    <p class='ocr_par' dir='ltr' id='par_1_95' title="bbox 640 4780 2218 4851">
     <span class='ocr_line' id='line_1_95' title="bbox 640 4780 2218 4851; baseline 0.003 -16"><span class='ocrx_word' id='word_1_651' title='bbox 640 4783 949 4846; x_wconf 89' lang='lat' dir='ltr'><strong>dammodo,</strong></span> <span class='ocrx_word' id='word_1_652' title='bbox 983 4792 1039 4837; x_wconf 88' lang='lat' dir='ltr'><strong>et</strong></span> <span class='ocrx_word' id='word_1_653' title='bbox 1090 4797 1245 4837; x_wconf 85' lang='lat' dir='ltr'><strong>suum</strong></span> <span class='ocrx_word' id='word_1_654' title='bbox 1306 4780 1409 4836; x_wconf 88' lang='lat' dir='ltr'><strong>sibi</strong></span> <span class='ocrx_word' id='word_1_655' title='bbox 1461 4782 1643 4836; x_wconf 91' lang='lat' dir='ltr'><strong>cibum</strong></span> <span class='ocrx_word' id='word_1_656' title='bbox 1693 4781 1915 4849; x_wconf 78' lang='lat' dir='ltr'><strong>facere;</strong></span> <span class='ocrx_word' id='word_1_657' title='bbox 1964 4798 2124 4851; x_wconf 88' lang='lat' dir='ltr'><strong>quem</strong></span> <span class='ocrx_word' id='word_1_658' title='bbox 2160 4794 2218 4839; x_wconf 89' lang='lat' dir='ltr'><strong>et</strong></span> 
     </span>
    </p>
   </div>
   <div class='ocr_carea' id='block_1_96' title="bbox 641 4870 2214 4944">
    <p class='ocr_par' dir='ltr' id='par_1_96' title="bbox 641 4870 2214 4944">
     <span class='ocr_line' id='line_1_96' title="bbox 641 4870 2214 4944; baseline 0.003 -18"><span class='ocrx_word' id='word_1_659' title='bbox 641 4870 929 4927; x_wconf 85' lang='lat' dir='ltr'><strong>Psalmista</strong></span> <span class='ocrx_word' id='word_1_660' title='bbox 964 4873 1096 4928; x_wconf 88' lang='lat' dir='ltr'><strong>dicit</strong></span> <span class='ocrx_word' id='word_1_661' title='bbox 1133 4886 1316 4927; x_wconf 86' lang='lat' dir='ltr'><strong>escam</strong></span> <span class='ocrx_word' id='word_1_662' title='bbox 1362 4872 1545 4927; x_wconf 88' lang='lat' dir='ltr'><strong>datum</strong></span> <span class='ocrx_word' id='word_1_663' title='bbox 1588 4871 1799 4943; x_wconf 83' lang='lat' dir='ltr'><strong>populis</strong></span> <span class='ocrx_word' id='word_1_664' title='bbox 1844 4871 2214 4944; x_wconf 67' lang='lat' dir='ltr'><strong>Ethiopibus.</strong></span> 
     </span>
    </p>
   </div>
   <div class='ocr_carea' id='block_1_97' title="bbox 638 4962 2210 5033">
    <p class='ocr_par' dir='ltr' id='par_1_97' title="bbox 638 4962 2210 5033">
     <span class='ocr_line' id='line_1_97' title="bbox 638 4962 2210 5033; baseline 0.002 -15"><span class='ocrx_word' id='word_1_665' title='bbox 638 4962 819 5032; x_wconf 89' lang='lat' dir='ltr'><strong>lnquit</strong></span> <span class='ocrx_word' id='word_1_666' title='bbox 846 4964 991 5017; x_wconf 91' lang='lat' dir='ltr'><strong>enim</strong></span> <span class='ocrx_word' id='word_1_667' title='bbox 1024 4980 1038 5018; x_wconf 88' lang='lat'><strong>:</strong></span> <span class='ocrx_word' id='word_1_668' title='bbox 1071 4981 1090 5013; x_wconf 78' lang='grc' dir='ltr'><strong>ι</strong></span> <span class='ocrx_word' id='word_1_669' title='bbox 1120 4962 1201 5016; x_wconf 90' lang='lat' dir='ltr'><strong>Tu</strong></span> <span class='ocrx_word' id='word_1_670' title='bbox 1244 4963 1558 5033; x_wconf 79' lang='lat' dir='ltr'><strong>confregisti</strong></span> <span class='ocrx_word' id='word_1_671' title='bbox 1599 4973 1762 5032; x_wconf 90' lang='lat' dir='ltr'><strong>caput</strong></span> <span class='ocrx_word' id='word_1_672' title='bbox 1808 4963 2079 5031; x_wconf 84' lang='lat' dir='ltr'><strong>draconis,</strong></span> <span class='ocrx_word' id='word_1_673' title='bbox 2111 4967 2210 5021; x_wconf 92' lang='lat' dir='ltr'><strong>de-</strong></span> 
     </span>
    </p>
   </div>
   <div class='ocr_carea' id='block_1_98' title="bbox 640 5051 2209 5123">
    <p class='ocr_par' dir='ltr' id='par_1_98' title="bbox 640 5051 2209 5123">
     <span class='ocr_line' id='line_1_98' title="bbox 640 5051 2209 5123; baseline 0.003 -17"><span class='ocrx_word' id='word_1_674' title='bbox 640 5052 768 5106; x_wconf 85' lang='lat' dir='ltr'><strong>disti</strong></span> <span class='ocrx_word' id='word_1_675' title='bbox 804 5065 927 5105; x_wconf 89' lang='lat' dir='ltr'><strong>eum</strong></span> <span class='ocrx_word' id='word_1_676' title='bbox 974 5065 1152 5107; x_wconf 83' lang='lat' dir='ltr'><strong>escam</strong></span> <span class='ocrx_word' id='word_1_677' title='bbox 1192 5052 1402 5121; x_wconf 91' lang='lat' dir='ltr'><strong>populis</strong></span> <span class='ocrx_word' id='word_1_678' title='bbox 1429 5051 1776 5123; x_wconf 63' lang='lat' dir='ltr'><strong>IEthiOpibus</strong></span> <span class='ocrx_word' id='word_1_679' title='bbox 1800 5056 1897 5110; x_wconf 83' lang='grc'>²⁷.›</span> <span class='ocrx_word' id='word_1_680' title='bbox 1933 5054 2034 5121; x_wconf 88' lang='lat' dir='ltr'><strong>Qui</strong></span> <span class='ocrx_word' id='word_1_681' title='bbox 2064 5056 2209 5111; x_wconf 87' lang='lat' dir='ltr'><strong>enim</strong></span> 
     </span>
    </p>
   </div>
   <div class='ocr_carea' id='block_1_99' title="bbox 641 5141 2208 5216">
    <p class='ocr_par' dir='ltr' id='par_1_99' title="bbox 641 5141 2208 5216">
     <span class='ocr_line' id='line_1_99' title="bbox 641 5141 2208 5216; baseline 0.003 -21"><span class='ocrx_word' id='word_1_682' title='bbox 641 5141 989 5212; x_wconf 87' lang='lat' dir='ltr'><strong>nigerrimam</strong></span> <span class='ocrx_word' id='word_1_683' title='bbox 1037 5150 1094 5197; x_wconf 88' lang='lat' dir='ltr'><strong>et</strong></span> <span class='ocrx_word' id='word_1_684' title='bbox 1126 5141 1263 5197; x_wconf 89' lang='lat' dir='ltr'><strong>lucis</strong></span> <span class='ocrx_word' id='word_1_685' title='bbox 1293 5144 1479 5198; x_wconf 89' lang='lat' dir='ltr'><strong>orbam</strong></span> <span class='ocrx_word' id='word_1_686' title='bbox 1510 5144 1566 5197; x_wconf 89' lang='lat' dir='ltr'><strong>in</strong></span> <span class='ocrx_word' id='word_1_687' title='bbox 1595 5146 1790 5216; x_wconf 87' lang='lat' dir='ltr'><strong>seipsis</strong></span> <span class='ocrx_word' id='word_1_688' title='bbox 1840 5153 2076 5199; x_wconf 89' lang='lat' dir='ltr'><strong>mentem</strong></span> <span class='ocrx_word' id='word_1_689' title='bbox 2110 5145 2208 5200; x_wconf 88' lang='lat' dir='ltr'><strong>ha-</strong></span> 
     </span>
    </p>
   </div>
   <div class='ocr_carea' id='block_1_100' title="bbox 638 5231 2208 5306">
    <p class='ocr_par' dir='ltr' id='par_1_100' title="bbox 638 5231 2208 5306">
     <span class='ocr_line' id='line_1_100' title="bbox 638 5231 2208 5306; baseline 0.003 -19"><span class='ocrx_word' id='word_1_690' title='bbox 638 5234 789 5298; x_wconf 90' lang='lat' dir='ltr'><strong>bent,</strong></span> <span class='ocrx_word' id='word_1_691' title='bbox 815 5232 936 5301; x_wconf 88' lang='lat' dir='ltr'><strong>jure</strong></span> <span class='ocrx_word' id='word_1_692' title='bbox 957 5231 1240 5304; x_wconf 65' lang='lat' dir='ltr'><strong>Ethiopes</strong></span> <span class='ocrx_word' id='word_1_693' title='bbox 1268 5244 1320 5288; x_wconf 91' lang='lat' dir='ltr'><strong>et</strong></span> <span class='ocrx_word' id='word_1_694' title='bbox 1352 5234 1578 5305; x_wconf 77' lang='lat' dir='ltr'><strong>intelligi</strong></span> <span class='ocrx_word' id='word_1_695' title='bbox 1606 5248 1660 5291; x_wconf 89' lang='lat' dir='ltr'><strong>et</strong></span> <span class='ocrx_word' id='word_1_696' title='bbox 1694 5236 1798 5291; x_wconf 90' lang='lat' dir='ltr'><strong>dici</strong></span> <span class='ocrx_word' id='word_1_697' title='bbox 1839 5250 1868 5288; x_wconf 88' lang='lat' dir='ltr'><strong>a</strong></span> <span class='ocrx_word' id='word_1_698' title='bbox 1893 5236 2052 5291; x_wconf 89' lang='lat' dir='ltr'><strong>nobis</strong></span> <span class='ocrx_word' id='word_1_699' title='bbox 2076 5236 2208 5306; x_wconf 88' lang='lat' dir='ltr'><strong>ipsis</strong></span> 
     </span>
    </p>
   </div>
   <div class='ocr_carea' id='block_1_101' title="bbox 638 5323 2206 5395">
    <p class='ocr_par' dir='ltr' id='par_1_101' title="bbox 638 5323 2206 5395">
     <span class='ocr_line' id='line_1_101' title="bbox 638 5323 2206 5395; baseline 0.001 -16"><span class='ocrx_word' id='word_1_700' title='bbox 638 5333 695 5379; x_wconf 88' lang='lat' dir='ltr'><strong>et</strong></span> <span class='ocrx_word' id='word_1_701' title='bbox 716 5338 747 5378; x_wconf 88' lang='lat' dir='ltr'><strong>a</strong></span> <span class='ocrx_word' id='word_1_702' title='bbox 775 5323 884 5379; x_wconf 88' lang='lat' dir='ltr'><strong>Deo</strong></span> <span class='ocrx_word' id='word_1_703' title='bbox 898 5333 1139 5394; x_wconf 85' lang='lat' dir='ltr'><strong>possunt.</strong></span> <span class='ocrx_word' id='word_1_704' title='bbox 1163 5324 1228 5380; x_wconf 85' lang='lat' dir='ltr'><strong>Hi</strong></span> <span class='ocrx_word' id='word_1_705' title='bbox 1248 5326 1621 5395; x_wconf 89' lang='lat' dir='ltr'><strong>multicipitem</strong></span> <span class='ocrx_word' id='word_1_706' title='bbox 1646 5328 1933 5381; x_wconf 90' lang='lat' dir='ltr'><strong>draconem</strong></span> <span class='ocrx_word' id='word_1_707' title='bbox 1962 5336 2206 5395; x_wconf 86' lang='lat' dir='ltr'><strong>pascunt,</strong></span> 
     </span>
    </p>
   </div>
   <div class='ocr_carea' id='block_1_102' title="bbox 638 5416 2209 5487">
    <p class='ocr_par' dir='ltr' id='par_1_102' title="bbox 638 5416 2209 5487">
     <span class='ocr_line' id='line_1_102' title="bbox 638 5416 2209 5487; baseline 0.001 -17"><span class='ocrx_word' id='word_1_708' title='bbox 638 5416 849 5487; x_wconf 90' lang='lat' dir='ltr'><strong>ipsique</strong></span> <span class='ocrx_word' id='word_1_709' title='bbox 885 5416 1123 5471; x_wconf 82' lang='lat' dir='ltr'><strong>vicissim</strong></span> <span class='ocrx_word' id='word_1_710' title='bbox 1166 5418 1234 5472; x_wconf 91' lang='lat' dir='ltr'><strong>ab</strong></span> <span class='ocrx_word' id='word_1_711' title='bbox 1260 5431 1328 5473; x_wconf 93' lang='lat' dir='ltr'><strong>eo</strong></span> <span class='ocrx_word' id='word_1_712' title='bbox 1363 5425 1678 5487; x_wconf 82' lang='lat' dir='ltr'><strong>pascuntur.</strong></span> <span class='ocrx_word' id='word_1_713' title='bbox 1726 5433 1747 5468; x_wconf 79' lang='grc' dir='ltr'><strong>ι</strong></span> <span class='ocrx_word' id='word_1_714' title='bbox 1780 5416 2081 5487; x_wconf 86' lang='lat' dir='ltr'><strong>Absorptus</strong></span> <span class='ocrx_word' id='word_1_715' title='bbox 2126 5428 2209 5473; x_wconf 90' lang='lat' dir='ltr'><strong>est</strong></span> 
     </span>
    </p>
   </div>
   <div class='ocr_carea' id='block_1_103' title="bbox 638 5503 2204 5576">
    <p class='ocr_par' dir='ltr' id='par_1_103' title="bbox 638 5503 2204 5576">
     <span class='ocr_line' id='line_1_103' title="bbox 638 5503 2204 5576; baseline 0.003 -17"><span class='ocrx_word' id='word_1_716' title='bbox 638 5506 805 5575; x_wconf 84' lang='lat' dir='ltr'><strong>igitur</strong></span> <span class='ocrx_word' id='word_1_717' title='bbox 849 5503 1037 5573; x_wconf 81' lang='lat' dir='ltr'><strong>Israel,</strong></span> <span class='ocrx_word' id='word_1_718' title='bbox 1072 5515 1127 5561; x_wconf 90' lang='lat' dir='ltr'><strong>et</strong></span> <span class='ocrx_word' id='word_1_719' title='bbox 1169 5505 1343 5563; x_wconf 83' lang='lat' dir='ltr'><strong>factus</strong></span> <span class='ocrx_word' id='word_1_720' title='bbox 1386 5515 1470 5561; x_wconf 87' lang='lat' dir='ltr'><strong>est</strong></span> <span class='ocrx_word' id='word_1_721' title='bbox 1519 5507 1660 5561; x_wconf 88' lang='lat' dir='ltr'><strong>inter</strong></span> <span class='ocrx_word' id='word_1_722' title='bbox 1720 5519 1907 5576; x_wconf 89' lang='lat' dir='ltr'><strong>gentes</strong></span> <span class='ocrx_word' id='word_1_723' title='bbox 1953 5518 2204 5575; x_wconf 89' lang='lat' dir='ltr'><strong>tanquam</strong></span> 
     </span>
    </p>
   </div>
   <div class='ocr_carea' id='block_1_104' title="bbox 637 5596 2204 5670">
    <p class='ocr_par' dir='ltr' id='par_1_104' title="bbox 637 5596 2204 5670">
     <span class='ocr_line' id='line_1_104' title="bbox 637 5596 2204 5670; baseline 0.005 -20"><span class='ocrx_word' id='word_1_724' title='bbox 637 5610 734 5652; x_wconf 87' lang='lat' dir='ltr'><strong>vas</strong></span> <span class='ocrx_word' id='word_1_725' title='bbox 780 5596 1019 5654; x_wconf 66' lang='lat' dir='ltr'><strong>inutile.)</strong></span> <span class='ocrx_word' id='word_1_726' title='bbox 1048 5597 1327 5653; x_wconf 79' lang='lat' dir='ltr'><strong>Abduetus</strong></span> <span class='ocrx_word' id='word_1_727' title='bbox 1374 5596 1519 5653; x_wconf 87' lang='lat' dir='ltr'><strong>enim</strong></span> <span class='ocrx_word' id='word_1_728' title='bbox 1549 5598 1617 5652; x_wconf 90' lang='lat' dir='ltr'><strong>ad</strong></span> <span class='ocrx_word' id='word_1_729' title='bbox 1647 5599 1903 5670; x_wconf 83' lang='lat' dir='ltr'><strong>Assyrios</strong></span> <span class='ocrx_word' id='word_1_730' title='bbox 1930 5609 1984 5657; x_wconf 90' lang='lat' dir='ltr'><strong>et</strong></span> <span class='ocrx_word' id='word_1_731' title='bbox 2020 5600 2204 5658; x_wconf 81' lang='lat' dir='ltr'><strong>Medos</strong></span> 
     </span>
    </p>
   </div>
   <div class='ocr_carea' id='block_1_105' title="bbox 704 5776 1751 5847">
    <p class='ocr_par' dir='ltr' id='par_1_105' title="bbox 704 5776 1751 5847">
     <span class='ocr_line' id='line_1_105' title="bbox 704 5776 1751 5847; baseline 0.002 -14"><span class='ocrx_word' id='word_1_732' title='bbox 704 5780 751 5812; x_wconf 81' lang='lat'>“</span> <span class='ocrx_word' id='word_1_733' title='bbox 780 5777 889 5834; x_wconf 81' lang='lat' dir='ltr'><strong>Jer.</strong></span> <span class='ocrx_word' id='word_1_734' title='bbox 925 5795 998 5846; x_wconf 85' lang='lat' dir='ltr'><strong>LI,</strong></span> <span class='ocrx_word' id='word_1_735' title='bbox 1031 5780 1120 5836; x_wconf 73' lang='grc'><strong>54.</strong></span> <span class='ocrx_word' id='word_1_736' title='bbox 1196 5778 1239 5811; x_wconf 78' lang='grc'><strong>’⁷</strong></span> <span class='ocrx_word' id='word_1_737' title='bbox 1271 5776 1410 5833; x_wconf 84' lang='lat' dir='ltr'><strong>Psal.</strong></span> <span class='ocrx_word' id='word_1_738' title='bbox 1438 5794 1629 5847; x_wconf 78' lang='lat' dir='ltr'><strong>Lxxnt,</strong></span> <span class='ocrx_word' id='word_1_739' title='bbox 1665 5780 1751 5835; x_wconf 77' lang='lat' dir='ltr'><strong>M.</strong></span> 
     </span>
    </p>
   </div>
   <div class='ocr_carea' id='block_1_106' title="bbox 2322 4602 3866 4680">
    <p class='ocr_par' dir='ltr' id='par_1_106' title="bbox 2322 4602 3866 4680">
     <span class='ocr_line' id='line_1_106' title="bbox 2322 4602 3866 4680; baseline 0.005 -26"><span class='ocrx_word' id='word_1_740' title='bbox 2322 4602 2486 4655; x_wconf 82' lang='grc' dir='ltr'>αὐτοῦ</span> <span class='ocrx_word' id='word_1_741' title='bbox 2512 4603 2620 4656; x_wconf 87' lang='grc' dir='ltr'><strong>ἀπὸ</strong></span> <span class='ocrx_word' id='word_1_742' title='bbox 2648 4604 2745 4675; x_wconf 80' lang='grc' dir='ltr'>τῆς</span> <span class='ocrx_word' id='word_1_743' title='bbox 2766 4606 2972 4676; x_wconf 81' lang='grc' dir='ltr'>τροφῆς</span> <span class='ocrx_word' id='word_1_744' title='bbox 2999 4624 3121 4677; x_wconf 90' lang='grc' dir='ltr'>μου.</span> <span class='ocrx_word' id='word_1_745' title='bbox 3152 4626 3172 4660; x_wconf 75' lang='grc' dir='ltr'><strong>ι</strong></span> <span class='ocrx_word' id='word_1_746' title='bbox 3218 4609 3439 4680; x_wconf 69' lang='grc' dir='ltr'>Ἀληθές</span> <span class='ocrx_word' id='word_1_747' title='bbox 3467 4610 3523 4664; x_wconf 79' lang='grc' dir='ltr'>δὲ</span> <span class='ocrx_word' id='word_1_748' title='bbox 3546 4613 3644 4665; x_wconf 65' lang='grc' dir='ltr'><strong>καὶ⁸</strong></span> <span class='ocrx_word' id='word_1_749' title='bbox 3678 4610 3866 4679; x_wconf 81' lang='grc' dir='ltr'>ἑτέρως,</span> 
     </span>
    </p>
   </div>
   <div class='ocr_carea' id='block_1_107' title="bbox 2321 4694 3865 4773">
    <p class='ocr_par' dir='ltr' id='par_1_107' title="bbox 2321 4694 3865 4773">
     <span class='ocr_line' id='line_1_107' title="bbox 2321 4694 3865 4773; baseline 0.009 -27"><span class='ocrx_word' id='word_1_750' title='bbox 2321 4694 2398 4759; x_wconf 87' lang='grc' dir='ltr'>ὠς</span> <span class='ocrx_word' id='word_1_751' title='bbox 2426 4697 2763 4767; x_wconf 79' lang='grc' dir='ltr'>καταρῤοφεῖ</span> <span class='ocrx_word' id='word_1_752' title='bbox 2780 4699 2982 4768; x_wconf 74' lang='grc' dir='ltr'>τρόπον</span> <span class='ocrx_word' id='word_1_753' title='bbox 3005 4700 3126 4753; x_wconf 83' lang='grc' dir='ltr'>τινὰ</span> <span class='ocrx_word' id='word_1_754' title='bbox 3150 4702 3280 4764; x_wconf 80' lang='grc' dir='ltr'>τοὺς</span> <span class='ocrx_word' id='word_1_755' title='bbox 3303 4702 3402 4773; x_wconf 83' lang='grc' dir='ltr'>τῆς</span> <span class='ocrx_word' id='word_1_756' title='bbox 3418 4703 3497 4767; x_wconf 81' lang='grc' dir='ltr'><strong>εἰς</strong></span> <span class='ocrx_word' id='word_1_757' title='bbox 3521 4702 3659 4759; x_wconf 87' lang='grc' dir='ltr'>Θεὸν</span> <span class='ocrx_word' id='word_1_758' title='bbox 3681 4704 3865 4771; x_wconf 73' lang='grc' dir='ltr'>ἀγάπης</span> 
     </span>
    </p>
   </div>
   <div class='ocr_carea' id='block_1_108' title="bbox 2321 4785 3865 4866">
    <p class='ocr_par' dir='ltr' id='par_1_108' title="bbox 2321 4785 3865 4866">
     <span class='ocr_line' id='line_1_108' title="bbox 2321 4785 3865 4866; baseline 0.003 -30"><span class='ocrx_word' id='word_1_759' title='bbox 2321 4785 2705 4852; x_wconf 77' lang='grc' dir='ltr'>ἐκπίπτοντας,</span> <span class='ocrx_word' id='word_1_760' title='bbox 2758 4788 2853 4841; x_wconf 70' lang='grc' dir='ltr'><strong>καί⁸</strong></span> <span class='ocrx_word' id='word_1_761' title='bbox 2905 4787 3044 4842; x_wconf 89' lang='grc' dir='ltr'>ἰδίαν</span> <span class='ocrx_word' id='word_1_762' title='bbox 3084 4794 3318 4845; x_wconf 79' lang='grc' dir='ltr'>ποιεῖται</span> <span class='ocrx_word' id='word_1_763' title='bbox 3354 4793 3560 4866; x_wconf 81' lang='grc' dir='ltr'>τροφὴν</span> <span class='ocrx_word' id='word_1_764' title='bbox 3602 4795 3632 4847; x_wconf 83' lang='grc' dir='ltr'>ὁ</span> <span class='ocrx_word' id='word_1_765' title='bbox 3677 4788 3865 4846; x_wconf 80' lang='grc' dir='ltr'>πολυκέ·</span> 
     </span>
    </p>
   </div>
   <div class='ocr_carea' id='block_1_109' title="bbox 2324 4875 3863 4957">
    <p class='ocr_par' dir='ltr' id='par_1_109' title="bbox 2324 4875 3863 4957">
     <span class='ocr_line' id='line_1_109' title="bbox 2324 4875 3863 4957; baseline 0.008 -30"><span class='ocrx_word' id='word_1_766' title='bbox 2324 4875 2489 4944; x_wconf 86' lang='grc' dir='ltr'>φαλος</span> <span class='ocrx_word' id='word_1_767' title='bbox 2524 4876 2761 4947; x_wconf 82' lang='grc' dir='ltr'>δράκων,</span> <span class='ocrx_word' id='word_1_768' title='bbox 2790 4877 2849 4931; x_wconf 86' lang='grc' dir='ltr'><strong>δν</strong></span> <span class='ocrx_word' id='word_1_769' title='bbox 2879 4878 2979 4932; x_wconf 80' lang='grc' dir='ltr'><strong>καὶ</strong></span> <span class='ocrx_word' id='word_1_770' title='bbox 2998 4881 3032 4951; x_wconf 80' lang='grc' dir='ltr'>ἡ</span> <span class='ocrx_word' id='word_1_771' title='bbox 3060 4879 3156 4933; x_wconf 89' lang='grc' dir='ltr'><strong>τοῦ</strong></span> <span class='ocrx_word' id='word_1_772' title='bbox 3180 4882 3485 4948; x_wconf 76' lang='grc' dir='ltr'>Ψάλλοντος</span> <span class='ocrx_word' id='word_1_773' title='bbox 3514 4884 3669 4957; x_wconf 77' lang='grc' dir='ltr'>φωνὴ</span> <span class='ocrx_word' id='word_1_774' title='bbox 3702 4882 3863 4955; x_wconf 71' lang='grc' dir='ltr'>βρῶμα</span> 
     </span>
    </p>
   </div>
   <div class='ocr_carea' id='block_1_110' title="bbox 2315 4966 3861 5048">
    <p class='ocr_par' dir='ltr' id='par_1_110' title="bbox 2315 4966 3861 5048">
     <span class='ocr_line' id='line_1_110' title="bbox 2315 4966 3861 5048; baseline 0.003 -29"><span class='ocrx_word' id='word_1_775' title='bbox 2315 4966 2556 5021; x_wconf 85' lang='grc' dir='ltr'>διδόσθαι</span> <span class='ocrx_word' id='word_1_776' title='bbox 2600 4970 2733 5039; x_wconf 84' lang='grc' dir='ltr'>φησὶ</span> <span class='ocrx_word' id='word_1_777' title='bbox 2765 4968 2917 5033; x_wconf 84' lang='grc' dir='ltr'>λαοῖς</span> <span class='ocrx_word' id='word_1_778' title='bbox 2955 4972 3073 5034; x_wconf 77' lang='grc' dir='ltr'>τοϊς</span> <span class='ocrx_word' id='word_1_779' title='bbox 3116 4972 3351 5043; x_wconf 76' lang='grc' dir='ltr'>Αἰθίοψι.</span> <span class='ocrx_word' id='word_1_780' title='bbox 3384 4993 3407 5026; x_wconf 73' lang='grc' dir='ltr'><strong>ι</strong></span> <span class='ocrx_word' id='word_1_781' title='bbox 3430 4974 3502 5027; x_wconf 77' lang='grc' dir='ltr'><strong>Σὺ</strong></span> <span class='ocrx_word' id='word_1_782' title='bbox 3520 4976 3651 5048; x_wconf 76' lang='grc' dir='ltr'>γὰρ,</span> <span class='ocrx_word' id='word_1_783' title='bbox 3673 4995 3690 5028; x_wconf 77' lang='grc' dir='ltr'><strong>ι</strong></span> <span class='ocrx_word' id='word_1_784' title='bbox 3737 4973 3861 5043; x_wconf 80' lang='grc' dir='ltr'>φησί,</span> 
     </span>
    </p>
   </div>
   <div class='ocr_carea' id='block_1_111' title="bbox 2319 5056 3863 5136">
    <p class='ocr_par' dir='ltr' id='par_1_111' title="bbox 2319 5056 3863 5136">
     <span class='ocr_line' id='line_1_111' title="bbox 2319 5056 3863 5136; baseline 0.009 -27"><span class='ocrx_word' id='word_1_785' title='bbox 2319 5056 2650 5123; x_wconf 84' lang='grc' dir='ltr'>συνέθλασας</span> <span class='ocrx_word' id='word_1_786' title='bbox 2712 5060 2812 5130; x_wconf 80' lang='grc' dir='ltr'><strong>τὴν</strong></span> <span class='ocrx_word' id='word_1_787' title='bbox 2864 5060 3106 5133; x_wconf 80' lang='grc' dir='ltr'>κεφαλὴν</span> <span class='ocrx_word' id='word_1_788' title='bbox 3165 5062 3258 5116; x_wconf 89' lang='grc' dir='ltr'><strong>τοῦ</strong></span> <span class='ocrx_word' id='word_1_789' title='bbox 3307 5064 3598 5136; x_wconf 83' lang='grc' dir='ltr'>δράκοντος</span> <span class='ocrx_word' id='word_1_790' title='bbox 3630 5084 3644 5097; x_wconf 90' lang='grc'><strong>·</strong></span> <span class='ocrx_word' id='word_1_791' title='bbox 3689 5066 3863 5123; x_wconf 76' lang='grc' dir='ltr'>ἔδωκας</span> 
     </span>
    </p>
   </div>
   <div class='ocr_carea' id='block_1_112' title="bbox 2314 5148 3860 5228">
    <p class='ocr_par' dir='ltr' id='par_1_112' title="bbox 2314 5148 3860 5228">
     <span class='ocr_line' id='line_1_112' title="bbox 2314 5148 3860 5228; baseline 0.003 -27"><span class='ocrx_word' id='word_1_792' title='bbox 2314 5148 2479 5202; x_wconf 78' lang='grc' dir='ltr'>αὑτὸν</span> <span class='ocrx_word' id='word_1_793' title='bbox 2513 5148 2708 5221; x_wconf 81' lang='grc' dir='ltr'>βρῶμα</span> <span class='ocrx_word' id='word_1_794' title='bbox 2742 5150 2893 5216; x_wconf 82' lang='grc' dir='ltr'>λαοῖς</span> <span class='ocrx_word' id='word_1_795' title='bbox 2938 5155 3051 5215; x_wconf 81' lang='grc' dir='ltr'>τοῖς</span> <span class='ocrx_word' id='word_1_796' title='bbox 3090 5153 3356 5224; x_wconf 80' lang='grc' dir='ltr'>Αἰθίοψιν.</span> <span class='ocrx_word' id='word_1_797' title='bbox 3382 5174 3402 5209; x_wconf 77' lang='grc' dir='ltr'><strong>ι</strong></span> <span class='ocrx_word' id='word_1_798' title='bbox 3454 5157 3516 5210; x_wconf 82' lang='lat' dir='ltr'><strong>Oi</strong></span> <span class='ocrx_word' id='word_1_799' title='bbox 3549 5157 3662 5228; x_wconf 79' lang='grc' dir='ltr'>γὰρ</span> <span class='ocrx_word' id='word_1_800' title='bbox 3701 5154 3860 5227; x_wconf 82' lang='grc' dir='ltr'>μελάν-</span> 
     </span>
    </p>
   </div>
   <div class='ocr_carea' id='block_1_113' title="bbox 2297 5237 3858 5318">
    <p class='ocr_par' dir='ltr' id='par_1_113' title="bbox 2297 5237 3858 5318">
     <span class='ocr_line' id='line_1_113' title="bbox 2297 5237 3858 5318; baseline 0.003 -24"><span class='ocrx_word' id='word_1_801' title='bbox 2297 5237 2475 5295; x_wconf 82' lang='grc' dir='ltr'>“τατον</span> <span class='ocrx_word' id='word_1_802' title='bbox 2512 5242 2728 5312; x_wconf 80' lang='grc' dir='ltr'>ἔχοντες</span> <span class='ocrx_word' id='word_1_803' title='bbox 2770 5242 2829 5297; x_wconf 78' lang='grc' dir='ltr'><strong>έν</strong></span> <span class='ocrx_word' id='word_1_804' title='bbox 2864 5262 2928 5313; x_wconf 89' lang='grc' dir='ltr'><strong>γε</strong></span> <span class='ocrx_word' id='word_1_805' title='bbox 2964 5246 3028 5317; x_wconf 87' lang='grc' dir='ltr'>δὴ</span> <span class='ocrx_word' id='word_1_806' title='bbox 3078 5246 3261 5317; x_wconf 84' lang='grc' dir='ltr'>σφίσιν</span> <span class='ocrx_word' id='word_1_807' title='bbox 3308 5247 3512 5314; x_wconf 76' lang='grc' dir='ltr'>αὐτοῖς,</span> <span class='ocrx_word' id='word_1_808' title='bbox 3551 5250 3645 5302; x_wconf 74' lang='grc' dir='ltr'><strong>καὶ</strong></span> <span class='ocrx_word' id='word_1_809' title='bbox 3679 5243 3858 5318; x_wconf 83' lang='grc' dir='ltr'>ἀφεγγῆ</span> 
     </span>
    </p>
   </div>
   <div class='ocr_carea' id='block_1_114' title="bbox 2312 5331 3858 5403">
    <p class='ocr_par' dir='ltr' id='par_1_114' title="bbox 2312 5331 3858 5403">
     <span class='ocr_line' id='line_1_114' title="bbox 2312 5331 3858 5403; baseline 0.003 -19"><span class='ocrx_word' id='word_1_810' title='bbox 2312 5331 2405 5385; x_wconf 87' lang='grc' dir='ltr'><strong>τὸν</strong></span> <span class='ocrx_word' id='word_1_811' title='bbox 2448 5332 2593 5399; x_wconf 86' lang='grc' dir='ltr'>νοῦν,</span> <span class='ocrx_word' id='word_1_812' title='bbox 2662 5334 2919 5401; x_wconf 81' lang='grc' dir='ltr'>Αἰθίοπες</span> <span class='ocrx_word' id='word_1_813' title='bbox 2967 5338 3192 5401; x_wconf 85' lang='grc' dir='ltr'>εἰκότως</span> <span class='ocrx_word' id='word_1_814' title='bbox 3254 5338 3347 5391; x_wconf 71' lang='grc' dir='ltr'><strong>καὶ¹</strong></span> <span class='ocrx_word' id='word_1_815' title='bbox 3408 5342 3594 5393; x_wconf 83' lang='grc' dir='ltr'>νοοῖντ’</span> <span class='ocrx_word' id='word_1_816' title='bbox 3658 5341 3737 5403; x_wconf 81' lang='grc' dir='ltr'><strong>ἂν,</strong></span> <span class='ocrx_word' id='word_1_817' title='bbox 3784 5334 3858 5389; x_wconf 80' lang='grc' dir='ltr'>καὶ</span> 
     </span>
    </p>
   </div>
   <div class='ocr_carea' id='block_1_115' title="bbox 2312 5419 3857 5500">
    <p class='ocr_par' dir='ltr' id='par_1_115' title="bbox 2312 5419 3857 5500">
     <span class='ocr_line' id='line_1_115' title="bbox 2312 5419 3857 5500; baseline 0.002 -27"><span class='ocrx_word' id='word_1_818' title='bbox 2312 5420 2551 5490; x_wconf 89' lang='grc' dir='ltr'>λέγοιντο</span> <span class='ocrx_word' id='word_1_819' title='bbox 2578 5424 2713 5493; x_wconf 86' lang='grc' dir='ltr'>πρός</span> <span class='ocrx_word' id='word_1_820' title='bbox 2740 5441 2800 5477; x_wconf 89' lang='grc' dir='ltr'><strong>τε</strong></span> <span class='ocrx_word' id='word_1_821' title='bbox 2833 5426 2989 5496; x_wconf 75' lang='grc' dir='ltr'>ἡμῶν</span> <span class='ocrx_word' id='word_1_822' title='bbox 3012 5427 3211 5489; x_wconf 80' lang='grc' dir='ltr'>αὐτῶν,</span> <span class='ocrx_word' id='word_1_823' title='bbox 3240 5428 3334 5480; x_wconf 76' lang='grc' dir='ltr'><strong>καὶ</strong></span> <span class='ocrx_word' id='word_1_824' title='bbox 3364 5430 3515 5500; x_wconf 85' lang='grc' dir='ltr'>παρὰ</span> <span class='ocrx_word' id='word_1_825' title='bbox 3545 5429 3697 5483; x_wconf 87' lang='grc' dir='ltr'>Θεοῦ.</span> <span class='ocrx_word' id='word_1_826' title='bbox 3728 5419 3857 5480; x_wconf 69' lang='grc' dir='ltr'>Οὗτοι</span> 
     </span>
    </p>
   </div>
   <div class='ocr_carea' id='block_1_116' title="bbox 2310 5511 3855 5591">
    <p class='ocr_par' dir='ltr' id='par_1_116' title="bbox 2310 5511 3855 5591">
     <span class='ocr_line' id='line_1_116' title="bbox 2310 5511 3855 5591; baseline 0.004 -28"><span class='ocrx_word' id='word_1_827' title='bbox 2310 5512 2572 5583; x_wconf 83' lang='grc' dir='ltr'>τρέφουσι</span> <span class='ocrx_word' id='word_1_828' title='bbox 2612 5514 2704 5568; x_wconf 80' lang='grc' dir='ltr'><strong>τὸν</strong></span> <span class='ocrx_word' id='word_1_829' title='bbox 2750 5517 3123 5587; x_wconf 81' lang='grc' dir='ltr'>πολυκέφαλον</span> <span class='ocrx_word' id='word_1_830' title='bbox 3169 5518 3455 5591; x_wconf 86' lang='grc' dir='ltr'>δράκοντα,</span> <span class='ocrx_word' id='word_1_831' title='bbox 3504 5519 3598 5573; x_wconf 71' lang='grc' dir='ltr'>καὶ</span> <span class='ocrx_word' id='word_1_832' title='bbox 3643 5517 3780 5572; x_wconf 74' lang='grc' dir='ltr'>αὐτοὶ</span> <span class='ocrx_word' id='word_1_833' title='bbox 3812 5511 3855 5565; x_wconf 82' lang='grc' dir='ltr'>δὲ</span> 
     </span>
    </p>
   </div>
   <div class='ocr_carea' id='block_1_117' title="bbox 2310 5603 3857 5682">
    <p class='ocr_par' dir='ltr' id='par_1_117' title="bbox 2310 5603 3857 5682">
     <span class='ocr_line' id='line_1_117' title="bbox 2310 5603 3857 5682; baseline 0.003 -23"><span class='ocrx_word' id='word_1_834' title='bbox 2310 5604 2471 5659; x_wconf 81' lang='grc' dir='ltr'>αὐτὸν</span> <span class='ocrx_word' id='word_1_835' title='bbox 2530 5605 2807 5662; x_wconf 87' lang='grc' dir='ltr'>σιτοῦνται</span> <span class='ocrx_word' id='word_1_836' title='bbox 2866 5609 3049 5665; x_wconf 85' lang='grc' dir='ltr'>πάλιν.</span> <span class='ocrx_word' id='word_1_837' title='bbox 3119 5610 3554 5666; x_wconf 74' lang='grc' dir='ltr'>«Καταπέποται</span> <span class='ocrx_word' id='word_1_838' title='bbox 3585 5612 3781 5682; x_wconf 42' lang='grc' dir='ltr'>,τοίνυν</span> <span class='ocrx_word' id='word_1_839' title='bbox 3832 5603 3857 5656; x_wconf 75' lang='grc'>6</span> 
     </span>
    </p>
   </div>
  </div>
