4068 6534
221 384 333 439 205

1146 378 1283 434 CUM
1309 376 1699 433 .LENTARIUS
1743 376 1803 431 IN
1847 376 2076 431 OSEAM
2117 375 2557 433 PROPHETAM.

3374 383 3489 438 20⁸)-

237 494 477 568 Ἰσραὴλ,
528 495 622 549 καὶ
668 495 889 564 γέγονεν
940 496 1001 548 ὲν
1058 498 1172 560 τοῖς
1219 496 1427 550 ἔθνεσιν
1478 496 1554 559 ὼς
1616 494 1805 557 σκεῦος

1911 493 2082 547 evasit
2125 492 2329 547 inutilis
2389 492 2625 561 penitus,
2659 507 2719 546 ex
2769 506 2953 548 eorum
3009 493 3233 551 cerebro
3295 510 3488 569 sapere

218 588 518 658 ἄχρηστον.
566 605 587 637 ι
655 585 1124 656 ’Λπενηνεγμένος
1180 586 1287 658 γὰρ
1341 588 1421 649 είς
1485 583 1805 655 Ἀσσυρίους

219 681 320 733 καὶ
364 678 604 749 Μήδους,
648 676 923 748 ήχρειώθη
973 678 1273 742 παντελῶς,
1324 676 1395 730 τά
1442 676 1671 739 ἐκείνοις
1718 674 1807 727 δο⁴

219 768 426 822 κοῦντα
456 770 674 839 φρονεῖν
708 770 850 837 τάχα
897 784 1002 822 που
1046 768 1418 839 βεϐιασμένος.
1460 769 1684 837 Ἥγουν,
1725 767 1807 820 ὃτι

218 859 416 928 γέγονε
462 859 655 923 σκεῦος
696 860 969 930 ἄχρηστον
993 898 1009 925 ,
1052 859 1313 931 ταύτῃτοι
1352 859 1447 914 καὶ
1506 856 1805 928 κατεπόθη,

218 952 320 1004 καὶ
348 951 444 1022 τήν
469 952 797 1021 ὲνεγκοῦσαν
826 953 1007 1022 ἀφεὶς,
1044 953 1431 1023 μετεφοίτησεν
1458 953 1538 1015 είς
1565 952 1633 1005 τά
1656 950 1804 1023 ἔθνη.

217 1042 448 1097 Τοιοῦτό
474 1044 527 1097 τί
552 1061 719 1115 φησιν
759 1044 788 1097 ὁ
822 1044 1042 1099 πάντων
1070 1044 1338 1116 δεσπότης
1364 1044 1460 1098 καὶ
1496 1042 1586 1097 διὰ
1626 1044 1809 1113 φωνῆς

232 1133 523 1203 Ἱερεμίου,
566 1134 696 1206 περί
731 1150 876 1198 τινος
908 1134 1019 1189 τῶν
1061 1137 1119 1188 ὲν
1160 1134 1443 1207 Σαμαρείᾳ
1495 1133 1810 1203 βεϐασιλευ-

211 1225 399 1278 acka
454 1225 546 1277 tui.
589 1225 679 1278 τὸν
739 1224 974 1298 Ἰσραήλ·
1038 1245 1059 1278 ι
1095 1225 1378 1296 Ἦτιμώθη
1439 1226 1692 1295 Ἰεχονίας
1731 1224 1808 1289 ὡς

216 1314 442 1380 σκεῦος,
469 1311 533 1371 οὗ
556 1318 658 1371 οὐκ
696 1316 811 1371 εστι
841 1317 1000 1389 χρεία
1018 1317 1217 1383 αὐτοῦ,
1272 1318 1355 1371 ὅτι
1388 1316 1671 1388 ἐξερρίφη,
1711 1318 1809 1371 καὶ

215 1407 491 1479 ἐξεϐλήθη
515 1410 598 1473 είς
625 1413 751 1481 γῆν,
777 1409 846 1481 ἣν
869 1410 970 1464 οὐκ
1006 1409 1147 1481 ᾔδει.
1193 1409 1291 1480 Γῆ,
1317 1408 1411 1479 γῆ,
1446 1407 1612 1462 ἄκουε
1650 1408 1808 1477 λόγον

212 1500 457 1571 Κυρίου,
482 1500 694 1570 γράψον
720 1499 813 1554 τὸν
834 1499 1006 1571 ἄνδρα
1032 1498 1223 1552 τοῦτον
1246 1498 1587 1569 ὲκκήρυκτον
1608 1496 1811 1569 ἄνθρω-

214 1610 348 1648 πον.
399 1610 420 1643 ι
466 1590 770 1663 Ἦχρειώθη
814 1591 993 1645 τοίνυν
1034 1591 1065 1646 ό
1125 1589 1361 1661 Ἰσραήλ,
1406 1590 1499 1643 καὶ¹
1534 1588 1805 1661 ἠτιμώθη.

212 1682 360 1735 Ποία
401 1682 511 1753 γὰρ
554 1682 716 1752 χρεία
761 1681 940 1752 ψυχῆς
983 1680 1064 1751 τῷ
1106 1679 1227 1750 Θεῷ
1272 1679 1654 1750 πλανωμένης,
1714 1679 1808 1733 καὶ

210 1774 723 1845 φιλαμαρτήμονος,
750 1773 845 1827 καὶ
877 1771 1288 1843 άποτρεχούσης
1321 1771 1559 1834 εὐκόλως
1587 1773 1667 1835 εἰς
1694 1772 1803 1825 πᾶν

1909 584 2133 639 forsitan
2182 584 2515 655 compulsus.
2547 585 2655 638 Aut
2685 599 2817 640 sane
2861 586 2986 654 quia
3034 588 3208 643 l'actns
3259 600 3345 644 est
3396 605 3487 643 vas

1911 675 2119 739 inutile,
2168 675 2368 730 idcirco
2410 686 2464 729 et
2492 678 2782 745 absorptus
2823 685 2927 740 est,
2987 688 3040 731 ct
3078 680 3259 734 relicta
3307 682 3485 749 patria

1910 767 1975 821 ad
2009 777 2197 837 gentes
2231 769 2661 839 transmigravit.
2695 766 2882 822 Simile
2912 769 3041 837 quid
3081 772 3157 825 ait
3187 772 3350 825 etiam
3386 788 3483 843 per

1908 857 2199 914 Jeremiam
2221 862 2462 916 omnium
2499 860 2761 916 Dominus
2793 862 2859 917 de
2886 862 3117 929 quodam
3155 879 3279 934 rege
3308 866 3481 921 Israe-

1916 950 1980 1004 lis
2013 951 2067 1005 in
2110 950 2353 1007 Samaria
2382 971 2436 1007 ει
2474 953 2832 1008 lnbonoratus
2865 963 2950 1008 cst
2992 952 3299 1022 Jechonias,
3331 959 3484 1026 quasi

1910 1056 2005 1097 vas
2062 1042 2216 1112 cujus
2258 1059 2365 1099 non
2422 1052 2508 1099 est
2546 1058 2677 1098 usus
2731 1044 2869 1111 ejus,
2910 1045 3037 1114 quia
3090 1044 3361 1116 projectus
3399 1061 3485 1106 εει

1910 1135 1964 1189 in
2009 1144 2209 1190 terram
2246 1152 2408 1205 quam
2442 1136 2738 1191 nesciebat.
2768 1136 2959 1203 Terra,
2994 1147 3163 1202 terra,
3202 1140 3327 1193 audi
3359 1156 3483 1197 ver-

1909 1227 2034 1282 bum
2078 1227 2310 1281 Domini.
2343 1228 2533 1284 Scribe
2570 1229 2742 1283 virum
2796 1228 2957 1283 istum
3019 1230 3326 1286 abdicatum
3380 1234 3483 1289 Ιιο-

1909 1317 2107 1371 minem
2131 1315 2229 1373 ¹⁸.›
2268 1316 2466 1374 Factus
2494 1327 2577 1373 est
2605 1317 2772 1389 igitur
2799 1317 3006 1373 inutilis
3041 1329 3095 1374 et
3128 1319 3486 1377 inbonoratus

1908 1409 2093 1464 Israel.
2138 1410 2268 1477 Quae
2299 1425 2531 1480 namque
2558 1410 2763 1466 utilitas
2784 1411 2852 1466 ab
2882 1411 3062 1465 anima
3094 1411 3189 1466 Dei
3217 1413 3480 1467 desertri-

1909 1517 1991 1563 ce,
2030 1511 2086 1555 et
2121 1502 2358 1571 peccatis
2388 1502 2591 1568 dedita,
2641 1511 2697 1558 et
2733 1502 2894 1559 facile
2920 1503 2975 1559 in
3019 1517 3180 1559 omne
3238 1519 3408 1573 genus
3451 1520 3485 1561 a

1911 1591 2116 1648 ratione
2151 1592 2560 1648 abhorrentium
2610 1594 3005 1663 praecipitante,
3047 1605 3104 1649 et
3132 1596 3277 1665 quod
3309 1596 3483 1651 malo-

1910 1698 2027 1737 rum
2071 1692 2234 1754 caput
2268 1692 2352 1739 est
2370 1722 2385 1747 ,
2428 1697 2458 1737 a
2485 1684 2750 1741 servitute
2779 1683 2874 1741 Dei
2901 1698 3024 1740 sese
3049 1691 3356 1751 avertente,
3381 1700 3483 1740 ex-

1907 1776 2197 1842 spectanda
2230 1775 2548 1842 estiQuam
2588 1775 2754 1846 igitur
2790 1776 2859 1831 ob
2889 1789 3110 1832 causam
3145 1775 3263 1831 haec
3290 1791 3485 1845 passus

208 1863 400 1918 ὁτιοῦν
427 1864 536 1917 τῶν
561 1863 832 1929 ἐκτόπων,
870 1864 964 1917 καὶ
983 1863 1063 1926 είς
1089 1863 1150 1916 τὸ
1174 1863 1392 1917 πάντων
1417 1862 1673 1917 ἐπέκεινα
1697 1861 1804 1915 τῶν

1908 1874 1989 1919 εει
2028 1864 2243 1920 Israel?
2280 1883 2299 1917 ι
2330 1864 2464 1933 Quia
2525 1865 2627 1934 ipsi
2676 1865 3058 1921 ascenderunt.
3091 1882 3111 1917 ι
3157 1863 3240 1918 Ad
3302 1864 3486 1923 hostes

208 1956 429 2021 κακῶν,
469 1954 567 2025 τῆς
596 1954 702 2007 ὑπὸ
730 1953 863 2008 Θεοῦ
900 1952 1142 2017 δουλείας
1174 1954 1275 2023 τήν
1307 1953 1660 2023 ἀποστροφήν
1694 1969 1709 2017 ;
1741 1952 1807 2006 Τί

207 2043 312 2102 οῦν
338 2050 373 2118 ή
398 2047 548 2100 αίτία
578 2046 673 2099 τοῦ
703 2045 772 2099 τὰ
793 2046 971 2100 τοιάδε
1001 2046 1234 2116 πάσχειν
1256 2044 1345 2098 τὸν
1371 2043 1621 2115 Ἱσραήλς
1653 2043 1808 2097 ι”Οτι

209 2140 378 2193 αὐτοὶ
408 2138 700 2208 ἀνέϐησαν.
728 2156 747 2191 ι
778 2137 1081 2207 Μονονουχὶ
1125 2136 1256 2208 γὰρ,
1294 2135 1477 2206 φησιν,
1520 2133 1807 2206 αὐτόμολοι

208 2230 592 2302 δεδραμήκασι
622 2228 755 2301 πρὸς
785 2228 1031 2299 ἐχθρούς.
1063 2226 1255 2297 Πῶς,ἢ
1280 2226 1399 2279 τίνα
1428 2225 1666 2296 τρόπον;
1707 2227 1805 2279 Δε-

209 2322 394 2385 διότες
418 2323 527 2391 γὰρ
552 2321 652 2392 τὴν
684 2319 908 2375 ἐκείνων
944 2318 1156 2388 ἔφοδον,
1205 2318 1267 2371 οὐ
1296 2316 1395 2387 τὴν
1428 2315 1562 2369 Θεοῦ
1608 2316 1809 2387 μᾶλλον

211 2412 543 2486 ἐπικουρίαν
598 2412 844 2484 ἐζήτουν,
908 2408 1433 2481 μεταγινώσκοντες.
1492 2408 1697 2478 Δώροις
1749 2408 1808 2462 δὲ

214 2507 425 2577 μῶιλον
479 2506 933 2575 μεταπεπείκασι,
984 2503 1373 2575 κατηρεμῆσαι
1430 2501 1628 2573 βραχὺ,
1687 2499 1809 2559 εἶτα

209 2599 317 2669 τὴν
358 2598 570 2652 τοιάνδε
599 2597 813 2666 σκέψιν,
840 2596 917 2659 ὡς
945 2595 1161 2650 εἰκαίαν
1184 2595 1369 2659 αὐτοῖς
1399 2594 1685 2667 ἐσομένην,
1713 2596 1808 2649 καὶ

210 2690 515 2759 ἄχρηστον,
542 2690 765 2761 διαγελᾷ
790 2689 1001 2760 τρόπον
1030 2687 1175 2755 τινὰ,
1206 2685 1380 2756 λέγων
1414 2685 1547 2758 περὶ
1582 2685 1693 2740 τῶν
1742 2688 1808 2740 ἐκ

211 2784 395 2853 φυλῆς
425 2783 667 2857 Ἐφραῖμ
697 2782 1185 2855 βεϐασιλευκότων,
1218 2784 1267 2837 οἳ
1300 2782 1395 2837 καὶ
1418 2780 1567 2854 δῶρα
1596 2782 1809 2853 πεπόμ-

208 2890 352 2941 φασι
405 2878 522 2939 τοῖς
572 2875 873 2946 Ἀσσυρίων
935 2874 1223 2947 τυράννοις
1252 2889 1270 2908 ·
1323 2893 1344 2927 ι
1380 2874 1630 2929 Ἀνέθαλε
1686 2875 1809 2928 κοιθ⁹

209 2965 410 3019 ἑαυτὸν
458 2966 718 3038 Ἐφραῖμ.
747 2986 766 3019 ι
828 2968 1054 3036 Ὅμοιον
1104 2967 1181 3030 ὡς
1242 2968 1291 3019 εἰ
1342 2966 1529 3034 λέγοι·
1582 2966 1807 3021 Μέλλων

206 3059 582 3113 δκκόπτεσθαι
608 3058 859 3130 καθάπερ
881 3077 935 3113 τι
958 3060 1205 3129 στέλεχος
1233 3061 1261 3112 ό
1285 3060 1350 3112 ἐκ
1371 3058 1542 3129 φυλῆς
1571 3057 1807 3129 Ἐφραῒμ

210 3143 645 3213 βεϐασιλευκὼς,
684 3148 778 3201 καὶ
817 3144 928 3201 οίον
964 3148 1067 3201 ὑπὸ
1100 3148 1271 3218 πυρὸς
1305 3147 1404 3217 τῆς
1441 3147 1590 3211 θείας
1634 3148 1807 3218 ὀργῆς

1908 1956 2058 2023 quasi
2099 1955 2239 2011 ultro
2293 1956 2721 2027 transfugerunt.
2761 1954 2865 2023 Qui
2900 1955 3164 2011 tandem?
3202 1954 3481 2011 Timentes

1908 2046 2052 2101 enim
2078 2046 2290 2102 illorum
2317 2047 2699 2117 irruptionem,
2720 2064 2849 2114 non,
2871 2057 2930 2103 ut
2945 2058 3189 2118 parerat,
3204 2049 3299 2107 Dei
3325 2064 3483 2118 opem

1906 2137 2235 2206 ptenitentes
2296 2147 2693 2207 poposcerunt;
2759 2138 2854 2194 sed
2926 2139 3241 2195 muneribus
3299 2142 3484 2215 potius

1911 2226 2015 2282 illis
2041 2235 2438 2297 persuaserunt
2452 2227 2594 2283 aliud
2617 2266 2635 2294 ,
2666 2238 2725 2282 ut
2751 2228 3085 2298 aliquantum
3118 2230 3480 2299 quiescerent.

1909 2316 2112 2374 Deinde
2140 2319 2513 2390 hujuscemodi
2550 2317 2839 2375 consilium
2893 2326 2951 2374 ut
3006 2334 3203 2374 vanum
3244 2320 3376 2388 ipsis
3429 2330 3486 2376 et

1909 2407 2101 2463 inutile
2140 2407 2379 2464 futurum
2426 2409 2620 2465 irridet
2650 2410 2834 2480 aliquo
2886 2412 3065 2477 modo,
3105 2410 3263 2480 122
3290 2411 3485 2466 dicens

1909 2499 1976 2555 de
2029 2500 2248 2571 regibus
2307 2517 2376 2557 ex
2410 2502 2552 2558 tribu
2595 2502 2875 2572 Ephraim,
2902 2502 2996 2572 qui
3037 2512 3091 2557 et
3150 2502 3291 2557 dona
3319 2503 3485 2576 Assy-

1908 2590 2115 2646 riorum
2147 2593 2392 2665 tyrannis
2434 2595 2698 2648 miserunt
2727 2610 2743 2649 :
2778 2611 2798 2645 ι
2826 2592 3092 2649 Reﬂoruit
3122 2609 3219 2664 per
3248 2595 3482 2664 seipsum

1906 2683 2188 2752 Epitraim.
2224 2704 2243 2737 ι
2276 2685 2354 2741 Ac
2397 2686 2444 2741 si
2479 2686 2671 2749 dicat:
2710 2686 3120 2742 Exscindendus
3166 2687 3306 2741 sicut
3333 2697 3485 2742 trun-

1907 2789 2006 2830 cus
2050 2789 2143 2831 rex
2197 2775 2265 2833 de
2323 2776 2465 2832 tribu
2508 2776 2789 2846 Ephraim,
2819 2785 2875 2832 et
2931 2787 3187 2847 tanquam
3238 2777 3308 2833 ab
3361 2778 3488 2849 igne

1907 2866 2104 2923 divinae
2175 2867 2272 2924 irae
2321 2871 2744 2935 consumendus,
2791 2868 3032 2925 reﬂoruit
3087 2885 3185 2941 per
3219 2872 3482 2941 seipsum,

1908 2959 2011 3013 hoc
2043 2967 2148 3025 est,
2185 2958 2305 3016 sine
2348 2975 2469 3026 me;
2495 2970 2552 3017 et
2601 2960 2987 3030 aspirationem
3023 2976 3197 3016 meam
3228 2977 3337 3019 non
3386 2962 3487 3018 ha-

1908 3048 2064 3117 bens,
2095 3051 2303 3120 putavit
2351 3064 2411 3107 se
2435 3052 2727 3116 victurum,
2762 3058 2819 3107 et
2869 3051 3081 3107 radices
3121 3051 3262 3107 altas
3327 3062 3486 3107 actu-

1912 3158 2051 3208 rum,
2126 3152 2183 3197 et
2234 3146 2483 3198 thronum
2550 3159 2709 3198 suum
2775 3158 2880 3198 non
2948 3144 3295 3199 amissurum.
3343 3143 3487 3199 Emit

210 3238 725 3309 καταμαραίνεσθαι
753 3278 768 3304 ,
823 3239 1049 3293 άνέθαλε
1084 3239 1210 3293 καθ’
1239 3238 1450 3302 ἑαυτὸν,
1501 3238 1801 3301 τουτέστιν,

1908 3232 2053 3287 enim
2078 3231 2393 3287 dilationem
2427 3234 2558 3287 mali
2590 3235 2655 3288 ad
2688 3242 2900 3303 tempus
2926 3235 3223 3300 modicum,
3261 3245 3487 3291 conten-

207 3329 350 3399 ἐμοῦ
385 3330 529 3400 δίχα,
560 3332 654 3384 καὶ
674 3331 982 3401 σύμπνοιαν
1008 3330 1106 3400 τήν
1137 3330 1278 3401 ὲμήν
1306 3331 1406 3384 οὐκ
1432 3329 1592 3400 ἔχων,
1623 3329 1797 3401 ᾠήθη,

207 3420 402 3490 φησὶν,
440 3423 521 3475 ὃτι
551 3421 798 3492 ζήσεται,
854 3423 949 3476 καὶ
972 3420 1135 3474 δώσει
1162 3420 1317 3491 ῥίζαν
1355 3421 1435 3483 είς
1477 3420 1661 3489 βάθος,
1707 3421 1800 3473 καὶ

205 3510 321 3562 τῶν
350 3510 498 3565 ιδίων
521 3513 622 3566 οὐκ
642 3513 1064 3583 ἁπολισθήσεται
1090 3512 1314 3583 θρόνων.
1350 3512 1666 3583 Ἑξεπρίατο
1689 3512 1798 3583 γὰρ

208 3602 553 3673 πρόσκαιρόν
613 3620 674 3657 τε
732 3606 825 3658 καὶ
874 3603 1063 3675 ὀλίγην
1115 3603 1411 3675 ἀνάϐλησιν
1453 3603 1548 3657 τοῦ
1604 3601 1798 3671 κακοῦ,

206 3689 364 3761 δῶρα
394 3694 692 3763 ἀγαπήσας
732 3694 797 3747 οὑ
843 3693 1094 3764 δέχεσθαι
1135 3692 1359 3765 μᾶλλον,
1400 3691 1538 3746 ἀλλὰ
1573 3692 1795 3747 διδόναι.

206 3785 324 3838 Kar‘.
355 3785 411 3838 τί
446 3786 508 3838 τὸ
547 3787 825 3853 ἑντεῦθενς
885 3787 1075 3857 ὄφελος
1118 3784 1218 3857 μὲν
1258 3784 1431 3851 οὐδὲν,
1484 3784 1796 3857 παραδοθή-

1914 3333 2003 3378 tus
2039 3324 2177 3378 dona
2215 3338 2320 3379 non
2367 3324 2638 3392 accipere,
2679 3326 2774 3379 sed
2803 3325 2951 3380 dare.
2985 3325 3123 3391 Quid
3156 3325 3326 3387 inde?
3365 3325 3487 3383 Uti-

1906 3415 2034 3471 litas
2069 3415 2238 3471 nulla.
2294 3414 2605 3473 Tradentur
2669 3425 2850 3472 autem
2900 3418 3166 3487 gentibus,
3200 3427 3257 3472 et
3292 3431 3388 3487 per
3418 3432 3485 3474 ea

1907 3523 2028 3577 quae
2055 3506 2238 3563 futura
2267 3518 2394 3564 sunt
2433 3516 2784 3579 cognoscent,
2815 3508 3083 3563 neminem
3114 3510 3485 3579 regerminare

1908 3614 2004 3667 per
2054 3613 2135 3665 se,
2166 3614 2341 3670 neque
2390 3601 2649 3670 prodesse
2682 3599 2851 3655 Deum
2898 3599 3297 3656 olfendeutibus
3340 3601 3516 3677 dona,

1907 3693 2038 3746 dare
2088 3691 2376 3759 hostibus;
2430 3689 2589 3760 paulo
2617 3697 2740 3761 post
2785 3689 2931 3746 enim
2982 3690 3246 3760 supplicio
3295 3684 3518 3761 subja-f

1903 3781 2123 3839 cebuut.

210 3893 403 3930 σονται
432 3877 491 3931 δὲ
519 3880 632 3942 τοῖς
655 3879 857 3946 ἔθνεσι,
900 3880 996 3934 καὶ
1034 3879 1104 3933 δι’
1144 3877 1325 3931 αὐτῶν
1354 3878 1655 3949 μαθήσουσι
1724 3877 1833 3931 τῶν
1872 3873 2324 3946 συμϐησομένων,
2352 3875 2428 3937 ὡς
2447 3873 2548 3927 οὐκ
2573 3873 2641 3929 ἄν
2701 3890 2786 3937 τις
2818 3872 3075 3927 ἀναθάλοι
3105 3873 3226 3929 καθ’
3265 3875 3481 3939 ἑαυτὸν,

206 3966 319 4019 οὐδ’
352 3968 419 4020 ἂν
463 3968 674 4039 ὀνήσειε
723 3971 851 4033 τοὺς
902 3968 1023 4041 Θεῷ
1069 3968 1510 4041 προσκρούοντας
1554 3969 1616 4022 τὸ
1646 3968 1797 4039 δῶρα
1829 3966 2031 4021 διδόναι
2062 3967 2179 4029 τοῖς
2234 3964 2448 4038 ἐχθροῖς
2482 3979 2500 3996 ο
2541 3965 2923 4020 ὑποκείσονται
2960 3965 3089 4037 γὰρ,
3130 3967 3223 4021 καὶ
3256 3968 3358 4021 οὑκ
3400 3969 3482 4030 εις

209 4061 462 4132 μακρὰν,
492 4064 558 4131 τῇ
589 4060 737 4133 δίκη.

278 4152 774 4222 Νῦνεισδέξομαι
794 4153 1039 4220 αὐτοὺς,
1069 4154 1167 4207 καί
1189 4152 1535 4208 κοπάσουσι
1562 4150 1801 4222 μικρὸν,

206 4244 317 4298 τοῦ
348 4246 545 4313 χρίειν
574 4245 843 4310 βασιλέα
869 4245 969 4299 καὶ
995 4246 1312 4316 ἄρχοντας.

281 4337 405 4402 ιιΑι.
459 4336 722 4408 ’Δπάσης,
760 4336 836 4401 ὼς
876 4336 1007 4401 ἔπος
1045 4339 1241 4401 είπεῖν,
1303 4335 1403 4407 τῆς
1442 4333 1536 4389 τοῦ
1584 4333 1797 4408 Ἰσραὴλ
1828 4368 1878 4428 D

208 4426 556 4498 φαυλότητος
606 4427 888 4499 παραίτιοι
938 4426 1229 4497 γεγόνασιν
1272 4428 1324 4480 oi
1356 4427 1423 4479 ἐκ
1480 4423 1653 4495 φυλῆς
1704 4424 1800 4477 τοῦ

221 4518 467 4590 Ἐφραῖμ
512 4520 601 4572 ἐπ’
649 4520 845 4584 αὐτοὺς
909 4518 1379 4589 βεϐασιλευκότες.
1432 4515 1656 4587 Πρῶτος
1700 4512 1800 4584 μὲν

210 4611 321 4683 γὰρ
360 4612 392 4664 ὁ
427 4612 700 4682 ἐπάρατος
751 4609 1034 4683 Ἰεροϐοὰμ
1075 4613 1173 4682 τῆς
1200 4606 1537 4670 ἀποστασίας
1570 4605 1800 4674 γέγονεν

209 4704 471 4776 εὑρετὴς,
517 4705 781 4775 δαμάλεις
825 4704 1012 4767 αὐτοῖς
1057 4703 1367 4774 ἀναστήσας
1426 4701 1652 4771 χρυσᾶς,
1702 4698 1798 4751 καὶ

207 4797 320 4849 τῶν
366 4797 719 4867 καλουμένων
767 4795 1010 4869 ὑψηλῶν,
1056 4795 1326 4857 τουτέστι,
1367 4792 1477 4846 τῶν
1512 4791 1573 4845 ὲν
1618 4790 1793 4860 ὄρεσι,

209 4887 306 4941 καὶ
361 4886 574 4957 βουνοῖς
604 4887 847 4958 τεμενῶν
891 4884 1157 4948 καθιστὰς
1195 4886 1381 4956 ἱερεῖς,
1416 4882 1542 4945 τοὺς
1584 4882 1687 4935 οὐκ
1730 4881 1797 4933 ἐκ

211 4978 389 5049 φυλῆς
425 4978 575 5042 Δευτ,
612 4977 728 5031 ἀλλ’
757 4979 872 5031 ὅσοι
896 4976 1099 5048 μᾶλλον
1125 4993 1145 5028 t
1185 4974 1486 5045 Ἐπλήρουν
1515 4972 1616 5043 τὴν
1641 4971 1801 5042 χεῖρα

212 5069 418 5129 αὐτῶν.
444 5087 463 5120 ι
511 5067 654 5121 κατὰ
692 5068 754 5121 τὸ
786 5066 1192 5139 γεγραμμένον.
1232 5062 1367 5120 Εῐτα
1413 5063 1530 5134 μετ’
1570 5064 1800 5129 ἐκεῖνον,

210 5161 319 5214 τῶν
358 5160 661 5233 ’Δσσυρίων
690 5159 1178 5231 προσδοκωμένων,
1223 5158 1283 5211 ὲν
1306 5155 1484 5226 καιρῷ
1511 5154 1612 5225 τῆς
1647 5153 1803 5225 βασι-

212 5255 365 5318 λείας
388 5254 635 5325 Μαναῖμ,
673 5254 999 5324 πεπόμφασι
1034 5253 1314 5321 χρήματα,
1346 5248 1625 5309 πείθοντες
1662 5246 1801 5298 ἀπο-

218 5346 442 5417 σχέσθαι
480 5346 580 5416 τῆς
627 5349 750 5417 γῆς.
790 5345 1060 5418 Ταύτῃτοι
1104 5342 1327 5406 δικαίως
1356 5343 1391 5412 ή
1429 5339 1550 5392 θεία
1579 5338 1802 5407 γέγονεν

216 5436 415 5509 ἀπειλὴ
439 5436 586 5491 κατὰ
611 5437 715 5507 τῆς
751 5434 1050 5507 βασιλείας,
1091 5432 1192 5503 τῆς
1227 5433 1293 5485 ἐκ
1340 5431 1513 5501 φυλῆς
1559 5425 1802 5498 Ἐφραῖμ

216 5529 591 5601 γεγενημένης
637 5529 731 5581 ἐπὶ
786 5527 876 5581 τὸν
936 5525 1170 5598 Ἰσραήλ.
1233 5542 1251 5575 ι
1281 5520 1394 5576 Νῦν
1444 5521 1554 5591 γὰρ
1600 5519 1801 5582 αὐτοὺς

219 5622 546 5691 εἰσδέξομαι,
580 5638 598 5671 ι
639 5620 822 5690 φησὶν,
867 5618 965 5690 οὐχ
988 5618 1061 5681 ὡς
1095 5617 1296 5688 τρόπον
1325 5614 1544 5685 ἔχοντας
1572 5609 1798 5680 ἀγαθὸν,

1980 4140 2146 4198 Vens.
2172 4141 2263 4199 10.
2294 4139 2349 4194 Ν
2354 4157 2454 4196 unc
2470 4141 2754 4211 suscipiam
2777 4160 2887 4211 eos,
2910 4155 2957 4200 et
2980 4148 3245 4215 quiescent
3265 4163 3479 4218 parum.

1906 4249 1964 4289 ut
1990 4243 2188 4304 ungunt
2217 4249 2389 4303 regem
2412 4242 2463 4289 et
2494 4235 2778 4307 principes.

1973 4323 2108 4379 XCI.
2154 4323 2345 4381 Onmis
2372 4325 2731 4395 improbitatis
2754 4326 2941 4394 Israel,
2980 4336 3041 4383 ut
3064 4328 3239 4385 dicam
3264 4332 3479 4400 paucis,

1905 4428 2071 4470 causa
2106 4414 2345 4479 fuerunt,
2377 4415 2467 4485 qui
2522 4415 2590 4471 de
2648 4416 2791 4472 tribu
2839 4416 3097 4487 Ephraim
3140 4434 3360 4490 regnum
3422 4424 3481 4479 in

1906 4517 2002 4559 eos
2072 4512 2387 4559 tenuerunt.
2447 4503 2662 4561 Primus
2718 4506 2864 4561 enim
2920 4512 3293 4566 exsecrandus
3336 4513 3483 4568 Jero-

1906 4594 2064 4649 boam
2114 4594 2399 4663 apostasia:
2445 4595 2693 4651 inventor
2716 4595 2844 4663 fuit,
2875 4600 3094 4668 quando
3125 4599 3255 4669 ipsis
3305 4602 3482 4657 erexit

1904 4686 2039 4741 duos
2065 4686 2284 4751 vitulos,
2335 4694 2392 4741 et
2450 4690 2662 4742 excelsa
2713 4702 2835 4756 quae
2888 4698 3169 4754 vocantur,
3218 4698 3322 4745 hoc
3373 4699 3476 4757 est,

1904 4777 2098 4846 templa
2127 4778 2180 4833 in
2216 4778 2487 4834 montibus
2527 4787 2583 4834 et
2614 4777 2861 4843 collibus,
2891 4780 3197 4836 constitutis
3225 4784 3482 4838 sacerdo-

1904 4869 2046 4923 tibus
2095 4870 2187 4939 qui
2216 4885 2321 4925 non
2347 4880 2501 4925 erant
2547 4871 2614 4924 de
2646 4869 2788 4929 tribu
2837 4868 2987 4939 Levi,
3023 4873 3118 4928 sed
3156 4874 3247 4942 qui
3293 4875 3474 4945 potius

1912 4980 1931 5012 ι
1968 4962 2258 5032 implerent
2306 4977 2521 5017 manum
2573 4977 2725 5017 suam
2758 4964 2803 4998 "
2830 5003 2848 5028 ,
2894 4983 2913 5015 ι
2961 4971 3019 5019 ιιι
3061 4966 3322 5035 scriptum
3371 4976 3475 5022 est.

1906 5051 2110 5110 Deinde
2147 5062 2266 5123 post
2319 5052 2494 5117 illum,
2559 5067 2680 5107 cum
2727 5053 2937 5125 Assyrii
2992 5064 3474 5125 exspectarentur,

1908 5155 2165 5215 regnante
2197 5143 2463 5208 Manaim,
2495 5144 2757 5201 miserunt
2796 5146 3076 5215 pecunias,
3132 5148 3333 5217 quibus
3379 5162 3476 5203 eos

1908 5253 1937 5291 a
1969 5236 2287 5291 vastitudine
2318 5235 2600 5291 inferenda
2638 5238 2971 5292 abstinerent
2999 5238 3064 5291 ”.
3102 5238 3279 5305 Quare
3310 5238 3477 5294 meri-

1906 5343 1960 5387 to
1990 5331 2149 5387 minae
2197 5339 2385 5385 contra
2435 5343 2681 5399 regnum,
2711 5343 2778 5383 ex
2814 5328 2954 5382 tribu
3012 5326 3267 5397 Ephraim
3312 5342 3478 5396 super

1905 5421 2067 5478 Israel
2098 5420 2399 5477 institutum
2432 5418 2691 5475 divinitus
2744 5419 3019 5474 intentata:
3078 5426 3225 5472 sunt.
3265 5434 3285 5469 ι
3325 5416 3480 5471 Nunc

1903 5514 2047 5570 enim
2082 5528 2177 5569 eos
2207 5513 2498 5583 suscipiam
2522 5550 2539 5578 ,
2563 5530 2583 5565 ι
2616 5511 2809 5582 inquit,
2840 5526 2945 5566 non
2968 5511 3178 5565 utbene
3216 5520 3476 5573 moratos,

1904 5620 2079 5675 neque
2119 5605 2459 5676 ut0ptimam
2511 5603 2724 5659 vivendi
2757 5603 2898 5658 viam
2958 5604 3250 5670 ingressos,
3303 5612 3478 5670 neque

292 5804 337 5837 "
368 5801 478 5859 Jer.
524 5818 657 5870 mi,
690 5802 889 5858 28-50.
969 5801 1011 5832 ²⁶
1049 5798 1112 5854 lll
1146 5798 1277 5868 Reg.
1317 5811 1435 5862 χιιι,
1469 5796 1555 5851 53.
1643 5795 1686 5827 '°
1716 5790 1782 5848 Ν
1817 5789 1949 5861 Reg.
1992 5803 2080 5851 xv,
2117 5786 2203 5841 19.
