4068 6558
615 401 719 455 207

1651 396 1707 449 S.
1753 394 2021 450 CYRII.”
2063 392 2531 449 ALEXANDIUNI
2569 393 2890 450 ARCHIEP.

3762 395 3859 449 208

617 515 862 584 legalium
929 512 1294 566 institutorum
1331 510 1573 578 cupidos,
1609 511 1700 566 sed
1749 520 1806 565 ut
1839 520 2114 566 corrector
2147 528 2174 563 c

2302 510 2421 562 οὐδὲ
2459 508 2533 570 ὡς
2563 509 2761 578 ἄριστα
2792 507 2937 578 βιοῦν
2965 508 3271 579 ἑλομένους,
3317 509 3442 562 οὔτε
3479 508 3587 577 μὴν
3620 509 3763 560 κατὰ
3789 509 3869 562 τὶν

614 617 801 674 ρωπος
827 601 1070 671 exigens,
1101 608 1155 654 et
1182 598 1288 666 jam
1335 597 1398 650 ad
1429 598 1692 667 judicium
1729 614 1947 654 vocans.
1977 599 2194 668 Suppli-

613 697 696 747 cia
730 693 894 754 enim,
951 705 1074 759 qua:
1109 690 1280 743 iratus
1349 689 1692 753 inveherent,
1724 691 1998 760 praeterito
2057 700 2194 742 tem-

615 797 744 853 pore
796 797 864 837 ex
914 780 1331 836 mansuetudine
1381 780 1585 834 distuli.
1652 779 1759 834 Sed
1793 796 1934 834 nunc
1969 798 1987 831 ι
2021 780 2194 834 susci-

609 877 751 944 piam
783 889 897 940 eos,
942 891 961 925 ι
993 873 1185 944 inquit,
1217 881 1276 926 ut
1311 873 1570 926 malorum
1611 872 1940 940 experientia
1985 872 2196 926 discant

609 967 826 1020 tandem
869 979 928 1019 se
983 965 1082 1018 sub
1137 963 1387 1030 Domino,
1426 978 1523 1016 nec
1561 972 1710 1015 extra
1755 977 1972 1015 manum
2021 975 2193 1015 meam

615 1074 759 1115 esse.
818 1056 932 1112 Non
973 1065 1151 1111 autem
1187 1071 1377 1126 poenas
1412 1056 1625 1109 diutius
1657 1055 1880 1108 dilatum
1908 1054 1993 1119 iri,
2047 1063 2195 1108 certo

624 1160 875 1216 testatur,
904 1150 1104 1204 utendo
1131 1149 1394 1217 particula
1446 1163 1606 1202 nunc.
1653 1146 1900 1216 Suscepti
1945 1146 2109 1216 igitur
2139 1155 2196 1198 nt

612 1241 998 1310 corripiantur.
1033 1241 1286 1309 deinceps
1317 1255 1520 1306 ungere
1578 1253 1762 1309 regem
1816 1249 1869 1294 et
1919 1237 2191 1307 principes

624 1334 908 1388 desistent.
943 1330 1184 1399 Assyriis
1237 1343 1474 1398 namque
1503 1339 1557 1384 et
1588 1328 1755 1383 Medis
1789 1327 2194 1389 servientes,ad

610 1440 770 1493 opera
808 1423 1089 1492 apostasice
1137 1419 1526 1488 frequentanda
1579 1421 1721 1487 quod
1787 1419 2001 1472 tandem
2026 1419 2194 1472 otium

610 1517 894 1578 haberent,
925 1512 1080 1581 123
1116 1511 1471 1564 lamentantes
1513 1509 1812 1570 assidue,et
1856 1509 2195 1578 inexspecta-

611 1614 715 1656 tam
784 1603 1148 1657 calamitatem
1211 1599 1590 1666 deplorantes?
1651 1597 1940 1652 Sciendum
1993 1607 2192 1666 autem,

611 1703 898 1763 postquam
962 1691 1136 1762 Cyrus
1209 1690 1492 1759 Cambysae
1556 1690 1697 1744 ﬁlius
1747 1689 1998 1744 Israelem
2058 1690 2194 1742 libe-

608 1801 726 1838 rum
751 1785 979 1849 dimisit,
1004 1799 1107 1837 non
1140 1783 1303 1837 fuisse
1333 1791 1525 1836 unctos
1559 1781 1612 1834 in
1655 1781 1899 1835 Samaria
1946 1781 2012 1834 de
2048 1778 2188 1832 tribu

2298 601 2460 670 νόμον
2495 599 2769 661 πολιτείας
2798 599 3137 668 ἐφιεμένους,
3171 600 3288 654 ἀλλ’
3326 599 3404 662 ὡς
3434 599 3753 669 παιδευτὴς,
3786 603 3870 654 καὶ

2295 691 2448 752 δίκας
2477 688 2661 750 αἰτῶν,
2700 689 2793 742 καὶ
2824 689 2927 741 ὑπὸ
2956 689 3132 760 κρίσιν
3162 690 3262 759 ἤδη
3291 688 3494 742 καλῶν.
3524 689 3759 759 Παρῆκα
3785 691 3870 758 μὲν

2296 780 2404 851 γὰρ
2429 781 2487 846 ἐξ
2514 780 2852 852 ἡμερότητος
2877 780 2958 842 εἰς
2997 779 3288 850 ὑπέρθεσιν
3316 779 3383 832 τὰ
3415 779 3482 831 ὲκ
3514 778 3670 840 θείας
3689 778 3864 845 ὀργῆς.

2297 871 2438 924 κατά
2455 871 2546 925 τὸν
2573 872 2674 942 ἤδη
2704 873 3072 942 παρῳχηκότα
3100 871 3310 941 καιρόν.
3342 870 3504 922 Ἀλλὰ
3537 868 3666 920 «νῦν
3690 869 3870 934 αὐτοὺς

2297 962 2625 1032 εἰσδέξομαι,
2652 981 2671 1013 ι
2711 965 2895 1032 φησὶν,
2949 963 3036 1016 ἵνα
3081 965 3145 1033 τῇ
3176 961 3284 1014 τῶν
3319 961 3510 1014 δεινῶν
3542 961 3716 1030 πείρᾳ
3749 978 3868 1030 μαν-

2297 1052 2500 1107 θάνωσι
2537 1052 2708 1122 μόλις,
2744 1053 2824 1105 ὅτι
2874 1052 2970 1105 καὶ
3018 1051 3122 1104 ὑπὸ
3168 1051 3438 1118 δεσπότην
3476 1050 3606 1112 εἰσὶ,
3657 1050 3748 1101 καὶ
3783 1049 3868 1118 τῆς

2298 1145 2440 1214 ἐμῆς
2467 1144 2568 1196 οὐκ
2605 1143 2709 1210 ἔξω
2746 1144 2947 1214 χειρός.
2985 1143 3106 1195 Ὀτι
3137 1141 3216 1203 δὲ,
3250 1143 3351 1194 οὐκ
3384 1142 3465 1203 εἰς
3487 1140 3786 1207 ἀνάϐλησιν
3809 1142 3868 1192 τὰ

2296 1235 2356 1299 ἐξ
2396 1235 2589 1305 ὀργῆς,
2616 1235 2695 1287 ἔτι
2732 1234 3215 1305 πεπληροφόρηκε,
3247 1233 3420 1300 λέγων
3467 1232 3550 1294 τὸ,
3593 1231 3712 1282 νῦν.
3759 1231 3867 1283 Εἰσ-

2295 1324 2571 1394 δεχθέντες
2624 1324 2688 1394 δὴ
2747 1319 2839 1377 οὖν
2895 1325 2982 1376 ἵνα
3047 1323 3426 1386 παιδεύωνται,
3504 1320 3865 1374 πεπαύσονται

2295 1415 2479 1468 λοιπὸν
2505 1416 2598 1469 τοῦ
2622 1417 2796 1486 χρίειν
2822 1415 3048 1484 βασιλέα
3077 1415 3171 1468 καὶ
3214 1415 3501 1483 ἄρχοντας.
3526 1410 3866 1472 Δουλεύοντες

2295 1508 2404 1575 γὰρ
2445 1508 2748 1577 Ἀσσυρίοις
2776 1509 2872 1560 καὶ
2900 1508 3122 1577 Μήδοις,
3150 1506 3308 1559 ποίαν
3331 1505 3441 1575 γάρ
3472 1503 3634 1573 ἔσχον
3687 1503 3863 1572 σχολὴν

2293 1599 2363 1651 τὰ
2386 1599 2484 1668 τῆς
2513 1598 2850 1661 ἁποστασίας
2879 1597 3016 1668 ἔργα
3043 1597 3307 1667 πληροῦν,
3333 1597 3451 1664 οἵγε
3480 1596 3578 1648 καὶ
3606 1593 3865 1661 κατοιμώ-

2294 1689 2480 1755 ζοντες
2546 1691 2844 1755 διετέλουν,
2895 1691 2989 1744 καὶ
3037 1690 3136 1760 τὴν
3191 1689 3454 1758 ἀδόκητον
3509 1685 3864 1753 κατεθρήνουν

2298 1783 2622 1850 συμφοράν;
2680 1781 2875 1834 Ἰστέον
2920 1781 2975 1832 δὲ
3005 1781 3109 1844 ὅτι,
3144 1778 3283 1848 μετὰ
3347 1778 3408 1830 τὸ
3446 1779 3666 1830 ἀνεῖναι
3702 1775 3863 1844 Κῦρον

611 1875 893 1944 Ephraim,
931 1874 1024 1927 sed
1051 1887 1247 1928 censos
1298 1874 1364 1926 ab
1395 1885 1502 1925 uno
1541 1871 1670 1942 jugo
1699 1887 1907 1934 omnes,
1942 1869 2180 1925 Hieroso-

2294 1872 2389 1924 τοῦ
2441 1871 2740 1941 Καμϐύσου
2794 1871 2892 1939 τῆς
2946 1869 3322 1940 αἰχμαλωσίας
3372 1869 3466 1922 τὸν
3521 1867 3759 1936 Ἰσραὴλ,
3809 1866 3861 1917 οὗ

607 1967 768 2035 lymis
798 1967 864 2020 de
899 1964 1038 2019 tribu
1082 1962 1217 2018 Juda
1265 1964 1634 2032 regnantibus.
1686 1963 1802 2018 Non
1862 1963 2005 2017 enim
2051 1962 2193 2018 ultra.

603 2055 819 2108 divisim
874 2053 1211 2116 habitabant,
1253 2055 1344 2107 sed
1376 2052 1768 2123 Hierosolymis
1812 2053 2070 2107 universi.
2105 2051 2188 2106 ln-

601 2145 729 2213 cipit
763 2155 941 2199 autem
974 2145 1182 2212 primus
1213 2154 1336 2212 post
1363 2145 1734 2213 captivitatem
1764 2152 1948 2197 tenere
1967 2153 2178 2196 utrum-

602 2244 710 2298 que
741 2245 982 2298 regnum,
1031 2229 1220 2296 Israel,
1252 2237 1493 2299 Inquam,
1522 2241 1573 2285 el
1606 2230 1769 2297 luda,
1794 2232 1908 2286 sive
1940 2231 2176 2285 omnium

599 2321 884 2375 duodecim
947 2321 1208 2385 tribuum,
1268 2322 1569 2378 Zorobabel
1626 2323 1772 2378 filius
1827 2323 2088 2378 Salathiel
2124 2323 2191 2377 de

2304 1960 2614 2030 (εχρίκασιν
2661 1962 2720 2013 ὲν
2770 1961 3055 2030 Σαμαρείᾳ
3101 1960 3228 2023 τοὺς
3268 1960 3332 2011 ὲκ
3378 1957 3559 2026 φυλῆς
3619 1955 3857 2025 Ἑφραῒμ,

2289 2050 2403 2103 ἀλλ’
2433 2051 2520 2118 ὑφ’
2544 2050 2639 2102 ἕνα
2671 2050 2869 2112 πάντες
2893 2051 3148 2118 γεγόνασι
3175 2050 3362 2117 ζυγὸν,
3397 2047 3784 2117 βασιλευόντων
3808 2047 3856 2098 ἐν

2297 2141 2690 2211 Ἰεροσολύμοις
2719 2142 2824 2194 τῶν
2847 2144 2904 2207 ἐξ
2939 2141 3107 2194 Ἰούδα
3135 2141 3328 2210 φυλῆς.
3359 2140 3740 2209 Κατῳκήκασι
3767 2137 3858 2205 γὰρ

2283 2232 2469 2284 οὐκέτι
2545 2232 2909 2304 διῃρημένως,
2995 2233 3109 2286 ἀλλ’
3164 2235 3222 2286 ὲν
3295 2235 3408 2294 τοῖς
3482 2229 3857 2302 Ἱεροσολύμοις

2295 2323 2552 2386 ἅπαντες.
2584 2324 2844 2392 Ἀρχεται
2867 2323 2922 2375 δὲ
2964 2323 3176 2394 πρῶτος
3215 2323 3354 2393 μετὰ
3398 2324 3527 2385 τοὺς
3562 2321 3665 2390 τῆς
3713 2321 3856 2388 αἰχμ-

603 2412 740 2464 tribu
791 2410 928 2465 Juda
956 2412 1020 2472 ³³,
1054 2411 1180 2465 Jesu
1214 2413 1324 2467 ﬁlio
1367 2411 1593 2469 Josedec
1670 2414 1915 2482 principe
1981 2413 2180 2484 ordiniE

2293 2415 2533 2477 αλωσίας
2563 2415 2785 2484 καιροὺς
2811 2413 2910 2483 τῆς
2941 2415 3028 2468 ἐπ’
3061 2417 3266 2485 ἀμφοῖν
3310 2414 3621 2485 βασιλείας,
3652 2412 3785 2481 φημὶ
3804 2409 3856 2478 δὴ

600 2499 841 2565 Levitici,
876 2511 930 2557 et
971 2505 1168 2558 summi
1210 2504 1496 2560 sacerdotii
1548 2504 1915 2559 ministerium
1959 2505 2189 2558 admini-

604 2601 834 2646 strante.

2292 2506 2390 2558 τοῦ
2429 2524 2489 2558 τε
2530 2506 2745 2577 Ἰσραὴλ
2796 2506 2890 2558 καὶ
2931 2507 3026 2559 τοῦ
3067 2507 3260 2570 Ἰούδα,
3312 2507 3432 2575 ἦτοι
3483 2504 3681 2557 πασῶν
3706 2500 3856 2562 ἀπαξ-

2291 2593 2476 2656 απλῶς
2502 2594 2609 2646 τῶν
2633 2594 2953 2647 δυοκαίδεκα
2988 2594 3170 2663 φυλῶν
3199 2595 3507 2666 Ζοροϐάϐελ
3539 2596 3570 2646 ὁ
3600 2592 3692 2646 τοῦ
3707 2592 3855 2644 Σαλα.

601 2685 728 2754 θιὴλ
752 2687 816 2740 ὲκ
845 2686 1017 2756 φυλῆς
1061 2685 1250 2751 Ἰούδα,
1284 2685 1395 2740 τῶν
1466 2687 1773 2741 Λευιτῖκῶν
1843 2686 2254 2756 καθηγουμένου
2290 2687 2608 2757 ταγμάτων,
2663 2688 2758 2740 καὶ
2810 2692 2909 2757 τὴν
2958 2688 3060 2757 τῆς
3119 2688 3541 2759 ἀρχιερωσύνης
3599 2686 3854 2738 διέποντος

597 2781 944 2852 λειτουργίαν
1005 2780 1180 2850 Ἰησοῦ
1229 2781 1326 2834 τοῦ
1386 2782 1653 2848 Ἰωσεδὲκ,
1704 2781 1798 2835 τοῦ
1849 2781 2040 2851 ἱερέως
2090 2781 2184 2834 τοῦ
2222 2781 2481 2850 μεγάλου.

671 2871 837 2927 Vens.
871 2873 960 2937 Η,
998 2873 1086 2926 12.
1118 2873 1260 2937 Quia
1292 2874 1662 2942 multiplicauit
1708 2874 1960 2944 Ephraim
1992 2875 2184 2928 altaria

597 2967 650 3018 in
675 2965 1068 3035 peccata.farta
1100 2972 1220 3017 sunt
1248 2965 1294 3017 ei
1321 2967 1517 3017 altaria
1547 2966 1760 3019 dilecta.
1788 2965 2098 3020 Describam
2137 2983 2185 3035 ε,

595 3031 1006 3119 multitudinem,
1048 3067 1094 3112 et
1120 3057 1353 3126 legitima
1383 3073 1596 3114 earum.
1616 3056 1681 3112 In
1717 3057 1904 3114 aliena’
1926 3031 2184 3128 reputata!

595 3161 717 3204 sunt
747 3153 793 3203 ei
818 3149 1016 3202 altaria
1045 3150 1258 3203 dilecta.

665 3324 821 3380 XCII.
852 3325 1086 3380 Causam
1118 3324 1346 3394 profert,
1385 3335 1606 3394 propter
1644 3341 1806 3396 quam
1853 3326 1998 3396 juste
2023 3339 2177 3395 pote-

594 3425 706 3470 stas
724 3416 870 3486 regia
897 3413 1118 3469 tollatur
1141 3415 1192 3468 in
1216 3416 1701 3486 posterum.Longe
1721 3418 1949 3487 plurima
1976 3419 2175 3488 quippe

592 3506 785 3560 altaria
811 3506 865 3559 in
890 3511 1245 3574 peccata,seu
1271 3504 1338 3558 ad
1371 3507 1704 3574 peccandum
1737 3509 1867 3562 fecit
1896 3509 2172 3578 Ephraim.

594 3596 858 3666 Tangitur
889 3596 1040 3664 prior
1065 3595 1375 3663 Jeroboam,
1406 3596 1499 3666 qui
1533 3599 1598 3652 de
1627 3599 1765 3653 tribu
1799 3600 2051 3668 Ephraim
2081 3615 2176 3653 na-

594 3697 682 3741 tus
705 3687 971 3757 regnavit,
1007 3695 1064 3741 et
1100 3687 1191 3756 qui
1222 3702 1347 3742 eum
1378 3689 1570 3743 ordine
1600 3699 1950 3758 exceperunt,
1974 3691 2174 3758 quique

594 3779 649 3831 in
684 3777 834 3831 omni
877 3785 1061 3830 monte
1085 3784 1138 3828 et
1166 3775 1306 3831 colle
1337 3791 1464 3831 aras
1497 3777 1830 3834 daemonibus
1856 3788 2172 3843 erexerunt,

593 3879 648 3921 et
701 3867 974 3923 lsraelitas
1004 3866 1071 3920 ad
1125 3867 1542 3922 sacriﬁcandum
1585 3868 1936 3926 induxerunt.
1970 3871 2176 3926 Deinde

595 3973 716 4012 cum
731 3972 892 4025 super
907 3958 1043 4012 adeo
1066 3959 1298 4014 infandis
1325 3959 1654 4015 facinoribus
1684 3961 1865 4016 dolere
1893 3961 2173 4026 deberent,

600 4068 616 4100 ι
640 4048 1070 4118 multiplicarunt
1108 4050 1252 4104 enim
1283 4051 1475 4104 altaria
1511 4051 1564 4105 in
1603 4063 1877 4121 peccata,»
1906 4051 2173 4116 fecerunt,

597 4141 792 4210 inquit,
811 4140 974 4195 etiam
998 4160 1016 4192 ι
1045 4141 1236 4196 dilecta
1304 4150 1358 4197 et
1391 4143 1611 4212 insuper
1637 4143 1689 4196 in
1716 4143 1889 4198 aliena
1925 4155 2174 4214 reputata

595 4238 723 4285 sunt
741 4228 834 4295 dli,
849 4248 870 4282 ι
897 4229 1083 4298 utique
1103 4230 1407 4299 Ephraim,c
1422 4231 1610 4286 altaria
1637 4233 1852 4287 dilecta.
1867 4233 2177 4303 rSignilicat

593 4318 754 4388 plane
785 4318 836 4372 in
868 4319 1035 4373 veteri
1056 4319 1421 4386 tabernaculo,
1449 4322 1562 4375 sive
1590 4321 1980 4393 Hierosolymis
2015 4324 2065 4377 in
2096 4325 2176 4377 di-

592 4411 719 4464 vino
737 4408 932 4478 templo
961 4409 1152 4478 posita.
1178 4409 1345 4463 Erant
1369 4421 1550 4465 autem
1578 4411 1704 4476 duo,
1733 4427 1896 4466 unum
1931 4413 2174 4466 victima-

594 4516 714 4555 rum
764 4501 816 4555 in
862 4501 1040 4570 primo
1091 4516 1184 4556 seu
1225 4505 1498 4558 exteriore
1541 4503 1914 4570 tabernaculo,
1945 4505 2173 4560 alterum

595 4590 960 4662 thymiamatis
986 4603 1230 4656 aureum,
1257 4592 1311 4645 in
1342 4592 1584 4652 secundo
1609 4601 1663 4646 et
1692 4594 1886 4648 intimo
1920 4594 2170 4649 taberna-

593 4682 715 4737 culo
733 4681 799 4735 ".
831 4679 994 4734 Multa
1033 4681 1196 4750 igitur
1226 4695 1412 4751 regum
1440 4683 1904 4750 Ephraimitarum
1928 4685 2167 4739 scelera:

592 4774 828 4841 primum
859 4771 1099 4840 quidem,
1131 4772 1255 4840 quia
1281 4773 1712 4842 multiplicarunt
1740 4773 1928 4828 altaria
1963 4775 2018 4828 in
2051 4790 2171 4843 pec-

595 4873 752 4920 rata;
780 4870 990 4929 postea,
1017 4862 1140 4929 quia
1172 4871 1228 4916 et
1265 4861 1458 4915 dilecta
1491 4861 1761 4928 fecerunt,
1796 4861 1866 4917 ob
1913 4879 2032 4930 quae
2053 4865 2174 4932 jure

593 4951 882 5004 lamentari
911 4961 966 5004 et
1000 4951 1184 5022 lugere
1223 4953 1552 5017 debuissent,
1587 4963 1644 5006 ut
1673 4955 1767 5024 qui
1802 4953 1970 5009 Deum
2002 4954 2174 5009 otl‘en-

595 5044 833 5107 dissent;
886 5052 942 5098 et
981 5044 1124 5111 quod
1169 5044 1343 5112 majus
1382 5053 1487 5109 est,
1522 5054 1580 5097 ut
1623 5047 1713 5114 qui
1767 5046 1819 5099 in
1864 5047 2170 5100 vecordiam

596 5134 878 5199 abiissent,
924 5135 1206 5203 alienaque
1243 5136 1521 5190 duxissent
1571 5137 1765 5190 dilecta
1793 5136 2008 5199 altaria,
2053 5153 2173 5206 quae

597 5226 733 5280 adeo
755 5224 984 5295 diligere
1027 5235 1080 5279 et
1103 5227 1250 5279 omni
1281 5227 1581 5281 reverentia
1602 5227 1852 5294 prosequi
1883 5229 2170 5282 convenie-

596 5317 706 5370 bat.
739 5316 1083 5385 lnterjectum
1118 5327 1200 5370 est
1239 5326 1456 5371 autem:
1489 5336 1506 5369 ι
1533 5317 1866 5381 Describam,
1917 5333 2009 5371 seu
2039 5335 2174 5373 eun-

596 5407 828 5462 scribam
862 5408 912 5460 ei
942 5406 1339 5461 multitudinem
1363 5419 1417 5460 et
1444 5409 1679 5476 legitima
1713 5409 1847 5474 ejus.
1871 5428 1890 5462 ι
1926 5409 2166 5475 Quonam

595 5499 804 5554 sensu?
835 5498 996 5570 124
1025 5497 1414 5552 Multitudinem
1456 5500 1598 5552 enim
1651 5499 1901 5554 altarium
1923 5541 1937 5564 ,
1971 5503 2164 5571 inquit,

597 5589 652 5643 iu
693 5601 914 5660 peccata
945 5593 1013 5645 ab
1058 5591 1194 5660 ipsis
1227 5598 1682 5646 constructorum.
1719 5602 1772 5647 et
1802 5594 2038 5665 legitima
2082 5610 2168 5651 eo-

669 5759 714 5792 “
746 5757 944 5816 [ΕΜΓ.
977 5775 1055 5821 Ill.
1090 5759 1144 5814 8.
1220 5762 1262 5791 "
1305 5761 1471 5815 Exod.
1515 5778 1603 5824 XL,
1632 5763 1721 5818 27.

2358 2877 2487 2928 Ὅτι
2562 2874 2906 2941 ἐπλήθυνεν
2986 2875 3238 2945 Ἑφραῒμ
3301 2872 3708 2939 θυσιαστήρια
3779 2872 3853 2933 εἰς

2285 2967 2595 3034 ἁμαρτίας,
2646 2967 2924 3034 ἐγένοντο
2971 2967 3132 3031 αὐτῷ
3181 2965 3592 3032 θυσιαστήρια
3644 2964 3851 3030 ἠγαπη-

2281 3057 2455 3124 μένοι.
2488 3057 2858 3126 Καταγράψω
2907 3057 3068 3122 αὐτῷ
3098 3058 3354 3126 πλῆθος,
3411 3056 3512 3109 καὶ
3545 3056 3618 3108 τὰ
3656 3055 3850 3121 νόμιμα

2205 3140 2247 3199 C
2282 3145 2500 3200 αὐτῶν.
2552 3149 2654 3210 Εἰς
2682 3149 2968 3215 ἀλλότρια
3001 3149 3416 3218 ἐλογίσθησαν
3449 3145 3616 3208 αὐτῷ
3663 3146 3850 3197 θυσια-

2277 3237 2497 3306 στήρια
2527 3237 2599 3290 τὰ
2621 3238 2996 3306 ἠγαπημένοι.

2345 3330 2460 3396 ιιΒν.
2518 3330 2818 3398 Ἐξηγεῖται
2871 3327 2969 3398 τὴν
3013 3327 3216 3394 αἰτίαν,
3268 3326 3334 3382 δι’
3381 3326 3447 3397 ἣν
3496 3325 3722 3387 εἰκότως
3753 3323 3847 3382 τοῖς

2277 3419 2618 3489 βασιλεύουσι
2659 3421 2720 3472 τὸ
2768 3421 3158 3473 ἀποπεσείσθαι
3189 3421 3287 3490 τῆς
3312 3420 3488 3490 ἀρχῆς
3522 3419 3654 3480 δεῖν,
3681 3414 3846 3483 ὲπιςιέ⁴

2279 3527 2358 3580 ρει
2381 3511 2583 3563 λοιπόν.
2612 3510 2842 3562 Πλεῖστα
2867 3510 2965 3580 μὲν
2995 3511 3104 3580 γὰρ
3131 3511 3231 3563 ὅσα
3265 3511 3658 3579 θυσιαστήρια,
3689 3507 3752 3558 τὰ
3781 3507 3848 3565 εἰς

2275 3602 2552 3672 ἁμαρτίας
2575 3600 2871 3670 πεποίηται
2902 3600 2980 3671 τῷ
3015 3602 3276 3670 Ἑφραΐμ.
3314 3603 3516 3652 Ἀπτει
3556 3600 3614 3651 δὲ
3651 3601 3678 3650 ὁ
3711 3597 3843 3662 λόγος

2275 3693 2370 3745 καὶ
2392 3692 2483 3745 ἐπὶ
2511 3692 2602 3747 τὸν
2627 3693 2840 3761 πρῶτον
2877 3693 3184 3763 Ἱεροϐοάμ,
3217 3693 3307 3746 τὸν
3334 3695 3398 3745 ὲκ
3425 3691 3607 3760 φυλῆς
3623 3687 3844 3757 Ἐφραῖμ

2278 3779 2691 3850 βασιλεύσαντα,
2725 3781 2819 3834 καὶ
2850 3785 2969 3852 μετ’
3002 3785 3211 3836 ἐκεῖνον
3247 3785 3329 3845 εἰς
3366 3783 3495 3846 τοὺς
3548 3781 3758 3850 ἐφεξῆς,
3800 3777 3842 3828 οἳ

2276 3873 2336 3924 ὲν
2363 3872 2479 3943 ὄρει
2501 3873 2663 3924 παντὶ
2685 3874 2777 3926 καὶ
2812 3871 2984 3943 βουνῷ
3017 3873 3236 3943 βωμοὺς
3268 3873 3591 3934 ἀνιστάντες
3617 3873 3724 3932 τοῖς
3743 3867 3841 3920 δαί-

2279 3979 2424 4031 μοσι,
2458 3963 2604 4015 θύειν
2637 3963 2851 4016 ἔπειθον
2879 3964 3006 4025 τοὺς
3031 3964 3088 4030 ἐξ
3140 3965 3374 4034 Ἰσραήλ.
3407 3959 3547 4016 Εἶτα
3582 3959 3841 4015 λυπεῖσθαι

2275 4048 2391 4100 δέον
2417 4050 2506 4101 ἐπὶ
2532 4052 2644 4112 τοῖς
2664 4050 2832 4114 οὕτως
2855 4051 3104 4114 ὲκτόποις
3124 4053 3581 4123 ἐπιχειρήμασιν,
3618 4072 3635 4103 ι
3667 4049 3840 4116 Ἐπλή-

2277 4138 2440 4192 θυναν
2462 4139 2571 4208 γὰρ
2594 4139 2954 4212 θυσιαστήρια
2975 4143 3044 4195 τὰ
3065 4144 3144 4206 είς
3162 4143 3458 4213 ἁμαρτίας,
3476 4163 3494 4195 ι
3520 4143 3836 4214 smmum.

2275 4230 2462 4300 φησιν,
2500 4231 2636 4283 αὺτά
2669 4233 2763 4284 καὶ
2803 4252 2821 4284 ι
2861 4233 3242 4303 Ἠγαπημένα,
3278 4236 3372 4287 καὶ
3394 4235 3624 4304 προσέτι
3656 4230 3839 4289 τούτοις

2276 4323 2356 4384 εἰς
2406 4321 2662 4391 ἀλλότρια
2708 4323 3067 4394 ἐλογίσθησαν
3095 4325 3244 4394 αὐτῷ
3274 4344 3292 4376 ι
3347 4325 3542 4396 (δῆλον
3572 4325 3628 4378 δὲ
3657 4324 3732 4376 ὅτι
3780 4317 3838 4385 τῷ

2290 4410 2572 4482 Ἐφραῗμ)
2629 4411 2993 4482 θυσιαστήρια
3053 4413 3121 4466 τὰ
3176 4415 3537 4483 ἡγαπημένα.
3596 4411 3746 4481 Δηλοί
3791 4405 3837 4456 δὲ

2281 4501 2500 4563 πάντως
2527 4500 2592 4554 τὰ
2618 4503 2674 4554 ὲν
2704 4504 2769 4572 τῇ
2803 4502 3008 4574 ἀρχαίᾳ
3033 4507 3228 4574 σκηνῇ,
3257 4504 3429 4573 ῆγουν
3456 4505 3518 4557 ὲν
3544 4505 3657 4564 τοῖς
3698 4501 3836 4567 Ἰερο-

2283 4592 2557 4662 σολύμοις,
2613 4592 2670 4645 ὲν
2712 4591 2790 4661 τῷ
2829 4591 2957 4662 Θείῳ
2997 4593 3225 4664 κείμενα
3275 4593 3410 4663 ναῷ.
3466 4594 3574 4646 Δύο
3631 4591 3682 4643 δὲ
3719 4585 3834 4657 ἦσαν

2281 4685 2459 4747 ταυτὶ,
2480 4685 2540 4736 τὸ
2564 4683 2660 4753 μὲν
2685 4684 2792 4736 τῶν
2826 4685 3235 4754 καρπωμάτων,
3271 4685 3332 4736 ἐν
3355 4687 3424 4755 τῇ
3452 4684 3644 4754 πρώτῃ
3666 4680 3832 4748 σκηνῇ.

2277 4777 2338 4829 τὸ
2369 4776 2425 4828 δὲ
2461 4775 2648 4845 ἕτερον
2677 4775 2773 4828 τοῦ
2805 4776 3149 4846 θυμιάματος
3173 4777 3232 4829 τὸ
3258 4775 3522 4846 χρυσοῦν,
3555 4777 3611 4826 ὲν
3638 4776 3700 4842 τῇ
3734 4770 3833 4821 δευ-

2273 4868 2428 4938 τέρᾳ,
2459 4869 2553 4920 καὶ
2574 4867 2847 4922 ἐσωτάτω.
2870 4865 3050 4920 Πολλά
3075 4866 3368 4937 τοιγαροῦν
3396 4868 3508 4919 τῶν
3541 4864 3598 4930 ἐξ
3627 4858 3834 4931 Ἐφραῖμ

2275 4959 2736 5028 βεϐασιλευκότων
2798 4958 2868 5011 τὰ
2922 4958 3264 5029 ἐγκλήματα·
3321 4957 3547 5028 πρῶτον
3613 4954 3707 5024 μὲν
3763 4950 3830 5002 δτι

2272 5050 2578 5120 ὲπλήθυναν
2621 5051 2981 5121 θυσιαστήρια
3017 5053 3096 5114 εἰς
3128 5051 3442 5120 ἁμαρτίας⁹
3491 5045 3610 5101 εἷτα
3645 5047 3718 5098 ὅτι
3755 5039 3830 5093 καὶ

2269 5141 2603 5212 ἠγαπημένα
2645 5142 2988 5212 πεποίηνται,
3023 5142 3111 5206 τὰ,
3142 5142 3230 5210 ἐφ’
3268 5135 3352 5204 οἷς
3375 5137 3444 5212 ἧν
3479 5139 3625 5200 εἰκὸς
3661 5131 3827 5200 ὀλοφύ-

2277 5231 2466 5302 ρεσθαι
2497 5233 2589 5285 καὶ⁵
2627 5231 2863 5301 θρηνεῖν,
2914 5233 2989 5293 ὡς
3032 5230 3556 5302 προσκεκρουκότας
3590 5246 3602 5258 ·
3655 5223 3740 5278 καὶ
3780 5217 3828 5270 τὸ

2275 5323 2356 5376 ἔτι
2390 5323 2596 5388 μεῖζον,
2629 5323 2704 5385 ὼς
2729 5323 3149 5386 ἀπονενευκότες
3172 5324 3252 5384 εἰς
3279 5323 3563 5383 ἀπόνοιαν,
3603 5315 3826 5381 ἀλλότρια

2277 5413 2598 5483 πεποίηνται
2646 5413 2716 5466 τὰ
2769 5415 3102 5484 ὴγαπημένα
3135 5413 3542 5484 θυσιαστήρια,
3598 5409 3632 5462 ἅ
3684 5402 3824 5473 ἰχρῆν

2273 5503 2448 5566 οὕτως
2481 5505 2702 5574 ἀγαπᾷν
2746 5505 2840 5556 καὶ
2883 5506 2942 5557 ὲν
2981 5506 3142 5559 παντὶ
3185 5503 3460 5557 ποιεῖσθαι
3499 5497 3821 5568 λογιμῐῐροσ·

2273 5596 2498 5665 έῤῥιπτε
2531 5593 2589 5647 δὲ
2614 5593 2701 5648 διὰ
2738 5595 2926 5664 μέσου,
2957 5596 3017 5649 τό
3043 5614 3054 5627 ³
3095 5616 3111 5646 ι
3149 5595 3512 5664 Καταγράψω
3539 5585 3678 5656 αὐτῷ
3708 5579 3820 5647 πλῆ²
