4068 6566
603 401 700 455 2H

1633 408 1689 464 S.
1734 408 2006 467 CYRILLI
2041 411 2510 476 ALEXANDRINI
2556 420 2870 484 ARCHIEP.

3762 438 3872 495 212

605 518 921 588 iniquitates
980 533 1189 579 eorum.
1246 524 1313 579 Et
1364 523 1680 596 incipiebat,
1733 531 1877 599 quod
1938 531 2179 588 futurum

2294 537 2482 592 αὐτῶν.
2508 541 2618 595 Καὶ
2647 537 2715 612 ἦν
2739 543 2798 596 ἐν
2832 544 3029 615 ἀρχαῖς
3058 544 3119 598 τὸ
3145 545 3519 618 συμϐήσεσθαι
3555 554 3870 623 προσδοκώ-

603 611 1062 680 exspectabatur,
1122 623 1365 671 terrente
1415 615 1529 685 jam
1582 617 1835 675 Israelem
1891 622 2070 690 bello,
2127 634 2180 679 et

605 703 775 757 ferme
803 704 915 773 jam
947 706 1283 775 provinciam
1318 708 1629 765 invadente.
1670 711 1874 769 Deinde
1907 730 2029 769 cum
2055 731 2175 786 snp-

606 794 853 863 plicando
883 805 940 851 et
984 798 1355 868 resipiscendo
1401 800 1570 855 Deum
1615 802 1867 874 mitigare
1896 805 2177 871 deberent,

605 887 869 957 aliterque
903 890 971 944 ad
1011 889 1126 959 ejus
1165 891 1559 962 beneplacitum
1590 895 1818 959 erudiri,
1861 905 1916 951 et
1956 912 2181 953 conver-

568 976 571 977 ⁷
608 980 760 1033 sione
805 980 870 1033 ad
925 980 1148 1037 meliora
1194 983 1326 1037 iram
1358 984 1597 1053 ejusdem
1644 984 1888 1052 ﬂectere,
1927 998 2179 1056 tanquam

606 1069 675 1123 ad
715 1070 1059 1127 utilissimum
1093 1074 1372 1143 quiddam,
1407 1087 1462 1134 et
1494 1079 1637 1134 unde
1684 1078 1916 1134 liherari’
1939 1090 2182 1150 possent,

610 1163 784 1218 aversi
817 1164 1026 1219 suntin
1053 1164 1369 1237 Egyptum,
1404 1168 1677 1224 hominem
1713 1168 2047 1241 Egyptium,
2077 1186 2183 1225 non

606 1250 803 1318 Deum,
859 1256 1104 1311 subsidio
1152 1270 1430 1323 vocantes,
1480 1277 1499 1311 ι
1534 1274 1730 1316 carnes
1776 1262 2127 1331 equorum”,
2159 1280 2179 1316 ι

606 1344 761 1414 juxta
795 1344 1154 1417 Scripturam.
1193 1368 1212 1404 ι
1241 1351 1401 1420 Atqui
1431 1365 1535 1405 non
1571 1351 1804 1407 sulvabit
1832 1367 1930 1407 rex
1962 1364 2186 1424 propter

611 1438 837 1493 multam
882 1440 1162 1509 virtutem,
1213 1452 1268 1499 et
1321 1446 1473 1517 gigas
1521 1462 1628 1504 non
1678 1448 1910 1505 salvabit
1967 1459 2188 1520 propter

611 1532 1013 1590 multitudinem
1076 1535 1412 1595 fortitudinis
1478 1555 1623 1609 suae;
1672 1541 1837 1598 fallax
1896 1558 2067 1613 equus
2119 1544 2188 1599 ad

612 1624 843 1681 salutem
864 1627 932 1682 ³⁸.
963 1628 1171 1685 Bonum
1205 1631 1481 1689 conlidere
1506 1633 1560 1688 in
1583 1633 1833 1701 Domino,
1863 1650 2025 1706 quam
2059 1651 2189 1692 con-

611 1717 782 1775 lidere
813 1719 868 1774 in
901 1720 1213 1780 hominibus
1234 1723 1302 1780 ³⁷.
1331 1742 1351 1776 ι
1385 1722 1532 1780 Nihil
1558 1734 1740 1781 autem
1773 1725 1854 1781 eis
1882 1734 1990 1781 tam
2022 1736 2190 1782 teme-

612 1811 817 1866 rarium
879 1814 1162 1870 consilium
1222 1814 1514 1885 profuisse,
1576 1818 1711 1885 ipsa,
1778 1817 1972 1887 inquit,
2028 1832 2190 1887 expe-

2288 647 2465 700 μενον,
2498 632 2933 698 καταπτοοῦντος
2960 635 3059 707 ήδη
3094 636 3185 690 τὸν
3229 639 3450 711 Ἰσραὴλ
3480 642 3572 694 τοῦ
3602 642 3866 713 πολέμου,

2284 723 2378 774 καὶ
2418 726 2704 794 μονονουχὶ
2749 728 2814 798 τῇ
2870 728 3023 799 χώρᾳ
3068 728 3485 800 προϐάλλοντος.
3536 729 3693 801 Εἶτα,
3752 737 3871 789 δέον

2284 811 2482 875 αὐτοὺς
2527 812 2702 877 λιταῖς
2732 831 2791 868 τε
2828 817 2922 870 καὶ
2958 818 3369 887 μεταγνώσεσιν
3422 821 3871 892 ἐκμειλίσσεσθαι

2283 901 2436 968 Θεὸν,
2471 905 2566 958 καὶ
2591 908 3081 976 μεταπαιδεύεσθαι
3114 912 3213 982 μὲν
3239 912 3299 966 τὸ
3333 913 3525 968 δοκοῦν
3551 916 3721 986 αὐτῷ,
3750 921 3870 980 ταῖς

2284 994 2341 1048 δέ
2364 996 2444 1059 είς
2468 996 2527 1050 τὸ
2556 997 2778 1069 ἄμεινον
2807 1002 3141 1075 ἀναδρομαῖς
3158 1004 3522 1061 ἐπιδυσωπεῖν
3554 1008 3655 1077 τὴν
3678 1008 3870 1079 ὀργὴν,

2285 1086 2361 1149 ὡς
2392 1088 2484 1142 ἐπί
2513 1106 2565 1143 τι
2594 1089 2701 1143 τῶν
2734 1091 2873 1161 ἄγαν
2902 1095 3187 1167 χρησίμων
3218 1097 3499 1161 ἐξελέσθαι
3554 1098 3872 1169 δυναμένων

2287 1178 2508 1245 αὐτοὺς,
2555 1182 2905 1255 ἀπέστρεψαν
2943 1188 3022 1249 είς
3077 1188 3367 1257 Αἴγυπτον,
3444 1190 3735 1255 καλοῦντες
3792 1195 3871 1257 εις

2289 1270 2612 1343 ἐπικουρίαν
2687 1274 2976 1347 ἄνθρωπον
3048 1279 3365 1347 Αίγύπτιον,
3446 1281 3541 1335 καὶ
3596 1282 3659 1335 ού
3716 1282 3869 1337 Θεόν.

2295 1379 2315 1414 ι
2342 1361 2556 1417 Ἵππων
2606 1366 2877 1436 σάρκας,›
2917 1368 3057 1422 κατά
3103 1370 3164 1423 τὸ
3202 1372 3611 1442 γεγραμμένον.
3667 1391 3686 1424 ι
3730 1372 3871 1425 Ἀλλ’

2290 1454 2351 1507 οὐ
2387 1454 2621 1520 σώζεται
2663 1458 2917 1528 βασιλεὺς
2951 1460 3038 1514 διὰ
3072 1461 3273 1533 πολλὴν
3302 1463 3552 1535 δύναμιν,
3586 1466 3682 1518 καὶ
3710 1466 3872 1535 γίγας

2289 1546 2350 1599 οὐ
2385 1546 2692 1619 σωθήσεται
2723 1550 2782 1602 ἐν
2806 1549 3001 1621 πλήθει
3030 1551 3213 1622 ίσχύος
3243 1552 3433 1616 αὑτοῦ,
3468 1554 3668 1628 ψευδὴς
3708 1557 3874 1620 ἵππος

2290 1638 2370 1700 είς
2417 1639 2710 1710 σωτηρίαν.
2766 1642 2995 1711 Ἀγαθὸν
3049 1644 3368 1699 πεποιθέναι
3422 1647 3513 1699 ἐπὶ
3554 1649 3787 1718 Κύριον,
3840 1650 3871 1719 ἢ

2292 1730 2612 1785 πεποιθέναι
2653 1733 2740 1787 ἐπ’
2775 1734 3083 1805 ἄνθρωπον.
3109 1755 3127 1787 ι
3157 1738 3280 1791 ’Ὀτι
3310 1738 3365 1791 δὲ
3393 1739 3472 1802 είς
3503 1739 3659 1793 οὐδὲν
3690 1742 3876 1804 αὐτοῖς

2292 1821 2401 1874 τῶν
2424 1822 2738 1892 ἀναγκαίων
2765 1825 2833 1879 τά
2861 1827 2961 1898 τῆς
2989 1828 3226 1891 τοιᾶσδε,
3261 1829 3447 1899 φησὶν,
3476 1830 3875 1895 εἰκαιοϐουλίας

612 1902 808 1958 rientia
862 1906 1121 1976 magistra
1168 1918 1529 1985 .cognoscent.
1582 1908 1864 1978 Deportati
1924 1911 2067 1964 enim
2121 1910 2186 1964 ad

2294 1917 2612 1988 ἐκϐέϐηκεν,
2668 1917 2729 1984 ἐξ
2770 1920 2944 1991 αὐτῆς
2990 1921 3226 1975 εἴσονται
3267 1922 3366 1992 τῆς
3412 1921 3627 1993 πείρας,
3668 1923 3873 1976 ἀποκο-

611 1994 873 2065 Assyrios
907 2007 1071 2067 atque
1110 1999 1321 2064 Medos,
1362 2019 1382 2052 ι
1413 2002 1486 2056 ibi
1520 2001 1795 2055 immunda
1826 2003 2128 2065 comedent,
2162 2019 2182 2054 ι

612 2086 718 2141 hoc
744 2098 851 2153 est,
878 2103 1050 2143 arvum
1079 2094 1366 2148 traducem
1398 2092 1604 2162 rejecta
1642 2108 1761 2163 quae
1785 2095 2028 2150 restabat
2060 2110 2187 2167 erga

612 2181 786 2252 legem
822 2185 1143 2251 reverentia,
1191 2196 1247 2241 et
1278 2187 1496 2257 quidvis
1536 2187 1672 2241 citra
1718 2201 1933 2243 omnem
1964 2201 2189 2257 scrupu-

612 2273 722 2327 lum
757 2276 1119 2349 comedentes.
1159 2277 1265 2333 Sed
1315 2278 1538 2348 objiciet
1583 2278 1819 2334 fortasse
1864 2279 2132 2349 quispiam
2170 2296 2184 2334 :

610 2347 909 2431 Quomodo.
950 2365 1055 2421 hoc
1106 2368 1359 2436 scrupulo
1387 2347 1523 2423 esse
1577 2367 1838 2423 lsraelitis
1885 2347 2091 2435 potuit,
2139 2370 2183 2424 si

612 2453 833 2523 quidem
866 2454 1033 2513 falsos
1072 2457 1201 2512 deos
1235 2458 1489 2513 colendos
1512 2459 1906 2529 susceperant?
1935 2458 2184 2529 Respon-

614 2548 805 2601 demus
865 2548 1005 2607 huic.
1041 2550 1372 2618 quaastioni,
1426 2549 1480 2603 in
1532 2564 1776 2605 errorem
1834 2564 1893 2605 se
1949 2549 2188 2606 induisse

613 2640 961 2709 concorditer;
982 2657 998 2705 ;
1023 2643 1119 2696 sed
1142 2642 1195 2696 in
1221 2643 1419 2697 animis
1445 2657 1634 2697 eorum
1661 2641 1837 2698 adhuc
1858 2642 2188 2712 aliquantam

612 2729 1030 2787 sollicitudinem
1069 2731 1207 2803 legis
1248 2733 1605 2802 superfuisse,
1643 2742 1699 2788 et
1740 2748 1836 2789 eos
1881 2748 1911 2788 a
1953 2732 2192 2791 Judaicis

613 2821 1101 2880 consuetudinibus
1144 2839 1250 2879 non
1297 2825 1364 2879 ad
1397 2839 1627 2895 unguem
1672 2825 2015 2893 discessisse,
2050 2835 2191 2881 tam-

614 2913 721 2968 etsi
764 2914 817 2968 in
851 2913 1115 2969 idolorum
1159 2915 1373 2984 templis
1402 2930 1593 2985 preces
1631 2916 2005 2987 conciperent.
2046 2917 2191 2983 Quo-

2293 2007 2577 2077 μισθέντες
2618 2009 2728 2080 γάρ
2772 2012 2853 2073 εἰς
2917 2012 3237 2084 Ἀσσυρίους
3272 2012 3368 2065 καὶ
3413 2011 3654 2082 Μήδους,
3715 2032 3734 2065 ι
3765 2016 3878 2067 ἐκεῖ

2288 2100 2577 2171 ἀκάθαρτα
2606 2101 2890 2170 φάγονται,
2916 2121 2935 2153 ι
2960 2103 3229 2166 τουτέστι,
3252 2102 3637 2157 διαϐιώσονται
3666 2104 3769 2173 τῆς
3801 2107 3875 2169 είς

2286 2190 2379 2244 τὸν
2408 2191 2568 2262 νόμον
2604 2190 2787 2255 αἰδοῦς
2813 2192 3178 2257 ἀποϐαλόντες
3211 2194 3271 2247 τὸ
3296 2193 3570 2263 λείψανον,
3610 2195 3709 2248 καὶ
3738 2196 3874 2264 ἀφυ-

2288 2284 2501 2348 λάκτως
2530 2284 2802 2351 ἐσθίοντες
2818 2285 2877 2340 τὸ
2902 2286 3236 2357 παρατυχόν.
3286 2286 3426 2339 Ἀλλ’
3461 2288 3591 2347 ἴσως
3622 2289 3747 2358 ἐρεῖ
3772 2303 3872 2349 τιςσ

2288 2375 2416 2441 Πῶς
2445 2377 2604 2431 τοῦτο
2627 2377 2930 2448 λελύπηκεν
2964 2378 3030 2432 ἂν
3054 2377 3180 2441 τοὺς
3214 2376 3272 2444 ἐξ
3322 2377 3557 2450 Ἰσραὴλ,
3591 2377 3875 2430 εἰδωλολα-

2287 2472 2437 2541 τρεῖν
2472 2470 2793 2539 ἐλομένους;
2824 2469 2969 2542 Πρὸς
2998 2468 3176 2524 ταῦτά
3218 2486 3417 2540 φαμεν,
3447 2470 3530 2523 ὅτι
3562 2470 3875 2540 πεπλάνην-

2288 2578 2380 2613 ται
2434 2561 2533 2631 μὲν
2580 2560 3047 2632 ὁμολογουμένως,
3096 2560 3211 2614 ἀλλ’
3243 2556 3311 2631 ἦν
3363 2579 3447 2625 τις
3498 2562 3690 2623 αὐτοῖς
3741 2562 3877 2615 κατὰ

2290 2650 2416 2706 νοῦν
2437 2651 2518 2705 ἐτι
2546 2652 2722 2724 μικρά
2740 2652 2834 2706 τοῦ
2857 2653 3023 2724 νόμου
3056 2654 3296 2725 φροντὶς,
3325 2653 3419 2707 καὶ
3445 2655 3554 2709 τῶν
3570 2656 3875 2710 Ἰουδαϊκῶν

2291 2744 2430 2797 ἐθῶν
2457 2743 2557 2797 οὐκ
2577 2742 2886 2798 ἀπώλισθον
2909 2744 3209 2807 παντελῶς,
3240 2744 3419 2798 καίτοι
3445 2745 3875 2817 προσκυνοῦντες

2290 2837 2348 2889 ἐν
2382 2837 2495 2901 τοῖς
2525 2835 2633 2890 τῶν
2664 2836 2898 2891 εἰδώλων
2930 2838 3095 2900 ναοῖς.
3122 2835 3391 2909 Ταύτῃτοι
3421 2836 3517 2890 καὶ
3544 2839 3574 2891 ὀ
3607 2836 3874 2909 μακάριος

2290 2928 2581 2999 προφήτης
2640 2928 2842 2995 Ἠλιοῦ,
2886 2928 2965 2992 ὡς
3010 2928 3162 2982 δυσὶν
3197 2928 3408 2997 ἰγνύαις
3443 2927 3874 2999 ἐπιχωλεύοντας

613 3004 766 3093 circa
795 3015 847 3061 et
878 3006 1067 3061 beatus
1100 3006 1362 3076 propheta
1391 3005 1539 3062 Elias
1570 3015 1631 3061 ut
1655 3006 1867 3064 duobus
1893 3008 2190 3078 poplitibus

2294 3019 2585 3092 κατῃτιᾶτό
2633 3038 2763 3074 ποτε
2790 3060 2806 3083 ,
2864 3020 2959 3076 καὶ
3015 3024 3151 3093 μήτε
3195 3020 3273 3092 τῷ
3336 3020 3487 3074 Βάαλ
3544 3020 3872 3091 δλοτρόπως,

615 3092 1015 3160 claudicantes,
1052 3103 1109 3150 et
1158 3109 1334 3166 neque
1383 3093 1516 3150 Baal
1560 3098 1803 3165 omnino,
1854 3112 2030 3167 neque
2078 3097 2189 3153 Deo

2294 3110 2431 3180 μήτε
2487 3110 2594 3181 μὴν
2630 3110 2750 3182 Θεῷ
2786 3110 3008 3174 τελείως
3035 3092 3392 3182 προσκεῖσθαι
3425 3108 3873 3180 βεϐουλημένους.

615 3184 860 3254 perfecte
885 3186 1164 3242 adhaerere
1180 3185 1423 3243 volentes
1440 3186 1733 3258 aliquando
1756 3188 2107 3259 reprehendit
2120 3188 2184 3243 ³⁸.

2294 3199 2501 3254 Οὐκοῦν
2524 3199 2765 3269 γεγονὼς
2794 3201 3137 3273 αἰχμάλωτος
3180 3202 3209 3255 ὁ
3256 3201 3492 3273 Ἰσραὴλ,
3532 3200 3875 3270 ἀποϐέϐληκε

615 3272 821 3331 Verum
854 3277 1105 3334 redactus
1134 3278 1188 3334 in
1230 3280 1597 3350 captivitatem
1642 3278 1832 3345 Israel,
1864 3278 1998 3351 legis
2032 3294 2188 3335 reve-

2302 3248 2493 3254 """'
2536 3248 2763 3269 l'lv’w'
2796 3248 3133 3273 ⁷⁷⁷ΛΓ’””’“””⁷“’
3184 3248 3206 3255 ⁷
3270 3248 3492 3273 ”Γ’”Ἱ““’
3533 3248 3872 3270 """""'l"'

2294 3290 2511 3355 τελείως
2536 3291 2636 3362 τὴν
2667 3293 2746 3354 είς
2777 3292 2868 3345 τὸν
2893 3293 3058 3363 νόμον
3077 3293 3226 3356 αἰδῶ,
3252 3296 3366 3357 τοῖς
3396 3294 3503 3348 τῶν
3531 3293 3877 3365 κρατούντων

614 3366 842 3422 rentiam
872 3365 1115 3425 funditus
1142 3369 1359 3441 abjecit,
1383 3386 1561 3428 mores
1588 3381 1645 3427 et
1673 3371 1818 3441 leges
1842 3370 2187 3426 dominorum

2294 3380 2438 3433 ἔθεσί
2468 3398 2550 3443 τε,
2600 3380 2697 3435 καὶ
2722 3381 2929 3452 νόμοις,
2967 3382 3044 3447 ὡς
3088 3384 3146 3451 ἐξ
3176 3385 3421 3456 ἀνάγκης
3448 3385 3737 3454 ἑπόμενος.
3773 3382 3876 3438 Καὶ

615 3470 838 3513 suorum
884 3462 1211 3519 necessitate
1258 3465 1480 3522 adactus
1514 3480 1767 3536 sequens.
1805 3465 1874 3522 Et
1903 3467 2029 3532 hoc,
2071 3464 2189 3534 opi-

2294 3470 2469 3536 τοῦτο,
2494 3465 2669 3541 οἶμαι,
2719 3471 2872 3526 ἐστὶν
2919 3472 2947 3526 ὃ
2976 3474 3069 3528 καὶ
3115 3475 3278 3539 αὐτὸς
3337 3476 3441 3548 ἔφη
3489 3476 3757 3545 Χριστὸς,
3801 3474 3877 3529 δτι

616 3567 761 3617 nor,
816 3562 935 3617 est,
976 3556 1120 3624 quod
1177 3565 1235 3612 et
1291 3558 1409 3628 ipse
1455 3559 1706 3614 Christus
1746 3558 1884 3613 dixit
1932 3575 1946 3612 :
1984 3576 2002 3609 ι
2031 3556 2190 3613 Omni

2299 3581 2318 3614 ι
2343 3563 2516 3617 Παντὶ
2560 3563 2639 3634 τῷ
2670 3562 2848 3634 ἔχοντι
2876 3565 3185 3637 δοθήσεται,
3226 3568 3321 3620 καὶ
3360 3568 3873 3639 περισσευθήσεται-

620 3643 841 3700 babenti
877 3646 1114 3713 dabitur,
1156 3657 1213 3705 et
1258 3649 1575 3705 abundabit.
1626 3649 1709 3705 Ab
1757 3664 1823 3705 eo
1868 3659 2050 3703 autem
2100 3647 2190 3718 qui

2307 3655 2439 3708 Ἀπὸ
2459 3654 2515 3707 δέ
2545 3653 2640 3708 τοῦ
2668 3656 2741 3726 μὴ
2772 3655 3013 3726 ἔχοντος,
3045 3658 3189 3711 καὶὸ
3213 3658 3361 3712 δοκεί
3391 3659 3556 3729 ἐχειν,
3582 3660 3876 3731 ἀρθήσεται

621 3750 732 3791 non
780 3736 965 3802 habet,
1007 3748 1063 3794 et
1091 3741 1235 3808 quod
1284 3740 1492 3797 videtur
1534 3741 1756 3805 habere,
1809 3738 2087 3795 auferetur
2125 3740 2190 3793 ab

2298 3744 2392 3798 ἀπ’
2418 3743 2639 3799 αὐτοῦ..
2665 3748 2756 3799 Δεῖ
2772 3746 2835 3817 δὴ
2869 3743 2964 3801 οὖν
2984 3748 3092 3818 ἄρα
3117 3749 3226 3801 τῶν
3255 3748 3413 3802 θείων
3433 3751 3582 3818 ἡμᾶς
3600 3747 3874 3821 χαρισμά-

622 3828 777 3885 eo“.
817 3848 837 3881 ι
895 3828 1013 3885 Non
1066 3840 1194 3885 sunt
1247 3831 1409 3902 igitur
1455 3834 1615 3887 nobis
1655 3830 1960 3901 spernenda
2013 3831 2190 3886 divina

2297 3853 2402 3892 των
2464 3836 2539 3907 μὴ
2586 3840 2980 3907 καταφρονεῖν
3039 3839 3155 3892 ἀλλ’
3202 3832 3278 3893 ὧν
3326 3840 3393 3894 ἀν
3451 3839 3670 3909 ἔχοιμεν
3734 3841 3876 3910 παρὰ

623 3920 989 3989 charismata;
1034 3923 1130 3977 sed
1173 3937 1293 3992 quae
1345 3921 1692 3978 habuerimus
1731 3936 1763 3977 a
1807 3922 1938 3985 Deo.
1977 3923 2190 3979 maximi

2297 3927 2456 3993 Θεοῦ,
2494 3929 2743 3983 πλεῖστον
2773 3930 2898 3983 ὅσον
2940 3931 3211 3985 ποιεῖσθαι
3258 3932 3436 4001 λόγον.
3483 3931 3874 4003 Πεφροντικόσι

624 4012 970 4069 astimanda.
1010 4012 1146 4067 Nam
1194 4014 1243 4068 si
1286 4013 1437 4069 cordi
1485 4013 1642 4069 nobis
1688 4012 1913 4079 fuerint,
1964 4014 2190 4069 libenter

2305 4020 2402 4089 μὲν
2428 4019 2538 4091 γάρ
2570 4020 3021 4092 ἐμφυλοχωρὴσει
3058 4022 3119 4076 τὸ
3149 4022 3416 4095 χάρισμα.
3442 4024 3504 4076 El
3532 4022 3591 4076 δέ
3623 4023 3874 4094 ρᾴθυμθι,

621 4103 800 4175 gratia
846 4114 902 4159 et
948 4106 1147 4159 donum
1202 4105 1256 4159 in
1315 4104 1471 4159 nobis
1518 4103 1806 4159 habitabit.
1873 4104 1966 4159 Sin
2020 4113 2190 4159 autem

2300 4109 2396 4163 καὶ
2442 4110 2902 4174 ἀναπεπτωκότες
2939 4111 3069 4183 περὶ
3113 4110 3246 4166 αὐτὸ
3277 4111 3563 4184 γινόμεθα,
3612 4111 3707 4165 καὶ
3754 4108 3878 4166 αὐτὸ

622 4196 806 4267 ignavi
855 4206 912 4251 et
959 4195 1174 4252 remissi
1238 4197 1292 4250 in
1353 4210 1420 4251 eo
1480 4194 1839 4252 custodiendo
1894 4194 2190 4260 fuerimus,

2301 4201 2365 4272 δὴ
2400 4200 2619 4265 πάντως
2647 4201 2864 4275 ἀποπτή
2872 4220 3042 4259 σεται.

624 4285 803 4356 ipsum
838 4301 1063 4353 prorsus
1100 4286 1358 4342 avolabit.

698 4376 860 4447 126
894 4377 1054 4433 Vsus.
1081 4377 1169 4434 N.
1206 4377 1271 4431 Et
1295 4378 1487 4432 oblitus
1516 4386 1593 4432 est
1617 4375 1791 4431 Israel
1818 4376 1932 4445 ejus
1959 4377 2048 4447 qui
2077 4375 2190 4446 facil

2374 4374 2486 4430 Kal
2506 4376 2828 4432 ἐπελάθετο
2864 4375 3113 4445 Ἰσραὴλ
3142 4377 3250 4431 τοῦ
3275 4376 3651 4444 ποιήσαντος
3674 4378 3872 4433 αὐτόν.

624 4465 799 4522 illum.
834 4467 901 4521 Et
930 4468 1326 4538 wdiﬁcaverunt
1352 4470 1503 4538 fana.
1541 4467 1608 4522 Et
1637 4466 1809 4523 ludas
1838 4467 2190 4537 multiplicauit

2304 4465 2417 4518 Kal
2446 4464 2842 4534 ᾠκοδόμησαν
2876 4465 3116 4535 τεμένη.
3160 4466 3269 4520 Καὶ
3312 4466 3542 4532 Ἰούδας
3577 4467 3875 4533 ἐπλήθυνε

624 4560 776 4615 urbes
813 4571 1069 4615 muratae.
1117 4560 1189 4615 Et
1234 4562 1442 4620 mittam
1480 4559 1652 4630 ignem
1698 4559 1753 4613 in
1798 4559 2030 4614 civitates
2063 4559 2190 4627 ejus,

2305 4556 2517 4622 πόλεις
2558 4556 3022 4625 τετειχισμένας.
3061 4556 3172 4609 Kal
3200 4556 3587 4620 ἐξαποστελῶ
3627 4558 3752 4626 πῦρ
3796 4558 3874 4622 είς

624 4661 672 4704 et
703 4651 970 4705 devorabit
1002 4650 1344 4720 fundamenta
1370 4649 1609 4705 illarum.

2304 4648 2412 4713 τὰς
2458 4649 2671 4713 πόλεις
2738 4648 2956 4717 αὐτοῦ,
3044 4647 3445 4718 καταφάγεται
3498 4647 3573 4703 τὰ
3639 4648 3876 4718 θεμέλια

2306 4738 2525 4793 αὐτῶν.

592 4806 605 4853 l
702 4823 859 4878 XCV.
899 4822 1072 4879 Ambo
1116 4837 1279 4894 regna
1314 4823 1585 4895 objurgat,
1630 4821 1912 4890 Samaria,
1958 4826 2201 4895 inquam,

627 4926 685 4970 et
705 4913 864 4979 Iuda,
895 4930 1086 4985 nempe
1108 4917 1251 4985 quod
1294 4925 1377 4972 est
1400 4914 1815 4987 Hierosolymis.
1847 4914 1985 4982 Quid
2021 4923 2202 4970 autem

631 5005 793 5058 ambo
818 5003 1069 5070 fecerint,
1108 5005 1396 5060 videndum
1425 5016 1481 5061 et
1513 5006 1889 5075 exponendum
1921 5014 2025 5060 est.
2068 5003 2203 5058 Cum

634 5095 833 5151 bellum
876 5104 1301 5165 exspectaretur,
1338 5105 1392 5152 et
1434 5105 1610 5151 terror
1653 5095 2041 5166 propemodum
2073 5093 2205 5162 ipsis

632 5186 843 5241 foribus
894 5187 1223 5252 immineret,
1278 5195 1664 5257 oporteretque
1723 5196 1834 5240 tum
1879 5184 2201 5248 Samaritas,

634 5286 752 5333 tum
789 5279 854 5333 de
891 5280 1031 5334 tribu
1059 5278 1197 5334 Juda
1227 5287 1516 5348 regnantes
1542 5294 1570 5332 a
1596 5279 1706 5332 Deo
1737 5275 2025 5331 Salvatore
2057 5276 2205 5330 auxi-

634 5372 768 5427 lium
817 5386 1081 5442 quaerere,
1135 5372 1181 5426 si
1230 5371 1448 5442 quidem
1474 5379 1529 5425 et
1574 5368 1791 5424 inutiles
1830 5376 1886 5423 et
1937 5367 2208 5436 improbas

636 5461 991 5531 cogitationes
1039 5476 1169 5517 suas
1232 5468 1539 5524 mutarent,
1595 5468 1650 5513 et
1704 5473 1827 5513 eum
1877 5457 2208 5526 prenitentiis

634 5553 837 5621 colere,
884 5553 1114 5622 amplius
1155 5552 1579 5621 omnipotentem
1630 5551 1913 5607 Dominum
1949 5552 2210 5606 adversus

636 5659 701 5701 se
733 5643 1042 5699 irritabant.
1076 5642 1245 5700 Israel
1279 5643 1446 5709 enim,
1491 5643 1591 5698 hoc
1640 5652 1747 5711 est,
1780 5644 1964 5699 decem
2011 5642 2206 5708 tribus,

2381 4831 2493 4897 ιε’.
2512 4831 2568 4883 ’Δ
2577 4830 2744 4901 μφοτέ
2754 4847 2872 4902 ραις
2900 4831 3220 4901 ἐπιπλήττει
3242 4832 3361 4895 ταῖς
3386 4829 3708 4901 βασιλείαις,
3734 4832 3798 4900 τῇ
3822 4846 3874 4882 τε

2310 4920 2367 4973 ἐν
2396 4919 2700 4990 Σαμαρείᾳ,
2739 4921 2903 4990 φημὶ,
2939 4920 3030 4973 καὶ
3055 4923 3121 4991 τῇ
3153 4919 3247 4973 τοῦ
3293 4920 3485 4983 Ἰούδα,
3513 4920 3780 4985 τουτέστι,
3815 4921 3872 4990 τῇ

2309 5007 2443 5080 οὔσῃ
2468 5009 2609 5062 κατά
2630 5008 2729 5079 τὴν
2743 5009 3115 5079 Ἰερουσαλήμ.
3149 5010 3214 5062 Τί
3240 5010 3347 5082 γὰρ
3373 5011 3540 5080 ἄμφω
3568 5009 3872 5081 δεδράκασι,

2309 5099 2647 5170 καταθρῆσαί
2692 5117 2750 5152 τε
2807 5100 2923 5168 ἅμα
2960 5100 3055 5153 καὶ
3095 5101 3271 5152 εἰπεῖν
3328 5100 3647 5168 ἀναγκαῖον.
3709 5099 3875 5169 Προσ-

2308 5189 2613 5260 δοκωμένου
2658 5188 2767 5260 γὰρ
2805 5189 3023 5242 ἔσεσθαι
3064 5189 3158 5243 τοῦ
3205 5188 3463 5259 πολέμου,
3498 5189 3782 5259 μονονουχὶ
3821 5185 3871 5238 δὲ

2309 5279 2405 5333 καὶ
2438 5278 2524 5332 ἐπ’
2556 5280 2746 5342 αὑταῖς
2789 5280 2888 5349 ἤδη
2926 5281 3209 5348 γεγονότος
3250 5282 3371 5344 ταῖς
3410 5280 3603 5350 θύραις
3650 5279 3745 5333 τοῦ
3776 5278 3871 5331 δείο

2313 5386 2503 5439 ματος,
2537 5369 2655 5423 δέον
2675 5370 2874 5434 αὐτοὺς
2897 5371 3025 5434 τούς
3064 5389 3123 5425 τε
3170 5373 3227 5426 ἐν
3261 5372 3567 5443 Σαμαρείᾳ,
3617 5373 3713 5426 καὶ
3756 5372 3869 5431 τοὺς

2311 5456 2688 5526 βασιλεύοντας
2714 5459 2778 5510 ἐκ
2801 5459 2973 5529 φυλῆς
3011 5459 3199 5526 Ἰούδα,
3230 5461 3328 5529 τὴν
3354 5460 3507 5531 παρά
3528 5460 3667 5513 Θεοῦ
3692 5460 3871 5523 σώζον-

2308 5566 2399 5612 τος
2452 5549 2773 5621 ἐπικουρίαν
2803 5548 3008 5620 ξητεῖν,
3041 5552 3090 5604 εί
3127 5550 3413 5615 ἐκτόπους,
3448 5550 3544 5603 καὶ
3586 5549 3869 5621 ἀνωφελεῖς

2308 5640 2606 5710 ἐτράποντο
2628 5639 2871 5711 γνώμας,
2894 5642 2987 5696 καὶ
3010 5644 3128 5706 ταῖς
3158 5640 3534 5713 μεταγνώσισι
3561 5641 3870 5714 θεραπεύειν

711 5818 757 5855 ³³
788 5819 983 5875 Ezcclt.
1020 5834 1207 5886 una,
1235 5817 1326 5873 20.
1402 5818 1446 5851 ³⁸
1478 5817 1622 5876 Psal.
1647 5835 1818 5883 XX)",
1848 5819 2043 5885 16,17.
2122 5818 2161 5851 ³⁷

2294 5814 2341 5873 ιι.
2391 5831 2555 5885 cxvn,
2591 5816 2644 5874 8.
2722 5816 2769 5851 ⁸⁸
2798 5814 2866 5873 ΙΙΙ
2899 5816 3029 5888 Reg.
3068 5834 3201 5874 xvm
3227 5817 3317 5877 Ἦ.
3404 5820 3452 5852 ³³
3477 5818 3609 5876 Luc.
3641 5833 3754 5885 xix,
3782 5814 3862 5873 26.
