4068 6540
238 400 357 456 213
1178 386 1735 448 COMMENTARIUS
1774 384 1840 440 IN
1878 384 2109 441 OSEAM
2147 383 2588 441 PRUPHETAM.
2903 403 2907 407 ’
3400 377 3507 433 ΞΗ

243 507 580 575 ὀφείλοντες,
618 502 978 576 κατηρὲθιζον
1004 504 1088 573 ἐφ’
1111 504 1325 565 ἑαυτοῖς
1348 501 1444 555 καὶ
1471 500 1551 553 ἔτι
1576 499 1835 570 μειζόνως

1943 508 1988 552 et
2030 498 2083 552 in
2140 512 2236 552 eas
2273 504 2523 551 tenentes
2565 492 2873 563 imperium,
2926 492 3055 559 diis,
3105 500 3163 547 ut
3208 508 3237 545 a
3292 491 3507 546 miseris

244 598 340 651 τὸν
363 596 476 650 τῶν
508 596 645 649 ὅλων
671 593 977 665 κρατοῦντα
1022 593 1175 648 Θεόν.
1218 592 1276 645 '0
1305 590 1402 661 μὲν
1440 590 1550 659 γὰρ
1592 587 1827 659 Ἰσραὴλ,

1943 586 2304 656 captivitatem
2360 582 2735 654 depellerent,
2793 592 2850 638 et
2898 583 3132 638 hostium
3209 582 3509 653 phalangas

244 688 551 753 τουτέστιν,
597 689 653 740 αἰ
685 688 816 740 δέκα
840 685 1026 756 φυλαὶ,
1058 684 1152 738 καὶ
1184 683 1235 735 oi.
1273 681 1477 737 τούτων
1523 678 1827 750 ἀνημμένοι

1943 687 2266 742 everterent,
2310 678 2514 745 majora
2564 674 2822 745 obsequia
2875 675 3222 740 exhibebant,
3268 685 3323 730 et
3353 676 3506 746 quasi

244 778 311 829 τὸ
351 778 575 848 κράτος,
617 776 694 841 ὡς
733 776 1128 847 λελυπημένοις
1177 773 1275 844 τὴν
1318 772 1537 836 ἅλωσιν,
1595 770 1686 823 καὶ
1729 769 1830 833 τὰς

1943 782 2027 824 eos
2045 766 2432 830 demulcentes,
2456 780 2754 834 eorumque
2777 764 2880 818 sibi
2900 765 3331 821 benevolentiam
3361 781 3510 820 com-

246 867 365 921 τῶν
414 868 688 938 πολεμίων
728 867 1062 938 ἀνατρέπειν
1093 865 1399 936 φάλαγγας,
1440 864 1535 915 καὶ
1579 862 1828 924 πλείονας

1943 868 2209 930 parantes,
2243 860 2365 913 fana
2396 857 2757 921 :edilicabant,
2789 864 2845 911 et
2885 871 3010 911 aras
3040 858 3092 910 in
3131 858 3197 912 iis
3225 868 3509 912 construe-

249 960 337 1012 ἐτι
380 962 482 1022 τὰς
533 959 828 1029 θεραπείας
879 957 1175 1030 προσῆγον.
1233 952 1707 1027 Ἐκμελισσόμενοι
1778 950 1835 1005 δὲ

1943 950 2089 1017 bant,
2133 959 2188 1005 et
2225 950 2466 1021 pluribus
2496 964 2591 1005 eos
2630 947 2912 1004 sacriliciis
2959 948 3315 1003 honorabant.
3342 948 3510 1003 .lndas

246 1048 467 1118 ῶσπερ,
500 1049 594 1102 καὶ
622 1048 978 1111 καθιστάντες
1004 1047 1250 1115 εὐμενεῖς
1270 1043 1580 1114 ᾠκοδόμουν
1606 1039 1830 1111 τεμένη,

1943 1043 2102 1097 urbes
2136 1057 2263 1097 suas
2302 1040 2707 1097 communiebat
2740 1038 2993 1105 validius,
3025 1038 3209 1108 potius
3240 1039 3509 1108 lapidibus

250 1138 351 1190 καὶ
378 1138 598 1208 βωμοὺς
647 1135 1046 1199 ὲναπετίθεντο,
1087 1134 1183 1187 καὶ
1225 1131 1465 1186 πλείοσιν
1502 1131 1582 1184 ἔτι
1623 1128 1835 1192 θυσίαις

1943 1148 2103 1204 quam
2137 1135 2246 1189 Deo
2270 1133 2529 1198 conlisus,
2554 1131 2805 1203 quamvis
2831 1130 2922 1185 ille
2949 1131 3014 1185 de
3052 1128 3354 1185 Jerusalem
3385 1145 3509 1199 per-

246 1228 481 1299 ὲτίμων.
517 1226 578 1282 '0
606 1228 662 1280 δέ
687 1243 751 1296 γε
784 1227 986 1289 Ἰούδας
1018 1223 1363 1295 ὀχυρωτέρας
1385 1221 1556 1275 ἐποίει
1578 1220 1677 1284 τὰς
1708 1220 1834 1273 έαυυ

1943 1225 2141 1294 spicuis
2184 1225 2368 1280 verbis
2412 1224 2641 1280 dixisset
2670 1240 2684 1277 :
2727 1240 2749 1276 ι
2776 1222 2889 1292 Ego
2930 1234 3025 1276 ero
3053 1220 3126 1284 ei,
3161 1219 3295 1274 dicit
3331 1219 3511 1274 Domi-

246 1318 349 1371 τοῦ
380 1319 581 1383 πόλεις,
607 1317 775 1381 λίθοις
810 1316 1012 1387 μᾶλλον
1039 1314 1436 1386 ὲπιθαρσήσας,
1473 1312 1565 1367 καί
1594 1312 1653 1366 οὐ
1688 1310 1829 1381 Θεῷ,

1943 1332 2061 1381 nus,
2104 1330 2290 1371 murus
2322 1317 2515 1386 igneus
2564 1316 2618 1369 in
2665 1313 2920 1377 circuitu,
2951 1323 3006 1367 et
3053 1313 3106 1367 in
3150 1312 3376 1384 gloriam
3415 1329 3511 1367 ero

250 1408 438 1461 καίτοι
489 1408 700 1475 λέγοντι
753 1405 939 1474 σαφῶς
986 1406 1117 1475 περί
1160 1406 1260 1475 τῆς
1314 1401 1690 1474 Ἰερουσαλὴμ,
1749 1402 1832 1454 ὅτι

1952 1423 1984 1462 n
2043 1410 2225 1463 medio
2279 1408 2486 1476 ejus“.
2527 1427 2546 1460 ι
2602 1407 2801 1463 Verum
2856 1405 2992 1460 nihil
3043 1421 3107 1460 ex
3165 1420 3230 1460 eo
3284 1404 3513 1474 profecit

249 1518 274 1551 ς
312 1498 458 1568 Ἐγὼ
498 1499 694 1569 ἔσομαι
755 1500 916 1569 αὐτῇ,
970 1496 1119 1564 λέγει
1162 1496 1388 1568 Κύριος,
1429 1498 1608 1565 τεῖχος
1663 1493 1835 1565 πυρὸς

1943 1500 2128 1557 lsrael.
2177 1502 2359 1571 ignem
2413 1510 2595 1556 autem
2651 1501 2904 1569 deinceps
2952 1499 3006 1553 in
3048 1498 3210 1553 urbes
3259 1497 3397 1552 Juda
3453 1512 3512 1552 se

248 1590 542 1654 κυκλόθεν,
571 1591 666 1644 καὶ
708 1592 789 1653 εἰς
840 1588 999 1655 δόξαν
1039 1589 1233 1659 ἔσομαι
1280 1589 1340 1642 ὲν
1393 1588 1542 1659 μέσῳ
1587 1588 1775 1656 αὐτῆς.
1814 1606 1833 1638 s

1943 1593 2305 1648 immissurum
2364 1593 2602 1648 minatur
2664 1594 2844 1657 Deus,
2902 1590 3211 1661 Babyloniis
3255 1590 3510 1644 nimirum

260 1681 407 1734 Ἀλλ’
442 1681 591 1734 οὐδὲν
629 1681 726 1752 μὲν
755 1680 934 1752 ὢνησε
962 1681 1023 1734 τὸ
1061 1680 1250 1751 χρῆμα
1292 1680 1384 1733 τὸν
1428 1679 1665 1751 Ἰσραήλ.
1722 1680 1840 1751 Πῦρ

1937 1685 2034 1740 irae
2065 1685 2263 1740 divina:
2288 1685 2626 1739 administris
2658 1699 2751 1739 eas
2781 1682 3219 1738 incendentibus.

244 1771 307 1826 δὲ
345 1776 469 1837 ταῖς
502 1773 718 1827 πόλεσιν
756 1775 1059 1844 ἐπαφήσειν
1099 1775 1218 1835 ταῖς
1261 1772 1453 1837 Ἰούδα,
1494 1773 1678 1827 λοιπὸν
1741 1774 2028 1844 ἐπηπείλει
2085 1778 2215 1842 Θεός
2253 1794 2269 1808 ο
2307 1777 2817 1848 καταπιμπράντων
2879 1774 3051 1839 αὑτὰς
3116 1773 3361 1844 δηλονότι
3402 1771 3511 1825 τῶν

249 1864 633 1930 Βαϐυλωνίων,
688 1865 737 1917 οἳ
786 1864 885 1935 τῆς
938 1867 1018 1929 εἰς
1068 1864 1267 1928 αὐτοὺς
1314 1864 1481 1935 ὀργῆς
1543 1866 1830 1934 γεγόνασιν
1861 1867 2147 1941 ὑπουργοί.

853 1997 1103 2051 ΚΕΦΑΛ.
1154 1996 1232 2051 ϐ’.

327 2104 423 2173 Μὴ
457 2105 645 2174 χαῖρε,
684 2105 947 2174 Ἰσραὴλ,
990 2104 1129 2174 μηδ’
1169 2106 1501 2174 εὐφραίνου
1552 2106 1744 2173 καθὼς
1783 2109 1838 2161 οἱ

247 2195 414 2259 λαοὶ,
456 2195 543 2248 ὅτι
573 2195 948 2262 ἐπόρνευσας
992 2195 1111 2250 ἀπὸ
1148 2196 1257 2251 τοῦ
1291 2196 1438 2251 Θεοῦ
1480 2212 1618 2251 σου.
1662 2196 1836 2266 Ἠγά-

249 2303 460 2355 emotae;
504 2287 728 2357 δόματα
769 2288 867 2341 ἑπί
899 2288 1096 2343 πάντα
1148 2289 1352 2344 ἅλωνα
1384 2289 1579 2343 σίτου.
1624 2289 1836 2353 Ἂλων,

252 2381 357 2432 καί
377 2380 566 2447 ληνὸς
590 2380 700 2433 οὐκ
725 2379 878 2448 ἔγνω
902 2380 1145 2446 αὐτοὺς,
1170 2381 1269 2435 καί
1296 2383 1329 2435 ό
1349 2382 1511 2446 οἶνος
1537 2381 1840 2449 ἐψεύσατο

248 2474 497 2536 αὐτούς.
561 2474 643 2527 Οὐ
682 2471 1041 2541 κατῴκησαν
1089 2473 1160 2526 ἐν
1203 2471 1277 2542 τῇ
1318 2471 1396 2542 γῇ
1442 2472 1549 2527 τοῦ
1593 2474 1836 2541 Κυρίου.

252 2562 625 2631 Κατῴκησεν
652 2563 1246 2632 Ἐφραῒμ-Αίγυπτον,
1277 2564 1461 2619 καὶέν
1498 2567 1842 2633 Ἀσσυρίοις

249 2652 569 2720 ἀκάθαρτα
625 2652 937 2723 φάγονται.
989 2656 1112 2708 Οὐκ
1170 2654 1469 2709 ἔσπεισαν
1518 2655 1597 2720 τῷ
1648 2655 1843 2723 Κυρίῳ

252 2740 447 2809 οἶνον,
482 2746 579 2798 καὶ
604 2747 715 2813 οὐχ
754 2743 991 2812 ἣδυναν
1013 2743 1197 2811 αὐτῷ,
1225 2748 1285 2799 αἱ
1310 2747 1509 2801 θυσίαι
1537 2745 1735 2799 αὐτῶν
1763 2746 1844 2811 ὠς

250 2837 435 2906 ἆρτος
469 2838 728 2905 πένθους
756 2838 980 2905 αὐτοῖς.
1019 2838 1247 2904 Πάντες
1282 2841 1338 2892 οί
1364 2838 1670 2905 ἐσθίοντες
1691 2837 1845 2893 αὐτὰ

249 2931 715 3001 μιανθήσονται,
750 2931 900 2985 διότι
928 2934 983 2985 οί
1021 2932 1187 3000 ἆρτοι
1216 2931 1416 2985 αὐτῶν
1459 2931 1589 2998 ταῖς
1616 2930 1846 3001 ψυχαῖς

252 3020 467 3075 αὐτῶν
502 3022 615 3075 οὐκ
644 3022 1101 3075 εἰσελεύσονται
1144 3022 1234 3087 εἰς
1260 3020 1369 3075 τὸν
1403 3016 1574 3075 οἷκον
1601 3021 1843 3089 Κυρίου.

330 3136 465 3201 ιιςο.
497 3135 628 3197 Ταῖς
664 3133 770 3187 τῶν
813 3133 984 3187 ἐθνῶν
1016 3132 1261 3202 ἀγέλαις,
1293 3134 1414 3187 ὲπεί
1462 3152 1546 3188 τοι
1584 3133 1847 3205 πλείστην

253 3226 395 3295 ὅσην
425 3224 641 3279 νοσοῦσι
662 3226 759 3294 τὴν
789 3225 1044 3280 ἀϐουλίαν
1082 3224 1477 3297 (πεπλάνηνται
1507 3225 1616 3295 γὰρ
1659 3225 1848 3295 ὁμολο-

254 3316 730 3385 γουμένωςί,ἑθος
766 3311 835 3387 ἦν
886 3317 1210 3387 ἀρχομένοις
1256 3319 1355 3387 τῆς
1401 3317 1701 3384 γεωπόνου,
1751 3317 1846 3369 xui.

255 3404 430 3476 ἀροῦν
454 3406 705 3477 μέλλουσι
721 3406 816 3478 τὴν
838 3406 963 3476 γῆν,
986 3406 1173 3469 θυσίας
1194 3406 1457 3459 ἐπιτελεῖν
1476 3409 1587 3469 τοῖς
1602 3406 1839 3477 δαίμοσι,

258 3498 357 3549 καὶ
390 3499 519 3568 παρ’
553 3496 733 3551 αὐτῶν
784 3498 956 3550 αἰτεῖν
1007 3496 1105 3560 τὰς
1141 3498 1249 3550 τῶν
1291 3496 1477 3567 ἀγρῶν
1514 3497 1838 3568 εὐκαρπίας.

272 3591 551 3661 ’Δμῶντες
578 3591 636 3644 δὲ
668 3591 849 3658 πάλιν,
880 3590 1072 3661 καιροῦ
1104 3589 1397 3653 καλοῦντος
1428 3590 1508 3653 εἰς
1533 3587 1711 3654 τοῦτο,
1746 3588 1842 3642 καὶ

256 3682 376 3753 μὴν
416 3683 509 3735 καὶ
562 3682 744 3752 ληνοῖς
786 3682 1086 3746 έντιθέντες
1127 3681 1220 3735 τὸν
1284 3681 1500 3752 βότρυν,
1562 3678 1840 3746 ἔσπενδον,

254 3773 419 3826 ἔθυον
448 3775 568 3837 ταῖς
595 3772 785 3844 ὥραις,
807 3768 934 3846 ᾖδον
980 3772 1079 3836 τάς
1106 3771 1414 3843 ὲπιληνίους
1442 3769 1608 3840 ᾠδὰς,
1644 3768 1842 3837 ἀναφέ-

260 3878 451 3930 ροντες
474 3861 540 3914 τὰ
565 3863 912 3933 χαριστήρια,
943 3860 1223 3933 χαίροντές
1247 3878 1307 3914 τε
1355 3860 1449 3914 καὶ
1478 3859 1840 3929 εὐφραινόμε-

256 3970 345 4004 νοι
370 3951 661 4006 διετέλουν.
698 3953 870 4007 Τοῦτο
900 3953 1142 4025 δρῶντας
1180 3954 1305 4016 τοὺς
1327 3949 1388 4017 ἐξ
1428 3951 1643 4023 Ἰσραὴλ
1685 3953 1842 4003 ἐπαι-

258 4045 448 4096 τιᾶται
504 4044 656 4106 Θεός.
716 4044 809 4115 Μὴ
872 4045 982 4115 γάρ
1029 4042 1094 4116 δὴ
1147 4047 1347 4116 χρῆναι
1416 4043 1629 4114 χαίρειν
1679 4042 1841 4096 αὐτὸν

257 4134 657 4206 διισχυρίζεται
690 4135 897 4204 σαφῶς,
929 4133 1071 4188 καθά
1101 4136 1196 4189 καὶ
1227 4134 1296 4188 τά
1322 4134 1483 4188 λοιπά
1512 4135 1622 4188 τῶν
1649 4134 1839 4189 ἐθνῶν.

261 4228 367 4281 Διά
395 4227 553 4280 ποίαν
576 4228 782 4293 αἰτίαν,
811 4230 857 4281 oi
894 4228 994 4297 μὲν
1031 4226 1141 4298 γὰρ
1186 4225 1521 4297 ἠγνοηκότες
1566 4226 1841 4289 παντελῶς

259 4318 359 4371 τὸν
407 4318 567 4387 φύσει
596 4335 657 4371 τε
690 4318 786 4371 καὶ
810 4317 1027 4387 ἀληθῶς
1058 4318 1188 4372 δντα
1228 4316 1381 4381 Θεὸν,
1408 4316 1763 4387 γεννηθέντες
1784 4316 1841 4371 δὲ

266 4409 472 4479 μᾶλλον
517 4410 577 4462 ὲν
620 4409 817 4481 πλάνῃ,
852 4408 994 4478 τάχα
1030 4426 1131 4462 που
1163 4408 1262 4478 τῆς
1301 4406 1632 4479 ἀρρωστίας,
1673 4407 1841 4476 ἤγουν

260 4500 505 4568 ἀμαθίας
519 4499 617 4551 οὐκ
636 4498 899 4553 ἀπίθανον
918 4500 1098 4569 ἔχουσι
1120 4498 1296 4568 λόγον.
1331 4498 1391 4551 'U
1417 4497 1474 4550 δέ
1503 4514 1566 4566 γε
1602 4495 1839 4567 Ἰσραὴλ,

260 4592 445 4646 καίτοι
477 4592 627 4662 νόμῳ
654 4590 1000 4660 παιδαγωγού
1008 4607 1185 4661 μενος,
1215 4590 1307 4644 καὶ
1331 4589 1422 4641 τὸν
1445 4587 1554 4641 τῶν
1582 4587 1719 4641 ὅλων
1747 4589 1842 4640 Δε-

2584 1998 2736 2056 CAP.
2773 1998 2864 2053 IX.

2012 2113 2173 2169 Vnus.
2226 2114 2341 2168 1-4.
2408 2113 2492 2169 Νε
2538 2116 2792 2184 gaudeas,
2820 2112 3035 2179 Israel,
3101 2128 3261 2183 neque
3320 2111 3512 2166 laeteris

1938 2206 2073 2260 sicut
2100 2206 2300 2275 populi,
2326 2207 2452 2276 quia
2486 2206 2781 2274 fornicatus
2818 2221 2872 2259 es
2908 2220 2941 2256 a
2977 2204 3083 2257 Deo
3122 2213 3233 2256 tuo.
3269 2202 3512 2256 Dilexisti

1939 2298 2064 2351 data
2087 2314 2245 2367 super
2276 2313 2480 2352 omnem
2508 2314 2685 2352 aream
2713 2296 2979 2364 frumenti.
3034 2294 3169 2348 Area
3194 2303 3242 2347 et
3279 2292 3514 2347 torcular

1942 2405 2043 2444 nan
2081 2388 2320 2458 cognovit
2354 2403 2466 2450 eos,
2492 2395 2541 2441 et
2575 2387 2750 2441 vinum
2783 2386 2979 2454 decepit
3020 2401 3128 2439 eos.
3161 2380 3281 2438 Non
3307 2382 3514 2435 habita-

1940 2489 2118 2534 verunt
2148 2479 2204 2532 in
2245 2489 2385 2533 terra
2436 2478 2675 2534 Domini.
2727 2477 2997 2532 Habitavit
3042 2475 3297 2542 Ephraim
3342 2474 3512 2543 [Ερμ-

1938 2578 2107 2639 ptum,
2133 2581 2180 2624 et
2209 2571 2265 2624 in
2286 2570 2521 2640 Assyriis
2549 2570 2824 2625 immunda
2853 2570 3143 2623 comedent.
3176 2566 3299 2620 Non
3325 2566 3515 2620 libave-

1940 2671 2060 2714 runt
2100 2660 2320 2715 Domino
2348 2662 2544 2724 uinum,
2579 2669 2627 2714 et
2662 2675 2767 2714 non
2790 2659 3099 2727 placuerunt
3132 2658 3217 2721 ei;
3249 2657 3513 2725 sacriﬁcia

1942 2746 2141 2818 eorum,
2172 2753 2326 2822 quasi
2344 2752 2497 2818 panis
2532 2751 2702 2805 luctus
2737 2751 2884 2819 ipsis.
2924 2750 3116 2806 Omnes
3145 2749 3515 2803 manducantes

1941 2858 2003 2896 ea
2026 2843 2546 2906 contaminabuntur,
2572 2842 2697 2912 quia
2718 2858 2878 2910 panes
2901 2842 3176 2896 animabus
3206 2855 3386 2894 eorum
3412 2855 3517 2892 non

1942 2934 2303 3003 ingredientur
2334 2933 2388 2987 in
2421 2934 2633 2986 domum
2666 2930 2900 2985 Domini.

2021 3133 2177 3203 127
2213 3132 2391 3189 χεν-ι.
2436 3132 2687 3187 Gentium
2728 3131 3004 3207 gregibus,
3051 3139 3240 3201 utpote
3284 3129 3516 3186 stultitia

1947 3226 2237 3294 plurimum
2272 3224 2648 3281 laborantibus
2670 3225 3085 3293 (aberraverunt
3109 3223 3387 3279 enimvero
3409 3236 3519 3276 uno

1947 3317 2259 3387 consensu),
2292 3332 2409 3372 mos
2446 3325 2565 3370 erat
2593 3315 2978 3385 agriculturam
3004 3314 3433 3384 auspicantibus,
3464 3322 3521 3369 et

1945 3416 2145 3463 terrain
2176 3416 2357 3462 aratro
2386 3407 2763 3477 proscissuris,
2810 3408 3022 3462 hostias
3050 3415 3290 3460 mactare
3319 3406 3520 3462 damo-

1945 3498 2138 3561 nibus,
2188 3498 2257 3551 ab
2303 3497 2477 3565 iisque
2535 3497 2752 3568 frugum
2803 3497 3103 3552 ubertatem
3157 3497 3517 3566 comprecari.

1944 3586 2155 3641 Rursus
2199 3595 2443 3655 tempore
2474 3586 2728 3640 hortante
2774 3596 3010 3655 segetem
3042 3585 3394 3650 demetentes,
3430 3591 3519 3638 at-

1942 3690 2051 3746 que
2098 3676 2267 3730 etiam
2325 3674 2695 3729 torcularibus
2758 3689 2894 3729 uvas
2945 3673 3264 3738 inferentes,
3312 3673 3521 3728 deabus

1942 3776 2176 3837 quatuor
2237 3766 2364 3820 anni
2429 3775 2726 3836 temporum
2777 3765 3098 3835 praesidibus
3165 3765 3405 3819 libabant
3444 3774 3520 3818 at

1942 3854 2343 3921 sacrificabant,
2376 3856 2786 3923 torcularesque
2828 3855 3130 3909 cantilenas
3175 3855 3518 3910 modulantes

1942 3946 2173 4016 gratias,
2213 3954 2267 4000 et
2299 3946 2555 4016 gaudium
2590 3946 2942 4015 laetitiamque
2971 3947 3317 4001 continenter
3345 3947 3516 4016 agita-

1944 4038 2096 4091 bant.
2124 4035 2238 4091 Hoc
2280 4035 2423 4091 idem
2456 4035 2717 4092 facientes
2761 4034 3039 4091 lsraelitas
3086 4045 3305 4091 accusat
3350 4036 3513 4101 Deus.

1941 4127 2214 4182 afﬁrmans
2236 4127 2404 4193 clare,
2451 4142 2558 4182 non
2605 4127 2800 4183 decere
2825 4127 2972 4197 ipsos
3008 4142 3161 4183 more
3194 4137 3514 4183 caeterarnm

1942 4218 2182 4287 gentium
2209 4219 2402 4272 laztari.
2436 4218 2609 4284 Quam
2640 4218 2709 4272 ob
2738 4218 3115 4284 causam‘IQui
3151 4219 3294 4272 enim
3324 4227 3516 4273 natura

1942 4320 1999 4364 Θῐ
2038 4324 2168 4364 vere
2214 4308 2384 4363 Deum
2433 4323 2539 4363 non
2581 4317 2939 4378 agnoverunt,
2994 4323 3349 4377 erroremque
3392 4324 3515 4364 cum

1942 4399 2082 4454 lacte
2166 4400 2395 4455 nutricis
2466 4408 2764 4465 suxerunt,
2838 4400 3090 4455 fortassis
3166 4401 3339 4455 morbi
3402 4401 3518 4456 sive

1944 4492 2195 4548 ruditatis
2241 4508 2355 4549 sum
2402 4495 2803 4549 excusationem
2847 4509 2951 4549 non
2991 4495 3366 4550 incredibilem
3413 4495 3515 4549 ha-

1941 4584 2090 4637 bent.
2137 4582 2302 4639 lsrael
2338 4592 2517 4639 autem
2556 4585 2769 4639 tametsi
2810 4585 2931 4655 lege
2978 4585 3279 4650 institutus,
3331 4594 3388 4640 et
3420 4585 3513 4641 Dei

262 4682 475 4752 σπότην
531 4679 885 4750 ἐπεγνωκὼς,
941 4680 1310 4750 πεπόρνευκεν
1369 4679 1450 4741 είς
1519 4676 1838 4731 ἀπόστασιν.

1944 4673 2249 4744 cognitione
2277 4673 2534 4742 imbutus,
2576 4674 2644 4729 ad
2677 4673 3037 4730 defectionem
3065 4683 3150 4729 est
3191 4672 3514 4729 fornicatus.

262 4772 479 4826 Οὐκοῦν
506 4774 661 4825 νοοῖτ’
718 4772 786 4825 ἂν
834 4770 1058 4833 εἰκότως
1087 4769 1180 4823 καὶ
1219 4770 1277 4822 ὲν
1322 4767 1470 4838 αἰτία
1498 4765 1737 4835 γεγονὼς
1780 4768 1846 4837 τῇ

264 4863 666 4933 φορτικωτέρᾳ,
689 4863 783 4915 καὶ
810 4861 1201 4930 δυσδιάφυκτον
1234 4858 1372 4931 ἔχων
1402 4860 1500 4929 τῆς
1530 4858 1847 4922 δυσσεϐείας

263 4952 332 5005 τὸ
360 4952 631 5022 ἔγκλημα.
664 4951 837 5015 Εἰδὼς
860 4952 969 5022 γὰρ
994 4952 1056 5005 τὸ
1083 4952 1293 5023 θέλημα
1308 4947 1401 5003 τοῦ
1423 4949 1630 5019 Κυρίου
1659 4947 1846 5012 αὑτοῦ,

268 5045 671 5115 κατημέλησεν,
704 5044 763 5097 οὑ
806 5043 1093 5113 πεποίηκε.
1148 5043 1454 5114 Δαρήσεται
1485 5041 1548 5111 δὴ
1589 5037 1681 5093 οὖν
1716 5040 1847 5093 πολ-

266 5133 397 5197 λάς·
432 5134 525 5187 τοῦ
559 5134 633 5204 μὴ
656 5133 875 5198 εἰδότος,
918 5129 1034 5186 εἶτα
1063 5132 1137 5204 μὴ
1170 5132 1510 5202 δεδρακότος,
1537 5130 1724 5198 ὀλίγας
1752 5129 1843 5183 δα-

268 5219 596 5289 ρησομένου,
630 5219 771 5273 κατά
791 5219 889 5289 τὴν
915 5219 1009 5272 τοῦ
1043 5220 1293 5290 Σωτῆρος
1323 5220 1506 5289 φωνήν
1526 5256 1541 5272 .
1570 5217 1661 5288 Μὴ
1687 5220 1842 5288 χαῖρε

266 5310 337 5380 δὴ
372 5305 465 5363 οὖν
505 5309 688 5373 καθὼς
711 5310 761 5362 οἱ
786 5310 925 5375 λαοὶ,
961 5310 1145 5380 φησίν.
1184 5312 1244 5363 Ol
1277 5309 1376 5380 μὲν
1410 5310 1516 5381 γὰρ
1545 5328 1563 5361 ι
1613 5310 1709 5362 Ἐκ
1740 5309 1847 5379 μή·

266 5415 409 5467 τρας
463 5399 879 5470 πεπλάνηνταιο
926 5418 944 5449 ι
992 5402 1056 5453 σὺ
1089 5399 1146 5452 δὲ
1184 5400 1332 5469 νόμῳ
1385 5398 1845 5468 παιδαγωγηθεκ,

267 5491 717 5561 ἑκπεπόρνευκας
744 5490 853 5544 ἀπὸ
894 5488 1051 5544 Θεοῦ.
1082 5491 1190 5544 Καὶ
1212 5490 1297 5555 τίς
1325 5490 1503 5544 αὐτῶν
1530 5490 1722 5559 γέγονε
1748 5491 1848 5561 τῆς

266 5581 532 5651 πορνείας
566 5582 595 5633 ὁ
632 5582 864 5653 τρόπος;
930 5581 1211 5653 Ἠγάπησε
1258 5581 1485 5652 δόματα,
1541 5579 1729 5652 φησὶν,
1783 5581 1844 5634 οὐ

1946 4764 2125 4831 Quare
2181 4764 2377 4819 merito
2425 4765 2689 4835 gravioris
2750 4764 2919 4834 culpae
2973 4778 3123 4827 reus,
3184 4771 3240 4818 et
3289 4763 3519 4819 crimine

1946 4854 2240 4926 impietatis
2268 4856 2578 4926 neutiquam
2610 4856 2902 4912 excusabili
2944 4855 3243 4912 obstrictus
3292 4854 3518 4925 intelligi

1944 4954 2140 5017 potest.
2172 4944 2307 4999 Nam
2358 4946 2538 5001 sciens
2566 4946 2899 5000 voluntatem
2933 4944 3146 5000 Domini
3181 4944 3286 5011 sui,
3339 4944 3521 4999 facere

1944 5036 2201 5108 neglexit,
2224 5037 2497 5107 vapulabit
2523 5038 2686 5108 igitur
2709 5038 2892 5092 multis
2918 5055 2935 5107 ;
2958 5052 3083 5092 cum
3108 5051 3140 5091 e
3162 5036 3401 5102 diverso,
3424 5037 3521 5106 qui

1947 5127 2193 5194 nescivit,
2236 5138 2292 5184 et
2324 5137 2503 5183 tamen
2543 5144 2649 5184 non
2692 5129 2838 5193 fecit,
2880 5128 3231 5196 vapulaturus
3281 5128 3354 5183 sit
3384 5142 3518 5197 pau-

1949 5217 2116 5283 cis",
2144 5219 2297 5288 juxta
2346 5234 2532 5275 vocem
2588 5219 2905 5275 Salvatoris.
2971 5219 3048 5275 Ne
3101 5219 3275 5289 gaude
3333 5219 3521 5287 itaque

1948 5311 2091 5366 sicut
2131 5310 2333 5380 populi,
2378 5311 2570 5382 inquit.
2612 5309 2693 5366 Illi
2741 5313 2885 5366 enim
2923 5330 2944 5365 ι
2978 5312 3044 5367 ab
3089 5321 3247 5368 utero
3292 5325 3521 5367 errave-

1946 5409 2073 5456 runt
2096 5400 2182 5457 “:
2217 5420 2237 5453 ι
2290 5410 2347 5456 ιιι
2392 5411 2573 5457 autem
2640 5401 2775 5472 legis
2822 5402 3071 5458 doctrina
3125 5402 3441 5465 instructus,
3478 5416 3509 5453 a

1948 5491 2057 5546 Deo
2089 5492 2383 5548 fornicatus
2422 5506 2502 5547 es.
2547 5491 2793 5559 Quonam
2838 5502 3019 5549 autem
3061 5493 3231 5547 modo~
3260 5490 3512 5545 fornicati

1944 5582 2102 5639 sunt?
2137 5582 2335 5640 Dilcxit
2363 5584 2507 5650 data,
2553 5582 2750 5654 inquit,
2783 5598 2887 5640 non
2928 5583 3161 5653 quidem.
3189 5597 3219 5637 a
3256 5580 3527 5644 θυμω

343 5756 392 5785 ⁸⁸
427 5754 591 5811 Zach.
624 5771 681 5822 ιι,
711 5756 764 5811 5.
841 5757 884 5789 δι
921 5756 1051 5813 Luc.
1089 5772 1187 5822 xu,
1214 5757 1304 5826 47,
1332 5756 1420 5813 48.
1500 5756 1543 5788 ⁸³
1577 5754 1719 5812 Psal.
1751 5770 1879 5811 Lvn.
1910 5756 1964 5811 ί.
