4068 6560
560 356 666 413 215

1594 362 1654 419 S.
1695 362 1969 419 CYRILLI
2010 364 2480 422 ALEXANDRINI
2518 369 2839 426 ARCHIEP.

3733 374 3837 431 216

560 488 585 524 a
632 469 814 526 vitulis
843 480 897 527 et
930 487 959 527 a
994 471 1145 539 Baal,
1180 489 1495 546 quanquam
1525 478 1661 533 nihil
1699 479 1895 535 darent
1924 484 2145 550 petenti-

2255 485 2402 553 παρά
2440 486 2575 539 Θεοῦ
2625 488 2843 557 μᾶλλον,
2893 487 3027 542 ἀλλὰ
3056 490 3124 544 τά
3151 490 3214 543 ὲκ
3246 491 3356 544 τῶν
3384 491 3690 559 δαμάλεων,
3736 496 3831 546 καὶ

564 564 684 617 bus.
720 562 976 629 Quasnam
1022 580 1150 635 ergo
1178 569 1298 622 data
1331 583 1425 625 seu
1459 584 1685 625 munera
1721 574 1789 627 ab
1827 573 1957 642 ipsis
1987 576 2144 626 amb-

567 652 789 706 iebant?
834 672 849 703 ι
884 654 1059 725 Super
1100 670 1318 711 onmem
1367 672 1548 711 aream
1601 659 1880 714 frumenti.
1918 680 1935 712 ι
1980 660 2146 728 lmpie

567 742 831 809 siquidem
886 754 940 801 et
991 747 1312 815 insipienter
1361 748 1535 803 visum
1592 761 1677 805 est
1721 752 1802 806 eis
1853 752 1923 805 ab
1987 752 2144 806 idolis

569 831 821 887 inanibus
868 833 1085 904 frugum
1117 838 1326 905 cupiam
1369 854 1435 893 ex
1472 841 1619 909 agris
1658 850 1867 909 petere,
1904 852 1961 896 ut
2007 843 2139 896 dixi.

568 922 824 986 Quarsivit
860 926 1021 992 igitur
1054 925 1218 983 Israel
1259 929 1382 982 data
1430 945 1529 985 seu
1563 931 1827 987 beneficia
1862 934 1931 987 ab
1961 934 2139 988 idolis.

565 1019 649 1071 An
684 1032 813 1072 vero
849 1021 1138 1088 petitiones
1165 1021 1214 1074 ei
1241 1032 1543 1076 evenerunt
1578 1038 1645 1076 ex
1667 1024 1973 1078 sententia?
1998 1023 2143 1078 Nihil

568 1113 770 1168 minus.
814 1132 833 1164 ι
865 1112 1004 1168 Area
1036 1116 1202 1179 enim,
1245 1124 1302 1169 et
1328 1116 1564 1170 torcular
1594 1132 1701 1171 non
1737 1118 1992 1187 cognovit
2024 1133 2139 1182 eos,

565 1212 623 1257 et
652 1204 836 1258 viuum
868 1205 1079 1274 decepit
1117 1220 1229 1260 eos.
1274 1225 1293 1257 ι
1329 1207 1406 1261 Ae
1442 1207 1713 1261 neminem
1752 1209 1993 1263 discendi
2022 1219 2140 1263 stu-

568 1294 860 1349 diosiorem
889 1296 1055 1351 latent
1092 1296 1441 1365 pestilentiae,
1484 1297 1801 1353 sterilitates
1830 1308 1887 1351 et
1920 1300 2141 1354 siccita-

569 1396 654 1442 tes
710 1386 920 1457 longte,
980 1402 1099 1457 quze
1161 1389 1464 1459 samariam
1516 1398 1872 1459 occuparunt.
1935 1388 2143 1457 Lapsus

569 1486 651 1533 est
691 1492 822 1550 ergo
852 1493 968 1547 spe,
997 1496 1101 1533 nou
1135 1481 1361 1551 adeptus
1392 1494 1511 1549 quae
1541 1481 1783 1548 petebat.
1824 1479 1890 1533 Et
1920 1481 2143 1549 insuper

570 1568 638 1624 ab
668 1569 784 1637 ipsa
813 1580 957 1624 terra
1002 1580 1192 1626 sancta
1238 1582 1604 1634 recesserunt,
1645 1582 1699 1625 et
1738 1570 1968 1640 ingressi
2017 1580 2142 1626 sunt

572 1659 888 1731 Egyptum,
939 1671 998 1717 ut
1046 1664 1323 1731 regionem
1385 1663 1686 1728 munitam,
1754 1662 1841 1716 ubi
1900 1661 2143 1732 pluribus

570 1753 737 1808 etiam
770 1754 873 1809 diis
910 1755 1239 1810 servierunt.
1275 1754 1418 1809 Mille
1450 1757 1595 1809 enim
1632 1756 1684 1809 in
1724 1754 1962 1825 .IEgypto
1998 1754 2137 1809 idola

572 1844 908 1909 visebantur,
954 1857 1009 1901 et
1054 1848 1345 1902 colentium
1403 1849 1516 1915 ipsa
1566 1847 1792 1901 miriﬁca
1835 1850 1901 1901 de
1954 1861 2141 1900 eorum
2177 1832 2216 1889 Β

572 1937 809 2004 potentia
836 1938 1039 2006 Opinio.
1069 1938 1230 2008 128
1248 1938 1467 2006 Magicis
1491 1938 1693 2007 quippe
1723 1937 1930 1989 artibus
1962 1936 2144 1989 omnia

567 2025 676 2079 ‘tevi
714 2028 928 2094 negotio
955 2030 1234 2082 commode
1265 2028 1591 2082 efﬁciebant.
1628 2026 1790 2081 Vetiti
1821 2036 1948 2079 sunt
1979 2026 2145 2094 igitur

572 2118 737 2173 etiam
789 2118 1039 2174 habitare
1072 2119 1125 2173 in
1160 2130 1300 2173 terra
1331 2137 1357 2172 ει
1392 2118 1499 2174 Deo
1546 2118 1740 2182 electa,
1782 2134 1943 2187 quam
1977 2116 2146 2171 idolo-

574 2223 693 2263 rum
725 2210 944 2280 regione
970 2220 1396 2265 commutarunt.
1437 2212 1542 2268 Sed
1568 2210 1816 2279 quamvis
1860 2212 1962 2264 hoc
2000 2208 2141 2264 fece-

572 2299 706 2363 rint,
752 2299 1064 2369 migrabunt
1108 2300 1176 2355 ad
1226 2301 1501 2369 Assyrios.
1542 2317 1562 2351 ι
1596 2298 1710 2353 Non
1758 2298 2000 2353 libabant
2040 2298 2143 2353 Do‘

573 2392 741 2447 mino.
777 2410 798 2443 ι
838 2393 1106 2463 Congesto
1151 2393 1295 2447 enim
1348 2393 1401 2447 in
1446 2392 1690 2447 torcular
1730 2390 1907 2446 fructu
1952 2391 2143 2455 vineae,

574 2482 838 2550 primitias
863 2482 1107 2538 libabant
1145 2484 1397 2548 dmmoni,
1432 2498 1537 2538 non
1570 2482 1702 2547 Deo,
1742 2483 1887 2537 unde
1917 2496 2147 2551 accepe-

573 2583 717 2629 rant.
749 2574 1080 2629 Dedicabant
1107 2575 1269 2628 etiam
1307 2588 1496 2643 panes,
1541 2583 1601 2628 ut
1634 2574 1904 2643 primitias
1933 2574 2146 2628 messis.

574 2667 646 2719 At
684 2666 827 2725 enim
871 2666 921 2719 in
972 2667 1485 2721 contaminationem
1522 2675 1577 2721 et
1618 2666 2051 2735 profanationem
2085 2679 2149 2719 ea

574 2768 664 2807 res
693 2754 824 2822 ipsis
864 2756 1037 2818 cedet,
1083 2755 1278 2823 inquit,
1316 2765 1367 2810 et
1411 2764 1468 2809 ut
1507 2771 1675 2824 panes
1723 2755 1903 2811 luctus
1933 2765 2149 2824 reputa-

575 2844 798 2908 buntur,
834 2860 953 2914 qua:
1000 2844 1322 2914 oll’eruntur,
1375 2847 1477 2902 hoc
1521 2858 1622 2912 est,
1672 2849 2055 2914 abominanda,
2097 2857 2153 2902 et

575 2934 825 3003 profana,
854 2944 910 2989 et
951 2935 1163 2990 odiosa.
1194 2934 1304 2990 Cur
1339 2937 1453 2990 ita?
1482 2937 1592 2992 Lex
1623 2939 1765 2992 enim
1817 2940 2151 2993 immundum

579 3027 926 3093 decernebat,
973 3028 1065 3096 qui
1112 3029 1572 3098 apprOpinquaret
1608 3040 1822 3083 mortuo
1845 3028 1911 3081 ".
1944 3029 2152 3098 Appro-

2247 578 2426 631 Βάαλ·
2458 580 2635 632 καίτοι
2663 580 2914 633 διδόντων
2938 583 3049 645 τοῖς
3082 582 3325 636 αἰτοῦσιν
3350 582 3523 637 οὐδέν.
3569 584 3693 635 Ἐπὶ
3725 584 3833 638 τίσι

2245 671 2302 724 δὲ
2336 674 2467 741 παρ’
2497 674 2675 725 αὐτῶν
2705 673 2886 744 ἐζήτει
2911 674 3159 744 δόματα;
3215 693 3235 725 ‹
3274 675 3399 727 Ἐπὶ
3434 676 3613 730 πάντα
3636 675 3825 729 ἅλωνα

2248 763 2416 815 σίτου.
2470 782 2489 815 ι
2537 764 2742 817 Ἐδόκει
2792 764 2903 835 γὰρ
2950 765 3182 828 ἀνοσίως
3221 767 3408 828 αὐτοῖς
3449 766 3544 818 καὶ
3589 764 3834 829 ἀδούλως

2244 858 2343 920 τὰς
2390 855 2450 920 ἐξ
2499 856 2687 927 ἀγρῶν
2731 858 2904 910 αίτεῖν
2957 857 3288 928 εὐκαρπίας,
3326 858 3403 921 ὡς
3436 858 3591 929 ἔφην,
3623 860 3688 911 ὲκ
3726 859 3833 911 τῶν

2242 949 2506 1003 διακενῶν
2534 949 2915 1020 σεϐασμάτων·
2958 968 2976 1000 ι
3005 951 3131 1020 'Ap‘
3177 946 3272 1004 οῦν
3302 950 3484 1021 ἐζήτει
3521 952 3689 1020 μὲν-δ
3730 951 3833 1003 Ἰσι-

2246 1042 2383 1113 ραὴλ
2415 1042 2568 1113 παρά
2606 1042 2714 1094 τῶν
2763 1041 2997 1096 εἰδώλων
3040 1042 3111 1096 τὰ
3152 1043 3380 1113 δόματα.
3432 1044 3736 1111 Ἐκὸἐὸηκε
3780 1043 3833 1094 δὲ

2243 1133 2391 1204 αὐτῷ
2429 1134 2550 1188 κατ’
2581 1134 2747 1204 εὐχὴν
2793 1133 2863 1186 τὰ
2909 1134 3220 1204 αἱτήματας
3263 1133 3561 1203 Οῠμενουν.
3596 1156 3614 1185 ι
3650 1134 3835 1187 ’Λλων

2244 1228 2376 1297 γὰρ,
2411 1228 2506 1280 καὶ
2534 1226 2694 1297 ληνός
2720 1227 2821 1279 οὐκ
2858 1225 2998 1293 ἔγνω
3031 1227 3250 1290 αὐτοὺς,
3294 1226 3390 1280 καὶ
3424 1227 3452 1277 ό
3485 1222 3627 1288 οἶνος
3669 1224 3834 1295 ἐψεύ-

2246 1337 2372 1372 σατο
2404 1318 2618 1381 αὐτούς.
2663 1338 2680 1369 ι
2709 1320 2866 1372 Ἔστι
2908 1320 2965 1373 δὲ
2996 1320 3148 1373 οὐδὲν
3186 1318 3297 1372 τῶν
3349 1317 3835 1388 φιλομαθεστέρων

2242 1412 2563 1481 ἀμφίλογον,
2612 1412 2693 1463 ὃτι
2735 1410 2913 1481 λοιμοὶ
2969 1410 3259 1480 γεγόνασιν
3298 1411 3354 1463 ὲν
3399 1412 3463 1479 τῇ
3525 1409 3832 1478 Σαμαρείᾳ,

2244 1502 2465 1573 ἀφορίαι
2520 1519 2576 1554 τε
2633 1504 2728 1555 καὶ
2774 1502 3025 1573 ἁδροχίαι
3088 1500 3321 1571 μακραί.
3378 1499 3702 1569 Ἠμάρτηκε
3774 1497 3836 1567 δὴ

2242 1589 2334 1646 οὖν
2362 1591 2591 1656 ἐλπίδος,
2622 1592 2681 1644 οὐ
2705 1592 2890 1645 λαϐὼν
2907 1593 2975 1645 τὰ
3000 1593 3277 1660 αἰτήματα
3296 1606 3312 1622 ο
3338 1589 3433 1642 καὶ
3462 1588 3688 1657 προσέτι
3710 1587 3834 1639 τού-

2241 1702 2339 1754 τῳ,
2365 1683 2457 1736 καὶ
2480 1683 2650 1753 αὐτῆς
2672 1682 2956 1753 ἀπῴχοντο
2991 1684 3093 1752 τῆς
3128 1681 3289 1750 ἁγίας
3318 1682 3440 1749 γῆς,
3465 1681 3557 1734 καὶ
3585 1678 3838 1747 εἰσῆλθον

2245 1780 2323 1840 είς
2346 1775 2639 1844 Αίγυπτον,
2669 1774 2746 1835 ὡς
2778 1777 2858 1837 είς
2890 1772 3074 1845 χώραν
3106 1772 3543 1843 τετειχισμένην,
3592 1771 3689 1824 καὶ
3726 1773 3836 1835 toi;

2247 1870 2327 1924 ἔτι
2357 1869 2565 1924 πλείοσι
2599 1868 2741 1931 θεοῖς
2770 1868 3079 1938 ὲλάτρευον.
3126 1866 3313 1937 Μυρία
3350 1861 3549 1936 γὰρῆν
3574 1867 3633 1917 ὲν
3670 1862 3837 1931 Αίγύ-

2246 1980 2367 2033 πτῳ
2388 1962 2457 2014 τὰ
2480 1960 2817 2030 σεϐάσματα,
2842 1960 2936 2012 καὶ
2958 1958 3070 2011 τῶν
3100 1956 3514 2029 θεραπευόντων
3536 1954 3677 2008 αὒτά
3710 1955 3838 2008 θαυ·

2250 2053 2427 2122 μαστή
2457 2068 2541 2115 τις
2569 2049 2838 2120 ὑπόληψις
2873 2050 2967 2103 ἐπὶ
2998 2050 3362 2112 δυναστείαις,
3399 2048 3475 2111 ὡς
3514 2051 3636 2110 ταῖς
3676 2065 3840 2117 μαγι·

2247 2147 2370 2206 καῖς
2397 2142 2712 2215 ἐμπειρίαις
2742 2144 2922 2195 πάντα
2947 2140 3250 2212 κατορθοῦν
3276 2140 3517 2203 εὐκόλως
3539 2139 3838 2210 δεδυνημέ-

2246 2254 2372 2290 νων.
2405 2236 2763 2307 ’Δπειρήκασι
2789 2234 2853 2305 δὴ
2875 2230 3046 2289 οὖντὸ
3065 2236 3339 2287 κατοικεῖν
3368 2235 3425 2286 ὲν
3455 2235 3520 2302 τῇ
3550 2232 3838 2303 ἀπολέκτῳ

2246 2330 2398 2399 παρά
2425 2328 2543 2397 Θεῷ
2580 2330 2674 2397 γῇ,
2701 2328 2796 2380 κα)⁸
2822 2326 2922 2387 τὴν
2956 2326 3067 2381 τῶν
3115 2324 3353 2380 εἰδώλων
3385 2324 3694 2395 ἠλλάξαντο
3726 2324 3835 2393 χῷ-

2252 2437 2370 2491 ραν.
2413 2418 2549 2471 Ἀλλ’
2574 2420 2622 2471 εί
2660 2420 2755 2472 καὶ
2798 2416 2959 2471 τοῦτο
2996 2418 3313 2489 δεδράκασι,
3351 2416 3666 2487 βαδιοῦνται
3704 2416 3839 2486 πρὸς

2262 2509 2578 2581 Ἀσσυρίους
2629 2527 2647 2560 ι
2682 2508 2795 2561 Οὐκ
2842 2507 3096 2560 ἔσπενδον
3130 2505 3207 2577 τῷ
3240 2506 3453 2579 Κυρίῳ.
3507 2526 3526 2559 ι
3566 2507 3835 2574 Συνενεγ-

2250 2603 2438 2666 κόντες
2460 2600 2569 2671 γὰρ
2600 2603 2657 2654 ὲν
2688 2601 2870 2671 ληνοῖς
2897 2601 2989 2655 τὸν
3012 2600 3070 2668 ἐξ
3101 2600 3350 2672 ἀμπέλου
3378 2602 3613 2672 καρπὸν,
3648 2599 3842 2652 ἔσπεν-

2249 2694 2337 2747 δον
2364 2695 2474 2757 τοῖς
2496 2691 2714 2762 δαίμοσι
2738 2691 2837 2755 τὰς
2865 2692 3142 2764 ἀπαρχὰς,
3170 2691 3268 2745 καὶ
3293 2692 3417 2761 οὐχὶ
3445 2690 3524 2761 τῷ
3538 2691 3686 2744 δόντι
3703 2689 3839 2759 Θεῷ.

2262 2785 2550 2854 Ἀνέφερον
2582 2783 2640 2837 δὲ
2670 2783 2764 2837 καὶ
2805 2784 3027 2854 ἄρτους,
3076 2784 3151 2845 ὡς
3183 2784 3241 2835 ὲν
3279 2782 3501 2853 ἁπαρχῇ
3552 2777 3838 2850 θερισμοῦ.

2251 2874 2398 2943 Πλὴν
2435 2876 2517 2937 εἰς
2549 2871 2827 2944 μολυσμὸν
2871 2874 2966 2925 καὶ
3007 2871 3308 2943 βεϐήλωσιν
3336 2869 3395 2925 τὸ
3423 2871 3615 2942 χρῆμα
3656 2871 3843 2931 αὐτοῖς

2250 2968 2560 3037 γενήσεται,
2605 2968 2761 3035 φησι,
2797 2964 2894 3018 καὶ
2918 2965 2994 3027 ὡς
3025 2963 3225 3035 ἄρτους
3266 2962 3499 3028 πένθους
3544 2962 3843 3029 καταλογι-

2254 3059 2514 3130 σθήσεται
2540 3056 2609 3110 τά
2636 3054 3142 3127 προσκομιζόμενα,
3184 3056 3455 3119 τουτέστι,
3496 3053 3733 3124 βδελυρὰ
3761 3068 3840 3115 τε,

577 3118 868 3186 pinquaret
915 3127 1128 3184 autem,
1189 3130 1283 3174 aut
1329 3135 1425 3189 per
1468 3120 1748 3190 sanguinis
1798 3122 2150 3175 communita-

2255 3118 2598 3218 καίβέϐηλα,
2642 3118 2734 3199 καὶ
2768 3118 3153 3215 ἀπηχθημένα.
3202 3144 3302 3197 Διά
3351 3118 3511 3197 ποίαν
3564 3118 3785 3203 αίτίαν;
3816 3142 3845 3194 ό

579 3219 713 3274 tem,
752 3219 845 3263 aut
890 3225 984 3280 per
1035 3200 1210 3281 ipsum
1260 3224 1589 3271 contactum.
1640 3214 1942 3287 Oportebat
1990 3218 2153 3289 igitur

578 3314 779 3369 genere
806 3303 1158 3373 propinquos,
1191 3316 1285 3361 aut
1321 3309 1525 3363 amicos
1563 3323 1902 3367 mortuorum
1932 3321 2154 3381 propter

580 3395 781 3450 luctum
811 3397 1193 3462 contaminari,
1225 3408 1481 3455 curantes
1524 3393 1819 3469 mortuum,
1850 3412 1903 3456 et
1925 3402 2071 3470 justa
2102 3403 2150 3457 ei

580 3484 762 3540 facere
799 3488 1096 3556 cupientes.
1153 3489 1221 3543 Et
1261 3500 1418 3545 erant
1462 3492 1735 3545 immunda
1791 3492 1995 3559 omnia,
2034 3506 2154 3561 quae

579 3577 653 3631 illi
688 3577 824 3633 forte
871 3580 1199 3650 attigissent.
1238 3582 1401 3638 Panis
1454 3584 1637 3652 itaque
1682 3585 1862 3640 luctus
1909 3594 2016 3652 est,
2060 3587 2152 3654 qui

578 3677 851 3721 mortuum
875 3667 1182 3739 lugentibus
1209 3674 1499 3740 apponitur
1530 3674 1582 3725 in
1609 3674 1955 3739 alimentum,
1989 3688 2151 3742 quem

579 3757 661 3812 vel
692 3767 913 3827 gustare
950 3759 1297 3815 durissimum
1327 3762 1632 3829 videbatur,
1679 3762 2029 3831 pollutionem
2072 3777 2158 3818 su-

581 3863 679 3917 per
724 3860 941 3905 mortuo
978 3850 1219 3919 effugere
1270 3853 1590 3907 nitentibus.
1652 3854 1849 3909 Polluti
1901 3854 2067 3924 igitur
2101 3862 2158 3910 et

583 3938 868 4007 abiiciendi
901 3940 1066 3994 etiam
1114 3941 1212 4009 ipsi
1241 3957 1427 4011 panes,
1461 3944 1654 4013 inquit,
1692 3945 1781 4014 qui
1819 3945 1936 4000 loco
1967 3945 2156 4014 primi-

584 4032 783 4085 tiarum
836 4031 1031 4086 messis
1078 4031 1240 4085 oblati
1290 4030 1510 4099 fuerint,
1563 4052 1581 4085 ι
1615 4045 1671 4089 et
1720 4036 1810 4105 qui
1870 4037 2159 4090 comedunt

584 4137 700 4187 eos,
728 4121 1051 4190 polluentur.
1088 4142 1107 4174 ι
1146 4122 1315 4178 Utiles
1340 4136 1519 4180 autem
1553 4125 1731 4194 potius
1757 4134 1913 4179 erunt
1947 4126 2158 4180 anima-

568 4213 685 4291 ‘bus
718 4215 980 4283 ipsorum,
1033 4214 1086 4269 id
1131 4224 1233 4279 est,
1266 4215 1332 4269 ad
1379 4230 1531 4270 esum
1578 4216 1837 4284 ipsorum.
1868 4234 1886 4267 ι
1916 4214 2033 4269 Νοιι
2074 4217 2157 4270 in-

582 4304 895 4374 gredientur
937 4306 1081 4359 enirn
1128 4306 1181 4360 in
1213 4305 1429 4361 domum
1475 4306 1688 4361 Domini
1711 4307 1779 4360 “.
1814 4324 1833 4357 ι
1869 4304 2157 4362 Sciendum

584 4410 748 4463 porro
783 4396 955 4465 legem
1006 4411 1223 4466 quoque
1263 4398 1530 4466 primitias
1577 4398 1793 4465 messis,
1831 4398 2157 4469 manipulos-

2259 3244 2421 3313 νόμος
2468 3240 2567 3311 μὲν
2590 3238 2698 3310 γὰρ
2731 3237 3043 3309 ἀκάθαρτον
3093 3239 3267 3290 ἐποίει
3311 3235 3403 3288 τὸν
3440 3234 3734 3303 ἐγγίζοντα
3762 3249 3845 3284 νε·

2260 3335 2398 3407 κρῷ⁸
2435 3332 2724 3399 ἐγγίζοντα
2758 3331 2836 3393 δὲ,
2868 3329 2900 3399 ἢ
2926 3328 3048 3381 καθ’
3070 3330 3303 3399 αἵματος
3322 3327 3653 3397 οἰκειότητα,
3679 3326 3845 3396 ἤγουν

2259 3429 2353 3481 καὶ
2385 3425 2506 3478 κατ’
2536 3422 2705 3491 αὐτὴν
2722 3421 2822 3489 τὴν
2846 3420 2941 3472 τοῦ
2964 3419 3217 3488 σώματος
3242 3419 3408 3488 ἁφήν.
3431 3414 3543 3471 Ἦν
3562 3412 3657 3471 οῦν
3679 3416 3845 3483 ἀνάγο

2260 3535 2329 3587 κη
2360 3515 2487 3578 τοὺς
2524 3512 2663 3566 κατά
2690 3512 2846 3579 γένος
2872 3510 3058 3578 ἐγγὺς,
3088 3508 3120 3579 ἢ
3155 3509 3345 3576 φίλους
3380 3507 3491 3561 τῶν
3526 3506 3844 3574 τετελευτη-

2261 3611 2432 3663 κότων
2463 3606 2555 3659 ἐπὶ
2605 3603 2685 3673 τῷ
2731 3602 2917 3655 πένθει
2970 3601 3302 3672 μιαίνεσθαι,
3357 3600 3724 3670 περιέποντας
3759 3597 3847 3651 τὸν

2261 3700 2474 3771 νεκρὸν,
2501 3697 2596 3750 καὶ
2624 3696 2755 3765 δρᾷν
2781 3693 3064 3756 ἐθέλοντας
3078 3694 3164 3745 ἐπ’
3188 3690 3339 3761 αὐτῷ
3361 3690 3428 3745 τὰ
3448 3689 3843 3759 νενομισμέναο

2262 3791 2441 3843 πάντα
2468 3788 2522 3840 δὲ
2548 3782 2615 3857 ἦν
2644 3785 2927 3855 ἀκάθαρτα
2960 3776 3035 3836 ὧν
3077 3782 3142 3837 ἂν
3191 3782 3391 3844 αὐτοὺς
3420 3779 3621 3851 συνέῆη
3652 3779 3844 3847 θίγειν.

2267 3878 2464 3949 Ἀρτος
2488 3872 2581 3929 οὗν
2622 3873 2849 3936 πένθους
2876 3874 2903 3924 ὁ
2933 3874 3044 3935 τοῖς
3067 3869 3324 3925 πενθοῦσι
3352 3870 3547 3939 νεκρὸν
3582 3866 3849 3937 παρακείο

2266 3986 2425 4040 μενος
2453 3969 2533 4030 εἰς
2580 3966 2815 4037 τροφήν·
2870 3956 2932 4017 οὗ
2983 3962 3078 4016 καὶ
3116 3960 3508 4030 ἀπογεύεσθαι,
3569 3959 3849 4012 πάνδεινον

2264 4060 2570 4121 ὲῶκειτοῖς
2594 4054 2981 4128 παραιτεῖσθαι
3008 4053 3409 4125 μεμελετηκόσι
3436 4050 3528 4105 τὸν
3556 4051 3651 4103 ἐπὶ
3670 4050 3851 4121 νεκρῷ

2268 4154 2565 4225 μολυσμόν.
2602 4152 2803 4222 Μιαροὶ
2844 4147 3136 4219 τοιγαροῦν
3171 4146 3264 4200 καὶ
3291 4144 3586 4216 ἀπόϐλητοι
3624 4144 3719 4197 καὶ
3750 4143 3848 4197 αὕ-

2264 4245 2367 4307 τοὶ,
2394 4244 2578 4314 φησὶν,
2606 4244 2655 4294 οξ
2686 4242 2861 4311 ἄρτοι,
2896 4240 3056 4310 οἵπερ
3087 4238 3153 4291 ἂν
3183 4235 3639 4308 προσκομισθεῖεν
3674 4235 3751 4298 ὡς
3796 4235 3850 4286 ὲν

2266 4337 2490 4405 ἀπαρχῇ
2530 4332 2726 4404 θερῶν.
2768 4350 2785 4382 ι
2824 4332 2935 4385 Καὶ
2963 4333 3011 4383 οἱ
3045 4328 3318 4390 ἐσθίοντες
3353 4327 3571 4391 αὐτοὺς,
3616 4324 3848 4396 μιανθή-

2269 4440 2475 4476 σονται.
2516 4441 2533 4472 ι
2574 4421 2831 4473 Ἔσονται
2859 4420 2915 4471 δὲ
2943 4419 3205 4489 χρήσιμοι
3254 4414 3452 4485 μᾶλλον
3494 4415 3614 4478 ταῖς
3652 4413 3849 4483 ψυχαῖς

583 4506 690 4557 ιιυθ
727 4500 783 4545 θῑ
812 4504 1004 4559 Panem
1053 4492 1107 4545 ίη
1143 4491 1467 4546 εθεΐίίίθίυηι
1510 4490 1695 4546 om?“
1728 4492 2050 4562 Ρτποθυῖδεθ
2087 4493 2157 4547 ur
2191 4516 2239 4578 ι)
2265 4512 2464 4573 αὐτῶν,
2515 4510 2812 4575 τουτέστιν,
2836 4510 2915 4571 είς
2941 4507 3142 4578 βρῶσιν
3173 4506 3374 4567 αὐτοῖς.
3419 4522 3437 4555 ι
3468 4502 3583 4557 Οὺκ
3614 4502 3850 4556 εἰσελεύ-

579 4579 699 4635 Jam
750 4596 879 4635 vero
914 4580 1098 4639 Israel.
1148 4597 1268 4651 quas
1320 4580 1424 4636 sibi
1460 4580 1628 4651 gloria
1673 4581 1767 4635 Dei
1811 4578 2141 4646 vindicabat,

583 4669 889 4724 simulacris
925 4668 1209 4735 oﬂerebal,
1246 4669 1356 4724 Deo
1402 4670 1531 4724 licet
1570 4670 1853 4723 manifeste
1896 4670 2112 4723 dicente
2142 4686 2157 4723 :

592 4776 611 4808 ι
640 4758 882 4813 Gloriam
932 4774 1111 4814 meam
1158 4761 1313 4815 alteri
1350 4777 1457 4815 non
1510 4760 1671 4828 dabo,
1716 4775 1892 4830 neque
1934 4762 2161 4815 virtutes

584 4863 732 4904 meas
762 4850 1066 4907 simulacris
1085 4852 1148 4907 “.
1179 4870 1198 4904 ι

658 5140 923 5204 Quocirca
954 5139 1023 5195 ad
1055 5140 1223 5194 vitam
1255 5141 1664 5195 sustentandam
1697 5141 1956 5211 requisita
1985 5154 2013 5194 a
2050 5141 2161 5197 Deo

586 5230 815 5299 petenda
867 5241 1013 5299 sunt,
1046 5233 1518 5304 conﬁtendumque
1545 5234 1717 5303 ipsum
1757 5249 1877 5287 esse
1916 5233 2159 5289 datorem

586 5334 640 5378 et
687 5324 994 5394 largitorem
1040 5327 1220 5381 omnis
1250 5325 1516 5380 ubertatis
1550 5335 1770 5390 nostrae,
1813 5326 1925 5379 sive
1975 5326 2063 5379 illa
2096 5327 2162 5381 ad

588 5428 811 5485 corpus,
845 5417 959 5471 sive
983 5416 1050 5471 ad
1090 5417 1339 5486 spiritum
1370 5416 1662 5483 pertineat.
1703 5414 1811 5469 Nec
1842 5418 1983 5470 cnim
2026 5417 2161 5473 alius

589 5516 672 5561 est
701 5517 900 5576 prazter
930 5507 1081 5561 illum
1114 5509 1203 5576 qui
1236 5505 1465 5577 pluat",
1508 5512 1568 5559 ut
1605 5506 1865 5574 scriptum
1912 5516 2032 5572 est;
2061 5509 2159 5581 sed

589 5609 721 5652 nutu
754 5599 871 5667 ejus
904 5600 1086 5669 fruges
1118 5598 1448 5668 temporibus
1487 5597 1599 5655 suis
1628 5600 1742 5654 ruri
1786 5599 2076 5667 exsistunt,
2106 5610 2163 5657 et

2270 4620 2450 4657 σονται
2478 4602 2587 4673 γάρ
2619 4602 2698 4664 είς
2735 4596 2883 4654 οἷκον
2922 4600 3149 4668 Κυρίου.
3193 4615 3211 4647 ι
3246 4594 3460 4648 Εῑδέναι
3492 4594 3549 4647 δὲ
3598 4594 3725 4665 χρὴ,
3771 4594 3849 4647 ὅτι

2267 4696 2361 4747 καὶ
2392 4694 2421 4745 ὁ
2458 4694 2651 4762 νόμος.
2704 4689 2957 4761 ἀπαρχὴν
2993 4686 3277 4760 θερισμοῦ,
3312 4684 3603 4756 δράγματα
3636 4701 3699 4736 τε
3759 4682 3849 4737 καὶ

2268 4786 2431 4855 ἄρτον
2449 4783 2745 4853 προσάγειν
2775 4781 3021 4833 ἐκέλευεν
3047 4779 3127 4842 είς
3156 4777 3365 4832 θυσίαν.
3415 4776 3762 4846 Μετεκόμισε
3797 4773 3851 4826 δὲ

2268 4879 2296 4929 ὁ
2337 4874 2551 4945 Ἰσραὴλ
2581 4873 2649 4927 τὰ
2677 4875 2756 4937 εἰς
2784 4874 2945 4940 δόξαν
2980 4870 3117 4925 Θεοῦ
3165 4874 3281 4936 τοῖς
3332 4870 3613 4939 γλυπτοῖς.
3656 4868 3851 4922 Καίτοι

2267 4963 2403 5016 Θεοῦ
2446 4963 2694 5030 λέγοντος
2727 4963 3007 5034 ἐναργῶςο
3039 4982 3055 5013 ι
3092 4960 3203 5032 Τὴν
3230 4960 3388 5025 δόξαν
3430 4977 3532 5031 μου
3578 4958 3749 5029 ἑτέρῳ
3791 4955 3850 5009 οὗ

2268 5050 2426 5106 δώσω
2457 5052 2577 5105 οὐδὲ
2605 5051 2703 5115 τάς
2734 5052 2937 5123 ἀρετάς
2970 5067 3072 5121 μου
3100 5051 3215 5114 τοῖς
3238 5050 3516 5118 γλυπτοῖς.
3548 5065 3568 5099 ›

2341 5143 2550 5198 Οὐκοῦν
2582 5145 2878 5213 ἀναγκαῖον
2912 5144 3089 5197 αἰτεῖν
3123 5142 3275 5213 παρὰ
3305 5139 3440 5194 Θεοῦ
3480 5139 3549 5192 τά
3602 5135 3846 5207 ζωαρκῆ,

2269 5236 2363 5289 καὶ
2415 5234 2579 5289 αὐτὸν
2635 5236 2917 5306 ὁμολογεῖν
2968 5235 3173 5307 δοτῆρα
3216 5234 3313 5287 καὶ
3351 5230 3586 5303 χορηγὸν
3634 5231 3849 5298 ἁπάσης

2267 5330 2400 5398 ἡμῖν
2451 5328 2757 5398 εὐκαρπίας
2811 5327 3132 5397 σωματικῆς
3168 5325 3265 5379 καὶ
3317 5322 3696 5393 πνευματικῆς
3728 5337 3741 5349 ·
3789 5318 3848 5373 οὐ

2264 5420 2374 5490 γάρ
2407 5421 2552 5473 ὲστιν
2580 5420 2765 5490 ’έτερος
2800 5420 2927 5490 παρ’
2960 5418 3122 5472 αὑτὸν
3154 5414 3410 5482 ὐετίζων,
3459 5414 3600 5467 κατὰ
3652 5412 3714 5466 τὸ
3757 5429 3847 5481 γε·

2264 5510 2603 5581 γραμμένον,
2630 5509 2766 5563 ἀλλά
2793 5511 2905 5572 τοῖς
2932 5508 3096 5563 αὑτοῦ
3121 5510 3381 5580 νεύμασι,
3402 5505 3496 5559 καὶ
3520 5505 3589 5558 τά
3616 5503 3675 5568 ἐξ
3692 5502 3851 5574 ὡρῶν

2261 5600 2473 5672 ἀνίσχει
2498 5603 2620 5655 κατ’
2658 5600 2882 5671 ἀγροὺς,
2914 5600 3008 5653 καὶ
3048 5601 3149 5671 τῆς
3176 5599 3388 5657 ἄνωθεν
3431 5593 3683 5664 εὐλογίάς
3718 5593 3847 5647 tua-

662 5780 707 5813 ⁵³
737 5780 893 5837 Num.
928 5799 1040 5846 xix,
1068 5784 1156 5837 2:2.
1233 5784 1276 5815 “
1318 5784 1482 5837 Exod.
1519 5800 1674 5845 χχιιι.
1714 5786 1794 5843 l9.
1875 5786 1916 5819 "
1944 5785 2116 5842 Levit.
2151 5800 2244 5852 vu,
2283 5784 2366 5850 ll,
2404 5784 2486 5841 l2.
2560 5788 2607 5820 "
2638 5784 2743 5843 lsa.
2778 5787 2984 5855 XLII,8.
3061 5788 3105 5819 ⁸⁷
3136 5785 3247 5842 Jcr.
3287 5794 3407 5841 HV.
3436 5776 3528 5832 '33-
