4068 6540
152 392 281 446 9.ιῖ

1108 387 1662 445 (ΖΟΜΜΕΝΤΑΒΙΟΞ
1700 388 1772 443 IN
1808 388 2041 445 OSEAM
2080 385 2525 443 PROPHE'I‘AM.

3349 387 3456 441 218

158 511 569 585 πιμπλάμεθα,
604 509 695 564 τὸν
721 509 909 582 νοητὸν
941 509 1104 583 ἄρτον
1133 510 1478 583 τρεφόμενοι,
1511 511 1605 564 καὶ
1626 505 1767 564 οίνον

1877 525 2107 581 superna
2162 510 2541 564 benedictione
2590 508 2882 576 replemur,
2924 524 3067 580 pane
3111 508 3214 565 sub
3256 508 3458 563 Intelli-

159 606 401 675 ἔχοντες
430 603 521 656 τὸν
553 602 611 668 ὲξ
642 602 899 674 οὐρανοῦ,
931 620 951 653 ι
992 602 1095 656 Τὸν
1145 602 1508 676 εὐφραίνοντα
1540 602 1768 673 καρδίαν

161 696 495 766 ἀνθρώπου.
534 712 553 746 ι
590 694 775 748 Ταῦτα
806 697 1019 766 φρονεῖν
1049 694 1338 766 ᾑρημένοι,
1369 696 1771 766 κατοικήσομεν

166 790 283 858 τὴν
341 788 505 855 ἁγίαν
542 786 670 856 γῆν.
738 785 1007 855 Ἐσόμεθα
1056 803 1164 857 γαρ
1206 786 1343 855 μετὰ
1376 786 1534 850 Θεοῦ,
1586 786 1679 839 καὶ
1712 787 1771 839 ὲν

185 876 513 947 Ἀσσυρίοις
544 874 831 945 ἀκάθαρτα
861 876 920 927 οὐ
975 874 1285 944 φαγόμεθα.
1352 874 1771 927 Καταδόσκουσι

165 968 293 1036 γὰρ
319 968 379 1019 ὲν
404 964 767 1036 ἁκαθαρσίαις
790 964 915 1026 τοὺς
950 963 1277 1034 προσιόντας
1308 962 1489 1026 αὐτοῖς
1534 980 1552 1014 ι
1588 963 1652 1016 Oi
1678 979 1771 1015 κο-

171 1058 567 1128 σμοκράτορες
600 1056 693 1109 τοῦ
727 1055 922 1118 αἰῶνος
942 1054 1157 1120 τούτου,
1188 1054 1258 1107 τὰ
1296 1053 1643 1126 πνευματικὰ
1673 1053 1771 1125 τῆς

170 1151 454 1222 πονηρίας
487 1150 543 1201 ὲν
570 1150 680 1210 τοῖς
710 1147 1072 1219 ἐπουρανίοις.
1109 1167 1128 1200 ι

262 1242 322 1296 Τί
362 1239 648 1306 ποιήσετε
667 1238 737 1293 ἐν
762 1237 951 1308 ἡμέρᾳ
976 1242 1382 1311 πανηγύρεως,
1413 1238 1513 1294 καὶ
1541 1239 1612 1293 ἐν
1634 1237 1773 1308 ἠμέ-

166 1349 316 1400 ραις
355 1329 567 1398 ἑορτῆς
597 1330 820 1398 Κυρίου
839 1346 858 1393 ;
1376 1322 1379 1325 ³

255 1425 374 1489 ιιΖ’.
394 1421 615 1492 Ἐπειδὴ
627 1422 735 1493 γὰρ
760 1423 839 1485 εἰς
861 1419 1040 1487 τοῦτο,
1060 1419 1217 1491 φησὶ,
1241 1419 1774 1475 καθίκεσθεδυσὸου-

168 1512 303 1576 λίας
349 1512 446 1565 καὶ
490 1511 881 1582 ἀσεϐημάτων,
926 1511 1174 1583 βδελυροὶ
1222 1510 1279 1563 δὲ
1315 1509 1458 1563 οὕτω
1490 1508 1770 1578 γεγόνατε,

169 1607 281 1659 καὶ
311 1605 538 1677 ἀπηχθη
548 1604 723 1675 μένοι,
754 1607 905 1667 ποῖος
932 1604 1061 1675 ὑμῖν
1092 1603 1201 1672 ἄρα
1244 1602 1501 1674 βοηθήσει
1531 1602 1772 1673 τρόπος;

170 1699 213 1770 ἢ
243 1700 296 1752 τί
328 1698 677 1770 πεπραχότες
727 1698 820 1751 καὶ
871 1696 1316 1767 βουλευσάμενοι,
1363 1695 1465 1766 τῆς
1496 1694 1640 1748 οὕτω
1667 1694 1775 1748 δει-

170 1793 282 1861 γῆς
315 1792 413 1845 καὶ
451 1791 653 1862 ἀγρίας
696 1790 985 1844 ὲκνεύσετε
1036 1792 1358 1861 συμφορᾶς,
1394 1791 1521 1844 ὅταν
1578 1791 1614 1861 ἡ
1664 1787 1773 1859 ἐμὴ

1872 603 2106 672 gentiam
2155 602 2387 657 cadente
2438 600 2651 663 nutriti,
2699 610 2756 655 et
2803 601 2988 655 vinum
3036 601 3304 655 habentes
3336 615 3453 655 cm-

1871 694 2026 759 Ieste,
2062 710 2081 745 ι
2110 692 2253 763 quod
2290 691 2531 747 laetiﬁcat
2572 705 2668 744 cor
2713 690 3031 746 hominis“.
3058 709 3078 743 ι
3123 689 3200 744 Ita
3251 688 3449 756 aﬂ'ecti,

1873 793 2074 840 terram
2127 793 2372 838 sanctam
2428 780 2816 836 habitabimus.
2862 779 3081 836 Erimus
3127 782 3273 836 enim
3328 795 3466 835 cum-

1873 876 2006 943 Deo,
2058 886 2113 931 et
2162 876 2307 929 inter
2352 874 2608 945 Assyrios
2648 872 2946 927 immundis
2992 887 3097 926 non
3144 885 3451 927 vescemur.

1871 968 2111 1024 Pascunt
2146 967 2304 1022 'enim
2366 967 2418 1020 in
2464 958 2835 1021 immunditiis
2891 965 2958 1018 ad
3018 978 3080 1019 se
3133 965 3453 1018 accedentes

1878 1080 1897 1114 ι
1929 1062 2197 1131 principes
2252 1060 2432 1114 mundi
2494 1059 2677 1129 hujus,
2728 1055 3034 1128 spiritualia
3092 1055 3346 1125 nequitiae
3399 1058 3453 1109 in

1872 1153 2183 1208 caelestibus
2204 1152 2272 1206 ιθ.
2307 1171 2327 1205 s

1948 1242 2109 1312 129
2154 1242 2292 1307 Quid
2320 1241 2526 1309 facietis
2566 1241 2620 1295 in
2650 1241 2737 1295 die
2778 1251 3081 1307 conventus,
3112 1250 3159 1295 et
3189 1241 3241 1294 in
3276 1237 3457 1294 diebus

1872 1334 2217 1388 solemnitatis
2277 1333 2490 1388 Domini
2507 1334 2533 1386 2

1942 1424 2150 1483 XCVII.
2181 1425 2445 1489 Quoniam
2477 1424 2622 1480 enim
2647 1424 2753 1479 huc
2779 1438 2952 1494 usque
2978 1423 3120 1479 male
3149 1422 3303 1478 vobis
3326 1437 3458 1477 con-

1873 1517 2099 1574 sulendo
2122 1527 2176 1572 et
2209 1516 2377 1586 impie
2402 1516 2611 1586 agendo
2663 1517 3027 1586 processistis,
3078 1516 3321 1585 adeoque
3365 1516 3460 1567 de-

1875 1609 2153 1665 testabiles
2184 1616 2240 1663 et
2271 1609 2445 1663 odiosi
2493 1607 2779 1672 evasistis,
2826 1623 3061 1677 quonam
3108 1606 3269 1661 modo
3304 1605 3457 1661 vobis

1874 1702 2254 1758 succurretur?
2281 1709 2373 1754 aut
2395 1701 2523 1768 quid
2556 1699 2846 1768 incipietis,
2883 1700 3082 1769 quidve
3109 1698 3319 1754 consilii
3368 1713 3460 1753 ca-

1878 1797 2058 1866 pietis,
2087 1803 2145 1849 ut
2175 1803 2281 1849 tam
2307 1794 2478 1849 diram
2509 1803 2562 1847 et
2589 1802 2825 1848 atrocem
2861 1792 3221 1848 calamitatem
3238 1788 3460 1858 effugia-

171 1883 409 1953 τελῆται
466 1884 793 1955 πανήγυρις,
846 1881 1194 1944 δαπανῶντος
1235 1881 1330 1935 τοῦ
1374 1881 1615 1952 πολέμου
1648 1881 1775 1942 τοὺς

1880 1890 1969 1954 tis,
2004 1886 2220 1957 quando
2250 1886 2459 1941 scilicet
2494 1886 2637 1940 bello
2672 1883 2992 1939 absumente
3021 1883 3114 1952 qui
3166 1895 3253 1936 me
3284 1880 3459 1935 oﬂ‘eu-

172 1974 582 2047 λελυπηκότας;
613 1972 821 2028 Οὐκοῦν
859 1972 1053 2043 ἑορτὴν
1088 1971 1222 2024 ἰδίαν
1267 1972 1525 2042 ὀνομάζει
1560 1970 1592 2022 ὁ
1619 1969 1774 2034 Θεὸς,

172 2070 275 2121 τὸν
302 2068 493 2139 καιρὸν
518 2067 781 2139 δηλονότι,
809 2066 930 2119 καθ’
948 2064 1007 2118 ὃν
1033 2066 1061 2116 ὁ
1086 2065 1309 2136 Ἰσραὴλ
1329 2063 1596 2129 ὲξαιτοῖτο
1623 2062 1778 2125 δίκας

174 2160 292 2213 τῶν
325 2161 407 2223 εἰς
437 2159 600 2213 αὑτὸν
625 2157 1208 2229 πεπλημμελημένων.

256 2254 380 2323 Χρὴ
403 2251 702 2324 τοιγαροῦν
735 2251 812 2321 μὴ
834 2248 1024 2313 ἁπλῶς
1054 2248 1114 2301 τὸ
1137 2245 1330 2301 δοκοῦν
1358 2244 1778 2316 ἀπερισκέπτως

177 2346 477 2406 ἐπιτελεῖν,
514 2345 607 2397 καί
634 2344 748 2407 τοῖς
779 2341 1048 2412 παροῦσιν
1074 2336 1395 2409 ἐφήδεσθαι,
1430 2334 1777 2406 συναρπαζο-

182 2437 391 2508 μένους
451 2440 571 2501 ταῖς
621 2434 940 2506 ἐπιθυμίαις
985 2434 1065 2496 εἰς
1115 2431 1176 2484 τὸ
1224 2426 1592 2501 προσκρούειν
1636 2424 1777 2495 Θεῷ,

182 2531 519 2600 περιαθρεῖν
582 2528 640 2580 δὲ
692 2525 893 2597 μᾶλλον
924 2523 1019 2577 καὶ⁵
1053 2521 1121 2575 τὰ
1147 2519 1405 2589 ἐσόμενα,
1447 2516 1543 2570 καί
1569 2513 1780 2568 διεκδύ-

180 2643 299 2681 νειν
332 2620 654 2691 ἐπείγεσθαι
684 2619 752 2673 τὰ
787 2620 853 2671 ὲκ
877 2617 1028 2679 θείας
1062 2615 1251 2686 όργῆς⁶
1283 2611 1521 2682 ἐσόμεθα
1548 2609 1660 2682 γὰρ
1686 2607 1780 2661 οὑ-

180 2736 265 2773 τω
293 2716 476 2786 σοφοὶ,
505 2715 597 2768 καί
619 2712 728 2767 τῶν
755 2710 1147 2783 συμφερόντων
1178 2706 1565 2777 ἐπιστήμονες.

260 2895 371 2949 Διὰ
392 2890 569 2946 τοῦτο
597 2889 729 2945 ίδοὺ
752 2887 1107 2956 πορεύονται
1138 2884 1207 2937 ἐκ
1244 2881 1649 2950 ταλαιπωρίας
1684 2879 1783 2934 Αί-

186 2990 455 3060 τὺπτου,
482 2985 578 3039 καί
608 2982 911 3047 ἐκδέξεται
944 2976 1166 3042 αὐτοὺς
1194 2976 1446 3045 Μέμφις,
1481 2973 1579 3025 καὶ
1604 2970 1782 3038 θάψει

188 3080 423 3147 αὐτοὺς
477 3076 751 3147 Μαχμάς.
810 3074 879 3127 Τὸ
936 3071 1221 3140 ἀργύριον
1290 3064 1488 3120 αὐτῶν
1538 3062 1784 3129 ὄλεθρος

189 3168 679 3240 κληρονομήσει,
753 3166 1006 3219 ἄκανθαι
1071 3160 1143 3214 ἐν
1211 3157 1335 3223 τοῖς
1387 3152 1783 3224 σκηνώμασιν

190 3264 417 3319 αὐτῶν.

268 3359 396 3425 ιβ’.
428 3351 862 3425 Καταδῃούντων
890 3349 988 3421 τὴν
1025 3347 1338 3418 Σαμάρειαν
1375 3343 1485 3397 τῶν
1529 3339 1786 3393 Βαϐυλω-

1878 1979 2091 2043 derant,
2115 1978 2404 2033 celebritas
2430 1991 2547 2031 mea
2578 1976 2907 2047 peragetur?
2932 1974 3116 2044 Itaque
3146 1972 3463 2030 solemnita-

1881 2082 1989 2126 tem
2025 2086 2177 2125 suam
2206 2080 2364 2125 vocat
2399 2069 2559 2134 Deus,
2591 2078 2801 2139 tempus
2841 2068 3107 2131 videlicet,
3147 2082 3254 2136 quo
3295 2065 3460 2119 Israel

1880 2178 2104 2219 suorum
2140 2162 2196 2216 in
2227 2162 2401 2232 ipsum
2432 2171 2772 2229 peccatorum
2804 2173 2994 2229 poenas
3027 2160 3099 2214 sit
3128 2160 3371 2214 daturus.

1952 2255 2311 2324 Quamobrem
2342 2253 2483 2322 quod
2521 2251 2771 2316 lubcscit,
2796 2266 2902 2305 non
2932 2249 3255 2319 simpliciter
3287 2257 3341 2301 et
3378 2247 3460 2300 in-

1880 2348 2222 2405 considerate
2247 2346 2674 2413 exsequendum,
2720 2350 2776 2397 et
2814 2340 3175 2411 praesentibus
3218 2339 3461 2408 gauden-

1880 2438 2004 2493 dum
2028 2444 2134 2502 est,
2158 2437 2204 2490 si
2233 2450 2333 2490 nos
2361 2434 2684 2503 cupiditates
2711 2441 2909 2487 nostra
2948 2431 3015 2485 ad
3059 2429 3153 2485 Dei
3202 2427 3462 2484 olI‘ensam

1880 2529 2228 2601 pertraltant;
2263 2526 2358 2581 sed
2388 2525 2564 2579 l'utura
2608 2524 2786 2594 potius
2822 2520 3331 2589 circumspicienda,
3366 2532 3466 2570 cu—

1881 2622 2218 2689 randumque
2246 2619 2456 2681 sedulo,
2495 2619 2567 2671 uti
2600 2616 2880 2685 suppliciis
2925 2615 2994 2667 ab
3035 2614 3175 2668 irato
3213 2610 3326 2665 Deo
3364 2611 3469 2662 im-

1882 2712 2162 2767 ntittendis
2193 2710 2493 2765 elahamur.
2527 2707 2618 2762 Sic
2647 2708 2792 2761 enim
2821 2706 3098 2775 sapientes
3123 2712 3179 2758 et
3213 2701 3467 2756 utilitatis

1882 2814 2083 2858 nostra:
2110 2802 2345 2857 scientes
2372 2800 2597 2854 erimus.

1954 2895 2117 2949 Vens.
2151 2894 2205 2958 5,
2238 2890 2291 2947 6.
2343 2892 2567 2957 Propter
2615 2890 2713 2943 hoc
2763 2904 2878 2943 ecce
2939 2888 3088 2940 ibunt
3139 2902 3204 2940 ea:
3255 2884 3470 2938 miseria

1883 2987 2123 3057 Egypti,
2144 2996 2194 3039 et
2215 2984 2456 3054 suscipiet
2483 2999 2568 3037 eos
2587 2981 2866 3050 Memphis,
2885 2990 2931 3034 et
2952 2978 3163 3046 sepeliet
3182 2994 3269 3031 eos
3286 2974 3471 3029 Mach-

1883 3099 2017 3133 mas.
2064 3080 2352 3147 Argentum
2401 3076 2535 3129 enim
2585 3090 2766 3128 eorum
2815 3073 3059 3127 interitus
3112 3068 3473 3130 haereditabit;

1885 3176 2051 3243 spina;
2077 3174 2134 3226 in
2170 3170 2522 3225 tabernaculis
2552 3184 2754 3223 eorum.

1958 3346 2187 3404 XCVIII.
2244 3346 2602 3401 Vastantibus
2652 3343 2956 3399 Samariam
3008 3338 3341 3411 Babyloniis,
3380 3337 3472 3406 qui

192 3452 348 3513 νίων,
373 3450 423 3501 οἰ
454 3448 733 3516 διαφυγεῖν
767 3443 1113 3513 ἰσχύσαντες,
1167 3439 1322 3509 μόλις
1353 3434 1674 3504 ἀπέδραμον
1707 3432 1775 3493 εἰς

1889 3440 2121 3511 ellugere
2164 3446 2473 3507 potuerunt,
2512 3436 2602 3490 vis
2648 3435 2704 3489 in
2752 3432 3048 3504 Egyptum
3094 3436 3474 3502 penetrarunt.

192 3547 299 3615 τὴν
315 3540 658 3609 Αἰγυπτίων.
672 3537 836 3590 Ἀλλὰ
850 3537 946 3589 καὶ
968 3532 1135 3603 αὑτὴν
1154 3531 1384 3584 ἑλόντων
1404 3529 1503 3615 τῂν
1520 3528 1775 3615 Ἰερουσα·

1889 3533 1990 3600 Qui
2020 3547 2141 3587 cum
2188 3541 2244 3585 et
2287 3531 2457 3598 ipsam
2498 3526 2952 3597 Hierosolymam,
3012 3522 3247 3578 Jeremia
3284 3520 3477 3575 vatici-

192 3607 331 3699 λὶξμ,
369 3607 427 3680 ὲν
466 3624 678 3695 χρόνοις
721 3620 821 3690 τῆς
859 3618 1124 3688 Ἰερεμίου
1174 3613 1550 3687 προφητείας,
1602 3607 1775 3679 εὐαρί-

1890 3632 2073 3687 naute,
2107 3628 2453 3681 evertissent,
2483 3617 2796 3687 paucissimi
2827 3615 2896 3672 de
2927 3614 3070 3668 tribu
3097 3611 3232 3667 Juda
3260 3621 3315 3666 et
3330 3609 3476 3665 Beu-

192 3722 401 3792 θμητοι
446 3718 642 3788 κομιδῇ
682 3711 1116 3783 κατελείφθησαν
1149 3711 1214 3764 ὲκ
1256 3708 1358 3779 τῆς
1403 3706 1572 3760 ’ἰούδα
1615 3703 1775 3773 φυλῆς

1883 3714 2054 3781 jamiu
2087 3712 2282 3776 relicti,
2321 3710 2375 3763 in
2408 3707 2703 3779 IEgyptum
2736 3722 2797 3763 se
2826 3706 3205 3769 contulerunt;
3256 3701 3475 3757 tametsi

192 3819 294 3870 καὶ
317 3812 597 3883 Βενιαμίν.
629 3803 789 3865 Οὗτοί
815 3824 874 3860 τε
901 3803 1151 3873 εἰσῆλθον
1181 3803 1261 3866 εἰς
1289 3800 1587 3868 Αἴγυπτον,
1610 3796 1775 3850 καίτοι

1890 3808 2031 3862 Deus
2054 3821 2148 3875 per
2175 3803 2467 3859 Jeremiam
2527 3814 2786 3868 eXpresse
2829 3798 3026 3867 jubens
3081 3797 3317 3861 dixerat,
3367 3810 3479 3848 non

194 3902 628 3977 παρεγγυῶντος
658 3898 794 3953 Θεοῦ
810 3898 899 3951 διὰ
924 3892 1407 3966 φωνῆςἹερεμίου,
1429 3890 1524 3943 καὶ
1538 3888 1775 3955 λέγοντος

1891 3914 2013 3957 esse
2054 3899 2160 3952 illis
2201 3896 2374 3966 patria
2425 3893 2643 3948 deserta
2702 3892 3109 3962 ingrediendam
3161 3888 3477 3959 Aigyptum,

193 3996 475 4070 ἐναργῶς,
512 3994 586 4066 μὴ
606 3995 804 4065 χρῆναι
837 3989 1075 4061 βαδίζειν
1117 3986 1219 4057 τὴν
1252 3982 1584 4052 ὲνεγκοῦσαν
1626 3980 1775 4049 ἀφέν·

1891 3990 2254 4048 comminatus
2283 3988 2524 4054 insuper,
2558 3985 2603 4039 si
2652 3984 2703 4039 id
2730 3998 2787 4038 se
2833 3982 3048 4038 nolente
3097 3982 3375 4045 fecissent,
3424 3978 3479 4033 iu

192 4108 299 4155 τας
330 4092 413 4152 εἰς
443 4088 543 4157 τὴν
572 4085 911 4153 Αἰγυπτίων,
943 4078 1303 4148 ἠπειληκότος
1342 4075 1422 4139 δὲ,
1470 4076 1553 4128 ὅτι
1595 4073 1700 4127 κᾶν
1739 4073 1775 4124 εὶ

1891 4083 2119 4148 similes,
2144 4090 2233 4136 aut
2259 4079 2423 4133 etiam
2454 4078 2735 4148 graviores
2766 4074 3107 4129 calamitates
3139 4074 3477 4127 incursuros.

194 4189 358 4245 τοῦτο
380 4184 550 4256 δρῷεν
576 4181 725 4253 παρὰ
743 4182 804 4233 τὸ
824 4176 970 4247 αὑτῷ
987 4173 1198 4239 δοκοῦν,
1222 4170 1649 4243 περιπεσοὺνται
1678 4168 1775 4229 τοῖς

1895 4179 1988 4235 Sic
2019 4187 2200 4231 autem
2230 4182 2315 4229 est
2340 4172 2408 4227 ad
2447 4170 2709 4225 verbum:
2746 4187 2765 4222 ι
2793 4168 2885 4223 Sic
2914 4168 3051 4222 dixit
3084 4167 3342 4221 Dominus
3372 4182 3386 4218 :
3421 4165 3479 4218 Si

200 4281 367 4342 ἴσοις,
409 4276 442 4346 ἢ
490 4277 605 4338 τοῖς
637 4272 719 4327 ἔτι
766 4269 1208 4340 φορτικωτέροις.
1269 4265 1424 4334 Ἔχει
1460 4262 1517 4315 δὲ
1554 4260 1699 4314 οῦτω
1730 4259 1775 4312 τί

1895 4285 1991 4325 vos
2032 4267 2291 4324 dederitis
2326 4264 2516 4319 faciem
2563 4272 2800 4318 vestram
2848 4262 2901 4315 in
2945 4259 3264 4331 Egyptum,
3293 4267 3346 4313 et
3398 4257 3482 4312 in-

196 4370 591 4442 γεγραμμένον
608 4384 621 4398 ο
656 4363 829 4426 οὕτως
858 4358 979 4415 εἷπε
1007 4361 1213 4432 Κύριος
1232 4373 1248 4388 ο
1280 4377 1299 4408 ι
1324 4355 1450 4409 Ἐὰν
1477 4355 1634 4425 ὑμεῖς
1656 4351 1775 4406 δῶτε

1894 4362 2064 4432 gressi
2118 4358 2327 4413 fueritis
2378 4356 2504 4411 illuc
2547 4362 2607 4409 ut
2657 4354 2941 4417 habitetis;
2993 4361 3051 4408 et
3109 4353 3234 4419 erit,
3270 4351 3481 4421 gladius

195 4465 261 4517 τὺ
295 4441 590 4533 πρόσωπον
614 4458 767 4528 ὑμῶν
796 4458 876 4520 εἰς
909 4453 1184 4523 Αἴγυπτον
1218 4453 1313 4505 καὶ
1361 4447 1640 4517 εἰσέλθητε
1674 4447 1775 4498 ἐκεῖ

1895 4467 2055 4521 quem
2092 4465 2185 4505 vos
2210 4447 2567 4503 lormidatisa
2608 4447 2745 4501 facie
2791 4446 2930 4516 ejus,
2986 4445 3225 4499 inveniet
3274 4457 3370 4498 vos
3427 4441 3482 4497 in

198 4555 300 4609 τοῦ
362 4553 660 4615 κατοικεῖν,
697 4549 792 4603 καὶ
833 4548 1006 4611 ἔσται,
1041 4546 1075 4615 ἡ
1110 4542 1354 4616 ῥομφαία
1397 4542 1465 4610 ἢν
1498 4540 1657 4609 ὑμεῖς
1696 4553 1775 4605 φο·

1898 4542 2132 4613 ὢεγριο
2163 4541 2232 4593 ⁸ο.
2274 4559 2292 4591 ι
2331 4538 2628 4608 Postquam
2660 4536 2807 4591 enim
2845 4535 3224 4608 Egyptiorum
3266 4533 3483 4588 auxiliis

201 4645 391 4700 δεῖσθε
416 4644 527 4696 ἀπὸ
551 4639 845 4713 προσώπου
875 4638 1067 4706 αὑτῆς,
1091 4637 1313 4707 εὑρήσει
1353 4633 1498 4703 ὑμᾶς
1527 4633 1584 4684 ὲν
1623 4627 1775 4696 Αἰγύ-

1899 4635 2039 4699 l‘reti,
2074 4631 2384 4703 Babyloniis
2417 4631 2752 4695 restiterunt,
2783 4642 2957 4696 eaque
2985 4642 3044 4681 re
3078 4624 3275 4680 irritati
3307 4624 3485 4693 Baby-

202 4755 381 4807 πτῳ.ι
427 4733 647 4803 Ἐπειδὴ
675 4732 784 4802 γὰρ
811 4733 931 4794 ταῖς
956 4729 1269 4798 Αἰγυπτίων
1304 4722 1646 4795 ἐπικουρίαις
1672 4724 1775 4774 επι-

1899 4724 2050 4790 lonii,
2080 4721 2449 4791 Hierosolyma
2483 4732 2537 4776 ct
2566 4719 2813 4774 Samaria
2844 4718 3167 4788 subiugatis,
3220 4716 3272 4770 in
3316 4714 3486 4785 Egy-

204 4829 583 4900 θαρσήσαντες
601 4824 962 4895 ἀντεφέροντο
987 4825 1100 4884 τοῖς
1128 4817 1515 4879 Βαϐυλωνίοις,
1537 4813 1772 4885 ταύτῃτο

1900 4817 2043 4888 ptios
2070 4823 2377 4879 moverunt,
2409 4828 2473 4867 ac
2513 4811 2659 4866 nullo
2714 4811 2930 4881 negotio
2963 4811 3029 4865 de
3072 4809 3140 4865 iis
3187 4809 3486 4876 triumpha-

202 4898 575 4990 λελυπημένοι
638 4916 777 4988 μετὰ
819 4916 918 4985 τὴν
956 4913 1066 4967 τῶν
1113 4909 1506 4983 Ἱεροσολύμων
1549 4906 1645 4960 καὶ
1693 4904 1775 4973 τῆς

1906 4917 2048 4972 runt,
2097 4919 2210 4960 tum
2245 4906 2335 4974 qui
2368 4904 2648 4958 restabant
2678 4903 2845 4960 Judaei
2878 4902 3035 4958 simul
3065 4917 3186 4957 cum
3217 4898 3487 4971 Egyptiis

205 5012 523 5083 Σαμαρείας
548 5010 772 5075 ἅλωσιν,
810 5006 1113 5076 ἐτράποντο
1156 5002 1298 5056 κατὰ
1336 5001 1446 5053 τῶν
1478 4996 1775 5066 Αἰγυπτίωπ

1902 5002 2204 5073 perierunt.
2240 4996 2450 5064 Quibus
2480 5006 2662 5052 autem
2694 4994 2971 5051 miseriam
3007 4993 3316 5065 Egyptian)
3364 4994 3487 5063 luga

205 5108 258 5158 οἰ
306 5102 662 5165 Βαϐυλώνιοι,
706 5101 800 5154 καὶ
849 5098 1089 5169 ἀμογητὶ
1116 5095 1458 5165 νενικήκασι,
1504 5091 1624 5144 τότε
1659 5106 1775 5160 σνμ·

1904 5096 2078 5149 vitare
2110 5090 2283 5155 licuit,
2333 5089 2547 5143 tandem
2588 5090 2643 5143 in
2688 5087 2956 5142 Arcadum
3006 5086 3278 5157 regionem
3323 5099 3489 5140 vene-

208 5194 415 5266 ϐέϐηκε
444 5194 573 5257 τοὺς
618 5189 1065 5263 περιλειφθέντας
1097 5186 1157 5252 ἐξ
1198 5183 1466 5240 Ἰουδαίων
1496 5180 1769 5237 συνδιόλλυ

1906 5194 2052 5250 runt,
2084 5193 2138 5239 et
2161 5181 2455 5250 Memphim
2498 5179 2711 5243 urbem,
2762 5188 2822 5233 ut
2863 5177 3309 5243 munitissimam,
3340 5177 3490 5232 inco-

210 5289 338 5342 σθαι
380 5289 496 5350 τοῖς
536 5284 871 5353 Αἰγυπτίοις.
910 5282 973 5334 Οἰ
1021 5280 1078 5333 δὲ
1131 5278 1197 5348 δὴ
1257 5278 1543 5343 διαφυγεῖν
1599 5273 1699 5345 τὴν
1741 5275 1775 5325 ὲε

1902 5276 2135 5344 luerunt,
2177 5276 2337 5347 130
2360 5273 2636 5329 Machmas
2667 5273 2793 5326 item
2824 5269 2985 5324 aliam
3028 5269 3237 5335 urbem,
3273 5279 3328 5323 et
3357 5268 3491 5324 vici-

208 5380 476 5451 Αἰγύπτῳ
532 5376 906 5447 ταλαιπωρίαν
963 5373 1301 5443 ἰσχύσαντες,
1338 5367 1491 5440 μόλις
1541 5368 1775 5420 ὲπέκεινε

1902 5382 2026 5422 nam
2070 5366 2250 5437 plane,
2298 5374 2355 5421 et
2409 5364 2632 5433 reliquis
2676 5361 3070 5416 llorentiorem.
3128 5358 3202 5414 Ibi
3249 5374 3488 5428 quoque,

207 5449 638 5542 δεδραμήκασιν,
670 5468 764 5522 ἐπὶ
792 5469 894 5539 τὴν
928 5463 1206 5537 Ἀρκάδων
1238 5462 1405 5525 ἰόντες
1439 5458 1642 5531 χώραν.
1686 5460 1775 5513 Κα

1900 5458 2161 5513 confectis
2186 5455 2437 5511 videlicet
2472 5453 2646 5521 longis
2670 5452 2795 5506 vitae
2825 5450 3038 5520 spatiis,
3067 5449 3340 5512 obierunt,
3365 5462 3487 5501 cum

209 5564 292 5627 ὼς
308 5541 389 5627 εἰς
432 5541 588 5615 πόλιν
630 5561 983 5632 ὀχυρωτάτην
1020 5556 1378 5627 κατῳκήκασι
1423 5552 1521 5623 τὴν
1548 5550 1774 5621 Μέμφιν

1901 5549 1955 5604 in
1987 5547 2224 5604 Judaaam
2255 5546 2451 5603 reverti
2496 5544 2887 5608 nequivissent.
2938 5541 3031 5596 Ait
3071 5554 3234 5610 porro
3274 5552 3487 5592 rursum

210 5654 310 5708 atati
336 5653 434 5723 τὴν
463 5628 918 5725 Μαιμαςξὲτέρα
942 5650 999 5704 δὲ
1020 5649 1156 5719 αῦτη
1191 5647 1390 5715 γείτων
1419 5662 1520 5697 που
1556 5644 1772 5705 πάντως

1897 5638 2163 5696 Jeremias
2185 5640 2266 5695 his
2296 5638 2477 5694 verbis
2510 5654 2522 5689 :
2560 5653 2579 5687 ι
2620 5632 2848 5705 Propter
2868 5632 2973 5689 hoc
3003 5631 3083 5687 sic
3124 5629 3258 5685 dicit
3304 5628 3485 5683 Domi-

288 5825 334 5861 “
371 5827 535 5884 Eccli.
562 5842 645 5887 ιι,
688 5826 775 5880 20.
855 5824 898 5857 ⁸⁸
943 5822 1133 5892 Εριιοες.
1168 5839 1237 5889 VI,
1273 5821 1359 5876 19..
1437 5819 1482 5851 ⁸ο
1514 5816 1621 5873 Jcr.
1655 5828 1742 5877 XL,
1774 5813 1865 5881 I5,
1898 5814 1982 5869 I6.
