4068 6576
596 374 705 433 219

1618 378 1677 435 S.
1717 376 1994 435 CYRILLI
2032 378 2504 437 ALEXANDRINI
2542 382 2863 439 ARCHIEP.

3762 384 3884 443 2‘20

600 511 700 549 nus
733 513 747 549 :
787 494 925 549 Ecce
970 511 1070 565 ego
1112 510 1253 566 pono
1299 497 1491 553 faciem
1531 513 1731 564 meam,
1772 509 1834 553 ut
1874 500 2178 569 disperdam

2297 503 2379 557 καὶ
2407 503 2515 557 τῶν
2545 503 2720 557 ἄλλων
2748 506 3125 574 ὲπισημοτερα
3154 502 3326 567 πόλις.
3383 504 3532 557 Ἐκεῖ
3573 507 3666 559 καὶ
3713 522 3885 559 τετε-

596 602 788 642 omnes
817 588 1053 657 reliquos
1077 589 1131 643 in
1175 588 1433 662 Egypto,
1481 599 1535 645 et
1567 591 1762 646 cadent
1798 591 1849 645 in
1889 592 2086 662 gladio,
2121 600 2176 648 et

599 678 827 743 infame
860 679 1113 735 deﬁcient
1162 696 1192 734 a
1232 698 1398 751 parvo
1437 699 1608 755 usque
1668 684 1736 738 ad
1788 698 2063 754 magnum,
2120 693 2177 738 et

597 773 840 826 eruntin
879 773 1249 843 opprobrium,
1293 784 1349 830 et
1384 775 1435 830 in
1485 775 1862 847 perditionem,
1894 782 1949 831 et
1974 777 2027 830 in
2062 791 2177 830 ma-

596 862 965 919 ledictionem.
1002 864 1067 918 Et
1115 865 1347 920 visitabo
1400 881 1564 936 super
1614 868 1868 923 sedentes
1934 867 1987 922 in
2034 878 2176 921 terra

595 952 834 1024 Egypti.
869 955 934 1009 Et
962 969 1065 1009 non
1098 956 1203 1010 erit
1243 956 1482 1012 salvatus
1518 957 1657 1013 ullus
1701 958 1770 1013 de
1798 959 2017 1029 reliquis
2041 958 2176 1013 Juda

597 1045 1071 1114 peregrinantibus
1100 1049 1152 1100 in
1196 1055 1339 1102 terra
1383 1047 1622 1118 Egypti,
1674 1058 1733 1104 ut
1777 1057 2077 1105 revertatur
2125 1050 2178 1104 in

600 1145 801 1190 terram
829 1134 985 1203 Juda,
1017 1139 1082 1191 ad
1122 1153 1282 1207 quam
1336 1138 1433 1209 ipsi
1476 1151 1697 1208 sperant
1743 1140 2023 1195 animabus
2068 1140 2181 1197 suis

601 1223 800 1277 reverti
835 1223 982 1279 illnc.
1017 1224 1131 1280 Non
1168 1237 1509 1281 revertentur
1541 1228 1608 1282 ".
1651 1247 1671 1280 ι
1716 1228 1886 1284 Audis
1939 1238 2180 1285 mortuos

600 1327 722 1370 esse
752 1316 802 1369 in
830 1315 1088 1385 IEgypto,
1123 1320 1283 1373 etiam
1312 1319 1420 1375 illic
1449 1320 1629 1375 divina
1667 1336 1762 1377 ens
1814 1321 2017 1376 ultione
2060 1336 2184 1389 per-

604 1408 904 1475 sequente?
936 1408 1067 1461 Cum
1106 1408 1266 1478 igitur
1298 1410 1514 1465 miseria
1548 1412 1601 1464 in
1630 1411 1866 1483 Egypto
1892 1413 2180 1480 declinata,

606 1496 917 1566 Memphim,
948 1506 1005 1552 ut
1030 1499 1083 1553 in
1117 1500 1304 1554 urbem
1342 1501 1658 1569 praeclaram
1692 1503 2029 1567 advenerint,
2058 1519 2179 1559 sus~

604 1589 769 1659 cipiet
799 1592 1015 1659 quidem
1059 1607 1188 1655 eos;
1244 1603 1615 1648 verumtamen
1654 1595 1707 1649 in
1744 1595 2021 1651 Machmas
2070 1611 2186 1650 mo-

607 1680 835 1736 rientur.
858 1682 970 1739 Hoc
990 1684 1131 1738 enim
1150 1684 1254 1739 sibi
1272 1683 1404 1750 vult,
1438 1702 1456 1736 ‹
1471 1684 1702 1753 Sepellet
1724 1700 1817 1741 eos
1835 1685 2132 1742 Machmas.
2158 1704 2178 1739 ι

2277 594 2596 665 λευτήκασι,
2634 594 2879 667 μακροὺς
2900 594 3145 665 δηλονότι
3173 594 3587 660 διατελέσαντες
3609 597 3880 668 χρόνους,

2279 686 2646 757 ύπονοστῆσαί
2694 704 2755 740 τε
2810 686 2885 757 μὴ
2935 686 3255 758 δυνηθέντες
3315 687 3395 750 είς
3438 686 3536 758 τὴν
3577 689 3881 743 Ἰουδαίαν.

2282 777 2427 847 Ἔφη
2474 776 2532 830 δὲ
2579 775 2722 830 οὕτω
2774 775 2934 830 πάλιν
2964 777 2992 829 ὁ
3022 778 3310 848 προφήτης
3362 777 3649 848 Ἱερεμίαςο
3702 797 3728 829 ‹
3780 777 3887 831 Διά

2278 867 2435 919 τοῦτο
2489 866 2663 930 οὕτως
2710 864 2831 921 εἷπε
2875 866 3116 937 Κύριος’
3166 866 3296 921 Ἰδοὺ
3335 866 3446 936 ἐγὼ
3489 868 3769 937 ὲφίστημι
3821 868 3886 920 τὸ

2280 958 2569 1030 πρόσωπόν
2602 976 2725 1029 μου,
2766 959 2862 1013 τοῦ
2905 959 3167 1012 ἀπολέσαι
3212 959 3423 1024 πάντας
3452 961 3580 1023 τοὺς
3610 960 3887 1013 καταλοί-

2280 1065 2418 1114 πους
2464 1050 2593 1114 τοὺς
2639 1052 2697 1103 ὲν
2745 1050 3029 1122 Αἰγύπτῳ,
3066 1052 3161 1104 καὶ
3192 1051 3438 1103 πεσεῖται
3488 1052 3547 1104 ὲν
3594 1049 3882 1121 ῥομφαίᾳ.

2280 1142 2377 1194 καὶ
2404 1142 2462 1195 ὲν
2495 1140 2639 1212 λιμῷ
2668 1143 3011 1212 ἐκλείψουσιν
3048 1142 3157 1197 ἀπὸ
3206 1140 3404 1213 μικροῦ
3455 1141 3561 1205 ἕως
3601 1140 3881 1212 μεγάλου,

2258 1228 2378 1284 καὶ
2403 1230 2615 1286 ἔσονται
2645 1235 2726 1295 είς
2744 1233 3069 1303 ὀνειδισμὸν,
3097 1233 3194 1287 καὶ
3227 1233 3306 1295 είς
3330 1231 3627 1290 ἀπώλειαν,
3660 1231 3771 1284 καὶ
3802 1233 3882 1294 εἰς

2282 1321 2547 1393 κατάραν.
2594 1324 2703 1376 Καὶ
2736 1323 3103 1392 ἐπισκέψομαι
3145 1323 3236 1375 ἐπὶ
3266 1321 3395 1384 τοὺς
3432 1321 3794 1391 καθημένους
3826 1322 3885 1373 ὲν

2284 1418 2353 1486 γῇ
2384 1414 2665 1485 Αἰγύπτῳ.
2698 1414 2810 1468 Καὶ
2843 1414 2943 1468 οὐκ
2972 1414 3126 1467 ἔσται
3168 1414 3509 1485 σεσωσμένος
3542 1412 3728 1477 οὐδεὶς
3770 1412 3883 1465 τῶν

2284 1506 2579 1559 ἐπιλοίπων
2616 1506 2808 1567 Ἰούδα,
2832 1505 2941 1560 τῶν
2970 1507 3380 1577 παροικούντων
3407 1508 3463 1561 ὲν
3487 1510 3558 1577 γῇ
3582 1504 3883 1574 Αἰγύπτῳ,

2284 1594 2739 1666 τοῦ’ὲπιστρέψαι
2770 1597 2849 1659 είς
2883 1595 2987 1665 γῆν
3032 1596 3222 1663 Ἰούδα,
3275 1598 3359 1665 ἐφ’
3386 1597 3454 1668 ἢν
3507 1596 3662 1649 αὐτοὶ
3723 1594 3885 1647 ἑλπί-

2285 1686 2436 1751 ζουσι
2464 1688 2584 1748 ταῖς
2620 1686 2819 1757 ψυχαῖς
2861 1685 3041 1739 αὐτῶν
3094 1688 3189 1740 τοῦ
3236 1686 3564 1759 ἐπιπρέψαι
3605 1686 3755 1738 ἐκεῖ.
3810 1685 3884 1737 Ού

604 1771 869 1839 Quocirca
907 1774 1104 1829 iul‘csto
1136 1776 1267 1840 Deo,
1310 1791 1467 1831 nemo
1512 1777 1770 1846 periculis
1810 1778 2069 1848 agitatum
2116 1778 2184 1833 ad

2297 1775 2366 1846 μὴ
2401 1774 2823 1847 ἐπιστρέψωσιν.
2869 1793 2888 1825 ι
2937 1775 3182 1839 ’Δκούεις
3214 1777 3297 1829 ὅτι
3326 1775 3797 1844 τετελευτήκασιν
3827 1774 3884 1827 ἐν

606 1865 836 1921 salutem
867 1866 1146 1935 pristinam
1192 1868 1495 1933 revocabit;
1518 1845 1635 1923 sed
1666 1845 1991 1940 quocunque
2030 1872 2187 1927 iverit

2297 1845 2578 1937 Αἰγύπτῳ,
2603 1867 2765 1919 κάκεῖ
2784 1868 2884 1937 τῆς
2906 1864 3057 1929 θείας
3086 1866 3269 1929 αὐτοῖς
3290 1866 3460 1937 ὀργῆς
3495 1864 3884 1935 ἐπενηνεγμέ-

606 1955 895 2025 quispiam,
950 1958 1069 2027 ejus
1108 1960 1245 2013 iram
1296 1960 1625 2030 experietur.
1683 1961 1750 2016 Et
1796 1962 1908 2017 hac
1964 1963 2180 2032 quidem

2293 1973 2426 2027 νης;
2456 1956 2625 2009 Ὅταν
2654 1957 2837 2011 τοίνυν
2855 1957 2956 2027 τὴν
2987 1958 3046 2009 ὲν
3076 1956 3335 2028 Αἰγύπτῳ
3362 1955 3746 2028 ταλαιπωρίαν
3782 1972 3885 2007 πα-

610 2048 740 2117 ipsis
766 2048 816 2101 in
847 2048 1082 2119 AEngpto
1114 2049 1291 2105 futura
1331 2062 1536 2107 narrat.
1572 2051 1836 2119 Quoniam
1866 2068 1994 2109 vero
2018 2054 2181 2108 etiam

2297 2049 2660 2121 ραιτούμενοι,
2692 2049 2949 2122 καθάπερ
2983 2052 3061 2115 είς
3101 2051 3369 2121 ἐπίσημον
3411 2050 3565 2105 πόλιν
3595 2049 3887 2120 ἀφίκοιντο

608 2153 639 2192 e
670 2140 872 2195 divitiis
897 2142 1011 2196 suis
1048 2156 1169 2196 eum
1199 2140 1554 2210 oﬂeuderunt,
1590 2162 1609 2195 ι
1644 2145 1939 2214 Argentum
1958 2147 2103 2199 enim
2130 2154 2186 2200 et

2297 2142 2388 2213 τὴν
2417 2142 2659 2211 Μέμφιν,
2686 2140 2966 2205 ἐκδέξεται
3003 2142 3102 2213 μὲν
3128 2143 3347 2207 αὐτοὺς,
3371 2142 3511 2213 πλὴν
3540 2143 3600 2195 ὲν
3633 2140 3886 2211 Μαχμάς

609 2246 800 2287 aurum
825 2249 978 2287 suum
1008 2232 1254 2289 fecerunt
1284 2234 1386 2288 sibi
1416 2234 1554 2289 idola
1589 2235 1655 2298 ⁵¹,
1691 2254 1709 2287 ι
1750 2235 1943 2305 inquit,
1986 2234 2190 2290 idcirco

2297 2230 2653 2303 τεθνήξονται.
2677 2231 2849 2285 Τοῦτο
2871 2233 2979 2305 γὰρ
2998 2234 3080 2298 τὸ,
3109 2252 3128 2285 t
3155 2233 3327 2304 Θάψει
3344 2234 3542 2297 αὐτοὺς
3563 2233 3837 2302 Μαχμάς.
3860 2250 3877 2282 ι

611 2323 783 2391 ipsum
809 2324 933 2392 jure
968 2325 1217 2381 interitus
1250 2326 1609 2391 liazreditabit,
1644 2330 1743 2382 hoc
1772 2335 1876 2391 est,
1922 2342 2042 2382 sors
2084 2327 2193 2381 erit

2297 2326 2460 2379 Ὅταν
2494 2325 2677 2378 τοίνυν
2710 2324 2883 2397 διώκῃ
2910 2324 3065 2390 Θεὺς,
3109 2326 3286 2390 οὐδεὶς
3324 2324 3596 2380 ἀνασώσει
3631 2325 3729 2377 τὸν
3783 2343 3887 2377 utv-

609 2417 871 2472 vastatori
905 2436 918 2471 :
953 2418 1231 2473 interitum
1281 2418 1424 2472 enim
1489 2426 1649 2473 vocat
1678 2418 1982 2488 Assyrium,
2013 2427 2071 2472 ut
2102 2417 2191 2487 qui

2297 2416 2600 2481 δυνεύοντα,
2620 2416 2735 2469 ἀλλ’
2768 2416 3005 2488 ἔνθαπερ
3028 2417 3093 2470 ἂν
3122 2416 3193 2469 τοι
3216 2435 3320 2481 τις,
3353 2418 3471 2470 ἐκεῖ
3498 2416 3884 2486 περιτεύξεται

608 2507 756 2564 ferus
783 2518 838 2563 et
865 2509 1098 2564 crudelis
1132 2510 1185 2563 in
1220 2509 1590 2563 exscindendo
1634 2510 2036 2579 praeliandoque
2078 2509 2192 2564 fue-

610 2600 700 2654 rit.
736 2598 1112 2654 Producentur
1139 2609 1320 2654 autem
1354 2610 1408 2653 et
1438 2618 1456 2650 ι
1491 2600 1681 2668 spinae,
1713 2600 1905 2670 inquit,
1932 2601 1984 2654 in
2012 2602 2189 2655 taber-

611 2689 819 2743 naculis
845 2704 1053 2744 eorum.
1086 2708 1106 2742 ι
1139 2690 1220 2745 Ad
1249 2700 1454 2747 tantam
1487 2692 1684 2761 quippe
1717 2692 2064 2747 solitudinem
2108 2707 2194 2747 reo

610 2783 784 2836 (lactat
816 2790 941 2835 sunt
965 2780 1148 2848 urbes,
1178 2791 1237 2837 ut
1268 2784 1437 2852 spinis
1463 2782 1827 2853 replerentur,
1853 2784 1996 2855 quod
2034 2794 2193 2840 terrae

610 2870 769 2924 invia:
796 2882 851 2925 et
885 2871 1142 2926 desolatas
1168 2872 1378 2941 signum
1414 2880 1520 2927 est.

2292 2507 2371 2579 τῷ
2401 2506 2578 2578 θυμῷ.
2613 2507 2726 2561 Καὶ
2760 2510 2918 2562 ταυτὶ
2956 2508 3054 2578 μὲν
3085 2508 3272 2571 αὐτοῖς
3296 2509 3354 2562 ὲν
3383 2507 3652 2578 Αἰγύπτῳ
3681 2506 3888 2577 συμϐή-

2297 2597 2485 2652 σεσθαι
2517 2598 2687 2666 λέγει.
2723 2598 2944 2671 Ἐπειδὴ
2982 2599 3040 2652 δὲ
3074 2601 3171 2653 καὶ
3216 2604 3329 2664 τοῖς
3385 2601 3445 2666 ἐξ
3486 2601 3616 2655 ἰδίου
3649 2600 3883 2654 πλούτου

2295 2691 2660 2760 λελυπήκασι,
2701 2710 2721 2743 ι
2755 2691 2830 2745 Τὸ
2852 2691 2960 2763 γὰρ
2981 2691 3247 2763 ἀργύριον
3278 2694 3483 2761 αὐτῶν,
3527 2692 3713 2748 καὶτὸ
3757 2712 3886 2765 χρυ-

2299 2782 2414 2836 σίον
2444 2782 2708 2853 ἐποίησαν
2747 2784 2961 2848 ἑαυτοῖς
3006 2783 3222 2850 εἴδωλα,
3263 2804 3282 2838 ι
3330 2790 3484 2857 φησὶ,
3512 2785 3787 2857 ταύτῃτοι
3807 2785 3882 2838 δι-

2297 2874 2468 2939 καίως
2496 2874 2717 2946 θλεθρος
2740 2876 2903 2930 αὐτὸν
2924 2877 3348 2949 κληρονομήσει,
3374 2878 3645 2942 τουτέστι,
3679 2876 3883 2947 κλῆρος

610 2962 764 3017 ἔσται
818 2962 897 3034 τῷ
944 2963 1260 3035 ὀλοθρευτῇ.
1326 2965 1585 3036 Ὄλεθρον
1638 2966 1748 3037 γὰρ
1805 2964 2071 3019 ἀποκαλεῖ
2104 2965 2198 3019 τὸν
2236 2966 2546 3039 Ἀσσύριον,
2609 2968 2686 3032 ὡς
2723 2968 2930 3039 ἀγρίως
2957 2986 3040 3035 τε,
3104 2971 3200 3024 καὶ
3227 2972 3451 3041 ἀπηνῶς
3496 2972 3763 3025 ἀνελόντα
3798 2962 3885 3024 καὶ

613 3058 1019 3131 μεμαχημένον.
1063 3058 1450 3127 Ἀναφύσονται
1514 3059 1570 3113 δὲ
1597 3062 1690 3114 καὶ
1725 3079 1744 3111 ι
1787 3059 2073 3119 Ἀκανθαι,
2139 3060 2324 3130 φησὶν,
2355 3061 2413 3113 ὲν
2470 3064 2584 3123 τοῖς
2629 3061 2984 3133 σκηνώμασιν
3048 3063 3247 3118 αὐτῶν.
3285 3083 3303 3114 ι
3338 3064 3608 3136 Ἐρημίας
3641 3064 3758 3134 γάρ
3800 3064 3878 3124 εἱς

609 3150 771 3205 τοῦτο
794 3152 1201 3223 κατηντήκασιν
1230 3153 1285 3207 αἱ
1317 3151 1522 3219 πόλεις,
1547 3152 1621 3217 ὡς
1668 3152 1921 3206 ἀκανθῶν
1976 3150 2231 3221 γενέσθαι
2273 3153 2497 3222 μεστάς.
2527 3153 2761 3224 Σημεῖον
2815 3153 2872 3207 δὲ
2904 3152 3065 3206 τοῦτο
3095 3155 3201 3225 γῆς
3230 3154 3436 3208 ἀϐάτου
3468 3156 3562 3207 καὶ
3592 3171 3895 3227 κεχερσωρι

614 3244 804 3315 μένης.

682 3334 911 3403 Quando
926 3335 1087 3405 igitur
1103 3335 1262 3392 bonis
1277 3344 1368 3391 aut
1387 3335 1778 3406 corporalibus,
1797 3345 1889 3391 aut
1904 3334 2202 3409 Spirituali-
2227 3340 2269 3398 c

613 3427 715 3483 bus
729 3444 758 3481 ιι
787 3427 895 3481 Deo
910 3428 1262 3499 suppeditatis
1279 3428 1546 3499 quispiam
1568 3444 1667 3485 nec
1689 3440 1856 3495 recte,
1869 3443 1969 3483 nec
1985 3429 2053 3483 ad
2078 3427 2197 3498 eius

612 3518 841 3587 gloriam
866 3518 1055 3584 utitur,
1093 3517 1221 3572 facit
1259 3530 1436 3571 autem
1468 3519 1605 3572 citra
1650 3518 1811 3572 ullam
1860 3518 2195 3585 religionem,

617 3604 814 3675 quibus
849 3621 971 3660 eum
995 3605 1271 3661 ollendere
1296 3615 1350 3659 et
1387 3606 1605 3661 irritare
1629 3609 2001 3673 convincatur,
2030 3606 2202 3661 abibit

616 3698 670 3752 in
700 3697 946 3765 exitium,
975 3699 1184 3767 eritque
1214 3700 1483 3767 peculium
1507 3700 1812 3767 diripientis
1861 3698 2098 3763 Satanae,
2145 3708 2200 3753 et

616 3788 898 3856 spinarum
944 3788 1304 3855 domicilium,
1345 3791 1664 3844 immanium
1716 3790 1921 3845 scilicet
1978 3802 2032 3844 et
2077 3804 2197 3843 cum

622 3881 832 3935 ratione
882 3881 1235 3951 pugnantium
1279 3881 1659 3950 cupiditatum,
1707 3890 1763 3934 et
1804 3880 2011 3934 fructus
2046 3879 2201 3935 mites

624 3970 679 4023 in
713 3968 895 4023 animo
920 3984 1016 4023 suo
1040 3985 1143 4023 non
1179 3969 1415 4023 habebit.
1452 3967 1732 4037 Contingit
1756 3969 1874 4033 hoc,
1905 3978 1960 4022 et
1984 3968 2199 4037 quidem

621 4059 890 4115 haereticis
920 4068 1045 4114 ante
1072 4075 1283 4126 omnes,
1312 4061 1405 4130 qui
1447 4074 1753 4115 sermonem
1793 4060 1954 4129 impie
1996 4061 2048 4114 in
2089 4060 2200 4114 fra-

624 4153 798 4206 tribus
840 4152 1270 4220 corrumpendis,
1314 4151 1468 4222 131
1510 4159 1563 4206 et
1594 4150 1806 4205 inﬁrma
1843 4166 2029 4206 eorum
2070 4166 2204 4206 con-

624 4244 853 4299 scientia
886 4243 1231 4312 percutienda
1269 4251 1617 4311 consumunt,
1668 4244 1917 4314 quamvis
1956 4244 2204 4300 Christus

623 4348 725 4405 pro
754 4335 909 4389 nobis
930 4345 1176 4390 mortuus
1204 4336 1295 4390 sit.

697 4424 860 4482 Vsus.
888 4426 939 4480 7.
986 4427 1249 4482 Venerunt
1279 4428 1390 4483 dies
1416 4426 1660 4491 ultionis,
1691 4437 1936 4481 venerunt
1962 4428 2075 4483 dies
2105 4428 2206 4482 tri-

625 4521 912 4575 bulationis
942 4531 1067 4584 tua,
1096 4528 1145 4573 et
1171 4520 1427 4591 aﬂligetur
1450 4519 1618 4575 Israel
1645 4520 1780 4574 sicut
1798 4521 2049 4591 propheta
2072 4524 2208 4577 ima.

625 4611 792 4676 aiens,
818 4609 970 4665 homo
998 4611 1090 4681 qui
1110 4609 1264 4665 habet
1289 4611 1555 4678 spiritum.

699 4787 886 4845 XCIX.
920 4788 1176 4845 Solebant
1197 4787 1455 4844 Israelita:
1486 4797 1794 4845 sanctorum
1821 4790 2205 4860 prophetarum

628 4896 908 4936 sermones
950 4882 1256 4950 repudiare,
1291 4894 1520 4951 quaeque
1564 4896 1596 4937 a
1632 4882 1741 4936 Deo
1789 4884 2207 4946 mandabantur,

630 4988 729 5041 pro
758 4973 927 5028 nihilo
954 4983 1167 5041 putare,
1206 4988 1517 5043 quanquam
1548 4974 1710 5029 toties
1738 4973 1842 5029 illis
1879 4974 2017 5028 mala
2048 4989 2211 5029 even-

632 5076 754 5120 tura
782 5065 1144 5134 pmdixisset.
1175 5064 1359 5134 Itaque
1390 5064 1587 5120 alicubi
1616 5064 1930 5133 prophetam
1953 5064 2212 5120 Ezechie-

634 5157 742 5211 lem
786 5155 867 5211 sic
902 5157 1188 5227 compellat
1242 5174 1256 5210 :
1301 5174 1319 5208 ι
1371 5155 1470 5210 Fili
1537 5155 1794 5217 hominis.
1855 5170 1980 5211 ecce
2023 5156 2213 5211 domus

632 5247 796 5303 Israel
820 5263 1180 5316 exasperans;
1210 5247 1453 5303 dicentes
1481 5246 1706 5301 dicunt:
1743 5245 1889 5301 Visio
1922 5261 2081 5315 quam
2112 5247 2213 5302 iste

636 5339 803 5403 videt,
839 5337 892 5392 in
928 5338 1043 5393 dies
1076 5338 1291 5405 multos,
1321 5345 1378 5392 et
1408 5336 1461 5391 in
1494 5347 1736 5405 tempora
1776 5336 1930 5406 longa
1958 5336 2059 5390 iste
2086 5350 2223 5406 pro-1

634 5432 841 5501 phetat.
863 5431 1156 5501 Propterea
1179 5432 1266 5486 dic
1295 5432 1363 5485 ad
1393 5444 1487 5485 eos
1519 5447 1533 5484 :
1568 5428 1693 5484 Haec
1720 5429 1849 5484 dicit
1868 5428 2073 5484 Adonai
2112 5428 2215 5483 Do-

635 5523 819 5578 minus
849 5539 864 5576 :
893 5521 1008 5576 Non
1028 5521 1485 5592 prolongabuntur
1507 5518 1645 5573 ultra
1672 5519 1855 5574 omnia
1880 5518 2040 5575 verba
2071 5534 2212 5588 mea,

636 5620 975 5682 quaecunque
1010 5612 1218 5667 locutus
1256 5609 1429 5665 fuero.
1462 5606 1600 5674 Quia
1650 5606 1839 5678 loquar
1881 5608 2126 5676 verbum,
2160 5618 2215 5666 et

711 5793 754 5825 "
787 5791 987 5850 Jcrcm.
1022 5807 1166 5857 μιν,
1202 5790 1383 5846 Η-Η.
1463 5791 1507 5824 δ’
1535 5788 1669 5846 Osee
1704 5804 1821 5855 vm,
1845 5788 1896 5843 ι.

2372 3326 2545 3381 Ὅταν
2576 3327 2755 3381 τοίνυν
2790 3330 2904 3392 τοῖς
2935 3328 3089 3401 ποιρά
3116 3328 3253 3383 Θεοῦ
3302 3330 3534 3383 δοθεῖσιν
3576 3331 3825 3398 ἀγαθοῖς,
3851 3332 3879 3401 ἦ

2299 3421 2654 3487 σωματικοῖς,
2687 3419 2720 3489 ἢ
2752 3423 3141 3488 πνευματικοῖς
3175 3421 3249 3491 μὴ
3274 3420 3338 3489 δὴ
3369 3422 3548 3492 χρῷτό
3576 3440 3662 3486 τις
3691 3424 3880 3491 ὀρθῶς.

2302 3509 2439 3580 μήτε
2472 3510 2577 3579 μὴν
2603 3511 2684 3573 είς
2706 3509 2865 3576 δόξαν
2902 3509 3092 3576 αὐτοῦ,
3121 3511 3352 3581 πράττοι
3382 3512 3439 3565 δὲ
3469 3513 3883 3585 ἀπερισκέπτως

2296 3599 2367 3653 τὰ
2390 3599 2460 3653 δι’
2494 3594 2569 3654 ὧν
2599 3600 2666 3655 ἂν
2692 3603 3049 3673 προσκρούοι,
3075 3603 3168 3655 καὶ
3189 3602 3464 3657 ἁλίσκοιτο
3478 3605 3691 3670 λυπῶν,
3712 3624 3884 3661 κατοι-

2300 3692 2529 3762 χήσεται
2563 3693 2661 3763 μὲν
2689 3694 2767 3757 είς
2791 3692 3032 3762 ὄλεθρον,
3059 3693 3212 3746 ἔσται
3239 3694 3296 3747 δὲ
3322 3694 3511 3766 κλῆσις
3533 3697 3629 3750 τοῦ
3654 3686 3897 3769 διαρπάέ

2301 3782 2487 3846 ζοντος
2544 3784 2779 3847 Σατανᾶ,
2837 3784 2930 3837 καὶ
2980 3784 3224 3855 ἀκάνθης
3293 3786 3626 3858 ὲναύλισμα,
3678 3790 3883 3861 ἀγρίων

2300 3871 2567 3939 δηλονότι,
2586 3873 2681 3925 καὶ
2712 3873 2958 3926 ἐκτόπων
2990 3872 3300 3943 ἐπιθυμιῶν
3318 3886 3334 3901 °
3374 3874 3470 3927 καὶ
3490 3878 3744 3945 καρποὺς
3759 3876 3883 3946 ήμέ·

2305 3980 2432 4034 ρους
2455 3964 2553 4016 οὐκ
2581 3962 2647 4017 ἂν
2677 3963 2789 4034 ἔχοι
2815 3963 2954 4018 κατά
2983 3963 3075 4017 τὸν
3113 3962 3259 4018 νοῦν.
3295 3964 3528 4019 Πάθοιεν
3551 3966 3595 4019 δ’
3634 3966 3703 4022 ἀν
3736 3968 3880 4020 τοῦτο

2303 4056 2398 4109 καὶ
2423 4057 2528 4127 πρό
2551 4073 2616 4125 γε
2631 4058 2741 4110 τῶν
2762 4058 2936 4112 ἄλλων
2960 4057 3253 4128 αἱρετικοὶ,
3278 4059 3379 4128 τὴν
3400 4059 3494 4112 τοῦ
3519 4058 3682 4128 λόγου
3699 4061 3879 4131 χρείαν

2302 4147 2648 4212 δαπανῶντες
2691 4149 2966 4214 δυσσεϐῶς
3010 4152 3102 4215 είς
3138 4151 3199 4204 τὸ
3241 4150 3548 4222 παραλύειν
3593 4152 3878 4221 ἀδελφοὺς,

2306 4239 2401 4291 καὶ
2430 4238 2654 4294 τύπτειν
2676 4241 2855 4295 αὐτῶν
2882 4241 3218 4296 ἀσθενοῦσαν
3239 4242 3341 4314 τὴν
3367 4241 3699 4314 συνείδησιν,
3721 4244 3882 4298 καίτοι

2306 4330 2547 4402 Χριστοῦ
2574 4332 2843 4398 παθόντος
2879 4334 3020 4405 ὑπὲρ
3041 4335 3222 4406 ήμῶν.

2382 4423 2649 4479 Ἥκασιν
2680 4428 2742 4480 αἱ
2773 4427 2987 4495 ἡμέραι
3039 4426 3152 4495 τῆς
3203 4426 3573 4497 ἐκδικήσεως
3595 4468 3611 4495 ,
3672 4428 3883 4497 ἧκασιν

2306 4517 2367 4569 αὶ
2393 4516 2606 4585 ἡμέραι
2634 4515 2744 4585 τῆς
2767 4517 3229 4582 ἀνταποδόσεώς
3275 4534 3415 4581 σου,
3472 4518 3573 4571 καὶ
3624 4513 3879 4580 κακωθή-

2309 4619 2481 4658 σεται
2520 4605 2758 4673 Ἰσραὴλ
2795 4605 3000 4675 ὥσπερ
3051 4610 3086 4660 ό
3126 4607 3438 4675 προφήτης
3471 4610 3505 4660 ὁ
3531 4606 3883 4675 παρεξεστη-

2239 4703 2284 4757 D
2313 4698 2451 4764 κὼς,
2484 4697 2797 4766 ἄνθρωπος
2818 4701 2851 4752 d
2875 4697 3386 4767 πνευματοςρόρος.

2383 4789 2498 4856 ιιΘκ
2523 4788 2686 4853 Ἕθος
2710 4784 2779 4860 ἦν
2810 4790 2925 4852 τοῖς
2955 4788 3015 4854 ἐξ
3050 4791 3269 4862 Ἰσραὴλ
3291 4791 3419 4854 τοὺς
3442 4790 3549 4843 τῶν
3570 4790 3748 4858 ἁγίων
3765 4802 3880 4856 προ-

2315 4878 2505 4948 φητῶν
2540 4878 2893 4932 ἀποσείεσθαι
2930 4879 3144 4947 λόγους,
3205 4880 3298 4933 καὶ
3340 4878 3493 4932 οὐδὲν
3548 4878 3797 4948 ἡγεῖσθαι
3823 4872 3881 4927 τὰ

2317 4969 2468 5040 παρά
2496 4968 2657 5033 Θεοῦ,
2689 4970 2872 5023 καίτοι
2904 4970 3166 5034 πολλάκις
3196 4970 3277 5023 ὅτι
3316 4970 3509 5023 παθεῖν
3538 4970 3723 5033 αὐτοῖς
3761 4983 3880 5035 cup.-

2318 5059 2549 5129 ϐήσεται
2583 5060 2651 5114 τὰ
2685 5060 2836 5114 δεινά
2886 5061 3401 5132 περιηγορευκότος
3446 5061 3541 5113 καὶ
3566 5060 3698 5127 γοῦν
3729 5062 3758 5113 ὁ
3788 5055 3879 5109 τῶν

2317 5155 2456 5209 ὅλων
2477 5155 2612 5217 Θεὸς
2632 5153 3070 5225 προσπεφώνηκέ
3103 5170 3204 5205 που
3238 5151 3315 5223 τῷ
3340 5153 3594 5223 προφήτῃ
3624 5146 3875 5220 Ἰεζεχιὴλ,

2311 5246 2506 5314 λέγων·
2548 5265 2566 5298 ι
2600 5246 2698 5299 Υἱὲ
2722 5244 3032 5316 ἀνθρώπου,
3069 5244 3177 5298 ἰδοὺ
3209 5243 3239 5294 ὁ
3293 5239 3441 5306 οἶκος
3482 5242 3699 5313 Ἰσραὴλ
3736 5244 3764 5294 ὁ
3787 5254 3876 5291 πα·

2318 5338 2712 5411 ραπικραίνων,
2743 5338 2992 5406 λέγοντες
3022 5336 3292 5406 λέγουσιν’
3329 5336 3394 5389 Ἡ
3430 5336 3617 5407 ὅρασις
3643 5333 3710 5404 ήν
3736 5325 3874 5391 οὗτος

2314 5432 2437 5502 ὁρᾷ,
2475 5431 2554 5493 είς
2601 5428 2816 5502 ἡμέρας
2861 5429 3084 5493 πολλὰς,
3142 5428 3236 5483 καὶ
3269 5430 3351 5491 είς
3398 5426 3623 5497 καιροὺς
3655 5422 3876 5496 μακροὺς

2320 5516 2475 5585 οὗτος
2496 5522 2851 5594 προφητεύει.
2870 5523 2967 5576 Διά
2993 5521 3152 5576 τοῦτο
3180 5520 3334 5575 εἰπὸν
3362 5520 3495 5591 πρὸς
3517 5518 3736 5583 αὐτούς·
3760 5514 3875 5570 Τάδε

2316 5615 2469 5685 λέγει
2508 5615 2734 5671 Ἀδωναῒ
2784 5615 2987 5688 Κύριος
3022 5628 3038 5646 ⁸
3078 5615 3155 5669 Οὐ
3218 5614 3291 5685 μὴ
3351 5611 3666 5685 μηκύνωσιν
3718 5606 3876 5665 οὐκέτι
