4068 6540
157 416 279 474 291

1096 422 1644 481 COMMENTARIUS
1686 426 1751 480 IN
1792 427 2021 484 OSEAM
2061 428 2500 486 PROPHETAM.

3336 430 3444 484 29.?!

165 535 387 593 πάντες
409 532 459 586 οἰ
490 530 638 601 λόγοι
686 551 810 604 μου,
843 533 936 599 οὒς
992 533 1058 590 ἂν
1111 538 1349 609 λαλήσω.
1382 540 1503 592 Ὅτι
1550 540 1767 610 λαλήσω

1898 545 2084 605 nciam.
2115 546 2243 600 dicit
2273 545 2480 600 Adonai
2514 544 2770 599 Dominus
2799 543 2865 600 ⁸³.
2900 563 2918 596 ι
2949 542 3077 600 Tale
3102 543 3355 613 quiddam
3388 548 3443 594 et

164 623 362 693 λόγον,
394 639 490 678 και
513 625 742 697 ποιήσω,
763 626 912 696 λέγει
945 628 1169 682 Ἀδωναῒ
1223 629 1443 700 Κύριος.
1487 652 1508 684 ι
1551 630 1769 685 Τοιοῦτό

165 719 397 789 τίφησι
438 719 693 775 κάνθάδε.
749 738 768 773 ι
808 723 1013 777 Ἦκασι
1044 723 1172 795 γὰρ,
1217 727 1403 797 φησὶν,
1447 730 1501 781 αἱ
1562 729 1771 799 ήμέραι

174 810 287 880 τῆς
309 812 665 883 ἐκδικήσεως.
694 832 712 864 ι
738 815 962 885 Ὅμοιον
992 816 1068 880 ὡς
1091 819 1137 869 εἰ
1168 816 1340 886 λέγοι,
1362 820 1526 888 ἐγγὺς
1552 821 1581 891 ἡ
1608 819 1733 890 δίκη
1751 859 1767 885 ,

173 905 283 957 καὶ
302 903 392 957 ἐπ’
412 904 602 970 αὑταῖς
623 906 721 977 ήδη
745 906 939 978 θύραις
962 910 991 961 ὀ
1018 907 1190 978 ἀγὼν,
1214 911 1409 978 γείτων
1430 913 1464 981 ὴ
1492 912 1769 983 συμφορὰ,

174 996 285 1047 καὶ
311 997 372 1047 ὲν
402 994 702 1063 ὀφθαλμοῖς
739 998 768 1050 ὀ
799 996 1054 1068 πόλεμος.
1110 999 1427 1070 Ἐνέστηκεν
1453 1002 1487 1070 ή
1523 1001 1622 1072 τῆς
1650 1002 1774 1055 ἀντ-

179 1086 501 1151 αποδόσεως
555 1087 756 1161 ήμέρα.
819 1089 1164 1162 Κακουμένῳ
1224 1091 1283 1145 δέ
1349 1093 1689 1163 σοι,οφησὶν,
1726 1087 1772 1147 ὦ

197 1178 443 1249 Ἰσραὴλ,
463 1179 955 1251 συγκακωθήσεται
986 1183 1225 1250 πάντως,
1256 1185 1351 1239 καὶ
1377 1185 1435 1239 ἐν
1458 1184 1558 1256 ἴσῳ
1584 1185 1772 1257 τρόπῳ

189 1267 414 1337 μεθέξει
448 1270 547 1340 τῆς
579 1270 756 1342 δίκης,
783 1274 813 1325 ὀ
859 1274 969 1337 πᾶς
1011 1275 1069 1326 ὲν
1123 1274 1205 1328 σοὶ
1240 1274 1705 1348 ψευδοπροφήτης,
1740 1276 1770 1330 ὀ

185 1360 617 1431 παρεξεστηκὼς
674 1362 979 1433 ἄνθρωπος,
1006 1365 1303 1433 τουτέστιν,
1357 1367 1386 1418 ὀ
1440 1367 1627 1431 ἔνθους
1677 1368 1773 1422 καὶ

189 1450 548 1521 μαινόμενος,
592 1453 684 1506 καὶ
725 1453 1085 1520 ἀπολωλεκὼς
1126 1456 1227 1521 τὰς
1261 1456 1482 1529 φρένας,
1504 1458 1563 1512 ὃν
1596 1461 1659 1514 σὺ
1684 1478 1773 1513 νε-

185 1540 427 1610 νόμικας
450 1539 590 1596 εἶναι
628 1547 1094 1618 πνευματοφόρον.
1148 1546 1315 1617 Ὁμοῦ
1364 1548 1474 1618 γὰρ
1518 1550 1635 1611 τοῖς
1678 1548 1774 1602 ἄλ-

187 1630 308 1695 λοις
336 1632 621 1689 διολώλασι
650 1637 706 1689 οἵ
732 1654 791 1690 τε
828 1639 993 1709 ἱερεῖς
1030 1638 1137 1693 τῶν
1174 1640 1416 1710 ὑψηλῶν,
1458 1641 1552 1693 καὶ
1582 1642 1630 1694 οἰ
1669 1642 1776 1695 τῶν

189 1723 430 1778 εἰδώλων
474 1726 836 1797 θεραπευταὶ,
893 1729 988 1783 καὶ
1037 1730 1259 1797 πάντες,
1289 1733 1403 1785 ὅσοι
1457 1731 1777 1801 ψευδοεπεῖς

189 1833 258 1869 τε
291 1818 389 1870 καὶ
418 1818 810 1889 ψευδομάντεις
856 1817 996 1892 ἦσαν
1045 1826 1102 1877 ὲν
1136 1823 1214 1893 τῷ
1271 1823 1508 1895 Ἰσραήλ.
1556 1825 1774 1895 Ἐπειδὴ

1871 638 1959 691 hic
1988 637 2227 708 loquitur
2252 655 2266 693 :
2291 656 2309 689 ι
2354 637 2624 693 Venerunt
2651 636 2768 691 dies
2792 636 3030 690 ultionis.
3058 653 3075 687 ι
3109 637 3185 688 Ac
3215 635 3259 688 si
3279 634 3441 693 dicat,

1871 741 2037 795 prope
2067 735 2150 783 est
2184 727 2337 792 ultio,
2368 737 2421 781 et
2450 726 2561 792 jam
2597 725 2651 779 in
2688 725 2819 794 ipsis
2862 724 3068 779 foribus
3099 723 3388 779 discrimen
3424 734 3440 774 :

1871 818 2045 871 vicina
2073 816 2274 880 clades,
2309 828 2364 872 et
2410 815 2607 871 bellum
2639 825 2765 871 ante
2804 815 2989 870 oculos
3035 822 3134 869 est.
3188 812 3443 868 Retribu-

1875 909 2040 967 tiouis
2069 910 2181 966 dies
2225 910 2396 964 adest.
2434 908 2567 962 Dum
2620 916 2676 962 tu
2722 916 2900 961 autem
2953 904 3225 975 allligeris,
3256 902 3440 966 Israel,

1872 1003 2092 1058 omnino
2142 1011 2198 1056 et
2253 999 2445 1071 aequali
2502 1014 2659 1069 paena
2710 1006 2892 1053 tecum
2955 995 3219 1065 allligetur
3270 993 3446 1046 omnis

1874 1094 2334 1165 pseudoproplteta
2363 1093 2499 1163 apud
2537 1100 2610 1157 te,
2644 1092 2805 1147 homo
2836 1090 2904 1146 de
2951 1097 3092 1144 statu
3122 1084 3318 1141 mentis
3360 1083 3446 1137 di-

1874 1195 2070 1252 motus,
2096 1186 2197 1241 hoc
2225 1194 2326 1249 est,
2360 1182 2646 1247 fanaticus,
2683 1191 2737 1237 et
2782 1182 3024 1247 insanus,
3057 1186 3110 1233 et
3155 1175 3248 1247 qui
3299 1188 3449 1227 men-

1876 1282 1983 1329 tem
2034 1274 2284 1345 perdidit,
2326 1289 2483 1343 quem
2523 1284 2576 1327 tu
2621 1271 2819 1343 putasti
2869 1266 3225 1339 spiritualem.
3275 1262 3449 1319 Simul

1877 1366 2144 1437 siquidem
2171 1381 2290 1421 cum
2311 1365 2430 1421 aliis
2453 1365 2729 1435 perierunt
2746 1360 3062 1417 sacerdotes
3083 1355 3448 1418 excelsorum,

1881 1468 1931 1515 et
1970 1459 2204 1514 cultores
2233 1458 2524 1524 idolorum,
2549 1464 2602 1511 et
2636 1464 2898 1526 quotquot
2929 1451 3214 1507 mendaces
3244 1456 3298 1503 et
3331 1445 3449 1500 falsi

1875 1560 2027 1605 vates
2054 1559 2209 1604 erant
2236 1551 2288 1604 in
2321 1548 2505 1604 Israel.
2532 1547 2666 1615 Quia
2702 1546 2844 1601 enim
2882 1540 3230 1599 vaticinaturi
3271 1539 3452 1593 furere

1877 1655 1937 1696 se
1986 1640 2334 1705 simulabant,
2383 1649 2438 1694 et
2475 1638 2631 1707 quasi
2678 1635 2929 1690 Pliteme
2976 1632 3197 1688 numine
3242 1628 3453 1684 aﬂlatos

1878 1732 2173 1801 ﬁngebant,
2212 1732 2332 1787 ideo
2383 1740 2436 1786 et
2485 1729 2756 1785 hominem
2810 1728 3058 1782 insanum
3114 1737 3209 1779 seu
3271 1728 3454 1775 mente

1880 1833 2095 1894 captum
2126 1822 2431 1879 istiusmodi
2461 1820 2779 1877 nominavit.

191 1907 308 1978 γὰρ
334 1908 618 1979 μαίνεσθαι
685 1913 1105 1983 προσεποιοῦντο
1162 1914 1262 1977 τὰς
1302 1917 1562 1985 μαντείας
1610 1917 1998 1987 ποιησόμενοι,
2052 1915 2148 1969 καὶ
2197 1914 2393 1987 φοισᾷν
2463 1914 2841 1984 ὑπεκρίνοντο,
2901 1909 3156 1983 ταύτῃτοι
3215 1906 3310 1960 καὶ
3360 1904 3456 1959 ἄν·

194 2001 423 2075 θρωπον
461 2005 905 2078 παρεξεστηκότα
942 2007 1033 2061 τὸν
1064 2009 1304 2063 τοιοῦτον
1332 2008 1610 2080 ὀνομάζει.

286 2098 437 2152 ’Υπό
461 2099 567 2152 τοῦ
597 2100 867 2168 πλήθους
888 2099 1005 2154 τῶν
1033 2100 1278 2155 ἀδικιῶν
1300 2117 1416 2156 σου
1443 2102 1789 2171 ἐπληθύνθη

1965 2100 2090 2155 Prw
2118 2099 2452 2153 multitudine
2482 2096 2818 2167 iniquitatum
2859 2103 3068 2149 tuarum
3110 2090 3459 2161 multiplicata

188 2191 388 2260 μανία
408 2206 545 2244 σου.

274 2280 355 2335 Ρ¹.
398 2280 607 2352 Πλῆθος
641 2281 855 2346 ἀδικίας
887 2281 1074 2354 φησὶν,
1104 2282 1269 2337 οἱονεὶ
1307 2283 1406 2355 τὴν
1447 2283 1787 2355 πολύτροπον

197 2388 266 2426 τε
306 2373 402 2426 καὶ
448 2372 698 2443 πολυειδῆ
730 2372 1026 2444 θρησκείαν
1080 2373 1174 2428 τοῦ
1221 2374 1457 2448 Ἰσραήλ.
1524 2374 1636 2428 Ἐνί
1688 2375 1788 2445 μὲν

200 2464 377 2534 λόγῳ,
407 2464 771 2535 πεπλάνηντο,
806 2465 901 2519 καὶ
948 2466 1151 2529 πάντες
1189 2461 1332 2539 ἦσαν
1380 2467 1784 2539 εἰδωλολάτραι.

202 2558 361 2630 Πλὴν
388 2557 703 2628 ἐμερίζοντο
746 2559 872 2621 τοὺς
912 2558 1013 2628 τῆς
1046 2558 1366 2628 πλανήσεως
1403 2559 1657 2630 τρόπους,
1697 2559 1790 2613 ἄλ-

201 2647 291 2701 λοι
346 2664 407 2699 τε
463 2647 646 2711 ἄλλοις
708 2648 987 2718 προσῆγον
1055 2648 1152 2712 τὰς
1208 2649 1465 2713 τελετὰς,
1529 2650 1623 2704 καὶ
1675 2651 1790 2714 τοῖς

202 2739 534 2811 προσιοῦσιν
563 2739 840 2795 ἐποιοῦντο
859 2741 957 2805 τὰς
985 2742 1431 2812 ψευδομαντείας.
1462 2742 1523 2795 Οἱ
1548 2742 1645 2813 μὲν
1684 2743 1791 2811 γὰρ

204 2834 334 2895 ταῖς
359 2830 655 2902 δαμάλεσιν
685 2831 997 2902 ὲλάτρευον·
1036 2832 1086 2885 οἱ
1128 2832 1183 2885 δὲ
1223 2831 1299 2903 τῷ
1334 2832 1558 2902 Χαμὼς,
1590 2831 1793 2903 εἰδώλῳ

94 2919 106 2927 ’
203 2924 410 2979 Μωάσ-
447 2925 626 2996 ἕτεροι
662 2924 719 2977 δὲ
748 2927 817 2995 τῇ
868 2924 1159 2996 Ἀστάρτη,
1193 2920 1374 2993 *Ησαν
1403 2925 1481 2990 δὲ,
1517 2925 1566 2979 οἳ
1604 2925 1698 2981 καὶ
1716 2924 1793 2995 τῷ

204 3017 386 3083 Βάαλ,
414 3017 512 3070 καὶ
555 3019 621 3088 τῇ
650 3018 881 3089 στρατιᾷ
928 3015 1024 3070 τοῦ
1062 3016 1314 3088 ούρανοῦ.
1348 3016 1617 3088 Ταύτῃτοι
1662 3017 1795 3081 Θεὸς

207 3107 499 3179 ὲπῃτιᾶτο,
542 3107 717 3176 λέγων
758 3107 847 3161 διὰ
902 3110 1082 3179 φωνῆς
1125 3108 1416 3178 Ἱερεμίου,
1448 3110 1530 3162 ὅτι
1586 3127 1603 3159 ι
1641 3106 1798 3161 Κατὰ

206 3198 450 3269 ἀριθμὸν
474 3197 682 3253 πόλεών
710 3216 827 3263 σου,
848 3194 987 3271 ἦσαν
1017 3198 1127 3252 θεοί
1158 3216 1274 3265 σου,
1304 3198 1526 3252 Ἰούδα.»
1559 3197 1794 3269 Ἐκάστη

208 3290 328 3362 γὰρ
357 3290 513 3354 πόλις
566 3289 676 3343 τῶν
734 3292 865 3362 παρ’
919 3290 1104 3353 αὐτοῖς
1153 3288 1284 3342 ίδιον
1332 3289 1472 3359 ἔχειν
1532 3288 1798 3359 ὡμολόγει

215 3381 375 3436 οεόν.
389 3381 561 3436 Τοῦτο
582 3383 713 3435 αὐτὸ
734 3401 752 3433 ι
775 3382 987 3452 Πλῆθος
1003 3380 1219 3443 ἀδικίας
1241 3399 1259 3431 ι
1278 3377 1534 3450 ὀνομάζει
1550 3378 1796 3440 δικαίως.

1887 2202 1960 2246 εει
1984 2191 2195 2244 insania
2225 2199 2338 2243 tua.

1958 2282 2021 2337 C.
2055 2279 2449 2336 Multitudinem
2482 2275 2784 2346 iniquitatis
2818 2272 3059 2329 nominat
3097 2269 3248 2339 quasi
3281 2266 3463 2322 multi-

1890 2376 2104 2430 modam
2128 2380 2184 2428 et
2212 2369 2593 2425 multiformem
2621 2365 3054 2436 superstitionem
3085 2361 3311 2417 lsraelis.
3338 2359 3463 2417 Uno

1888 2465 2077 2532 verbo,
2100 2463 2338 2533 corrupti
2368 2469 2522 2518 erant
2550 2473 2738 2515 omnes
2776 2466 2831 2512 et
2875 2455 3189 2512 idololatrae.
3237 2450 3464 2507 Verum—

1896 2569 2074 2615 tamen
2099 2555 2395 2613 secundum
2427 2552 2616 2607 modos
2650 2546 2982 2617 deceptionis
3017 2543 3195 2609 divisi,
3228 2541 3317 2596 alii
3344 2540 3466 2595 aliis

1896 2664 2049 2704 sacra
2078 2647 2365 2712 faciebant,
2392 2652 2447 2699 et
2474 2658 2531 2699 se
2557 2639 3009 2697 convenientibus
3037 2636 3169 2690 falsa
3208 2633 3467 2703 praedica-

1893 2744 2040 2797 bant.
2069 2738 2202 2794 Nam
2235 2737 2454 2807 quidam
2508 2734 2725 2797 vitulos,
2760 2731 2977 2801 quidam
3004 2728 3236 2783 Chamos
3264 2724 3465 2778 idolum

1895 2834 2079 2897 Moab,
2110 2830 2199 2884 alii
2231 2830 2484 2883 Astarten
2510 2824 2780 2880 colebant.
2810 2820 2925 2874 Non
2955 2819 3179 2873 deerant
3207 2816 3333 2869 item
3375 2812 3470 2881 qui

1896 2923 2023 2977 Baal
2068 2929 2122 2976 et
2165 2917 2410 2973 militiam
2444 2913 2568 2969 ειειί
2613 2913 2672 2968 in
2719 2912 2940 2967 deorum
2988 2920 3212 2962 numero
3248 2917 3472 2958 venera-

1897 3024 2103 3073 reutur.
2164 3012 2367 3068 Idcirco
2411 3009 2554 3065 Deus
2586 3008 2842 3063 incusans
2891 3018 3005 3067 eos,
3045 3016 3143 3072 per
3181 2997 3473 3054 Jeremiam

1898 3110 1975 3164 ait
2008 3126 2021 3163 :
2061 3106 2218 3177 132
2254 3123 2272 3156 ι
2310 3102 2616 3158 Secundum
2642 3112 2922 3153 numerum
2951 3095 3227 3149 civitatum
3256 3100 3472 3143 tuarum

1897 3207 2050 3257 erant
2083 3197 2155 3253 dii
2186 3197 2284 3258 tui,
2313 3193 2447 3249 Juda
2476 3192 2544 3247 “.
2581 3210 2600 3242 ›
2643 3189 2989 3258 Unaquaeque
3022 3184 3166 3239 enim
3203 3180 3333 3236 urbs
3357 3179 3476 3233 illo-

1900 3306 2018 3347 rum
2044 3288 2318 3361 proprium
2346 3287 2505 3342 deum
2556 3283 2759 3337 habere
2807 3294 2866 3334 se
2922 3275 3297 3346 proﬁtebatur.
3355 3268 3475 3325 Hoc

1902 3383 2077 3453 ipsum
2120 3400 2140 3434 ι
2190 3377 2588 3434 multitudinem
2648 3370 2951 3441 iniquitatis
3014 3386 3035 3421 ι
3097 3364 3479 3421 convenienter

224 3473 509 3544 ’Δδίκημα
528 3473 639 3544 γὰρ
666 3473 902 3543 ἀληθῶς,
947 3473 1043 3525 καὶ
1072 3470 1229 3540 ὕϐρις
1269 3471 1348 3533 εἰς
1387 3469 1540 3535 Θεὸν,
1562 3467 1624 3522 τὸ
1666 3470 1793 3522 ἁπο-

1907 3452 2159 3544 appellat.
2196 3470 2336 3526 Vere
2366 3469 2510 3525 enim
2544 3465 2801 3535 iniquitas
2829 3472 2911 3516 est
2941 3460 2994 3514 in
3025 3457 3216 3524 Deum,
3244 3462 3299 3511 et
3338 3452 3482 3521 initt-

215 3567 417 3636 φοιτᾷν
470 3566 566 3635 μὲν
615 3563 801 3625 αὐτοῦ,
842 3561 1200 3633 προσκεῖσθαι
1244 3560 1302 3614 δὲ
1364 3559 1541 3626 ξύλοις
1587 3576 1647 3613 τε
1704 3560 1801 3613 καὶ

213 3655 416 3720 λίθοις,
452 3656 545 3708 καὶ
574 3673 592 3707 ι
633 3655 759 3718 Τοῖς
790 3653 974 3725 ἔργοις
1007 3652 1116 3707 τῶν
1155 3651 1353 3724 χειρῶν
1388 3650 1552 3705 αὑτοῦ
1578 3692 1593 3717 ,
1636 3668 1656 3703 ι
1704 3667 1804 3704 κα·-

218 3747 407 3820 θάπερ
448 3748 778 3819 γέγραπται.
820 3746 1037 3800 Μανίαν
1090 3744 1148 3798 δὲ
1201 3744 1349 3814 λέγει
1378 3743 1479 3814 τὴν
1521 3740 1800 3813 μαντείαν.

219 3839 443 3893 Οὐκοῦν
476 3839 776 3909 ἐπειδήπερ
813 3836 1017 3908 πλῆθος
1062 3835 1277 3900 ἀδικίας
1324 3834 1552 3905 εὓρηται
1590 3834 1649 3887 ὲν
1697 3832 1802 3897 σοὶ,

218 3931 386 4000 φησὶ,
412 3930 667 4001 ταύτῃτοι
701 3929 798 3984 καὶ
848 3928 1000 4000 παρὰ
1039 3928 1123 3981 σοὶ
1178 3926 1553 3997 πεπλήθυνται
1598 3923 1764 3995 μανία
1788 3962 1804 3989 ,

218 4021 529 4087 τουτέστιν,
557 4023 591 4092 ή
621 4018 1041 4092 ψευδομαντεία,
1088 4019 1321 4073 ἑκάστου
1374 4016 1516 4071 κατὰ
1556 4015 1614 4068 τὸ
1660 4014 1808 4078 εἰκὸς

218 4116 339 4171 τῶν
371 4115 789 4186 ψευδομάντεων
849 4113 979 4166 ῐδιον
1038 4111 1254 4181 ἔχοντος
1304 4109 1527 4181 τρόπον,
1584 4106 1706 4161 καθ’
1748 4106 1808 4160 ὀν

222 4206 582 4278 ἐμαντεύετο.
610 4206 882 4259 Ἐκτοπον
902 4199 994 4258 οὖν
1029 4203 1157 4273 ἄρα,
1189 4202 1285 4255 καὶ
1326 4201 1671 4271 παράνομον,
1714 4197 1812 4251 καὶ

225 4298 466 4372 βέϐηλον
499 4296 733 4369 ἀληθῶς,
765 4296 860 4352 καὶ
891 4297 992 4349 οὐκ
1046 4292 1317 4355 ἀνικάνως
1352 4292 1495 4362 ἕχον,
1527 4288 1613 4353 είς
1655 4304 1719 4357 γε
1750 4286 1812 4341 τὸ

223 4391 497 4447 δύνασθαι
553 4390 767 4453 λυπεῖν,
820 4386 916 4440 καὶ
962 4384 1299 4456 παροτρύναι
1337 4381 1523 4446 δεινῶς
1568 4381 1662 4433 τὸν
1704 4379 1813 4433 τῶν

224 4485 376 4538 δελων
406 4480 562 4543 Θεὸν,
599 4479 662 4533 τὸ
679 4476 1057 4549 ψευδοεπείαις
1095 4475 1452 4546 προσκεῖσθαι
1482 4472 1677 4543 φιλεῖν,
1706 4470 1814 4525 τῶν

225 4572 420 4625 λαλεῖν
462 4569 730 4624 εἰωθότων
782 4585 802 4619 ι
842 4566 924 4619 Τὰ
965 4566 1072 4621 ἀπὸ
1118 4564 1342 4635 καρδίας
1380 4562 1579 4625 αὐτῶν,
1616 4578 1634 4611 ι
1674 4558 1817 4613 καθὰ

226 4665 572 4735 γέγραπται,
609 4680 627 4713 ι
656 4661 753 4715 καὶ
772 4660 874 4713 ούκ
894 4658 1004 4711 ἀπὸ
1045 4657 1308 4727 στόματος
1332 4653 1558 4726 Κυρίου.
1585 4671 1603 4705 ι
1630 4653 1818 4721 Παρα-

1908 3569 2013 3634 ria,
2067 3566 2135 3620 ab
2183 3563 2276 3619 Illo
2326 3560 2612 3619 recedere,
2643 3566 2696 3609 et
2749 3554 2941 3624 lignis,
2996 3549 3268 3620 lapidibus
3317 3554 3482 3614 atque

1915 3679 1934 3713 ι
1969 3656 2222 3728 operibus
2247 3667 2499 3708 manuum
2530 3664 2751 3703 suarum
2791 3646 2860 3707 ⁸⁸,
2901 3664 2919 3697 ι
2966 3653 3024 3696 ιιι
3074 3640 3333 3709 scriptum
3377 3647 3481 3701 est,

1910 3748 2150 3811 colendis
2199 3746 2437 3801 deditum
2474 3755 2615 3797 esse.
2666 3737 2938 3792 Insaniam
2984 3741 3165 3788 autem
3211 3738 3486 3799 nuncupat

1912 3839 2369 3896 vaticinationem.
2402 3832 2600 3900 Quare,
2632 3828 2886 3900 quoniam
2916 3824 3202 3879 multitudo
3229 3821 3487 3890 iniquita-

1916 3935 1984 3990 tis
2013 3933 2065 3987 in
2097 3940 2148 3986 te
2168 3931 2385 3984 inventa
2414 3934 2519 3989 est,
2544 3923 2740 3990 inquit,
2768 3920 2970 3973 idcirco
3006 3923 3060 3968 et
3098 3913 3239 3983 apud
3269 3921 3321 3966 te
3351 3909 3490 3965 mul-

1916 4024 2153 4093 tiplicata
2180 4028 2267 4076 est
2287 4014 2522 4081 insania,
2557 4012 2611 4068 id
2641 4020 2747 4075 est,
2790 4004 3127 4070 vaticinatio,
3168 4014 3490 4072 unoquoque

1919 4090 2052 4167 falso
2081 4119 2224 4173 vate,
2255 4116 2314 4162 ut
2355 4111 2776 4161 consentaneum
2814 4107 2917 4165 est,
2954 4110 3109 4151 suum
3159 4090 3489 4147 vaticinandi

1919 4204 2135 4261 modum
2184 4202 2435 4257 habente.
2483 4194 2787 4250 Ahsurdum
2822 4204 2952 4260 ergo
3006 4196 3060 4242 et
3122 4186 3363 4255 iniquum
3408 4191 3495 4239 est

1920 4310 2131 4361 revera,
2169 4300 2222 4348 et
2249 4289 2392 4361 quod
2417 4288 2551 4343 satis
2576 4286 2648 4340 sit
2670 4284 2735 4338 ad
2767 4282 3004 4352 graviter
3029 4276 3409 4333 ollendeudum
3439 4282 3496 4329 et

1921 4384 2241 4439 irritandum
2270 4380 2437 4434 Deum
2490 4375 2891 4435 universorum,
2939 4369 3173 4423 libenter
3218 4363 3495 4420 attendere

1922 4474 2074 4530 falsis
2102 4468 2439 4528 sermonibus
2465 4466 2749 4521 solitorum
2780 4460 2923 4529 loqui
2961 4478 2979 4511 ι
3014 4458 3079 4512 de
3132 4457 3293 4511 corde
3323 4469 3443 4519 suo,
3471 4473 3492 4507 ι

1922 4568 2063 4622 sicut
2085 4563 2342 4633 scriptum
2360 4566 2467 4623 est,
2497 4565 2579 4611 «et
2600 4570 2702 4609 non
2726 4552 2792 4607 de
2805 4565 2899 4606 ore
2921 4548 3131 4603 Domini
3157 4549 3224 4600 ".
3240 4566 3258 4599 ι
3287 4545 3498 4601 Caven-

1923 4660 2049 4714 dum
2075 4656 2238 4725 igitur
2265 4649 2586 4708 Christianis
2629 4652 2929 4716 peccatum.
2973 4639 3129 4695 Solos
3176 4638 3319 4694 enim
3374 4650 3500 4690 san-

230 4729 543 4826 φυλακτέον
589 4753 652 4823 δὴ
690 4748 784 4805 οῦν
812 4751 1156 4819 Χριστιανοῖς
1178 4749 1238 4802 τὸ
1261 4746 1662 4819 πλημμέλημα.
1695 4744 1793 4798 Μό·

1926 4758 2133 4805 clarum
2187 4757 2366 4799 rerum
2398 4738 2633 4795 cultores
2675 4736 2741 4790 ad
2789 4732 3095 4802 huiusmodi
3148 4729 3407 4800 languere
3446 4734 3502 4782 et

230 4811 354 4908 νοις
385 4845 496 4916 γὰρ
520 4843 586 4898 ἂν
639 4811 842 4914 πρέποι
868 4811 931 4894 τὸ
958 4811 1149 4895 τοιάδε-
1166 4841 1344 4893 νοσεῖν
1356 4811 1479 4901 ’τοῖς
1503 4811 1610 4889 edixi
1644 4835 1793 4904 ἁγίωε

1931 4838 2175 4894 inﬁrmos
2197 4848 2320 4890 esse
2349 4831 2626 4888 condecet.

233 4937 632 5009 θεραπευταῖς.

314 5026 550 5093 Σκοπὸς
598 5023 848 5094 Ἐφραῒμ
890 5020 1041 5092 μετὰ
1082 5019 1229 5075 Θεοῦ
1273 5016 1604 5088 προφήτης,
1645 5013 1826 5085 παγίς

236 5117 467 5176 σκολιὰ
492 5116 590 5171 ἐπὶ
622 5115 825 5181 πάσας
856 5114 963 5179 τὰς
985 5111 1163 5177 ὀδοὺς
1198 5110 1407 5165 αὑτοῦ.

317 5211 445 5263 PA'.
470 5208 714 5270 Σκοποὺς
739 5203 1026 5275 ὀνομάζειν
1058 5202 1176 5266 ἔθος
1203 5203 1269 5273 τῇ
1298 5200 1420 5273 θείᾳ
1473 5196 1662 5272 Γραφῇ
1696 5198 1825 5262 τοὺς

238 5297 360 5353 τῶν
382 5298 527 5352 λαῶν
551 5295 976 5368 προεστηκότας,
992 5292 1127 5362 ὑψοῦ
1158 5309 1216 5345 τε
1239 5291 1508 5363 ήρμένους
1531 5288 1620 5343 διὰ
1637 5289 1823 5360 τιμὴν,

2000 5012 2166 5067 Vens.
2208 5010 2260 5065 8.
2295 5008 2493 5078 Scopus
2521 5005 2775 5071 Ephraim
2800 5019 2915 5057 cum
2939 5002 3047 5056 Deo
3087 5000 3358 5064 orovheta,
3421 4997 3505 5053 la-

1930 5119 2092 5176 queus
2126 5110 2393 5155 tortuosa:
2427 5112 2581 5164 super
2615 5110 2789 5147 omnes
2819 5094 2927 5147 vias
2957 5092 3089 5161 ejus.

2002 5193 2087 5253 CI.
2117 5192 2266 5248 Solet
2295 5190 2472 5246 divina
2504 5188 2787 5257 Scriptura
2820 5199 3015 5254 sc0pos
3055 5182 3339 5237 nominare
3370 5192 3507 5248 pra:-

1933 5288 2080 5344 sides
2098 5292 2154 5340 et
2178 5281 2546 5338 moderatores
2569 5276 2766 5346 populi,
2791 5286 2843 5331 et
2868 5276 2919 5328 iu
2950 5273 3163 5327 sublimi
3185 5271 3505 5341 dignitatum

242 5386 335 5455 οἷς
358 5388 425 5444 ἂν
455 5389 551 5443 καὶ
585 5362 794 5459 ένορῴῆ
819 5404 923 5449 τις,
954 5386 1002 5438 εί
1041 5384 1105 5456 δὴ
1141 5382 1382 5453 βούλοιτο
1413 5380 1502 5434 τὸν
1532 5379 1703 5453 ὀρθὸνΙ
1734 5398 1793 5433 κο

1936 5376 2103 5447 gradu
2139 5373 2447 5435 collocatos,
2487 5368 2541 5423 in
2586 5381 2721 5438 quos
2764 5365 3040 5420 intueatur
3071 5362 3161 5432 qui
3204 5370 3405 5414 rectam
3452 5365 3507 5411 et

243 5481 657 5551 ἀνεπίπληκτον
688 5479 937 5550 διαζῆσαι
972 5477 1106 5549 βίον.
1131 5475 1242 5529 Καὶ
1270 5474 1400 5543 γοῦν
1424 5474 1525 5544 ἔφη
1566 5492 1668 5527 που
1696 5474 1828 5537 Θεὸς

246 5573 394 5644 πρὸς
417 5573 507 5625 τὸν
544 5572 813 5643 μακάριον
852 5570 1138 5640 προφήτην
1188 5566 1446 5637 ἰεζεχιήλ
1490 5582 1505 5598 ο
1540 5584 1558 5616 ι
1593 5565 1687 5618 Υἱὲ
1733 5565 1829 5618 ἀν·-

1935 5466 2262 5534 inculpatam
2295 5461 2459 5516 vitam
2499 5459 2697 5529 degere
2740 5456 2885 5511 velit.
2915 5454 3093 5521 Quare
3137 5450 3330 5506 alicubi
3370 5449 3508 5503 Deus

1937 5560 2004 5614 ad
2028 5557 2240 5612 beatum
2269 5551 2585 5621 pr0pbetam
2627 5545 2964 5602 Ezechielem
2995 5562 3009 5599 :
3049 5562 3067 5595 ι
3104 5541 3205 5597 Fili
3251 5535 3503 5600 hominis,

248 5624 498 5737 θρώπου,
540 5624 739 5716 σκοπὸν
790 5624 997 5714 δέδωκά
1024 5624 1111 5711 ’σὲ
1157 5655 1237 5729 τῷ
1267 5624 1411 5727 ὸιέξῴ
1447 5654 1680 5726 Ἰσραὴλ,
1738 5669 1793 5707 κο

1938 5661 2159 5718 scopum
2180 5644 2301 5701 dedi
2329 5652 2382 5699 te
2416 5639 2599 5697 domui
2637 5637 2820 5706 Israel,
2869 5644 2924 5692 et
2966 5645 3269 5691 sermonem
3318 5624 3507 5683 audies

331 5842 380 5873 ’³
409 5839 607 5897 Ezecb.
634 5856 729 5905 xu,
765 5839 857 5909 27,
885 5837 976 5894 28.
1053 5836 1097 5867 "
1126 5833 1330 5901 Jer.'n,
1354 5833 1444 5890 28.
1519 5832 1565 5866 ”
1598 5831 1735 5887 Osce
1762 5844 1793 5883 ι

1901 5824 1953 5880 4.
2028 5824 2076 5857 ⁸⁸
2107 5822 2216 5880 Jer.
2254 5836 2408 5889 mn,
2438 5816 2524 5874 16.
