4068 6566
616 403 723 459 29.3
1636 400 1693 457 S.
1734 400 2009 459 CYRILLI
2048 400 2513 459 ALEXANDRINI
2553 400 2871 457 ARCHIEP.
3788 393 3906 450 2'“

615 535 679 572 σιτ
705 534 801 573 ore
827 532 968 579 meo,
1000 527 1054 572 et
1079 516 1372 574 minaberis
1417 518 1497 573 eis
1535 534 1565 573 a
1602 534 1686 575 me
1736 520 1802 573 ".
1841 540 1860 574 ι
1913 522 2183 579 Usitatum
2214 570 2221 586 λ

2298 523 2494 597 ἑκούσῃ
2523 526 2587 578 ὲκ
2610 520 2877 593 στόματός
2908 537 3010 591 μου
3042 518 3223 587 λόγον,
3272 516 3366 571 καὶ
3414 517 3758 588 οιαπειλήσῃ
3793 517 3904 567 αύ-

616 611 758 663 enim
782 618 900 663 erat
927 607 1009 663 his
1034 610 1230 677 scopis,
1258 623 1360 662 non
1388 608 1559 664 solum
1580 610 1645 664 iis
1665 627 1802 680 quos
1827 612 2191 683 instituerent,

2299 618 2401 678 τοῖς
2439 614 2571 684 παρ’
2611 612 2765 684 ἐμοῦ.
2801 632 2820 663 ι
2884 610 3049 674 Ἐθος
3103 608 3213 679 γὰρ
3244 608 3419 662 τοῖσδε
3475 610 3730 671 σκοποῖς,
3768 606 3905 674 οὐχὶ

618 700 684 754 ad
718 700 1133 767 descriptionem
1164 710 1217 753 et
1246 698 1475 754 fortnam
1510 700 1744 768 virtutis,
1770 718 1873 757 una
1903 720 2023 758 cum
2058 704 2189 774 legi-

2294 708 2453 776 μόνον
2483 709 2596 770 τοῖς
2630 702 3039 773 παιδευομένοις
3085 701 3222 773 πρὸς
3250 699 3597 757 ὑποτύπωσιν
3626 697 3862 771 ἀρετῆς
3883 738 3900 759 ,

616 791 715 845 bus
743 807 893 847 suam
924 791 1163 860 ipsorum
1196 791 1359 845 vitam
1392 806 1725 861 proponere,
1762 795 1854 849 sed
1903 796 2065 857 etiam
2092 811 2189 868 op-

2292 800 2406 869 ἦτοι
2436 798 2711 860 πολιτείας
2733 797 2827 850 σὺν
2844 796 3028 865 νόμοις
3047 794 3137 847 τὸν
3158 792 3364 847 ἑαυτῶν
3398 790 3717 861 προτιθέναι
3749 790 3898 858 βίον,

618 883 746 936 tima
780 894 1046 952 praecepta
1079 882 1309 949 tradere,
1333 892 1387 937 et
1417 883 1508 937 Dei
1539 883 1864 939 voluntatem
1910 887 2073 954 probe
2103 888 2188 941 in-

2297 887 2425 940 ἀλλά
2450 885 2560 957 γὰρ
2616 887 2712 939 καὶ
2760 882 3096 956 εἰσηγεῖσθαι
3139 882 3208 936 τὰ
3255 882 3519 954 χρήσιμα,
3574 882 3666 935 καί
3710 879 3903 949 τὸιτῷ

618 973 925 1043 terpretari.
972 970 1237 1027 Caeterum
1284 972 1372 1026 alii
1401 974 1618 1042 quidem
1662 976 1836 1044 scopis
1874 976 2030 1032 bonis
2058 980 2189 1035 sub-

2295 980 2408 1050 Θεῷ
2440 978 2630 1033 δοκοῦν
2683 976 3059 1049 διερμηνεύειν
3110 976 3304 1047 ὀρθῶς.
3349 975 3489 1031 Ἀλλ’
3536 976 3586 1029 oi
3636 975 3751 1045 μὲν
3786 971 3901 1027 ὑπὸ

610 1064 764 1134 jecti,
799 1065 1062 1118 directum
1104 1065 1205 1118 iter
1238 1062 1395 1118 cilicii
1439 1066 1778 1120 ambulantes
1810 1067 2186 1138 salvabantur;

2293 1072 2529 1135 σκοποὺς
2578 1071 2730 1133 ὀντες
2773 1070 3033 1138 ἀγαθοὺς,
3088 1070 3209 1122 κατ’
3252 1068 3381 1123 εὐθὺ
3425 1068 3520 1121 τοῦ
3565 1068 3897 1139 πρέποντος

616 1154 706 1207 alii
734 1153 913 1222 pravis
940 1162 993 1207 et
1020 1154 1278 1221 improbis
1304 1153 1614 1207 hominibus
1645 1154 1947 1209 animorum
1967 1172 2186 1214 suorum

2293 1163 2482 1225 ἰόντες,
2504 1159 2787 1225 ἐσώζοντο*
2815 1160 2865 1212 οἱ
2890 1159 2947 1212 δὲ
2978 1160 3233 1230 πονηροῖς
3278 1158 3373 1211 καὶ
3399 1157 3621 1224 φαύλοις
3643 1158 3897 1229 ἀνδράσι

620 1252 890 1299 momenta
928 1245 1351 1307 committentes,
1392 1246 1652 1300 seducere
1691 1255 1747 1301 et
1778 1248 1961 1321 seduci
2006 1263 2189 1316 perse-

2292 1249 2386 1319 τῆς
2423 1249 2631 1303 ἑαυτῶν
2658 1247 2893 1310 διανοίας
2924 1248 3322 1318 προσνέμοντες
3356 1247 3455 1317 τὴν
3495 1247 3690 1319 ῥοπὴν,
3738 1246 3898 1300 πλαα

617 1335 896 1401 verabant,
931 1344 1109 1390 mente
1140 1337 1208 1390 ab
1230 1337 1374 1390 omni
1407 1352 1568 1405 opere
1609 1338 1753 1394 bono
1799 1347 1854 1394 et
1886 1342 2190 1412 cognitione

2291 1341 2488 1405 νῶντές
2530 1358 2612 1407 τε,
2659 1342 2754 1394 καὶ
2806 1338 3147 1411 πλανώμενοι
3191 1339 3479 1404 διετέλουν,
3510 1342 3605 1392 και.
3650 1338 3897 1406 ἀπάσης

616 1439 741 1477 vera
777 1426 982 1481 inanes.
1007 1424 1236 1495 Propter
1259 1426 1630 1496 hujuscemodi
1659 1429 1885 1484 tribules
1908 1430 2185 1500 Epltraim,

2291 1431 2655 1502 ἀγαθουργίας
2713 1432 2809 1485 καὶ
2870 1430 3124 1497 γνώσεως
3189 1430 3425 1500 ἀληθοῦς
3508 1430 3897 1502 ἐξῳκισμένον

617 1516 731 1570 sive
755 1515 1007 1571 lsraelem
1039 1526 1093 1571 et
1127 1532 1268 1571 nunc
1314 1521 1565 1588 castigat.
1619 1537 1638 1571 ‹
1688 1519 1883 1575 Factus
1915 1531 1997 1576 est
2042 1524 2187 1577 enim

2290 1520 2502 1590 ἔχοντες
2525 1520 2615 1573 τὸν
2661 1520 2807 1574 νοῦν.
2840 1520 2995 1575 Οὕτω
3034 1520 3369 1584 πεπονθότας
3405 1522 3763 1574 καταιτιᾶται
3794 1521 3896 1573 καὶ

617 1604 692 1659 illi
724 1621 938 1676 scopus,
969 1608 1162 1677 inquit,
1188 1623 1307 1663 cum
1346 1610 1454 1664 Deo
1485 1610 1795 1687 propheta.»
1833 1611 1994 1679 Quasi
2025 1615 2187 1680 dicat,

2289 1611 2383 1666 νῦν
2414 1612 2539 1675 τοὺς
2570 1612 2634 1665 ὲκ
2674 1611 2778 1681 τῆς
2825 1611 2998 1681 φυλῆς
3046 1611 3303 1683 Ἐφραῖμ,
3338 1612 3457 1682 ἦτοι
3501 1611 3592 1667 τὸν
3630 1611 3893 1683 Ἰσραήλ.

620 1697 886 1767 cujusque
916 1698 1012 1752 Dei
1058 1698 1199 1765 falsi,
1244 1699 1410 1753 falsus
1440 1701 1720 1771 propheta.
1761 1702 1829 1758 Ut
1858 1705 2001 1757 enim
2026 1720 2190 1775 supra

2295 1720 2314 1755 ι
2346 1702 2543 1771 Γέγονε
2572 1701 2681 1773 γὰρ
2712 1701 2881 1773 αὐτῷ,
2916 1704 3068 1773 φησὶ,
3127 1703 3328 1766 σκοπὸς
3362 1702 3504 1774 μετά
3552 1702 3692 1757 Θεοῦ
3744 1720 3895 1774 προ-

617 1790 752 1856 dixi,
789 1788 845 1843 in
868 1790 1190 1859 multiplices
1210 1805 1425 1846 errores
1459 1794 1723 1860 dispertiti
1747 1793 1981 1850 fuerunt.
2018 1796 2188 1851 Etalii

2290 1796 2487 1866 φήτης.
2515 1813 2534 1846 ι
2569 1795 2795 1860 Ὅμοιον
2814 1795 2891 1858 ὼς
2924 1797 2973 1847 εί
2996 1794 3166 1863 λέγοι,
3202 1794 3323 1847 καθ’
3348 1794 3576 1848 ἕκαστον
3605 1794 3717 1850 τῶν
3747 1794 3895 1863 ψευ-

616 1880 833 1948 quidem
863 1880 1167 1935 servierunt
1198 1870 1324 1936 Baal
1344 1922 1358 1947 ,
1395 1883 1483 1941 alii
1515 1881 1771 1950 Cltamos,
1796 1885 1910 1941 sive
1930 1886 2190 1955 Beelpbe-
2220 1920 2222 1925 ι

2295 1885 2556 1957 δωνύμων
2583 1884 2744 1950 θεῶν,
2775 1886 2870 1940 καὶ
2895 1885 3256 1956 ψευδόμαντις
3297 1886 3483 1949 ίδικός.
3522 1887 3609 1949 Ὧς
3630 1886 3748 1958 γὰρ
3782 1887 3892 1957 ήδη

617 1982 716 2036 gnr
747 1987 761 2023 :
788 1970 941 2040 133
977 1981 1031 2025 et
1064 1971 1115 2025 in
1146 1972 1385 2040 quolibet
1410 1973 1537 2026 fano
1576 1973 1871 2029 formatum
1910 1984 1966 2030 et
1999 1992 2186 2030 manu-

2294 1978 2576 2046 προεῖπον,
2612 1978 2693 2040 εἰς
2717 1975 3054 2047 πολύτροπον
3079 1975 3399 2049 ἐμερίζοντο
3421 1974 3649 2047 πλάνην.
3682 1978 3808 2030 Καὶ
3841 1979 3890 2029 ot

620 2060 819 2114 factum
853 2063 1198 2118 simulacrum
1227 2063 1444 2132 aliquod
1500 2064 1811 2135 idolumque
1842 2066 2190 2135 cernebatur,

2296 2066 2393 2136 μὲν
2413 2065 2811 2137 λελατρεύκασι
2833 2064 2910 2134 τῷ
2930 2065 3095 2120 Baetis
3115 2068 3164 2119 οἱ
3179 2067 3235 2120 δὲ
3260 2067 3336 2137 τῷ
3357 2067 3583 2137 Χαμὼς,
3601 2068 3781 2136 ἡγουν
3812 2064 3891 2134 τῷ

618 2152 705 2206 cui
744 2153 1015 2210 assidebat
1044 2156 1368 2225 assiduoque
1412 2158 1687 2212 serviebat
1725 2159 2199 2230 pseudopropheta‘

2291 2157 2631 2228 Βεελφεγώρ.
2659 2158 2765 2212 Καὶ
2797 2160 2854 2211 ὲν
2874 2158 3089 2226 ἑκάστῳ
3120 2158 3344 2227 τεμένει
3386 2156 3892 2228 πεπλαστούργητό

616 2247 886 2314 proprius,
924 2257 1147 2317 eratque
1191 2250 1330 2320 apud
1361 2263 1456 2305 eos
1507 2265 1675 2320 genus
1725 2252 2059 2307 vaticinandi
2101 2269 2192 2307 va-

2290 2265 2345 2302 τι
2397 2248 2493 2302 καὶ
2532 2248 2893 2319 χειρόκμητον
2941 2248 3165 2319 ἄγαλμά
3220 2266 3279 2302 τε
3316 2249 3411 2303 καὶ
3456 2248 3681 2320 βρέτας,
3712 2247 3817 2302 καὶ
3860 2250 3887 2301 ό

617 2336 778 2390 riunt.
825 2336 891 2391 Et
934 2340 1252 2395 eructabant
1295 2342 1678 2399 accedentibus
1716 2346 1860 2414 quod
1916 2346 2189 2415 volebant,

2292 2338 2667 2411 προσεδρεύων
2691 2339 2908 2408 ἑκάστῳ
2937 2338 3386 2409 ψευδοπροφήτης
3426 2336 3613 2402 ίδικὸς,
3644 2340 3743 2391 καὶ
3763 2338 3887 2392 διά-

616 2426 733 2482 sine
762 2427 970 2483 ratione
1016 2437 1275 2499 tanquam
1310 2434 1651 2490 conducibile
1698 2446 1753 2489 et
1801 2438 2187 2493 necessarium.

2293 2448 2456 2502 φορος
2483 2431 2612 2503 παρ’
2640 2431 2824 2495 αὐτοῖς
2860 2433 2889 2485 ό
2917 2430 3017 2502 τῆς
3041 2430 3301 2501 μαντείας
3330 2426 3397 2501 ἦν
3417 2430 3637 2501 τρόπος.
3682 2429 3887 2503 Ἦρεύο

614 2517 877 2584 Quoniam
908 2520 1068 2588 igitur
1093 2520 1267 2578 factus
1282 2532 1366 2579 est
1393 2539 1591 2595 scopus
1618 2526 1902 2583 tribulibus
1936 2528 2189 2598 Epltraitn

2291 2540 2450 2593 γοντο
2492 2524 2549 2578 δὲ
2593 2526 2704 2586 τοῖς
2741 2522 3201 2595 προσερχομένοις
3255 2522 3318 2576 τὸ
3363 2521 3553 2576 δοκοῦν
3585 2523 3779 2587 ἁπλῶς
3810 2522 3888 2585 ὡς

614 2624 737 2663 cum
766 2624 1087 2680 unoquoque
1112 2611 1251 2669 falso
1280 2615 1382 2671 deo
1412 2616 1574 2671 etiam
1617 2619 1876 2687 propheta
1917 2623 2189 2688 proprius,

2293 2615 2561 2687 χρήσιμόν
2584 2633 2644 2669 τε
2705 2616 2797 2669 καὶ
2837 2615 3155 2678 ἀναγκαῖον.
3206 2614 3420 2670 Οὐκοῦν
3459 2615 3765 2686 ἐπειδήπερ
3790 2616 3886 2683 γέ-

615 2702 821 2756 idcirco
845 2713 1030 2772 postea
1065 2705 1135 2760 ad
1180 2707 1398 2775 quidvis
1445 2711 1816 2777 turpissimum
1868 2712 2194 2782 impotenter

2292 2722 2417 2773 γονε
2454 2706 2653 2770 σκοπὸς
2681 2708 2790 2770 τοῖς
2823 2705 2882 2770 ἐξ
2914 2705 3153 2778 Ἑφραῒμ
3189 2706 3307 2776 μεθ’
3338 2705 3569 2760 ἑκάστου
3604 2704 3718 2758 τῶν
3743 2706 3885 2775 ψευο

615 2806 674 2845 se
696 2793 979 2849 dederunt.
1016 2794 1128 2851 Hoc
1156 2797 1259 2851 illis
1294 2797 1496 2853 factum
1538 2810 1622 2855 est
1675 2821 1693 2853 ι
1735 2811 1788 2856 et
1826 2803 2049 2871 laqueus
2081 2814 2194 2859 tor-

2295 2797 2560 2869 δωνύμων
2594 2796 2753 2861 θεῶν.
2783 2799 2877 2852 καὶ
2900 2798 3185 2869 προφήτης
3210 2797 3393 2861 ίδικὸς,
3411 2797 3668 2870 ταύτῃτοι
3689 2796 3886 2849 λοιπὸν

619 2892 825 2938 tuosus.
864 2905 882 2936 ›
906 2884 1017 2939 Non
1052 2888 1194 2941 enim
1223 2899 1472 2957 poterant
1508 2893 1686 2961 dirigi,
1711 2904 1763 2948 et
1793 2906 1936 2949 recta
1953 2912 2191 2966 unquam

2295 2889 2431 2960 πρὸς
2458 2892 2565 2944 πᾶν
2604 2890 2911 2970 ότιοῂετῶν
2967 2890 3261 2959 αἰσχίστων
3290 2889 3535 2960 ἀσχέτως
3578 2887 3882 2942 ἀπονενεύ-

616 2977 871 3032 incedere
901 2977 953 3032 in
1001 2988 1078 3033 tot
1114 2980 1336 3036 deorum
1395 2984 1596 3038 cultum
1648 2986 1908 3056 prolapsi,
1968 3000 2027 3042 ut
2067 3005 2191 3045 cum

2294 2997 2445 3035 κασι.
2483 2980 2655 3035 Τοῦτο
2699 2982 2924 3051 γέγονεν
2954 2980 3103 3053 αύτῷ
3139 3001 3157 3033 ι
3188 2979 3284 3034 καὶ
3311 2980 3475 3049 παγὶς
3501 2980 3712 3033 σκολία.
3746 2998 3765 3031 ι
3804 2977 3881 3031 Οὐ

615 3068 856 3135 quolibet
897 3071 995 3124 deo
1038 3082 1092 3126 et
1134 3075 1408 3142 proprium
1452 3077 1768 3146 prophetam
1817 3078 2099 3143 haberent,
2138 3091 2193 3136 et

2293 3076 2402 3147 γὰρ
2432 3072 2500 3147 ἦν
2523 3077 2975 3143 κατευθύνεσθαι,
3001 3077 3096 3130 καὶ
3117 3075 3294 3147 ὀρθῶς
3338 3073 3575 3144 βαδίζειν
3614 3069 3882 3125 δύνασθαί

618 3162 835 3229 insuper
856 3177 1075 3230 scopum
1108 3165 1211 3219 sibi
1239 3165 1501 3232 facerent,
1536 3170 1623 3236 qui
1655 3185 1749 3225 eos
1783 3186 1812 3222 a
1837 3172 2038 3241 pietate
2063 3188 2188 3244 erga
2219 3223 2224 3257 1

2297 3184 2427 3222 ποτε
2458 3169 2586 3230 τοὺς
2618 3168 2699 3231 εἰς
2732 3166 3002 3237 τοσαύτην
3042 3164 3333 3219 πολυθεταν
3359 3162 3766 3231 ὼλισθηκότας,
3806 3160 3884 3223 ὡς

616 3252 782 3304 Deum
811 3253 1136 3321 abducebat,
1174 3267 1225 3311 et
1254 3257 1307 3312 in
1337 3256 1547 3312 loveam
1582 3261 1899 3329 perditionis
1944 3263 2190 3332 prmcipi-
2220 3252 2222 3254 ’

2296 3259 2393 3311 σὺν
2443 3258 2659 3328 ἑκάστῳ
2691 3258 2808 3327 Θεῷ
2852 3258 2947 3311 κού⁹
3003 3259 3289 3328 προφήτην
3339 3255 3483 3325 ἔχειν
3538 3254 3736 3306 ίδικόν·
3789 3253 3882 3306 καὶ

616 3343 785 3398 tabat.
832 3344 1081 3403 Volentes
1112 3350 1272 3418 igitur
1306 3350 1513 3419 legibus
1552 3353 1943 3409 convenienter
1988 3354 2188 3421 vivere,

2297 3348 2545 3419 προσέτι,
2569 3347 2841 3401 ποιεῖσθαι
2872 3350 3093 3411 σκοπὸν,
3118 3346 3209 3401 τὸν
3231 3347 3330 3417 τῆς
3350 3348 3427 3409 είς
3441 3346 3575 3398 Θεὸν
3592 3342 3881 3405 εὐσεϐείας

614 3436 922 3493 attscultare
957 3439 1153 3495 debent
1194 3457 1299 3496 non
1342 3445 1658 3500 docentibus
1702 3446 2040 3517 simpliciter,
2093 3462 2192 3503 nec

2294 3439 2715 3509 ἀποκομίζοντα,
2734 3440 2827 3492 καὶ
2854 3441 2966 3502 τοῖς
2990 3439 3090 3509 τῆς
3110 3436 3381 3499 ἀπωλείας
3414 3436 3625 3491 ὲνιέντα
3648 3435 3878 3505 βάθροις.

614 3522 957 3593 loquentibus
983 3530 1048 3584 de
1077 3530 1241 3586 corde
1271 3548 1369 3588 suo
1412 3533 1479 3598 ",
1538 3534 1630 3590 sed
1669 3536 1868 3605 quibus
1912 3538 2094 3591 divina
2138 3545 2192 3591 et

2293 3528 2630 3600 Προσεκτέον
2662 3528 2726 3599 δὴ
2755 3524 2847 3582 οὖν
2879 3531 2985 3592 τοῖς
3011 3527 3258 3581 ἐθέλουσι
3294 3525 3443 3596 βιοῦν
3466 3526 3731 3590 ἐννόμως,
3762 3524 3881 3593 οὐχὶ

614 3631 848 3685 superna
882 3621 1054 3689 gratia
1082 3622 1313 3677 sincera:
1357 3638 1483 3694 erga
1513 3624 1680 3679 Deum
1717 3628 2002 3682 charitatis
2036 3628 2191 3681 testi-

2291 3622 2403 3682 τοῖς
2433 3620 2778 3673 διδάσκουσιν
2827 3620 3036 3683 ἁπλῶς,
3097 3619 3220 3671 οὐδὲ
3253 3619 3369 3681 τοῖς
3401 3616 3621 3670 λαλοῦσι
3654 3616 3722 3669 τὰ
3774 3614 3878 3668 ἀπὸ

614 3710 855 3764 monium
900 3712 1130 3767 dederit.
1187 3713 1323 3769 llinc
1372 3726 1424 3770 et
1466 3716 1764 3772 Christus:
1820 3736 1839 3770 ι
1892 3719 2189 3785 Attendite,

2292 3711 2520 3782 καρδίας
2547 3709 2748 3772 αὐτῶν,
2768 3710 2882 3763 ἀλλ’
2894 3704 2974 3772 οἷς
2994 3708 3061 3763 ἂν
3083 3710 3116 3780 ἡ
3139 3708 3257 3761 θεία
3281 3708 3373 3761 καὶ
3402 3704 3607 3761 ἀνωθεν
3637 3708 3880 3776 ἐπιμαρο

616 3801 811 3867 i'iquit,
848 3817 877 3855 a
902 3803 1056 3857 falsis
1087 3808 1389 3873 prophetis,
1425 3808 1515 3877 qui
1556 3810 1774 3864 veniunt
1802 3810 1868 3863 ad
1898 3826 1993 3865 vos
2020 3810 2071 3864 in
2101 3826 2192 3866 ve-

2290 3804 2500 3873 τυρήση
2525 3802 2683 3873 χάρις
2723 3802 2826 3871 τῆς
2864 3803 2943 3863 εἰς
2965 3800 3097 3854 Θεὸν
3129 3800 3350 3869 ἀγάπης
3379 3796 3439 3850 τὸ
3471 3796 3718 3866 γνήσιον.
3758 3796 3880 3848 Τοι-

616 3892 888 3948 stimcntis
925 3894 1129 3961 ovium,
1167 3898 1491 3956 intrinsecus
1525 3912 1701 3956 autem
1732 3912 1858 3957 sunt
1901 3903 2007 3973 lupi
2036 3919 2191 3975 rapa-

2291 3894 2480 3963 γάρτοι
2506 3894 2600 3946 καὶ
2627 3896 2654 3947 ό
2686 3892 2941 3964 Χριστός·
2978 3910 2997 3943 ι
3035 3891 3363 3963 Προσέχετε,
3404 3888 3591 3959 φησιν,
3623 3887 3735 3951 ἀπὸ
3774 3888 3880 3939 τῶν

614 3997 707 4037 ces
738 3984 803 4035 δ’.
836 4002 855 4035 ι
2291 3984 2782 4055 ψευδοπροφητῶν,
2810 3983 3004 4045 οἵτινες
3029 3980 3278 4051 ἔρχονται
3311 3979 3447 4050 πρὸς
3472 3979 3615 4049 ὑμᾶς
3635 3979 3696 4031 ὲν
3726 3977 3879 4031 avsa-

2294 4092 2430 4147 μασι
2456 4075 2766 4146 προϐάτων,
2808 4072 3011 4125 ἔσωθεν
3031 4070 3088 4123 δέ
3123 4072 3229 4123 είσι
3257 4069 3410 4123 λύκοι
3442 4069 3714 4140 ἅρπαγες.
3748 4088 3767 4121 ι

684 4159 722 4210 Α
752 4158 1059 4214 crudelibus
1095 4170 1272 4214 autem
1325 4162 1453 4216 feris
1496 4178 1685 4231 parum
1724 4163 2036 4231 discrepare
2081 4180 2186 4217 non

2363 4164 2559 4236 Θηρῶν
2595 4163 2704 4234 γὰρ
2733 4160 2938 4231 ἀγρίων
2970 4159 3125 4227 ὀλίγα
3176 4159 3470 4227 διενεγκεῖν
3518 4174 3699 4229 φαμεν
3751 4159 3878 4228 ἀλη-

616 4245 750 4299 falso
780 4248 1107 4303 allirmamus
1150 4251 1435 4317 impiarum
1478 4253 1742 4307 baeresum
1784 4253 2090 4308 inventores
2134 4263 2191 4309 et

2292 4255 2559 4319 θεύοντες,
2594 4254 2721 4315 τοὺς
2751 4252 2858 4304 τῶν
2892 4251 3119 4304 ἀνοσίων
3174 4250 3439 4323 αἱρέσεων
3488 4247 3743 4319 εὑρετὰς,
3785 4250 3878 4303 καὶ

614 4342 892 4400 patronos,
926 4338 1015 4405 qui
1045 4353 1142 4391 ore
1175 4340 1391 4393 diducto
1420 4339 1670 4394 lsraelem
1716 4343 1998 4397 devorant.
2046 4343 2189 4410 Quo-

2291 4345 2715 4419 προεστηκότας,
2740 4345 2866 4407 τοὺς
2895 4341 3277 4404 κατεσθίοντας
3303 4341 3394 4394 τὸν
3423 4340 3641 4411 Ἰσραὴλ
3667 4342 3777 4411 ὅλῳ
3802 4342 3876 4412 τῷ

612 4424 900 4479 dummodo
946 4430 1090 4483 enim
1144 4441 1474 4484 consumunt
1526 4431 1914 4502 sitnpliciorum
1952 4435 2184 4498 animas,

2294 4439 2541 4507 στόματι.
2578 4434 2867 4487 Δαπανῶσι
2899 4434 3007 4503 γάρ
3042 4432 3231 4502 ὥσπερ
3263 4430 3364 4494 τὰς
3413 4429 3521 4483 τῶν
3574 4432 3877 4487 ἁπλουστέ.

600 4514 839 4591 fallacia:
867 4520 1120 4576 dentibus
1145 4538 1238 4576 eos
1268 4522 1718 4580 comminueutes.
1762 4524 1979 4581 Dicatur
2005 4527 2187 4597 itaque

2295 4544 2403 4596 ρων
2428 4524 2628 4595 ψυχὰς,
2670 4526 2783 4586 τοῖς
2838 4522 2937 4591 τῆς
2990 4521 3208 4590 ἀπάτης
3252 4518 3430 4572 ὀδοῦσι
3472 4520 3871 4592 συντρίϐοντες.

614 4622 642 4660 't
671 4607 825 4663 nobis
856 4612 1061 4667 etiam:
1099 4632 1118 4665 ι
1173 4615 1311 4668 Dens
1349 4626 1598 4671 conteret
1643 4616 1832 4674 dentes
1878 4633 2065 4673 eorum
2131 4620 2183 4671 in

2294 4617 2545 4689 Εἰρῄσθω
2570 4617 2632 4685 δὴ
2671 4611 2763 4670 οὖν
2792 4615 2885 4668 καὶ
2916 4611 3052 4683 πρὸς
3083 4611 3262 4683 ἡμῶν·
3299 4630 3317 4662 t
3352 4612 3410 4665 Ὃ
3429 4611 3562 4674 Θεὸς
3596 4611 3873 4681 συντρίψει

608 4716 706 4754 ore
733 4704 1001 4772 ipsorum;
1049 4706 1217 4761 molas
1244 4707 1454 4762 leonum
1490 4710 1755 4781 confregit
1790 4709 2072 4765 Dominus.
2103 4708 2183 4763 Ad

2294 4710 2419 4771 τοὺς
2442 4707 2657 4771 ὀδόντας
2686 4705 2866 4758 αὐτῶν
2895 4708 2952 4757 ἐν
2968 4704 3045 4775 τῷ
3078 4703 3305 4773 στόματι
3332 4701 3533 4765 αὐτῶν,
3568 4701 3669 4764 τάς
3703 4700 3873 4769 μύλας

612 4794 841 4848 nihilum
878 4798 1186 4863 devenient,
1218 4808 1275 4853 nt
1301 4810 1440 4871 aqua
1475 4806 1791 4858 decurrens.
1832 4802 2187 4858 Intendetar-

2290 4797 2400 4853 τῶν
2430 4797 2661 4850 λεόντων
2714 4794 3037 4848 συνέθλασεν
3057 4795 3085 4847 ὀ
3110 4793 3334 4863 Κύριος.
3384 4789 3873 4860 Ἐξουδενωθήσον-

610 4900 737 4940 cum
771 4902 927 4943 suum
951 4889 1123 4944 donec
1151 4890 1494 4949 inlirtnentur
1523 4894 1588 4947 ⁸ο.
1635 4913 1652 4946 ι

2292 4907 2380 4943 ται
2401 4889 2475 4953 ὡς
2504 4888 2647 4958 ὕδωρ
2665 4886 3140 4958 διαπορευόμενον.
3172 4883 3406 4938 Ἐντενεϊ
3430 4882 3490 4936 τὸ
3509 4880 3662 4947 τόξον
3683 4878 3868 4945 αὐτοῦ,

2290 4981 2396 5045 ἕως
2420 4976 2481 5034 οἶ)
2511 4978 2903 5049 ἀσθενήσωσιν.
2946 4996 2964 5029 ι
3038 4980 3041 4981 ⁷

687 5066 851 5120 Vsus.
875 5067 930 5122 9.
962 5066 1229 5121 Insaniam
1262 5069 1315 5122 in
1358 5070 1513 5124 domo
1560 5071 1655 5125 Dei
1687 5071 2003 5140 deﬁxerant.
2054 5071 2183 5127 Cor-

2353 5073 2590 5127 Μανίαν
2621 5071 2690 5123 ἐν
2723 5070 2868 5133 οἴκῳ
2906 5066 3134 5137 Κυρίου
3162 5062 3531 5132 κατέπηξαν.
3583 5058 3872 5131 Ἐφθάρηο

617 5159 756 5226 rupti
788 5167 908 5212 sunt
934 5159 1215 5216 secundum
1241 5162 1350 5215 dies
1381 5162 1550 5217 collis.
1581 5162 1966 5218 Recordabitur
1992 5164 2190 5233 iniqui-

2287 5180 2408 5219 σαν
2463 5162 2615 5217 κατὰ
2679 5160 2904 5231 ἡμέρας
2966 5157 3072 5212 τοῦ
3104 5155 3387 5222 .,βουνοῦ.
3441 5153 3867 5219 Μνησθήσεται

616 5249 744 5302 talis
774 5266 973 5313 eorum,
1006 5252 1288 5307 ulciscatur
1305 5265 1513 5317 peccata
1545 5270 1745 5307 eorum.

2285 5254 2519 5319 ἀδικίας
2546 5249 2765 5317 αὐτῶν,
2795 5247 3101 5315 ἐκδικήσει
3122 5247 3409 5316 ἁμαρτίας
3441 5242 3629 5298 αὐτῶν
3646 5283 3660 5296 .

689 5338 795 5394 Cll.
824 5339 1095 5396 insaniant
1128 5354 1181 5398 et
1210 5343 1297 5399 hic
1330 5360 1479 5398 more
1505 5344 1663 5398 solito
1694 5342 1861 5400 falsas
1886 5343 2189 5413 prtedictio-

2365 5344 2487 5398 PB'.
2509 5342 2722 5397 Μανίαν
2754 5339 2984 5395 κάνθάδε
3015 5338 3258 5408 συνήθως
3281 5335 3414 5407 φησὶ
3450 5333 3548 5404 τὴν
3568 5332 3864 5402 ψευδομάν-

619 5447 718 5487 nes
743 5434 1009 5498 nominat,
1054 5435 1269 5490 domum
1302 5444 1479 5491 autent
1530 5436 1739 5490 Domini
1775 5434 2050 5491 lsraeletn.
2103 5436 2189 5490 Di-

2294 5436 2464 5492 τείαν.
2500 5435 2706 5505 Κυρίου
2735 5432 2791 5485 δὲ
2844 5426 2989 5484 οἷκον
3019 5428 3272 5498 ὀνομάζει
3317 5426 3407 5477 τὸν
3474 5423 3712 5495 Ἰσραήλ.
3755 5421 3861 5475 Καὶ

620 5534 767 5579 ctum
795 5534 875 5580 est
901 5526 1061 5596 igitur
1081 5529 1310 5601 quodam
1331 5528 1448 5583 loco
1469 5542 1564 5598 per
1582 5525 1869 5582 Jeremiam
1887 5529 1952 5582 ad
1973 5526 2186 5585 Judazo-

2294 5526 2424 5597 γοῦν
2451 5525 2663 5598 εἴρηταί
2702 5540 2804 5576 που
2828 5521 2916 5575 διά
2955 5520 3138 5590 φωνῆς
3171 5516 3434 5611 Ἱερεμίου
3467 5513 3731 5611 πρὸς
3754 5510 3861 5611 τῶν

620 5630 738 5670 rum
778 5614 1140 5688 Synagogam,
1182 5619 1330 5673 velut
1361 5634 1425 5674 ex
1491 5632 1718 5686 persona
1757 5619 1845 5673 Dei
1884 5636 1944 5674 ιι
1998 5616 2188 5675 Nonne

2308 5617 2573 5673 Ἰουδαίων
2624 5609 3074 5682 Συναγωγὴν,ὠς
3113 5611 3177 5664 εκ
3227 5605 3520 5678 προσώπου
3555 5603 3647 5658 τοῦ
3695 5602 3855 5655 Θεοῦ·

685 5790 735 5826 ⁸⁷
776 5792 968 5848 Ezeclt.
1013 5810 1094 5853 tu.
1138 5794 1223 5847 l7.
1302 5794 1347 5826 “
1376 5794 1487 5850 Jer.
1518 5810 1669 5858 “ut,
1700 5795 1783 5849 '16.
1862 5797 1906 5828 δ’
1937 5794 2125 5851 Matth.
2159 5795 2253 5861 vit,
2284 5795 2291 5847 l

1376 5794 1487 5850 Jer.
1518 5810 1669 5858 uin,
1700 5795 1783 5849 τιὸ.
1862 5797 1906 5828 δ’
1937 5794 2125 5851 Matth.
2159 5795 2253 5861 vit,
2284 5793 2368 5849 l5.
2447 5794 2490 5825 ⁶⁰
2518 5790 2661 5847 Psal.
2692 5804 2820 5853 Lvn,
2843 5788 2892 5852 7,
2919 5785 2973 5844 8.
