4068 6580
165 413 285 467 *223

1089 407 1639 469 COMMENTARIUS
1672 404 1737 462 IN
1778 405 2011 463 OSEAM
2053 406 2495 464 PROPHETAM.

3325 400 3430 457 2'16

177 549 200 581 ι
228 530 346 599 οὐχ
372 530 451 593 ὡς
480 525 626 583 οἶκόν
649 544 717 599 με
744 528 1033 594 ἐκάλεσας,
1070 530 1163 585 καὶ
1211 531 1445 600 πατέρα,
1482 528 1577 582 xal
1620 527 1754 597 ἀρχ-

1864 534 1921 577 ιιι
1955 526 2172 578 domum
2214 538 2300 577 me
2327 521 2555 586 vocasti,
2591 528 2645 573 et
2679 526 2907 588 patrem,
2944 523 2997 571 et
3034 517 3225 570 ducem
3264 514 3428 584 virgi-

166 622 314 693 ηγδν
359 621 463 692 τῆς
509 621 806 692 παρθενίας
839 639 967 689 σου;
1000 641 1019 675 ι
1071 621 1520 692 Καταπλήττεται
1546 617 1611 689 δὴ
1656 614 1751 671 οὖν

161 715 273 785 τῆς
300 711 644 782 ἀποπληξίας
659 712 721 765 τὸ
744 712 993 782 μέγεθος,
1010 712 1233 766 καὶτῶν
1253 712 1470 767 ἀτόπων
1499 711 1754 779 ἐγχειρη-

178 808 376 877 μάτων
404 808 506 879 τὴν
535 806 862 877 ὑπερϐολήν.
911 804 1238 876 Ἐληλάκασι
1274 803 1384 875 γὰρ
1432 802 1571 872 πρὸς
1596 800 1758 853 τοῦτο

172 899 369 952 λοιπὸν
398 896 766 967 άνοσιότητος,
802 896 986 965 φησὶν,
1026 895 1102 957 ὡς
1143 894 1341 965 μανίαν
1376 896 1435 946 ἐν
1467 891 1602 961 οἴκῳ
1639 892 1756 945 Κυ-

174 990 300 1060 ρίου
336 988 672 1058 καταπῆξαι,
718 987 997 1049 τουτέστι,
1051 985 1502 1054 ψευδομαντείαν,
1550 983 1645 1037 καὶ
1687 981 1756 1037 τὰ

164 1085 291 1145 τοῖς
324 1081 492 1146 θείοις
526 1082 711 1151 νόμοις
739 1079 1167 1151 ἀπηγορευμένα
1203 1080 1563 1150 πλημμελεῖν.
1596 1073 1668 1132 Εὖ
1698 1079 1755 1132 δὲ

166 1169 241 1239 δὴ
293 1170 480 1224 καὶτὸ
533 1188 552 1222 ι
587 1168 921 1239 κατέπηξαν,
957 1187 976 1220 ι
1031 1167 1185 1238 φησί.
1235 1166 1311 1222 Οὐ
1348 1167 1455 1240 γὰρ
1482 1168 1754 1221 πέπαυται

168 1260 444 1330 τολμηθὲν
468 1258 721 1324 εἰσάπαξ,
739 1259 853 1313 ἀλλ’
870 1260 1031 1313 οἱονεὶ
1049 1260 1263 1330 πέπηγε
1288 1261 1380 1313 καὶ
1398 1259 1753 1331 ἐνεὸοθρεύθη

169 1349 364 1405 λοιπὸν
394 1353 494 1421 τῆς
520 1351 837 1415 δυσσεὸείας
879 1353 941 1405 τὸ
987 1353 1195 1423 χρῆμα·
1227 1352 1288 1404 ού
1334 1353 1442 1423 γὰρ
1490 1352 1754 1421 κατέληξε

167 1441 567 1510 ψευδομάντεις
609 1444 748 1513 ἔχων
814 1443 909 1496 καὶ
947 1443 1396 1514 ψευδοπροφήτας
1449 1444 1479 1496 6
1518 1441 1751 1513 Ἰσραήλ.

186 1532 409 1601 Ἐπειδὴ
466 1533 524 1586 δὲ
569 1533 638 1587 τά
684 1533 863 1588 τοιάδε
912 1532 1349 1604 τετολμήκασιν,
1402 1532 1629 1595 εἰκότως
1679 1525 1754 1584 ὧν

170 1626 408 1695 ἔδρασαν
474 1624 842 1695 ἐξαιτούμενοι
903 1623 1089 1690 δίκας,
1151 1641 1171 1675 r
1216 1621 1562 1693 Ἐφθάρησαν
1613 1622 1755 1676 κατὰ

169 1718 273 1781 τὰς
297 1716 513 1789 ἡμέρας
533 1718 627 1770 τοῦ
654 1716 866 1788 βουνοῦ.
887 1718 1241 1788 Μεμνήσεται
1267 1716 1375 1786 γὰρ
1410 1718 1510 1787 τῆς
1542 1715 1754 1778 ἀδικίας

171 1806 381 1871 αὐτῶν,
408 1806 505 1859 καὶ
535 1806 812 1876 ἐκδικήσει
848 1804 1029 1867 πάσας
1067 1804 1165 1866 τὰς
1196 1802 1472 1873 ἁμαρτίας
1492 1800 1691 1855 αὐτῶν.
1729 1819 1749 1851 ι

1858 614 2044 671 uitatis
2073 624 2181 670 tum
2214 614 2296 667 "'9
2332 632 2351 666 ι
2389 611 2758 681 Magnitudine
2784 610 2944 679 igitur
2971 608 3219 662 amentiae
3250 615 3305 662 et
3336 621 3432 662 ne-

1856 707 2140 762 fandarum
2210 707 2549 761 molitionum
2625 703 3008 771 exsuperantia
3072 698 3430 769 obstupescit.

1856 798 2138 869 Progressi
2174 806 2301 855 sunt
2343 799 2489 852 enim
2536 795 2673 865 jam,
2721 795 2916 863 inquit,
2952 807 3016 847 eo
3040 792 3350 861 impietatis,
3374 798 3435 845 ut

1857 892 2121 947 insaniam
2159 892 2210 945 in
2247 891 2406 945 domo
2455 888 2548 943 Dei
2596 887 2903 949 deﬁxerint,
2947 885 3049 937 hoc
3082 894 3186 948 εει,
3232 883 3430 938 falsum

1857 986 2170 1039 vaticinium
2220 983 2638 1050 divinarumque
2670 980 2846 1049 legum
2877 977 3244 1031 violationem.
3294 976 3433 1043 Apte

1855 1089 2035 1133 autem
2065 1088 2117 1132 et
2151 1077 2279 1131 illud
2319 1076 2545 1139 dictum,
2598 1092 2618 1125 ι
2681 1072 3005 1127 deiixerunt.
3054 1086 3074 1119 ι
3118 1065 3276 1138 134
3314 1067 3431 1121 Non

1855 1172 1999 1228 enim
2035 1172 2191 1226 desiit
2221 1171 2479 1225 audacter
2509 1175 2782 1237 patratum
2818 1163 3005 1227 semel,
3043 1163 3134 1216 sed
3166 1160 3432 1229 quodam-

1859 1265 2018 1319 modo
2055 1264 2159 1318 ﬁxa
2207 1272 2293 1317 est
2353 1273 2409 1317 et
2453 1262 2506 1314 in
2559 1259 2806 1315 scrobem
2868 1258 3100 1326 impacta
3152 1253 3431 1323 impietas;

1855 1354 1980 1422 quia
2015 1369 2119 1407 non
2157 1354 2393 1407 cessavit
2440 1350 2610 1405 falsos
2649 1358 2800 1403 vates
2852 1356 2907 1401 et
2936 1344 3437 1416 pseudoprophetas

1857 1446 2057 1501 habere
2083 1445 2269 1500 Israel.
2307 1445 2442 1511 Quia
2478 1459 2607 1497 vero
2635 1443 2687 1496 in
2732 1442 2873 1496 hanc
2905 1438 3187 1493 audaciam
3239 1450 3434 1504 erupe-

1857 1545 2003 1599 runt,
2038 1536 2232 1589 merito
2263 1534 2524 1587 factorum
2556 1546 2747 1602 pinnas
2773 1531 2973 1594 exacti,
3005 1548 3024 1580 ι
3048 1528 3285 1595 corrupti
3310 1536 3437 1580 sunt

1855 1631 2147 1684 secundum
2184 1629 2299 1682 dies
2333 1628 2506 1681 collis.
2539 1625 2935 1680 Recordabitur
2964 1622 3105 1676 enim
3134 1619 3437 1690 iniquitatis

1859 1720 2121 1787 ipsorum,
2150 1727 2203 1772 et
2237 1718 2521 1772 ulciscetur
2542 1716 2723 1769 omnia
2753 1724 2968 1784 peccata
2996 1728 3204 1767 eorum.
3232 1731 3248 1762 ι
3270 1711 3437 1777 Quid-

1858 1826 1981 1865 nam
2016 1821 2192 1865 autem
2226 1810 2319 1873 sit,
2355 1826 2374 1861 ι
2404 1809 2643 1877 corrupti
2676 1817 2801 1861 sunt
2834 1806 3129 1859 secundum
3166 1805 3279 1858 dies
3322 1801 3441 1858 col-

172 1898 288 1951 Καὶ
319 1897 374 1950 τί
412 1895 478 1967 δὴ
506 1896 666 1950 τοῦτό
718 1898 840 1950 ἐστι
887 1896 972 1961 τὸ,
1032 1914 1050 1947 ι
1090 1896 1434 1965 Ἐφθάρησαν
1467 1894 1607 1947 κατὰ
1654 1893 1754 1956 τὰς

1861 1901 1944 1967 lis,
1991 1920 2009 1952 ι
2049 1917 2167 1971 age,
2204 1903 2391 1970 paucis
2427 1914 2805 1970 suggeramus.
2853 1897 3127 1966 Scriptum
3155 1907 3238 1951 est
3276 1895 3439 1964 quid-

170 1987 391 2056 ἡμέρας
419 1987 513 2039 τοῦ
548 1985 758 2057 βουνοῦ,
786 2004 805 2038 ι
836 1987 992 2057 φέρε,
1026 1985 1113 2039 διὰ
1145 1983 1390 2056 βραχέων
1422 1983 1753 2054 ὑπομνήσω-

174 2094 301 2147 μεν.
336 2078 645 2149 Γέγραπταί
676 2095 729 2131 τι
759 2076 1000 2131 τοιοῦτον
1022 2078 1079 2129 ἐν
1098 2079 1164 2147 τῇ
1195 2075 1361 2145 βίϐλῳ
1382 2077 1490 2128 τῶν
1513 2073 1750 2146 Κριτῶν,

171 2169 516 2237 ἐπιτομάδην
534 2168 591 2220 δὲ
621 2170 859 2233 ἃπασαν,
876 2168 952 2231 ὡς
974 2167 1076 2231 ἐνι,
1101 2168 1401 2237 ποιήσομαι
1422 2167 1519 2236 τὴν
1540 2168 1755 2237 ἀφήγη-

174 2274 288 2323 σιν,
348 2257 445 2310 καὶ
502 2256 847 2328 μακροτέραν
892 2253 1058 2309 οὖσαν
1115 2255 1375 2308 πστελῶ.
1441 2274 1459 2305 ι
1512 2254 1602 2307 Ἐν
1634 2255 1755 2319 ταῖς

172 2350 417 2420 ἡμέραις
437 2349 692 2412 ἐκείναις,
719 2349 905 2418 φησὶν,
934 2349 1035 2401 ούκ
1053 2344 1122 2418 ἦν
1153 2346 1407 2416 βασιλεὺς
1425 2349 1485 2400 ἐν
1515 2345 1753 2417 Ἰσραὴλ,

175 2440 395 2511 ἀνὴρτὸ
409 2439 566 2502 εύθές
581 2442 638 2493 ἐν
658 2439 957 2509 ὀφθαλμοῖς
987 2438 1150 2492 αὑτοῦ
1172 2438 1365 2491 ἐποίει.
1382 2438 1492 2490 Kal
1520 2436 1755 2508 ἐγενήθη

172 2529 396 2593 νεανίας
416 2531 482 2583 ἐκ
505 2529 775 2601 Βηθλεὲμ,
792 2530 854 2600 δή
864 2546 965 2599 μου
995 2528 1184 2594 Ἰούδα,
1219 2528 1314 2583 καὶ
1329 2528 1491 2591 αὐτὸς
1502 2528 1753 2599 Λευττης,

174 2626 275 2680 καὶ
307 2618 463 2689 οὗτος
497 2624 749 2697 παρῴκει
801 2626 937 2678 ἐκεῖ.
982 2624 1097 2677 Kal
1131 2622 1404 2695 ἐπορεύθη
1424 2623 1453 2675 6
1486 2622 1625 2693 ἀνὴρ
1648 2622 1761 2676 ἀπὸ

175 2715 433 2789 Βηθλεέμ
484 2715 585 2787 τῆς
621 2715 828 2779 πόλεως
861 2713 1053 2781 Ἰούδα,
1111 2714 1447 2786 παροικῆσαι
1491 2715 1549 2767 ἐν
1601 2709 1646 2782 ᾧ
1693 2714 1761 2768 ἂν

171 2806 317 2879 εὕρῃ
342 2808 515 2877 τόπῳ.
545 2805 651 2861 Kal
695 2802 860 2877 ἦλθεν
892 2805 997 2869 ἕως
1054 2805 1213 2877 ὅρους
1246 2803 1511 2876 Ἐφραῒμ,
1535 2806 1633 2858 καὶ
1656 2805 1761 2868 ἕως

170 2899 330 2955 οίκου
354 2898 614 2969 Μιχαίου,
648 2896 742 2952 τοῦ
800 2898 1026 2969 ποιῆσαι
1067 2898 1185 2950 ὁδὸν
1233 2896 1420 2951 αὐτοῦ.
1472 2897 1584 2951 Kal
1610 2892 1761 2951 εἶπεν

174 2991 334 3062 αὐτῷ
356 2991 597 3060 Μιχαίας
619 3004 635 3019 ⁸
665 2988 839 3042 Πόθεν
875 2989 1045 3061 ἐρχῃς
1087 2990 1199 3043 Kal
1250 2984 1374 3043 εἷπε
1434 2989 1572 3061 πρὸς
1602 2990 1764 3044 αὐτὸν

176 3084 453 3153 Λευῖτηςο
492 3080 636 3150 Ἐγώ
678 3083 793 3151 ειμι
840 3081 950 3134 ἀπὸ
998 3080 1247 3152 Βηθλεέμ
1292 3081 1481 3147 Ἰούδα,
1513 3082 1607 3136 καὶ
1654 3080 1765 3151 ἐγὼ

178 3174 493 3246 πορεύομαι
508 3174 839 3243 κατοικῆσαι
866 3176 924 3228 ἐν
949 3166 994 3242 ᾧ
1019 3174 1088 3229 ἂν
1106 3173 1252 3244 εὕρω
1278 3174 1448 3245 τόπῳ.
1479 3174 1588 3227 Kal
1612 3169 1764 3226 εἶπεν

1854 1994 1997 2064 piam
2039 1991 2343 2061 huiusmodi
2385 1993 2436 2046 in
2466 1992 2606 2046 libro
2639 1990 2919 2055 Judicum;
2959 1999 3122 2042 totam
3170 1986 3438 2042 narratio-

1854 2099 1977 2140 nem
2000 2100 2163 2154 quam
2203 2095 2392 2152 patero
2434 2083 2763 2137 brevissime
2801 2082 3180 2150 perstringam,
3222 2088 3276 2131 et
3323 2077 3438 2130 lon-

1854 2175 2057 2244 giorem
2088 2173 2142 2228 in
2172 2188 2339 2244 pauca
2369 2172 2669 2226 conferam.
2713 2188 2732 2223 ι
2772 2173 2829 2225 1η
2859 2171 3046 2225 diebus
3078 2170 3210 2231 illis,
3240 2170 3439 2237 inquit,

1858 2280 1963 2319 non
1993 2274 2112 2319 erat
2142 2278 2234 2318 rex
2270 2265 2322 2318 in
2353 2263 2539 2328 Israel,
2570 2275 2621 2317 et
2647 2265 2875 2333 quisque
2900 2263 3041 2331 quod
3084 2270 3288 2315 rectum
3319 2269 3441 2313 erat

1857 2354 1912 2408 in
1942 2354 2115 2409 oculis
2145 2354 2279 2417 suis,
2328 2354 2577 2408 faciebat.
2630 2353 2695 2408 Et
2727 2353 2829 2405 fuit
2864 2351 3073 2419 juvenis
3120 2351 3170 2404 in
3223 2350 3444 2404 Bethle-

1857 2445 2000 2509 hem,
2030 2446 2203 2500 tribus
2234 2444 2389 2507 Juda,
2420 2452 2475 2499 et
2513 2446 2632 2513 ipse
2672 2444 2904 2507 Levites,
2942 2452 2995 2496 et
3031 2444 3118 2496 hic
3163 2442 3443 2498 habitabat

1860 2536 1954 2591 ibi.
1995 2535 2060 2590 Et
2094 2537 2225 2590 abiit
2254 2537 2338 2590 vir
2364 2536 2459 2593 ille
2494 2552 2521 2590 a
2569 2536 2883 2591 Bethlehem
2923 2534 3143 2589 civitate
3178 2533 3311 2588 Juda
3347 2535 3446 2587 ha-

1858 2628 2034 2682 bitare
2065 2628 2117 2682 in
2149 2628 2266 2681 loco
2293 2642 2456 2696 quem
2501 2628 2820 2687 invenisset,
2866 2634 2920 2680 et
2965 2626 3115 2680 venit
3160 2639 3331 2693 usque
3378 2625 3444 2679 ad

1862 2729 2099 2774 montem
2133 2719 2412 2786 Ephraim,
2449 2726 2504 2773 et
2534 2732 2705 2787 usque
2736 2718 2802 2771 ad
2848 2717 3067 2771 domum
3123 2715 3336 2779 Midiae,
3387 2726 3447 2768 ut

1864 2807 2069 2864 faceret
2097 2811 2199 2866 iter
2233 2824 2415 2864 suum.
2449 2808 2517 2863 Et
2553 2810 2691 2864 dixit
2716 2809 2764 2865 ei
2803 2808 3019 2863 Micha:
3056 2806 3211 2861 Unde
3259 2806 3451 2861 venis?

1862 2899 1931 2954 Et
1965 2901 2243 2970 respondit
2268 2899 2484 2954 Levites
2523 2917 2536 2953 :
2573 2898 2684 2965 Ego
2706 2913 2828 2952 sum
2855 2901 2919 2952 de
2952 2896 3263 2951 Bethlehem
3286 2894 3446 2960 Juda,

1864 3002 1919 3046 et
1938 3006 2038 3058 ego
2058 2993 2199 3046 vado
2228 2992 2476 3046 habitare
2497 2991 2549 3044 in
2573 2990 2691 3045 loco
2713 3006 2872 3062 quem
2910 2991 3189 3043 invenero.
3229 2989 3452 3042 Etdixit

1866 3086 1915 3138 ei
1947 3084 2124 3138 Micha
2158 3104 2172 3138 :
2210 3084 2357 3138 Sede
2385 3099 2618 3148 mecum,
2654 3094 2708 3137 et
2734 3092 2852 3138 esto
2884 3082 3015 3135 mihi
3047 3082 3096 3133 iu
3141 3089 3370 3147 patrem,
3396 3087 3451 3133 et

1871 3179 1923 3230 in
1949 3178 2313 3241 sacerdotem,
2343 3185 2397 3230 et
2421 3191 2521 3246 ego
2552 3176 2691 3230 dabo
2715 3176 2811 3230 tibi
2845 3176 3031 3229 decem
3071 3184 3357 3241 argenteos
3396 3173 3451 3226 in

178 3268 338 3339 αὐτῷ
372 3267 615 3338 Μιχαίας
636 3283 653 3299 ο
684 3265 871 3320 Κάθου
904 3268 1021 3337 μετ’
1044 3264 1208 3336 ἐμοῦ,
1252 3265 1349 3318 καὶ
1375 3267 1526 3334 γίνου
1558 3282 1648 3335 μοι
1684 3266 1759 3327 είς

1870 3270 2037 3332 diem,
2068 3279 2121 3324 et
2150 3268 2342 3323 stolam
2376 3268 2630 3329 vestium,
2669 3277 2723 3319 et
2759 3281 2879 3336 qua:
2931 3266 2997 3321 ad
3050 3266 3248 3319 vietum
3299 3274 3450 3319 ιιιιιιιι

178 3359 403 3432 ’ματέρα
432 3360 526 3413 καὶ
551 3358 632 3421 εἰς
659 3357 831 3428 ἱερέα·
868 3357 966 3411 xal
991 3353 1103 3424 ἐγὼ
1128 3353 1286 3408 δώσω
1316 3370 1398 3407 σοι
1441 3353 1575 3407 δέκα
1594 3355 1759 3425 ἀργυ‹

1869 3358 2159 3429 pertinent.
2183 3358 2252 3412 Et
2286 3358 2420 3413 abiit
2450 3355 2690 3422 Levites,
2716 3367 2771 3412 et
2798 3358 2996 3428 incepit
3032 3356 3281 3411 habitare
3310 3355 3451 3423 apud

181 3449 338 3520 ρίους
363 3450 445 3510 είς
480 3446 720 3518 ἡμέραν,
746 3445 843 3498 καὶ
882 3442 1075 3514 στολὴν
1112 3440 1366 3512 ἱματίων,
1396 3440 1492 3494 καὶ
1516 3441 1586 3493 τά
1632 3441 1759 3511 πρὸς

1869 3450 2065 3505 virum.
2088 3450 2156 3503 Et
2184 3449 2289 3503 fuit
2315 3448 2635 3504 adolescens
2661 3448 2801 3517 apud
2825 3448 2999 3514 illum,
3029 3456 3090 3502 ut
3115 3463 3253 3502 unus
3289 3446 3356 3500 de
3390 3446 3453 3499 li-

180 3540 335 3611 ζωήν
387 3556 502 3593 σου.
561 3538 673 3593 Kal
723 3534 998 3606 ἐπορεύθη
1044 3535 1077 3586 ό
1130 3534 1382 3603 Λευίτης,
1432 3533 1525 3587 καὶ
1569 3531 1759 3605 ἤρξατε

1870 3539 1958 3595 liis
1993 3538 2132 3605 ejus.
2171 3539 2236 3594 Et
2264 3537 2715 3609 implevit'Micha
2746 3552 2971 3591 manum
3001 3534 3227 3601 Levitaa,
3253 3546 3309 3589 et
3350 3535 3454 3589 fuit

182 3631 477 3700 παροικεῖν
520 3626 676 3698 παρὰ
720 3624 801 3696 τῷ
849 3623 1025 3696 άνδρί.
1082 3624 1194 3678 Kal
1236 3622 1471 3695 ἐγενήθη
1500 3626 1530 3677 6
1554 3623 1759 3688 νεανίας

1869 3632 1918 3686 ei
1943 3630 1997 3685 in
2028 3630 2388 3693 sacerdotem,
2420 3639 2474 3683 et
2505 3628 2606 3683 fuit
2636 3628 2687 3682 in
2720 3627 2880 3682 domo
2906 3626 3093 3681 Michae
3127 3627 3191 3681 “.
3223 3646 3243 3678 ι
3280 3627 3455 3681 Idolo-

180 3720 317 3790 παρ’
341 3717 490 3789 αὐτῷ
519 3717 597 3781 ὡς
648 3712 731 3780 εἷς
761 3715 871 3771 ἀπὸ
916 3715 1048 3769 υἱῶν
1099 3713 1290 3768 αὐτοῦ.
1350 3714 1459 3768 Kal
1487 3714 1759 3786 ἐπλήρωσε

1872 3720 2007 3774 latra
2058 3721 2223 3790 igitur
2265 3719 2365 3774 fuit
2397 3718 2628 3784 Micltas,
2687 3718 2939 3773 mercede
2992 3718 3343 3773 nihilominus
3386 3719 3458 3771 de

182 3810 431 3882 Μιχαίας
461 3810 562 3881 τὴν
597 3810 756 3880 χεῖρα
796 3805 892 3861 τοῦ
942 3807 1194 3873 Λευΐτου,
1220 3805 1314 3859 καὶ
1362 3805 1596 3877 ἐγενήθη
1622 3805 1759 3876 αὐτῷ

1872 3813 2136 3880 sanguine
2164 3812 2292 3867 Levi
2344 3821 2699 3882 propagatum
2755 3811 3033 3874 conduxit,
3087 3821 3143 3865 et
3189 3811 3457 3866 cultorem

182 3904 266 3966 εἰς
293 3902 467 3971 ίερέα,
505 3900 600 3953 καὶ
627 3898 847 3968 ἐγένετο
875 3900 933 3951 ἐν
960 3897 1095 3968 οἴκῳ
1118 3895 1377 3967 Μιχαίου.
1424 3916 1444 3949 ι
1473 3896 1772 3952 Είδωλολά-

182 4010 326 4065 τρης
361 3993 460 4063 μὲν
483 3986 578 4045 οὖν
605 3992 636 4045 6
676 3989 940 4061 Μιχαίας,
974 3988 1373 4059 κατεμισθοῦτό
1406 4005 1470 4057 γε
1528 3987 1634 4061 μὴν
1680 3990 1775 4043 τὸν

185 4084 251 4149 ἐξ
267 4084 505 4154 αἵματος
530 4082 627 4137 τοῦ
639 4083 794 4147 Acut,
814 4083 911 4136 καὶ
934 4081 1276 4153 θεραπευτὴν
1296 4082 1471 4135 ἐποίει
1506 4081 1771 4151 γλυπτοῢ,

184 4176 286 4229 καὶ
316 4178 440 4240 ταῖς
470 4174 579 4229 τῶν
611 4174 846 4228 εἰδώλων
873 4172 1117 4227 άνετέθει
1143 4174 1376 4244 χρείαις.
1428 4174 1537 4227 Kal
1562 4174 1613 4227 τί
1638 4174 1759 4245 μετὲ

1876 4179 2271 4250 possessionem
2303 4178 2373 4232 ad
2404 4177 2781 4241 habitandum,
2824 4177 3079 4245 quoniam
3114 4191 3219 4230 non
3260 4174 3458 4229 cecidit

186 4265 354 4320 τοῦτο
404 4265 660 4335 γενέσθαι
718 4263 1100 4334 συμϐέϐηκεν;
1162 4266 1308 4334 Ἔφη
1369 4264 1535 4319 πάλιν
1580 4265 1678 4320 ὡδὶ
1713 4267 1759 4319 τί

1876 4271 2147 4340 illiusque
2175 4270 2242 4324 ad
2275 4269 2417 4324 diem
2458 4268 2609 4323 illum
2650 4268 2709 4322 in
2764 4268 2943 4322 medio
2997 4266 3233 4321 tribuum
3292 4265 3457 4320 Israel

186 4357 439 4428 Γράμμα
492 4356 553 4409 τὸ
586 4355 748 4426 ίερόν·
791 4373 810 4405 ι
835 4356 944 4409 Kal
961 4358 1019 4409 ἐν
1048 4358 1171 4419 ταῖς
1197 4356 1437 4427 ἡμέραις
1471 4357 1707 4421 ἐκείναις
1738 4360 1759 4427 ἦ

1876 4361 2169 4432 possessio.
2203 4359 2405 4415 Deinde
2435 4359 2672 4428 quinque
2716 4358 2937 4413 delectis
2979 4364 3039 4411 ut
3088 4356 3458 4425 praecederent

187 4448 340 4521 φυλὴ
366 4448 475 4503 Δὰν
505 4448 687 4519 ἐζήτει
716 4448 854 4519 αὐτῇ
887 4446 1253 4518 κληρονομίαν
1278 4446 1373 4500 τοῦ
1414 4448 1759 4519 κατοικῆσαι

1877 4459 2280 4522 persuaserunt,
2307 4458 2363 4505 et
2402 4448 2750 4519 explorarent
2793 4456 3012 4512 terram,
3055 4462 3217 4516 quam
3249 4446 3461 4515 possint

185 4542 275 4595 δτι
316 4540 420 4593 οὐκ
468 4539 729 4592 ἐνέπεσεν
773 4538 912 4609 αὐτῇ
946 4537 1051 4602 ἐως
1075 4537 1196 4609 τῆς
1224 4538 1439 4610 ἡμέρας
1466 4540 1684 4611 ἐκείνης
1717 4542 1759 4593 ἐι

1878 4559 2161 4614 occupare,
2193 4557 2246 4598 et
2278 4543 2330 4597 in
2376 4550 2579 4597 sortem
2614 4555 2766 4597 suam
2809 4548 3146 4595 convertere.
3179 4536 3256 4592 Illi
3291 4553 3455 4593 vene-

191 4630 349 4701 μέσῳ
378 4628 557 4698 φυλῶν
605 4628 820 4700 Ἰσραὴλ
874 4628 1226 4700 κληρονομία.
1270 4626 1404 4689 Εἶτα
1436 4630 1595 4685 πέντε
1624 4632 1759 4696 τινας

1884 4648 2007 4691 runt
2035 4650 2205 4706 usque
2243 4636 2310 4690 ad
2337 4644 2575 4689 montem
2606 4632 2886 4697 Ephraim,
2918 4632 2971 4685 in
2998 4631 3214 4685 domum
3248 4628 3459 4693 Michae,

189 4717 600 4789 ἐπιλεξάμενοι,
630 4719 975 4791 προόαδίζειν
1034 4721 1244 4774 ἑαυτῶν
1272 4723 1649 4790 ἀναπείθουσι,
1681 4725 1759 4776 κα¹

1877 4737 1932 4784 et
1962 4728 2345 4797 requieverunt
2368 4725 2464 4790 ibi,
2492 4732 2549 4779 et
2571 4722 2815 4778 Levitam
2834 4730 2891 4775 ut
2915 4728 3201 4790 cognatum
3227 4736 3461 4789 agnove—

191 4815 600 4883 κατερευνῆσαι
652 4812 752 4883 τὴν
778 4812 885 4883 γῆν
929 4812 997 4884 ἢν
1043 4814 1112 4868 ἂν
1163 4813 1409 4869 δύναιντο
1438 4814 1647 4880 λαϐεῖν,
1678 4814 1759 4869 κα¹

1880 4831 2025 4882 runt,
2055 4819 2196 4887 quod
2228 4832 2414 4872 eorum
2446 4817 2623 4884 lingua
2662 4822 2920 4868 uteretur.
2956 4811 3197 4866 Hebraeis
3229 4811 3373 4866 enirn
3403 4821 3463 4864 ut

189 4900 399 4951 οἰκεῖον
426 4897 699 4952 ποιεῖσθαι
725 4899 948 4972 κλῆρον.
980 4902 1044 4955 Ol
1068 4900 1126 4957 δὲ
1150 4903 1431 4971 ἀφίκοντο,
1466 4904 1650 4975 φησιν,
1668 4903 1759 4966 ἕως

1876 4911 2138 4966 Hebraeus
2190 4908 2528 4978 loquebatur.
2589 4904 2898 4960 Percontati
2935 4904 3099 4974 igitur
3130 4917 3372 4966 causam,
3410 4912 3465 4958 et

192 4992 361 5060 δρους
400 4990 657 5064 Ἐφραίμ,
690 4993 795 5059 ἐως
821 4995 973 5049 οίκου
1016 4997 1277 5067 Μιχαίου,
1311 4996 1407 5051 καὶ
1441 4997 1759 5068 ηὐλίσθησαε.

1874 5002 2091 5072 cognitu
2121 4999 2390 5069 Quomodo
2424 5012 2488 5052 ex
2533 4998 2672 5053 tribu
2704 4996 2831 5051 Levi
2853 5005 3042 5062 natus,
3068 5012 3095 5050 ιι
3125 4993 3298 5049 Micha
3329 5010 3464 5051 cou-

194 5086 337 5149 ἐκεῖ,
373 5085 469 5139 καὶ
494 5084 587 5141 τὸν
605 5087 839 5158 Δευῒτην
877 5088 1349 5157 ἐπιγινώσκουσιν,
1372 5090 1448 5155 ὡς
1502 5091 1736 5161 ὁμογενῆ

1884 5095 2078 5148 ductus
2105 5100 2269 5157 esset,
2301 5100 2355 5147 et
2387 5091 2454 5146 ab
2478 5105 2545 5146 eo
2576 5090 2856 5146 sacriﬁcus
2908 5087 3169 5143 idolorum
3208 5086 3349 5158 ejus
3377 5088 3463 5141 in-

194 5176 288 5229 διά
312 5192 397 5229 τοι
433 5177 496 5231 τὸ
523 5176 739 5249 γλώττῃ
771 5179 1106 5257 χρῆσθαιτῇ
1134 5183 1255 5237 κατ’
1282 5183 1472 5253 αὐτῆς·
1511 5182 1759 5254 Ἐδραίοι

1886 5185 2127 5249 stitutus,
2170 5196 2294 5238 cum
2324 5179 2577 5237 miserari
2626 5188 2685 5233 ut
2719 5179 3014 5248 captivum,
3050 5185 3107 5233 et
3154 5179 3468 5247 deceptum,

196 5265 310 5335 γὰρ
354 5261 530 5331 οὖσιν,
577 5267 654 5330 ὡς
693 5266 946 5338 Ἐϐραῖος
1010 5267 1212 5326 ἐλάλει.
1274 5269 1555 5341 Ἐρόμενοι
1584 5270 1646 5323 δὲ
1682 5269 1759 5341 τὴε

1889 5285 1943 5331 et
1974 5289 2225 5331 erronem
2268 5274 2545 5340 deberent,
2598 5270 2756 5343 135
2806 5269 3094 5326 confestim
3146 5270 3198 5325 in
3247 5270 3473 5324 eosdem

198 5356 406 5421 αἰτίαν,
433 5358 527 5411 καὶ
556 5359 951 5429 ἀναμαθόντες,
1009 5362 1160 5427 ὅπως
1210 5364 1277 5417 ἐκ
1305 5363 1478 5435 φυλῆς
1499 5364 1627 5419 ὄντα
1650 5367 1759 5419 Λευ

1888 5365 2225 5437 deceptionis
2258 5364 2479 5435 laqueos
2534 5364 2859 5428 inciderunt,
2916 5371 2969 5416 et
3022 5377 3144 5415 eum
3188 5375 3253 5416 ex
3307 5361 3472 5415 idolis

197 5465 335 5503 κατε
345 5450 605 5521 μισθοῦτο
638 5451 736 5522 μὶν
756 5454 785 5506 6
812 5454 1077 5524 Μιχαίας,
1134 5457 1416 5529 ίερουργδν
1435 5455 1492 5511 δὲ
1526 5456 1634 5513 τῶν
1653 5460 1759 5513 ἐαυι

1891 5458 2229 5515 sciscitatum
2265 5457 2368 5525 sibi
2401 5455 2608 5512 referre
2635 5454 2993 5522 postularunt,
3028 5453 3070 5508 si
3108 5454 3194 5508 eis
3234 5468 3299 5506 ex
3345 5465 3473 5505 sen-

1873 3905 2004 3961 l'ecit
2044 3905 2327 3973 sculptilis,
2363 3904 2745 3975 idolorumque
2788 3903 2977 3959 usibus
3005 3918 3128 3958 eum
3162 3902 3453 3957 dedicavit.

1874 3996 2011 4062 Quid
2046 3994 2270 4063 postea?
2290 3993 2491 4048 Narrat
2522 4009 2737 4049 rursum
2758 3990 3035 4062 Scriptura
3059 4006 3211 4047 sacra
3233 3992 3285 4045 in
3312 3992 3461 4045 hune

1874 4091 2090 4144 modum
2122 4104 2136 4142 :
2171 4087 2269 4142 «Et
2295 4086 2349 4140 in
2379 4086 2569 4142 diebus
2598 4086 2708 4141 illis
2725 4084 2898 4140 tribus
2920 4083 3030 4139 Dan
3051 4084 3329 4154 quaarehat
3349 4083 3456 4137 sibi

198 5540 301 5594 τοῦ
341 5545 761 5616 κεχειροτόνηκε
795 5546 1190 5619 σεσασμάτων,
1251 5549 1583 5621 συναλγῆσαι
1629 5550 1782 5617 δέον,

199 5634 279 5697 ὡς
330 5634 701 5708 αίχμαλώτῳ,
748 5640 844 5693 καὶ
889 5640 1247 5713 ἢπατημένῳ,
1290 5642 1382 5698 καὶ
1428 5643 1782 5717 ἀλητεύοντι,

282 5813 326 5846 ⁸¹
356 5810 470 5868 Jer.
498 5830 580 5881 ιιι,
612 5816 666 5870 4.
745 5818 789 5849 ⁸⁸
812 5816 991 5875 Judic.
1024 5834 1159 5886 xvu,
1191 5820 1351 5875 6—15.

1894 5553 2059 5607 tentia
2102 5560 2337 5621 emptum
2382 5559 2523 5605 esset
2577 5562 2979 5618 processurum,
3031 5558 3089 5601 ut
3137 5547 3469 5607 obtinerent,

1892 5646 2132 5716 inquam,
2166 5644 2459 5714 regionem,
2486 5657 2647 5713 quam
2683 5641 3020 5711 exploratum
3042 5638 3354 5694 veniebant.
3376 5636 3474 5692 ille
