4068 6542
627 361 725 419 2%?

1645 356 1707 417 S.
1752 357 2026 414 CYRILLI
2069 353 2544 413 ALEXANDRINI
2580 353 2901 414 ARClllEP.

3795 355 3917 409 $18

627 474 765 546 quod
796 471 1031 537 iubebat,
1056 478 1313 541 tanquam
1340 485 1370 525 a
1416 470 1526 525 Deo
1570 488 1889 544 responsum
1914 476 2204 533 referebat.

2320 472 2762 543 συγκατώλισθον
2790 472 2954 537 εὐθὺς
2981 473 3062 537 είς
3089 474 3216 531 τοὺς
3235 474 3334 545 τῆς
3360 473 3578 546 ἀπάτης
3625 473 3875 545 βρόχους
3896 512 3917 538 ,

626 563 982 621 Considerata
1030 562 1199 633 igitur
1230 572 1398 630 terra,
1428 562 1588 632 legati
1630 568 2014 624 renuntiarunt
2043 571 2131 639 iis,
2179 588 2209 627 a

624 658 823 728 quibus
852 656 1006 712 missi
1043 664 1221 723 erant,
1254 655 1452 711 bonam
1484 666 1539 713 et
1568 658 1820 729 pinguem
1842 674 1986 730 esse,
2018 678 2117 718 nec
2136 665 2213 720 ci-

623 759 706 804 tra
736 748 991 804 sudorem
1025 762 1187 817 posse
1219 748 1393 818 redigi
1432 749 1487 805 in
1517 758 1857 820 potestatem.
1889 752 1985 810 llis
2005 768 2212 811 sermo-

622 841 783 897 nibus
828 840 1055 905 auditis,
1105 840 1331 897 tribules
1376 839 1517 906 Dan,
1554 844 1795 899 sexcenti
1844 861 2090 912 numero,
2122 863 2210 904 ar-

624 934 757 988 mati
791 935 1173 990 ascenderunt.
1203 932 1484 990 Venerunt
1527 946 1704 992 autem
1752 947 1807 992 et
1845 939 1945 1009 ipsi
1984 940 2034 994 in
2067 941 2210 994 mdes

624 1023 843 1079 Micitae.
877 1024 943 1080 Et
991 1025 1423 1095 responderunt,
1468 1026 1676 1097 inquit,
1728 1027 1801 1083 illi
1841 1031 2081 1099 quinque
2105 1015 2210 1085 viri

620 1115 713 1183 qui
748 1116 996 1171 abierant
1018 1117 1422 1173 consideratum
1457 1127 1655 1175 terram
1674 1119 1853 1186 Laisa,
1877 1130 1933 1175 et
1956 1121 2211 1177 dixerunt

620 1206 881 1261 fratribus
904 1207 1020 1262 suis
1048 1221 1064 1260 :
1098 1204 1309 1262 Scitote
1335 1210 1478 1278 quod
1504 1210 1559 1264 in
1586 1210 1745 1265 domo
1774 1211 1875 1265 ista
1891 1219 1974 1265 est
1997 1211 2208 1282 Ephod,

618 1307 675 1352 et
707 1296 1064 1367 Tberaphim,
1114 1305 1167 1353 et
1201 1298 1473 1366 Sculplile,
1518 1309 1575 1354 et
1615 1299 1907 1356 conﬂatile.
1952 1299 2019 1354 Et
2065 1315 2210 1357 nunc

620 1389 819 1443 scitote
854 1388 984 1458 quid
1026 1386 1260 1443 facietis.
1298 1386 1486 1458 prod
1525 1390 1687 1459 igitur
1726 1399 1885 1444 sonat
1935 1388 2205 1453 liberalia,

621 1478 951 1549 'Iberapbim
984 1479 1247 1545 remissio,
1276 1490 1369 1534 aut
1392 1496 1587 1535 sanans
1608 1481 1770 1549 ipsos.
1807 1479 2009 1536 Idolum
2060 1481 2203 1535 enim

621 1566 811 1622 falsam
845 1567 1158 1638 opinionem
1192 1568 1448 1634 habebat,
1495 1570 1651 1639 quasi
1702 1582 1896 1624 sanare
1940 1569 2201 1639 quosdam

621 1669 823 1727 posset.
853 1657 1026 1714 Graeci
1072 1660 1216 1713 enim
1266 1659 1573 1729 huiusmodi
1610 1661 1676 1716 de
1703 1661 2022 1731 quibusdam
2060 1659 2203 1716 scul-

622 1754 843 1822 ptilibus
874 1754 1380 1809 comminiscuntur.
1418 1751 1531 1808 Hoc
1560 1767 1685 1808 cum
1733 1752 2049 1808 didicissent
2099 1752 2200 1806 tri-

2313 564 2406 618 καὶ
2448 563 2733 635 ἀγορεύειν
2757 564 2919 618 αὐτὸν
2955 564 3160 634 ἠξίουν,
3193 565 3555 637 ἐπερωτῶντα
3584 566 3646 619 τὸ
3675 564 3913 617 εἴδωλον

2311 658 2361 709 εί
2396 657 2536 710 κατὰ
2563 654 2789 727 γνώμην
2823 655 3007 718 αὐτοῖς
3042 654 3335 727 ἐκϐήσεται
3366 658 3428 709 τὸ
3445 656 3800 727 ἐγχείρημα,
3846 650 3916 703 τὸ

2313 745 2609 816 κρατῆσαι»
2660 744 2824 814 φημὶ,
2871 744 2970 814 τῆς
3024 744 3231 815 χώρας,
3294 746 3362 816 ἣν
3422 745 3685 813 ἀφίκοντο
3760 758 3912 795 κατ-

2311 835 2663 906 αθρήσοντες.
2683 834 2741 888 '0
2772 834 2830 889 δὲ
2856 834 2916 887 τὸ
2929 834 3118 888 δοκοῦν
3138 835 3434 905 λελάληκεν
3457 836 3532 898 ὡς
3553 836 3709 906 παρά
3736 831 3913 886 Θεοῦ.

2313 926 2809 997 Κατασκεψάμενοι
2860 926 2916 979 δὲ
2946 926 3046 996 τὴν
3079 928 3182 999 γῆν
3216 929 3266 980 οἱ
3300 928 3737 998 ἀπεσταλμένοι,
3785 928 3913 988 τοῖς

2313 1018 2661 1089 πεπομφόσιν
2686 1017 3053 1089 ἀπήγγελλον,
3077 1019 3152 1083 ὡς
3181 1019 3362 1090 ἀγαθὴ
3385 1020 3477 1073 καὶ
3499 1020 3658 1083 πίων,
3699 1018 3805 1073 καὶ
3844 1017 3911 1070 οὐ

2314 1112 2411 1165 σὺν
2435 1112 2623 1184 ἱδρῶτι
2655 1112 2857 1184 ληπτή.
2890 1112 3110 1184 Ἐπειδὴ
3139 1113 3194 1166 δὲ
3219 1112 3329 1167 τῶν
3348 1112 3603 1166 τοιούτων
3629 1111 3913 1165 ἐπύθοντο

2310 1204 2504 1270 λόγων,
2526 1207 2575 1258 οἱ
2595 1205 2704 1259 ἀπὸ
2736 1204 2909 1275 φυλῆς
2943 1203 3040 1258 τοῦ
3069 1206 3196 1271 Δάν,
3232 1205 3503 1271 ἑξακόσιοι
3524 1205 3615 1258 τὸν
3635 1204 3911 1276 ἀριθμὸν,

2310 1290 2368 1342 ὲν
2393 1291 2576 1355 ὅπλοις
2626 1291 2779 1355 ϐντες
2824 1292 3129 1348 ἀνέϐαινον.
3183 1294 3469 1362 Ἀφίκοντο
3513 1293 3569 1347 δὲ
3609 1295 3704 1347 καὶ
3742 1292 3913 1347 αὐτοὶ

2313 1381 2505 1452 μέχρις
2535 1382 2685 1436 οίκου
2715 1384 2975 1454 Μιχαίου.
3025 1385 3138 1439 Καὶ
3170 1385 3570 1457 ἀπεκρίθησαν,
3617 1387 3823 1457 φησιν,
3858 1386 3910 1435 οἱ

2308 1473 2471 1527 πέντε
2526 1475 2737 1545 ἄνδρες,
2776 1477 2826 1530 οἱ
2884 1476 3240 1548 πορευθέντες
3291 1477 3745 1548 κατασκέψασθαι
3806 1475 3913 1546 τὴν

2308 1565 2412 1635 γῆν
2440 1564 2638 1630 Λαῖσά,
2684 1567 2779 1619 καὶ
2810 1562 2966 1622 εἷπον
3005 1568 3143 1640 πρὸς
3192 1570 3318 1633 τοὺς
3378 1568 3638 1639 ἀδελφοὺς
3684 1567 3908 1622 αὐτῶν.

2312 1658 2580 1725 Ἔγνωτε,
2630 1658 2712 1711 ὅτι
2765 1658 2914 1713 ἐστιν
2945 1661 3004 1715 ὲν
3057 1658 3136 1731 τῷ
3165 1661 3297 1732 οἴκῳ
3331 1659 3504 1731 τούτῳ
3569 1660 3777 1731 Ἐφὼδ,
3811 1660 3913 1713 καὶ

2306 1748 2583 1821 Θεραφὶμ,
2606 1749 2702 1803 καὶ
2733 1749 2993 1819 γλυπτὸν,
3026 1751 3120 1805 καὶ
3145 1751 3430 1822 χωνευτόν.
3457 1752 3569 1805 Καὶ
3590 1752 3684 1805 νῦν
3718 1754 3912 1821 γνῶτε

622 1845 773 1900 bules
828 1845 964 1909 Dan,
1009 1844 1198 1900 tollunt
1227 1844 1492 1914 sculptile,
1519 1854 1575 1900 et
1624 1843 1863 1901 Levitam
1916 1853 1977 1899 ut
2023 1843 2194 1899 Micha

2306 1838 2349 1892 τί
2379 1840 2655 1910 ποιήσετε.
2687 1839 2761 1893 Τὸ
2786 1840 2886 1911 μὲν
2907 1838 3001 1894 οὖν
3044 1840 3221 1911 Ἐφὼδ
3260 1841 3623 1912 ἑρμηνεύεται
3661 1843 3910 1912 λύτρω-

621 1936 881 1991 derelicto
920 1944 1181 2006 sequatur
1236 1944 1570 2003 permovent.
1598 1935 1887 2006 Congressi
1916 1945 2121 1998 autem,
2151 1943 2204 1990 et

622 2027 851 2082 victoria
903 2027 1079 2098 potiti,
1127 2034 1182 2081 et
1225 2026 1445 2096 regione
1486 2035 1772 2095 occupata,
1806 2027 1995 2081 urbem
2033 2024 2205 2079 aedili-

621 2127 748 2173 cant
774 2118 1035 2174 vocabulo
1065 2118 1203 2186 Dan,
1236 2118 1395 2188 primi
1420 2118 1666 2188 parentis
1685 2118 1770 2173 sui
1800 2132 1993 2172 nomen
2023 2117 2074 2172 ei
2110 2117 2206 2171 de-

619 2219 906 2265 cernentes
938 2226 953 2263 :
989 2219 1147 2263 erant
1184 2208 1365 2274 enim,
1403 2218 1460 2264 ut
1499 2208 1636 2274 dixi,
1675 2208 1743 2264 de
1782 2208 1925 2263 tribu
1974 2216 2030 2263 et
2073 2223 2201 2263 san-

618 2301 781 2371 guine
809 2300 945 2353 Dan.
980 2298 1259 2355 Collocato
1284 2310 1464 2354 autem
1510 2299 1584 2353 ibi
1619 2307 1676 2354 et
1708 2298 1873 2363 idolo,
1922 2298 2202 2353 sacriﬁca-

618 2391 750 2444 bant
774 2391 973 2454 eidem,
1005 2397 1058 2443 et
1083 2403 1208 2444 cum
1234 2399 1382 2444 terra
1410 2388 1570 2444 deum
1587 2402 1803 2459 quoque
1818 2387 2198 2460 possidebant:

618 2490 766 2535 tanta
811 2479 911 2535 fuit
959 2480 1196 2551 ipsorum
1248 2482 1497 2536 vecordia
1542 2481 1641 2535 ⁸³.»
1693 2479 1847 2535 Hanc
1874 2480 1944 2535 ob
1973 2492 2199 2534 causam

617 2580 804 2644 postea
834 2572 1006 2627 iratus
1028 2581 1113 2627 est
1137 2572 1301 2637 Deus,
1331 2580 1386 2628 et
1413 2573 1748 2643 :equissime,
1784 2580 1842 2625 nt
1864 2570 2080 2639 indigne
2105 2570 2203 2625 ha-

620 2663 788 2717 bitus.
821 2660 957 2716 Cum
990 2671 1168 2717 autem
1196 2676 1358 2717 omne
1397 2677 1592 2717 nomen
1623 2661 1841 2716 lsraelis
1867 2661 1987 2716 loco
2015 2660 2200 2715 inimi-

619 2770 807 2809 corum
864 2754 1465 2824 infensissimorumque
1506 2754 1751 2809 hostium
1808 2753 2033 2809 tribules
2085 2752 2199 2807 Dan

618 2847 842 2906 ducere.
872 2853 928 2901 et
957 2845 1210 2900 admissa:
1255 2844 1311 2899 in
1358 2843 1529 2899 Deum
1586 2844 1880 2914 impietatis
1934 2844 2198 2900 rationem

617 2952 713 2992 eos
756 2952 983 3008 poscere
1026 2943 1322 3005 oporteret,
1371 2936 1536 2992 etiam
1590 2934 1823 2993 fortasse
1875 2937 1944 2993 iis
1988 2938 2198 2994 assensi

629 3039 779 3095 sunt,
806 3038 862 3084 et
890 3028 1187 3085 laudandos
1215 3036 1565 3096 censuerunt,
1612 3038 1670 3083 ut
1722 3030 1813 3098 qui
1861 3029 1993 3083 nibil
2042 3029 2202 3098 plane

619 3118 991 3189 deliquissent.
1031 3118 1148 3174 Jam
1176 3133 1305 3174 vero
1337 3133 1458 3189 qua:
1492 3117 1652 3188 hujus
1682 3118 1905 3187 ignaviae
1932 3118 2199 3187 stipendia

2306 1944 2428 1996 σις,
2465 1929 2724 2000 Θεραφὶμ
2749 1930 2807 1984 δὲ
2857 1931 3042 1997 πάλιν,
3080 1932 3349 2004 ἄνεσιςῆ
3382 1933 3901 2002 ὶώμενοςαὺτούς.

2304 2021 2539 2075 Εἴδωλον
2562 2022 2671 2093 γὰρ
2698 2018 2766 2093 ῆν
2791 2022 3060 2094 ὑπόληψιν
3093 2022 3215 2095 ἔχον
3247 2026 3330 2094 ἐφ’
3370 2024 3549 2095 ἑαυτῷ
3572 2023 3779 2094 ψευδῆ,
3810 2021 3908 2077 τοῦ

2306 2110 2629 2182 θεραπεύειν
2666 2111 2930 2168 δύνασθαί
2956 2130 3128 2177 τινας.
3164 2114 3596 2186 Περιπλάττουσι
3624 2116 3741 2187 γὰρ
3787 2116 3912 2169 Ἐλ-

2304 2202 2479 2274 λήνων
2510 2203 2693 2269 παίδες
2726 2202 2840 2258 ἔσθ’
2865 2206 2955 2259 ὅτε
2984 2208 3107 2270 ταῖς
3130 2206 3403 2271 τοιαύταις
3422 2207 3600 2274 δόξαις
3628 2206 3698 2261 τὰ
3720 2224 3911 2279 χειρο-

2305 2293 2525 2365 ποίητα.
2558 2292 2732 2348 Τοῦτο
2769 2294 3156 2367 μεμαθηκότες
3182 2298 3232 2350 οἱ
3281 2297 3391 2351 ἀπὸ
3418 2297 3547 2362 Δάν,
3572 2298 3907 2369 ἀναλαμϐἀο

2304 2400 2455 2437 νουσι
2488 2385 2549 2438 τὸ
2584 2384 2846 2452 γλυπτὸν,
2879 2385 3240 2441 ἀναπείθουσι
3266 2387 3324 2442 δὲ
3368 2388 3463 2442 καὶ
3492 2389 3583 2442 τὸν
3628 2387 3692 2453 ἐξ
3724 2390 3909 2460 αἷμα-

2303 2493 2395 2540 τος
2422 2474 2514 2530 τοῦ
2556 2475 2688 2529 Λευῖ
2728 2477 3197 2548 κατακολουθῆσαί
3251 2495 3458 2548 σφισιν,
3509 2480 3906 2549 ἀποφοιτῶντα

2303 2567 2562 2639 Μιχαίου.
2620 2569 3075 2641 Παραταξάμενοι
3138 2570 3216 2634 δὲ,
3252 2572 3347 2624 καὶ
3378 2572 3749 2643 νενικηκότες,
3809 2575 3907 2626 καὶ

2304 2658 2408 2711 ὑπὸ
2438 2661 2596 2730 χεῖρα
2620 2659 2877 2725 λαϐόντες
2920 2661 3021 2732 τὴν
3061 2663 3185 2733 γῆν,
3231 2663 3587 2734 ἀνεδείμαντο
3619 2663 3807 2729 πόλιν,
3839 2665 3907 2735 ἦν

2303 2748 2669 2820 ἐπωνόμασαν
2730 2749 2875 2817 Δάν,
2919 2751 2981 2805 τὸ
3040 2752 3138 2806 τοῦ
3192 2753 3535 2825 προπάτορος
3588 2755 3909 2826 γράφοντες

2303 2841 2464 2911 αὐτῇ·
2507 2841 2681 2913 φυλῆς
2707 2842 2818 2914 γὰρ
2854 2838 2996 2915 ἦσαν
3050 2844 3144 2897 καὶ
3191 2844 3429 2915 αἵματος
3475 2847 3576 2917 τῆς
3622 2846 3739 2900 ἀπὸ
3770 2846 3902 2910 Δάν,

2304 2931 2378 2993 ὡς
2408 2931 2564 3003 ἔφην.
2611 2932 2981 3005 Ἱδρυσάμενοι
3024 2934 3080 2989 δὲ
3136 2936 3230 2988 καὶ
3264 2935 3325 2989 τὸ
3374 2936 3593 2991 εἴδωλον
3621 2939 3683 2990 ὲν
3719 2939 3865 3009 αὐτῇ
3886 2979 3903 3005 ,

2303 3020 2494 3087 θυσίας
2512 3024 2808 3096 προσῆγον,
2828 3026 2924 3079 καὶ
2943 3026 3081 3097 ὁμοῦ
3104 3030 3170 3098 τῇ
3190 3028 3262 3097 γῇ
3288 3028 3384 3081 καὶ
3418 3027 3538 3081 θεὸν
3565 3030 3903 3101 ὲκτήσαντο’

2304 3112 2441 3182 πρὸς
2466 3113 2623 3167 τοῦτο
2642 3115 2826 3180 αὐτοῖς
2850 3116 3107 3181 ἀϐουλίας
3134 3119 3505 3191 κατεκομίσθη
3533 3120 3597 3174 τὸ
3616 3122 3901 3194 φρόνημα.

618 3211 953 3281 acceperint,
987 3223 1087 3280 age
1119 3220 1630 3264 commemoremus.
1675 3206 1832 3259 Nullo
1862 3204 2038 3260 adhuc
2074 3220 2200 3275 rege

2306 3178 2573 3277 Ταύτῃτοι
2602 3206 2734 3272 Θεὸς
2767 3178 3067 3277 ἠγανάκτει
3088 3178 3298 3276 λοιπὸν,
3330 3178 3425 3265 καὶ
3466 3178 3904 3283 μάλαιέίκιότιυς,

617 3301 853 3370 lsraelis,
903 3302 987 3355 vir
1039 3300 1259 3371 quidam
1317 3298 1558 3364 Levites,
1616 3295 1869 3353 habitans
1921 3300 1975 3352 in
2030 3295 2202 3352 latere

618 3394 819 3447 montis
862 3390 1140 3461 Ephraim,
1190 3404 1413 3444 uxorem
1466 3385 1935 3443 Bethleemitidem
2022 3386 2199 3441 duxit.

621 3484 751 3551 Qua:
777 3498 898 3539 cum
936 3483 1162 3552 fugisset
1208 3480 1277 3535 ad
1326 3487 1535 3551 patrem
1585 3494 1764 3544 suum,
1814 3487 2035 3535 secutus
2079 3492 2201 3533 ean:

620 3576 871 3641 maritus,
902 3573 1191 3645 persuasit,
1233 3581 1291 3627 ut
1325 3587 1506 3628 secum
1562 3572 1736 3627 redire
1782 3585 1846 3627 ac
1882 3571 1948 3627 de
2004 3580 2203 3627 caetero

616 3668 933 3723 cohabitare
965 3666 1143 3722 vellet.
1181 3663 1301 3732 Quo
1334 3663 1499 3731 facto,
1548 3664 1601 3718 in
1635 3663 1811 3719 medio
1852 3663 2047 3718 itinere
2077 3678 2201 3717 cum

618 3776 681 3814 ea
714 3759 767 3813 in
798 3758 982 3815 Gabaa
1012 3758 1290 3828 oppidum,
1327 3756 1472 3826 quod
1516 3756 1942 3826 interpretantur
1993 3753 2200 3822 collem,

619 3849 859 3903 divertit.
884 3846 1101 3915 Gabaac,
1133 3848 1245 3903 sive
1269 3847 1425 3903 collis
1455 3846 1644 3902 incola:
1672 3855 1829 3902 erant
1856 3845 2200 3917 Benjamitaz.

627 3940 789 4012 136
816 3938 884 3994 lis
908 3942 1050 4010 apud
1076 3954 1260 3994 senem
1304 3938 1590 4007 quemdam
1626 3937 2047 4004 diversantibus,
2098 3953 2201 3994 no-

623 4045 709 4087 cte
736 4031 911 4086 media
945 4030 1226 4086 venientes
1258 4029 1505 4085 nonnulli
1553 4029 1699 4085 cives
1728 4028 2065 4100 Benjamitze,
2107 4031 2205 4086 bo-

621 4126 794 4180 mines
823 4122 1084 4193 improbi,
1135 4131 1195 4176 ut
1244 4122 1505 4192 scriptum
1555 4130 1679 4189 est,
1735 4120 1918 4176 Levita
1976 4130 2030 4177 et
2080 4122 2204 4179 aliis

619 4214 767 4270 abuti
798 4214 866 4269 ad
893 4212 1173 4268 libidinem
1209 4210 1514 4266 voluerunt.
1547 4208 1645 4264 Vix
1692 4208 1908 4265 tandem
1943 4225 2002 4265 re
2035 4209 2206 4265 scele-

619 4307 859 4364 stissima
924 4306 1179 4377 precibus
1237 4304 1564 4370 condonata,
1614 4303 1915 4374 corripiunt
1978 4318 2203 4359 uxorem

619 4400 757 4471 ejus,
790 4397 1273 4466 mulierculamque
1302 4409 1397 4465 per
1424 4402 1590 4450 totam
1624 4405 1836 4451 noctem
1872 4396 2085 4466 impura
2133 4394 2203 4450 li-

619 4492 803 4546 bidine
845 4498 1099 4544 vexatam
1146 4486 1286 4542 mori
1325 4497 1544 4558 cogunt.
1583 4486 1680 4543 Vir
1710 4501 1909 4557 corpus
1951 4484 2203 4541 exatiime

619 4584 672 4638 in
714 4591 897 4653 partes
939 4580 1242 4645 concisum,
1284 4592 1382 4649 per
1436 4579 1607 4635 tribus
1638 4577 1964 4635 lsraeliticas
2013 4577 2199 4633 distri-

618 4675 756 4740 buit,
792 4672 1327 4742 Benjamitarumque
1374 4677 1429 4725 et
1470 4671 1523 4725 in
1574 4671 1814 4740 hospites
1862 4669 2099 4734 facinus,
2151 4677 2209 4724 et

621 4767 938 4822 eti‘renatam
966 4764 1265 4831 lasciviam,
1291 4772 1343 4819 et
1379 4761 1694 4819 Sodomitici
1724 4743 2203 4830 ﬂagitii'imitatio-

622 4874 752 4914 nem
787 4852 1197 4912 manifestat“.
1234 4854 1315 4907 Ex
1367 4866 1433 4909 eo
1481 4853 1792 4922 indignatus
1839 4859 1985 4907 totus
2035 4850 2207 4907 Israel

623 4957 1009 5020 congregatur,
1041 4954 1098 5002 et
1127 4946 1316 5015 copias
1352 4948 1544 5000 contra
1578 4942 1908 5013 Benjamitas
1938 4942 2204 5011 Gabaam,

623 5050 720 5091 seu
747 5036 813 5089 ad
844 5032 1034 5089 collem
1073 5033 1274 5089 educit.
1309 5031 1514 5086 Tantas
1546 5041 1726 5088 autem
1770 5043 1983 5102 strages
2019 5033 2208 5089 edide-

626 5138 771 5193 runt,
803 5134 863 5181 ut
891 5125 1141 5196 quamvis
1164 5125 1424 5197 populosa
1451 5134 1596 5179 esset
1627 5125 1938 5191 admodum,
1975 5126 2062 5179 vix
2084 5140 2211 5195 per-

625 5220 779 5289 pauci
809 5220 1107 5274 incolumes
1134 5218 1189 5273 in
1222 5217 1570 5274 solitudinem
1623 5216 1747 5287 fuga
1803 5232 1863 5271 se
1913 5218 2209 5288 eriperent.

627 5304 707 5364 iis
735 5310 883 5365 omni
924 5310 1052 5369 item
1075 5308 1242 5364 Israel
1278 5307 1523 5364 bellicosi
1565 5308 1670 5363 viri
1725 5307 1927 5376 ingenti
1982 5324 2209 5365 numero

626 5403 971 5460 interierunt.
1000 5404 1070 5457 At
1098 5402 1241 5457 enim
1277 5416 1383 5457 non
1412 5401 1750 5472 permisisset
1776 5401 1913 5459 Deus
1936 5401 2210 5459 lsraelitas

625 5511 917 5552 conserere
973 5510 1201 5560 manus,
1248 5495 1350 5550 nisi
1396 5493 1644 5564 sculptile
1696 5508 1763 5549 ex
1804 5494 1966 5550 domo
2022 5494 2211 5551 Micha:

626 5589 899 5643 sublatum
929 5588 1021 5658 qui
1054 5594 1211 5642 erant
1240 5586 1307 5642 de
1337 5586 1478 5642 tribu
1512 5588 1622 5642 Dan
1655 5586 1972 5653 coluissent,
2002 5596 2058 5644 et
2090 5587 2211 5643 alia:

702 5767 747 5798 ⁸³
779 5765 955 5821 Judic.
1000 5780 1154 5833 ιιι-ιιι,
1193 5765 1341 5820 1-51.
1418 5763 1659 5820 “Judic.
1696 5779 1806 5831 xix,
1837 5763 2058 5834 passim.

2303 3294 2379 3357 ὡς
2410 3296 2758 3366 ὑϐρισμένος.
2812 3294 2949 3353 Εἶτα
2991 3300 3110 3354 δέον
3160 3302 3374 3366 πάντας
3403 3305 3530 3368 τοὺς
3560 3304 3619 3372 ἑξ
3658 3306 3904 3379 Ἰσραὴλ,

2302 3380 2532 3451 ἐχθροὺς
2563 3385 2819 3454 ἡγεῖσθαι
2847 3388 2942 3440 καὶ
2970 3388 3413 3459 πολεμιωτάτους
3443 3394 3571 3457 τοὺς
3604 3396 3721 3449 ἀπὸ
3771 3398 3903 3461 Ab,

2303 3474 2399 3527 καὶ
2428 3474 2527 3545 τῆς
2559 3477 2638 3538 είς
2671 3474 2805 3529 Θεὸν
2833 3476 3151 3542 δυσσεϐείας
3180 3481 3463 3553 ἐξαιτῆσαι
3504 3484 3722 3553 λόγους,
3763 3489 3907 3557 τάχα

2305 3582 2410 3618 που
2447 3566 2543 3619 καὶ
2568 3566 3001 3639 συνηνέχθησαν,
3031 3570 3126 3624 καὶ
3150 3574 3395 3626 ἐπαινεῖν
3417 3574 3627 3644 ἠξίουν,
3655 3578 3739 3641 ὡς
3782 3582 3905 3633 κατ’

2303 3656 2455 3709 οὐδὲν
2509 3657 2648 3721 ὅλως
2700 3660 3111 3732 ἡμαρτηκότας,
3157 3664 3250 3717 καὶ
3279 3668 3407 3718 ποῖα
3438 3667 3665 3735 γέγονεν
3716 3672 3906 3735 animi;

2301 3749 2402 3819 τῆς
2457 3750 2537 3812 εἰς
2580 3749 2741 3804 τοῦτο
2786 3751 3061 3823 ῥᾳθυμίας
3090 3754 3161 3808 τὰ
3192 3754 3418 3826 ὀψώνια,
3469 3759 3603 3831 φέρε
3648 3760 3908 3834 λέγωμεν

2304 3837 2525 3909 ἑφεξῆς.
2599 3840 2983 3895 Ἀϐασιλεύτου
3058 3848 3431 3917 μεμενηκότος
3484 3850 3578 3903 τοῦ
3656 3852 3904 3923 Ἰσραὴλ,

2305 3932 2445 4003 ἀνήρ
2462 3949 2545 3996 τις
2562 3933 2812 4004 Λευῒτης,
2830 3936 3110 4006 παροικῶν
3134 3940 3191 3991 ὲν
3218 3943 3415 4011 μηροῖς
3447 3940 3606 4013 ὅρους
3635 3944 3906 4015 Ἐφραῒμ,

2309 4024 2559 4079 σύνοικον
2592 4025 2889 4096 ἐποιήσατό
2914 4045 3033 4082 τινα
3075 4029 3187 4085 τῶν
3234 4032 3300 4085 ὲκ
3359 4031 3629 4105 Βηθλεέμ.
3676 4035 3905 4106 Ἐπειδὴ

2304 4116 2360 4169 δὲ
2382 4116 2607 4186 γύναιον
2654 4118 2871 4190 ἀπέδρα
2915 4120 3052 4191 πρὸς
3083 4121 3175 4176 τὸν
3236 4124 3470 4196 πατέρα,
3497 4126 3684 4180 εἵπετο
3740 4130 3851 4200 μὲν
3877 4132 3907 4182 ό

2306 4211 2563 4282 Λευϊτης.
2601 4211 2911 4266 Ἀναπείθει
2943 4212 3002 4265 δὲ
3028 4208 3183 4277 αὖθις
3212 4214 3577 4287 ὑπονοστῆσαι
3598 4219 3695 4272 σὺν
3726 4221 3902 4291 αὐτῷ,

2306 4301 2399 4355 καὶ
2419 4300 2559 4357 οἴκοι
2587 4302 2840 4372 γενέσθαι
2872 4303 3079 4358 λοιπόν.
3112 4299 3188 4359 OB
3215 4304 3279 4376 δὴ
3304 4308 3609 4376 γεγονότος,
3634 4313 3786 4367 κατά
3811 4313 3906 4384 μὲ-

2307 4409 2407 4463 σην
2446 4390 2541 4447 ἰὼν
2583 4394 2684 4465 τὴν
2716 4394 2856 4461 όδὸν,
2910 4394 3048 4466 ὁμοῦ
3098 4395 3177 4467 τῷ
3229 4400 3436 4470 γυναίῳ
3491 4402 3802 4457 κατέλυσεν
3848 4407 3906 4458 ὲν

2233 4512 2279 4569 D
2306 4483 2528 4546 Γαϐαὰ,
2582 4484 2619 4556 ἢ
2671 4484 3091 4556 διερμηνεύεται
3130 4488 3385 4555 βουνός.
3432 4491 3632 4562 ᾭκουν
3690 4493 3757 4547 δὲ
3807 4497 3904 4567 τὴν

2310 4574 2519 4643 Γαϐαὰ,
2539 4576 2659 4647 ῆτοι
2681 4576 2773 4631 τὸν
2802 4575 2990 4648 βουνὸν
3012 4578 3063 4631 oi
3078 4578 3144 4632 ἐκ
3164 4579 3338 4651 φυλῆς
3365 4580 3644 4653 Βενιαμίν.
3674 4584 3905 4657 Ἐπειδὴ

2309 4666 2367 4721 δὲ
2397 4667 2553 4738 παρά
2601 4684 2723 4722 τινα
2769 4668 3130 4741 κατηυλίζετο
3176 4670 3483 4744 πρεσϐύτῃ,
3534 4675 3674 4729 κατά
3722 4678 3907 4749 μέσην

2309 4757 2407 4830 τὴν
2434 4758 2607 4814 νύκτα
2658 4758 2904 4824 ἐλθόντες
2942 4760 3051 4815 τῶν
3092 4761 3158 4816 ὲκ
3199 4763 3374 4833 φυλῆς
3400 4764 3673 4837 Βενιαμὶν,
3700 4768 3904 4841 ἄνδρες

2310 4849 2657 4920 παράνομοι,
2712 4849 2858 4905 καθά
2893 4851 3223 4923 γέγραπται,
3276 4857 3704 4921 καταϐιάζεσθαι
3768 4865 3904 4935 πρὸς

2311 4939 2604 5009 ἀσέλγειαν
2630 4941 2723 4994 τόν
2777 4956 2839 4993 τε
2872 4942 3132 5013 Λευϊτην,
3187 4944 3284 4997 καὶ
3333 4945 3519 5012 αὐτὸν,
3550 4948 3643 5000 καὶ
3676 4948 3903 5021 ἑτέρους

2310 5030 2523 5101 ῆθελον.
2579 5031 3008 5104 Δυσωπηθέντες
3049 5034 3110 5087 δὲ
3157 5034 3317 5105 μόλις
3362 5036 3467 5107 τῆς
3510 5038 3744 5103 ἀτοπίας
3806 5042 3903 5111 τὴν

2313 5122 2639 5195 ὑπερϐολὴν,
2687 5124 2785 5196 τὴν
2836 5125 2933 5179 τοῦ
2987 5127 3218 5181 Λευΐτου
3258 5128 3699 5199 συλλαμϐάνουσι
3762 5134 3904 5187 παλ-

2312 5214 2524 5271 λακίδα.
2566 5217 2680 5271 Καὶ
2704 5217 2769 5289 δὴ
2798 5220 2899 5272 καὶ
2924 5219 3282 5286 ἀπεκτόνασι,
3324 5221 3394 5275 δι’
3415 5223 3543 5293 ὅλης
3569 5224 3673 5293 τῆς
3703 5225 3902 5287 νυκτὸς

2312 5309 2392 5371 εἰς
2416 5307 2478 5359 τὸ
2501 5308 2724 5376 γύναιον
2758 5310 3193 5380 ἀσελγαίνοντες.
3228 5311 3287 5366 '0
3315 5311 3373 5365 δὲ
3422 5313 3614 5368 διελὼν
3645 5317 3727 5378 είς
3756 5315 3899 5385 μέλη

2309 5400 2372 5455 τὸ
2396 5401 2553 5473 σῶμα
2584 5403 2824 5474 διένειμε
2867 5406 2983 5468 τοῖς
3017 5404 3082 5456 ὲκ
3131 5403 3303 5474 φυλῆς
3350 5404 3586 5477 Ἰσραὴλ,
3610 5406 3898 5475 καταφανῆ

2313 5494 2576 5561 καθιστὰς
2635 5494 2746 5550 τῶν
2790 5498 2854 5550 ὲκ
2905 5496 3077 5568 φυλῆς
3107 5496 3367 5568 Βενιαμὶν
3399 5497 3500 5566 τήν
3539 5512 3600 5549 τε
3647 5498 3729 5560 είς
3772 5498 3899 5558 τοὺς

2313 5586 2498 5656 ξένους
2521 5586 2820 5661 ἁμαρτίαν,
2854 5588 3032 5643 καὶτὸ
3057 5589 3312 5660 ἀχάλινον
3355 5587 3437 5653 εἰς
3466 5586 3774 5656 ἀσέλγειαν·
3805 5586 3899 5640 καὶ
