4068 6544
172 371 313 427 299

1127 366 1684 427 COMMENTARIUS
1720 366 1787 421 IN
1828 367 2060 424 OSEAM
2097 368 2541 427 PROPIIETAM.

3360 372 3467 428 250

172 488 281 541 ὃτι
329 489 398 543 τά
442 487 745 560 Σοδομιτῶν
776 489 1126 561 μεμίμηνται
1160 488 1632 559 πλημμελήματα.
1677 487 1788 541 Ἐν-

1897 488 2067 542 tribus
2107 488 2160 542 id
2192 488 2377 558 inique
2421 486 2822 543 dissimulantes
2868 486 3217 558 quievissent.
3279 486 3467 541 Simile

172 578 398 633 τεῦθεν
427 580 815 651 ἀγανακτήσας
842 581 1253 651 συναγήγερται
1285 580 1393 641 πᾶς
1414 575 1652 648 Ἰσραὴλ,
1692 576 1787 629 καὶ

174 670 699 740 κατεστρατεύοντο
718 670 819 741 τῆς
845 670 1015 741 φυλῆς
1034 670 1290 740 Βενιαμὶν
1315 671 1373 723 ἐν
1408 668 1646 731 Γαὸαὰν,
1663 684 1787 721 του-

174 759 409 823 τέστιν,
458 760 517 812 ἐν
556 758 636 829 τῷ
668 759 863 830 βουνῷο
912 759 1055 813 οὕτω
1107 777 1167 813 τε
1226 760 1397 830 αὐτὴν
1454 759 1785 830 ἀνῃρήκασι,

177 849 383 903 καίτοι
422 850 855 922 πολυανδροῦσαν
879 850 1020 918 λίαν,
1047 851 1123 916 ὡς
1153 850 1367 919 ὀλίγους
1405 851 1601 921 κομιδῇ
1634 868 1788 921 περι-

181 940 503 1005 σωθέντας,
526 941 681 1012 μόλις
698 942 993 1011 ἀναφυγεῖν
1015 944 1094 1006 εἰς
1110 941 1209 1013 τὴν
1238 945 1335 1013 ἔρη
1345 960 1464 1012 μον.
1492 942 1789 996 Διολώλασι

179 1030 369 1085 δὲκαὶ
391 1034 455 1086 ἐκ
472 1033 675 1097 παντὸς
704 1033 920 1105 Ἰσραὴλ
945 1034 1054 1088 τῶν
1080 1034 1335 1106 μαχίμων
1362 1033 1462 1086 οὐκ
1488 1033 1790 1105 εὐαρίθμη-

182 1139 309 1177 τοι.
346 1124 486 1177 Ἀλλ’
508 1125 610 1178 οὐκ
643 1126 710 1179 ἂν
743 1126 896 1194 ήφίει
928 1125 1059 1187 Θεὸς
1088 1124 1341 1195 ἀλλήλοις
1383 1122 1790 1193 συμπλέκεσθαι

183 1215 334 1277 τοὺς
356 1214 416 1280 ἐξ
446 1215 682 1286 Ἰσραὴλ,
722 1218 770 1269 εἰ
803 1217 879 1287 μὴ
911 1216 973 1270 τὸ
1009 1216 1069 1281 ἐξ
1101 1215 1251 1269 οἴκου
1278 1215 1517 1285 Μιχαίου
1553 1214 1790 1282 γλυπτὸν

1889 580 2017 649 quid
2048 580 2213 635 etiam
2246 588 2465 648 propter
2510 580 2705 634 vitulos
2738 594 2931 635 aureos
2981 580 3089 635 Deo
3140 579 3467 635 exacerbato

1889 672 2092 727 evenit.
2123 670 2496 727 Conﬂixerunt
2525 672 2667 726 enim
2702 672 2819 725 duae
2850 671 3020 726 tribus
3050 671 3185 726 Juda
3221 686 3343 725 cum
3371 672 3468 725 de-

1889 777 2004 817 cem
2035 763 2290 833 Epltraim
2313 781 2328 830 ;
2354 773 2406 819 et
2445 762 2671 832 perinde
2703 769 2762 815 nt
2790 762 3118 829 temporibus
3142 761 3313 825 collis,
3347 760 3467 815 mil-

1888 851 1958 907 lia
1984 851 2151 906 multa
2174 852 2566 915 occubuerunt,
2592 858 2647 903 et
2673 848 2753 903 ira
2784 848 2875 903 Dei
2908 848 3201 917 instigante
3234 863 3355 901 cum
3380 848 3465 899 vi-

1891 942 1995 997 ctis
2021 944 2119 1012 ipsi
2149 944 2382 997 victores
2414 941 2522 997 dati
2547 950 2672 996 sunt
2713 939 2880 994 exitio
2903 939 2969 993 ⁸⁸.
3011 939 3173 993 Gesta
3203 948 3326 992 sunt
3354 938 3469 993 haec

1890 1046 2053 1101 super
2096 1032 2289 1088 Judam
2335 1042 2593 1099 regnante
2624 1031 2863 1094 Amasia,
2914 1043 3076 1098 super
3137 1028 3299 1083 Israel
3346 1027 3464 1093 Joa,

1892 1126 1983 1195 qui
2016 1126 2091 1181 ita
2125 1126 2337 1196 subegit
2367 1124 2820 1194 Hierosolymam,
2850 1131 2910 1174 ut
2940 1130 3147 1190 partem
3196 1120 3335 1174 muri
3376 1134 3472 1175 cn—

1894 1215 2129 1269 bitorum
2163 1214 2681 1283 quadringentorum
2717 1212 2957 1267 dirueret
2986 1212 3052 1264 “.

184 1306 244 1357 οἱ
276 1307 383 1375 μὲν
409 1307 517 1360 ἀπὸ
542 1306 652 1360 Δάν
688 1310 1037 1378 τετιμήκασι,
1098 1308 1490 1379 κατηρέμησαν
1526 1306 1583 1359 δέ
1648 1306 1977 1377 παραλόγως
2025 1308 2075 1360 οί
2117 1308 2181 1360 ἐκ
2228 1308 2336 1361 τῶν
2401 1306 2604 1378 ἐτέρων
2665 1304 2868 1375 φυλῶν.
2908 1303 3160 1357 Τοιοῦτόν
3194 1320 3245 1355 τι
3281 1302 3470 1371 γέγονε

184 1401 297 1453 καὶ
356 1401 451 1453 ἐπὶ
484 1404 606 1465 ταῖς
650 1401 916 1472 δαμάλεσι
970 1406 1089 1466 ταῖς
1135 1404 1360 1473 χρυσαῖς
1413 1402 1791 1473 λελυπημένου
1829 1402 1986 1455 Θεοῦ.
2039 1402 2467 1470 Συνεπλάκησαν
2525 1401 2635 1473 γὰρ
2672 1400 2933 1469 ἀλλήλαις
2976 1398 3128 1451 αἵτε
3159 1396 3252 1449 τοῦ
3301 1394 3471 1447 Ἰούδα

188 1488 374 1558 φυλαὶ
404 1490 518 1554 δύο,
551 1491 646 1544 καὶ
674 1492 731 1544 αι
762 1491 896 1544 δέκα
922 1491 1018 1544 τοῦ
1049 1491 1312 1562 Ἐφραϊμ.
1350 1493 1460 1546 Καὶ
1497 1490 1575 1555 ὼς
1623 1492 1681 1543 ὲν
1703 1494 1821 1555 ταῖς
1891 1492 2127 1563 ἡμέραις
2182 1492 2277 1545 τοῦ
2341 1490 2530 1562 βουνοῦ
2589 1492 2772 1561 μυρίοι
2831 1490 2929 1560 μὲν
2968 1492 3081 1543 ὅσοι
3124 1488 3469 1550 πεπτώκασι,

188 1580 669 1653 συνωλοθρεύοντο
699 1583 892 1647 δὲτοῖς
929 1584 1153 1638 νικῶσιν
1187 1587 1237 1637 οἱ
1276 1586 1596 1655 ἡττημένοι,
1669 1584 1821 1649 θείας
1891 1588 1973 1650 εἰς
2021 1587 2179 1641 τοῦτο
2233 1587 2503 1655 καλούσης
2559 1587 2750 1657 ὀργῆς.
2805 1584 3125 1655 Πέπρακται
3184 1583 3241 1636 δέ
3296 1582 3471 1636 ταῦτα

186 1669 472 1740 ’Δμασίου
531 1674 631 1743 μὲν
670 1672 1047 1743 βασιλεύοντος
1095 1676 1191 1728 ἐπὶ
1229 1676 1320 1729 τὸν
1347 1675 1573 1742 Ἰούδαν,
1603 1675 1698 1728 τοῦ
1730 1692 1795 1744 γε
1838 1675 1943 1748 μὴν
1971 1678 2125 1740 Ἰωὰς
2189 1679 2281 1732 ἐπὶ
2340 1680 2432 1733 τὸν
2459 1678 2699 1748 Ἰσραήλ,
2741 1676 2798 1741 ὃς
2840 1671 2984 1729 εἶλεν
3010 1675 3154 1729 οὓτω
3189 1674 3258 1727 τά
3301 1674 3465 1747 Ἰερο-

188 1761 437 1830 σόλυμα,
466 1762 541 1826 ὡς
570 1764 666 1818 καὶ
703 1764 950 1818 καθελεῖν
985 1764 1081 1818 τοῦ
1107 1764 1324 1835 τείχους
1356 1765 1521 1837 μέρος
1554 1766 1634 1829 εἰς
1669 1766 1865 1837 πήχεις
1888 1768 2273 1838 τετρακοσίας.

282 1853 382 1920 Ὦς
400 1854 733 1924 σταφυλὴν
773 1857 845 1910 ἐν
897 1856 1095 1927 ἐρήμῳ
1130 1854 1312 1927 εὗρον
1357 1858 1464 1912 τὸν
1509 1859 1788 1926 Ἰσραὴλ,

1968 1860 2130 1914 Vens.
2166 1860 2249 1913 10.
2285 1860 2436 1915 Sicut
2484 1878 2637 1916 uvam
2676 1863 2729 1916 in
2767 1862 2969 1916 deserto
3000 1860 3170 1914 inveni
3203 1858 3471 1924 lsrael,et

184 1946 300 1999 καὶ
352 1946 435 2010 ὡς
471 1946 671 2001 σῦκον
710 1947 781 2001 ἐν
822 1946 987 2016 συκῇ
1028 1949 1294 2018 πρώὶμον
1332 1945 1498 2002 εἶδον
1534 1948 1795 2018 πατέρας

181 2035 421 2091 αὐτῶν.
453 2037 634 2091 Αὐτοὶ
666 2037 961 2108 εἰσῆλθον
984 2040 1134 2109 πρὸς
1168 2040 1277 2093 τὸν
1302 2036 1673 2108 Βεελφεγὼρ,
1694 2041 1792 2095 καί

188 2128 792 2197 ἀπηλλοτριώθησαν
823 2132 912 2196 εἰς
935 2132 1257 2199 αἰσχύνην.
1294 2130 1404 2183 Kal
1432 2128 1711 2200 ἐγένοντο
1739 2133 1795 2186 οἰ

184 2218 576 2288 ἠγαπημένοι
598 2220 679 2285 ὡς
705 2221 761 2272 οἱ
786 2219 1226 2290 έϐδελυγμένοι.

270 2308 397 2363 PI".
434 2309 559 2362 Ὀτι
586 2310 662 2379 μὴ
690 2310 870 2380 μάτην
906 2310 1088 2372 αὐτοῖς
1115 2309 1177 2364 τὸ
1208 2309 1624 2383 καταφθαρῆναι
1656 2330 1795 2384 συμ-

188 2398 465 2468 ϐέϐηκεν,
508 2399 624 2453 ἀλλ’
655 2402 715 2453 ἐν
760 2400 908 2471 δίκῃ,
960 2400 1147 2453 λοιπὸν
1196 2402 1453 2471 πειρᾶται
1498 2402 1789 2459 διδάσκειν.

191 2489 348 2558 Ἐγὼ
384 2489 488 2559 μὲν
545 2489 693 2561 γὰρ,
748 2492 905 2561 φησὶ,
958 2490 1305 2561 ἐπελεξάμην
1368 2493 1591 2559 αὐτοὺς,
1622 2493 1699 2558 ὼς
1734 2496 1793 2547 ἐν

188 2582 396 2650 ἐρήμῳ
421 2581 694 2653 σταφυλὴν
730 2582 929 2653 εὑρὼν,
964 2584 1059 2637 καὶ
1081 2583 1157 2647 ὡς
1205 2583 1373 2637 σῦκον
1394 2584 1656 2656 πέπειρον
1683 2586 1793 2641 ἀπὸ

190 2671 377 2741 συκῆς
423 2672 701 2742 ἀρπάσαςο
744 2672 1014 2742 ἐξήγαγον
1046 2673 1156 2744 γὰρ
1193 2676 1293 2745 τῆς
1333 2675 1651 2744 Αἰγυπτίων
1678 2677 1792 2747 χώ-

188 2779 322 2833 ρας,
359 2761 858 2833 εἰδωλολατρούσης
889 2764 1038 2833 ὅλης,
1070 2764 1165 2817 καὶ⁸
1210 2764 1661 2837 πεπλανημένης,
1693 2767 1789 2821 καὶ

187 2852 407 2921 πολλὴν
446 2854 709 2925 νοσούσης
735 2855 833 2926 τὴν
859 2855 1095 2926 ἐρημίαν
1120 2856 1321 2919 παντὸς
1351 2858 1578 2927 ἀγαθοῦ.
1606 2858 1670 2911 Τί
1698 2855 1792 2913 οὖν

186 2943 243 2995 οἱ
286 2943 607 3011 ἀπόλεκτοι,
663 2945 714 2998 οἱ
754 2944 843 2997 διὰ
888 2945 989 3015 τῆς
1022 2946 1164 3015 ἐμῆς
1193 2948 1542 3018 ήρπαγμένοι
1570 2951 1789 3020 χειρός;

190 3036 636 3107 Ηροσκέκλινται
663 3037 742 3110 τῷ
796 3037 1142 3108 Βεελφεγὼρ,
1182 3039 1411 3109 ἐξῆλθον
1460 3043 1789 3110 οἰκειότητος

190 3132 298 3201 τῆς
333 3131 473 3203 πρός
506 3150 573 3202 με
611 3134 693 3196 εἰς
722 3131 1007 3202 αἰσχύνην,
1046 3133 1203 3186 τοῦτό
1238 3134 1355 3187 ἐστι
1390 3132 1473 3199 τὸ,
1534 3154 1552 3187 ι
1589 3136 1790 3206 Ἀπηλ-

1896 1948 2029 2001 sicut
2079 1951 2236 2019 ﬁcum
2289 1952 2343 2004 in
2376 1952 2479 2019 [ica
2515 1952 2865 2021 tempestivam
2911 1952 3016 2005 vidi
3056 1960 3229 2019 patres
3268 1967 3470 2005 eorum.

1895 2037 2011 2107 Ipsi
2042 2040 2263 2109 ingressi
2290 2050 2412 2095 sunt
2441 2042 2508 2095 ad
2541 2042 2884 2111 Beelphegor,
2927 2053 2972 2095 et
3018 2041 3303 2096 abalienati
3351 2051 3471 2095 sum

1895 2131 1952 2184 in
1981 2131 2361 2201 confusionem.
2407 2133 2472 2187 Et
2517 2134 2647 2203 {acti
2686 2144 2806 2187 sunt
2836 2134 3013 2188 dilecti
3040 2136 3173 2189 sicut
3203 2135 3474 2189 abomina-

1896 2222 2043 2278 biles.

1965 2312 2094 2368 CIII.
2120 2312 2237 2368 Non
2273 2323 2494 2381 temere,
2532 2316 2626 2370 sed
2650 2316 2770 2384 jure
2799 2315 3088 2385 perniciem
3120 2315 3225 2369 illis
3270 2313 3469 2368 illatam

1893 2418 2013 2459 esse
2040 2415 2268 2459 conatur
2313 2407 2472 2460 modo
2526 2406 2831 2461 ostendere.
2886 2406 2998 2476 Ego
3056 2405 3218 2470 enim,
3275 2405 3469 2474 inquit,

1893 2494 2027 2566 elegi
2060 2510 2153 2550 eos
2180 2508 2238 2550 ut
2266 2495 2319 2551 in
2353 2497 2641 2552 solitudine
2667 2513 2823 2552 uvam
2858 2497 3155 2562 inventam,
3206 2504 3260 2551 et
3308 2506 3365 2550 ut
3408 2496 3472 2549 [l-

1894 2602 2017 2640 cum
2043 2596 2307 2642 maturam
2339 2588 2407 2643 ab
2434 2588 2627 2644 arbore
2665 2590 2971 2658 decerptam
3006 2607 3019 2643 :
3045 2587 3204 2643 eduxi
3232 2587 3375 2642 enim
3402 2602 3470 2642 ex

1892 2675 2149 2749 Egypto,
2179 2693 2339 2747 quam
2370 2688 2535 2732 totam
2590 2678 2913 2745 idololatria,
2955 2687 3011 2733 et
3040 2693 3216 2741 error,
3269 2689 3323 2732 et
3359 2693 3473 2731 ma-

1893 2783 1996 2836 gna
2049 2769 2228 2823 omnis
2278 2768 2400 2822 boni
2454 2770 2677 2839 penuria
2731 2769 3068 2823 obsidebant.
3120 2768 3258 2835 Quid
3310 2768 3473 2836 igitur

1892 2859 2074 2923 electi,
2108 2859 2235 2928 quid
2286 2875 2445 2913 manu
2499 2875 2616 2913 mea
2671 2860 2878 2929 erepti?
2946 2858 3359 2912 Declinaverunt
3401 2858 3471 2913 ad

1893 2949 2249 3019 Bcelphegor,
2286 2951 2353 3005 ab
2399 2950 2635 3005 amicitia
2670 2965 2787 3005 mea
2817 2950 3160 3006 desciverunt
3192 2950 3243 3003 iu
3275 2948 3468 3003 coul'u-
3500 2966 3503 2971 ‘

1893 3040 2132 3108 sionem;
2184 3042 2285 3096 hoc
2312 3042 2455 3096 enim
2488 3052 2591 3103 est,
2623 3042 2763 3108 quod
2797 3041 2872 3095 ait
2908 3059 2922 3094 :
2967 3059 2985 3092 ι
3013 3040 3315 3095 Abalienati
3344 3049 3472 3095 sunt

1895 3135 1947 3188 in
1976 3134 2372 3190 confusionem.
2409 3155 2427 3188 ι
2467 3134 2623 3206 137
2657 3134 3042 3189 Confusionem
3091 3144 3270 3188 autem
3313 3142 3469 3188 vocat

191 3202 581 3293 λοτριῶθησαν
622 3225 702 3287 εἰς
753 3223 1045 3296 αἰσχύνην·
1077 3242 1095 3276 ι
1132 3225 1396 3296 αἰσχύνην
1440 3226 1496 3280 δέ
1538 3202 1788 3298 ὀνομάζει

1898 3226 2230 3297 Beelpltegor
2255 3245 2269 3281 :
2298 3237 2413 3282 erat
2453 3202 2602 3281 e—ttitti
2647 3227 2843 3280 idolum
2886 3227 3056 3283 forma
3086 3226 3325 3282 omnium
3358 3234 3472 3280 tur-

189 3310 291 3364 τοῦ
324 3310 675 3383 Βεελφεγώρ*
716 3307 784 3383 ἦν
833 3312 943 3383 γὰρ
996 3314 1056 3366 ἐν
1111 3314 1498 3385 ἀκαλλεστάτῳ
1552 3317 1789 3386 σχήματι

189 3402 307 3457 τῶν
331 3402 509 3456 ἀλλων
538 3404 797 3473 μάλιστα,
826 3405 919 3458 καὶ
940 3405 1177 3474 ἄσεμνον
1209 3404 1357 3458 ἰδεῖν.

265 3493 502 3559 Οὐκοῦν,
530 3493 857 3561 ἀγαπῶντες
903 3492 1005 3563 μὲν
1030 3493 1094 3546 τὸ
1135 3489 1276 3549 εἶναι
1326 3493 1470 3564 μετὰ
1506 3494 1662 3559 Θεοῦ,
1695 3496 1791 3551 καὶ⁸

190 3582 468 3653 τιμῶντες
491 3583 568 3646 ὼς
590 3581 917 3648 καλέσαντα,
941 3584 1036 3637 καὶ
1051 3583 1460 3655 ἐπιλεξάμενον,
1484 3586 1577 3638 καὶ
1602 3586 1790 3655 ὥσπερ

192 3679 256 3744 ἐξ
303 3678 516 3748 ἐρήμου
568 3676 666 3730 καὶ
698 3674 1066 3731 ἀκανθοτόκου
1098 3676 1205 3747 γῆς
1252 3677 1576 3749 ἁρπάσαντα
1606 3678 1705 3749 τῆς
1730 3679 1789 3732 ἐν

188 3768 335 3838 τῷδε
363 3766 447 3838 τῷ
477 3768 672 3838 κόσμῳ
729 3770 1140 3835 καταστάσεως,
1166 3770 1242 3833 ὡς
1294 3770 1569 3840 σταφυλήν
1596 3787 1657 3823 τε
1694 3771 1789 3824 καὶ

194 3858 366 3913 σῦκον
396 3860 727 3930 ἠγαπηκότα
754 3859 1023 3932 πρώῖμον,
1051 3860 1407 3932 διασώσωμεν
1442 3862 1659 3933 ἀρραγῆ
1688 3862 1788 3932 τὴν

191 3950 335 4021 πρὸς
375 3951 539 4004 αὐτὸν
586 3950 804 4016 ἕνωσιν,
835 3952 993 4023 δῆλον
1022 3953 1081 4007 δέ
1128 3954 1217 4007 ὅτε
1250 3954 1350 4026 τὴν
1386 3955 1782 4025 πνευματικήν.

193 4044 259 4097 Εἰ
300 4042 360 4095 δέ
394 4042 458 4112 δὴ
489 4042 698 4111 γένοιτό
725 4060 812 4107 τις
863 4044 1163 4107 ἀπόνευσις
1209 4046 1285 4108 εἰς
1317 4045 1376 4097 τὸ
1408 4044 1662 4109 ἀκαλλὲς,
1693 4045 1787 4098 καὶ

193 4134 278 4195 εἰς
307 4132 370 4185 τὸ
390 4132 598 4186 λυποῦν
626 4134 809 4200 αὑτὸν,
838 4134 990 4187 οὐδὲν
1027 4133 1108 4187 ἐτι
1149 4134 1420 4204 διοίσομεν
1464 4135 1572 4189 τῶν
1593 4135 1783 4190 ἐθνῶν.

205 4217 483 4289 Ἐσόμεθα
514 4220 623 4290 γάρ
652 4221 701 4272 οἰ
742 4222 1089 4293 ἠγαπημένοι
1117 4222 1193 4285 ὡς
1215 4222 1266 4273 οἱ
1308 4222 1709 4294 ἐϐδελυγμένοι,
1735 4225 1785 4279 οἳ

195 4310 295 4362 καὶ
328 4309 564 4379 εὐλόγως
602 4311 952 4383 μεμίσηνται.
1004 4331 1022 4365 ι
1069 4315 1400 4384 Δικαιοσύνη
1449 4315 1578 4387 γὰρ,
1627 4318 1783 4388 φησὶ,

192 4399 413 4453 δικαίου
457 4401 519 4453 οὑ
573 4401 649 4472 μὴ
712 4401 962 4473 ἐξέληται
1016 4405 1215 4459 αὐτόν’
1268 4408 1327 4460 ἐν
1472 4408 1539 4462 ἂν
1599 4408 1786 4479 ἡμέρᾳ

196 4489 449 4563 ἁμάρτῃ,
478 4490 851 4547 ἀποθανεῖται.
892 4511 914 4545 ι
951 4494 1062 4548 Καὶ
1088 4497 1292 4569 σφόδρα
1325 4499 1504 4568 σοφῶς
1545 4500 1574 4551 ὁ
1604 4500 1784 4569 μακά-

198 4598 314 4652 ριος
343 4581 545 4653 γράφει
575 4581 785 4646 Παῦλος
806 4599 821 4614 ο
861 4602 881 4636 ι
920 4585 1084 4639 Ὥστε
1113 4588 1143 4641 ὁ
1190 4588 1363 4644 δοκῶν
1395 4590 1637 4654 ἑστάναι,
1674 4589 1788 4661 βλέ-

198 4672 349 4726 πέτω
382 4673 459 4743 μὴ
489 4672 651 4745 πέσῃ·
686 4691 707 4724 ι

281 4763 530 4833 Ἐςοριιτμ
556 4764 637 4831 ὡς
678 4764 891 4833 ὄρνεον
919 4764 1313 4839 ἐξεπετάσθη.

267 4854 547 4908 ΡΔ’.⁸Ὀσα
571 4853 679 4908 τῶν
708 4854 909 4926 ὀρνέων
932 4856 1009 4929 μὴ
1037 4857 1152 4913 ἐστι
1178 4860 1413 4915 τίθασσά
1433 4879 1492 4914 τε
1544 4862 1637 4916 καὶ
1665 4880 1789 4917 κατ-

198 4944 423 5007 οικίδια,
475 4944 848 5016 συλληφθέντα
911 4950 1261 5019 φυλάττεται,
1313 4953 1407 5007 καὶ
1452 4954 1785 5026 κατατέρπει

199 5040 326 5103 τοὺς
338 5039 583 5110 ἔχοντας.
615 5042 681 5095 Εἰ
703 5041 762 5097 δὲ
797 5040 861 5113 δὴ
893 5042 1104 5112 γένοιτό
1132 5060 1217 5107 τις
1244 5042 1340 5096 τοῦ
1366 5044 1644 5116 διαδράναι
1668 5062 1789 5099 και-

202 5131 317 5200 ρὸς,
346 5132 734 5203 ἀνυπερθέτως
758 5134 1048 5206 ἀποφοιτᾷ,
1079 5134 1175 5188 καὶ
1206 5134 1357 5206 ὀξείᾳ
1393 5135 1616 5207 φέρεται
1644 5137 1785 5207 πτή-

203 5239 286 5275 σει
335 5222 479 5295 πρδς
535 5224 598 5278 τὸ
645 5226 829 5289 αὐτοῖς
884 5224 1115 5295 σύνηθες
1186 5224 1528 5296 ἐνδιαίτημα.
1575 5226 1785 5280 Οὐκοῦν

202 5312 499 5384 τεθήρευτο
528 5314 630 5384 μὲν
654 5316 856 5390 τρόπον
883 5315 1009 5370 τινὰ
1038 5316 1127 5372 διά
1151 5316 1395 5380 Μωσέως
1420 5316 1606 5388 ὀρνέου
1633 5317 1787 5389 δίκην

204 5404 233 5454 ὁ
277 5405 531 5478 Ἰσραὴλ,κ
561 5408 655 5460 καὶ
689 5408 1129 5479 προσκεκόμιστο
1174 5408 1252 5480 τῷ
1282 5406 1422 5479 Θεῷ,
1473 5410 1567 5463 καὶ
1614 5404 1681 5482 ἦν
1728 5410 1786 5463 ἐν

205 5495 354 5566 καλῷ
398 5497 498 5568 τῆς
541 5498 843 5570 εὐημερίας
893 5500 1045 5572 νόμῳ
1100 5499 1635 5571 παιδαγωγούμενος,
1694 5501 1786 5554 καὶ

206 5586 483 5655 φροντίδος
536 5588 844 5659 ἀπολαύων,
877 5592 971 5645 καὶ
1001 5590 1217 5661 φειδοῦς
1254 5593 1351 5663 τῆς
1383 5590 1608 5646 ἀνωθεν.
1652 5592 1785 5644 Ἀπ-

1892 3318 2115 3387 pissima
2149 3326 2202 3372 et
2224 3328 2449 3387 aspectu
2480 3318 2846 3373 inhonestum.

1963 3491 2143 3559 Quare
2172 3489 2449 3562 cupientes
2478 3506 2600 3547 esse
2628 3506 2747 3545 cum
2783 3490 2913 3556 Deo,
2944 3505 3174 3560 eumque
3200 3505 3469 3546 veneran-

1893 3593 1993 3649 tes,
2021 3594 2078 3637 ut
2108 3584 2197 3653 qui
2228 3599 2328 3639 nos
2358 3584 2586 3649 vocavit,
2620 3593 2673 3639 et
2698 3583 2880 3653 elegit,
2913 3592 2967 3637 et
2995 3593 3249 3652 tanquam
3282 3599 3347 3637 ex
3377 3598 3470 3638 so.

1890 3676 2116 3732 litudine
2150 3687 2204 3732 et
2241 3687 2386 3731 terra
2422 3675 2608 3746 spinas
2642 3689 2937 3746 generante
2970 3676 3190 3745 eripuit,
3220 3690 3285 3729 ex
3322 3685 3468 3729 statu

1890 3768 2139 3823 videlicet
2168 3767 2350 3822 mundi
2382 3766 2571 3837 hujus,
2603 3778 2766 3836 atque
2796 3777 2854 3821 ut
2879 3783 3035 3821 uvam
3060 3778 3114 3821 et
3142 3766 3301 3821 ticum
3331 3776 3470 3820 tem-

1890 3860 2153 3930 pestivam
2188 3858 2490 3923 adamavit,
2526 3860 2962 3928 conjunctionem
2996 3872 3115 3913 cum
3149 3858 3268 3927 ipso
3301 3858 3473 3914 indis.

1889 3948 2198 4013 solubilem,
2242 3946 2602 4018 spiritualem,
2644 3947 2885 4017 inquam,
2926 3946 3277 4001 retineamus.
3316 3946 3470 4013 Quod

1888 4040 1933 4094 si
1965 4038 2031 4092 ad
2065 4039 2322 4093 indecora
2368 4038 2612 4107 quaedam
2649 4038 2811 4107 eique
2841 4037 3026 4092 odiosa
3057 4035 3471 4103 deﬂexerimus,

1887 4128 2022 4183 nihil
2049 4143 2078 4181 α
2106 4130 2357 4198 gentibus
2386 4126 2715 4184 diﬂ'eremus.
2742 4127 2959 4183 Erimus
2985 4128 3129 4181 enim
3161 4142 3258 4181 nos
3286 4127 3470 4182 dilecti

1887 4234 1953 4274 eo
1981 4219 2100 4274 loco
2129 4235 2238 4290 quo
2264 4221 2555 4285 exsecrati,
2580 4234 2715 4289 quos
2743 4234 2954 4289 aequum
2981 4227 3064 4273 est
3093 4218 3289 4273 odisse.
3323 4237 3341 4270 ι
3372 4218 3471 4273 Ju-

1888 4314 2035 4368 stitia
2069 4314 2214 4368 enim
2244 4310 2408 4381 justi,
2440 4312 2647 4384 inquit,
2680 4328 2785 4367 non
2818 4311 3074 4367 liberabit
3104 4325 3265 4375 eum;
3301 4311 3355 4365 in
3388 4311 3473 4366 die

1887 4419 1991 4473 qua
2030 4404 2358 4474 peccaverit,
2391 4406 2655 4461 morietur
2676 4406 2743 4464 ⁸⁷.
2785 4424 2804 4458 ι
2836 4404 2900 4459 Et
2933 4401 3306 4475 persapienter
3331 4401 3471 4457 seri--

1814 4527 1863 4587 ο
1888 4496 1970 4551 bit
2000 4499 2193 4553 beatus
2224 4496 2424 4552 Paulus
2453 4516 2467 4553 :
2507 4517 2527 4551 ι
2568 4499 2752 4567 Itaque
2782 4496 2872 4567 qui
2904 4511 2963 4552 se
2993 4495 3271 4550 existimat
3301 4503 3469 4560 stare,

1893 4589 2074 4645 videat
2106 4604 2173 4645 ne
2202 4591 2360 4645 cadat
2380 4588 2447 4643 “.
2484 4608 2504 4643 ι

1971 4762 2130 4818 Vens.
2165 4763 2252 4817 II.
2286 4762 2541 4832 Ephraim
2570 4762 2719 4833 quasi
2749 4762 2858 4815 avis
2887 4772 3100 4817 extensa
3129 4773 3227 4818 eu.

1965 4854 2100 4912 CIV.
2140 4853 2491 4924 Quaacunque
2520 4868 2647 4908 aves
2679 4868 2781 4907 non
2815 4853 3025 4910 cicures
3052 4865 3107 4909 et
3137 4852 3469 4919 domesticae,

1888 4947 1978 5002 ubi
2024 4955 2196 5015 captat
2240 4945 2476 5010 fuerint,
2517 4945 2917 5013 custodiuntur,
2957 4953 3012 5001 et
3055 4945 3302 5001 dominos
3341 4960 3470 5000 suos

1888 5036 2179 5092 delectant.
2220 5034 2315 5089 Sin
2354 5049 2475 5104 quae
2516 5037 2893 5105 opportunitas
2930 5034 3143 5091 volandi
3184 5035 3467 5101 inciderit,

1888 5130 2023 5184 citra
2052 5143 2259 5182 moram
2286 5128 2571 5184 celerrime
2593 5128 2659 5183 ad
2687 5140 3003 5185 consuetum
3031 5129 3132 5184 sibi
3155 5129 3276 5182 vita
3300 5143 3470 5197 genus

1892 5221 2128 5276 avolant.
2170 5220 2355 5289 Itaque
2400 5229 2594 5291 captus
2634 5229 2722 5276 est
2764 5222 3164 5291 quodammodo
3213 5236 3243 5274 a
3285 5219 3469 5292 Moyse

1890 5312 2127 5367 volucris
2170 5312 2341 5366 instar
2378 5310 2570 5378 Israel,
2610 5321 2667 5367 et
2710 5313 2923 5369 oblatus
2966 5313 3095 5378 Deo,
3134 5322 3190 5367 et
3228 5315 3365 5367 bene
3404 5326 3468 5366 ac

1892 5403 2047 5458 beate
2089 5403 2355 5469 habebat,
2388 5402 2671 5473 disciplina
2706 5403 2839 5476 legis
2873 5404 3216 5470 doeefactus,
3250 5413 3304 5459 et
3342 5417 3465 5458 cum

1892 5510 2019 5551 cura
2056 5494 2496 5566 indulgentiaque
2532 5504 2799 5552 tractatus
2829 5498 3080 5568 desuper.
3111 5498 3216 5561 Sed
3251 5509 3465 5550 rursum

1891 5588 1981 5643 ubi
2020 5589 2169 5660 prius
2207 5598 2323 5643 erat
2356 5586 2626 5656 avolavit,
2662 5598 2870 5647 tantum
2905 5606 3010 5647 non
3048 5605 3208 5646 manu
3244 5586 3468 5655 aucupis

276 5757 325 5792 "
349 5760 526 5821 Judic.
553 5782 643 5834 xx,
667 5766 891 5838 passim.
969 5769 1015 5801 ⁶⁶
1052 5766 1117 5823 IV
1154 5768 1285 5837 Reg.
1321 5782 1429 5837 xw,
1458 5767 1546 5823 I5.
1622 5765 1667 5798 ⁸⁷
1699 5763 1897 5822 Ezecb.
1929 5778 2117 5829 xxxm,
2151 5764 2240 5820 i2.
2318 5766 2364 5799 “
2393 5765 2563 5830 ICor.
2596 5768 2758 5832 x,12.
