4068 6544
588 373 689 429 23!

1623 367 1680 422 S.
1723 364 2003 423 CYBILLI
2041 361 2508 421 ALEXANDRINI
2544 360 2868 417 ARCHIEP.
3766 346 3886 401 232

589 498 673 555 sui
720 496 955 567 elapsus.
994 493 1205 549 Poteris
1240 501 1294 548 et
1330 491 1438 548 alio
1475 506 1638 548 sensu
1675 494 1818 561 quod
1860 491 2060 545 dictum
2100 498 2185 544 est

2289 488 2429 556 έπτη
2462 486 2519 538 δὲ
2539 485 2822 553 πάλιν,ὲφ⁹
2852 484 2987 553 ὅπερ
3013 475 3082 551 ἦν
3109 481 3166 533 ἐν
3200 478 3418 548 ἀρχαῖς,
3458 456 3750 543 μονονοᾶχὶ
3779 468 3888 533 τὴν

591 591 857 660 accipere.
896 587 1075 642 Multa:
1108 600 1236 640 aves
1273 584 1508 640 climatis
1554 584 1636 639 sui
1675 583 1909 639 hiemem
1949 595 2056 636 non
2100 581 2180 634 fe-

589 692 793 748 rentes,
828 680 1002 736 aliena
1034 690 1245 749 petunt,
1276 687 1332 733 et
1362 680 1482 733 sine
1508 678 1765 747 magistro
1792 674 1922 746 quid
1954 673 2056 729 sibi
2083 686 2179 727 ex-

589 774 773 846 pediat
828 781 1129 837 noverunt,
1182 779 1343 841 prout
1394 769 1672 826 Conditori
1727 769 1948 837 placuit.
2001 764 2179 821 Simili

590 867 752 922 modo
778 874 833 920 et
858 864 1115 933 Ephraitn
1144 863 1456 919 bellicarum
1482 862 1850 917 calamitatum
1876 868 2024 915 metu
2050 873 2180 929 per-

591 973 814 1026 cussus,
847 957 899 1012 in
928 955 1222 1026 Egyptnm
1253 955 1509 1010 avolavit.

669 1243 830 1298 Vens.
860 1242 945 1298 12.
975 1240 1174 1296 Gloria:
1199 1256 1380 1294 eorum
1410 1256 1473 1292 ex
1501 1241 1775 1307 partubus,
1800 1248 1847 1292 et
1880 1238 2171 1305 doloribus,

591 1346 638 1390 et
678 1332 1026 1401 conceptibus.
1064 1330 1242 1396 Quare
1282 1331 1486 1383 etiamsi
1528 1330 1812 1382 nulrierint
1851 1328 1991 1396 ﬁlios
2032 1345 2177 1393 suos,

592 1431 704 1482 sine
732 1427 858 1497 ﬁliis
890 1435 1040 1480 erunt
1073 1440 1134 1477 ea:
1164 1422 1487 1485 hominibus,
1517 1422 1643 1490 quia
1674 1434 1720 1476 et
1756 1437 1830 1475 υω
1864 1421 1937 1474 eis
1971 1430 2070 1474 est.

662 1628 771 1684 CV.
811 1625 1109 1696 Aufugiens
1142 1623 1211 1681 ad
1238 1623 1525 1696 Egyptios
1557 1638 1586 1678 a
1621 1624 1810 1695 patriis
1845 1623 2063 1681 sedibus
2098 1624 2179 1678 Is-

591 1720 737 1785 rael,
775 1718 942 1774 Deum
983 1717 1128 1785 regni
1166 1716 1309 1770 illius
1350 1716 1630 1771 tutelarem
1668 1715 1927 1769 auxilium
1962 1719 2175 1771 orabat.

589 1808 731 1865 Num
776 1807 929 1877 Quasi
972 1806 1113 1860 Deus
1158 1814 1304 1861 esset
1344 1805 1677 1873 imbecillus,
1715 1820 1917 1875 eosque
1959 1821 2178 1859 servare

592 1915 699 1955 non
737 1898 957 1971 posset?
994 1898 1333 1966 Neutiqnam.
1372 1897 1464 1951 Est
1506 1898 1649 1950 enim
1686 1898 2057 1952 valentissima
2086 1898 2177 1950 Di-

593 1993 822 2057 vinitas,
854 2002 908 2047 et
944 1992 1139 2044 bellum
1177 1989 1245 2043 ab
1274 1988 1513 2059 Assyriis
1554 1989 1843 2044 imminens
1878 1990 2176 2058 reprimere

592 2083 752 2139 facile
778 2093 1009 2154 poterat.
1036 2081 1279 2151 Contigit
1307 2092 1487 2134 autem
1516 2080 1630 2135 haec
1658 2081 1867 2150 perpeti
1896 2080 2175 2147 Ephraim,

594 2176 708 2230 sive
740 2176 1013 2239 lsraelein,
1044 2175 1167 2241 quia
1202 2172 1394 2226 relicto
1425 2172 1537 2226 Deo
1569 2171 1861 2235 salvatore,
1891 2180 1945 2225 et
1976 2171 2027 2225 in
2062 2171 2178 2240 ipso

592 2280 657 2318 ac
688 2264 803 2319 solo
832 2262 1092 2331 gloriandi
1131 2260 1292 2331 138
1321 2259 1745 2329 perseverantia,
1775 2268 1833 2311 nt
1865 2274 1923 2313 re
1947 2258 2060 2327 jam
2088 2273 2179 2312 ve-

597 2356 695 2411 teri
724 2365 885 2424 atque
908 2354 1147 2409 obsoleta
1168 2393 1183 2416 ,
1215 2351 1523 2422 posthabita
1547 2391 1562 2415 ,
1591 2350 1977 2405 existimabant
2002 2367 2099 2420 per
2123 2366 2180 2406 se

592 2446 840 2501 hostibus
871 2444 1239 2499 formidabiles
1270 2443 1420 2507 fore,
1450 2457 1551 2497 nec
1576 2442 1643 2496 ab
1675 2442 1738 2495 iis
1769 2441 2052 2495 subactum
2082 2443 2178 2509 iri,

591 2550 713 2589 cum
751 2535 805 2589 in
844 2542 1053 2589 tantam
1089 2530 1450 2602 frequentiam
1495 2540 1681 2584 essent
1721 2531 1900 2597 aucti,
1939 2530 2180 2583 abunda-

594 2637 827 2694 rcntque
875 2624 1169 2677 liberorum
1220 2618 1567 2674 multitudine
1613 2616 1845 2670 inﬁnita.
1891 2617 2181 2673 Pariebant

593 2717 736 2771 enim
786 2715 1039 2771 mulieres
1083 2728 1269 2769 eorum
1320 2710 1617 2767 secundum
1661 2709 2078 2779 promissionem
2128 2721 2182 2766 et

596 2808 1053 2871 benedictionem,
1085 2804 1269 2875 Moyse
1298 2806 1369 2858 ita
1395 2803 1691 2855 vaticinato
1721 2819 1732 2853 :
1770 2818 1791 2851 ι
1829 2800 1941 2854 Non
1970 2802 2073 2855 erit
2100 2801 2183 2854 in-

592 2898 855 2960 fecunda,
898 2913 998 2951 nec
1037 2895 1241 2951 sterilis
1282 2895 1337 2948 in
1384 2893 1507 2947 ﬁliis
1541 2892 1794 2947 Israel”.
1840 2911 1859 2945 ι
1904 2891 2008 2946 Sed
2049 2893 2185 2949 mire

595 2991 804 3044 iatuum
827 2996 941 3042 erat
964 2995 1184 3057 propter
1203 2982 1599 3038 multitudinem
1626 2997 1913 3050 corporum
1940 2991 2184 3036 contem-

599 3094 729 3133 nere
758 3078 853 3133 Dei
888 3075 1171 3131 anxilium.
1201 3070 1557 3143 Cogitandum
1589 3072 1694 3128 illis
1721 3075 1918 3143 potius,
1949 3072 1992 3127 si
2025 3087 2183 3142 sape-

600 3179 741 3236 rent,
767 3185 887 3225 cum
918 3169 1056 3239 ipso,
1082 3175 1138 3222 et
1166 3182 1259 3237 per
1288 3167 1462 3234 ipsum
1491 3183 1509 3217 ι
1541 3167 1793 3235 persequi
1824 3180 1982 3234 posse
2019 3179 2182 3218 unum

597 3258 780 3324 mille,
814 3268 870 3313 et
903 3259 1040 3311 duos
1073 3255 1353 3327 fugaturos
1387 3254 1571 3308 decem
1607 3254 1771 3307 millia
1798 3255 1866 3307 ⁷ο.
1905 3272 1925 3306 ι
1966 3253 2189 3307 Placent

600 3350 784 3418 itaque
813 3348 937 3414 sibi,
966 3356 1019 3402 et
1041 3347 1252 3417 jactant
1277 3360 1359 3410 se,
1388 3344 1585 3414 inquit,
1615 3358 1719 3397 non
1750 3341 1804 3396 in
1835 3343 1945 3397 Deo
1971 3342 2191 3411 potissi-

599 3456 779 3506 mum;
805 3440 896 3495 sed
923 3439 1106 3509 gloriae
1128 3437 1229 3491 sibi
1252 3436 1456 3493 ducunt
1475 3442 1681 3504 partus,
1706 3443 1761 3489 et
1780 3434 2183 3503 conceptiones,

596 3541 654 3587 ct
682 3530 895 3586 dolores
927 3526 1343 3599 parturientium
1372 3525 1695 3580 feminarum
1726 3539 1965 3579 suarum.
1999 3523 2190 3578 Sciant

600 3623 788 3695 igitur,
829 3621 1040 3677 etiamsi
1087 3618 1373 3690 genuerint.
1417 3616 1584 3682 ﬁlios,
1630 3614 1848 3670 etiamsi
1892 3614 2191 3669 laborarint

600 3714 939 3771 enutrientes
980 3709 1202 3773 liberos,
1245 3706 1361 3761 fore
1402 3716 1459 3758 ut
1504 3704 1842 3773 paenitudine
1881 3704 2187 3772 capiantur,

602 3822 723 3863 enm
766 3820 825 3860 se
866 3801 1071 3857 frustra
1118 3797 1351 3851 viderint
1399 3796 1695 3851 laborasse.
1740 3794 1998 3849 Filiorum
2043 3795 2187 3849 enim

601 3896 892 3952 orbitatem
922 3887 1249 3944 omnimodis
1281 3886 1603 3955 plorabunt,
1636 3893 1691 3941 et
1719 3886 1929 3955 gladius
1958 3885 2190 3956 Babylo-

605 3988 760 4043 nicus
803 3986 868 4039 ad
912 3996 1083 4054 genus
1127 3980 1366 4050 ipsorum
1406 3977 1567 4034 facile
1609 3977 1895 4033 delendum
1938 3977 2187 4031 suﬂiciet.

610 4098 630 4132 ι
668 4078 803 4145 Quia
834 4084 889 4131 et
916 4089 992 4128 vae
1022 4071 1127 4127 illis
1157 4081 1258 4126 est.
1297 4090 1316 4124 ι
1348 4069 1515 4137 Quasi
1546 4070 1720 4133 dicat,
1749 4067 1860 4123 Deo
1886 4068 1939 4121 in
1967 4066 2088 4121 illos
2114 4081 2193 4121 va:

606 4171 887 4231 vibrante,
920 4165 1041 4235 quis
1082 4162 1188 4218 illis
1226 4160 1471 4216 laetitiam
1514 4158 1911 4230 suppeditabit?
1945 4156 2002 4212 Si
2045 4157 2190 4212 enim

614 4278 634 4311 ι
677 4250 933 4313 clauserit
974 4263 1165 4310 contra
1208 4252 1517 4317 hominem,
1550 4251 1673 4320 quis
1713 4249 1918 4320 aperiet
1948 4248 2033 4301 7l?
2075 4266 2094 4301 ι
2135 4256 2193 4301 ut

608 4352 867 4417 scriptum
895 4353 1093 4402 exstat.

677 4437 809 4495 ενι.
851 4436 990 4494 Caro
1028 4452 1145 4490 mea
1179 4452 1244 4490 ea:
1274 4435 1369 4489 eis.

2280 578 2376 633 τοῦ
2410 578 2664 641 λαϐόντος
2711 580 2865 648 χεῖρα
2899 570 3228 642 διεκφυγών.
3273 569 3342 621 Ἦ
3390 566 3486 618 καὶ
3519 561 3639 616 καθ’
3675 561 3888 627 ἕτερον

2281 671 2481 740 τρόπον
2535 670 2790 741 συνήσεις
2836 667 2898 721 τὸ
2949 663 3262 737 εἰρημένον.
3294 658 3475 712 Πολλὰ
3520 654 3628 707 τῶν
3660 649 3889 720 ὀρνέων

2280 764 2406 827 τοὺς
2435 761 2763 833 ἐπιχωρίους
2792 758 3073 828 χειμῶνας
3104 756 3166 807 οὐ
3210 753 3463 823 φέροντα,
3491 749 3626 819 πρδς
3666 742 3889 810 ἑτέρας

2285 855 2640 927 μεθίστανται
2676 851 2880 923 χώρας,
2912 850 3209 910 ἀδιδάκτως
3238 845 3431 914 ἔχοντα
3471 840 3570 911 τὴν
3599 837 3695 890 τοῦ
3734 849 3888 927 συμ-

2282 947 2542 1019 φέροντος
2586 944 2814 1013 γνῶσιν,
2863 942 3006 995 κατὰ
3055 939 3115 991 τὸ
3156 935 3345 990 δοκοῦν
3393 932 3472 1002 τῷ
3520 924 3884 994 πεποιηκότι.

2294 1039 2435 1093 Ἀλλ’
2480 1039 2539 1090 ὲν
2574 1038 2674 1107 ἴσῳ
2719 1036 2906 1106 τρόπῳ
2939 1034 3033 1086 καὶ
3064 1035 3092 1085 ὁ
3128 1028 3368 1102 Ἐφραῒμ
3397 1026 3497 1087 τὰς
3530 1025 3595 1076 ὲκ
3622 1018 3884 1089 πολέμω

2280 1129 2472 1194 δεδιὼς
2503 1127 2792 1200 συμφορὰς
2822 1128 3042 1195 ἀπέπτη
3070 1124 3209 1195 πρὸς
3238 1118 3586 1189 Αἰγυπτίους.

2344 1223 2413 1274 Αἱ
2458 1220 2631 1285 δόξαι
2682 1217 2882 1272 αὐτῶν
2922 1216 2993 1271 ἐκ
3044 1215 3258 1279 τόκων,
3314 1212 3411 1266 καὶ
3458 1208 3712 1271 ὠδίνων,
3780 1201 3884 1256 καὶ

2281 1312 2670 1381 συλλήψεων.
2707 1311 2859 1364 Διότι
2906 1308 3007 1362 καὶ
3053 1308 3161 1362 ἐὰν
3207 1304 3538 1371 ἐκτρέψωσι
3572 1300 3642 1353 τὰ
3683 1296 3886 1352 τέκνα

2280 1402 2499 1466 αὐτῶν,
2548 1401 3069 1466 ἁτεκνωθήσονται
3106 1398 3174 1462 ἐξ
3206 1394 3550 1461 ἀνθρώπων,
3581 1390 3738 1443 διότι
3781 1388 3885 1440 καὶ

2281 1494 2411 1548 οὐαὶ
2451 1495 2657 1558 αὐτοῖς
2699 1494 2829 1545 ἐστι
2841 1532 2853 1545 .

2354 1586 2473 1639 PE’.
2528 1586 2765 1657 Ἀπέδρα
2818 1585 2955 1655 πρὸς
3010 1579 3340 1649 Αἰγυπτίους
3388 1578 3487 1650 τὴν
3537 1573 3886 1643 ὲνεγκοῦσαν

2283 1678 2442 1746 ἀφεὶς
2474 1679 2502 1730 ὁ
2544 1676 2782 1747 Ἰσραὴλ,
2812 1674 3089 1744 ὲπαμῦναί
3119 1673 3180 1725 τέ
3210 1672 3259 1724 οἱ
3288 1669 3589 1740 παρεκάλει
3614 1667 3712 1719 τὸν
3738 1662 3883 1717 Θεὸν

2280 1770 2378 1837 τῆς
2408 1768 2589 1838 χώρας
2617 1768 2941 1837 ἡγούμενον.
2980 1762 3108 1836 'Ap‘
3137 1763 3212 1826 ὼς
3241 1761 3556 1821 ἀτονοῦντος
3585 1755 3751 1822 Θεοῦ,
3786 1756 3885 1808 καὶ

2213 1871 2251 1924 Β
2283 1857 2475 1921 σώζειν
2501 1858 2698 1919 αὐτοὺς
2726 1856 2823 1926 οὐχ
2850 1856 2963 1909 οἴου
2988 1871 3047 1907 τε
3072 1871 3087 1920 ;
3120 1852 3417 1922 Οῦμενουν.
3453 1846 3743 1909 Παναλκὲς
3769 1845 3885 1915 γὰρ

2277 1947 2338 2000 τὸ
2368 1946 2541 2010 Θεῖον,
2568 1947 2661 1998 καὶ
2692 1947 2791 1997 οὑκ
2814 1947 3086 2007 ἁνικάνως
3116 1945 3259 2014 ἔχον,
3299 1943 3389 1996 τὸν
3414 1941 3523 1994 τῶν
3566 1938 3885 2009 Ἀσσυρίων

2279 2037 2622 2107 ἀποσοϐῆσαι
2653 2037 2907 2108 πόλεμον.
2939 2036 3261 2106 Συμὸἐὸηκε
3289 2036 3344 2088 δὲ
3382 2033 3452 2086 τὰ
3476 2032 3659 2085 τοιάδε
3685 2030 3883 2083 παθεῖν

2278 2130 2404 2194 τοὺς
2433 2130 2492 2194 ἐξ
2527 2128 2795 2199 Ἐφραῒμ,
2818 2129 2938 2199 ἦτοι
2966 2129 3057 2181 τὸν
3092 2127 3322 2199 Ἰσραὴλ,
3350 2128 3434 2179 ὅτι
3464 2124 3595 2178 Θεὸν
3643 2123 3883 2191 ἀφέντες

2279 2225 2370 2277 τὸν
2398 2222 2660 2288 σώζοντα,
2698 2223 2790 2276 καὶ
2843 2223 2903 2275 τὸ
2936 2223 3023 2274 ἐπ’
3054 2221 3205 2291 αὐτῷ
3238 2220 3301 2289 δὴ
3349 2218 3446 2272 καὶ
3481 2217 3627 2287 μόνῳ
3663 2212 3884 2285 μεγάλα

2281 2318 2496 2386 φρονεῖν
2525 2313 2877 2377 διατελῶντες
2900 2313 2974 2384 (1)
3018 2312 3092 2375 ὡς
3127 2298 3317 2377 ἕωλον,
3345 2309 3513 2380 ᾤοντο
3544 2307 3692 2361 κατὰ
3737 2308 3883 2374 σφᾶς

2279 2405 2463 2469 δεινοὶ,
2499 2406 2608 2458 ml:
2623 2405 2889 2457 ἀνάλωτοι
2917 2402 3242 2473 γενήσεσθαι
3270 2405 3383 2463 τοῖς
3412 2400 3647 2471 ἐχθροῖς,
3676 2397 3771 2450 διὰ
3798 2412 3883 2448 τοι

2282 2497 2342 2549 τὸ
2386 2498 2467 2559 είς
2506 2494 2715 2566 πληθὺν
2746 2494 3070 2548 ἐκτετάσθαι
3103 2492 3323 2562 πολλὴν,
3373 2492 3469 2544 καὶ
3501 2489 3883 2560 ἀναρίθμητον

2284 2586 2429 2655 ἔχειν
2462 2588 2561 2656 τὴν
2601 2584 2980 2638 πολυπαιδίαν.
3032 2584 3285 2636 Ἐτικτον
3332 2582 3431 2651 μὲν
3482 2580 3595 2649 γάρ
3634 2580 3700 2631 αἱ
3745 2576 3883 2647 παρ’

2283 2680 2466 2741 αὐτοῖς
2510 2679 2766 2746 γυναῖκες
2808 2677 2929 2729 κατ’
2981 2673 3336 2742 ἐπαγγελίαν,
3373 2673 3465 2726 καὶ
3512 2674 3571 2723 ὲν
3624 2670 3883 2737 εὐλογίας

2283 2769 2454 2835 τάξει,
2500 2767 2743 2829 Μωσέως
2799 2768 3214 2838 προειρηκότος,
3279 2765 3434 2816 «Οὐκ
3459 2763 3611 2816 ἔσται
3657 2764 3881 2831 ἄγονος,

2284 2860 2404 2914 οὐδὲ
2453 2863 2643 2930 στεῖρα
2681 2861 2739 2912 ὲν
2765 2858 2902 2921 υἱοῖς
2944 2857 3183 2928 Ἰσραήλ.
3223 2874 3240 2906 ι
3297 2854 3435 2907 Ἀλλ’
3462 2850 3530 2924 ἧν
3563 2852 3765 2921 εὔηθες
3792 2869 3883 2905 xo-

2289 2951 2437 3021 μιδῇ,
2465 2950 2550 3002 διὰ
2583 2948 2795 3018 πληθὺν
2825 2948 3094 3017 σωμάτων
3139 2945 3428 3015 ἀφειδῆσαι
3479 2944 3737 3013 βοηθείας
3780 2943 3883 3011 τῆς

2286 3042 2439 3113 παρὰ
2466 3040 2623 3094 Θεοῦ.
2681 3040 2961 3109 Ἐννοῆσαι
3007 3038 3067 3091 δὲ
3118 3036 3317 3107 μᾶλλον
3362 3034 3498 3106 ὀρθά
3542 3033 3881 3105 φρονοῦντας

2289 3134 2475 3203 ἐχρῆν,
2502 3132 2582 3184 ὅτι
2617 3132 2714 3183 σὺν
2741 3127 2892 3201 αὐτῷ
2919 3145 2977 3182 τε
3029 3129 3124 3181 καὶ
3149 3128 3217 3180 δι’
3247 3127 3410 3183 αὑτοῦ
3445 3145 3463 3177 ι
3492 3127 3762 3192 Διώξεται
3786 3125 3883 3195 μὲν

2289 3218 2372 3285 εἷς
2403 3221 2628 3291 χιλίους,
2661 3220 2755 3274 δύο
2781 3219 2838 3272 δὲ
2868 3219 3292 3289 μετακινήσουσι
3318 3216 3608 3288 μυριάδας.
3651 3236 3670 3267 ι
3717 3216 3885 3267 ’Auo-

2290 3313 2646 3384 σεμνύνονται
2670 3312 2872 3375 τοίνυν,
2901 3312 3089 3379 φησὶν,
3126 3311 3227 3362 οὐκ
3257 3310 3350 3362 ἐπὶ
3367 3306 3488 3378 Θεῴ
3515 3306 3741 3377 μᾶλλον,
3770 3322 3883 3358 ποι-

2288 3407 2476 3460 οῦνται
2505 3405 2560 3458 δὲ
2587 3404 2745 3468 δόξαν
2786 3402 3006 3471 τόκους,
3048 3400 3144 3454 καὶ
3194 3399 3506 3469 συλλήψεις,
3552 3399 3649 3452 καὶ
3682 3397 3884 3459 ὠδῖνας

2286 3499 2395 3553 τῶν
2428 3499 2557 3568 παρ’
2590 3496 2773 3558 αὐτοῖς
2801 3492 3099 3562 γυναικῶν.
3138 3492 3405 3543 ἰστωσαν
3428 3490 3492 3560 δὴ
3518 3486 3633 3553 οὖν,
3660 3490 3747 3541 ὅτι
3780 3488 3882 3541 κᾶν

2289 3593 2337 3644 εί
2370 3591 2578 3642 τέκοιεν
2605 3587 2776 3652 υἱοὺς,
2825 3584 2929 3637 κᾶν
2957 3585 3005 3636 εί
3040 3583 3271 3652 κάμοιεν
3302 3579 3663 3651 ἐκτρέφοντες
3686 3579 3882 3641 τέκνα,

2293 3682 2732 3755 μεταγνώσονται
2798 3675 3086 3738 πονοῦντες
3147 3672 3294 3742 εικῆ.
3361 3672 3705 3741 Θρηνήσουσι
3774 3668 3882 3738 γὰρ

2291 3776 2471 3844 πάντη
2499 3790 2559 3825 τε
2588 3772 2684 3825 καὶ
2718 3769 2944 3831 πάντως
2972 3767 3072 3838 τὴν
3113 3764 3391 3819 ἀπαιδίαν.
3436 3763 3685 3834 ’Δρκὲσει
3709 3761 3772 3815 δὲ
3803 3761 3882 3825 ξί-

2291 3885 2390 3938 φος
2436 3867 2618 3929 αὐτοῖς
2646 3865 2707 3918 τὸ
2738 3861 3082 3917 Βαϐυλώνιον
3115 3862 3197 3923 εἰς
3229 3859 3291 3912 τὸ
3337 3857 3648 3925 δαπανῆσαι
3677 3855 3883 3927 ῥᾳδίως

2293 3960 2401 4013 πᾶν
2420 3959 2543 4011 ὅσον
2563 3955 2743 4009 αὐτῶν
2764 3956 2939 4024 γένος.
2973 3972 2990 4004 ι
3017 3951 3163 4005 Διότι
3190 3950 3285 4004 καί⁵
3305 3950 3427 4002 οὐαὶ
3451 3949 3636 4010 αὐτοῖς
3654 3948 3830 4000 ἔστιν.
3857 3963 3876 3995 ι

2293 4049 2516 4121 Ὅμοιον
2547 4048 2622 4112 ὡς
2650 4049 2699 4100 εἰ
2731 4046 2903 4114 λέγοι,
2929 4045 3068 4098 Θεοῦ
3114 4043 3298 4104 αὐτοῖς
3335 4037 3794 4110 ὲπιρῤιπτοῦντος
3824 4036 3884 4089 τὸ

2290 4141 2433 4206 οὐαὶ,
2472 4139 2558 4203 τίς
2587 4137 2843 4193 ἐπιδώσει
2866 4138 2966 4207 τὴν
2995 4135 3294 4205 εὐθυμίαν;
3331 4133 3457 4185 Ἐὰν
3486 4132 3594 4201 γὰρ
3619 4149 3639 4182 ι
3670 4129 3882 4199 Κλείσῃ

2291 4234 2433 4287 κατὰ
2478 4228 2790 4302 ἀνθρώπου,
2824 4229 2911 4291 τίς
2962 4226 3202 4293 ἀνοίξει;
3263 4243 3284 4277 ι
3336 4222 3480 4277 κατὰ
3524 4222 3585 4274 τὸ
3630 4237 3880 4292 γεγραμ-

2296 4324 2477 4396 μένον.
3412 4330 3415 4333 ⁷

2362 4412 2523 4481 Σὰρξ
2549 4428 2668 4481 μου
2695 4410 2764 4474 ἐξ
2798 4408 3015 4463 αὐτῶν.

678 4494 918 4588 biinante
964 4529 1076 4587 Deo
1117 4540 1282 4599 atque
1321 4527 1485 4582 etiam
1530 4523 1743 4579 (licente
1783 4521 1851 4577 de
1892 4519 2184 4590 Ephraim,

2362 4509 2500 4575 Ρςν.
2555 4504 2931 4567 Ἀπειλοῦντυς
2980 4500 3139 4568 Θεοῦ,
3181 4498 3277 4552 καὶ
3324 4497 3389 4568 δὴ
3434 4496 3527 4548 καὶ
3578 4494 3880 4562 φάσκοντος

608 4629 723 4684 sive
756 4629 822 4683 de
856 4625 1001 4680 omni
1034 4622 1223 4686 Israel,
1262 4618 1522 4673 radicitus
1555 4614 1876 4685 periturum,
1916 4621 1971 4667 et
2006 4611 2189 4680 deplo-

609 4726 852 4772 raturum
882 4714 1199 4776 orbitatem,
1231 4709 1713 4774 laboraturumque
1746 4703 1944 4759 frustra
1975 4702 2028 4756 in
2060 4702 2190 4758 edu-

609 4808 825 4863 catione
849 4806 1166 4867 liberorum,
1193 4800 1430 4870 seipsum
1454 4797 1717 4867 propheta
1743 4794 1810 4849 ab
1835 4792 2039 4848 ultione
2065 4794 2192 4847 sub-

609 4896 789 4962 ducit,
815 4905 869 4951 et
901 4894 1297 4950 immunitatem
1333 4890 1402 4944 ab
1437 4889 1515 4942 ira
1552 4888 1631 4943 sic
1667 4897 1918 4958 precatur
1951 4904 1966 4940 :
2009 4904 2027 4937 ι
2051 4883 2192 4939 Caro

611 5005 730 5043 mea
758 5004 825 5043 ex
850 4987 951 5042 eis.
987 5004 1006 5037 ι
1040 4983 1277 5055 lntellige
1310 5000 1330 5033 ι
1364 4997 1430 5036 ex
1456 4980 1555 5046 eis,
1594 4998 1612 5031 ι
1648 4977 1833 5048 procul
1864 4977 1931 5029 ab
1956 4977 2053 5030 eis.
2084 4973 2191 5028 Ex-

612 5090 693 5135 tra
727 5079 869 5146 illos,
896 5077 1091 5148 inquit,
1119 5077 1287 5143 enim,
1316 5083 1372 5129 et
1401 5087 1562 5143 quam
1594 5069 1904 5140 longissime
1937 5082 2035 5136 ego
2067 5067 2189 5130 sim,

612 5182 667 5227 et
716 5186 877 5227 omne
930 5184 1099 5241 genus
1147 5182 1347 5223 meum.
1387 5162 1662 5220 Interdum
1712 5160 1857 5215 enim
1903 5158 2027 5214 huic
2073 5158 2194 5214 voci

620 5285 639 5317 ι
688 5278 837 5329 caro,
894 5280 912 5314 ι
962 5262 1175 5333 generis
1216 5272 1431 5331 quoque
1475 5256 1718 5325 subjecta
1763 5263 1848 5307 est
1890 5251 2061 5308 notio.
2102 5249 2194 5305 Sic

614 5360 760 5414 enim
786 5368 842 5412 et
867 5356 995 5412 illud
1019 5352 1194 5418 Pauli,
1219 5362 1279 5407 ut
1305 5358 1449 5406 recte
1474 5347 1677 5403 dictum
1700 5342 2046 5411 accipiemus,
2072 5354 2194 5395 cum

616 5451 807 5507 scribit
845 5467 857 5504 :
903 5467 921 5499 ι
964 5447 1211 5514 Quandiu
1252 5456 1352 5514 ego
1387 5440 1600 5509 quidem
1639 5450 1756 5490 sum
1793 5432 2034 5504 gentium
2070 5445 2197 5501 apo-

2295 4601 2423 4671 περὶ
2449 4597 2545 4651 τοῦ
2596 4596 2854 4668 Ἐφραῒμ,
2887 4596 3005 4666 ἦτοι
3042 4592 3242 4655 παντὸς
3268 4588 3361 4642 τοῦ
3405 4584 3639 4657 Ἰσραὴλ,
3671 4583 3748 4645 ὡς
3788 4583 3879 4634 καὶ

2293 4691 2569 4763 όλόρριζος
2598 4688 2899 4749 ἀπολεῖται,
2928 4686 3022 4739 καὶ
3063 4684 3322 4755 θρηνήσει
3354 4679 3456 4748 τὴν
3484 4676 3763 4738 ἀπαιδίαν,
3785 4674 3877 4728 καὶ

2297 4786 2519 4853 πονήσει
2569 4780 2747 4852 μάτην
2809 4778 2901 4832 ἐπὶ
2942 4778 3066 4839 ταῖς
3117 4775 3226 4827 τῶν
3283 4771 3490 4825 τέκνων
3522 4768 3871 4839 ἀνατροφαίς,

2297 4875 2486 4927 ἑαυτὸν
2510 4873 2539 4925 ὁ
2574 4872 2859 4944 προφήτης
2888 4867 3153 4937 ὑπεξάγει
3185 4865 3287 4935 τῆς
3316 4863 3493 4933 δίκης,
3544 4857 3647 4924 ἔξω
3692 4875 3755 4911 τε
3788 4874 3880 4925 γε·

2298 4967 2483 5022 νέσθαι
2507 4965 2607 5036 τῆς
2653 4962 2826 5035 ὀργῆς
2866 4960 3248 5031 προσεύχεται,
3281 4954 3489 5024 λέγων’
3533 4970 3554 5003 ι
3604 4948 3752 5021 Σάρξ
3781 4964 3878 5019 μου

2301 5058 2359 5124 ἐξ
2394 5056 2591 5111 αὐτῶν.
2634 5074 2653 5109 ι
2687 5045 2762 5108 Τὸ
2793 5053 2850 5106 δὲ
2882 5072 2903 5104 ι
2945 5051 3003 5118 ἐξ
3030 5049 3210 5104 αὐτῶν
3251 5066 3270 5100 ι
3310 5046 3583 5116 συνήσεις,
3626 5042 3751 5095 ἀντὶ
3788 5040 3877 5093 τοῦ

2304 5144 2524 5217 μακράν
2552 5145 2648 5197 ἀπ’
2688 5142 2889 5199 αὐτῶν.
2925 5139 3074 5204 Ἔξω
3100 5138 3208 5210 γὰρ
3250 5136 3431 5190 αὐτῶν
3465 5134 3560 5188 καὶ
3605 5133 3876 5192 ἀπατάτω,

2302 5241 2487 5310 φησιν,
2537 5238 2699 5303 αὑτός
2728 5255 2788 5291 τε
2835 5236 3094 5307 γενοίμην
3139 5231 3272 5302 ἐγὼ,
3319 5230 3414 5284 καὶ
3457 5228 3517 5281 τὸ
3566 5225 3699 5298 ὲμδν
3741 5225 3879 5278 ἆπαν

2302 5336 2476 5403 γένος.
2519 5333 2680 5406 Δηλοῖ
2712 5331 2823 5405 γὰρ
2852 5330 2962 5385 ἐσθ’
2992 5331 3081 5384 ὅτε
3115 5326 3211 5382 καὶ
3246 5325 3309 5379 τὸ
3336 5325 3493 5394 γένος
3529 5340 3549 5373 ι
3592 5322 3627 5392 ἡ
3661 5318 3815 5390 σάρξ.
3860 5335 3875 5365 ι

2317 5425 2674 5496 Ἐκδεξόμεθα
2700 5424 2809 5495 γὰρ
2834 5421 2974 5477 οὕτω
2996 5420 3090 5475 καὶ
3107 5418 3195 5474 διὰ
3221 5421 3317 5489 τῆς
3342 5415 3437 5469 τοῦ
3462 5412 3676 5468 Παῦλον
3707 5408 3880 5481 φωνῆς

689 5632 735 5663 ⁸⁸
764 5628 934 5684 Exod.
970 5642 1126 5690 mn,
1156 5625 1247 5679 26.
1324 5624 1367 5654 ⁷⁸
1395 5623 1549 5676 Deut.
1582 5632 1749 5685 χχχιι,
1774 5615 1865 5670 50.
1940 5611 1982 5643 "
2023 5610 2122 5664 lsa.
2165 5622 2297 5672 χχιι,
2328 5604 2415 5659 ‘22.

693 5809 769 5881 (ι)
794 5808 913 5861 ἰσ.
943 5798 1328 5871 διαπερῶντις.
