4068 6540
255 441 369 499 233

1183 447 1742 506 COMMENTARIUS
1782 449 1850 505 IN
1891 448 2118 508 OSEAM
2163 454 2607 514 PROPIIETAM.

3417 474 3523 531 23I

251 550 437 625 ὀρθῶς
463 552 772 629 εἰρημένον.
808 557 1059 630 Γέγραφε
1087 557 1195 630 γὰρ
1225 560 1344 613 ὡδί·
1387 581 1407 612 ι
1454 561 1569 631 Ἐφ’
1593 562 1717 617 ὅσον
1745 561 1823 633 μὲ·

1946 562 2136 631 stolas,
2161 568 2520 624 ministerium
2547 585 2725 625 meum
2754 571 3140 646 Itonorilicabo,
3166 579 3211 636 si
3236 586 3342 653 quo
3366 587 3523 649 ittodo

249 641 348 699 οὖν
395 645 507 714 ἐγώ
538 649 653 716 εἰμι
701 646 873 703 ἐθνῶν
920 649 1235 714 ἀπόστολος,
1269 650 1370 722 τὴν
1410 651 1686 707 διακονίαν
1738 670 1840 722 μου

248 734 483 803 δοξάζω,
509 739 562 791 εἴ
596 755 707 802 ιιως
758 738 1140 811 παραζηλώσω
1192 757 1293 813 μου
1337 743 1435 814 τὴν
1482 743 1684 815 σάρκα,
1748 746 1844 799 καὶ

250 822 415 879 σώσω
446 826 598 890 τινάς
624 827 683 894 ἐξ
711 829 908 882 αὐτῶν.
944 848 961 880 ι
1004 830 1167 893 Ἐθος
1198 830 1254 883 δὲ
1283 833 1396 893 τοῖς
1422 832 1597 901 ἁγίοις
1626 835 1841 905 προφή-

246 931 396 981 ταις,
440 914 568 970 ὅταν
601 914 751 971 ῖδωσι
795 918 1057 982 πολλάκις
1089 914 1239 973 δεινά
1294 921 1390 976 καὶ⁸
1417 922 1728 996 δυσφὸρητα
1774 924 1843 978 τά

246 1020 414 1060 τινων
445 1007 793 1079 ἐγκλήματα,
822 1009 1009 1063 λοιπὸν
1055 1010 1123 1063 τὰ
1154 1011 1276 1066 καθ’
1310 1014 1535 1078 ἑαυτοὺς
1565 1015 1666 1084 τῆς
1698 1016 1841 1068 ἐκεί-

248 1112 360 1149 νων
386 1096 669 1169 βδελυρίας
700 1097 1035 1170 ἀλλοτριοῦν.
1077 1102 1189 1156 Καὶ
1216 1101 1349 1172 γοῦν
1375 1104 1403 1156 ὁ
1426 1106 1714 1175 προφήτης
1746 1103 1843 1159 Ἰε-

251 1187 453 1256 ρεμίας
510 1188 782 1254 πλείστοις
838 1192 985 1257 ὅσοις
1029 1194 1352 1265 αἰτιάμασιν
1407 1197 1841 1267 ὲμπεπτωκότας

248 1278 381 1341 τοὺς
431 1279 740 1346 Ἰουδαίους,
804 1284 898 1336 καὶ
942 1284 1062 1355 Θεῷ
1106 1287 1618 1359 προσκεκρουκότας
1673 1288 1836 1360 ὁρῶν,

255 1382 277 1417 ι
300 1368 496 1439 Κύριε,
518 1372 671 1441 φησί,
696 1375 1117 1447 παντοκράτωρ,
1136 1377 1235 1430 οὐκ
1263 1378 1489 1432 ἐκάθισα
1506 1380 1563 1432 ὲν
1581 1380 1839 1451 συνεδρίῳ

245 1456 431 1512 αὐτῶν
465 1455 794 1531 παιζόντων,
848 1467 965 1519 ἀλλ’
994 1468 1348 1540 ηὐλαϐούμην
1394 1472 1501 1524 ἀπὸ
1543 1471 1837 1543 προσώπου

245 1550 431 1620 χειρός
460 1568 553 1604 σου
574 1568 587 1582 ·
639 1558 952 1626 καταμόνας
996 1559 1305 1632 ἐκαθήμην,
1334 1562 1416 1616 ὅτι
1450 1564 1680 1635 πικρίας
1744 1563 1837 1617 ὲν-

246 1639 547 1713 επλήσθην.
586 1663 605 1695 ι
637 1647 730 1698 Δεῖ
755 1646 819 1718 δὴ
861 1642 954 1703 οὖν
984 1650 1091 1721 ἄρα
1123 1652 1401 1722 θαυμάσαι
1448 1654 1539 1706 τὸν
1567 1655 1837 1725 μακάριον

248 1729 485 1795 Παῦλον,
518 1735 645 1789 ὅταν
671 1738 804 1807 ἡμῖν
835 1740 1145 1812 ἐπιστέλλῃ⁸
1179 1761 1197 1794 ι
1227 1744 1427 1797 Σαυτὸν
1460 1746 1622 1812 ἁγνὸν
1656 1747 1834 1815 τήρει,

246 1820 345 1874 καί
374 1824 450 1894 μὴ
481 1826 725 1880 κοινώνει
754 1830 1050 1901 ἁμαρτίαις
1070 1832 1401 1903 ἀλλοτρίαις.
1442 1853 1463 1889 s
1497 1836 1655 1889 Εἴποι
1697 1836 1740 1889 δ’
1770 1836 1837 1889 ἂν

1947 653 2013 710 ad
2046 658 2402 713 aemulandum
2437 673 2722 729 provocem
2760 676 2977 721 carnem
3013 684 3220 738 meam,
3257 683 3311 728 et
3345 677 3522 731 salvos

1946 747 2138 802 faciam
2180 746 2388 819 aliquos
2428 764 2492 805 ex
2535 751 2641 807 illis
2666 752 2734 807 ".
2781 766 2800 805 ι
2843 748 2959 812 Mos
2998 776 3158 828 porro
3197 770 3279 820 est
3318 768 3522 821 sanctis

1944 834 2256 908 prophetis,
2296 841 2340 894 sl
2382 852 2523 909 stepe
2563 842 2747 911 gravia
2785 852 2837 899 et
2880 838 3219 907 Intoleranda
3262 860 3520 924 quarum-

1944 929 2063 982 dam
2101 931 2305 985 sceIera
2338 930 2607 1000 viderint,
2646 934 2710 988 de
2746 945 2941 991 caetero
2974 954 3031 995 se
3065 942 3133 996 ab
3168 936 3382 1001 illorum
3418 949 3520 1002 im-

1943 1018 2178 1085 puritate
2209 1028 2264 1072 et
2301 1019 2536 1088 nequitia
2574 1019 2878 1091 seiungere.
2914 1024 3092 1091 Quare
3125 1026 3390 1086 Jeremias
3422 1032 3519 1086 Ju-

1943 1108 2085 1161 dacos
2115 1108 2165 1160 in
2198 1108 2427 1175 plurima
2460 1110 2652 1165 delicta
2686 1112 2991 1182 prolapsos,
3024 1127 3079 1171 et
3112 1118 3277 1173 Deum
3313 1123 3518 1180 laesisse

1940 1212 2188 1262 cernens,
2210 1214 2227 1249 ι
2249 1198 2473 1254 Domine
2489 1202 2848 1269 omnipotens,
2873 1220 2891 1255 ι
2910 1203 3003 1271 ait,
3026 1227 3045 1259 ι
3068 1222 3170 1262 non
3189 1213 3299 1266 sedi
3320 1214 3369 1267 in
3389 1231 3519 1271 con-

1941 1288 2065 1343 cilio
2083 1290 2401 1355 ludentium,
2420 1291 2514 1345 sed
2534 1293 2683 1345 timui
2703 1308 2730 1346 a
2752 1293 2887 1349 facie
2908 1312 3095 1353 manus
3119 1311 3249 1367 ture;
3270 1306 3516 1360 seorsum

1945 1377 2106 1449 139
2128 1372 2399 1444 sedebam,
2428 1379 2551 1447 quia
2580 1380 2943 1438 amaritudine
2970 1385 3201 1454 repletus
3226 1398 3375 1444 erant
3390 1391 3458 1446 ".
3490 1411 3509 1443 ι

1940 1469 2304 1523 Admirandus
2334 1478 2416 1523 est
2443 1468 2627 1537 itaque
2658 1471 2845 1526 beatus
2873 1472 3087 1541 Paulus,
3119 1483 3334 1547 quando
3360 1481 3515 1538 nobis

1942 1562 2010 1614 ita
2043 1559 2297 1614 mamlal:
2332 1570 2352 1611 ι
2385 1559 2461 1614 Te
2492 1562 2663 1628 ipsum
2692 1572 2899 1618 castum
2927 1569 3160 1632 Custodi,
3187 1580 3240 1624 et
3271 1580 3337 1627 ne
3362 1588 3514 1627 com-

1941 1653 2181 1705 munices
2219 1652 2453 1720 peccatis
2490 1651 2683 1707 alienis
2706 1653 2774 1707 ⁷⁸.
2817 1674 2836 1707 r
2874 1655 3063 1714 Omnis
3099 1672 3278 1716 autem
3318 1664 3514 1733 Impius

1940 1745 2004 1798 de
2031 1736 2426 1797 oII'endentibus
2454 1743 2642 1809 Deum,
2668 1752 2724 1800 et
2751 1760 2873 1801 mox
2904 1749 3188 1816 puniendis
3211 1752 3334 1824 jure
3358 1754 3512 1810 dixe-

1941 1836 2004 1889 rit
2039 1854 2052 1890 :
2091 1854 2109 1886 ι
2142 1834 2281 1889 Caro
2313 1848 2430 1888 mea
2458 1849 2523 1888 ex
2555 1836 2655 1890 eis.
2693 1852 2713 1887 ι

244 1912 478 1978 εἰκότως
530 1918 637 1980 πᾶς
688 1918 891 1990 ἀσεϐὴς
930 1922 1059 1991 περὶ
1112 1924 1223 1977 τῶν
1279 1926 1725 1998 προσκρουόντων
1756 1923 1835 1995 τῷ
1870 1920 2013 1995 Θεῷ,
2049 1925 2142 1977 καὶ
2204 1925 2327 1978 ὅσον
2388 1924 2600 1978 οὐδέπω
2632 1924 3138 1999 κολασθησομὲνων,
3178 1952 3197 1986 ι
3231 1933 3375 2005 Σάρξ
3408 1948 3509 2005 μου

242 1999 308 2065 ἐξ
336 2001 535 2055 αὐτῶν.
574 2022 591 2055 ι

330 2095 578 2165 Ἔφραῒμ
608 2096 682 2151 ὃν
696 2102 921 2167 τρόπον
951 2097 1132 2168 εἶδον,
1157 2105 1247 2191 εἰς
1265 2104 1456 2175 θήραν
1484 2106 1823 2177 παρέστησε

2003 2101 2170 2155 Vrsas.
2198 2092 2286 2153 I3.
2318 2099 2589 2169 Ephraiut,
2626 2104 2760 2158 sicut
2799 2105 2925 2171 uidi,
2958 2106 3015 2162 in
3050 2110 3336 2178 captionem
3368 2130 3509 2181 pra:-

240 2180 321 2238 τὰ
351 2185 535 2241 τέκνα
566 2190 773 2255 αὑτοῦ,
816 2194 921 2248 τοῦ
953 2180 1270 2266 ἐξαγαγεῖν
1304 2200 1393 2266 εἰς
1422 2200 1833 2262 ἁποκέντησιν

238 2274 318 2329 τὰ
354 2275 535 2331 τέκνα
574 2281 778 2336 αὐτοῦ.

316 2368 439 2421 ΡΖ’.
480 2370 766 2436 Ταλανίξει
802 2376 898 2428 καὶ
931 2374 1025 2431 νῦν
1054 2379 1082 2431 ό
1113 2379 1402 2451 προφήτης
1439 2383 1531 2435 τὸν
1568 2380 1826 2455 Ἐφραῒμ,

238 2452 363 2526 ἤτοι
387 2455 477 2510 τὸν
525 2458 759 2532 Ἰσραὴλ,
786 2464 946 2517 αὐτόν
970 2478 1028 2519 τε
1060 2470 1311 2537 γενέσθαι
1340 2473 1623 2543 παραίτιον
1651 2452 1830 2546 ἑαυτῷ

239 2562 379 2616 φησι
399 2549 496 2601 καὶ
516 2550 615 2620 τῆς
636 2552 915 2622 ἀπαιδίας,
940 2557 1033 2611 καὶ
1062 2560 1161 2629 τῆς
1185 2561 1487 2631 ἀνηκέστου
1514 2565 1821 2635 συμφορᾶς.

249 2635 345 2699 Ὠς
376 2638 486 2710 γάρ
506 2641 765 2714 τεθέαμαι
799 2647 892 2699 καὶ
912 2649 977 2701 ἐκ
1003 2648 1113 2703 τῶν
1145 2652 1252 2706 σῶν
1277 2653 1472 2722 λόγων,
1490 2645 1535 2708 ὧ
1556 2652 1824 2721 Δέσποτα,

238 2728 402 2796 φησὶ,
439 2731 531 2781 καὶ
570 2732 678 2786 ἀπό
720 2747 783 2803 γε
825 2736 933 2791 τῶν
982 2743 1323 2812 πραγμάτων
1357 2738 1557 2812 αὐτῶν,
1591 2745 1754 2811 αὐτὸς
1798 2748 1827 2801 ό

250 2816 497 2909 ΪΕφρατμ
528 2823 607 2885 εἰς
641 2823 829 2894 θήραν,
862 2829 959 2889 καὶ,
983 2830 1345 2903 ἀποκὲντησιν
1366 2834 1435 2887 τὰ
1463 2835 1657 2889 ἑαυτοῦ
1687 2855 1828 2909 παρ-

236 2905 441 2979 ἐστησε
470 2912 649 2967 τέκνα.
687 2916 798 2970 Καὶ
842 2920 942 2971 οὐκ
979 2920 1046 2974 ἂν
1087 2922 1321 2994 ἑτέρους⁸
1354 2926 1572 2996 αἰτιῷτο
1617 2905 1823 2994 λοιπὸν,

231 2996 353 3051 οὐδ’
376 2998 443 3053 ἀν
472 3002 571 3073 τῆς
598 3003 748 3069 θείας
779 3009 1171 3082 καταϐοήσειεν
1200 3016 1389 3087 ὀργῆς,
1438 3018 1486 3070 εἰ
1530 3016 1599 3071 τά
1640 3020 1825 3073 εἰκότα

235 3092 461 3179 φρονεῖν
482 3091 674 3149 ἕλοιτο.
706 3096 1018 3155 Αἰτιάσεται
1044 3103 1099 3156 δὲ
1126 3105 1326 3174 μᾶλλον
1352 3106 1450 3179 τὴν
1477 3109 1671 3163 ἑαυτοῦ
1700 3111 1825 3165 δυσ-

233 3178 465 3273 ϐουλίαν
511 3185 605 3238 καὶ
638 3187 955 3247 ἀπόστασιν.
1005 3195 1224 3268 Ἐπειδὴ
1273 3199 1381 3271 γάρ
1410 3178 1720 3273 λελύπηκεν
1759 3202 1821 3258 ού

238 3271 485 3366 μετρίως
518 3274 609 3328 τὸν
642 3278 993 3350 ὲπαμύνοντά
1039 3303 1099 3339 τε
1132 3289 1224 3341 καὶ
1259 3288 1501 3354 σώζοντα
1546 3271 1697 3362 Θεὸν,
1728 3312 1822 3366 μο-

236 3365 473 3458 νονουχὶ,
501 3369 595 3420 καὶ¹
643 3369 747 3441 ἰδίᾳ
780 3375 923 3445 χειρὶ
975 3379 1358 3449 παραδέδωκεν
1410 3384 1552 3438 ἑκὼν
1602 3388 1668 3458 τῇ
1714 3365 1821 3441 τῶν

235 3450 417 3549 ἐθνῶν
452 3456 738 3529 ἀγριότητι
774 3463 836 3514 τὸ
872 3464 1002 3519 tam
1045 3470 1289 3541 σπέρμα,
1336 3473 1432 3527 καί
1480 3450 1821 3549 παρέστησεν

232 3543 659 3634 εἷςΖάτταγωγὴν
717 3553 809 3605 καὶ
837 3557 1237 3626 αἰχμαλωσίαν.
1266 3562 1435 3615 Τοῦτο
1459 3543 1571 3634 γάρ
1601 3543 1722 3618 ἐστι,
1756 3566 1817 3618 τὸ

180 3677 185 3680 .
301 3632 384 3695 εἰς
418 3632 613 3706 θήραν,
652 3658 670 3690 ι
706 3643 798 3694 καὶ
844 3643 949 3713 μὴν
998 3646 1091 3697 καὶ
1126 3665 1145 3698 t
1191 3648 1270 3711 είς
1298 3632 1687 3722 άποκέντησιν,
1734 3673 1754 3707 r
1790 3654 1819 3709 ὅ

229 3720 355 3775 ἔστι
382 3728 619 3797 σφαγήν.
653 3729 790 3793 Τοὺς
814 3733 1034 3806 μὲνγὰρ
1064 3736 1271 3793 ἀνεῖλον
1292 3740 1341 3791 οἰ
1363 3720 1692 3796 Βαϐυλώνιοι
1713 3745 1820 3801 τῶν

174 3847 185 3856 .
241 3809 468 3882 Ἰσραήλ
488 3830 501 3843 ·
538 3816 663 3879 τοὺς
693 3817 748 3869 δὲ
781 3819 1127 3893 άπεκόμισαν
1159 3826 1239 3889 εἰς
1266 3827 1365 3897 τὴν
1393 3828 1623 3884 ἑαυτῶν.

306 3901 479 3955 Ὅταν
506 3906 683 3961 τοίνυν
712 3908 817 3979 πλη
828 3913 1121 3984 μμελῶμεν
1147 3919 1329 3987 ἡμεῖς,
1360 3920 1589 3985 ἑαυτοὺς
1619 3923 1819 3993 μᾶλλον

226 3995 594 4085 αἰτιασόμεθα
624 4001 947 4069 φρονοῦντες
979 4002 1175 4076 ὀρθῶς,
1222 4011 1317 4064 καί
1358 4012 1479 4083 ούχὶ
1502 4014 1617 4085 ,τὴν
1668 4016 1818 4071 θείαν

224 4083 427 4156 ὀργήν.
472 4086 1060 4165 Καταπεφρονήκαμεν
1102 4103 1209 4170 γάρ
1246 4101 1339 4155 τοῦ
1374 4083 1697 4175 πρέποντος,
1722 4109 1817 4162 καὶ

227 4174 373 4266 pass
382 4195 471 4247 μοι
495 4183 841 4252 γεγενήμεθα
868 4188 994 4258 περὶ
1019 4188 1079 4241 τὸ
1105 4190 1329 4246 ἁνδάνον
1356 4174 1433 4264 τῷ
1473 4194 1611 4266 Θεῷ.
1643 4198 1817 4253 Κολά-

225 4263 425 4327 ζεσθαι
467 4266 523 4320 δὲ
572 4271 786 4345 ἀνάγκη
836 4275 926 4327 τὸν
963 4272 1246 4351 ὑϐριστὴν,
1300 4263 1413 4335 καὶί
1441 4263 1671 4355 ἐξήννιον,
1723 4290 1817 4343 καὶ

228 4357 517 4427 μονονουχὶ
532 4358 758 4428 λέγοντα
788 4364 865 4435 τῷ
893 4365 1110 4419 πάντων
1129 4370 1429 4443 Δεσπότῃδά
1465 4375 1701 4431 Ἀπόστα
1719 4374 1814 4431 ἀπ’

226 4443 391 4513 ἐμοῦ,
418 4445 573 4512 ὁδούς
603 4464 698 4504 σου
732 4451 930 4508 ειδέναι
958 4457 1019 4509 ού
1056 4446 1338 4528 βούλομαι.
1380 4480 1399 4513 ι

299 4534 417 4624 θός
448 4535 654 4606 αὐτοῖς
688 4539 885 4612 Κύριε.
940 4542 1000 4600 Τί
1034 4542 1248 4616 δώσεις
1275 4553 1515 4621 αὐτοῖς;
1564 4554 1670 4624 δὸς
1710 4556 1815 4617 αὐ-

224 4620 355 4687 τοῖς
398 4624 635 4715 μήτραν
693 4629 1073 4689 ἀτεκνοῦσαν
1118 4638 1218 4691 καί
1249 4642 1524 4709 μαστοὺς
1569 4620 1814 4715 ξηξοούς.

300 4712 433 4764 PH’.
474 4712 536 4767 Εἰ
568 4712 632 4786 δὴ
670 4716 932 4786 μέλλοιεν,
980 4724 1166 4794 φησιν,
1213 4727 1315 4782 οὐκ
1357 4729 1551 4785 εἰδέναι
1600 4712 1733 4789 Θεὸν
1763 4712 1813 4791 οἰ

237 4801 491 4898 ivga-ila,
546 4805 923 4898 ἀποφέρεσθαι
969 4812 1027 4898 δε
1074 4814 1284 4898 ’μᾶλλον
1344 4818 1483 4890 πρὸς
1559 4824 1810 4898 ἀνωφελῆ

225 4891 328 4943 καὶ
367 4892 597 4961 ἀνόητον
625 4894 839 4962 ἐλπίδα,
870 4893 1079 4953 οἴεσθαί
1115 4914 1172 4955 τε
1211 4905 1297 4958 δτι·
1331 4891 1810 4979 περιέσονταιντῶν

224 4978 463 5051 ἐχθρῶν,
486 4982 575 5035 διὰ
603 4984 805 5056 πλῆθος
834 4985 1059 5055 τέκνων,
1080 4992 1175 5047 καὶ
1200 4996 1283 5048 δτι
1310 4978 1445 5052 πολὺ
1476 5005 1607 5073 παρ’
1627 5006 1811 5070 αὐτοῖς

223 5072 283 5124 τὺ
304 5073 543 5144 μάχιμον
574 5075 748 5143 γένος,
778 5076 980 5150 ταύτης
1006 5096 1064 5135 τε
1091 5081 1253 5139 ἕνεκα
1269 5086 1368 5156 τῆς
1396 5072 1573 5155 αίτίας
1599 5095 1697 5147 οὐκ
1718 5097 1808 5149 ἀν-

223 5165 455 5255 αγκαῖον
486 5164 548 5216 τὸ
568 5166 721 5236 παρά
742 5169 842 5240 τῆς
884 5168 979 5242 σῆς
996 5172 1405 5245 ὲπικουρεῖσθαι
1430 5182 1632 5254 χειρὸς,
1672 5187 1808 5255 μηδὲ

220 5253 563 5308 -τικτέτωσαν
580 5255 718 5321 ὅλως
736 5260 790 5311 αἰ
809 5258 1131 5332 παράὐτοῖς
1151 5268 1427 5332 γυναῖκες.
1464 5253 1634 5326 Τοῦτο
1649 5253 1806 5348 ἡ

222 5342 529 5399 ἀτεκνοῦσα
550 5349 884 5420 μήτρα.Κᾶν
907 5354 955 5405 εἰ
975 5354 1183 5409 τέκοιεν
1210 5358 1290 5423 δὲ,
1330 5360 1403 5433 μὴ
1436 5342 1807 5435 ἀνασιτρειρέτιιοζ

223 5436 626 5504 mummium,
669 5437 1100 5500 δαπανάσθωσαν
1129 5448 1237 5518 πρὸ
1258 5447 1423 5521 ὥρας,
1454 5455 1550 5507 καὶ
1580 5457 1708 5527 πρὶν
1726 5461 1806 5523 είς

218 5525 363 5597 ἥϐην
384 5525 563 5581 ἐλθεῖν
598 5530 847 5586 πιπτέτω
882 5534 943 5586 τὸ
993 5536 1168 5604 γένος.
1191 5525 1670 5617 Περιτεμνομένης
1698 5550 1806 5622 γὰρ

218 5616 366 5671 οὖας)
376 5616 474 5689 τῆς
489 5618 715 5694 ἐνούσης
728 5624 907 5688 αὐτοῖς
918 5625 1165 5681 ἐντεῦθεν
1181 5630 1500 5703 ὑπεροψίας,
1515 5639 1607 5691 καὶ
1624 5616 1807 5695 λοιπὸν

1930 2190 2043 2245 imit
2068 2190 2207 2259 ﬁlios
2233 2206 2383 2249 suos.
2406 2200 2462 2246 ut
2488 2194 2725 2249 educeret
2746 2194 2815 2249 ad
2837 2198 3169 2265 punctionem
3196 2201 3337 2269 ﬁlios
3362 2220 3504 2260 suos.

2002 2360 2156 2416 CVII.
2188 2360 2358 2417 Deﬂet
2385 2363 2544 2418 etiam
2578 2381 2719 2422 nunc
2747 2366 3023 2436 Ephraim,
3052 2371 3166 2427 sive
3194 2371 3358 2428 Israel
3386 2391 3509 2445 pro-

1929 2453 2113 2523 pheta,
2138 2462 2191 2506 et
2219 2453 2393 2521 ipsum
2416 2454 2517 2509 sibi
2539 2470 2757 2511 causam
2784 2459 3031 2514 attulisse
3052 2464 3312 2530 pmdicat
3331 2475 3387 2519 et
3410 2483 3506 2522 or-

1928 2543 2115 2598 bitatis
2148 2543 2403 2609 filiorum,
2432 2554 2488 2599 et
2520 2542 2846 2602 calamitatis
2878 2549 3227 2619 gravissimae.
3263 2552 3332 2609 Ut
3361 2557 3505 2610 enim

1928 2633 2036 2689 vidi
2064 2648 2131 2689 ex
2157 2635 2499 2690 sermonibus
2529 2638 2652 2702 tuis,
2679 2637 2925 2705 Domine,
2951 2640 3145 2710 inquit,
3170 2652 3224 2697 et
3247 2659 3315 2699 ex
3344 2647 3505 2702 rebus

1927 2725 2080 2795 ipsis,
2109 2726 2224 2793 ipse
2252 2724 2527 2794 Ephraim,
2553 2737 2609 2781 et
2637 2729 2934 2796 capiendos
2982 2741 3039 2786 et
3064 2734 3415 2790 trucidandos
3443 2739 3507 2791 li-

1928 2813 2029 2868 Iios
2060 2828 2187 2869 suos
2221 2814 2469 2884 praebuit,
2505 2830 2606 2870 nec
2638 2815 2774 2872 alios
2805 2816 3065 2889 deinceps
3096 2821 3374 2876 criminari
3410 2838 3505 2893 po-

1930 2904 2071 2971 terit,
2103 2919 2200 2960 nec
2235 2905 2432 2961 divinae
2465 2907 2558 2961 ira:
2595 2909 3005 2978 reclamaverit;
3040 2914 3137 2967 sed
3169 2914 3215 2967 si
3249 2929 3315 2969 ex
3348 2931 3504 2985 aquo

1925 3003 1982 3049 et
2016 2988 2164 3063 justo
2202 3010 2315 3052 rem
2354 2997 2623 3052 aestimare
2656 2998 2913 3065 voluerit,
2948 3014 3104 3056 suam
3146 3005 3327 3073 potius
3369 3007 3504 3061 insi-

1926 3085 2185 3154 pientiam
2222 3098 2277 3142 et
2314 3090 2644 3158 apostasiam
2680 3092 2982 3147 accusabit.
3020 3092 3310 3164 Postquam
3353 3098 3499 3151 enim

1923 3177 2276 3246 opitulantem
2321 3188 2378 3234 et
2421 3189 2731 3236 servantem
2782 3182 2950 3237 Deum
2998 3199 3107 3240 non
3158 3186 3504 3241 mediocriter

1923 3268 2174 3333 oﬂendit,
2212 3279 2416 3324 tantum
2452 3286 2558 3325 non
2595 3273 2757 3327 etiam
2795 3287 2957 3327 manu
2993 3288 3090 3330 sua
3125 3290 3310 3331 semen
3343 3292 3501 3332 suum

1924 3352 2144 3423 smy’itize
2172 3359 2411 3426 gentium
2437 3359 2624 3415 volens
2652 3362 3013 3427 contradidit,
3043 3374 3100 3418 et
3125 3365 3182 3418 in
3214 3366 3498 3433 captivita—

1848 3452 1895 3514 ο
1926 3456 2035 3501 tem
2065 3448 2437 3502 abducendum
2462 3450 2725 3505 exhibuit.
2753 3451 2865 3505 Hoc
2892 3454 3037 3505 enim
3066 3454 3198 3518 vult,
3233 3472 3254 3505 ‹
3290 3456 3341 3508 in
3403 3470 3503 3510 ca-

1925 3538 2189 3604 ptionem,
2229 3556 2250 3589 »
2283 3539 2416 3607 quin
2446 3548 2500 3594 et
2536 3556 2556 3591 ι
2594 3542 2660 3594 ad
2691 3541 3093 3610 punctionem,»
3128 3543 3181 3597 id
3209 3547 3385 3609 est,ad
3408 3546 3499 3613 ju-

1922 3627 2265 3697 gulationem.
2313 3630 2460 3683 Alios
2507 3630 2707 3700 quippe
2754 3632 2822 3686 de
2872 3632 3133 3690 Israelitis
3179 3636 3500 3692 occiderunt

1920 3716 2222 3789 Babylonii,
2254 3718 2391 3774 alios
2416 3733 2600 3774 secum
2631 3719 3030 3777 abstraxerunt.

1989 3899 2127 3954 Cum
2157 3899 2323 3969 igitur
2348 3901 2775 3970 peccaverimus,
2800 3902 2844 3956 si
2872 3916 2978 3957 non
3011 3904 3331 3973 desipimus,
3364 3922 3496 3963 nos-

1920 3991 2178 4059 metipsos
2216 3992 2416 4060 potius,
2453 4006 2559 4046 non
2600 3994 2736 4046 iram
2782 3991 2875 4047 Dei
2917 3994 3316 4051 damnabimus.
3348 3997 3494 4053 Con-

1920 4084 2237 4152 tempsimus
2274 4084 2420 4137 enim
2462 4082 2718 4149 oIIicium,
2755 4086 2904 4140 estin
2951 4086 3043 4140 Dei
3086 4088 3362 4144 voluntate
3397 4105 3494 4145 ex-

1918 4174 2189 4243 sequenda
2244 4188 2435 4245 segnes
2492 4174 2713 4231 fuimus.
2766 4175 3118 4246 Contemptor
3168 4189 3385 4245 autem,
3438 4192 3496 4237 et

1918 4270 2232 4330 contumax,
2259 4275 2313 4321 et
2342 4267 2732 4336 propemodum
2760 4268 2873 4322 Deo
2902 4268 3089 4324 dicens
3118 4286 3134 4324 :
3169 4285 3187 4321 ι
3222 4271 3431 4328 Recede
3460 4290 3494 4328 a

1918 4368 2024 4421 me,
2052 4356 2167 4412 vias
2196 4366 2316 4412 tuas
2344 4358 2484 4413 scire
2512 4358 2634 4414 nolo
2652 4359 2726 4425 ⁷⁸,
2761 4376 2780 4408 ι
2817 4359 3119 4428 puniendus
3147 4371 3253 4415 est.

1993 4564 2153 4620 Vens.
2186 4565 2272 4620 14.
2306 4565 2387 4619 Da
2422 4584 2517 4632 ets,
2551 4559 2790 4621 Domine.
2824 4566 2964 4632 Quid
2997 4568 3142 4623 dabis
3175 4570 3288 4624 eis?
3316 4576 3385 4626 da
3415 4574 3491 4629 eis

1915 4656 2121 4709 vulvam
2151 4655 2262 4709 sine
2286 4655 2414 4724 ﬁliis
2443 4666 2490 4710 et
2523 4656 2684 4710 ubera
2713 4657 2937 4709 arentia.

1987 4743 2168 4800 CVIII.
2196 4745 2253 4800 Si
2282 4760 2384 4801 non
2408 4746 2584 4800 seient
2606 4744 2890 4801 Dominum
2914 4740 3191 4813 Israelitae,
3216 4748 3488 4819 abripien-

1918 4842 2114 4905 turque
2140 4836 2312 4905 magis
2337 4851 2434 4906 spe
2460 4833 2637 4891 inutili
2661 4844 2715 4892 et
2739 4836 3045 4907 insipienti,
3069 4838 3490 4896 existimabunt-

1919 4942 2022 4996 qne
2047 4944 2106 4983 se
2133 4927 2373 4984 noslibus
2398 4937 2615 4997 propter
2640 4928 3035 4982 multitudinem
3068 4930 3297 4984 ﬁliorum
3326 4948 3489 5003 supe-

1918 5021 2091 5073 riores
2115 5018 2253 5080 fore,
2278 5027 2330 5073 et
2358 5035 2418 5073 se
2446 5019 2771 5073 militaribus
2795 5016 2925 5073 viris
2951 5020 3244 5086 abundare,
3271 5030 3324 5077 et
3352 5024 3490 5079 hanc

1917 5110 1985 5163 ob
2023 5124 2239 5165 causam
2281 5124 2472 5164 manus
2511 5116 2613 5162 tuae
2649 5108 2862 5163 auxiliis
2899 5125 3003 5162 non
3038 5124 3231 5179 egere,
3268 5116 3491 5169 omnino

1917 5215 1984 5253 ne
2019 5199 2231 5268 pariant
2266 5199 2519 5254 mulieres
2553 5198 2788 5262 illorum,
2820 5200 2925 5253 hoc
2957 5200 3099 5254 enim
3133 5210 3235 5263 est,
3274 5222 3290 5253 ι
3332 5205 3489 5259 vulva

1915 5290 2033 5343 sine
2061 5290 2263 5344 liberis.
2295 5309 2313 5341 ι
2344 5289 2495 5357 Quod
2526 5290 2573 5344 si
2604 5290 2932 5359 pepererint,
2961 5304 3026 5343 ne
3053 5290 3218 5356 alant,
3251 5292 3353 5347 hoc
3384 5307 3487 5352 est.

1912 5382 2266 5433 absumantur
2298 5391 2424 5435 ante
2462 5388 2693 5448 tempus,
2733 5388 2786 5433 et
2827 5380 3135 5448 priusquam
3181 5396 3350 5436 annos
3388 5400 3488 5450 pu-

1908 5466 2134 5523 bertatis
2163 5470 2424 5539 attingat,
2454 5469 2663 5524 occidat
2691 5485 2877 5540 genus.
2912 5464 3002 5524 Sic
3031 5472 3177 5525 enim
3210 5485 3485 5542 amputata

1910 5570 2016 5624 qna
2045 5558 2172 5612 hinc
2198 5568 2506 5614 tumescunt
2529 5558 2808 5628 superbia,
2836 5552 2995 5631 ιω
3019 5570 3074 5614 et
3098 5561 3307 5616 sublata
3332 5564 3485 5616 dein-

1911 5660 2038 5715 ceps
2066 5663 2159 5717 spe
2187 5649 2239 5702 in
2268 5649 2423 5719 copia
2451 5648 2589 5705 bello
2617 5649 2928 5704 idoneorum
2954 5652 3213 5719 reposita,
3240 5657 3307 5706 ad
3336 5663 3483 5712 tuam

301 5793 352 5827 ’⁸
380 5794 539 5853 Rom.
569 5815 647 5864 XI,
679 5801 766 5866 15,
797 5803 885 5859 id.
962 5806 1008 5838 '"
1042 5806 1154 5864 Jer.
1188 5828 1278 5881 xv,
1310 5818 1394 5872 t7.
1470 5819 1558 5874 “1
1586 5819 1787 5890 Tim.v,
1825 5825 1915 5882 22.
1991 5829 2037 5861 ⁷⁸
2060 5828 2159 5887 Job
2194 5847 2312 5902 nt,
2337 5832 2425 5888 I4.

540 5890 814 5956 Panos.
860 5896 979 5959 Gn.
1031 5900 1248 5966 LXXI.

3052 5936 3088 5995 8
