4068 6574
612 411 719 467 235

1679 414 1737 466 S.
1780 411 2053 469 CYRILLI
2092 408 2565 470 ALEXANDRINI
2604 408 2922 468 ARCHIEP.

3774 417 3881 473 236

611 526 995 600 indulgentiam
1026 527 1359 606 confugient,
1389 535 1445 583 et
1479 534 1531 584 te
1563 527 1898 586 Salvatorem
1931 532 2164 589 liberato

2285 533 2634 605 ἀνῃρημένης
2649 533 2747 604 τῆς
2765 533 2859 585 ἐπὶ
2874 531 2951 602 τῷ
2966 531 3157 603 πλήθει
3173 533 3280 587 τῶν
3297 534 3620 606 μαχομένων
3639 535 3875 601 ἐλπίδος,

610 635 831 690 remque
848 619 1216 675 vindicabunt.
1232 602 1358 676 Haec
1378 635 1539 689 porro
1564 637 1705 676 nunc
1725 623 1889 677 etiam
1914 638 1976 677 ex
2000 639 2184 679 amore

608 712 699 765 Dei
733 710 992 780 loquitur,
1020 720 1076 767 et
1105 711 1268 766 simul
1298 711 1509 766 Domini
1542 711 1626 767 sui
1656 712 1905 782 gloriam,
1937 723 1993 768 et
2020 714 2185 769 Israe-

607 803 823 857 litarum
858 814 1101 858 coactam
1136 803 1544 859 conversionem
1578 803 1775 873 quaerit
1839 804 1884 859 si
1918 804 2090 873 ultro,
2127 815 2184 861 et

604 909 727 949 cum
756 893 912 949 bonae
931 894 1224 951 voluntatis
1247 894 1423 951 fructu
1446 895 1682 952 converti
1707 895 1901 952 nolint.

675 1173 844 1229 Vulva
870 1182 1051 1228 autem
1074 1172 1296 1240 sterilis,
1319 1179 1374 1226 et
1399 1172 1563 1226 ubera
1588 1172 1796 1226 arentia
1822 1171 2180 1242 spiritualiter

600 1268 766 1321 etiam
807 1266 1148 1335 quadrabunt
1190 1264 1242 1318 in
1285 1261 1457 1317 malos
1496 1264 1800 1330 operarios,
1838 1271 1894 1316 et
1931 1263 2177 1332 quemvis

601 1370 897 1423 errantem,
928 1366 983 1413 et
1015 1372 1045 1412 a
1080 1366 1227 1411 recta
1258 1355 1345 1409 via
1382 1361 1531 1409 recte
1562 1353 1771 1424 ingredi
1805 1352 1997 1409 solitos
2029 1367 2181 1407 aver-

603 1460 806 1505 tentem
833 1450 918 1521 (in
948 1448 1082 1513 ﬁde,
1105 1444 1386 1517 inquam),
1413 1454 1468 1501 et
1491 1447 1543 1500 in
1567 1446 1670 1499 viis
1693 1445 1806 1501 suis
1828 1445 2033 1501 directe
2057 1459 2179 1516 pro-

598 1543 873 1596 cedentes.
919 1539 1066 1595 Nihil
1113 1539 1257 1594 enim
1308 1537 1523 1607 ingenio
1570 1534 1700 1605 ipsis
1746 1537 2025 1606 pariente,
2075 1537 2176 1592 nisi

598 1647 905 1689 sermonem
935 1631 1152 1695 falsum,
1184 1630 1285 1685 nisi
1322 1630 1597 1685 theorema
1630 1631 1896 1699 Spurium,
1926 1644 2027 1684 nec
2053 1631 2179 1684 edu-

599 1726 843 1779 caverint
872 1724 924 1777 in
955 1722 1270 1779 seductione
1298 1720 1438 1776 filios
1464 1735 1613 1787 suos,
1652 1721 1948 1775 secundum
1981 1720 2177 1775 doctri-

599 1832 723 1871 nam
768 1817 922 1883 dico;
969 1823 1023 1870 et
1041 1815 1193 1869 arida
1223 1814 1482 1869 habentes
1522 1812 1689 1867 ubera
1734 1812 1992 1868 Ecclesiae
2032 1812 2179 1867 mali-

2284 624 2384 694 τὴν
2415 623 2512 695 σὴν
2555 621 2993 694 ὑπώραμοῦνται
3039 622 3225 691 φειδὼ,
3262 623 3357 676 καί
3390 641 3449 676 σε
3490 625 3724 697 Σωτῆρα
3789 631 3881 680 καὶ

2283 713 2562 784 λυτρωτὴν
2594 714 3009 785 ἐπιγράφονται.
3054 714 3148 766 Ἐκ
3180 714 3455 782 φιλοθεῖας
3485 716 3542 768 δὲ
3579 718 3649 770 τὰ
3696 720 3877 771 τοιάδε

2282 805 2378 858 καλ⁸
2413 804 2509 858 νῦν
2551 804 2580 856 ὁ
2609 806 2893 875 προφήτης
2922 803 3105 873 φησιν.
3148 805 3237 858 Ἐν
3271 805 3457 875 ταυτῷ
3488 805 3543 858 δὲ
3582 805 3746 877 ζητεῖ
3788 809 3879 860 καὶ

2286 894 2382 947 τοῦ
2428 895 2569 948 ίδίου
2617 895 2888 947 Δεσπότου
2926 894 3025 965 τὴν
3057 894 3231 960 δόξαν,
3256 895 3352 949 καὶ
3378 893 3485 949 τῶν
3529 898 3586 961 ἐξ
3641 898 3875 967 αἵματος

2295 985 2535 1058 Ἰσραὴλ,
2564 985 2663 1057 τὴν
2689 987 2764 1049 ὼς
2786 986 2844 1051 ἐξ
2876 985 3125 1056 ἀνάγκης
3154 987 3513 1059 ἐπιστροφὴν,
3540 991 3588 1041 εί
3631 988 3713 1060 μὴ
3744 1007 3875 1059 προ-

2280 1075 2548 1145 αιρέσεως
2576 1076 2788 1145 ἀγαθῆς
2818 1076 2999 1145 έχουσι
3025 1075 3086 1128 τὸ
3115 1076 3304 1147 χρῆμα
3339 1078 3569 1147 καρπόν.

2366 1165 2687 1219 Ἀτεκνοῦσα
2727 1166 2784 1219 δὲ
2832 1168 3036 1237 μήτρα,
3100 1168 3194 1221 καὶ
3247 1169 3444 1237 μαστοὶ
3502 1168 3679 1241 ξηροὶ,
3735 1170 3873 1241 πρέ-

2285 1274 2438 1310 ποιεν
2465 1255 2532 1309 ἂν
2555 1256 2763 1326 νοητῶς
2793 1257 2886 1311 κοιλ⁵
2911 1259 3024 1320 τοῖς
3072 1257 3180 1311 τῶν
3215 1258 3434 1326 φαύλων
3464 1261 3752 1330 ἐργάταις,
3782 1262 3873 1314 καὶ

2280 1345 2444 1399 παντὶ
2486 1344 2779 1410 πλανῶντι,
2830 1346 2923 1398 καὶ
2971 1345 3301 1417 ἀποφέροντι
3349 1346 3450 1416 τῆς
3494 1349 3718 1413 εὐθείας
3753 1350 3870 1402 ὁδοῦ

2277 1436 2402 1500 τοὺς
2456 1436 2770 1507 ὀρθοποδεῖν
2809 1437 3091 1501 εἰωθότας,
3138 1439 3196 1489 ὲν
3226 1439 3405 1492 πίστει
3458 1440 3543 1510 δὴ,
3575 1440 3749 1508 λέγω,
3781 1442 3872 1493 καὶ

2278 1525 2709 1591 κατευθύνοντας
2739 1527 2797 1579 ὲν
2818 1530 2936 1590 ταῖς
2957 1527 3098 1591 ὁδοῖς
3125 1528 3324 1582 αὐτῶν.
3348 1530 3513 1582 Οὐδὲν
3547 1531 3653 1601 γὰρ
3686 1531 3871 1595 αὐτοῖς

2276 1618 2568 1689 τικτούσης
2599 1619 2698 1690 τῆς
2724 1620 2982 1685 διανοίας,
3012 1621 3073 1672 οὐ
3103 1621 3261 1690 λόγον
3289 1620 3479 1692 ψευδῆ,
3510 1622 3568 1673 οὐ
3601 1621 3871 1693 θεώρημα

2276 1710 2449 1775 νόθον,
2488 1710 2598 1764 οὐδ’
2628 1710 2695 1764 ἂν
2737 1710 3059 1782 ὲκθρέψειαν
3106 1713 3164 1764 ἐν
3204 1710 3379 1783 πλάνῃ
3427 1712 3497 1765 τά
3525 1712 3629 1765 ἴδια
3678 1715 3866 1777 τέκνα,

2276 1800 2345 1855 τὰ
2378 1800 2523 1854 κατὰ
2548 1801 2784 1870 μάθησιν
2812 1799 2978 1869 λέγω,
3006 1802 3102 1854 καὶ
3133 1802 3329 1873 ξηροὺς
3357 1802 3574 1872 ἔχουσαι
3601 1805 3737 1866 τοὺς
3770 1822 3869 1874 μα-

2197 1903 2243 1959 B
2272 1892 2430 1951 στοὺς
2478 1891 2539 1941 αἱ
2582 1888 2692 1941 τῶν
2736 1891 3189 1960 πονηρευομένων
3249 1891 3588 1961 Ἐκκλησίαι,
3638 1895 3751 1947 οὐκ
3802 1895 3865 1947 ἂν

2269 1979 2510 2048 γένοιντο
2544 1978 2781 2049 μητέρες
2811 1978 2922 2032 τῶν
2955 1979 3346 2051 ἠπατημένων.

666 2082 827 2139 Vens.
864 2081 953 2137 £5.
987 2080 1179 2135 Omnes
1212 2079 1459 2148 nequitia:
1490 2094 1672 2132 eorum
1707 2078 1762 2132 in
1796 2076 2007 2147 Galgal,
2041 2079 2164 2148 quia

2338 2068 2537 2123 Πᾶσαι
2589 2072 2650 2123 αι
2695 2070 2896 2123 κακίαι
2924 2070 3125 2125 αὐτῶν
3173 2072 3244 2125 ἐν
3294 2073 3565 2140 Γαλτὰλ,
3608 2073 3706 2127 ὅτι
3745 2074 3870 2128 ἐκεῖ

591 2175 665 2227 ibi
690 2173 779 2226 odi
804 2186 912 2235 eos,
944 2178 1157 2239 propter
1177 2168 1410 2222 malitias
1436 2167 1862 2221 adinventionum
1888 2183 2089 2222 eorum.
2121 2168 2164 2223 E

2267 2159 2534 2227 ἐμίσησα
2562 2161 2806 2227 αὐτοὺς,
2840 2160 2940 2215 διὰ
2985 2161 3092 2226 τὰς
3131 2162 3346 2228 κακίας
3388 2162 3509 2215 τῶν
3550 2165 3863 2231 ἐπιτηδευ-

590 2266 747 2315 domo
775 2275 893 2314 mea
919 2259 1130 2330 ejiciam
1161 2275 1269 2325 eos,
1300 2275 1402 2313 non
1433 2259 1627 2312 addam
1657 2258 1879 2329 diligere
1904 2277 2011 2314 eos.

2263 2249 2489 2319 μάτων.
2527 2252 2629 2305 Ἐκ
2655 2252 2763 2305 τοῦ
2786 2253 2956 2306 οἴκου
2982 2271 3103 2322 μου
3131 2253 3366 2307 ἐκϐαλῶ
3393 2256 3637 2323 αὐτοὺς,
3675 2260 3753 2313 οὐ
3774 2262 3859 2327 μὴ

2268 2343 2599 2411 προσθήσω
2627 2342 2938 2413 ἀγαπῆσαι
2972 2346 3215 2412 αὐτούς.

660 2439 796 2496 CIX.
834 2438 1032 2510 Incipit
1072 2452 1291 2493 rursum
1339 2437 1714 2493 universorum
1759 2439 1899 2493 Deus
1934 2454 2163 2497 enume.

2345 2434 2462 2488 PG’.
2508 2436 2768 2506 Ἀρχεται
2799 2436 2962 2490 πάλιν
2990 2437 3019 2490 ὁ
3044 2436 3153 2491 τῶν
3196 2438 3331 2491 δλων
3361 2438 3494 2504 Θεὸς
3524 2440 3859 2512 ἀπαριθμεῖ-

588 2548 712 2588 rare
743 2533 1008 2596 crimina,
1036 2542 1091 2586 et
1122 2529 1366 2584 meminit
1399 2528 1605 2597 Galgal.
1632 2528 1795 2585 Urbis
1826 2536 2020 2585 nomen
2052 2541 2163 2599 est,

2270 2520 2392 2575 σθαι
2436 2524 2505 2577 τὰ
2549 2524 2889 2596 ἐγκλήματα,
2933 2526 3025 2580 καὶ
3064 2526 3435 2598 διαμέμνηται
3481 2530 3580 2601 τῆς
3620 2529 3857 2597 Γαλγάλ.

588 2625 642 2677 in
670 2638 774 2692 qua
799 2623 1151 2676 vehementer
1170 2620 1459 2688 imprimis,
1481 2629 1536 2674 et
1562 2619 1842 2674 infandum
1868 2622 1920 2674 in
1945 2623 2163 2678 modum

2269 2610 2432 2675 Πόλις
2462 2611 2519 2665 δὲ
2549 2610 2710 2683 αὕτη,
2753 2613 2875 2667 καθ’
2906 2615 2973 2685 ήν
3004 2615 3086 2667 ὅτι
3122 2615 3357 2684 μάλιστα
3385 2616 3576 2680 δεινῶς
3630 2618 3730 2670 καὶ
3771 2619 3861 2671 ὲκ·

587 2712 956 2782 superstitiosi
980 2719 1277 2767 statuarum
1300 2710 1481 2764 cultus
1497 2711 1767 2779 vigebant.
1792 2711 1965 2767 Habet
1984 2723 2162 2770 autem

2267 2702 2447 2765 τόπως
2482 2702 2846 2774 ὲθρησκεύετο
2888 2705 2957 2757 τὰ
2982 2706 3343 2777 χειρόκμητα.
3392 2708 3551 2761 Ἔστι
3574 2708 3633 2761 δὲ
3672 2709 3703 2761 ὃ
3727 2726 3858 2779 φησι

587 2804 732 2874 quod
768 2802 899 2859 dicit
940 2803 1079 2857 hanc
1118 2803 1459 2857 sententiam.
1498 2802 1777 2870 Flagitiosi
1818 2818 1923 2858 non
1963 2820 2072 2860 uno
2110 2807 2163 2860 in

2266 2793 2508 2850 τοιοῦτόν
2540 2813 2594 2848 τι
2623 2795 2806 2849 πάλιν.
2849 2795 3099 2868 Βδελυρὼ
3149 2798 3250 2869 μὲν
3293 2797 3404 2870 γὰρ
3450 2799 3593 2853 κατὰ
3626 2801 3859 2866 πολλοὺς

587 2910 789 2967 genere
820 2893 1079 2949 lsraelitae
1112 2895 1346 2948 fuerunt.
1382 2893 1459 2947 Ac
1488 2893 1671 2948 videre
1709 2894 1852 2958 licet,
1883 2910 2044 2965 quam
2082 2897 2164 2951 in-

2266 2883 2501 2955 τρόπους
2528 2887 2575 2940 oi
2620 2888 2680 2953 ἐξ
2718 2889 2955 2959 Ἰσραήλ.
2995 2889 3122 2942 Ἰδοι
3160 2890 3299 2944 δ’ᾶν
3346 2909 3432 2955 τις
3477 2892 3581 2962 τῆς
3630 2894 3857 2963 ἐνούσης

585 2989 820 3058 signiter
843 2988 1071 3055 improbi
1098 2987 1298 3041 fuerint
1319 2989 1364 3043 si
1392 2986 1581 3057 Galgal
1602 2988 1824 3058 cogites.
1848 2988 1923 3043 lbi
1947 3004 2163 3045 omnem

2267 2977 2450 3040 αὐτοῖς
2497 2978 2830 3049 φαυλότητος
2875 2979 2975 3050 τὴν
3023 2981 3350 3053 ὑπερϐολὴν,
3395 2984 3731 3055 ὲννενοηκὼς
3759 2987 3857 3056 τὴν

585 3096 775 3137 eorum
801 3079 909 3134 vidi
939 3078 1256 3147 nequitiam,
1286 3078 1358 3132 ibi
1387 3079 1475 3132 odi
1501 3094 1616 3133 eos.
1642 3078 1757 3132 Non
1789 3081 2007 3148 quidem
2035 3096 2163 3151 pro-

2266 3065 2477 3135 Γαλγάλ
2507 3066 2689 3120 ,Ἐκεῖ
2730 3070 2910 3121 πᾶσαν
2950 3069 3129 3123 αὐτῶν
3180 3068 3445 3141 τεθέαμαι
3490 3072 3590 3143 τὴν
3635 3073 3852 3136 κακίαν,

583 3183 708 3243 pter
737 3172 945 3238 locum,
978 3177 1124 3225 esset
1154 3172 1295 3224 enim
1332 3169 1382 3222 id
1418 3168 1823 3237 imprudentiae;
1858 3172 1951 3225 sed
1985 3173 2162 3241 potius

2266 3157 2384 3209 ἐκεῖ
2421 3157 2702 3228 μεμίσηκα
2732 3160 2948 3222 αὐτούς.
2981 3161 3053 3214 Οὐ
3096 3160 3184 3215 διά
3216 3178 3279 3229 γε
3310 3163 3401 3215 τὸν
3434 3164 3618 3229 τόπον,
3661 3165 3856 3237 εὔηθες

584 3227 640 3319 in
670 3278 735 3318 eo
763 3227 1075 3331 perpetrata
1104 3268 1230 3314 ante
1259 3258 1445 3314 oculos
1472 3260 1833 3314 constituens.
1857 3262 1948 3315 Ait
1975 3227 2158 3332 igitur.

2264 3247 2392 3317 γὰρ,
2443 3227 2798 3320 καθεστηκὼς
2833 3250 2889 3303 δὲ
2939 3251 3139 3321 μᾶλλον
3170 3227 3241 3305 τά
3284 3254 3342 3305 ὲν
3376 3254 3525 3326 αὑτῷ
3567 3227 3850 3324 γεγονότῷ

589 3370 612 3405 ι
639 3350 904 3421 expellam
932 3364 1029 3405 eos
1054 3348 1216 3404 domo
1242 3363 1381 3415 mea,
1412 3367 1431 3399 ι
1459 3358 1514 3404 et
1540 3350 1737 3404 arcebo
1760 3350 1830 3405 ab
1855 3352 1995 3405 atrio
2018 3366 2159 3415 meo,

2263 3338 2576 3409 Τοιγάρτοι,
2635 3342 2824 3410 φησὶν,
2855 3341 3074 3407 ἐξοικιῶ
3127 3345 3228 3414 μὲν
3278 3345 3498 3409 αὐτοὺς,
3531 3347 3627 3399 καὶ
3680 3348 3854 3418 αὐλῆς

580 3454 638 3498 et
674 3441 1042 3496 familiaritate
1078 3455 1194 3494 mea
1230 3438 1535 3493 excludam.
1568 3440 1702 3493 Cum
1737 3451 1917 3496 autem
1952 3442 2160 3497 oderim

2263 3430 2591 3501 ἀποσοϐήσω
2616 3431 2718 3502 τῆς
2754 3434 2912 3504 ἐμῆς,
2955 3436 3049 3488 καὶ
3091 3436 3425 3507 οἰκειότητος
3452 3438 3689 3492 ἐκϐαλῶ.
3742 3441 3852 3492 Με-

596 1905 908 1976 gnantium,
938 1904 1285 1974 deceptorum
1318 1911 1519 1957 matres
1544 1903 1664 1957 fieri
1699 1914 1986 1972 nequeant.

582 3534 703 3589 illos
723 3534 892 3604 juste,
920 3531 1134 3585 instabo
1159 3530 1227 3585 de
1252 3538 1473 3596 caetero,
1503 3544 1603 3584 nec
1631 3531 1880 3585 mutabor
1904 3531 2159 3599 amplius,

583 3635 641 3678 ut
670 3623 830 3680 velim
864 3636 959 3677 eos
993 3635 1230 3686 unquam
1264 3618 1487 3688 diligere
1522 3618 1685 3671 tantis
1718 3618 2012 3673 sceleribus
2043 3619 2160 3672 alli-

582 3723 757 3785 gatos.
782 3711 1045 3769 Occurret
1072 3708 1288 3779 aliquis,
1317 3709 1512 3778 opinor
1542 3725 1555 3761 :
1588 3708 1867 3774 Quomodo
1898 3708 2064 3778 igitur
2091 3724 2158 3763 ex

580 3803 803 3875 Assyria
835 3800 1053 3856 reduxit
1078 3813 1194 3863 eos,
1215 3808 1308 3852 aut
1335 3801 1603 3867 quomodo
1627 3813 1659 3851 e
1684 3799 1995 3867 captivitate
2024 3798 2155 3853 libe-

580 3894 764 3949 ravit?
791 3892 875 3948 An
904 3906 1009 3946 non
1042 3890 1223 3945 mitior
1249 3890 1445 3956 factus,
1473 3900 1529 3945 et
1561 3890 1909 3958 indulgentia,
1942 3899 1999 3946 et
2027 3891 2157 3945 cha-

580 3984 744 4038 ritate
771 3995 867 4036 eos
894 3979 1145 4049 dignatus
1171 3977 1291 4033 est?
1320 3976 1440 4033 Non
1468 3979 1777 4047 negaverim
1805 3987 1860 4033 et
1886 3992 1987 4049 ego
2017 3979 2157 4035 istuc

580 4075 657 4129 ita
689 4086 829 4127 esse.
860 4068 1289 4125 Misericordiam
1323 4067 1469 4123 enim
1503 4081 1569 4122 ex
1608 4068 1936 4138 benignitate
1965 4083 2157 4124 conse-

578 4165 690 4219 cuti
713 4170 857 4227 snnt,
876 4161 1051 4216 hocin
1073 4159 1322 4215 confesso
1343 4169 1447 4216 est.
1466 4157 1573 4213 Sed
1598 4159 1653 4213 hi
1675 4159 1742 4214 de
1760 4159 1958 4229 quibus
1976 4174 2155 4215 sermo

577 4264 682 4318 est,
709 4251 962 4306 abierunt
989 4250 1044 4304 in
1070 4248 1464 4319 captivitatem,
1491 4256 1546 4303 et
1571 4247 1733 4319 longo
1762 4251 1884 4319 post
1912 4258 2155 4319 tempore

580 4346 633 4398 in
657 4355 817 4413 paena
839 4342 1003 4395 vitam
1027 4339 1303 4395 ﬁnierunt.
1324 4339 1390 4393 Et
1408 4339 1862 4408 quemadmodum
1885 4354 2006 4395 cum
2030 4352 2154 4409 pro-

578 4434 814 4490 misisset
826 4447 919 4501 per
930 4426 1147 4502 Moysen
1165 4432 1215 4483 in
1229 4428 1462 4499 Acgypto
1474 4429 1749 4498 Israelitis,
1764 4432 2078 4486 educturum
2092 4447 2151 4486 se

2265 3522 2515 3591 μισηκὼς
2538 3522 2595 3575 δὲ
2618 3523 2863 3589 δικαίως,
2910 3528 3241 3597 ὲνστήσομαί
3271 3544 3333 3580 τε
3373 3527 3581 3593 λοιπὸν,
3617 3532 3717 3583 καὶ
3750 3532 3848 3584 οὐκ

2260 3609 2328 3663 ἃν
2381 3610 2718 3682 μεταθοίμην
2761 3613 2843 3665 ἔτι
2893 3615 3031 3684 πρὸς
3078 3617 3138 3668 τὸ
3184 3619 3410 3688 ἀγαπᾷν
3458 3619 3675 3672 ἑλέσθαι
3722 3620 3851 3675 ποτὲ

2257 3701 2385 3764 τοὺς
2431 3700 2501 3754 τὰ
2549 3701 2729 3755 τοιάδε
2759 3704 3314 3776 πεπλημμεληκότας.
3335 3709 3503 3773 Ἀλλ’,
3536 3702 3716 3780 οἶμαι.
3770 3713 3850 3774 τις

2258 3793 2408 3862 sps!"
2446 3790 2592 3859 Πῶς,
2615 3788 2709 3846 οὖν
2744 3794 3068 3865 ἀνεκόμισεν
3108 3798 3187 3859 είς
3212 3797 3312 3868 τὴν
3365 3799 3627 3853 Ἰουδαίαν
3657 3801 3725 3854 ἐκ
3753 3800 3850 3872 τῆς

2271 3882 2571 3954 Ἀσσυρίων
2597 3884 2814 3948 αὐτοὺς,
2843 3885 2875 3955 ἢ
2928 3885 3046 3950 πῶς
3078 3888 3251 3958 ἀνῆκε
3287 3888 3389 3957 τῆς
3428 3891 3845 3960 αἰχμαλωσίας;

2255 3966 2380 4043 τΔρ’
2407 3974 2528 4044 οὐχὶ
2577 3974 3029 4046 μετατεθειμένος
3080 3979 3160 4040 είς
3207 3979 3547 4051 ήμερότητα,
3596 3981 3695 4034 καὶ
3724 4000 3844 4052 epat—

2255 4061 2400 4127 δοῦς,
2453 4062 2569 4118 καὶ⁸
2597 4065 2818 4136 ἀγάπης
2861 4065 3103 4131 ἀξιώσας
3145 4068 3378 4135 αὑτούς;
3435 4071 3545 4125 Ναὶ
3580 4073 3752 4143 φαξην
3779 4074 3846 4127 ἂν

2254 4152 2429 4223 ἀληθῆ
2476 4154 2570 4207 καὶ
2593 4155 2758 4220 αὐτὸς
2794 4155 2888 4211 τὸν
2930 4156 3108 4226 λόγον.
3146 4159 3433 4231 Ἦλέηνται
3474 4162 3583 4233 γὰρ
3616 4163 3680 4227 ἐξ
3710 4166 3845 4235 ήμε-

2258 4240 2499 4312 ρότητος,
2522 4240 2988 4313 ὁμολογουμένως.
3030 4244 3171 4299 Ἀλλ’
3214 4247 3331 4316 οἴγε
3367 4248 3490 4302 καθ’
3512 4243 3588 4303 ὧν
3613 4253 3644 4304 ό
3686 4250 3843 4320 λόγος

2253 4334 2537 4405 άπῴχοντο
2592 4335 2691 4404 μὲν
2740 4335 2820 4398 είς
2868 4336 3270 4406 αἰχμαλωσίαν,
3321 4339 3618 4411 τεθνήκασι
3664 4343 3725 4396 δὲ
3774 4347 3838 4415 τῇ

2251 4418 2414 4491 δίκῃ,
2465 4417 2659 4490 χρόνου
2710 4420 2919 4492 μαχροῦ
2983 4423 3421 4492 διῖππεύσαντος.
3476 4430 3587 4483 Καὶ
3648 4430 3839 4503 ὥσπερ

576 4538 768 4579 omnes
785 4524 837 4577 in
856 4531 1078 4584 terram,
1094 4534 1255 4588 quam
1267 4520 1972 4589 jurassetpatribuseorum,
1990 4520 2144 4592 141

2263 4510 2617 4579 ἐπηγγέλλετο
2665 4511 2764 4581 μὲν
2795 4511 2885 4565 διὰ
2921 4514 3167 4579 Μωσέως
3222 4519 3365 4570 κατὰ
3410 4519 3509 4590 τήν
3562 4522 3837 4588 Αιγυπτον

576 4609 792 4679 quidam
823 4618 1000 4662 tamen
1031 4606 1178 4675 impii
1210 4621 1333 4661 sese
1360 4605 1585 4663 rebelles
1613 4610 1978 4678 praebuerunt,
2011 4624 2150 4678 quo-

2249 4602 2362 4664 τοῖς
2386 4601 2620 4671 Ἰσραὴλ,
2644 4602 2879 4667 εἰσάξειν
2901 4603 3147 4668 ἅπαντας
3168 4607 3249 4668 είς
3270 4608 3369 4677 τὴν
3396 4609 3522 4679 γῆν,
3558 4612 3624 4681 ἣν
3651 4610 3834 4682 ὤμοσε

575 4715 696 4754 rum
725 4700 888 4755 etiam
915 4712 1147 4767 corpora
1176 4698 1229 4751 in
1256 4697 1545 4754 solitudine
1569 4701 1904 4764 ceciderunt,
1926 4712 1981 4756 et
2008 4711 2149 4755 terra

2263 4695 2359 4756 τοῖς
2388 4692 2658 4763 πατράσιν
2679 4692 2881 4756 αὐτῶν,
2911 4694 3011 4747 οὐκ
3039 4695 3319 4767 ἠσέϐησαν
3342 4698 3401 4751 δὲ
3433 4700 3835 4772 άπειθήσαντές

576 4791 815 4858 ipsorum
855 4787 981 4843 [iliis
1015 4789 1192 4859 potius
1226 4800 1373 4844 sorte
1406 4789 1692 4846 distributa
1726 4801 1836 4859 est;
1872 4792 1952 4847 sic
1982 4792 2147 4847 etiam

2263 4800 2409 4849 τινες,
2451 4777 2526 4837 ὧν
2573 4784 2671 4838 κα)⁵
2717 4783 2788 4836 τὰ
2838 4783 2989 4839 κῶλα
3035 4784 3229 4839 ἔπεσον
3257 4788 3316 4840 ὲν
3346 4792 3414 4860 τῇ
3449 4791 3663 4862 ἐρήμῳ,
3706 4812 3834 4848 κατ.

574 4880 665 4935 hic
686 4879 980 4949 intelliges.
1002 4878 1198 4934 Μοτιυί
1223 4888 1351 4934 sunt
1373 4880 1517 4935 enim
1540 4881 1607 4936 de
1629 4882 1823 4952 quibus
1847 4882 2145 4952 loquimur;

575 4970 778 5024 reversi
820 4978 949 5023 sunt
994 4978 1173 5023 autem
1216 4969 1433 5037 quidam
1477 4971 1769 5041 aliquando
1812 4973 1866 5027 in
1905 4972 2144 5028 Judaeam

572 5057 715 5128 Cyro
756 5058 969 5113 tandem
1012 5059 1346 5126 demittente,
1386 5060 1475 5115 ubi
1519 5076 1720 5117 annum
1763 5062 1819 5118 in
1860 5063 2145 5133 peregrina

574 5149 764 5206 tellure
787 5148 1244 5219 septuagesimum
1270 5149 1689 5219 complevissent
1709 5152 1775 5207 "°.

643 5402 941 5473 Ejicientur
968 5412 1148 5460 autem
1191 5417 1222 5460 e
1266 5404 1426 5462 domo
1453 5405 1570 5472 Dei,
1617 5408 1701 5465 vel
1748 5410 1932 5479 potius
1977 5412 2137 5482 ejecti

2245 4873 2644 4945 εκληροδοτήθη
2674 4875 2731 4929 δὲ
2764 4875 2963 4944 μᾶλλον
2985 4877 3021 4947 ή
3049 4876 3120 4946 γῆ
3149 4879 3262 4941 τοῖς
3293 4878 3353 4945 ἐξ
3393 4881 3575 4935 αὐτῶν
3612 4886 3832 4953 γεγονό-

2252 4980 2371 5018 σινο
2400 4964 2543 5018 οὕτω
2576 4964 2807 5019 κάνθάδε
2837 4968 3071 5036 νοήσεις.
3111 4967 3542 5041 Τετελευτήκασι
3587 4974 3688 5043 μὲν
3724 4976 3830 5046 γὰρ

2249 5057 2298 5109 ol
2328 5054 2449 5109 καθ’
2480 5049 2557 5110 ὧν
2594 5057 2624 5108 ό
2651 5056 2831 5125 λόγος,
2865 5057 3237 5129 ὑπινόστησαν
3272 5059 3329 5113 δὲ
3356 5062 3499 5115 κατὰ
3530 5068 3759 5135 καιροὺς
3781 5070 3828 5120 oi

2247 5145 2306 5211 ἐξ
2333 5145 2511 5199 αὐτῶν
2540 5148 2621 5210 είς
2645 5148 2742 5217 τὴν
2782 5147 3250 5220 ἰουδαίαν,Κύρου
3285 5151 3440 5220 μόλις
3476 5154 3717 5221 ἀνέντος,
3740 5160 3826 5212 ὅτε

2244 5235 2306 5288 τὸ
2327 5235 2722 5307 ἑϐδομηκοστὸν
2740 5236 2858 5301 ἔτος
2883 5238 3064 5303 αὐτοῖς,
3091 5241 3438 5313 πεπλήρωτο,
3461 5244 3825 5317 διατρίϐουσιν

2246 5324 2517 5380 ἀλλοδαπῆ
2528 5367 2541 5380 .

2342 5328 2439 5378 ,οδα
2528 5367 2541 5380 .
3857 5372 3865 5393 ι

2342 5328 2783 5484 Εκϐτλῇιθήσονται
2808 5413 2865 5467 δὲ
2886 5415 2983 5469 τοῦ
3022 5415 3171 5471 οἴκου
3201 5418 3295 5472 τοῦ
3321 5420 3486 5487 Θεοῦ,
3532 5426 3735 5495 μᾶλλον
3764 5427 3819 5480 δὲ

570 5503 715 5562 sunt,
750 5493 914 5548 etiam
956 5497 1047 5563 qui
1089 5500 1279 5550 contra
1312 5496 1583 5552 Christum
1633 5500 1871 5571 indigna,
1928 5511 1985 5557 et
2016 5518 2137 5573 quae

2263 5500 2339 5557 ιαὶ
2366 5498 2743 5573 ὲκϐέϐληνται,
2783 5505 2877 5558 καὶ
2908 5507 2959 5558 οἱ
2989 5508 3133 5562 κατὰ
3173 5510 3412 5581 Χριστοῦ
3450 5493 3817 5587 τολμήσαντες
3852 5553 3864 5589 ξ

569 5582 750 5638 verbis
775 5582 1007 5652 exprimi
1054 5583 1191 5638 satis
1240 5598 1345 5639 non
1399 5597 1644 5655 possunt,
1690 5588 1853 5660 impia
1890 5590 2134 5649 facinora

2263 5592 2311 5647 ιὰ
2349 5593 2518 5661 δεινὰ,
2550 5593 2643 5649 καὶ
2675 5594 2818 5665 πέρα
2858 5594 3018 5663 λόγου
3044 5597 3245 5663 παντδέ
3284 5582 3697 5675 δυσσεσήιὶαέαὲ
3724 5602 3819 5659 καὶ

639 5757 689 5794 ’⁸
717 5761 737 5812 ι
765 5758 923 5815 Esdr.
954 5774 996 5826 ι,
1026 5758 1247 5829 passim.
