4068 6538
221 430 330 486 957

1155 420 1701 478 COMMENTARIUS
1735 421 1800 475 IN
1843 421 2074 478 OSEAM
2116 419 2554 478 PROPHETAM.

3375 412 3479 465 253

221 543 274 595 οε
329 540 533 610 πικρὰν
583 537 678 590 καὶ
725 535 1080 604 παλίμφημον
1116 535 1202 586 ἐπ’
1234 535 1383 604 αὐτῷ
1413 535 1512 606 τὴν
1558 536 1802 604 γλῶτταν

1911 538 2025 592 ausi
2052 545 2200 598 sunt,
2225 535 2316 604 qui
2357 544 2598 587 amaram
2630 536 2687 583 et
2723 527 3106 586 detractoriam
3151 526 3390 596 linguam
3429 529 3482 580 in

223 633 470 694 ἀνέντες,
511 627 839 698 ὑπομενοῦσι
886 627 942 678 δὲ
975 627 1068 679 καὶ
1109 625 1461 696 ἀμεταθέτως
1489 627 1588 698 τὴν
1618 627 1810 698 ὀργήν.

223 724 306 776 Oi»
339 722 450 793 γάρ
478 721 557 783 εἰς
594 719 690 772 ἕνα
720 718 830 772 τῶν
859 716 1175 788 προφητῶν,
1219 717 1336 769 ἀλλ’
1375 720 1455 780 είς
1505 718 1667 770 αὐτὸν
1715 735 1814 770 πε-

225 811 647 884 παροινηκότες,
687 809 1000 863 ἁλίσκονται
1027 807 1119 860 τὸν
1137 808 1244 860 τῶν
1275 807 1573 880 προφητῶν
1604 809 1812 861 Δεσπό-

223 923 350 976 την.
382 903 764 972 Σεσιγημένων
796 901 860 970 δὴ
889 895 983 952 οὖν
1027 899 1136 952 τῶν
1179 900 1378 970 ἐτέρων
1409 899 1814 970 πλημμελημά-

225 1015 362 1058 των,
403 996 442 1051 ἃ
489 994 782 1065 δεδράκασι
817 991 955 1046 κατά
987 993 1128 1060 σφᾶς
1158 993 1374 1055 αὐτοὺς,
1416 993 1594 1044 πᾶσαν
1631 991 1696 1044 ἄν
1729 1009 1812 1054 τις

226 1087 409 1140 αὐτῶν
468 1086 566 1156 τὴν
622 1084 820 1138 κακίαν
874 1082 971 1135 ἴδοι
1022 1082 1117 1135 καὶ
1170 1080 1267 1150 τὴν
1318 1081 1418 1150 τῆς
1480 1080 1813 1151 φαυλότητος

229 1177 561 1248 ὑπερϐολὴν,
583 1175 676 1227 καὶ
700 1174 775 1236 ὡς
796 1173 852 1226 ἐν
875 1190 939 1241 γε
965 1174 1029 1243 δὴ
1058 1173 1240 1244 μόνοις
1267 1175 1378 1235 τοῖς
1404 1173 1543 1226 κατά
1575 1172 1811 1226 Χοιστοῦ

227 1269 535 1336 γεγονόσιν.

302 1395 532 1468 Πάντες
565 1403 619 1456 οι
653 1401 941 1470 ἄρχοντες
977 1399 1173 1453 αὐτῶν
1202 1399 1607 1465 ἀπειθοῦντες.
1652 1389 1813 1455 Ἐπό-

227 1507 419 1546 νεσεν
461 1494 708 1562 Ἐφρατμ
733 1494 841 1558 τὰς
862 1490 1028 1559 ῥίζας
1069 1491 1275 1554 αὐτοῦ,
1316 1491 1639 1559 ἐξηράνθη,
1670 1511 1811 1562 καρ-

229 1583 352 1636 πὸν
371 1585 484 1636 οὐκ
505 1585 592 1638 ἔτι
610 1582 696 1652 μὴ
715 1583 952 1652 ἐνέγκῃ.
973 1584 1125 1636 Διότι
1157 1581 1255 1635 καὶ
1272 1582 1380 1635 ἐὰν
1406 1583 1806 1650 γεννηὶσωσιν,

229 1673 542 1726 ἀποκτενῶ
573 1672 646 1724 τὰ
679 1659 1094 1739 ἐπιθυμήματα
1129 1670 1361 1734 κοιλίας
1409 1667 1627 1723 αὐτῶν.
1673 1671 1810 1723 Ἀπο

226 1763 686 1829 ὠσεταιοαὺτοὺς
710 1766 742 1816 ό
766 1763 929 1828 Θεὸς,
953 1763 1039 1815 ὅτι
1062 1764 1171 1814 οὐκ
1201 1759 1575 1826 εἰσήκουσαν
1600 1762 1806 1824 αὐτοῦ,

227 1853 331 1907 καὶ
360 1854 605 1908 ἔσονται
643 1852 945 1921 πλανῆται
975 1853 1044 1906 ἐν
1073 1852 1196 1918 τοῖς
1225 1852 1485 1907 ἔθνεσιν.

301 1977 406 2040 ΡῘ¹.
448 1985 650 2040 Οὐδένα
693 1975 950 2058 χρηστὸν,
1002 1986 1172 2055 ἤγουν
1201 1978 1428 2056 εὐπειθῆ
1469 1987 1562 2038 καὶ
1599 1986 1810 2058 εὐήνιον

227 2075 290 2128 ἐν
317 2075 502 2139 αὐτοῖς
533 2075 804 2146 ηὑρῆσθαί
835 2091 1020 2144 φησιν,
1050 2074 1109 2126 οὐ
1145 2073 1358 2145 μικρὸν,
1390 2074 1451 2126 οὐ
1489 2074 1686 2144 μέγαν,
1714 2076 1811 2146 οὐχ

224 2164 554 2236 ἡγούμενον,
603 2165 664 2217 οὐ
716 2164 807 2218 τὸν
844 2155 949 2216 ὑπὸ
1005 2165 1161 2233 χεῖρα
1237 2163 1333 2216 καὶ
1385 2162 1806 2234 ὑπεζευγμένον.

227 2251 500 2327 ταύτῃτοι
524 2248 619 2310 καὶ
651 2255 762 2308 δεῖν
787 2253 1082 2308 ἀπολέσθαι
1112 2253 1412 2317 παντελῶς,
1443 2254 1600 2325 ῥίζης
1623 2253 1810 2325 ῶσπερ

227 2347 405 2416 αὐτῆς
436 2336 928 2418 ἐκδεδοθρευμὲνον
955 2334 1364 2416 διῖσχυρίζεται,
1402 2347 1461 2398 ἐν
1501 2345 1600 2415 ίσῳ
1627 2362 1686 2397 τε
1721 2363 1812 2413 γε-

226 2436 445 2506 γονέναι
472 2429 660 2491 λοιπὸν
693 2439 802 2500 τοῖς
835 2436 1208 2506 ἀναινομένοις
1241 2437 1331 2490 καὶ
1360 2435 1664 2507 πεπληγόσι
1701 2436 1810 2490 τῶν

225 2525 424 2591 ξύλων.
457 2528 525 2580 ’Δ
545 2526 641 2578 καὶ
673 2525 843 2595 μόνης
874 2524 1044 2577 δεῖται
1073 2524 1266 2594 τομῆς,
1294 2513 1597 2594 ἀναφανδὸν
1620 2524 1808 2598 ὥσπερ

221 2615 593 2688 ὁμολογοῦντα
640 2616 738 2686 τὴν
787 2614 1086 2686 ἀκαρπίαν.
1122 2615 1244 2668 Ὅτι
1285 2616 1342 2669 δὲ
1385 2615 1498 2680 τοῖς
1538 2617 1810 2688 ἀκάρποις

224 2706 410 2772 ξύλοις
433 2709 527 2762 καὶ
553 2705 944 2776 ἀποκείρεσθαι
979 2705 1204 2776 πρέπει,
1241 2708 1335 2760 καὶ
1378 2708 1538 2771 αὐτὸς
1573 2708 1808 2773 ἐδίδαξεν

221 2799 255 2850 ὁ
289 2799 502 2869 Σωτὴρ,
529 2799 628 2868 τὴν
661 2796 872 2868 καρπὸν
899 2797 1001 2849 οὐκ
1025 2797 1252 2866 ἔχουσαν
1277 2797 1450 2866 συκῆν
1481 2798 1556 2860 ὡς
1589 2798 1648 2849 ἐν
1679 2797 1808 2852 εῖδει

220 2889 329 2959 τῆς
363 2887 634 2942 Ἰουδαίων
690 2887 1023 2958 Συναγωγῆς
1073 2887 1435 2941 ἐκκόπτεσθαι
1485 2889 1806 2942 ἐπιτάττων.

227 2998 250 3031 ι
292 2980 414 3032 ’Ὶνα
439 2978 490 3030 τί
512 2978 639 3048 γὰρ,
669 2977 824 3047 φησι,
846 2978 940 3031 καὶ
960 2977 1060 3046 τὴν
1079 2976 1181 3047 γῆν
1210 2978 1513 3047 καταργεῇ
1550 2995 1570 3028 »
1604 2978 1810 3048 Ἀκαρ-

221 3083 334 3132 πος
361 3069 424 3122 δὴ
452 3065 545 3122 οὗν
576 3067 819 3138 εὑρεθεὶς
843 3069 872 3121 ό
911 3061 1148 3138 Ἰσραὴλ,
1183 3068 1369 3137 φησιν,
1398 3069 1716 3123 ἐκκόπτοιτο
1743 3069 1810 3123 ἂν

222 3160 476 3222 εἰκότωςο
538 3158 601 3212 οὐ
646 3158 756 3228 γὰρ
800 3157 1025 3210 ἐκδώσει
1077 3153 1307 3224 καρπόν.
1376 3151 1535 3211 Ἀλλὰ
1581 3160 1684 3212 κᾶν
1731 3161 1812 3223 εἰς

226 3251 394 3304 τοῦτο
420 3249 857 3319 γένοιτο,’φησὶν,
876 3247 1060 3301 ἀπολῶ
1080 3248 1148 3302 τὰ
1171 3249 1230 3312 ἐξ
1259 3247 1437 3301 αὐτῶν
1471 3247 1803 3319 γεννώμενα.

225 3341 346 3395 Καὶ
381 3339 539 3392 τοῦτό
569 3342 711 3404 ἐστι,
753 3357 771 3390 ι
805 3337 886 3390 Τὰ
916 3337 1306 3408 ἐπιθυμήματα
1334 3334 1432 3406 τῆς
1465 3335 1671 3400 κοιλίας
1718 3338 1810 3391 αὑ-

222 3432 361 3485 τῶν.
401 3451 421 3484 »
471 3431 792 3498 Ἀναγκαῖον
821 3429 878 3481 δὲ
923 3425 1076 3498 οἶμαι
1122 3429 1342 3481 κάκεῖνο
1374 3426 1713 3498 περιαθρεῖν,
1757 3427 1810 3480 τί

221 3520 288 3574 τὸ
316 3519 508 3590 χρῆμα
536 3517 632 3572 τοῦ
661 3517 841 3585 λόγου.
873 3516 972 3570 Διά
993 3517 1046 3568 τί
1077 3517 1187 3588 γάρ
1219 3533 1402 3587 φησιν,
1430 3518 1512 3570 ὅτι
1547 3535 1565 3567 ι
1603 3517 1808 3579 Πάντες

222 3613 284 3664 οἱ·
330 3611 588 3680 ἄρχοντες
632 3607 813 3661 αύτῶν
862 3607 1247 3671 ἀπειθοῦντεςς
1309 3626 1327 3658 »
1391 3608 1455 3659 Τί
1507 3607 1617 3678 γὰρ
1666 3607 1806 3670 ὅλως

222 3702 399 3754 ἐδεῖτο
427 3701 524 3770 τῆς
542 3699 651 3752 τῶν
676 3699 952 3768 ἀρχόντων
984 3697 1299 3766 ὕποταγῆς;
1331 3699 1632 3770 Ἀναφορὰν
1661 3695 1754 3752 οὖν
1779 3701 1808 3752 ό

221 3791 384 3859 λόγος
417 3791 528 3860 ἔχει
553 3789 690 3860 πρὸς
714 3787 954 3858 ἱστορίαν
978 3787 1102 3841 τινὰ
1132 3787 1239 3842 τῶν
1272 3790 1657 3860 ἀρχαιοτέρων.
1700 3791 1808 3843 Καὶ

220 3884 310 3945 ἐἰς
359 3882 424 3951 δὴ
474 3880 614 3951 αὕτη
663 3880 826 3933 πάλιν
868 3879 998 3948 ἐρῶ.
1043 3880 1496 3949 Μεμοσχοποίηκε
1529 3881 1668 3934 κατά
1711 3881 1808 3950 τὴν

222 3970 437 4040 ἔρημον
468 3971 498 4021 ό
538 3967 774 4038 Ἰσραὴλ,
809 3967 1041 4030 ἀπόντος
1087 3968 1353 4034 Μωσέως,
1403 3969 1807 4039 ἀναπεφοίτηκε

220 4059 338 4130 γὰρ
375 4059 435 4112 ἐν
463 4057 540 4128 τῷ
568 4057 684 4128 δρει
714 4058 862 4128 Σινᾷ,
896 4057 987 4110 τὸν
1019 4057 1185 4128 νόμον
1219 4058 1630 4128 ὑποδεξόμενος.
1673 4055 1810 4114 Εἶτα

221 4149 528 4214 κατελθὼν,
567 4148 866 4219 λελύπηται
906 4148 1110 4219 σφόδρα
1143 4148 1280 4218 πρὸς
1305 4149 1367 4202 τὸ
1406 4148 1805 4219 πλημμέλημα,

223 4243 523 4315 συνέτριψε
552 4243 646 4298 τὸν
683 4244 905 4315 μόσχον,
939 4242 1348 4311 ἀγανακτοῦντα
1377 4243 1510 4297 Θεὸν
1541 4241 1809 4300 ἐδυσώπει

221 4337 432 4408 τρόπον
456 4336 576 4390 τινὰ
589 4337 657 4406 τῇ
677 4335 782 4405 ιδίᾳ
797 4334 1112 4405 γνησιότητι
1128 4334 1221 4386 καί¹
1243 4334 1432 4404 ἀρετῇ.
1461 4334 1807 4404 Προσέπιπτε

223 4425 364 4496 γὰρ,
395 4426 490 4478 καὶ
519 4425 827 4494 ἐξελιπάρει
872 4424 1044 4492 λέγων
1066 4442 1079 4456 ·
1133 4442 1154 4476 ι
1209 4425 1272 4478 Εἰ
1317 4425 1414 4494 μὲν
1448 4427 1593 4495 ἀφῇς
1625 4427 1809 4490 αὐτοῖς

221 4516 662 4588 τὴν¹ἀμαρτίαν,
711 4516 869 4585 ἄφες·
913 4517 962 4566 εί
1009 4515 1067 4568 δὲ
1115 4514 1213 4585 μὴ,
1243 4515 1522 4584 ἐξάλειψον
1553 4517 1697 4587 κάμὲ
1745 4517 1809 4569 ἐκ

1919 627 2094 697 ipsum
2139 633 2534 687 exseruerunt,
2571 619 2939 688 subibuntque
2985 620 3120 672 iram
3173 618 3484 672 immutabi-

1917 716 2044 771 lem.
2101 715 2216 769 Non
2267 713 2411 768 enim
2454 712 2506 765 iu
2539 709 2920 779 prophetarum
2980 707 3234 774 aliquem,
3284 707 3376 761 sed
3432 709 3484 760 in

1920 807 2094 875 ipsum
2132 806 2516 872 prophetarum
2553 801 2838 854 Dominum
2864 799 3183 853 debacchati
3208 799 3485 854 inveniun-

1919 908 2026 950 tur.
2075 897 2303 950 Silentio
2365 896 2525 963 igitur
2552 889 2841 962 praeteritis
2861 904 3214 958 quacumque
3238 905 3484 944 seorsum

1927 995 2187 1055 praeterea
2233 987 2552 1047 amiserunt,
2608 998 2822 1036 omnem
2853 995 3040 1034 eorum
3072 981 3400 1048 nequitiam,
3431 989 3488 1035 et

1930 1078 2214 1146 pravitatis
2245 1077 2666 1146 magnitudinem
2692 1073 3089 1142 quodammodo
3116 1071 3166 1124 in
3202 1072 3330 1125 solis
3351 1088 3486 1126 cou-

1923 1180 2003 1223 tra
2043 1169 2318 1224 Christum
2363 1168 2629 1234 susceptis
2671 1165 2999 1220 facinoribus
3049 1164 3232 1218 videre
3285 1164 3482 1233 possis.

1989 1387 2145 1442 ths.
2183 1387 2267 1449 16,
2295 1387 2379 1440 ΓΙ.
2410 1386 2600 1440 Omnes
2625 1379 2879 1453 principes
2914 1400 3090 1437 eorum
3117 1379 3485 1439 inabedientes.

1911 1480 2089 1534 Doluit
2124 1479 2371 1546 Ephraim
2410 1481 2608 1531 radices
2629 1495 2772 1540 suas,
2795 1481 3021 1537 exaruit,
3045 1476 3272 1544 fructum
3295 1492 3489 1542 neqna~

1911 1588 2065 1640 quant
2093 1571 2231 1623 ultra
2250 1569 2397 1639 feret.
2425 1569 2564 1634 Quia
2578 1570 2622 1622 si
2645 1570 2933 1636 genuerint,
2953 1568 3260 1637 interﬁciunt
3287 1569 3488 1621 desideu

1912 1663 1990 1715 ria
2045 1662 2181 1714 uteri
2223 1677 2425 1714 eorum.
2461 1659 2686 1727 Repellet
2723 1676 2806 1712 eos
2844 1659 2999 1723 Deus,
3031 1661 3152 1730 quia
3177 1677 3276 1713 non
3305 1660 3487 1711 audito

1913 1762 2029 1804 runt
2072 1767 2210 1813 eum,
2246 1762 2292 1804 et
2327 1761 2476 1803 erunt
2534 1751 2651 1819 vagi
2689 1751 2741 1802 in
2795 1752 3047 1819 gentibus.

1979 1968 2090 2024 CX.
2129 1968 2404 2026 Neminem
2438 1970 2655 2036 bonum,
2695 1971 2808 2027 sive
2852 1983 3096 2042 prompte
3125 1969 3483 2039 obedientem.

1911 2073 1966 2116 et
2013 2062 2223 2118 facilem
2253 2064 2394 2117 inter
2439 2077 2533 2118 eos
2580 2073 2853 2133 repertum
2906 2064 3002 2130 ait,
3057 2080 3160 2118 non
3209 2081 3435 2134 parvum
3465 2103 3482 2132 ,

1912 2170 2018 2209 non
2049 2170 2323 2225 magnum,
2349 2170 2450 2210 non
2481 2157 2803 2226 principem,
2833 2172 2938 2212 non
2971 2157 3252 2221 clientem,
3273 2169 3326 2214 et
3355 2163 3486 2214 sub-

1910 2247 2104 2302 ditum.
2138 2248 2402 2314 Quocirca
2447 2257 2501 2302 et
2523 2249 2762 2311 omnino,
2800 2249 2946 2304 velut
2968 2251 3228 2304 radicitus
3253 2251 3481 2306 eﬂ'ossos

1910 2340 2134 2408 periisse
2172 2340 2476 2401 conﬁrmat,
2507 2350 2562 2395 et
2595 2339 2708 2408 jam
2738 2341 2941 2395 similes
2980 2356 3101 2395 esse
3149 2342 3306 2412 lignis
3365 2357 3486 2397 aree

1911 2432 2069 2486 factis
2099 2441 2151 2486 et
2187 2433 2476 2500 percussis,
2495 2433 2689 2501 quibus
2716 2433 2828 2486 sola
2869 2433 3166 2487 resectione
3218 2448 3353 2503 opus
3378 2445 3482 2495 est,

1911 2531 2092 2591 utpote
2137 2523 2476 2578 sterilitatem
2523 2539 2673 2578 suam
2717 2523 2891 2594 palam
2950 2526 3365 2578 ostentantibus.
3399 2523 3483 2577 Li-

1907 2615 2027 2683 gnis
2067 2623 2245 2668 autem
2293 2615 2638 2670 infruc'lnosis
2688 2615 3109 2684 amputationem
3157 2613 3481 2674 convenire.

1909 2706 2023 2775 ipse
2051 2721 2265 2777 quoque
2297 2706 2548 2761 Salvator
2588 2708 2790 2769 docuit,
2850 2706 3132 2762 ﬁculneam
3171 2704 3346 2760 fructu
3387 2720 3483 2759 ca-

1908 2806 2136 2860 rentem,
2188 2808 2242 2852 et
2296 2797 2604 2853 Judteorum
2659 2798 2996 2869 Synagogam
3071 2797 3484 2851 adumbrantem

1907 2887 2148 2943 exscindi
2174 2887 2387 2958 jnbens.
2420 2887 2597 2957 lnquit
2622 2889 2762 2943 enim
2787 2888 2852 2952 ",
2889 2907 2908 2940 ι
2945 2888 3016 2944 Ut
3038 2888 3166 2958 quid
3189 2887 3350 2942 etiam
3377 2897 3486 2942 tero

1910 2994 2023 3033 ratn
2070 2975 2367 3048 occupat?»
2399 2979 2764 3034 lnl’ructuosus
2794 2979 2980 3049 itaque
3016 2980 3266 3033 inventus
3293 2978 3482 3043 Israel,

1911 3070 2102 3138 inQuit,
2134 3070 2327 3125 merito
2379 3070 2741 3125 exscindatur.
2801 3068 2915 3124 Non
2946 3069 3090 3123 enim
3129 3067 3278 3122 dabit
3366 3067 3484 3121 fru-

1911 3171 2075 3216 ctum.
2113 3153 2265 3227 Quod
2303 3161 2347 3216 si
2375 3161 2538 3215 etiam
2587 3161 2850 3226 dederint,
2885 3159 3076 3230 inquit,
3105 3173 3170 3214 ex
3190 3159 3319 3227 ipsis
3360 3173 3485 3228 pro-

1911 3261 2068 3321 gnata
2104 3252 2346 3320 perdam.
2396 3241 2463 3306 Et
2523 3252 2637 3306 haec
2665 3261 2847 3306 suntc
2903 3251 3168 3306 desideria
3218 3251 3353 3304 uteri
3388 3265 3486 3304 eo-

1913 3358 2085 3394 rum.»
2126 3341 2390 3396 Existimo
2447 3343 2612 3396 etiam
2663 3343 3154 3404 considerandum,
3201 3341 3327 3409 quid
3393 3341 3484 3395 illa

1911 3433 2075 3488 verba
2123 3433 2460 3488 contineant.
2497 3431 2607 3486 Cur
2633 3431 2777 3486 enim
2817 3432 2987 3485 dicit:
3015 3449 3032 3480 ι
3089 3430 3290 3485 Omnes
3333 3432 3485 3498 prin-

1909 3521 2054 3589 cipes
2110 3531 2296 3574 eorum
2347 3519 2716 3574 inobedientes
2754 3513 2805 3570 '2»
2834 3517 2970 3585 Quid
3033 3517 3176 3573 enim
3239 3520 3484 3572 omnium

1908 3611 2209 3679 principum
2283 3609 2585 3664 obedientia
2630 3624 2764 3679 Opus
2831 3605 2994 3662 erat?
3029 3607 3248 3678 Spectat
3313 3610 3485 3662 oratiu

1909 3703 2186 3758 historiam
2241 3702 2526 3769 quamdam
2556 3708 2815 3763 veterem,
2840 3716 3000 3768 quam
3043 3713 3329 3767 exponam.
3369 3701 3484 3754 Al»-

1909 3799 2061 3847 sente
2088 3790 2289 3860 Moyse,
2318 3789 2479 3844 Israel
2514 3790 2564 3843 in
2592 3787 2881 3843 solitudine
2909 3787 3066 3859 142
3091 3789 3312 3842 vitulum
3331 3787 3481 3845 fecit.

1907 3885 2241 3938 Ascenderat
2272 3883 2469 3950 quippe
2521 3880 2573 3934 in
2617 3889 2854 3934 montem
2903 3880 3036 3934 Sina
3086 3879 3255 3949 legem
3328 3895 3484 3933 acce-

1908 3985 2098 4044 pturus
2125 3973 2194 4028 ⁷⁸.
2234 3973 2334 4040 Qui
2383 3972 2482 4028 ubi
2533 3971 2834 4035 descendit,
2873 3985 2939 4027 eo
2965 3971 3168 4027 scelere
3224 3970 3484 4038 majorem

1907 4064 1962 4118 in
1999 4063 2216 4118 modum
2251 4061 2624 4127 contristatus,
2663 4062 2890 4118 vitulum
2919 4059 3257 4128 comminuit,
3289 4059 3486 4116 Deum-

1906 4165 2012 4224 que
2058 4155 2425 4225 indignantem
2465 4169 2559 4210 sua
2620 4157 2818 4211 virtute
2865 4164 2920 4212 et
2963 4153 3323 4225 germanitate
3347 4169 3486 4222 quo-

1907 4245 2192 4302 dammodo
2243 4246 2310 4300 ad
2389 4247 2770 4318 ignoscendum
2841 4245 3118 4316 compulit.
3195 4240 3487 4300 Procidens

1907 4338 2075 4401 enim,
2104 4337 2328 4407 supplex
2358 4338 2585 4406 rogavit,
2624 4337 2706 4393 bis
2740 4336 2960 4392 verbis:
3001 4355 3021 4388 ι
3055 4335 3113 4390 Si
3157 4336 3374 4406 quidem
3399 4335 3484 4391 di-

1909 4429 2080 4483 mittis
2130 4428 2237 4484 illis
2271 4437 2574 4497 peccatum,
2601 4428 2812 4482 dimitte
2843 4442 2858 4493 ;
2891 4428 2975 4482 sin
3022 4435 3228 4490 autem,
3260 4427 3377 4480 dele
3429 4438 3487 4482 et

1909 4533 1996 4574 me
2016 4521 2084 4573 de
2115 4517 2252 4573 libro
2287 4519 2386 4573 hoc
2419 4533 2580 4587 quem
2625 4517 2946 4587 scripsisti.»
2976 4517 3180 4571 Annuit
3206 4519 3484 4586 propheta:

223 4599 328 4676 τῆς
357 4606 537 4675 βίῦλου
569 4605 796 4676 ταύτης,
824 4599 894 4676 ἧς
925 4604 1188 4676 ἔγραψας.
1231 4624 1250 4656 »
1289 4607 1592 4661 Κατένευσε
1631 4609 1689 4662 δὲ
1730 4608 1808 4679 τῷ

1915 4607 2074 4670 Deus,
2128 4613 2186 4659 ut
2257 4608 2559 4675 ignosceret
2617 4605 2903 4670 omnibus;
2959 4606 3252 4673 quinetiam
3298 4606 3434 4659 dixit
3465 4643 3480 4665 ,

225 4699 490 4770 προφήτῃ
529 4695 663 4759 Θεὸς
718 4695 805 4767 ςὴν
837 4697 916 4760 είς
947 4695 1192 4760 ἅπαντας
1218 4697 1553 4768 ἡμερότητα.
1601 4698 1698 4751 καὶ
1741 4699 1807 4769 δὴ

225 4791 325 4842 καὶ
355 4788 807 4857 ἔφασκενοἿλεως
840 4790 1023 4850 αὐτοῖς
1063 4788 1200 4858 είμι,
1231 4788 1373 4842 κατὰ
1417 4789 1480 4842 τδ
1510 4790 1662 4860 ῥῆμά
1690 4807 1807 4845 σου.

229 4880 406 4951 Ὀρᾷς
435 4879 558 4932 ὅσον
601 4878 778 4947 ὢνησε
809 4879 902 4932 τὸν
957 4878 1172 4950 Ἰσραὴλ
1204 4880 1237 4949 ή
1282 4878 1376 4932 τοῦ
1409 4881 1808 4951 προεστηκότος

227 4968 499 5039 φιλοθεῖα.
535 4969 632 5022 καὶ⁸
673 4963 754 5032 εἷς
782 4968 924 5040 ὑπὲρ
951 4968 1168 5022 πάντων
1195 4969 1434 5039 ἀρκέσας
1464 4971 1543 5032 είς
1582 4970 1644 5023 τὸ
1675 4972 1809 5024 ἀναέ

226 5064 414 5114 πεῖσαι
447 5060 600 5125 Θεὸν,
623 5060 692 5114 δι’
719 5061 997 5129 ὑποταγὴν
1019 5077 1099 5121 τε,
1129 5060 1222 5112 καὶ
1249 5060 1591 5128 εὐπείθειαν;
1622 5063 1808 5115 Aluci-

223 5168 313 5205 ται
354 5150 534 5204 τοίνυν
565 5150 810 5214 εἰκότως,
855 5149 931 5213 ὡς
965 5150 1274 5221 ὁλοτρόπως
1313 5152 1671 5208 ἐκκεκλικότα
1711 5153 1806 5208 τὸν

237 5239 478 5310 Ἰσραήλ.
508 5233 646 5292 Εἶτα
675 5239 750 5310 μὴ
787 5238 979 5308 ἔχοντά
1005 5256 1125 5292 τινα
1153 5239 1261 5292 τῶν
1289 5239 1419 5310 παρ’
1441 5241 1625 5305 αὐτοῖς
1643 5243 1804 5313 ἡγου-

230 5330 434 5398 μένων,
467 5328 560 5382 τδν
593 5328 934 5398 ἐπιτιμῶντα
957 5329 1069 5392 τοῖς
1091 5329 1363 5392 πταίουσι,
1389 5330 1480 5383 τὸν
1504 5331 1807 5401 ἀφιστάντα

227 5417 327 5486 τῆς
375 5418 627 5489 πλάνης,
678 5419 848 5489 ἦγουν
909 5420 976 5489 τῇ
1026 5419 1132 5489 ἰδίᾳ
1183 5419 1525 5492 λαμπρότητι
1565 5420 1631 5493 τῇ
1667 5423 1808 5477 κατά

227 5509 431 5576 τρόπον
475 5509 570 5564 καὶ
598 5509 802 5580 ἀρετὴν
831 5508 1137 5578 ἀποστῆσαι
1165 5509 1458 5580 δυνάμενον
1492 5511 1597 5581 τὴνπ
1614 5511 1806 5583 ὀργὴν,

230 5597 367 5651 Θεοῦ
393 5599 907 5670 παρακεκλημένον.
948 5597 1212 5669 Καθάπερ
1241 5601 1433 5670 ἀμέλει
1475 5603 1570 5656 καὶ
1599 5603 1656 5656 ἐν
1687 5621 1808 5656 και·-

302 5773 348 5808 "
385 5773 518 5831 Luc.
559 5789 678 5840 xm,
715 5775 802 5828 10.
881 5775 926 5808 ⁷⁸
956 5774 1124 5829 Exod.
1164 5788 1311 5839 utr,
1337 5774 1422 5829 ﬂ.

1907 4697 2170 4766 propitius
2202 4711 2320 4752 sum
2365 4695 2470 4749 illis
2513 4692 2804 4751 secundum
2833 4695 3054 4748 verbum
3088 4702 3260 4748 tuum.
3289 4694 3482 4747 Cernis

1907 4795 2172 4856 quantum
2233 4785 2588 4842 moderatoris
2667 4797 2794 4856 erga
2851 4785 3015 4839 Deum
3083 4799 3237 4838 amor
3294 4783 3482 4838 lsraeli

1908 4877 2189 4948 profuerit,
2215 4885 2283 4932 .et
2332 4878 2603 4945 quomodo
2645 4891 2783 4929 unus
2827 4876 2893 4928 ad
2927 4874 3093 4929 Deum
3159 4872 3480 4928 ﬂectendum

1908 4976 2133 5039 pr0pter
2167 4968 2562 5038 subiectionem
2597 4975 2650 5021 et
2683 4962 3046 5021 obedientiam
3078 4978 3176 5034 pro
3229 4964 3483 5018 omnibus

1913 5059 2220 5115 suﬂecerit.
2250 5059 2481 5115 Accusat
2546 5057 2706 5128 igitur
2756 5071 2861 5111 non
2913 5054 3108 5123 injuria
3183 5053 3480 5120 lsraelem,

1911 5160 1970 5206 ut
2001 5151 2090 5221 qui
2134 5153 2346 5221 penitus
2385 5166 2414 5205 a
2441 5157 2588 5205 recto
2634 5145 2831 5202 itinere
2854 5146 3311 5212 declinaverit,et
3334 5146 3482 5216 prin-

1910 5241 2084 5311 cipem
2117 5241 2184 5296 de
2218 5240 2330 5296 suis
2361 5240 2563 5294 nullum
2602 5236 2823 5293 omnino
2850 5236 3067 5301 habeat,
3111 5235 3205 5305 qui
3251 5249 3481 5306 peccan‘

1912 5341 1994 5387 tes
2027 5331 2310 5402 corripiat,
2353 5332 2446 5401 qui
2480 5329 2549 5384 ab
2595 5342 2785 5384 errore
2824 5334 3036 5392 avocet,
3078 5335 3174 5380 aut
3211 5335 3358 5380 certe
3384 5324 3479 5393 qui

1912 5437 2122 5477 morum
2157 5436 2222 5477 ac
2251 5421 2466 5475 virtutis
2531 5434 2641 5474 sure
2706 5418 2994 5489 splendore
3044 5418 3152 5473 Deo
3210 5425 3480 5481 exorato,

1912 5512 2049 5568 iram
2090 5513 2209 5584 ejus
2247 5511 2457 5567 amoliri
2515 5507 2685 5581 possit
2716 5548 2732 5573 ,
2763 5507 3212 5580 quemadmodum
3256 5515 3309 5561 et
3343 5514 3482 5559 tem-

1909 5604 2132 5674 poribus
2169 5604 2366 5674 Moysis
2398 5601 2600 5658 factum
2645 5601 2893 5672 legimus.
2927 5595 3286 5666 Quamobrem
3312 5594 3478 5651 etiam
