4068 6576
570 431 677 487 259

1559 422 1618 477 S.
1661 418 1937 475 CYRILLI
1983 413 2453 472 ALEXANDRINI
2494 412 2813 471 ARCHIEP.

3729 403 3855 457 «ξω

578 569 597 601 ε
659 541 1021 613 repellentur,
1068 540 1284 610 inquit,
1343 546 1398 592 et
1450 547 1609 591 erunt
1676 538 1798 607 vagi
1859 537 1912 590 in
1960 534 2138 605 genti-

2270 533 2357 595 ιοῖς
2386 534 2574 599 γέγονε
2625 532 2736 593 τοῖς
2788 528 2929 582 κατὰ
2970 527 3196 583 Μωσέα.
3264 524 3551 594 Τοιγάρτοι
3602 519 3705 575 καὶ
3757 519 3849 585 €5-

574 636 696 690 bus.
740 650 758 682 ι

645 807 761 864 Hoc
790 806 897 862 illis
948 805 1131 861 evenit
1155 813 1211 860 et
1236 811 1368 859 tunc
1414 803 1631 872 quidem
1674 801 1743 857 ad
1773 803 2026 873 Assyrios
2054 802 2145 856 de-

575 900 827 972 portatis,
848 908 904 954 et
933 911 1077 952 nune
1121 886 1469 951 nihilominus
1520 902 1740 963 propter
1761 893 2143 949 debacchatio-

578 1010 679 1049 nes
706 1004 895 1047 eorum
938 988 990 1042 in
1026 987 1303 1042 Christum
1351 985 1573 1040 exesis:
1606 984 1806 1051 ubique
1848 982 1990 1038 enim
2052 997 2148 1036 ex-

581 1086 726 1141 sules
750 1093 803 1138 et
831 1081 1100 1144 extranei,
1142 1094 1241 1135 nec
1264 1080 1537 1134 civitatem
1575 1078 1833 1133 habentes
1858 1075 1910 1130 in
1948 1075 2148 1129 mundo

581 1184 819 1238 manent,
848 1174 938 1243 qui
980 1180 1106 1227 sunt
1155 1172 1220 1224 de
1252 1168 1433 1224 Israel.
1461 1187 1481 1221 ι
1518 1168 1831 1237 Dispergam
1859 1166 2003 1222 enim
2054 1178 2148 1218 eos

582 1270 635 1323 in
681 1280 895 1321 onmem
939 1272 1158 1317 ventum
1185 1262 1287 1325 ",a
1324 1260 1461 1314 dixit
1494 1272 1590 1327 per
1625 1269 1844 1313 sanctos
1914 1256 2149 1327 prophe-

582 1371 665 1415 tas
700 1357 860 1413 Deus.
905 1355 961 1410 Si
1015 1368 1145 1423 ergo
1206 1351 1445 1406 amicitia
1477 1354 1609 1405 cum
1644 1349 1755 1403 Deo
1806 1347 1958 1403 nobis
2007 1360 2153 1401 cura:

583 1460 715 1515 est;
757 1448 801 1503 si
872 1447 987 1517 ejus
1059 1444 1323 1500 rationem
1383 1442 1649 1507 ducimus,
1700 1438 2052 1506 subjiciamus
2101 1436 2151 1491 ei

585 1539 869 1601 cervicem,
894 1546 949 1589 et
983 1536 1067 1606 pia
1094 1549 1216 1590 cum
1256 1532 1560 1588 obedientia
1590 1532 1657 1586 ad
1685 1529 1959 1585 Christum
1992 1542 2151 1583 acce-

587 1631 777 1685 damus
808 1627 1119 1681 dicentem:
1154 1642 1172 1676 ι
1211 1624 1405 1679 Venite
1454 1622 1521 1687 ad
1577 1636 1662 1676 me
1714 1634 1901 1675 omnes
1952 1619 2043 1690 qui
2077 1618 2155 1672 la-

582 1720 807 1784 boratis,
843 1726 895 1771 et
965 1715 1174 1770 onerati
1219 1714 1371 1777 estis,
1396 1722 1449 1767 et
1479 1727 1577 1783 ego
1608 1712 1852 1767 reﬁciam
1884 1726 1999 1765 vos.
2029 1709 2154 1762 τοι-

585 1811 683 1865 lite
702 1808 889 1879 jugum
938 1820 1116 1861 meum
1141 1818 1301 1874 super
1332 1818 1427 1857 vos
1445 1802 1542 1855 δί’.»
1588 1799 1684 1856 Sic
1717 1801 1860 1855 enim
1886 1810 1941 1855 et
1971 1800 2159 1854 fructi-

2130 634 2137 639 "
2245 622 2608 692 ωσθήσονται,
2661 621 2827 691 φησὶ,
2874 622 2971 675 καὶ
3033 619 3243 673 ἔσονται
3289 616 3554 686 πλανῆται
3604 616 3665 668 ὲν
3727 616 3853 677 τοῖς

2246 714 2445 766 εθνεσι.

2318 802 2488 856 Τοῦτο
2518 802 2712 873 συνέόη
2753 802 2945 856 παθεῖν
2976 804 3177 867 αὐτοῖς,
3215 802 3310 855 καὶ
3340 801 3460 854 τότε
3493 800 3591 871 μὲν
3628 800 3852 853 ἀποκο-

2254 893 2519 963 μισθεῖσιν
2558 895 2638 956 εἰς
2700 892 3039 964 Ἀσσυρίους,
3090 892 3184 946 καὶ
3234 890 3330 945 νῦν
3373 890 3429 945 δὲ
3472 889 3622 943 οὐδὲν
3667 885 3848 962 ἦττον

2247 983 2345 1036 ἐπὶ
2394 986 2514 1047 ταῖς
2565 985 2647 1046 είς
2687 982 2922 1054 Χριστὸν
2966 982 3274 1053 παροινίαις
3305 981 3845 1051 κατεστυγημὲνοις.

2262 1072 2524 1126 Ἀνέστιοι
2553 1072 2661 1143 γὰρ
2713 1073 2807 1125 καὶ
2838 1070 3102 1143 ὲπηλόται
3127 1071 3399 1141 πανταχῆ,
3432 1068 3525 1122 καὶ
3551 1068 3711 1121 πόλιν
3742 1066 3847 1118 οὐκ

2251 1164 2464 1234 ἔχοντες
2511 1165 2560 1216 οί
2601 1163 2660 1226 ἐξ
2696 1164 2913 1235 Ἰσραὴλ
2943 1161 3277 1216 διατελοῦσιν
3318 1163 3378 1215 ὲν
3419 1161 3629 1229 κόσμῳ.
3671 1176 3692 1209 ι
3745 1157 3847 1211 Λι-

2253 1256 2403 1326 κμιῶ
2436 1255 2544 1326 γὰρ
2574 1256 2769 1319 αὐτοὺς
2804 1258 2883 1318 εἰς
2913 1256 3090 1311 πάντα
3116 1257 3335 1326 ἄνεμον,
3381 1274 3399 1306 ι
3431 1253 3516 1307 διὰ
3540 1243 3847 1323 προφητῶν

2254 1346 2423 1416 ἁγίων
2461 1346 2665 1416 ἔφασκε
2694 1346 2848 1412 Θεός.
2883 1348 2946 1401 Ei
2975 1347 3153 1402 τοίνυν
3179 1349 3272 1401 ἐπὶ
3298 1346 3398 1418 τῆς
3423 1344 3560 1416 πρὸς
3589 1343 3731 1397 Θεὸν
3764 1343 3846 1394 ol-

2253 1438 2527 1509 κειότητος
2558 1439 2776 1509 φροντὶς
2808 1440 2940 1510 ἡμῖν
2967 1439 3060 1492 καὶ
3083 1438 3265 1508 λόγος,
3303 1436 3667 1508 ὑποφέρωμεν
3688 1430 3848 1503 αὐτῷ

2252 1532 2345 1586 τὸν
2370 1532 2596 1600 αὐχένα,
2629 1531 2725 1585 καὶ
2757 1531 3072 1602 προσίωμεν
3097 1532 3173 1595 ὼς
3205 1531 3264 1598 ἐξ
3282 1528 3496 1599 ἀγαθῆς
3526 1524 3847 1588 εὒπειθείας

2254 1623 2464 1693 λέγοντι
2510 1622 2590 1694 τῷ
2628 1623 2879 1693 Χριστῷο
2929 1642 2948 1674 ε
3008 1622 3175 1676 Δεῦτε
3221 1616 3357 1695 πρὸς
3418 1620 3487 1692 με
3536 1619 3749 1681 πάντες
3798 1618 3847 1670 οξ

2256 1716 2586 1779 κοπιῶντες,
2653 1714 2749 1770 καὶ
2814 1714 3261 1784 πεφορτισμένοι,
3322 1710 3480 1781 κάγὼ
3537 1708 3848 1765 ἀναπαύσω

2259 1809 2420 1879 ὑμᾶς.
2460 1808 2665 1879 Ἀρατε
2693 1806 2786 1859 τὸν
2818 1805 2979 1874 ζυγόν
3024 1822 3129 1875 μου
3169 1804 3254 1872 ἐφ’
3295 1804 3459 1872 ὑμᾶς.
3504 1820 3523 1854 ι
3572 1798 3850 1869 Ἑσόμεθα

584 1902 688 1957 feri
736 1908 851 1954 eta
911 1911 1166 1967 percussu
1222 1895 1492 1948 immunes
1553 1893 1792 1959 erimus;
1851 1906 1949 1946 nec
2007 1891 2154 1944 radix

2270 1900 2365 1970 γὰρ
2387 1897 2561 1961 οὕτως
2606 1897 2872 1968 ἐγκαρποί
2916 1913 2975 1950 τε
3045 1896 3138 1949 καὶ
3174 1895 3439 1966 ἀπλῆγες,
3485 1893 3584 1946 οὐκ
3629 1894 3851 1947 ἀναινο-

586 2001 770 2047 nostra
809 1996 1093 2043 exarescet
1122 2003 1137 2053 ;
1173 2000 1271 2039 nec
1304 1983 1511 2039 fructus
1545 1984 1599 2037 in
1639 1982 1864 2038 nihilum
1916 1981 2157 2046 recidet;

586 2080 731 2138 haud
783 2095 813 2134 a
859 2079 966 2132 Deo
1012 2075 1324 2147 longissime
1382 2074 1740 2146 vagabimur;
1777 2081 1835 2128 et
1886 2086 2052 2143 prope
2078 2072 2162 2141 ip-

587 2186 730 2234 sum,
770 2177 824 2224 et
846 2167 984 2238 apud
1011 2167 1184 2236 ipsum
1235 2165 1466 2228 erimus,
1492 2171 1547 2218 et
1571 2163 1841 2218 civitatem
1872 2174 2159 2232 supernam

586 2262 644 2318 in
669 2261 822 2318 cmlis
855 2258 1193 2318 habebimus,
1221 2254 1704 2325 primogenitorum
1749 2262 2001 2315 matrem,
2029 2265 2162 2306 san-

587 2362 799 2407 ctorum
833 2349 1077 2404 altricem
1112 2346 1524 2415 ccelestiumque
1547 2344 1834 2413 spirituum
1862 2341 2166 2413 purumha-

584 2443 905 2501 bitaculum.

838 2568 1246 2659 TUMUS
1329 2564 1906 2670 QUINTUS.

1295 2714 1450 2769 CAP.
1488 2711 1559 2769 Χ.

669 2824 825 2883 Natis.
858 2826 911 2890 1,
939 2824 996 2879 2.
1040 2824 1208 2879 Vinea
1240 2825 1491 2894 frondosa
1544 2824 1734 2879 Israel.
1775 2821 2007 2881 Fructus
2053 2821 2166 2894 ejus

588 2917 888 2983 abundans,
924 2915 1208 2969 secundum
1242 2900 1625 2970 multitudinem
1665 2916 1929 2982 fructuum
1950 2929 2168 2968 auorum

588 3006 956 3076 ntultiplicavit
1008 3005 1224 3060 altaria.
1278 3005 1443 3060 Juxta
1487 3008 1619 3060 bona
1647 3016 1800 3060 teme
1829 3020 1941 3059 sua
1999 3002 2169 3073 aediﬁ-

590 3098 725 3151 cavit
751 3096 1057 3162 simulacra,
1086 3097 1371 3150 diviserunt
1410 3098 1573 3150 corda
1612 3111 1730 3160 sua,
1758 3111 1895 3149 nunc
1955 3095 2168 3164 disper-

2263 1987 2431 2059 μένης
2487 1989 2619 2059 ἡμῖν
2669 1987 2770 2057 τῆς
2819 1986 2996 2057 ῥίζης,
3054 1986 3115 2038 οὐ
3165 1984 3378 2058 καρποῦ
3424 1985 3717 2045 πίπτοντος
3771 1984 3847 2045 έὶς

2264 2080 2451 2152 μηδὲν,
2480 2080 2540 2133 οὑ
2572 2078 2861 2149 πλανῆται,
2895 2078 2989 2131 καὶ
3034 2076 3290 2131 ἀποτάτω
3321 2075 3479 2139 Θεοῦ,
3520 2074 3635 2129 ἀλλ’
3677 2072 3849 2142 ἐγγύς

2261 2186 2320 2223 τε
2346 2167 2510 2224 αὐτοῦ
2553 2168 2648 2222 καὶ
2682 2169 2784 2222 σὺν
2808 2165 2958 2237 αὐτῷ
3023 2166 3115 2220 καὶ
3142 2165 3295 2219 πόλιν
3324 2164 3537 2235 ἔχδντες
3575 2162 3671 2232 τὴν
3712 2161 3850 2221 ἄνω,

2262 2261 2356 2314 καὶ
2393 2262 2450 2313 ὲν
2497 2260 2766 2334 οὐρανοῖς,
2801 2259 2902 2330 τὴν
2935 2257 3046 2311 τῶν
3079 2255 3439 2328 πρωτοτόκων
3475 2253 3711 2325 μητέρα,
3753 2251 3850 2324 τὴν

2261 2350 2370 2404 τῶν
2400 2350 2569 2419 ἁγίων
2595 2347 2817 2421 τροφὸν,
2862 2346 2974 2401 τῶν
3010 2347 3125 2402 ἄνω
3167 2348 3492 2418 πνευμάτων
3517 2346 3577 2399 τὸ
3606 2344 3855 2417 καθαρὸν

2264 2440 2499 2513 ὲνδιαίτη
2507 2457 2604 2513 μα.

2540 2562 2924 2652 ΤΟΜΟΣ
2996 2561 3574 2648 ΠΕΜΠΤΟΣ.

2877 2713 3132 2769 ΚΕΦΑΛ.
3167 2714 3227 2766 1'.

2340 2822 2645 2896 Ἀμπελος
2687 2825 3156 2896 εὐκληματοῦσα
3198 2821 3467 2896 Ἰσραήλ.
3521 2823 3583 2875 '0
3618 2822 3846 2890 χαλεπὸς

2267 2915 2460 2987 αὐτῆς
2485 2917 2779 2982 εὐθυνῶν,
2796 2917 2945 2973 κατὰ
2973 2916 3040 2971 τὸ
3070 2915 3305 2991 πλῆθος
3330 2914 3450 2968 τῶν
3477 2912 3727 2981 καρπῶν
3752 2916 3850 2965 αὐ-

2268 3010 2376 3065 τοῦ
2416 3010 2723 3077 ἐπλήθυνε
2755 3008 2827 3064 τὰ
2878 3008 3295 3076 θυσιαστήρια.
3346 3007 3509 3062 Κατὰ
3552 3005 3624 3060 τὰ
3661 3004 3849 3075 ἀγαθὰ

2267 3094 2381 3166 τῆς
2436 3096 2550 3167 γῆς
2586 3096 2771 3152 αὑτοῦ
2830 3096 3183 3166 ᾠκοδόμησε
3238 3095 3505 3162 στήλας,
3566 3096 3849 3165 ἐμέρισεν·

588 3190 756 3243 ibunt.
815 3187 936 3257 Ipse
963 3186 1211 3258 su/fodiet
1242 3188 1437 3275 altaria
1461 3188 1966 3258 eorum,aﬂligentur
1993 3188 2163 3241 simu-

2271 3188 2519 3261 καρδίας
2551 3188 2770 3255 αὐτῶν,
2800 3188 2917 3243 νῦν
2941 3188 3486 3259 ἁφανισθήσονται.
3518 3188 3716 3254 Αὐτὸς
3749 3205 3848 3241 και

591 3277 737 3331 (acra
771 3292 974 3332 eorum.

667 3471 824 3545 1&3
858 3470 992 3529 CXI.
1040 3472 1334 3543 Postquam
1380 3474 1552 3539 dixit,
1603 3473 1858 3544 Ephraim
1936 3473 2172 3531 doluisse

592 3565 805 3620 radices
834 3578 979 3627 suas,
1010 3572 1064 3619 et
1086 3563 1478 3618 infructuosum
1511 3564 1647 3630 fore,
1675 3564 2016 3633 similemque
2052 3579 2171 3620 mu-

591 3655 721 3710 tatis
754 3654 971 3710 sedibus
1001 3653 1106 3707 alio
1136 3655 1351 3722 penitus
1379 3655 1872 3724 commigranlium,
1914 3656 2170 3724 Assyrio—

592 3760 713 3799 rum
768 3744 972 3799 saevitia
1036 3742 1224 3801 deletis
1254 3759 1438 3801 eorum
1468 3745 1683 3815 fetibus,
1717 3764 1859 3803 nunc
1882 3749 2046 3803 etiam
2066 3749 2173 3803 uti-

592 3834 720 3889 liter
741 3833 1005 3898 ostendit,
1054 3835 1229 3903 qualis
1259 3834 1387 3890 olim
1418 3836 1604 3902 fuerit,
1632 3854 1892 3908 perquam
1928 3839 2173 3894 fructuo-

594 3939 692 3980 sus
744 3924 1014 3987 videlicet,
1043 3927 1258 3993 quando
1318 3926 1479 3981 vitam
1510 3929 1719 3999 legibus
1761 3933 2174 3999 respondentem

597 4011 873 4080 sapienter
906 4013 1142 4069 vivebat.
1182 4014 1368 4082 Qualis
1415 4017 1570 4071 vinea
1622 4020 1886 4088 quaepiam
1952 4021 2172 4090 pulchra

595 4111 653 4157 et
678 4102 816 4158 bene
843 4104 1145 4158 convestita
1178 4105 1511 4175 palmitibus,
1545 4118 1668 4164 ante
1697 4110 1879 4167 oculos
1910 4112 2171 4169 ﬁnitimo-

598 4208 719 4247 rum
753 4194 1071 4263 populorum
1122 4195 1175 4249 in
1212 4196 1570 4253 admiratione
1594 4210 1713 4254 erat
1742 4216 1843 4255 non
1874 4203 2167 4265 immerito.

598 4290 654 4335 et
675 4282 869 4352 deipsa
894 4283 1085 4339 alicubi
1110 4284 1297 4340 beatus
1322 4286 1485 4345 David
1515 4288 1565 4341 in
1589 4288 1726 4344 libro
1748 4291 2080 4348 Psalmorum
2107 4294 2175 4348 ad

600 4372 971 4427 universorum
1008 4375 1174 4428 Deum
1204 4375 1280 4429 ait
1306 4393 1319 4428 :
1353 4394 1371 4426 ι
1402 4376 1623 4432 Vineam
1648 4379 1713 4434 de
1744 4381 1975 4453 Egypto
2000 4394 2175 4439 trans-

2268 3280 2564 3350 τασκάψει
2588 3282 2659 3336 τὰ
2686 3278 3085 3350 θυσιαστήρια
3115 3279 3337 3348 αὐτῶν,
3362 3279 3849 3350 ταλαιπῳήσοιμ

2268 3390 2371 3429 σιν
2400 3376 2457 3429 αὶ
2489 3371 2712 3440 στῆλαι
2745 3370 2967 3425 αὐτῶν.
3048 3438 3049 3441 η

2352 3488 2503 3541 PIA'.
2556 3484 2895 3555 Ἠλγημένον
2939 3483 3039 3547 τὰς
3076 3484 3229 3554 ῥίζας
3256 3482 3427 3536 εἰπὼν
3450 3483 3546 3536 τὸν
3589 3482 3847 3553 Ἐφραῖμ,

2271 3576 2491 3631 ἔσεσθαι
2520 3575 2578 3628 δὲ
2610 3577 2704 3628 καὶ
2736 3575 3008 3646 ἄκαρπον,
3031 3577 3125 3628 καὶ
3156 3577 3213 3627 ὲν
3239 3575 3339 3645 ἴσῳ
3364 3576 3479 3636 τοϊς
3510 3573 3851 3644 μετοικοῦσιν

2272 3669 2430 3735 ὅλως,
2456 3668 2554 3738 τῆς
2598 3665 2898 3736 ’Δσσυρίων
2929 3666 3255 3735 ἀγριότητος
3286 3663 3616 3736 δαπανώσης
3641 3666 3714 3719 τὰ
3734 3682 3851 3735 γεν⁹

2271 3758 2509 3831 νώμενα,
2539 3757 2808 3812 δείκνυσιν
2844 3757 3157 3832 ἀναγκαίως
3186 3757 3281 3810 καὶ
3301 3752 3413 3819 οἷος
3436 3753 3505 3828 ἦν
3529 3758 3724 3824 πάλαι,
3757 3757 3847 3811 καὶ

2273 3849 2355 3902 ὅτι
2388 3847 2612 3916 γέγονεν
2639 3846 2937 3916 εῠκαρπος,
2973 3847 3062 3899 ὅτε
3106 3846 3205 3916 τῆς
3253 3847 3311 3899 ὲν
3354 3846 3505 3918 νόμῳ
3542 3847 3694 3917 ζωῆς
3728 3861 3848 3918 μετ-

2276 3941 2515 3995 εποιεῖτο
2544 3936 2745 4006 σοφῶς.
2791 3932 2894 3990 Οἷα
2923 3936 3033 4007 γάρ
3064 3954 3148 4000 τις
3178 3937 3423 4007 ἄμπελος
3448 3938 3611 4008 καλὴ,
3641 3940 3737 3992 καὶ
3763 3938 3848 3989 εὑ-

2276 4027 2635 4099 κληματοῦσα
2682 4029 2796 4090 τοῖς
2848 4026 2955 4080 τῶν
3002 4025 3172 4079 ἐθνῶν
3212 4027 3513 4098 περιοίκοις
3559 4027 3849 4097 ὁρώμενος,

2276 4121 2502 4182 εἰκότως
2540 4118 3003 4189 κατεθαυμάζετο.
3032 4119 3143 4171 Καὶ
3165 4121 3296 4191 περὶ
3326 4120 3499 4189 αὐτῆς
3538 4119 3644 4172 πού
3691 4135 3851 4189 φησιν

2274 4213 2304 4265 ὁ
2339 4209 2613 4281 μακάριος
2655 4208 2820 4265 Δαϐὶδ
2847 4209 2905 4262 ἐν
2934 4208 3106 4279 βίϐλῳ
3138 4208 3417 4279 Ψαλμῶν,
3451 4209 3590 4280 πρὸς
3619 4211 3716 4265 τὸν
3752 4210 3849 4262 τῶν

2275 4302 2412 4357 ὅλων
2454 4301 2686 4371 Σωτῆρα
2712 4300 2881 4354 Θεόνο
2920 4320 2938 4351 ι
2968 4299 3246 4371 Ἄμπελον
3287 4301 3345 4367 ἐξ
3402 4301 3686 4370 Αἰγύπτου
3736 4318 3852 4374 μετ-

2277 4399 2439 4467 ῆρας,
2470 4394 2725 4460 ἐξέϐαλες
2752 4392 2901 4463 ἔθνη,
2930 4394 3025 4447 καὶ
3063 4393 3473 4463 κατεφύτευσας
3504 4396 3699 4467 αὐτήν.
3718 4396 3847 4449 Ὠδο-

599 4462 790 4528 tulisti,
847 4464 1052 4532 ejecisti
1089 4477 1295 4536 gentes,
1324 4476 1377 4520 ct
1408 4468 1659 4536 plantasti
1692 4487 1833 4527 eam.
1863 4474 1975 4531 Dux
2014 4475 2167 4530 itine-

2278 4462 2513 4557 ποίησας
2573 4485 2881 4557 ἔμπροσθεν
2923 4486 3111 4556 αὐτῆς.
3176 4487 3437 4553 Ἐξέτεινε
3478 4488 3549 4542 τὰ
3605 4462 3848 4559 κλήματα

600 4553 678 4608 ris
707 4552 851 4607 fuisti
885 4554 936 4607 in
965 4564 1255 4625 conspectu
1282 4554 1416 4622 eius.
1454 4552 1706 4614 Extendit
1759 4562 2006 4629 palmites
2044 4579 2171 4621 suos
2208 4539 2251 4594 θ

602 4644 885 4711 usquead
941 4658 1109 4709 mare,
1138 4653 1193 4698 et
1249 4659 1420 4713 usque
1471 4648 1538 4700 ad
1596 4646 1809 4704 lluntina
1855 4653 2174 4723 propagines

602 4734 850 4790 suasit»
898 4734 1031 4789 Nata
1089 4744 1173 4791 est
1227 4738 1441 4804 enim,c
1487 4740 1539 4793 in
1590 4755 1754 4796 cornu
1784 4781 1798 4805 ,
1831 4752 1886 4798 et
1950 4744 2001 4803 in
2056 4744 2175 4801 loco

601 4824 912 4894 plngui",»
970 4826 1128 4895 juxta
1184 4842 1367 4884 vocem
1424 4831 1721 4900 propheue.
1796 4831 2174 4892 Verumtamen

602 4930 709 4969 non
739 4931 921 4978 uvam,
943 4919 1035 4971 sed
1063 4919 1245 4989 spinas
1272 4919 1449 4989 potius
1472 4921 1745 4991 produxit.
1784 4922 1915 4977 Nam
1946 4925 1999 4981 in
2034 4924 2173 4980 mul-

604 5008 829 5063 titudine
861 5008 1123 5067 honorum
1149 5011 1250 5066 sibi
1278 5013 1593 5067 donatorum
1641 5015 1787 5070 velut
1841 5017 2067 5082 sociam,
2120 5027 2177 5073 et

602 5107 785 5151 contra
837 5100 1001 5155 Deum
1060 5102 1483 5157 colluctatricem
1531 5103 1866 5175 iniquitatem
1910 5108 2171 5163 exhibuit.

604 5188 978 5259 Multiplicavit
1003 5194 1145 5248 enim
1179 5193 1393 5255 altaria,
1443 5204 1494 5248 et
1522 5195 1804 5253 aediﬁcavit
1841 5198 2124 5257 simulacra
2160 5218 2175 5254 :

603 5291 975 5354 quantumque
1038 5287 1287 5357 supernis
1316 5285 1565 5341 aﬂluebat
1595 5288 1819 5353 divitiis,
1858 5298 1967 5345 tam
2001 5306 2175 5359 promo

602 5382 695 5441 pta
724 5370 823 5425 fuit
846 5370 911 5425 ad
933 5373 1464 5439 contaminationem,
1483 5375 1606 5445 quia
1638 5375 1905 5434 daemones
1933 5380 2179 5437 adoravit

601 5471 656 5516 et
729 5477 853 5516 aras
910 5464 1187 5527 excitavit,
1235 5475 1290 5520 et
1336 5465 1389 5518 in
1439 5465 1805 5523 seductionem
1868 5470 2179 5542 multiplicis

605 5551 919 5608 idololatria:
970 5569 1066 5610 cor
1112 5570 1269 5609 suum
1292 5557 1689 5626 quodammodo
1735 5560 1941 5617 divisit.
1976 5562 2175 5621 Verum

604 5643 707 5697 ista
744 5656 848 5697 non
878 5643 1166 5709 durabunt,
1200 5644 1401 5716 inquit.
1467 5646 1738 5714 Quinam?
1778 5671 1795 5704 ι
1858 5652 1979 5723 Ipse
2031 5657 2177 5712 enim

677 5806 723 5839 "
754 5805 919 5864 Zach.
943 5824 1005 5877 ιι,
1029 5808 1083 5864 6.
1159 5809 1209 5899 ⁸ο.
1239 5809 1427 5867 Matth.
1466 5827 1540 5879 ιι,
1568 5811 1658 5869 28.
1736 5817 1776 5850 ³¹
1813 5817 1954 5875 Psal.
1980 5835 2168 5890 uxrx,

2281 4578 2450 4648 αὐτῆς
2488 4577 2596 4640 ἕως
2627 4576 2923 4645 θαλάσσης,
2978 4575 3075 4631 καὶ
3105 4577 3210 4641 ἕως
3251 4577 3516 4647 ποταμῶν
3543 4578 3645 4644 τὰς
3676 4596 3847 4651 παρα.

2282 4669 2490 4737 φυάδας
2523 4668 2712 4739 αὐτῆς.
2748 4687 2768 4719 ι
2803 4667 3022 4735 Πέφυκε
3053 4668 3155 4738 μὲν
3182 4668 3317 4739 γὰρ,
3344 4688 3364 4721 ι
3409 4671 3499 4723 Ἐν
3527 4670 3740 4742 κέρατι,
3768 4671 3849 4724 καὶ

2280 4758 2338 4811 ὲν
2383 4760 2535 4828 τόπῳ
2581 4758 2765 4822 πίονι,
2798 4777 2818 4809 ι
2860 4757 3004 4811 κατὰ
3043 4757 3145 4828 τὴν
3187 4758 3279 4811 τοῦ
3322 4760 3605 4830 προφήτου
3652 4762 3845 4832 φωνήν.

2281 4847 2429 4918 Πλὴν
2479 4849 2542 4901 οὺ
2572 4847 2760 4901 τέτοκε
2791 4848 3090 4919 σταφυλὴν,
3124 4849 3323 4918 ἤνεγκε
3355 4852 3413 4905 δὲ
3445 4852 3649 4920 μᾶλλον
3690 4853 3847 4907 ἀκάν-

2282 4938 2399 5003 θας.
2437 4938 2529 5009 Τῷ
2551 4938 2661 5009 γὰρ
2692 4937 2888 5009 πλήθει
2914 4939 3022 4993 τῶν
3044 4940 3307 4994 δοθέντων
3337 4940 3559 5009 ἀγαθῶν
3574 4943 3712 5013 αὐτῇ
3739 4942 3848 4995 σύν-

2279 5026 2481 5098 δρομον
2508 5026 2699 5098 ὥσπερ
2725 5027 2849 5082 τινὰ
2892 5029 2989 5083 καὶ
3015 5029 3244 5099 ίσοπαλῆ
3268 5030 3367 5100 τὴν
3407 5030 3624 5085 ἀδικίαν
3650 5031 3847 5086 ἐπεδείι

2285 5116 2437 5182 ξατοο
2484 5118 2642 5189 δῆλον
2681 5117 2739 5172 δὲ
2765 5118 2848 5172 ὅτι
2891 5119 2994 5190 τὴν
3021 5119 3166 5173 κατᾶ
3218 5118 3378 5173 Θεοῦ.
3422 5121 3721 5193 Ἐπλήθυνε
3755 5122 3847 5191 γὰρ

2286 5205 2649 5279 θυσιαστήρια
2675 5245 2690 5272 ,
2745 5208 2842 5262 καὶ
2889 5207 3208 5279 ᾠκοδόμησε
3276 5209 3512 5280 στήλας
3586 5212 3681 5265 καὶ
3740 5212 3848 5264 ὅσον

2283 5299 2538 5355 ἐπλούτει
2559 5301 2671 5364 τοῖς
2696 5299 2904 5353 ἄνωθεν
2930 5300 3172 5370 ἀγαθοῖς,
3200 5300 3455 5355 τοσοῦτον
3482 5298 3551 5369 ἦν
3582 5303 3848 5375 πρόθυμος

2285 5392 2365 5453 εἰς
2397 5390 2723 5463 βεϐήλωσιν,
2746 5391 2837 5446 διὰ
2864 5391 2959 5446 τοῦ
2987 5396 3317 5465 προσκυνεῖν
3341 5397 3456 5459 τοῖς
3492 5394 3736 5465 δαίμοσι,
3768 5392 3845 5447 καὶ

2287 5481 2506 5554 βωμοὺς
2538 5481 2795 5554 ἐγείρειν,
2827 5483 2921 5537 καὶ
2951 5485 3037 5548 εἰς
3066 5483 3167 5557 τὴν
3209 5484 3472 5540 πολύθεον
3515 5484 3730 5557 πλάνην
3765 5485 3847 5555 τὴν

2287 5570 2423 5624 ίδίαν
2446 5569 2635 5642 ὥσπερ
2655 5571 3049 5642 καταμερίζειν
3077 5574 3322 5646 καρδίαν.
3343 5574 3483 5629 Ἀλλ’
3504 5574 3653 5628 οὕτω
3667 5573 3843 5635 ταῦτα,
3868 5632 3875 5641 ,

2285 5662 2472 5730 φησὶν,
2520 5662 2623 5716 οὐκ
2662 5661 2837 5717 ἔσται.
2869 5663 3073 5732 Πόθεν;
3111 5683 3131 5718 ι
3167 5665 3523 5735 Κατασκάψει
3555 5666 3663 5738 γὰρ
3706 5664 3847 5725 αὐτὸς

2294 5823 2364 5879 10
2397 5838 2551 5896 seqq.
2631 5826 2677 5859 θ’
2704 5825 2808 5883 lsa.
2835 5842 2886 5895 v,
