4068 6568
206 442 324 497 ειι

1142 436 1697 496 COMMENTARIUS
1732 435 1801 491 ιΝ
1835 435 2069 492 OSEAM
2110 433 2558 491 PROPHETAM.

3387 429 3494 484 9.52

218 564 291 618 τὰ
326 562 690 632 θυσιαστήρια
742 559 945 625 αὐτῶν,
983 578 1004 614 s
1058 564 1153 613 καὶ
1199 561 1712 634 ταλαιπωρήσουσιν
1753 562 1809 615 αἱ

1928 559 2168 616 tullodiet
2216 558 2407 613 altaria
2442 570 2651 620 eorum,
2686 571 2706 605 ι
2738 561 2794 609 et
2839 552 3147 623 amigentur
3207 549 3494 606 simulacra

222 654 422 725 στῆλαι
464 653 663 717 αὐτῶν,
710 652 1144 724 συνθραυόμεναι
1189 652 1453 724 δηλονότι,
1502 656 1597 708 καὶ
1639 670 1809 707 κατα-

1911 666 2125 715 eorum,
2200 648 2476 704 confracta
2545 645 2823 707 nimirum,
2899 654 2952 699 et
3008 642 3240 698 divulsa.
3296 641 3495 696 Vocem

214 746 535 816 Διικιιτώμεπιραι.
584 744 659 797 Τὸ
679 743 759 810 δὲ,
808 744 991 811 αὐτὸς,
1017 745 1253 808 ἀνοίσεις
1290 745 1578 816 ἐμφρόνως
1607 745 1687 808 εἰς
1717 745 1809 797 τὸν

1934 757 2029 813 pse
2054 756 2160 797 non
2206 739 2348 795 male
2375 738 2441 793 ad
2471 736 2890 803 omnipotentem
2946 735 3228 789 Dominum
3261 732 3463 788 referes
3482 771 3496 796 ,

220 838 337 890 τῶν
376 838 516 891 ὅλων
565 835 1054 900 κατεξουσιάξοντα
1089 835 1244 900 Θεὸν,
1278 836 1466 905 ἤγουν,
1517 838 1599 899 εἰς
1624 836 1687 888 τὸ
1716 834 1809 888 τοῦ

1928 844 2009 888 tut
2043 834 2109 887 ad
2141 846 2429 900 personam
2470 829 2612 899 regis
2666 826 2943 898 Babylonii
2972 863 2988 890 ,
3027 825 3091 880 de
3121 841 3227 893 quo
3252 824 3362 894 jam
3389 840 3497 878 sre-

214 926 574 980 Βαῦυλωνίου
601 925 919 995 πρόσωπον,
958 923 1035 988 ὡς
1062 924 1163 995 ήδη
1192 925 1511 988 πλειστάκις
1539 924 1813 995 προδεδει-

222 1018 458 1089 γμένου.
500 1017 825 1090 Συμὸέὸηκε
871 1018 983 1087 γὰρ
1019 1020 1140 1081 ταῖς
1192 1019 1250 1070 ὲν
1295 1018 1579 1089 Σαμαρείᾳ
1623 1017 1812 1071 πόλεσι

222 1110 328 1163 καὶ
374 1111 575 1173 αὐτοὺς
634 1108 1234 1179 συγκαταπίμπρασθαι
1282 1111 1409 1172 τοὺς
1454 1109 1653 1172 ναοὺς,
1718 1108 1814 1162 καὶ

217 1201 625 1273 διαρπάζεσθαι
664 1201 734 1255 τά
774 1200 1011 1268 γλυπτά.
1046 1201 1167 1271 Χρὴ
1204 1200 1385 1255 τοίνυν
1409 1199 1576 1270 ἡμᾶς,
1612 1199 1696 1267 ἐφ’
1734 1195 1816 1262 οἷς

226 1292 296 1346 ἂν
332 1294 552 1363 ἔχοιμεν
584 1290 738 1363 παρὰ
761 1291 899 1345 Θεοῦ
943 1291 1234 1363 χαίροντας
1268 1291 1531 1347 ἀνάπτειν
1560 1291 1630 1344 τὰ
1661 1307 1835 1367 χαριοη

231 1385 455 1454 στήρια,
489 1383 585 1435 καὶ
637 1384 711 1453 μὴ
754 1382 833 1451 τῷ
881 1380 1075 1434 πλάτει
1117 1382 1216 1451 τῆς
1246 1380 1503 1449 εὐθηνίας
1541 1380 1817 1450 ὲνολισθή-

232 1490 459 1536 σαντας,
486 1472 861 1543 ἀποφέρεσθαί
896 1489 986 1526 ποι
1019 1471 1156 1542 πρὸς
1178 1469 1239 1524 τὸ
1266 1471 1471 1542 ἀπᾷδον
1504 1471 1652 1541 αὐτῷ
1673 1489 1684 1499 °
1717 1471 1816 1540 ζη-

227 1567 351 1617 τεῖν
402 1563 461 1615 δὲ
514 1562 714 1633 μᾶλλον
765 1562 857 1614 καὶ
902 1560 1290 1632 ἀποπεραίνειν
1338 1560 1679 1630 ἐπείγεσθαι,
1725 1560 1819 1613 καὶ

234 1655 385 1726 μάλα
411 1653 733 1725 προθύμως,
766 1652 835 1705 τὰ
866 1654 945 1715 εἰς
982 1651 1188 1723 ἀρετὴν
1210 1653 1528 1723 αὐχήματα,
1563 1652 1639 1724 μὴ
1668 1669 1822 1723 μερι-

1913 940 1982 996 pe
2026 924 2165 978 facta
2190 931 2274 979 est
2298 921 2523 976 mentio.
2552 919 2795 989 Contigit
2822 912 2993 981 enim,
3025 927 3086 969 ut
3106 932 3225 970 cum
3273 915 3498 971 urbibus

1917 1017 2179 1074 Satnarize
2232 1016 2395 1070 etiam
2430 1012 2627 1083 templa
2659 1012 2772 1080 ipsa
2808 1014 3193 1072 exurerentur,
3242 1013 3296 1061 et
3353 1006 3495 1060 idola

1916 1107 2310 1176 diriperentur.
2349 1104 2574 1173 Oportet
2630 1102 2791 1172 igitur
2824 1114 2926 1156 nos
2959 1107 3178 1169 propter
3228 1113 3289 1152 ea
3317 1113 3436 1167 quae
3468 1113 3498 1149 ει

1914 1198 2029 1252 Deo
2063 1198 2414 1253 habuerimus
2457 1211 2579 1250 cum
2611 1192 2809 1263 gaudio
2833 1190 3043 1262 gratias
3076 1204 3262 1260 agere,
3293 1204 3397 1243 non
3448 1189 3502 1243 in

1919 1290 2271 1359 amplitudine
2306 1304 2487 1343 rerum
2512 1288 2877 1342 secundarum
2909 1282 3269 1348 oil'endentes,
3296 1280 3501 1351 aliquid

1922 1383 2028 1437 Deo
2071 1381 2359 1450 displicens
2397 1379 2615 1448 abripi;
2646 1379 2779 1447 quin
2832 1377 3014 1447 potius
3070 1375 3409 1440 desiderare,
3441 1382 3504 1427 et

1921 1476 2078 1528 adea
2124 1471 2522 1542 promptissime
2568 1470 2870 1539 prastanda
2903 1468 3235 1532 incumbere,
3265 1478 3386 1534 qua:
3436 1479 3506 1520 ex

1919 1568 2123 1621 virtute
2174 1564 2402 1635 gloriam
2426 1562 2753 1628 conciliant;
2787 1577 2895 1616 non
2930 1560 3133 1615 divisos
3165 1560 3220 1615 in
3251 1558 3496 1613 aliectio—

1924 1672 2019 1713 nes
2082 1657 2406 1721 mundanas,
2439 1665 2494 1709 et
2546 1654 2811 1710 cervicem
2871 1651 3087 1707 Satanae
3133 1651 3503 1719 subjicicntes.

225 1745 503 1816 ζομένους
543 1745 682 1816 πρὸς
705 1744 775 1798 τὰ
801 1745 859 1796 ἐν
888 1742 1080 1813 κόσμῳ
1110 1742 1281 1812 πάθη,
1313 1743 1409 1796 καὶ
1449 1744 1822 1813 ὑποφέροντας

1928 1750 2122 1805 Verum
2145 1759 2229 1804 est
2257 1749 2400 1805 enim
2427 1748 2555 1801 illud
2581 1746 2785 1801 Christi
2812 1763 2827 1799 :
2862 1763 2882 1796 ι
2902 1742 3071 1799 Nemo
3098 1750 3274 1813 potest
3296 1742 3505 1796 duobus

229 1835 330 1889 τὸν
358 1834 563 1905 αὐχένα
594 1833 675 1904 τῷ
707 1833 939 1902 Σατανᾷ.
974 1833 1087 1886 Καὶ
1113 1832 1224 1902 γάρ
1250 1834 1400 1886 ἐστιν
1433 1832 1653 1903 ἀληθὲς,
1687 1834 1822 1903 ὅπερ

1928 1842 2157 1898 dominis
2223 1841 2430 1896 servire
2463 1839 2532 1895 ⁸³.
2570 1858 2591 1891 ι
2662 1836 2816 1904 Quod
2857 1837 2901 1892 si
2967 1835 3281 1899 dividimur,
3339 1832 3502 1888 etiam

230 1923 342 1997 ἔφη
397 1925 655 1995 Χριστός·
701 1943 720 1975 ι
771 1924 963 1987 οὐδεὶς
1010 1922 1235 1978 δύναται
1279 1924 1402 1977 δυσὶ
1446 1924 1656 1994 κυρίοις
1701 1925 1823 1977 δου-

1928 1932 2074 2001 iuxta
2138 1946 2326 1986 vocem
2381 1928 2702 1991 Psalmistte,
2759 1944 2781 1980 t
2823 1933 3009 1995 partes
3066 1924 3308 1994 vulpium
3391 1920 3507 1977 eri-

229 2013 439 2068 λούειν.
480 2033 498 2065 s
543 2015 605 2067 Εί
636 2014 693 2067 δὲ
729 2011 1089 2083 μεριζόμεθα,
1136 2014 1233 2066 καὶ
1271 2033 1289 2064 ι
1327 2013 1561 2084 Μερίδες
1604 2013 1821 2067 ἀλωπέ-

233 2119 354 2157 κων
382 2104 641 2174 ἐσόμεθα,
679 2122 697 2155 ι
739 2104 880 2155 κατά
910 2104 1009 2172 τὴν
1035 2103 1343 2175 Ψαλμῳδοῦ
1371 2105 1576 2175 φωνήν.

308 2196 467 2249 Διότι
490 2192 608 2247 νῦν
633 2193 865 2262 ἐροῦσι’
897 2194 1023 2246 Οὐκ
1048 2192 1182 2247 ἐστι
1214 2194 1516 2259 ,βασιλεὺς
1535 2192 1700 2262 ἡμῖν,
1736 2194 1823 2248 ὅτι

226 2286 353 2340 οὐκ
393 2283 773 2353 ἐφοϐήθημεν
801 2283 911 2337 τόν
962 2284 1206 2353 Κύριον.
1251 2285 1312 2337 '0
1345 2283 1414 2337 δὲ
1436 2285 1741 2351 ,ϐασιλεὺς
1768 2287 1825 2340 τί

228 2375 482 2441 ποιήσει
504 2373 687 2443 ἡμῖν-ς
708 2374 921 2429 λαλῶν
935 2374 1177 2445 ῥήματα
1204 2375 1538 2446 προφάσεις
1554 2376 1824 2446 ψευδεῖς,

223 2464 591 2533 διαϐήσεται
616 2464 937 2533 διαθήκην.

307 2556 460 2616 PIB'.
502 2557 642 2627 Οὐχὶ
679 2557 839 2627 μόνον
897 2556 1080 2611 αὐτῶν
1115 2558 1498 2630 σεισθήσεσθαι
1528 2560 1598 2615 τὰ
1634 2560 1824 2614 θυσια-

228 2649 466 2719 στήρια,
516 2648 614 2701 καὶ
655 2647 1098 2718 ταλαιπωρήσειν
1128 2649 1234 2720 ἔφη
1263 2649 1363 2713 τὰς
1396 2650 1620 2721 στήλας,
1658 2667 1828 2722 προσ-

226 2740 438 2808 επάγει
467 2738 547 2802 δὲ,
579 2738 665 2794 ὅτι
709 2739 803 2792 καὶ
837 2737 1303 2808 μεταγνώσονται,
1336 2742 1431 2795 καὶ
1465 2741 1827 2814 θρηνήσουσιν

227 2830 335 2883 ἐπί
366 2846 434 2898 γε
468 2833 590 2893 ταῖς
618 2830 768 2900 σφῶν
818 2829 1184 2895 δυσϐουλίαις,
1227 2833 1607 2904 ἡμαρτηκότες
1634 2833 1692 2886 δὲ
1726 2833 1829 2903 τῆς

233 2920 481 2985 ἐλπίδος,
556 2922 653 2973 καὶ
694 2920 1038 2990 ἠπατημένοι
1070 2924 1182 2985 τοῖς
1224 2923 1290 2975 ὲκ
1338 2922 1446 2976 τῶν
1479 2922 1829 2994 κρατούντων

227 3012 746 3091 ψευδηγορήμασιν,
780 3011 878 3079 ὀψὲ
911 3012 1008 3067 καὶ
1044 3012 1197 3082 μόλις
1230 3014 1574 3084 συνήσουσιν.
1627 3014 1692 3071 Ol
1730 3014 1829 3085 μὲν

235 3101 354 3175 γὰρ
384 3103 516 3174 παρ’
546 3102 730 3166 αὐτοῖς
765 3103 893 3165 τοὺς
938 3103 1041 3171 τῆς
1074 3102 1351 3173 βασιλείας
1378 3105 1654 3170 διέποντες
1701 3107 1828 3178 θρό-

233 3209 389 3256 νους,
420 3193 678 3261 ἀρκέσειν
704 3192 946 3261 εφασκον
976 3192 1159 3257 αὐτοῖς
1192 3195 1273 3257 είς
1292 3195 1615 3266 ἐπικουρίαν
1645 3194 1744 3259 τάς
1769 3211 1829 3247 τε

1928 2040 2047 2079 mus
2074 2025 2141 2078 ⁸⁸.
2174 2044 2192 2076 ι

1998 2204 2166 2259 Vens.
2200 2202 2255 2268 5,
2286 2201 2341 2259 4.
2364 2198 2571 2253 Idcirco
2601 2214 2735 2253 nunc
2761 2198 2967 2250 dicent:
3001 2194 3125 2250 Non
3157 2203 3234 2249 est
3274 2207 3365 2247 res:
3410 2206 3510 2245 no-

1927 2294 2024 2360 bis,
2051 2292 2178 2362 quia
2209 2306 2314 2345 non
2343 2289 2613 2343 timuimus
2649 2286 2957 2341 Dominum.
2984 2283 3093 2339 Rex
3143 2292 3321 2337 autem
3382 2280 3510 2350 quid

1928 2384 2084 2454 faciet
2119 2381 2552 2451 nobis7.toqttens
2618 2378 2774 2435 verba
2832 2377 3130 2432 occasiones
3193 2380 3507 2437 utendaces,

1926 2477 2165 2544 disponet
2190 2480 2581 2529 testamentum.

2003 2565 2163 2639 1M
2191 2565 2349 2621 CXII.
2375 2564 2492 2619 Non
2536 2563 2711 2620 solum
2750 2575 2939 2635 eorum
2985 2559 3179 2614 altaria
3243 2557 3511 2621 dirutum,

1928 2670 1983 2716 et
2008 2659 2294 2716 simulacra
2320 2673 2572 2714 eversum
2610 2658 2676 2713 iri
2720 2657 2872 2721 dicit,
2902 2656 2998 2710 sed
3037 2653 3186 2708 addit
3214 2652 3400 2715 etiam,
3433 2650 3515 2705 fo-

1931 2767 2015 2817 re,
2064 2759 2125 2806 ut
2181 2750 2325 2807 male
2372 2750 2622 2806 consulta
2682 2764 2779 2804 sua
2812 2745 3153 2818 paenitudine
3176 2752 3232 2799 et
3263 2743 3515 2799 lamentis

1929 2851 2350 2914 prosequantur,
2384 2855 2480 2910 spe
2528 2847 2709 2895 autem
2750 2837 2993 2893 frustrati
3052 2844 3111 2891 et
3171 2834 3514 2890 dominorum

1932 2932 2228 2987 mendaciis
2280 2930 2513 3000 decepti,
2544 2944 2689 2992 sero,
2719 2943 2784 2983 ac
2815 2930 2903 2981 vix
2936 2927 3151 2981 tandem
3185 2922 3510 2991 intelligant.

1930 3025 2034 3092 Qui
2062 3025 2207 3079 enim
2242 3024 2386 3090 apud
2438 3024 2588 3092 ipsos
2635 3020 2890 3075 thronum
2967 3018 3115 3086 regni
3174 3015 3513 3073 obtinebant.

1932 3118 2002 3172 ad
2042 3116 2304 3170 auxilium
2331 3115 2463 3169 satis
2485 3112 2723 3166 futurum
2754 3110 3111 3165 autumabant
3142 3106 3343 3162 vitulos
3412 3119 3514 3157 au-

1934 3222 2078 3274 reos,
2113 3216 2168 3263 et
2189 3205 2410 3262 tutelam
2436 3205 2505 3260 ab
2538 3203 2699 3259 idolis
2726 3202 2966 3267 caeteris,
2996 3199 3243 3271 quamvis
3274 3196 3517 3257 divinam

234 3285 457 3354 χρυσᾶς
501 3283 784 3353 δαμάλεις,
831 3283 927 3337 καὶ
970 3283 1069 3353 τὴν
1108 3285 1175 3337 ἐκ
1218 3285 1330 3338 τῶν
1375 3286 1553 3341 ἄλλων
1592 3287 1826 3340 εἰδώλων

1930 3299 2101 3369 legem
2135 3314 2242 3352 non
2268 3298 2549 3361 haberent,
2577 3295 2827 3364 quamvis
2852 3302 3121 3363 praecepta
3150 3291 3352 3363 Moysis
3405 3306 3513 3347 non

230 3375 575 3441 ἀσφάλειαν,
598 3373 703 3427 κᾶν
728 3376 779 3427 εἰ
807 3373 889 3445 μὴ
920 3373 1012 3427 τὸν
1040 3375 1184 3431 θεῖον
1216 3375 1390 3446 ἔχοιεν
1420 3377 1604 3448 νόμον,
1637 3377 1740 3432 κᾶν
1779 3379 1828 3433 εί

241 3466 320 3535 μὴ
349 3465 485 3536 δρᾷν
516 3465 720 3519 ἕλοιντο
743 3465 814 3518 τὰ
843 3466 932 3520 διὰ
957 3467 1223 3531 Μωσέως.
1254 3469 1319 3522 Ἠ
1338 3469 1396 3523 δὲ
1427 3471 1594 3542 πεῖρα
1626 3471 1829 3541 δέδειχε

226 3555 676 3626 ψευδοεποῦντας
705 3556 925 3621 αὐτούς.
950 3557 1249 3612 Τεθέανται
1272 3559 1381 3630 γὰρ
1399 3561 1529 3624 τοὺς
1558 3562 1626 3616 τά
1649 3562 1828 3617 τοιάδε

228 3646 422 3700 -πάλαι
449 3646 862 3717 διατιθεμένους
885 3648 1093 3713 αὐτοῖς,
1126 3649 1222 3702 καὶ
1241 3650 1521 3714 ἀσυνέτως
1546 3650 1825 3719 λέγοντας,

232 3739 353 3793 ﬁsso
384 3740 544 3808 χεῖρα
574 3738 844 3802 πεσόντας
871 3738 1107 3810 ἐχθρῶν.
1144 3757 1165 3791 ι
1205 3741 1499 3812 Ταύτῃτοι,
1541 3742 1696 3812 φασὶ,
1729 3745 1830 3797 οὐκ

232 3830 365 3883 ἔστι
389 3830 643 3900 βασιλεὺς
666 3832 825 3901 ἡμῖν,
850 3831 933 3883 ὅτι
957 3830 1058 3887 οὐκ
1083 3831 1432 3903 ἐφοϐήθημεν
1453 3833 1543 3886 τὸν
1568 3832 1791 3903 Κύριον.
1807 3853 1825 3883 ι

254 3921 393 3975 ’ἰδοὺ
436 3920 569 3992 γὰρ,
612 3921 769 3989 φασὶ,
809 3921 1110 3991 ἀπαμύνων
1146 3922 1343 3990 οὐδεὶς,
1368 3924 1539 3993 ἦγουν
1568 3926 1689 3986 ταῖς
1723 3924 1830 3977 τῶν

236 4008 612 4062 Βαϐυλωνίων
634 4010 847 4079 ἐφόδοις
876 4011 1357 4081 ἀντανιστάμενος.
1396 4013 1536 4065 Ἀλλ’
1561 4014 1831 4083 ὴτονήκα-

242 4115 335 4153 σιν
365 4099 637 4162 ἅπαντες·
675 4118 695 4151 ι
730 4098 1004 4152 Λέλυνται
1055 4102 1150 4154 καὶ
1178 4099 1535 4154 πεπτώκασιν
1566 4119 1586 4155 ι
1617 4103 1666 4155 οἱ
1705 4117 1832 4170 προ-

233 4191 565 4258 εστηκότες.
608 4190 891 4259 Πρόφασις
918 4190 977 4244 δὲ
1012 4190 1114 4259 τῆς
1159 4192 1475 4262 ἀρρωστίας
1511 4192 1697 4254 αὐτοῖς
1735 4191 1833 4246 καὶ

236 4284 407 4352 ἡμῖν,
439 4282 501 4333 τὸ
539 4301 559 4333 ι
590 4282 683 4353 Μὴ
712 4281 1057 4352 πεφοϐῆσθαι
1098 4280 1190 4335 τὸν
1233 4281 1457 4353 Κύριον.
1499 4301 1518 4335 ι
1554 4283 1693 4337 Ποία
1721 4282 1835 4339 τοί-

243 4387 345 4423 νυν
393 4371 429 4439 ἡ
471 4369 659 4440 ῦνησις
712 4373 778 4424 ὲκ
825 4369 937 4425 τῶν
992 4368 1375 4441 κρατούντωνς
1429 4371 1628 4441 φησιν’
1680 4371 1834 4427 οὐδὲν

239 4454 315 4530 ἦν
345 4461 456 4529 ἄρα
502 4462 568 4517 τὰ
612 4462 741 4531 παρ’
784 4462 993 4525 αὐτοῖς,
1035 4462 1087 4517 εί
1135 4462 1210 4533 μὴ
1257 4462 1406 4531 λόγοι
1453 4462 1687 4532 ψευδεῖς,
1740 4464 1836 4516 καὶ

244 4552 557 4624 ματαιότης
623 4552 896 4622 διαθηκῶν
925 4593 941 4619 ,
1008 4554 1180 4625 ἤγουν
1243 4554 1611 4625 ὑποσχέσεων.
1673 4554 1835 4618 Ἔθος

242 4642 361 4712 γὰρ
419 4645 489 4712 τῇ
560 4642 681 4714 θείᾳ
740 4645 927 4715 Γραφῇ
953 4683 973 4710 ,
1038 4644 1305 4716 διαθήκας
1372 4646 1669 4701 ἀποκαλεῖν
1732 4645 1834 4711 τὰς

244 4731 608 4802 ἐπαγγελίας.

322 4824 498 4893 Σοφὸν
542 4820 637 4877 οὖν
676 4824 808 4895 ἄρα,
861 4825 955 4880 καὶ
1004 4827 1207 4891 παντὸς
1244 4828 1466 4882 ἐπαίνου
1513 4827 1731 4897 μεστὸν,
1773 4827 1836 4880 τὸ

248 4916 576 4971 πεποιθέναι
625 4918 828 4987 μᾶλλον
861 4919 955 4971 ἐπὶ
984 4919 1129 4989 Θεῷ,
1157 4920 1254 4974 καὶ
1304 4920 1380 4991 μὴ
1409 4922 1522 4982 τοῖς
1551 4919 1657 4974 τῶν
1695 4919 1836 4972 πλα·

248 5008 474 5063 νώντων
507 5009 885 5081 ἀποφέρεσθαι
915 5010 1115 5079 λόγοις,
1146 5012 1239 5065 ἐπὶ
1259 5011 1321 5064 τὸ
1348 5011 1715 5082 προσκρούειν
1753 5010 1833 5082 τῷ

240 5099 397 5170 Θεῷ,
442 5099 729 5169 ἐμφρόνως
779 5100 837 5155 δὶ
878 5101 1075 5171 μᾶλλον
1106 5101 1214 5172 πρὸ
1260 5101 1454 5171 πείρας
1494 5101 1667 5172 αὐτῆς
1701 5103 1837 5157 ἀπο-

247 5192 449 5259 φοιτᾷν
490 5190 592 5259 τῆς
635 5189 830 5260 ὀργῆς,
869 5193 964 5248 καί
1012 5192 1087 5264 μὴ
1119 5193 1216 5262 ὀψὲ
1260 5192 1531 5256 παθόντας
1572 5194 1832 5267 ὀλοφύρε-

249 5281 405 5345 σθαι,
441 5281 597 5350 μόλις
633 5283 715 5343 εἰς
738 5281 997 5353 ἀνόνητον
1028 5284 1207 5348 ἰόντας
1233 5284 1674 5356 ύστεροϐουλίαν.

337 5372 640 5427 Ἀνατελεῖ
653 5372 734 5439 ὠς
750 5371 1048 5445 ἄγρωστις
1066 5376 1244 5445 κρίμα
1262 5375 1362 5429 ἐπὶ
1376 5373 1603 5444 χέρσον
1620 5375 1829 5446 ἀγροῦ,

248 5461 334 5527 τῷ
364 5464 575 5532 μόσχῳ
602 5463 710 5517 τοῦ
735 5463 907 5519 οἴκου
935 5464 1040 5520 ὢν.

325 5549 472 5602 PII".
512 5550 578 5602 Ἦ
602 5551 875 5621 ἄγρωπις
908 5552 1101 5621 φύεται
1131 5554 1190 5607 ἐν
1216 5556 1423 5626 ἀγροῖς,
1462 5556 1698 5626 μάλιστα
1721 5561 1836 5622 τοῖς

1868 4618 1909 4673 ῐ)

1929 3396 2232 3444 servarent.
2255 3384 2326 3439 At
2354 3384 2688 3452 experientia
2721 3384 2977 3438 mentitos
3006 3396 3127 3438 esse
3154 3383 3505 3437 demonstra-

1931 3477 2027 3530 vit.
2070 3475 2334 3530 Viderunt
2397 3473 2545 3527 enim
2598 3486 2712 3535 eos,
2766 3472 2857 3541 qui
2905 3473 3180 3540 quondam
3231 3471 3348 3526 base
3381 3471 3515 3539 ipsis

1930 3564 2372 3629 constituissent,
2406 3570 2462 3616 et
2495 3562 2813 3630 insipienter
2872 3561 3036 3615 locuti
3098 3560 3350 3624 fuissent,
3411 3561 3514 3614 sub

1929 3652 2167 3707 hostium
2221 3650 2480 3721 ditionem
2533 3650 2763 3704 venisse.
2803 3668 2822 3702 ι
2876 3650 3023 3714 Ideo,
3052 3649 3342 3718 inquiunt,
3406 3663 3514 3704 non

1931 3751 2017 3797 est
2045 3756 2139 3795 rex
2169 3739 2344 3803 nobis,
2368 3740 2495 3808 quia
2522 3753 2630 3795 non
2669 3739 2948 3794 timuimus
2994 3740 3341 3797 Dominum.»
3376 3738 3517 3794 Ecce

1929 3832 2073 3887 enim
2112 3829 2283 3897 aiunt,
2319 3829 2610 3900 opitulator
2649 3830 2847 3894 nullus,
2899 3838 2995 3885 aut
3040 3829 3133 3899 qui
3188 3829 3515 3900 Babylonio.

1935 3938 2053 3976 rum
2083 3922 2496 3992 impressionem
2528 3923 2784 3991 excipiat.
2819 3921 2925 3977 Sed
2949 3920 3268 3976 defecerunt
3293 3935 3508 3983 omnes,

1936 4031 1955 4063 ι
1991 4012 2251 4067 inﬁrmati
2319 4024 2493 4079 sunt;
2539 4021 2595 4068 et
2644 4014 2957 4069 ceciderunt
2986 4012 3032 4044 ⁸³
3054 4031 3074 4065 ι
3102 4013 3193 4082 qui
3224 4021 3514 4082 praeerant.

1932 4102 2115 4158 Causa
2151 4113 2334 4159 autem
2382 4104 2624 4170 ipsorum
2650 4144 2666 4170 ,
2690 4112 2747 4159 et
2814 4113 3013 4159 nostra:
3076 4102 3465 4161 imbecillitatis
3498 4141 3515 4166 ,

1928 4195 2075 4263 quod
2107 4211 2128 4246 ι
2164 4209 2270 4248 non
2295 4194 2576 4250 timuimus
2607 4195 2947 4250 Dominum.»
2981 4195 3112 4263 Qua:
3143 4210 3275 4264 ergo
3308 4194 3519 4247 utilitas

1932 4303 2001 4342 ex
2032 4286 2267 4342 dominis
2287 4286 2311 4339 ἓ
2335 4286 2529 4355 inquit.
2569 4284 2713 4340 Nihil
2755 4286 2918 4356 igitur
2937 4294 3057 4342 erat
3083 4286 3230 4356 quod
3295 4285 3518 4340 dictita-

1934 4378 2087 4441 bant,
2129 4377 2236 4433 nisi
2266 4391 2549 4432 sermones
2596 4376 2908 4444 mendaces,
2928 4385 2982 4431 et
3044 4385 3517 4438 testamentorum,

1932 4482 2029 4522 seu
2097 4468 2489 4538 promissorum
2568 4468 2820 4533 vanitas;
2882 4468 3168 4523 consuevit
3234 4466 3379 4521 enim
3437 4465 3520 4520 di-

1939 4559 2058 4613 vina
2129 4559 2413 4628 Scriptura
2510 4559 2898 4628 promissiones
2962 4557 3236 4627 appellare
3336 4566 3518 4612 testa-

1941 4666 2063 4705 men
2072 4660 2123 4703 ιιι
2132 4691 2147 4705 .

2014 4823 2244 4891 Sapiens
2294 4822 2474 4893 itaque
2526 4822 2725 4876 factum
2778 4831 2836 4877 et
2889 4823 3036 4879 omni
3096 4822 3254 4878 laude
3301 4823 3518 4892 plenum

1944 4914 2055 4982 pati
2097 4922 2317 4981 propter
2358 4915 2543 4977 Deum,
2570 4930 2672 4968 nec
2731 4916 3102 4971 seducentium
3168 4917 3513 4971 sermonibus

1942 5006 2009 5059 ad
2052 5005 2226 5074 ipsum
2265 5001 2640 5060 offendendum
2678 5007 2905 5072 abduci;
2961 5008 3057 5062 sed
3114 5016 3240 5061 ante
3292 5008 3519 5076 esperi-

1941 5097 2146 5154 eutiam
2197 5094 2331 5149 iram
2371 5095 2488 5164 ejus
2531 5095 2841 5162 declinare,
2896 5112 2964 5151 ne
3006 5099 3180 5167 puniti
3222 5098 3335 5167 jam
3392 5114 3519 5154 sero

1940 5187 2549 5257 plorantes,aliqnando
2613 5190 2828 5245 tandem
2864 5190 2930 5242 ad
2954 5196 3249 5260 ptisteriora
3289 5193 3517 5247 consilia

1944 5279 2211 5336 inutiliter
2244 5280 2658 5336 descendamus.

2016 5371 2145 5427 lmn.
2173 5369 2386 5426 Orietur
2408 5372 2542 5425 sicut
2565 5387 2779 5440 gramen
2790 5372 3057 5441 judicium
3079 5390 3234 5442 super
3255 5374 3517 5429 desertum

1944 5464 2082 5534 agri,
2118 5462 2275 5517 vitulo
2304 5463 2492 5517 domus
2520 5461 2617 5519 ὢν.

2012 5555 2192 5612 CXIII.
2233 5554 2480 5625 Agrestis
2514 5556 2754 5614 nascitur
2784 5558 2838 5614 in
2879 5558 3045 5628 agris,
3099 5556 3325 5614 inaratis
3378 5568 3516 5623 pra:-

247 5638 544 5709 ἀνηρότοις
591 5642 685 5703 καὶ
715 5646 1167 5715 κεχερσωμένοις,
1186 5648 1615 5721 καταδράττεται
1640 5650 1718 5715 δὲ,
1740 5650 1829 5703 καὶ

1943 5648 2129 5704 sertint
2170 5658 2223 5703 et
2256 5647 2505 5714 desertis,
2545 5659 2742 5705 terram
2774 5651 2987 5706 obviam
3023 5658 3078 5704 et
3123 5649 3353 5703 vicinam
3397 5660 3515 5699 ina-

325 5816 373 5851 ⁸³
412 5815 598 5872 Matth.
638 5834 708 5886 vr,
743 5818 833 5876 24.
912 5823 955 5855 θ’*
982 5823 1117 5880 Psal.
1155 5839 1283 5885 1.x”,
1316 5826 1394 5878 ll.
1474 5826 1516 5857 ⁸⁸
1544 5825 1683 5880 Psal.
1716 5841 1864 5891 xxw,
1889 5825 1940 5876 ‘2.

3530 5456 3543 5511 I
