4068 6588
620 425 727 494 s45
1616 432 1674 490 s.
1715 431 1990 488 CYRILLI
2028 430 2498 486 ALEXANDRINI
2540 429 2853 487 AnClllEP.
3776 428 3879 494 tu

622 575 722 624 gna
759 557 969 613 luxurie
1021 556 1338 625 corripiens.
1379 555 1560 624 Serpit
1593 554 1737 608 enim
1784 554 1836 606 in
1875 553 2065 617 latum,
2099 567 2178 607 nec

2303 553 2449 624 μάλα
2475 550 2740 613 νεανικῶς
2767 549 2865 620 τῆς
2889 547 3312 618 παρατυχούσης
3363 547 3458 600 καὶ
3481 546 3719 614 γείτονος
3750 547 3876 614 γῆς.

630 649 870 702 cohiberi
925 656 1103 716 potest
1153 649 1220 701 ab
1257 645 1322 700 iis
1361 647 1450 714 qui
1487 645 1601 713 ejus
1647 644 1785 698 ultra
1847 652 2016 698 metas
2069 657 2195 712 pro-

623 741 959 810 pagationem
994 753 1247 794 coercere
1272 747 1558 792 conantur.
1601 755 1619 787 ι
1644 736 1913 790 Judicium
1949 753 1968 785 ›
1998 735 2191 803 igitur,

623 831 798 900 inquit
853 832 924 901 (a
967 831 1077 885 Deo
1120 831 1305 898 utique
1334 829 1418 896 ),‹
1455 828 1614 881 veluti
1667 825 1903 894 agrestis
1951 826 2193 893 quaedam

621 935 786 988 super
813 921 1080 974 desertum
1113 919 1252 988 agri,
1289 918 1563 971 exorietur
1617 918 1784 969 vitulo
1816 914 2008 970 domus
2041 915 2136 967 ὦν.
2172 935 2190 968 ι

622 1010 852 1063 Perinde
896 1024 960 1063 ac
989 1023 1049 1063 se
1075 1009 1252 1062 dicat:
1285 1006 1558 1060 Sententia
1616 1004 1935 1073 perditionis
2000 1012 2052 1058 et
2095 1019 2195 1058 nu-.-

625 1112 709 1155 tus
766 1103 993 1170 puniens
1037 1100 1198 1154 erita
1233 1098 1787 1166 me.Comprehendet
1838 1104 2015 1150 autem
2081 1105 2196 1149 tan-

621 1207 784 1259 quam
823 1193 1053 1260 agrestis
1087 1192 1334 1254 vitulum,
1366 1190 1480 1244 sive
1521 1188 1660 1242 idola
1703 1187 1908 1256 templi,
1949 1188 2091 1257 quod
2112 1195 2196 1242 est

621 1285 675 1338 in
724 1283 952 1347 Bethel;
986 1282 1087 1336 hoc
1143 1280 1286 1334 enim
1354 1277 1454 1332 sibi
1505 1278 1615 1330 vult
1649 1295 1666 1328 ι
1703 1278 1892 1331 domus
1917 1276 2011 1331 ὢν.
2051 1297 2069 1331 ι
2103 1277 2194 1332 Sic

620 1389 854 1442 namque
888 1373 977 1427 alii
1003 1373 1324 1439 interpretes
1366 1369 1670 1430 ediderunt,
1701 1387 1718 1419 ι
1776 1369 1928 1423 vituli
1995 1368 2191 1424 domus

623 1467 828 1520 Bethel.
879 1484 897 1516 ι
957 1464 1310 1531 Septuaginta
1375 1460 1534 1532 145
1602 1476 1732 1516 vero
1793 1475 1890 1530 pro
1943 1479 1965 1513 ι
2001 1462 2193 1516 domus

621 1555 828 1620 Bethel,
860 1575 878 1607 ι
899 1553 1289 1608 transtulerunt
1317 1553 1538 1607 «domus
1586 1549 1681 1612 ὢν,
1716 1569 1734 1602 ι
1769 1550 2002 1605 Causam
2027 1566 2190 1620 supra

618 1645 1036 1714 explicavimus;
1070 1651 1444 1697 verumtamen
1503 1649 1742 1708 repetere
1799 1653 1905 1692 non
1963 1639 2188 1708 pigebit.

618 1738 783 1791 Luna:
817 1737 1005 1800 tilium,
1033 1735 1164 1790 solis
1212 1743 1457 1803 nepotem
1487 1732 1622 1800 Apin
1677 1729 1918 1801 .Egyptii
1981 1729 2190 1786 fabula-

619 1831 840 1889 bantur,
872 1825 1012 1894 apud
1043 1838 1181 1893 quos
1217 1822 1298 1877 sol
1326 1829 1411 1875 est
1450 1838 1469 1872 ι
1497 1817 1591 1872 ὥν.
1622 1836 1640 1869 ›
1675 1817 1756 1871 Ad
1793 1825 2186 1885 represenlan-

2305 647 2526 716 Διέρπει
2565 644 2673 714 γάρ
2705 659 2822 705 πως
2861 643 2942 703 είς
2973 641 3033 693 τὸ
3079 640 3234 710 εὐρὺ,
3280 640 3374 692 καὶ
3410 639 3490 690 ἔτι
3531 637 3878 705 δυσκαταγώ-

2304 755 2483 799 νιστος
2524 739 2636 798 τοῖς
2682 734 2960 803 ἀνείργειν
3009 733 3177 801 αὐτῆς
3232 730 3474 784 ἐθέλουσι
3519 731 3610 783 τὸν
3648 730 3732 782 ἀεὶ
3773 728 3878 781 τῶν

2305 829 2727 899 παρακειμένων
2761 825 3018 878 ἐπέκεινα
3059 823 3277 894 δρόμον.
3334 841 3353 874 ι
3388 823 3578 894 Κρίμα
3611 841 3631 874 ι
3674 821 3874 882 τοίνυν,

2303 921 2457 990 φησὶ,
2483 920 2660 990 (δῆλον
2685 918 2762 983 δὲ,
2789 919 2869 971 ὅτι
2897 917 3026 986 παρ’
3063 915 3229 969 αὐτοῦ
3257 915 3354 968 τοῦ
3381 914 3540 982 Θεοῦ)
3576 933 3595 964 ι
3624 914 3874 982 καθάπερ

2302 1011 2578 1081 ἄγρωστις
2607 1009 2693 1059 ἐπ’
2722 1005 2894 1077 ἀγροῦ
2922 1005 3118 1076 χέρσον
3162 1002 3410 1062 ἁνατελεῖ
3438 1001 3516 1071 τῷ
3559 1001 3744 1071 μόσχῳ
3783 1000 3873 1053 τοῦ

2300 1099 2446 1151 οἴκου
2472 1096 2568 1152 ὢν.
2599 1115 2617 1146 ι
2652 1097 2874 1164 Ὅμοιον
2899 1093 2974 1156 ώς
3004 1093 3051 1144 εἰ
3081 1091 3248 1159 λέγον
3281 1091 3473 1160 Ψῆφος
3513 1087 3757 1158 ὀλέθρου,
3787 1088 3876 1146 καὶ

2301 1191 2478 1260 νεῦμα
2505 1187 2732 1251 κολάζον
2762 1187 2914 1239 ἔσται
2948 1187 3080 1254 παρ’
3104 1183 3260 1254 ἐμοῦ.
3290 1180 3706 1252 Καταδράξεται
3726 1180 3787 1232 δὲ
3803 1180 3876 1243 ὡς

2301 1288 2577 1354 ᾶγρωστις
2609 1281 2704 1334 τοῦ
2743 1279 2968 1349 μόσχου,
3005 1278 3123 1346 ἦτοι
3149 1275 3257 1327 τῶν
3290 1273 3648 1344 σεδασμάτων
3681 1271 3776 1325 τοῦ
3800 1272 3876 1323 δν-

2301 1392 2390 1437 τος
2418 1372 2548 1427 ναοῦ
2580 1372 2723 1426 κατὰ
2754 1369 2851 1439 τὴν
2877 1367 3103 1437 Βαιθὴλ,
3151 1365 3405 1435 σημαίνει
3435 1364 3544 1435 γὰρ
3576 1362 3734 1416 τοῦτο
3775 1382 3793 1413 ι
3817 1363 3873 1416 Ὀ

2299 1462 2446 1528 οἶκος
2470 1463 2564 1516 τοῦ
2605 1461 2700 1516 ὧν.
2733 1480 2752 1513 ι
2774 1457 3136 1514 Ἐκδεδώκασι
3163 1457 3261 1526 μὲν
3287 1459 3395 1526 γὰρ
3420 1457 3468 1508 oi
3497 1456 3677 1526 ἕτεροι.
3711 1455 3871 1508 πάλιν

2300 1555 2655 1628 ἑρμηνευταὶ,
2680 1551 2774 1605 τοῦ
2803 1551 3006 1621 μόσχου
3036 1549 3130 1602 τοῦ
3160 1549 3310 1609 οἴκου
3340 1547 3564 1618 Βαιθήλ.
3610 1548 3676 1600 Oi
3713 1546 3774 1598 δέ
3811 1563 3870 1613 γε

2298 1648 2667 1718 ἑϐδομήκοντα
2697 1643 2815 1696 ἀντὶ
2864 1641 2958 1697 τοῦ
3015 1659 3034 1696 t
3070 1639 3220 1693 οἴκου
3269 1638 3494 1709 Βαιθὴλ,
3541 1638 3693 1690 οἴκου
3723 1636 3805 1689 ὢν
3849 1655 3864 1688 t

2297 1741 2573 1809 εἰρήκασι.
2623 1736 2732 1788 Καὶ
2775 1734 2874 1804 τὴν
2923 1732 3102 1786 αἰτίαν
3143 1731 3241 1802 ήδη
3295 1729 3630 1799 προείπομεν
3670 1730 3728 1784 ὲν
3764 1729 3872 1790 τοῖς

2296 1829 2570 1899 ἀνωτέρω.
2600 1827 2744 1896 Πλὴν
2772 1824 2924 1878 οὐδὲν
2953 1822 3232 1884 ὀκνοῦντες
3257 1822 3662 1890 ύπομνήσομεν.
3705 1817 3872 1887 Σελήν-

619 1923 743 1973 dum
774 1934 902 1974 vero
929 1918 1065 1987 Apin
1115 1925 1233 1971 erat
1265 1913 1481 1978 vitulus,
1515 1925 1672 1980 quem
1719 1909 1846 1964 fecit
1875 1907 2178 1964 Jeroboam.

2287 1938 2384 1990 νης
2413 1921 2510 1990 μὲν
2545 1919 2653 1988 γὰρ
2680 1918 2868 1970 τέκνον
2887 1956 2901 1979 ,
2930 1914 3152 1981 ἔκγονον
3185 1915 3241 1967 δὲ
3272 1913 3425 1983 ἡλίου
3452 1913 3544 1964 τὸν
3570 1911 3740 1964 Ἀπιν
3781 1911 3872 1962 Δί-

617 2011 805 2079 ltaque
830 2019 885 2062 ιιι
908 2007 1140 2078 agrostis
1195 2003 1680 2073 comprehendens,
1719 2003 1912 2072 inquit,
1957 2009 2012 2055 et.
2066 2001 2188 2054 vin-

617 2115 748 2152 cens
786 2095 1042 2166 quidquid
1085 2095 1368 2170 apponitur
1400 2092 1825 2157 obstaculorum,
1866 2090 2127 2160 judicium
2163 2104 2193 2142 a

616 2204 705 2242 me
748 2189 1086 2242 exercebitur
1117 2204 1136 2237 ‹
1170 2184 1334 2239 vitulo
1368 2185 1560 2238 domus
1613 2182 1742 2248 ὢν.»
1807 2183 1922 2238 sive
1979 2181 2187 2236 Bethel.

615 2279 843 2345 Semper
873 2278 1016 2330 enim
1065 2275 1304 2330 divinum
1329 2288 1526 2329 numen
1557 2274 1764 2328 viribus
1799 2273 1962 2343 pollet
2019 2273 2192 2326 maxi-

613 2370 738 2434 mis,
765 2380 818 2424 et
852 2369 971 2438 ejus
1010 2368 1163 2422 nutui
1210 2366 1467 2422 resistere
1530 2365 1662 2419 nihil
1715 2367 1879 2420 valet.
1911 2384 1930 2417 ι
1973 2363 2188 2417 Manum

612 2462 756 2513 enim
825 2460 1091 2514 excelsam
1157 2459 1279 2529 quis
1334 2465 1544 2512 avertet
1590 2457 1637 2489 ⁸⁸
1683 2457 1707 2509 ?
1748 2475 1767 2510 ι
1824 2467 1882 2510 ut
1929 2455 2185 2522 scriptum

611 2560 712 2618 est,

685 2819 848 2875 Vens.
875 2821 927 2875 5.
957 2820 1224 2890 Peregrini
1243 2831 1288 2874 et
1313 2820 1506 2874 accola:
1533 2832 1683 2874 erant
1711 2821 2005 2875 habitantes
2069 2821 2173 2874 Sa-

608 2913 862 2977 mariam,
888 2914 1012 2981 quia
1032 2914 1167 2966 luxit
1197 2911 1416 2980 populus
1446 2911 1559 2980 ejus
1596 2927 1752 2978 super
1787 2929 1925 2965 eum.
1956 2911 2019 2964 Et
2050 2914 2182 2965 sicut

605 3001 1049 3057 exacerbaverunt
1074 3017 1212 3065 eum,
1244 3001 1541 3070 gaudebunt
1586 3018 1741 3070 super
1789 3001 2012 3071 gloriam
2045 3005 2178 3070 ejus.

677 3189 863 3247 CXIV.
903 3189 982 3244 En
1044 3188 1276 3245 dilucide
1329 3189 1570 3245 declarat
1614 3189 1877 3260 judicium
1925 3205 2174 3261 compre-

2294 2013 2513 2082 γύπτιοι
2549 2007 3058 2080 μυθοπλαστοῦντες
3088 2005 3292 2073 ἔλεγον.
3333 2005 3458 2056 ιὨν
3480 2022 3498 2055 ι
3525 2003 3581 2055 δέ
3602 2004 3723 2054 ἐστι
3750 2004 3869 2054 κατ’

2293 2106 2490 2168 αὐτοὺς
2539 2106 2566 2155 ό
2605 2101 2774 2172 ἥλιος.
2815 2100 2910 2162 Είς
2943 2099 3114 2152 τύπον
3158 2097 3214 2151 δὲ
3255 2095 3348 2149 τοῦ
3393 2096 3519 2165 παρ’
3550 2093 3870 2161 Αἰγυπτίοις

2295 2195 2520 2257 Ἄπιδος
2545 2195 2578 2261 ἡ
2612 2191 2844 2261 δάμαλις
2871 2185 2960 2260 ἦν,
2995 2189 3061 2260 ἢν
3088 2187 3344 2259 ἐποίησεν
3384 2185 3690 2256 Ἱεροϐοάμ.
3731 2184 3869 2238 061-

2289 2286 2400 2346 οῦν,
2433 2286 2506 2347 ὡς
2527 2286 2803 2353 ἄγρωστις
2827 2279 3334 2350 καταδραττομένη,
3361 2278 3515 2349 φησὶ,
3547 2278 3640 2331 καὶ
3659 2275 3867 2331 νικῶσα

2289 2379 2398 2430 πᾶν
2463 2379 2586 2430 ὅσον
2623 2377 2740 2429 ἐστὶ
2773 2373 3178 2441 παρακείμενον
3212 2372 3386 2440 κρίμα
3417 2370 3711 2440 γενήσεται
3741 2368 3868 2435 παρ’

2287 2467 2458 2538 ἐμοῦ,
2505 2487 2522 2518 ι
2562 2466 2637 2537 τῷ
2672 2467 2855 2537 μόσχῳ
2907 2465 3003 2517 τοῦ
3048 2462 3200 2515 οἴκου
3247 2461 3362 2522 ὢν,
3401 2479 3421 2514 ι
3472 2461 3591 2530 ἦτοι
3637 2458 3863 2528 Βαιθήλ.

2287 2557 2569 2622 Παναλκὲς
2598 2558 2706 2628 γὰρ
2734 2557 2794 2610 τὸ
2825 2556 2965 2608 θεῖον
2994 2555 3099 2617 ἀεὶ,
3130 2554 3224 2607 καὶ
3254 2554 3366 2615 τοῖς
3393 2550 3560 2604 αὑτοῦ
3597 2550 3866 2618 νεύμασιν

2284 2651 2438 2704 οὐδὲν
2473 2650 2626 2703 ἔσται
2665 2649 2727 2702 τὸ
2770 2645 3148 2706 ἁντιστατοῦν.
3201 2664 3218 2696 ι
3253 2644 3365 2714 Τὴν
3407 2642 3518 2712 γὰρ
3565 2644 3730 2711 χεῖρα
3769 2639 3865 2710 τὴν

2285 2743 2496 2812 ὑψηλὴν
2529 2742 2616 2804 τίς
2652 2740 3020 2811 ἀποστρέψει;
3062 2757 3080 2790 ›
3124 2737 3265 2790 κατὰ
3294 2735 3356 2787 τὸ
3380 2732 3796 2802 γεγραμμένον.

2354 2834 2844 2904 Παροικήσουσιν
2901 2835 2954 2885 οι
3002 2827 3421 2890 κατοικοῦντες
3487 2820 3860 2890 Σαμάρειαν,

2283 2928 2372 2981 ὅτι
2400 2925 2736 2992 ἐπένθησεν
2766 2922 2916 2988 λαὸς
2941 2919 3128 2974 αὐτοῦ
3164 2919 3257 2970 ἐπ’
3288 2916 3492 2972 αὐτόν.
3527 2913 3636 2969 Καὶ
3668 2911 3862 2976 καθὼς

2282 3017 2735 3086 παρεπίκραναν
2779 3014 2985 3078 αὑτὸν,
3023 3007 3448 3079 ἐπικυροῦνται
3491 3005 3591 3058 ἐπὶ
3623 3004 3742 3076 τὴν
3770 3003 3861 3058 δό-

2283 3108 2399 3173 ξαν
2423 3106 2631 3161 αὑτοῦ.

2352 3201 2497 3253 ΡΙΔ’.
2560 3197 2694 3254 Ἰδοὺ
2739 3195 2804 3265 δὴ
2855 3193 3176 3262 καθίστησιν
3222 3189 3450 3260 ἐναργὲς
3479 3189 3541 3241 τὸ
3570 3188 3750 3259 κρίμα
3802 3187 3860 3240 τὸ

605 3282 850 3336 hendens
899 3280 1146 3346 vitulum,
1177 3291 1232 3335 et
1295 3282 1470 3335 instar
1519 3281 1752 3348 agrostis
1807 3296 1866 3336 se
1917 3281 2174 3337 dilatandi

2283 3264 2911 3358 καταδραττόμενονίτοῦ
2958 3282 3181 3354 μόσχου,
3207 3279 3303 3333 καὶ
3331 3281 3666 3350 ἀγρώστεως
3707 3277 3861 3348 δίκην

603 3372 712 3425 vim
748 3371 973 3437 habens,
1005 3380 1191 3426 contra
1225 3387 1343 3440 quae
1364 3372 1474 3426 Deo
1515 3371 1689 3424 visum
1724 3370 1905 3426 fuerit.
1939 3372 2182 3427 Meminit

604 3474 782 3518 autem
828 3471 884 3517 et
923 3478 1066 3517 nunc
1099 3463 1358 3528 historiae,
1390 3476 1551 3530 quam
1605 3459 1786 3516 afferri
1829 3464 1882 3517 in
1942 3464 2178 3518 medium

600 3567 692 3608 res
767 3552 1028 3621 postulat,
1067 3553 1224 3607 aliter
1281 3552 1428 3607 enim
1475 3553 1754 3608 oraculum
1799 3554 1939 3608 haud
1997 3555 2176 3622 perci-

605 3642 840 3708 piemus.
897 3641 1156 3697 Solebant
1196 3656 1384 3696 omnes
1442 3642 1533 3711 qui
1566 3642 1705 3696 idola
1741 3643 2056 3712 suppliciter
2088 3659 2179 3698 ve—

601 3734 954 3798 nerabantur,
1003 3733 1216 3788 miseris
1269 3733 1602 3802 temporibus
1666 3741 1722 3787 et
1784 3733 2031 3789 hostibus
2090 3735 2177 3789 in-

600 3823 938 3892 gruentibus,
971 3823 1018 3878 si
1066 3825 1244 3893 inopia
1305 3823 1545 3893 pecuniae
1604 3823 2064 3888 conﬂictarentur,
2099 3826 2178 3894 ip-

600 3931 661 3969 sa
705 3927 920 3982 quoque
985 3913 1302 3982 templorum
1349 3913 1691 3968 anathemata
1742 3923 1795 3968 et
1833 3913 2056 3968 donaria
2109 3916 2175 3970 ad

601 4021 759 4059 nsum
783 4019 936 4059 suum
962 4016 1295 4060 convertere.
1326 4005 1604 4060 Traditum
1631 4017 1713 4061 est
1736 4007 1915 4075 itaque
1946 4007 1996 4060 in
2021 4006 2174 4061 libris

601 4096 833 4166 Regum,
875 4112 1004 4167 rege
1040 4097 1210 4167 Syria:
1243 4097 1476 4152 Manaim
1505 4097 1667 4152 urbes
1705 4097 1964 4152 Samaria:
1995 4098 2172 4152 adori-

597 4201 744 4254 ente,
793 4198 903 4244 tum
944 4202 1122 4259 regem
1155 4189 1392 4254 lsraelis,
1417 4189 1556 4258 quod
1585 4204 1743 4258 pares
1794 4192 1858 4243 ad
1911 4191 2171 4245 resisten-

597 4282 724 4334 dum
777 4282 960 4350 copias
1008 4295 1111 4335 non
1157 4279 1402 4345 traheret,
1437 4281 1505 4334 ad
1558 4279 1786 4340 Phulam
1823 4282 2168 4352 Assyriorum

594 4387 776 4441 regem
823 4373 1026 4442 legatos
1069 4373 1300 4437 misisse,
1347 4388 1578 4440 eumque
1635 4372 1791 4428 donis
1845 4374 2166 4442 impulisse,

593 4461 671 4514 uti
711 4476 772 4516 se
826 4461 1127 4530 adjuvaret,
1158 4470 1211 4514 et
1239 4460 1434 4531 Syrum
1485 4460 1798 4530 depelleret;
1833 4463 1973 4531 quod
1998 4471 2052 4517 et
2081 4459 2165 4514 fa-

590 4560 738 4605 ctum
792 4560 895 4605 est.
933 4549 992 4605 Vi
1029 4550 1173 4605 enim
1207 4560 1262 4604 et
1317 4551 1512 4604 virtute
1567 4551 1886 4606 Damascum
1931 4567 2164 4622 occupa-

2279 3382 2666 3454 ὲξευρύνεσθαι
2698 3378 2962 3447 πεφυκὸς,
2987 3374 3108 3429 καθ’
3139 3368 3326 3445 ὧνπερ
3352 3374 3420 3427 ἂν
3441 3371 3689 3442 βούλοιτο
3705 3371 3858 3433 Θεός.

2292 3473 2556 3545 Ἱστορίας
2593 3472 2649 3524 δὲ
2679 3469 3047 3540 διιμέμνηται
3078 3468 3172 3520 καὶ
3198 3465 3311 3528 νῦν,
3341 3467 3408 3536 ἢν
3443 3465 3748 3533 ἀναγκαῖον
3783 3465 3858 3519 ει·

2285 3569 2428 3616 πείν·
2467 3565 2786 3632 συνήσωμεν
2814 3560 2922 3628 γὰρ
2951 3559 3068 3621 ὡδὶ,
3104 3557 3308 3626 καὶούχ
3328 3554 3550 3626 ἑτέρως,
3569 3554 3632 3606 τὸ
3650 3570 3860 3624 χρησμρ

2275 3651 2596 3723 ῳδούμενον.
2636 3649 2799 3711 Ἔθος
2835 3645 2904 3719 ἦν
2947 3647 3117 3700 ἅπασι
3145 3648 3255 3709 τοῖς
3284 3643 3518 3697 εἰδώλων
3547 3660 3860 3714 προσκυνηρ

2273 3745 2417 3806 ταῖς,
2451 3741 2644 3813 καιροῦ
2670 3739 3109 3799 καταθλίὸοντος,
3135 3736 3230 3790 καὶ
3251 3735 3529 3804 πολεμίων
3552 3733 3856 3804 ἐφεστηκό-

2273 3851 2402 3897 των,
2438 3835 2486 3885 εί
2517 3834 2574 3886 ὲν
2612 3831 2788 3900 ἐνδείᾳ
2821 3829 3065 3898 γένοιντο
3101 3827 3420 3898 χρημάτων,
3453 3825 3726 3882 ἅπτεσθαι
3765 3825 3857 3882 καὶ

2273 3919 2453 3974 αὐτῶν
2485 3919 2593 3972 τῶν
2626 3920 2684 3972 ὲν
2725 3919 2840 3981 τοῖς
2869 3913 3153 3986 τεμένεσιν
3198 3914 3586 3985 ἀναθημάτων.
3642 3916 3682 3968 Γ
3689 3917 3856 3986 ἐγρα-

2274 4028 2404 4064 πται
2431 4010 2610 4062 τοίνυν
2654 4010 2713 4060 ὲν
2751 4010 2870 4070 ταῖς
2910 4007 3250 4072 Βασιλείαις,
3300 4008 3384 4060 ὅτι
3436 4007 3854 4078 πολιορκοῦντος

2270 4101 2367 4164 τὰς
2404 4101 2464 4154 ἐν
2503 4099 2790 4172 Σαμαρείᾳ
2831 4098 3013 4160 πόλεις
3052 4097 3146 4149 τοῦ
3179 4097 3442 4166 βασιλέως
3472 4099 3701 4170 Συρίας,
3738 4100 3855 4153 Μα-

2271 4194 2425 4264 ναῒμ,
2465 4194 2526 4246 τὸ
2555 4194 2811 4264 τηνικάδε
2864 4191 3163 4262 βασιλεύων
3186 4191 3277 4244 ἐπὶ
3318 4192 3410 4244 τὸν
3450 4191 3692 4263 Ἰσραὴλ,
3734 4187 3853 4245 εἶτα

2269 4288 2389 4347 ταῖς
2425 4287 2566 4350 ἴσαις
2599 4287 2893 4356 δυνάμεσιν
2917 4284 3306 4352 ἀντιφέρεσθαι
3349 4284 3484 4354 πρὸς
3509 4286 3723 4338 ἐκεῖνον
3755 4286 3850 4338 οὐκ

2269 4377 2430 4447 ἔχων,
2463 4376 2829 4447 ὲπρεσδεύετο
2861 4376 2998 4446 πρὸς
3029 4377 3234 4430 Φούλαν
3265 4374 3354 4428 τὸν
3391 4374 3501 4428 τῶν
3547 4377 3849 4447 ’Δσσυρίων

2271 4469 2511 4540 βασιλέα,
2545 4469 2639 4522 καὶ
2670 4467 2863 4538 δώροις
2896 4468 3178 4522 ἀνέπειθεν
3217 4466 3496 4536 ἐπαμῦναί
3522 4467 3582 4520 τέ
3611 4469 3662 4520 οἱ
3683 4509 3698 4532 ,
3757 4468 3847 4522 καὶ

2269 4560 2574 4630 ἀποστῆσαι
2598 4559 2690 4613 τὸν
2729 4559 2920 4630 Σύρον,
2950 4560 2979 4612 ὃ
3010 4559 3074 4632 δὴ
3100 4561 3193 4613 καὶ
3219 4559 3549 4614 τετέλεσται.
3582 4555 3710 4613 Εἷλε
3741 4560 3846 4629 γὰρ

589 4644 685 4710 vit,
723 4647 1007 4714 ipsumque
1047 4644 1192 4698 Adcr
1247 4642 1540 4696 interfecit.
1580 4644 1745 4713 Aiunt
1787 4645 1970 4714 igitur,
2020 4651 2164 4715 quod

2283 4627 2478 4715 ἱκεϊνος
2511 4651 2655 4705 κατὰ
2694 4627 2896 4722 κράτος
2930 4650 3026 4722 τὴν
3062 4627 3378 4722 Ἀαμασκόν.
3398 4627 3764 4722 Ἀποσφάττει

587 4752 707 4788 cum
744 4736 931 4805 ingens
963 4735 1078 4788 auri
1103 4733 1308 4804 pondus
1332 4746 1677 4803 quaereretur,
1703 4736 1754 4789 in
1782 4751 1873 4792 eas
1892 4740 2166 4807 angustias

587 4825 821 4881 Manaim
868 4827 1168 4896 conjectum
1224 4842 1365 4893 esse,
1412 4836 1466 4880 ut
1499 4843 1659 4881 unum
1691 4843 1906 4897 quoque
1938 4828 2159 4885 vitulum

587 4933 811 4972 aureum
863 4919 1226 4982 subtraheret,
1263 4929 1318 4972 et
1373 4933 1465 4987 per
1499 4919 1703 4989 legatos
1751 4921 1856 4975 illis
1886 4922 2162 4976 transmit-

586 5019 745 5063 teret.
795 5008 1064 5078 Lnxitque
1094 5008 1277 5073 Israel,
1306 5025 1451 5074 curn,
1491 5027 1650 5079 quem
1706 5013 1931 5080 putabat
1958 5013 2151 5078 Deum,

583 5102 692 5156 alio
725 5101 864 5154 mitti
903 5101 1262 5170 conspiceret.
1295 5101 1560 5156 Credebat
1594 5104 1963 5167 nihilominus,
1988 5103 2156 5159 frivo-

581 5193 647 5246 lis
727 5193 1025 5248 rationibus
1067 5207 1127 5248 se
1191 5195 1363 5261 ipsum
1442 5195 1751 5259 consolans,
1804 5194 2153 5264 Babylonium

582 5287 728 5340 hunc
778 5286 1002 5340 vitulum
1041 5285 1094 5339 in
1146 5286 1344 5355 templo
1407 5284 1611 5354 majore
1638 5295 1692 5339 et
1721 5287 2016 5343 illustriore
2044 5289 2154 5344 col-

579 5377 901 5430 locaturum.
955 5377 1218 5433 Praaterea
1249 5395 1277 5430 a
1314 5378 1555 5445 pluribus
1593 5378 1839 5446 gentibus
1868 5382 2146 5436 adoratum

2269 4745 2362 4798 καὶ
2390 4743 2552 4797 αὐτὸν
2581 4742 2670 4796 τὸν
2701 4743 2880 4814 Ἄδερ.
2909 4743 3044 4796 Φασὶ
3075 4744 3276 4810 τοίνυν,
3303 4743 3383 4797 ὅτι
3423 4743 3684 4814 πλείστης
3716 4746 3844 4814 ὅσης

2265 4835 2430 4904 ὁλκῆς
2457 4834 2795 4904 ζητουμένης
2820 4835 3063 4905 χρυσίου,
3083 4835 3344 4904 περιέστη
3370 4834 3558 4887 λοιπὸν
3586 4837 3668 4898 είς
3688 4835 3841 4888 τοῦτο

2265 4923 2342 4994 τῷ
2367 4922 2596 4993 Μαναῗμ
2646 4923 2892 4993 ἀνάγκης
2914 4923 2983 4976 τὰ
3012 4923 3337 4992 πράγματα,
3377 4922 3454 4986 ὡς
3479 4926 3572 4977 καὶ
3602 4924 3732 4994 μίαν
3758 4925 3840 4978 δά-

2268 5015 2431 5085 μαλιν
2463 5013 2756 5083 ὑφελέσθαι
2795 5013 3024 5085 χρυσῆν,
3057 5015 3151 5071 καὶ
3175 5015 3590 5068 συναποστεῖλαι
3620 5016 3711 5068 διὰ
3733 5015 3838 5068 τῶν

2265 5104 2567 5175 πρέσϐεων.
2599 5105 2708 5158 Καὶ
2736 5104 3038 5175 τεθρήνηκε
3070 5104 3168 5174 μὲν
3190 5105 3468 5176 όΊσραὴλ,
3497 5108 3564 5176 ἢν
3592 5108 3837 5176 ἐνόμιζεν

2263 5194 2400 5250 εἶναι
2430 5196 2584 5260 Θεὸν,
2625 5196 3054 5266 ὲκπεμπομένην
3081 5197 3244 5268 ὁρῶν.
3275 5198 3432 5268 ’ᾭετό
3471 5214 3534 5266 γε
3569 5199 3698 5267 μὴν,
3731 5199 3833 5267 ψυ-

2264 5290 2414 5358 χροῖς
2443 5287 2633 5341 ἑαυτὸν
2661 5287 2940 5356 λογισμοῖς
2983 5285 3499 5357 παραμυθούμενος,
3526 5289 3602 5350 ὡς
3631 5289 3690 5340 ὲν
3718 5289 3833 5356 μεί-

2261 5380 2410 5444 ζοσιν
2447 5377 2732 5442 ἔσται,καλ¹
2757 5377 3163 5448 λαμπροτέροις
3195 5377 3367 5448 αὐτὴν
3394 5378 3666 5449 ὲνιδρύσει
3689 5379 3832 5442 ναοῖς

577 5467 643 5522 iri
699 5468 1060 5536 opinabatur:
1089 5485 1250 5538 quam
1289 5468 1530 5538 plurima:
1556 5469 1820 5538 siquidem
1861 5469 2144 5526 Persarum

2316 5469 2674 5531 Βαϐυλώνιος.
2725 5469 2966 5521 Διέκειτο
3001 5469 3056 5522 δὲ
3086 5469 3218 5536 πρὸς
3250 5468 3462 5532 τούτοις
3487 5515 3501 5538 ,
3548 5472 3630 5524 δτι
3670 5487 3828 5544 προσ-

575 5568 631 5620 ct
697 5557 974 5612 Medorum
1024 5572 1211 5624 gentes
1279 5570 1651 5614 numerantur.
1695 5560 1925 5616 Manaim
1991 5564 2149 5633 igitur

2283 5563 2623 5634 ξυνηθήσεται
2672 5561 2764 5614 καὶ
2795 5559 2942 5632 παρὰ
2977 5560 3240 5614 πλειόνων
3283 5561 3475 5614 ὲθνῶνο
3524 5562 3690 5633 μυρία
3721 5562 3827 5630 γὰρ

573 5648 801 5701 vitulum
835 5657 892 5701 ut
923 5657 1062 5715 erat,
1101 5657 1270 5704 totum
1319 5667 1384 5705 ex
1445 5667 1574 5706 auro
1639 5669 1775 5722 puro
1831 5666 1958 5724 puto
2013 5671 2144 5711 (.Olt-

2290 5673 2354 5709 σα
2385 5657 2501 5709 ἐστὶ
2537 5655 2604 5709 τὰ
2633 5655 2856 5726 Περσῶν
2883 5671 2944 5708 τε
2972 5654 3064 5709 καὶ
3097 5653 3298 5726 Μήδων
3338 5654 3487 5725 ἔθνη.
3527 5656 3584 5710 ’0
3608 5655 3706 5725 μὲν
3733 5651 3824 5708 οὖν

657 5827 702 5866 ιι
729 5826 826 5884 Ιτιι.
864 5843 974 5894 xrv,
1003 5827 1090 5896 27.
