4068 6538
217 377 353 434 2ιό
1171 380 1723 442 COMMENTARIUS
1760 385 1830 441 1N
1870 385 2103 444 OSEAM
2135 390 2573 448 PROPUETAM.
2978 437 2982 441 ρ
3384 402 3491 458 2ιῦ

165 568 169 577 ⁵
217 495 491 566 Βίαναῖμ,
511 497 587 559 ὡς
613 493 744 565 ὅλην
767 488 933 549 οὖσαν
958 496 1133 551 διόλου
1174 504 1406 573 χρυσῆν,
1438 503 1695 574 πέπομφε
1722 504 1821 575 τὴν

1931 506 2107 562 ﬂatum
2161 509 2327 565 misit.
2368 508 2527 581 ιω
2570 511 2737 577 Quem
2788 510 2981 568 Pbulas
3034 523 3312 584 acceptum
3364 530 3494 572 con-

214 586 492 656 δάμαλιν.
511 587 569 640 '0
617 587 675 640 δέ
710 604 776 656 γε
803 587 1012 653 Φούλας
1054 591 1349 646 συνέθλασε
1381 592 1560 649 λαϐὼν
1579 612 1593 626 ·
1628 594 1817 667 ἕτερον

1931 597 2081 668 l'regit
2111 617 2127 667 ;
2153 599 2297 653 aliud
2337 600 2481 654 enim
2528 615 2725 656 numen
2782 602 2991 673 Assyrii
3040 604 3244 670 colunt,
3287 621 3386 662 nec
3418 608 3495 662 vi-

183 666 190 678 ’
217 678 347 747 γὰρ
379 681 513 747 παρ’
565 679 795 743 ἐκείνοις
823 680 885 734 τὸ
920 681 1105 751 σέϐας,
1153 684 1249 738 καὶ
1278 685 1564 755 δαμάλεως
1592 686 1692 740 οὐκ
1719 687 1817 739 ἁν-

1931 666 2092 741 Lulum
2114 666 2119 667 ί
2139 689 2439 757 patiuntur.
2471 689 2665 745 Postea
2694 704 2800 745 non
2843 666 3073 761 amplius
3102 666 3348 760 aureum,
3399 698 3493 752 sed

220 768 477 837 ἐχονται.
526 764 660 823 Εἶτά
701 788 867 843 φησιν
923 773 1020 844 οὑχ
1068 774 1345 846 ηὑρῆσθαι
1398 777 1644 849 χρυσῆν,
1689 777 1820 831 ὑπόδ-

1931 790 1985 831 ex
2017 792 2123 832 aere
2144 792 2382 845 auroque
2413 779 2754 835 commistum
2787 781 3061 838 exstitisse
3093 795 3335 843 narrant.
3360 786 3493 843 llinc

219 856 441 925 χαλκον
468 858 525 911 δὲ
555 858 778 929 μᾶλλον,
802 861 993 931 χρυσῷ
1025 862 1499 935 διαπεπασμένην.
1517 865 1817 930 Ἐντεῦθεν,

1931 868 2200 938 Assyrium
2230 868 2465 925 irrisisse
2509 870 2785 940 Ephraim,
2824 871 2926 926 hoc
2972 881 3076 938 est,
3128 875 3354 929 Manaim
3411 892 3494 930 re-

223 949 776 1022 φησὶν,ὁ⁹Λσσύριος
802 953 1031 1021 ἐγέλασε
1048 955 1140 1008 τὸν
1168 958 1711 1028 Ἐφραῒμ,τουτέστι,
1729 960 1820 1013 τὸν

1931 973 2038 1026 gem
2098 959 2163 1013 de
2223 960 2364 1014 tribu
2393 960 2667 1031 Ephraim,
2711 971 2767 1017 et
2796 962 3080 1017 stultitiam
3116 964 3332 1020 lsraelis
3359 981 3492 1021 con-

222 1039 493 1109 Ma.vo.29.,
546 1042 639 1095 τὸν
684 1045 750 1096 ἐκ
792 1044 965 1114 φυλῆς
1006 1046 1266 1118 Ἐφραῖμα
1312 1048 1687 1118 βασιλεύοντα.
1733 1053 1821 1103 Δι-

1931 1050 2220 1118 tempsisse.
2246 1051 2497 1122 Exposita
2524 1052 2685 1123 igitur
2715 1052 2963 1119 historia,
2986 1054 3099 1108 sive
3147 1054 3493 1110 Hebraeorum

224 1127 441 1183 ἐπτυσε
487 1131 543 1185 δὲ
579 1133 716 1203 πρὸς
753 1134 928 1205 τούτῳ
964 1136 1059 1189 καὶ
1109 1136 1209 1201 τὰς
1241 1138 1339 1190 τοῦ
1376 1138 1590 1209 Ἰσραήλ
1624 1140 1818 1193 είκαιο·

229 1218 486 1285 δουλίας.
524 1223 819 1295 Ε’ίρηκότες
845 1226 911 1297 δὴ
954 1223 1049 1280 οὖν
1085 1229 1185 1299 τῆς
1225 1229 1484 1300 ἱστορίας,
1517 1231 1685 1301 ἧγουν
1725 1231 1823 1302 τῆς

242 1310 524 1383 Ἐϐραίων
558 1314 909 1385 παραδόσεως
939 1317 1030 1369 τὸν
1057 1316 1234 1386 λόγον,
1285 1318 1417 1391 φέρε
1442 1318 1626 1372 λοιπὸν
1664 1320 1823 1388 ἀναγ-

228 1402 416 1466 καίως
442 1404 820 1476 ἐπιτρέχωμεν
838 1406 936 1478 τήν
952 1407 1115 1472 λέξιν.
1143 1408 1523 1472 Δυσκάτοπτος
1547 1409 1675 1481 γὰρ,
1701 1411 1822 1464 Ὅτι

231 1495 675 1564 παροικήσουσιν
712 1497 762 1548 οἱ
801 1496 1184 1561 κατοικοῦντες
1210 1498 1546 1571 Σαμάρειαν,
1580 1500 1642 1553 τὸ
1679 1517 1822 1572 παρ-

230 1582 581 1653 οικήσουσιν,
631 1585 754 1637 ἀντὶ
791 1585 885 1638 τοῦ
934 1588 1371 1658 μετοικήσουσιν,
1416 1590 1537 1659 ἦτοι
1587 1606 1825 1661 μετοικι-

234 1671 553 1743 σθήσονται,
585 1675 768 1745 φησὶν,
796 1676 847 1728 οἱ
871 1675 964 1730 νῦν
985 1676 1135 1739 ὄντες
1160 1679 1219 1730 ἐν
1250 1679 1552 1751 Σαμαρείᾳ.
1573 1679 1736 1747 Λέγει
1764 1679 1824 1733 δὲ

229 1764 367 1827 τοὺς
396 1764 650 1835 μόσχους,
669 1767 789 1836 ἦτοι
807 1766 907 1830 τὰς
953 1767 1213 1838 δαμάλεις
1250 1767 1670 1839 ἐξεπέμφθησαν
1691 1769 1820 1840 γὰρ,

231 1855 318 1918 ὡς
347 1855 509 1925 ἔφην,
543 1858 624 1920 είς
654 1857 1048 1922 Βαϐυλωνίους.
1085 1878 1103 1910 ι
1155 1860 1267 1913 Καὶ
1308 1859 1573 1932 ἐπένθησε
1604 1860 1704 1931 μὲν
1732 1861 1820 1913 ἐπ’
1854 1840 1897 1895 Β

233 1947 432 2007 αὐτοῖς
466 1949 497 2000 6
527 1947 653 2012 λαὸς
682 1948 870 2002 αὐτοῦ.
910 1967 929 2000 ι
974 1950 1132 2013 Τίνος
1158 1950 1217 2003 δὲ
1245 1950 1445 2017 αὐτοῦς
1477 1951 1511 2022 ἢ
1535 1949 1715 2021 δῆλον,
1736 1952 1820 2005 ὅτι

233 2039 338 2091 τοῦ
366 2038 465 2103 ὥν,
494 2040 525 2093 ὅ
544 2042 681 2106 ἐστι,
703 2040 798 2095 τοῦ
818 2041 1074 2106 ’Δπιδοςς
1107 2042 1245 2113 πλὴν
1261 2043 1339 2105 ὡς
1358 2042 1638 2113 ὤφθησαν,
1659 2043 1816 2114 φησὶ,

1923 1139 2227 1205 traditione,
2266 1155 2363 1211 age
2396 1141 2646 1211 deinceps
2676 1144 2838 1197 verba
2873 1153 3156 1199 contextus
3183 1185 3198 1210 ,
3232 1155 3290 1199 ut
3333 1146 3496 1201 debe-

1923 1246 2064 1298 mus,
2104 1246 2506 1300 percurramus.
2554 1234 2771 1289 Minime
2814 1237 2956 1290 enim
3044 1238 3325 1306 perspicua
3413 1249 3496 1293 est

1923 1338 2106 1378 eorum
2168 1324 2451 1379 sententia.
2511 1322 2652 1379 Dicit
2718 1325 2880 1393 igitur
2943 1327 3153 1387 accolas
3218 1326 3333 1381 fore
3392 1328 3492 1382 ha-

1925 1411 2161 1466 bitantes
2211 1411 2537 1467 Samariam.
2587 1414 2799 1471 Accola:
2843 1426 3023 1480 erunt,
3082 1431 3201 1486 pro,
3243 1420 3498 1471 transmi—

1923 1497 2152 1563 grabtmt
2209 1500 2313 1555 alio
2356 1502 2677 1569 habitatum,
2731 1519 2824 1558 seu
2881 1504 2988 1565 alio
3029 1507 3095 1560 ad
3148 1505 3493 1562 habitandum

1928 1589 2325 1644 transferentur
2355 1591 2545 1648 incolae
2577 1593 2857 1649 Samarite.
2882 1594 3000 1662 Quo
3029 1596 3244 1651 nomine
3275 1597 3490 1662 vitulos,

1925 1692 2017 1732 seu
2063 1679 2283 1736 buculas
2323 1683 2608 1751 intelligit;
2640 1686 2705 1739 ad
2735 1685 3055 1765 Babylonios
3107 1687 3254 1741 enim
3311 1687 3490 1742 missa:

1926 1780 2071 1833 sunt,
2120 1780 2178 1823 ut
2223 1772 2400 1827 docui.
2431 1791 2450 1825 ι
2477 1773 2542 1828 Ει
2571 1774 2711 1830 luxit
2767 1791 2929 1845 super
2976 1777 3043 1831 iis
3067 1777 3293 1847 p0pulus
3323 1775 3491 1847 eius.»

1927 1859 2214 1926 Cujusnam
2270 1861 2518 1929 cjus?an
2570 1864 2671 1931 ὢν,
2727 1867 2778 1921 id
2826 1867 3187 1935 est,,Apidis?
3217 1866 3500 1922 Verumta-

1921 1964 2073 2016 men,
2130 1955 2580 2021 qucmadmodum
2634 1958 2731 2012 visi
2790 1967 2937 2025 sunt,
2991 1959 3185 2029 inquit,
3226 1976 3350 2015 eum
3402 1974 3501 2014 ex-

1914 2042 2173 2098 acerbare
2200 2053 2257 2099 et
2301 2058 2647 2103 contemnere
2684 2049 2809 2103 dum
2836 2049 2957 2106 aliis
2988 2051 3236 2117 mittunt,
3272 2052 3348 2108 ita
3398 2051 3493 2107 ιω-

237 2132 804 2201 παραπικραίνοντες.
848 2133 942 2187 καὶ
983 2132 1341 2201 ἀτιμάζοντες
1386 2133 1549 2188 αὐτὸν
1590 2134 1679 2187 διὰ
1722 2133 1817 2188 τοῦ

1937 2132 2168 2188 abuntur
2185 2148 2348 2204 super
2360 2137 2522 2205 gloria
2545 2139 2682 2208 ejus.
2704 2140 3251 2197 Existimabuntenim
3277 2158 3305 2197 a
3329 2142 3500 2212 pluri-

237 2220 490 2291 πέμπειν
539 2222 765 2292 ἑτέροις,
814 2223 959 2277 οὕτω
1012 2223 1338 2294 ἡσθήσονται
1370 2225 1464 2277 ἐπὶ
1514 2225 1614 2297 τήν
1664 2224 1818 2290 δόξαν

236 2311 435 2365 αὐτοῦ.
460 2312 726 2383 Νομιοῦσι
751 2312 883 2384 γὰρ,
905 2315 988 2368 ὅτι
1018 2314 1115 2367 καὶ
1143 2315 1276 2367 πολὺ
1299 2314 1418 2368 λίαν
1444 2314 1829 2384 εὐκλεέστερος

238 2400 423 2469 ἔσται,
470 2404 623 2474 παρὰ
657 2404 917 2458 πλειόνων
948 2404 1119 2459 ἐθνῶν
1152 2405 1647 2476 προσκυνούμενος.
1686 2404 1827 2456 Ἀλλ’

240 2492 605 2563 ἡμαρτήκασι
648 2496 747 2564 τῆς
796 2494 1031 2559 ἐλπίδος.
1067 2494 1508 2566 Συντέθραυσται
1559 2494 1690 2566 γὰρ,
1732 2496 1828 2547 καὶ

238 2583 487 2650 γέλωτος
514 2585 735 2655 ἀφορμὴ
773 2587 883 2650 τοῖς
909 2584 1273 2648 Βαδυλωνίοις
1314 2580 1405 2654 ἦν.
1434 2583 1645 2638 Οὐκοῦν
1677 2600 1828 2637 τετα-

240 2674 605 2746 λαιπὼρηκεν
651 2678 685 2747 ἡ
732 2676 898 2748 στήλη
956 2676 1137 2729 αὐτῶν
1181 2675 1321 2729 κατὰ
1371 2674 1469 2745 τὴν
1518 2673 1683 2727 αὑτοῦ
1732 2674 1826 2726 τοῦ

244 2767 540 2836 προφήτου
574 2768 779 2838 φωνήν.
813 2767 1239 2839 Παρεπίκραναν
1270 2766 1327 2819 δὲ
1357 2764 1449 2819 τὸν
1484 2766 1709 2835 μόσχον,
1731 2765 1830 2833 οὐχ

241 2858 331 2911 ὅτι
386 2859 809 2930 παρεπικράνθη
861 2858 1004 2913 κατὰ
1044 2859 1107 2912 τὸ
1153 2856 1383 2929 ἀληθές·
1441 2855 1559 2919 πῶς
1602 2855 1708 2928 γὰρ
1764 2853 1830 2907 ἂν

242 2950 413 3003 τοῦτο
466 2950 735 3003 πέπονθεν
782 2948 1109 3021 ἀναίσθητος
1142 2947 1273 3020 ὕλης
1309 2946 1425 3001 ἀλλ’
1458 2947 1543 3000 ὅτι
1580 2945 1689 2999 τῶν
1735 2946 1829 3012 €7-

1923 2223 2024 2277 lms
2054 2225 2304 2293 gentibus
2354 2228 2637 2283 adoratum
2670 2229 3038 2300 gloriosiorem
3079 2231 3344 2288 futurum.
3393 2234 3498 2289 Sed

1935 2315 2123 2369 fefellit
2171 2332 2263 2372 eos
2291 2333 2435 2387 spes.
2482 2319 2801 2376 Contractus
2826 2322 2992 2388 enim,
3054 2324 3277 2378 materia
3347 2323 3492 2378 risus

1933 2416 1985 2460 et
2033 2406 2135 2474 ioci
2178 2408 2493 2479 Babyloniis
2546 2411 2667 2466 fuit.
2699 2412 2964 2479 Quocirca
3007 2412 3261 2468 amictum
3294 2422 3379 2469 est
3423 2414 3499 2468 si-

1934 2495 2229 2551 mulacrum
2262 2497 2523 2566 ipsorum,
2570 2509 2632 2553 ut
2663 2501 2750 2555 hic
2780 2501 2892 2571 ipse
2918 2503 3177 2571 propheta
3212 2503 3362 2557 dicit.
3390 2503 3494 2557 Ex-

1934 2586 2325 2642 acerbaverunt
2353 2599 2532 2643 autem
2565 2591 2809 2658 vitulum,
2843 2605 2949 2645 non
2998 2593 3122 2661 quia
3172 2607 3360 2647 revera
3398 2608 3494 2647 ex-

1934 2678 2216 2733 acerbatus
2267 2680 2336 2735 sit
2363 2679 2383 2753 (
2411 2682 2501 2750 qui
2531 2683 2675 2737 enim
2714 2683 2794 2739 sic
2842 2682 3143 2739 alliceretur
3195 2698 3279 2738 res
3308 2699 3499 2739 sensus

1933 2778 2127 2834 expers
2148 2765 2213 2836 ξ’),
2250 2769 2346 2823 sed
2396 2758 2521 2839 quia
2562 2770 2688 2826 l‘acti
2747 2780 2937 2827 natura
2986 2773 3158 2842 ipsum
3211 2772 3497 2837 irritasset,

1936 2857 1978 2909 si
2020 2871 2146 2911 vere
2209 2858 2342 2913 deus
2411 2859 2641 2928 fuisset,
2677 2871 2733 2918 et
2786 2872 2973 2919 eventa
3021 2879 3118 2919 sua
3171 2864 3369 2919 sentire
3414 2881 3501 2934 po-

1937 2948 2148 3003 luisset.

244 3040 603 3110 χειρημάτων
639 3041 673 3111 ή
708 3038 936 3110 δύναμις
995 3038 1348 3110 παρώργισεν
1386 3037 1454 3092 ἂν
1484 3035 1666 3102 αὑτὸν,
1706 3035 1861 3105 εἰπερ
1898 3028 1967 3105 ἦν
2031 3036 2201 3102 ὅντως
2241 3038 2384 3107 θεὸς,
2419 3041 2512 3095 καὶ
2544 3043 2603 3094 ὲν
2640 3042 2887 3113 αἰσθήσει
2916 3043 3011 3098 τοῦ
3038 3042 3229 3098 παθεῖν
3256 3041 3326 3097 τὰ
3360 3058 3500 3113 συμ-

246 3132 527 3204 σεϐηκότα

320 3228 448 3280 Ὅτι
472 3226 810 3295 μετῳκίσθη
836 3226 937 3281 ἀπ’
977 3224 1198 3290 αὐτοῦ,
1229 3214 1327 3278 καί
1361 3222 1548 3277 αὑτὸν
1576 3223 1663 3287 είς
1704 3221 1829 3275 Ἀσ-

2009 3215 2172 3273 Vsus.
2206 3216 2258 3271 6.
2294 3217 2431 3283 Quia
2468 3219 2757 3273 translatus
2798 3229 2873 3274 est
2927 3236 2991 3273 aa
3032 3230 3187 3285 eo,el
3228 3237 3397 3289 ipsum
3446 3242 3502 3279 ιη

245 3317 503 3383 συρίους
534 3315 833 3382 δήσαντες
871 3315 1227 3381 ἀπήνεγκαν
1260 3313 1430 3377 ξένια
1468 3310 1548 3377 τῷ
1584 3308 1837 3376 ,βασιλεῖ

260 3407 498 3475 Ἰαρειᾷι.
531 3407 628 3460 Ἐν
658 3406 867 3475 δόματι
895 3406 1139 3473 Ἐερραῒμ
1172 3403 1428 3468 δέξεται,
1455 3401 1556 3457 καί
1586 3403 1833 3469 αἰσχυν-

250 3497 509 3563 θήσεται
546 3496 785 3566 Ἰσραὴλ
807 3498 877 3549 ἐν
914 3495 987 3563 τῇ
1012 3494 1219 3563 ,ϐουλῄ⁹
1245 3494 1449 3549 αὐτοῦ.

325 3588 479 3642 PIE'.
496 3588 718 3642 Ἑαυτὸν
743 3590 877 3659 ήμῖν
908 3588 937 3639 6
964 3586 1301 3657 προφητικὸς
1327 3582 1618 3654 ὲρμηνεύει
1652 3581 1828 3649 λόγος.

254 3681 325 3733 ’0
355 3679 469 3749 γὰρ
515 3680 735 3749 εἴρηκεν
782 3677 1058 3749 ἀμυδρῶς,
1107 3677 1267 3730 τοῦτο
1313 3676 1565 3746 πειρᾶται
1612 3674 1825 3744 διατρα-

249 3768 403 3822 νοῦν.
448 3768 774 3839 Μετῳκίσθη
817 3768 924 3838 γὰρ
967 3770 996 3821 6
1043 3768 1243 3838 μόσχος
1310 3766 1418 3820 ἀπὸ
1460 3765 1552 3819 τοῦ
1596 3764 1829 3835 Ἰσραὴλ,

253 3861 353 3913 καὶ
400 3860 659 3929 δήσαντες
705 3860 869 3913 αὐτὸν
908 3858 1328 3929 (χαριεντίζεται
1365 3856 1423 3911 δὲ
1457 3858 1486 3909 6
1518 3854 1696 3925 λόγος)
1737 3858 1834 3909 ἁπ-

250 3950 523 4018 εκόμισαν
550 3949 699 4013 ξένια
725 3948 803 4019 τῷ
838 3948 1048 4018 βασιλεῖ
1088 3948 1314 4017 Ἰαρεὶμ,
1349 3947 1376 3998 ὃ
1404 3947 1570 4005 ἐστιν,
1612 3945 1829 4015 ὲκδίκῳ.

261 4040 546 4094 Ἐκαλεῖτο
581 4040 689 4110 γὰρ
722 4041 801 4102 είς
829 4039 1164 4110 ἐπικουρίαν,
1193 4039 1285 4090 καὶ
1316 4037 1474 4090 οἱονεί
1503 4054 1619 4099 πως
1646 4037 1726 4097 είς
1762 4034 1822 4088 τὸ

249 4129 545 4199 ἐκδικῆσαι
597 4131 694 4199 τὴν
738 4128 1051 4199 Σαμάρειαν
1095 4125 1519 4197 ὁλοθρευομένην
1569 4123 1674 4176 ὑπὸ
1726 4121 1833 4176 τῶν

250 4220 467 4289 Σύρων.
524 4219 685 4271 Ἀλλὰ
730 4218 942 4285 δέξεται
980 4219 1077 4289 μὲν
1117 4220 1145 4270 ὁ
1182 4217 1386 4279 Φούλας
1427 4216 1502 4279 ὡς
1543 4216 1600 4267 ὲν
1640 4214 1833 4283 δόματι

252 4313 413 4381 παρὰ
437 4310 529 4364 τοῦ
565 4312 802 4382 Ἐφραῒμ
826 4311 925 4382 τὴν
950 4310 1199 4381 δάμαλιν,
1226 4308 1464 4380 Ἐφραίμ
1492 4308 1549 4361 δέ
1576 4324 1712 4378 φησι
1739 4306 1833 4358 τὸν

251 4404 355 4457 τοῦ
393 4404 609 4473 Ἰσραὴλ
640 4403 881 4472 βασιλέα.
929 4402 1073 4473 Πλὴν
1111 4420 1129 4452 ι
1160 4399 1612 4469 Αίσχυνθήσεται,
1647 4395 1831 4466 φησὶν,

252 4498 285 4549 6
332 4495 547 4566 Ἰσραήλ
596 4496 688 4548 ἐπὶ
717 4497 839 4558 ταῖς
869 4492 1066 4547 ἑαυτοῦ
1096 4491 1329 4563 βουλαῖς.
1368 4509 1388 4543 ι
1432 4489 1555 4543 Ὅτι
1592 4488 1721 4559 γὰρ,
1757 4488 1833 4550 ὡς

254 4586 422 4655 ἔφην,
458 4586 667 4656 ἀπέστη
699 4585 798 4655 μὲν
834 4583 928 4637 τοῦ
963 4584 1141 4636 πάντα
1172 4580 1447 4652 ἰσχύοντος
1478 4578 1635 4642 Θεοῦ,
1660 4578 1833 4631 είλετο

254 4679 313 4732 δὲ
354 4678 555 4748 μᾶλλον
602 4675 865 4745 δαμάλεσι
915 4674 1257 4746 προσκυνεῖν,
1305 4669 1703 4738 καταγέλαστος
1739 4664 1829 4739 ἦν,

258 4768 356 4821 καὶ
382 4767 738 4836 κατειρωρᾶτο
770 4762 952 4817 πεσὼν
983 4764 1063 4825 είς
1099 4760 1344 4832 γραὼδη,
1367 4760 1461 4813 καὶ
1480 4758 1714 4829 ψυχρὰν,
1735 4757 1831 4811 καὶ

258 4859 518 4927 ἀνόνητον
564 4855 973 4909 είχαιοϐουλίαν.
1033 4852 1308 4922 Ἀληθεύει
1340 4852 1405 4923 δὴ
1443 4845 1535 4905 οὖν
1567 4852 1595 4903 6
1627 4850 1834 4920 προφή-

257 4967 380 5020 της,
413 4949 612 5020 μᾶλλον
636 4948 694 5001 δὲ
722 4947 854 5010 Θεὸς
874 4984 888 5009 ,
916 4948 965 4999 εί
992 4944 1138 5013 λέγοι
1165 4943 1253 4997 διὰ
1288 4944 1469 5013 φωνῆς
1494 4942 1666 5010 ἁγίων
1704 4958 1769 4992 πε
1780 4940 1833 5009 ρὶ

258 5041 367 5094 τῶν
397 5038 831 5109 λελατρευκότων
862 5039 975 5100 τοῖς
1022 5037 1204 5108 ἔργοις
1248 5035 1355 5089 τῶν
1387 5032 1585 5104 χειρῶν
1632 5031 1829 5094 αὐτῶν,

267 5153 282 5182 ι
322 5133 492 5185 Ἴδετε
535 5131 619 5184 ὅτι
680 5129 870 5193 σποδὸς
916 5130 949 5200 ή
995 5127 1189 5199 καρδία
1240 5125 1448 5189 αὐτῶν,
1484 5144 1502 5175 ι
1555 5124 1650 5176 καὶ
1700 5123 1833 5175 πλα-

258 5223 485 5279 νῶνται.

346 5311 633 5382 Ἀρμόσειε
674 5309 720 5362 δ’
762 5308 829 5363 ἂν
876 5311 904 5362 ὁ
945 5308 1101 5376 λόγος
1142 5308 1236 5365 καὶ
1284 5310 1393 5371 τοῖς
1451 5307 1519 5359 τὰ
1562 5304 1697 5374 ὀρθὰ
1736 5304 1834 5374 τῆς

273 5402 607 5471 Ἐκκλησίας
641 5401 976 5473 παραλύουσι
1010 5401 1276 5471 δόγματα.
1309 5400 1519 5468 Ὠσπερ
1544 5397 1654 5466 γὰρ
1678 5397 1713 5465 ή
1738 5394 1832 5452 δά·

266 5493 429 5563 μαλις
473 5494 865 5565 συντριϐομένη
919 5493 1016 5564 τήν
1065 5492 1160 5549 τοῦ
1205 5490 1422 5563 Ἰσραὴλ
1476 5486 1702 5560 ἤλεγξεν
1758 5489 1836 5540 εί⁴

263 5584 597 5651 καιολογίαν,
661 5583 803 5638 οὕτω
857 5584 951 5638 καὶ
1012 5582 1079 5638 τὶ
1140 5582 1364 5635 ἐκείνων
1415 5580 1658 5650 δόγματα
1719 5577 1835 5639 ταῖς

353 5758 400 5789 ⁸⁷
427 5756 555 5829 Sap.
589 5772 678 5824 xv,
710 5758 792 5813 10.

1932 3308 2173 3378 Assyrios
2205 3308 2420 3377 ligatum
2467 3309 2792 3363 abduxerunt
2821 3327 3040 3365 munera
3078 3313 3187 3382 regi
3216 3312 3406 3368 Iarim.
3434 3315 3498 3369 In

1932 3401 2067 3453 dono
2114 3398 2368 3468 Ephraim
2412 3401 2697 3467 suscipiet;
2729 3409 2779 3455 et
2822 3401 3175 3470 confundetur
3232 3402 3399 3458 Israel
3445 3406 3501 3459 in

1931 3490 2151 3544 consilio
2202 3507 2314 3544 suo.

2001 3580 2162 3637 CXV.
2226 3581 2471 3650 Seipsum
2540 3581 2697 3636 nobis
2758 3581 3104 3653 propheticus
3159 3596 3339 3637 sermo
3402 3600 3499 3638 ex-

1933 3670 2133 3739 planat.
2197 3667 2348 3735 Quod
2399 3670 2545 3723 enim
2602 3669 2738 3722 dixit
2817 3669 3143 3735 involutius,
3198 3670 3299 3726 hoc
3348 3675 3499 3727 evol-

1932 3773 2057 3814 vere
2083 3760 2290 3815 nititur.
2358 3759 2677 3815 Translatus
2704 3768 2789 3815 est
2838 3760 3034 3831 quippe
3070 3760 3267 3817 vitulus
3296 3765 3365 3818 ab
3419 3766 3499 3819 ls-

1936 3849 2063 3913 rael,
2094 3859 2148 3904 et
2177 3849 2397 3920 ligatum
2432 3865 2553 3907 eum
2585 3851 2843 3923 (jocatur
2863 3851 3005 3908 enim
3037 3851 3237 3909 festive
3268 3857 3503 3926 prophe-

1933 3941 2027 4009 ta)
2061 3951 2404 4009 aSportarunt
2429 3957 2530 4011 pro
2566 3959 2785 3999 munere
2821 3945 2935 4017 regi
2972 3945 3155 4012 larim,
3218 3947 3320 4002 hoc
3374 3957 3459 4003 est
3482 3986 3500 4012 ,

1934 4031 2115 4087 ultori.
2151 4032 2383 4089 Vocatus
2414 4034 2556 4088 enim
2586 4034 2765 4089 fuerat
2797 4036 2867 4091 ad
2919 4035 3199 4101 auxilium,
3248 4046 3303 4093 et
3335 4038 3499 4092 veluti
3526 4086 3533 4091 .

1933 4124 1999 4177 ad
2038 4123 2409 4179 vindicandam
2465 4124 2787 4191 Samariam,
2839 4142 2999 4197 quam
3051 4125 3174 4198 Syri
3229 4129 3498 4197 perditum

1933 4216 2241 4272 veniebant.
2301 4217 2408 4272 Sed
2471 4218 2731 4288 suscipiet
2803 4218 3018 4289 quidem
3087 4218 3284 4274 Phulas
3357 4221 3495 4274 vitu-

1936 4306 2046 4360 lum
2119 4318 2178 4361 ut
2241 4310 2442 4362 donum
2493 4308 2794 4378 Ephraim,
2848 4324 2878 4363 a
2946 4324 3072 4380 rege
3126 4309 3289 4366 Israel
3343 4312 3496 4366 vide-

1936 4397 2092 4464 licet;
2134 4399 2483 4454 nihilominus
2516 4418 2536 4452 ι
2573 4399 2938 4456 confundetur
2964 4400 3147 4467 Israel,
3187 4401 3379 4471 inquit,
3446 4404 3499 4457 in

1937 4489 2180 4545 consiliis
2212 4490 2343 4544 suis.
2383 4508 2402 4542 ι
2431 4489 2694 4557 Quoniam
2747 4491 2912 4558 enim,
2942 4499 3002 4545 ut
3027 4491 3156 4556 dixi,
3191 4491 3260 4547 ab
3314 4491 3504 4548 Omni-

1938 4587 2155 4648 potente
2184 4579 2430 4644 descivit,
2461 4587 2513 4634 et
2548 4580 2742 4634 vitulos
2773 4580 3002 4635 adorare
3041 4580 3252 4646 maluit,
3300 4581 3503 4635 ridicu-

1937 4670 2021 4725 lus
2051 4671 2170 4732 fuit.
2206 4669 2362 4742 14⁵1
2398 4679 2453 4725 et
2483 4670 2535 4724 in
2565 4670 2779 4736 anilem,
2810 4670 3067 4740 ineptam,
3101 4670 3346 4735 inutilem
3377 4686 3506 4726 ron-

1938 4761 2041 4815 silii
2101 4763 2392 4815 vanitatem
2441 4761 2643 4815 abiisse
2706 4761 3072 4830 deprehensus
3133 4770 3237 4819 est.
3301 4761 3502 4817 Verum

1938 4850 2102 4919 igitur
2131 4851 2259 4905 dicit
2288 4851 2571 4919 propheta,
2603 4850 2710 4905 imo
2758 4851 2917 4915 Deus,
2959 4866 3079 4907 cum
3126 4866 3225 4921 per
3261 4865 3324 4913 os
3386 4834 3507 4908 san-

1938 4950 2146 4995 ctorum
2176 4939 2306 4994 dicit
2332 4940 2397 4994 de
2428 4939 2928 5009 iis,quiservierunt
2952 4940 3205 5011 operibus
3235 4957 3495 4998 manuum

1939 5046 2202 5085 suarum:
2283 5049 2302 5083 ι
2358 5029 2583 5087 Vidistis
2639 5031 2766 5101 quia
2814 5031 2951 5087 cinis
3006 5032 3169 5088 corda
3197 5033 3497 5099 eorum",i

1938 5133 1994 5178 et
2020 5124 2365 5180 seducuntur.

2004 5297 2516 5354 Accoinmodabitur
2547 5296 2724 5350 oratio
2757 5294 2919 5350 etiam
2973 5295 3026 5349 in
3060 5309 3156 5350 eos
3203 5296 3296 5364 qui
3348 5306 3497 5349 recta

1937 5390 2192 5448 Ecclesiae
2205 5391 2455 5457 dogmata
2474 5389 2789 5457 depravant.
2808 5386 2962 5442 Sicut
2981 5386 3130 5441 enim
3148 5385 3347 5440 vitulus
3361 5401 3505 5440 cmu-

1938 5484 2182 5538 minutus
2204 5480 2419 5537 lsraelis
2451 5478 2746 5533 amentiam
2772 5478 3048 5548 coarguit,
3092 5477 3163 5531 ita
3195 5485 3249 5530 et
3280 5476 3500 5529 illorum

1938 5573 2188 5643 dogmata
2212 5568 2652 5640 inquisitionibus
2675 5568 2931 5634 contrita,
2954 5576 3010 5623 et
3027 5568 3076 5622 vi
3103 5564 3352 5621 veritatis
3366 5568 3499 5617 con-
