4068 6546
636 390 737 447 251

1552 414 1557 419 -
1621 386 1680 444 S.
1720 384 1994 442 CYMLLI
2029 384 2506 442 ALEXANDRINI
2547 385 2867 443 ARCHIEP.

3779 392 3899 448 ωε

638 504 854 558 litarum
890 513 1055 553 vanos
1086 510 1366 552 sermones
1388 505 1444 552 et
1472 512 1623 567 spem
1653 497 1861 553 futilem
1897 511 1961 552 ac
2004 508 2073 551 oe
2095 508 2201 552 cor-

2314 496 2513 565 ἔξωθεν
2562 498 2951 570 Ἰερουσαλὴμ,
3000 497 3096 551 καὶ
3138 499 3493 572 ἑπλήσθημεν
3540 501 3744 574 ἄρτων,
3793 507 3896 558 καὶ

639 598 779 651 libus
804 592 941 647 dicit
975 608 994 643 ι
1025 591 1098 645 ibi
1131 598 1423 656 steterunt,
1449 609 1468 642 ι
1505 590 1607 644 hoc
1625 596 1729 655 est,
1784 598 1840 642 ut
1895 587 1995 657 ipsi
2045 587 2209 643 dicti-

640 695 780 749 tant,
809 694 901 738 aut
941 681 1135 737 saltem
1171 681 1509 748 existimant,
1561 681 1636 735 ibi
1687 679 1849 736 cultis
1898 679 2057 735 idolis
2097 689 2210 735 sta-

638 776 799 830 bilem
830 774 1143 829 felicitatem
1169 773 1457 827 consecuti
1480 781 1626 836 sunt,
1654 782 1708 826 et
1742 771 1794 823 in
1826 770 1985 825 bouis
2014 770 2211 825 immo-

638 866 835 921 bilibus
870 866 1253 926 constiterunt,
1284 872 1423 917 etut
1457 863 1679 932 insuper
1706 862 1811 916 sibi
1847 862 2200 931 persuadent,

639 973 743 1011 non
758 957 1177 1026 comprehendet
1195 970 1289 1009 eos
1315 955 1368 1007 in
1395 953 1533 1008 colle
1554 954 1660 1007 ulla
1680 969 1906 1023 prorsus
1932 952 2207 1022 molestia,

638 1047 681 1100 si
708 1046 943 1116 legitima
967 1044 1303 1114 seulptilibus
1350 1051 1609 1112 praestare
1654 1056 1761 1096 non
1800 1041 2199 1096 recusaverint.

639 1138 745 1193 Sed
771 1137 997 1205 decepti,
1017 1144 1074 1189 et
1105 1149 1199 1203 spe
1232 1150 1326 1189 sua
1362 1133 1528 1188 delusi
1558 1143 1707 1197 sunt,
1752 1133 1948 1201 inquit.
1995 1132 2203 1187 Invasit

638 1230 789 1286 enim
830 1244 927 1284 eos
962 1227 1160 1282 bellum
1188 1236 1444 1295 tanquam
1497 1226 1636 1281 ﬁlios
1665 1224 1988 1294 iniquitatis,
2019 1231 2076 1279 et
2116 1239 2213 1278 ex-

637 1320 897 1391 perientia
934 1320 1049 1387 ipsa
1094 1318 1449 1380 erudientur,
1506 1316 1751 1371 odiosam
1785 1328 1906 1370 esse
1955 1314 2205 1369 rebellio-

640 1428 765 1467 nem
798 1429 811 1477 ;
844 1421 899 1466 et
937 1411 1182 1479 quinam,
1215 1419 1309 1463 aut
1341 1407 1502 1478 150
1549 1422 1649 1475 per
1693 1421 1829 1475 quos
1877 1405 2205 1474 corripiendi

637 1502 766 1564 sint.
815 1517 912 1570 per
958 1501 1251 1554 maximum
1294 1498 1545 1553 videlicet
1593 1497 1950 1566 hostilemque
1995 1496 2207 1550 exerci-

636 1604 749 1648 tum
780 1613 793 1648 :
821 1595 924 1648 hoc
954 1593 1100 1647 enim
1130 1600 1213 1647 est
1243 1591 1390 1663 quod
1438 1590 1608 1653 dicit,
1679 1608 1697 1640 ι
1731 1588 2209 1659 congregabuntur

635 1682 816 1753 populi
850 1696 1013 1753 super
1041 1696 1158 1745 eos,
1203 1699 1222 1733 ι
1255 1688 1310 1735 et
1338 1679 1478 1735 mala
1507 1678 1630 1733 belli
1670 1677 1831 1750 plane
1863 1675 2208 1745 occupabunt

636 1774 757 1828 illos
781 1774 906 1827 dum
940 1772 1326 1839 corripientur,
1390 1788 1408 1823 ι
1446 1780 1665 1841 propter
1714 1770 1849 1824 duas
1894 1767 2209 1837 iniquitates

2310 589 2608 659 ἐγενόμεθα
2637 590 2900 661 χρηστοὶ,
2940 589 3037 643 καὶ
3063 591 3211 645 κακά
3251 593 3354 645 οὐκ
3396 592 3634 663 εἴδομεν.
3666 595 3778 648 Καὶ
3814 596 3896 659 ὡς
3932 584 3943 647 ἓ

2309 680 2622 750 διελίπομεν
2675 681 2978 750 θυμιῶντες
3029 683 3095 752 τῇ
3142 681 3428 755 βασιλίσσῃ
3478 684 3575 737 τοῦ
3624 683 3894 756 οὐρανοῦ,

2309 768 2701 840 ήλαττώθημεν
2739 770 2937 834 πάντες
2967 772 3151 840 ἡμεῖς,
3181 771 3277 824 καὶ
3312 772 3370 824 ὲν
3403 773 3671 843 ῥομφαίᾳ,
3703 776 3803 826 atat
3829 776 3892 827 ὲν

2310 860 2451 931 λιμῷ
2483 860 2821 931 ὲξελίπομεν.
2859 878 2878 912 ι
2915 861 3169 913 Αἱτιᾶται
3206 861 3384 915 τοίνυν
3420 863 3529 915 τῶν
3569 863 3627 931 ἐξ
3667 863 3894 934 Ἰσραὴλ

2309 951 2442 1005 αὐτό
2474 969 2530 1003 τι
2581 952 2642 1004 τὸ
2680 951 3028 1022 εἰκαιόμυθον
3062 952 3157 1005 καὶ
3186 952 3249 1005 τὸ
3281 953 3481 1024 σαθρὸν
3512 954 3615 1023 τῆς
3647 955 3890 1018 ἐλπίδος,

2310 1042 2404 1096 καί
2452 1059 2584 1112 φησι
2625 1041 2755 1111 περὶ
2797 1041 2907 1094 τῶν
2941 1040 3177 1110 βυυνῶν,
3218 1042 3301 1094 ὅτι
3348 1061 3367 1093 ι
3399 1043 3516 1096 ἐκεῖ
3555 1042 3817 1113 ἔστησαν,
3867 1063 3886 1094 ι

2308 1134 2609 1193 τουτέστιν,
2643 1135 2723 1187 ὅτι
2756 1132 3007 1204 καθάπερ
3046 1132 3200 1186 αὐτοί
3233 1150 3417 1201 φασιν,
3448 1134 3480 1205 ἢ
3515 1133 3647 1202 γοῦν
3677 1136 3892 1187 οἴονται

2311 1226 2452 1280 κατά
2504 1227 2667 1296 σφᾶς,
2731 1226 2848 1278 ἐκεῖ
2897 1226 3011 1288 τοῖς
3058 1223 3318 1294 γλυπτοῖς
3356 1225 3780 1295 λατρεύσαντες,
3830 1225 3893 1278 τὸ

2306 1317 2550 1387 ἀσφαλὲς
2592 1318 2861 1386 ἐσχήκασι
2886 1318 2986 1386 τῆς
3011 1315 3331 1386 εὐημερίας,
3361 1316 3457 1370 καὶ
3482 1318 3540 1369 ὲν
3569 1316 3894 1386 ἀκλονήτοις

2309 1408 2542 1478 ἔστησαν
2586 1407 2829 1474 ἀγαθοῖς.
2875 1407 2985 1460 Καὶ
3008 1404 3085 1469 ὥς
3131 1422 3195 1474 γε
3235 1407 3439 1460 οἴονται
3485 1406 3667 1469 πάλιν,
3697 1406 3767 1457 οὐ
3817 1404 3893 1474 μὴ

2309 1498 2592 1569 καταλάϐῃ
2613 1499 2811 1561 αὐτοὺς
2838 1498 2897 1551 ὲν
2922 1497 3002 1568 τῷ
3025 1497 3222 1568 βουνῷ,
3246 1498 3307 1552 τὸ
3338 1497 3482 1552 κατά
3508 1515 3561 1551 τι
3584 1498 3716 1566 γοῦν
3752 1497 3893 1558 ὅλως

2307 1591 2499 1644 λυπεῖν
2540 1589 2749 1653 εἰωθὸς,
2777 1591 2825 1643 εἰ
2857 1589 3101 1660 πληροῦν
3134 1588 3338 1643 ἕλοιντο
3370 1592 3484 1653 τοῖς
3527 1588 3792 1657 γλυπτοῖς
3824 1588 3894 1639 τὰ

2306 1679 2687 1753 νενομισμένα.
2732 1678 2874 1732 Ἀλλ’
2911 1679 3244 1750 ήπάτηνται,
3271 1680 3427 1749 φησὶ,
3456 1679 3552 1731 καὶ
3580 1678 3894 1748 διημαρτή-

2308 1790 2437 1827 κασι
2461 1772 2563 1842 τῆς
2588 1771 2822 1835 ἐλπίδος.
2859 1771 3113 1839 ’Λφῖκται
3152 1768 3261 1841 γὰρ
3300 1767 3366 1839 δὴ
3396 1768 3632 1838 πόλεμος
3662 1766 3757 1819 ἐπ’
3791 1765 3893 1819 αῦ-

634 1866 876 1935 ipsorum
911 1882 931 1915 ι
972 1864 1102 1930 Quae
1132 1863 1321 1933 quales
1372 1863 1502 1927 sint,
1560 1860 1865 1915 luculenter
1922 1858 2076 1913 nobis
2110 1872 2201 1928 per

2309 1860 2458 1923 τοὺς,
2494 1858 2705 1921 ἀδικίας
2750 1857 2909 1920 ὄντας
2952 1856 3141 1920 τέκνα,
3193 1856 3288 1910 καὶ
3336 1856 3425 1909 διά
3471 1855 3665 1927 πείρας
3713 1854 3893 1923 αὐτῆς

632 1971 696 2010 os
723 1954 971 2010 Ieremia:
1034 1954 1342 2008 indicavit:
1382 1970 1401 2003 ι
1462 1950 1752 2021 Obstupuit
1800 1950 1995 2004 caelum
2042 1962 2204 2016 super

634 2046 757 2111 hoc,
786 2058 840 2101 et
874 2046 1140 2100 inhorruit
1170 2054 1323 2098 extra
1371 2042 1585 2097 modum
1624 2042 2008 2104 vehementer,
2061 2038 2198 2093 dicit

634 2139 912 2203 Dominus,
975 2138 1096 2207 quia
1123 2140 1247 2201 duo,
1304 2145 1358 2190 et
1392 2134 1532 2188 mala
1584 2134 1710 2188 fecit
1745 2131 1969 2201 populus
2017 2144 2192 2185 meus.

631 2233 715 2284 lle
744 2230 1143 2297 dereliquerunt
1170 2228 1372 2281 fontem
1395 2240 1547 2294 aqua:
1569 2225 1830 2289 viventis;
1859 2232 1912 2276 et
1945 2222 2201 2277 foderunt

628 2318 735 2374 sibi
766 2317 913 2371 lacus
942 2317 1206 2371 contritos
1254 2314 1345 2370 oui
1381 2330 1485 2368 non
1515 2323 1767 2373 poterunt
1818 2326 2013 2385 aquam
2060 2326 2197 2366 con-

630 2411 803 2464 tinere
830 2410 898 2467 ”.
934 2428 952 2461 ι

2311 1943 2786 2014 παιδευθήσονται,
2819 1943 3015 2014 πικρὸν
3047 1944 3130 1997 ὅτι
3154 1943 3215 1996 τὸ
3242 1943 3481 2013 ἑξήνιον·
3522 1943 3620 1997 καὶ
3647 1943 3800 2005 τίνες
3826 1942 3893 1995 ἂν

2307 2032 2439 2100 εἷεν,
2472 2034 2539 2089 δι’
2569 2028 2645 2088 ὧν
2675 2033 2887 2087 ἔσονται
2915 2033 2985 2087 τά
3012 2034 3092 2097 εἰς
3114 2033 3360 2087 παιδείαν
3389 2032 3594 2097 αὐτοῖς,
3613 2031 3893 2101 ἀπλείστη

2306 2139 2391 2185 τις
2437 2122 2535 2191 ὅση
2583 2119 2857 2190 πολεμίων
2901 2122 3192 2192 ὁμήγυρις.
3246 2120 3419 2174 Τοῦτο
3463 2121 3575 2193 γάρ
3621 2123 3742 2174 ἐστι
3806 2121 3889 2184 τδ,

2307 2232 2326 2266 ι
2363 2214 2798 2282 Συναχθήσονται
2848 2213 2934 2264 ἐπ’
2982 2212 3177 2275 αὐτοὺς
3216 2211 3356 2277 λαοὶ,
3393 2232 3412 2265 ι
3464 2214 3560 2267 καὶ
3591 2213 3660 2266 τά
3688 2214 3757 2264 ἑκ
3794 2208 3892 2263 τοῦ

2304 2306 2541 2375 πολέμου
2576 2303 2727 2357 δεινὰ
2762 2302 3103 2374 συμϐήσεται
3150 2304 3397 2368 πάντως,
3431 2306 3488 2357 ὲν
3522 2303 3601 2375 τῷ
3636 2300 3894 2356 παιδεύερ

2304 2396 2428 2449 σθαι
2456 2395 2686 2457 αὐτοὺς,
2733 2412 2752 2444 ι
2800 2394 2927 2447 Ἐπὶ
2966 2396 3086 2457 ταῖς
3129 2394 3280 2448 δυσὶν
3320 2395 3560 2457 ἀδικίαις
3608 2394 3822 2448 αὐτῶν.
3864 2410 3886 2444 ι

627 2500 739 2554 Καὶ
769 2501 898 2552 ποῖα
929 2497 993 2570 δὴ
1024 2497 1196 2551 ταῦτά
1236 2497 1375 2559 ἐστι,
1434 2493 1769 2565 σαφέστερον
1831 2496 1963 2565 ήμῖν
2014 2492 2102 2546 διὰ
2149 2490 2334 2562 φωνῆς
2404 2487 2667 2559 Ἰερεμίου
2735 2485 3088 2554 παρέδειξεν,
3136 2486 3340 2541 εἰπών’
3385 2505 3405 2539 ι
3453 2487 3678 2557 Ἐξέστη
3718 2487 3754 2538 ὁ
3796 2485 3892 2539 οὐ-

625 2590 789 2669 ρανὸς
837 2593 927 2644 ἐπὶ
967 2590 1160 2660 τούτῳ,
1212 2590 1307 2643 καὶ
1340 2587 1557 2659 ἔφριξεν
1602 2590 1695 2641 ἐπὶ
1738 2588 1922 2641 πλεῖον
1968 2586 2194 2658 σφόδρα,
2232 2584 2380 2652 λέγει
2446 2580 2672 2650 Κύριος,
2717 2580 2801 2633 ὅτι
2867 2579 2961 2633 δύο
3017 2580 3113 2635 καὶ
3148 2583 3363 2651 πονηρά
3401 2581 3656 2651 εποίησεν
3689 2581 3719 2633 ό
3756 2578 3892 2640 λαός

630 2700 756 2753 μου.
801 2682 932 2753 Ἐμὲ
996 2681 1357 2750 ἐγκατέλιπον
1392 2682 1573 2753 πηγὴν
1621 2682 1811 2746 ὓδατος
1856 2682 2055 2747 ζῶντος
2075 2724 2090 2747 ,
2134 2680 2228 2734 καὶ
2294 2675 2509 2749 ὤρυξαν
2569 2677 2781 2737 ἑαυτοῖς
2837 2674 3073 2737 λάκκους
3125 2674 3644 2745 συντετριμμένους,
3692 2673 3742 2726 οῖ
3816 2672 3878 2725 οὗ

625 2777 944 2847 δυνήσονται
983 2774 1126 2844 ὕδωρ
1167 2773 1431 2844 συνέχειν.
1470 2793 1488 2825 ι

698 2866 863 2921 Vens.
906 2865 992 2920 Η.
1035 2865 1289 2933 Ephraim
1346 2864 1511 2919 vitula
1567 2864 1722 2918 docta
1770 2862 1986 2932 diligere
2034 2862 2200 2915 victo-

626 2959 784 3011 riam.
817 2956 928 3028 Ego
955 2965 1129 3009 autem
1157 2956 1359 3010 veniam
1388 2972 1549 3024 super
1584 2955 2028 3025 pulchritudinem
2078 2954 2199 3007 colli

625 3050 762 3112 eius.
806 3048 1102 3103 Asceudam
1133 3046 1417 3112 Euhraim,
1446 3056 1493 3100 et
1524 3044 1745 3100 reticebo
1770 3044 1993 3099 ludam.

700 3203 887 3260 CXIX.
923 3204 1180 3275 Ephraim
1213 3218 1336 3257 cum
1362 3202 1534 3257 vitulo
1563 3202 1843 3267 componit
1868 3240 1885 3267 ,
1940 3201 2198 3256 intracta-

624 3295 719 3350 bili
755 3303 811 3349 et
838 3293 1071 3363 superbo
1107 3293 1269 3348 nimis
1298 3331 1315 3358 ,
1355 3292 1558 3361 impetu
1607 3291 1890 3355 indomito,
1923 3290 1975 3344 in
2008 3305 2200 3359 quem-

628 3397 844 3452 cunque
885 3383 1025 3438 forte
1072 3383 1329 3449 irruerit,
1374 3397 1467 3437 seu
1514 3382 1904 3436 cicurationem
1955 3397 2062 3435 non
2106 3368 2202 3450 pa-

600 3476 816 3540 itiente,
848 3476 941 3529 sed
978 3474 1255 3529 victoriam
1315 3472 1488 3540 magis
1535 3486 1750 3541 semper
1813 3482 2111 3541 quaerente,
2146 3481 2201 3525 et

627 3568 695 3622 ad
732 3568 780 3620 id
817 3566 960 3636 quod
988 3566 1090 3622 sibi
1123 3564 1535 3633 complacuerit,
1565 3562 1972 3619 incitationibus
2017 3577 2202 3631 repre-

628 3656 949 3711 hensionum
971 3654 1180 3709 securis
1198 3652 1563 3707 contendenti.
1598 3651 1704 3707 Sed
1725 3666 2033 3720 quanquam
2054 3651 2201 3719 ejus-

628 3746 772 3801 modi
803 3756 906 3811 est,
944 3746 1098 3800 cedet
1133 3754 1313 3798 tamen
1352 3743 1432 3797 vel
1461 3744 1694 3809 invitus;
1721 3742 2029 3797 domabitur
2054 3743 2197 3797 enim

625 3838 996 3892 calamitatum
1021 3836 1349 3899 incursibus,
1366 3834 1847 3903 subjicienteillum
1871 3834 2000 3897 Deo,
2021 3844 2074 3889 et
2089 3844 2200 3889 tan-

631 3941 742 3984 tum
774 3934 880 3983 non
908 3944 1004 3999 per
1021 3943 1079 3983 se
1108 3929 1159 3982 id
1173 3937 1365 3998 agente
1387 3938 1437 3981 et
1461 3927 1915 3997 pulchritudinem
1938 3927 2061 3981 colli
2082 3927 2199 3996 ejus

628 4019 991 4088 disperdente,
1021 4020 1122 4073 hoc
1152 4031 1253 4080 est.
1276 4018 1598 4088 praecipuam
1630 4024 1685 4069 et
1713 4015 1967 4070 selectam
1990 4025 2198 4085 partem

629 4112 683 4165 in
727 4110 890 4165 Israel
911 4110 1241 4165 excutiente.
1275 4108 1398 4162 Haec
1433 4116 1613 4161 autem
1648 4115 1765 4160 erat
1788 4120 1907 4173 quae
1941 4108 2200 4175 regnabat

629 4203 768 4272 apud
800 4203 966 4270 ipsos,
1020 4202 1400 4272 subiectosque
1455 4198 1679 4268 populos
1730 4197 1797 4252 ad
1844 4198 2197 4253 deserendum

631 4296 797 4349 Deum
825 4296 1171 4364 provocabat.
1199 4292 1562 4360 Quamobrem
1596 4288 1704 4342 Deo
1724 4288 2067 4344 incumbente
2085 4290 2197 4345 dis-

2387 2854 2629 2924 Ὲςρραῖμ
2662 2854 2916 2923 δάμαλις
2956 2852 3347 2922 δεδιδαγμέναι
3395 2853 3640 2922 ἀγαπᾷν
3687 2855 3884 2921 νικος.

2317 2948 2458 3017 Ἐγὼ
2486 2946 2553 3000 δὲ
2587 2945 2990 3013 ἐπελεύσομαι
3027 2944 3127 2997 ἐπὶ
3160 2943 3229 2998 τὸ
3261 2945 3488 3011 κάλλος
3520 2945 3626 2999 τοῦ
3653 2944 3885 3014 male}.

2226 3073 2273 3135 Β
2302 3043 2417 3094 λου
2468 3037 2678 3106 αὐτῆς.
2719 3034 2984 3089 Ἐπιϐιϐὧ
3026 3034 3302 3106 Ἐφραῒμ,
3350 3036 3449 3091 καὶ,
3488 3036 3887 3105 παρασιωπή-

2298 3146 2482 3200 σομαι
2517 3129 2761 3184 Ἰούδαν.

2415 3222 2516 3276 ΙΘ’.
2557 3221 2759 3291 Μόσχῳ
2788 3220 3110 3291 παρεικάζει
3149 3218 3239 3272 τὸν
3273 3218 3532 3290 Ἑφραῖμ.
3831 3236 3889 3271 τε

2300 3315 2396 3367 καὶ
2445 3311 2709 3382 άγερώχῳ
2739 3309 2881 3371 λίαν,
2909 3311 3006 3364 καὶ
3034 3310 3437 3364 ἀνακόπτεσθαι
3472 3310 3547 3380 μὴ
3574 3310 3743 3364 εἰδότι
3785 3311 3887 3380 τῆς

2303 3404 2437 3466 ἰδίας
2484 3402 2695 3473 ὁρμῆς,
2733 3403 2802 3470 ἣν
2845 3399 2912 3454 ἂν
2952 3400 3039 3469 ἐφ’
3076 3402 3183 3471 ὅτῳ
3221 3403 3425 3454 ποιοῖτο
3464 3401 3625 3471 τυχὸν
3647 3440 3664 3465 ,
3714 3402 3888 3471 ήγουν

2299 3492 2714 3547 τιθασσεύεσθαι
2763 3491 2837 3562 μὴ
2880 3491 3221 3562 ἀνεχομένῳ,
3272 3490 3528 3562 ζητοῦντι
3572 3492 3629 3545 δὲ
3678 3492 3887 3561 μᾶλλον

2301 3586 2389 3639 ἀεὶ
2413 3585 2473 3638 τὸ
2495 3585 2671 3654 νικᾷν,
2698 3583 2795 3635 καὶ
2824 3584 2961 3654 πρὸς
2991 3582 3051 3635 τὸ
3069 3582 3216 3652 αὐτῷ
3240 3582 3429 3636 δοκοῦν
3454 3584 3885 3653 ἀνεπιπλήκτοις

2302 3676 2476 3731 ἵεσθαι
2514 3677 2632 3737 ταῖς
2672 3676 2890 3744 ὁρμαῖς.
2930 3672 3067 3725 Ἀλλ’
3098 3676 3146 3726 εἰ
3184 3674 3279 3727 καὶ
3307 3674 3421 3727 ἐστι
3458 3673 3733 3739 τοιοῦτος,
3780 3692 3887 3743 φη-

2301 3768 2406 3830 σὶν,
2445 3765 2662 3819 ἐνδώσει
2702 3766 2797 3818 καὶ
2825 3765 2924 3835 οὐχ
2964 3763 3126 3818 ἑκών.
3172 3765 3591 3835 Δαμασθήσεται
3623 3766 3737 3839 γάρ
3765 3771 3887 3829 ταῖς

2298 3858 2406 3911 τῶν
2453 3855 2746 3928 συμφορῶν
2791 3857 3021 3925 ἐφόδοις,
3056 3855 3483 3923 ὑποζευγνύντος
3512 3856 3671 3922 Θεοῦ,
3727 3859 3887 3928 μόνον

2298 3949 2355 4002 δὲ
2403 3948 2524 4018 οὐχὶ
2568 3948 2661 4001 καὶ
2695 3946 2756 4000 τὸ
2790 3947 2984 4010 κάλλος
3031 3947 3128 3999 τοῦ
3175 3945 3447 4017 τραχήλου
3483 3945 3651 4000 αὐτοῦ
3702 3964 3884 4017 παρα-

2299 4037 2541 4102 λύοντος,
2583 4036 2865 4102 τουτέστι,
2908 4037 2969 4090 τὸ
2997 4037 3289 4108 ἐξαιρέτως
3318 4036 3567 4107 ἀφηνιῶν
3612 4035 3785 4108 μέρος
3828 4039 3883 4089 ἂν

2298 4128 2376 4199 τῷ
2411 4128 2647 4199 Ἰσραήλ.
2695 4126 2865 4180 Τοῦτο
2903 4127 2959 4180 δὲ
2998 4123 3067 4197 ἦν
3113 4129 3147 4197 ή
3190 4129 3319 4199 παρ’
3365 4128 3553 4189 αὐτοῖς
3589 4126 3881 4196 βασιλεία,

2300 4217 2725 4290 κατερεθίζουσα
2746 4217 2883 4289 πρὸς
2908 4218 3210 4272 ἀπόστασιν
3233 4219 3358 4281 τοὺς
3378 4217 3484 4271 ὑπὸ
3506 4221 3666 4288 χεῖρα
3694 4218 3878 4281 λαούς.

2300 4304 2506 4359 Οὐκοῦν
2530 4306 3057 4377 καταρῤιφθήσεται,
3080 4304 3215 4359 Θεοῦ
3240 4306 3686 4376 καταϐρίθοντος.
3714 4307 3882 4360 Τοῦτο

629 4384 911 4455 sipabitur.
931 4386 1032 4439 hoc
1081 4385 1221 4439 enim
1248 4384 1439 4450 Opinor
1465 4379 1772 4448 signiﬁcare
1799 4378 1951 4441 illud,
1989 4396 2009 4430 ι
2040 4390 2094 4433 et
2114 4396 2198 4436 as-

2303 4396 2429 4467 γὰρ,
2472 4390 2629 4466 οῖμαι
2651 4436 2667 4459 ,
2705 4393 2899 4464 δηλοῦν
2939 4393 3020 4459 τὸ,
3068 4413 3085 4445 ι
3112 4393 3344 4447 ὲπιϐιϐὦ
3379 4396 3637 4466 Ἐφραῖμ.
3666 4413 3684 4447 ι
3724 4396 3882 4448 (ηκο-

627 4476 852 4530 cendam
877 4473 1151 4546 Ephraim.
1176 4491 1196 4525 ο
1227 4470 1595 4528 (Economiee
1616 4476 1795 4522 autem
1813 4468 1943 4523 dicit
1976 4484 1990 4522 :
2017 4489 2035 4521 ι
2060 4469 2203 4527 Reti-

628 4567 765 4622 cebo
792 4565 1006 4629 Judam,
1046 4586 1064 4619 ι
1095 4580 1211 4633 pro,
1240 4563 1516 4635 paululum
1551 4560 1790 4615 dill'eram
1817 4556 2010 4614 ludam
2037 4601 2055 4625 ,
2093 4578 2200 4619 non

628 4660 776 4715 illum
806 4660 980 4729 ptenis
1009 4659 1318 4727 subjiciens,
1342 4674 1446 4713 non
1466 4660 1579 4726 jam
1608 4670 1705 4723 pro
1731 4653 1808 4707 ira
1823 4659 2084 4725 multane;
2108 4662 2201 4716 sed

631 4754 899 4823 perferam
936 4753 1136 4821 potius,
1170 4763 1223 4806 et
1256 4770 1411 4823 agam
1443 4754 1657 4812 lentius.
1690 4756 1861 4824 Quam
1886 4760 1956 4813 ob
1978 4769 2199 4812 causam

628 4858 758 4897 vero
780 4843 803 4896 ?
824 4844 1086 4909 Quoniam
1124 4845 1399 4914 Ephraim,
1433 4848 1532 4904 hoc
1553 4858 1655 4913 est,
1683 4850 1870 4905 decem
1897 4850 2198 4918 tribus,sic-

630 4941 690 4986 ut
705 4932 815 4999 jam
855 4932 987 5000 dixi,
1013 4950 1231 5003 prorsus
1251 4936 1352 4991 sibi
1364 4951 1528 5007 opera
1550 4938 1883 4996 seductionis
1898 4941 2199 4996 exercenda

632 5034 938 5078 statuerunt
965 5041 979 5090 ;
1004 5025 1124 5080 dure
1150 5036 1462 5097 autemqua:
1483 5040 1640 5084 erant
1674 5030 2085 5103 Hierosolymis,
2112 5030 2179 5085 «ιιι

631 5114 754 5175 das,
783 5125 928 5185 puta,
966 5124 1021 5170 et
1071 5115 1373 5187 Beujamin,
1439 5122 1637 5189 saepius
1691 5122 1999 5177 habuerunt
2044 5137 2200 5193 reges

632 5206 829 5273 probos
881 5216 936 5263 et
985 5208 1122 5278 pius.
1173 5219 1228 5263 et
1275 5213 1365 5280 qui
1400 5211 1634 5282 ineptias
1667 5212 2035 5269 idololatricas
2074 5215 2200 5282 {dis-

634 5298 944 5363 turbareut,
998 5300 1359 5370 populumque
1416 5302 1483 5355 ad
1544 5301 1709 5355 vitam
1752 5303 1888 5357 bene
1934 5313 2199 5358 moratam

632 5400 687 5444 et
720 5390 928 5460 legibus
974 5401 1392 5445 consentaneam
1442 5392 1780 5460 impellerent
1814 5410 1830 5448 :
1882 5394 2061 5463 qualis
2095 5393 2202 5449 fuit

631 5484 881 5539 Amasias
916 5482 1056 5536 illius
1088 5480 1240 5547 Joas,
1274 5481 1557 5553 religiosus
1576 5493 1631 5538 et
1645 5483 1825 5554 justus
1849 5484 1953 5552 vir,
1984 5495 2039 5541 et
2066 5484 2203 5542 Eze-

630 5573 808 5638 chias,
841 5586 993 5641 aeque
1028 5583 1088 5625 ut
1115 5569 1206 5625 ille
1237 5572 1632 5642 suscipiendus,
1682 5573 1802 5632 zelo
1831 5574 2017 5634 divino
2062 5591 2201 5646 pra:-

702 5749 879 5806 "Jer.
918 5767 977 5819 ιι,
1010 5751 1095 5818 1‘2,
1132 5751 1212 5808 l5.

2302 4487 2542 4557 νομικῶς
2574 4486 2651 4547 δὲ,
2676 4486 2863 4555 φησὶν,
2889 4483 2969 4536 ὅτι
3007 4501 3027 4534 ι
3059 4484 3574 4554 Παρασιωπήσομαι
3614 4485 3875 4547 Ἰούδαν.»

2302 4576 2424 4631 ἀντὶ
2456 4574 2571 4640 τοῦ,
2611 4574 2806 4644 μικρὸν
2847 4572 3227 4644 ὑπερθήσομαι
3273 4572 3362 4625 τὸν
3397 4572 3618 4637 Ἰούδαν,
3657 4573 3722 4625 οὑ
3764 4590 3881 4631 ποι-

2300 4668 2417 4731 ναῖς
2460 4666 2649 4729 ὲνιείς’
2677 4665 2781 4717 οὐκ
2822 4664 3043 4731 ἐπάγων
3081 4663 3180 4733 ήδη
3214 4661 3286 4715 τά
3316 4661 3375 4728 ἒξ
3406 4664 3605 4733 ὀργῆς·
3654 4662 3879 4734 διακαρ-

2302 4756 2476 4827 τερῶν
2521 4756 2579 4809 δὲ
2623 4755 2845 4826 μᾶλλον,
2891 4755 2985 4808 καὶ
3032 4754 3344 4816 ὐπενδιδοϋς
3391 4754 3598 4824 ἡρέμα.
3647 4754 3758 4806 Καὶ
3796 4755 3879 4807 διὰ

2304 4848 2460 4902 ποίαν
2503 4846 2712 4911 αἰτίαν;
2739 4847 2767 4899 ὁ
2798 4846 2895 4917 μὲν
2922 4844 3030 4916 γὰρ
3059 4844 3319 4916 Ἐφραῖμ,
3340 4844 3642 4907 τουτέστιν,
3666 4847 3723 4898 αἱ
3751 4846 3878 4898 δέκα

2307 4936 2502 5006 φυλαὶ,
2551 4934 2801 5004 καθάπερ
2841 4934 2941 5005 ήδη
2976 4935 3255 5005 προεῖπον,
3300 4930 3728 4986 ἀπονενεύκασιν
3763 4932 3878 4986 ὁλο-

2303 5028 2519 5100 τρόπως
2545 5026 2638 5078 ἐπὶ
2673 5026 2735 5079 τὸ
2778 5026 2891 5079 δεῖν
2925 5024 3139 5077 ἑλέσθαι
3168 5024 3411 5095 πληροῦν
3438 5024 3506 5077 τά
3538 5024 3641 5094 τῆς
3669 5023 3875 5092 πλανή-

2304 5137 2441 5182 σεως
2469 5118 2625 5189 ἔργα.
2650 5119 2714 5171 Ai
2743 5118 2799 5170 δὲ
2829 5119 2942 5179 τοῖς
2975 5114 3367 5187 Ἰεροσολύμοις
3399 5114 3494 5169 δύο
3520 5115 3711 5185 φυλαὶ,
3757 5116 3879 5168 Ἰού-

2302 5211 2397 5273 δας
2431 5226 2509 5274 τες,
2545 5208 2707 5280 φημὶ,
2738 5207 2834 5261 καὶ
2863 5206 3141 5278 Βενιαμὶν,
3181 5207 3435 5274 γεγόνασι
3471 5204 3737 5268 πολλάκις
3779 5205 3879 5257 ὑπὸ

2310 5300 2564 5371 βασιλέας
2609 5297 2801 5369 ὀρθούς
2832 5315 2892 5351 τε
2942 5298 3037 5350 καὶ
3066 5296 3331 5360 εὐσεϐεῖς,
3364 5294 3460 5349 καὶ
3502 5294 3573 5348 τὰ
3600 5295 3703 5364 τῆς
3732 5296 3877 5349 ειδωο

2307 5392 2593 5463 λολατρὶας
2623 5389 2913 5461 ἀθύρματα
2954 5385 3361 5451 κατασείοντας,
3388 5386 3440 5440 οἳ
3469 5386 3568 5457 ζῇν
3596 5384 3877 5439 ἀνέπειθον

2306 5481 2567 5545 επιεικῶς
2602 5480 2699 5533 καὶ
2739 5478 3008 5550 ἐννόμως’
3077 5479 3260 5542 ὁποῖος
3297 5478 3519 5547 γέγονεν
3560 5475 3826 5545 Ἀμασίας
3852 5474 3879 5526 ό

2308 5574 2401 5629 τοῦ
2437 5573 2611 5643 Ἰωάς,
2637 5571 2864 5643 εὐσεϐὴς
2910 5571 3006 5626 καὶ
3032 5569 3236 5635 δίκαιος
3260 5570 3421 5641 ἀνήρ.
3459 5563 3695 5641 Ὁμοίως
3734 5565 3877 5629 Ἐζε-
