4068 6578
282 421 401 475 955

1217 414 1769 474 COMMENTARIUS
1803 416 1871 473 IN
1904 417 2133 476 OSEAM
2173 421 2615 478 PROPHETAM.

3435 420 3544 477 9.56

290 536 442 597 πίας,
474 534 570 587 καὶ
607 532 770 596 αὐτὸς
796 534 854 585 ὲν
888 531 988 603 ἴσῳ
1022 531 1471 604 τεθαυμασμένος
1502 533 1583 605 τῷ
1615 549 1876 605 προειρη-

1979 538 2127 592 ditus
2148 546 2206 593 et
2242 537 2355 593 Deo
2399 538 2618 593 cbarus.
2651 536 2766 592 Hac
2795 537 2863 591 de
2912 551 3076 594 causa
3130 536 3321 596 decem
3369 536 3546 591 tribus

294 628 467 697 μένῳ,
510 625 765 696 ζηλωτὴς
809 626 904 678 καὶ
944 624 1216 693 θεοφιλής.
1251 624 1522 697 Ταύτῃτοι
1560 627 1872 698 προπεπον-

1974 631 2346 701 captivitatem
2390 630 2543 700 prius
2568 632 2870 686 subierunt.
2904 630 2969 684 Et
3016 629 3345 701 Babylonius
3375 628 3547 699 copiis

288 718 419 769 θασι
450 718 552 788 μὲν
575 719 631 769 αἱ
662 716 794 769 δέκα
820 714 983 785 φυλαὶ
1009 715 1109 786 τὴν
1135 714 1531 785 αἰχμαλωσίαν.
1558 718 1875 787 Καταστρα·

1977 734 2165 780 contra
2222 722 2524 779 Jerusalem
2563 722 2831 787 adductis,
2887 724 3006 778 sine
3054 722 3323 778 maleﬁcio
3363 722 3417 777 in
3452 736 3544 775 re-

266 808 495 870 πεύσεις
530 808 586 860 δὲ
620 807 728 860 τῶν
764 806 1152 879 Ἱεροσολύμων
1183 810 1211 860 6
1235 807 1594 872 Βαϐυλώνιος,
1620 808 1876 879 ἠδίκησεν

288 900 468 952 οὐδέν.
497 901 692 970 ᾯχετο
720 899 779 951 δὲ
808 899 1008 968 μᾶλλον
1048 900 1131 963 εἰς
1159 898 1256 969 τὴν
1289 899 1507 962 ἑαυτοῦ,
1550 899 1726 969 φυγὰς
1778 901 1873 954 καὶ

289 990 569 1060 περιδεὴς,
593 992 680 1043 ὅτε
694 992 791 1043 καὶ
813 990 1167 1044 πεπτώκασιν
1191 993 1249 1043 ἐν
1273 992 1371 1062 μιᾷ
1390 993 1566 1056 νυκτὶ,
1590 991 1675 1045 διὰ
1698 992 1876 1063 χειρὸς

289 1081 549 1147 ἀγγέλου,
580 1081 691 1133 τῶν
742 1082 1039 1151 Ἀσσυρίων
1094 1082 1290 1134 ἑκατὸν
1339 1082 1670 1151 ὀγδοήκοντα
1717 1084 1875 1135 πέντε

286 1173 554 1242 χιλιάδες.
600 1173 1070 1238 Ἀνεξικακοῦντος
1095 1174 1159 1243 δὴ
1192 1170 1286 1227 οὖν
1324 1173 1417 1227 τοῦ
1449 1172 1604 1241 Θεοῦ,
1638 1174 1733 1228 καὶ
1775 1173 1874 1242 φέ-

292 1280 484 1334 ροντος
510 1264 670 1335 ἡμῶν
700 1266 796 1329 τὰς
832 1266 1137 1330 ἀσθενείας,
1175 1264 1250 1337 μὴ
1299 1264 1870 1337 ῥᾳθυμῶμεψήμεῖς,

294 1355 435 1425 μηδὲ
489 1356 944 1421 ἀναπεπτωκότες
993 1356 1347 1427 ἀλισκώμεθα
1394 1359 1522 1428 περὶ
1570 1356 1632 1410 τὸ
1679 1358 1876 1428 χρῆναι

288 1446 538 1515 πληροῦν
563 1447 632 1497 τὰ
658 1446 806 1515 αὐτῷ
832 1446 1092 1499 δοκοῦντα
1119 1447 1210 1499 καὶ
1239 1448 1388 1516 φίλα.

377 1540 719 1607 Ἕνισχύσει
748 1537 909 1604 αὐτῷ
952 1538 1168 1593 Ἰακώϐ.

364 1632 494 1684 ΡΚ¹.
533 1633 728 1701 Ἐφην,
759 1633 842 1685 ὅτι
879 1649 1363 1703 καταστρασευσας
1392 1635 1421 1687 6
1454 1632 1736 1705 Ἀσσύριος
1777 1633 1876 1703 τὴν

289 1722 402 1773 (mi)
440 1725 597 1793 χεῖρα
631 1723 861 1794 πληθὺν,
895 1723 991 1775 καὶ
1024 1724 1206 1777 πᾶσαν
1243 1723 1615 1795 ἐξαναστήσας
1647 1724 1743 1795 τὴν
1774 1725 1876 1776 21-

292 1812 550 1882 μάρειαν,
585 1813 685 1876 τάς
736 1829 793 1866 τε
850 1812 1033 1876 πόλεις
1070 1812 1238 1876 αὑτὰς
1279 1815 1372 1867 καὶ
1408 1817 1536 1878 τοὺς
1572 1815 1734 1878 ναοὺς
1774 1817 1873 1884 ἐμ-

291 1880 537 1973 πρῆσας,
566 1904 969 1975 πεπλιόρκηκε
1014 1905 1151 1976 μετά
1176 1906 1334 1958 τοῦτο
1363 1905 1460 1974 τὴν
1492 1880 1869 1976 Ἰερουσαλήμ.
1905 1880 1947 1935 Β

291 1992 420 2045 Εἴλε
441 1994 497 2046 δὲ
522 1994 792 2065 οὐδαμῶς,
815 1994 951 2048 Θεοῦ
979 1996 1425 2067 προασπίζοντος
1449 1998 1744 2070 ἀνῄρηνται
1767 2000 1875 2068 γάρ

288 2084 361 2135 δι’
408 2085 640 2152 ἀγγέλου
671 2088 728 2138 ὲν
765 2086 863 2167 μιᾷ
901 2088 1056 2140 νυκτὶ
1102 2090 1295 2143 ἑκατὸν
1338 2090 1668 2161 ὁγδοήκοντα
1714 2090 1875 2143 πέντε

290 2174 551 2242 χιλιάδες.
592 2172 764 2226 Τοῦτό
800 2175 1195 2249 τοι,ᾲκαθάπερ
1232 2171 1470 2247 ὲγῷμαι,
1516 2178 1876 2249 προαγγέλλει

290 2265 413 2321 νυνὶ
438 2264 631 2333 λέγων,
665 2286 685 2318 r
706 2247 1011 2337 Ἐνισχῦσει
1039 2268 1188 2340 αὐτῷ
1218 2269 1433 2323 Ἰακώϐ.
1450 2247 1741 2341 ι-ιΑὐτῷ
1767 2290 1785 2321 ι
1811 2270 1875 2342 δὴ

290 2357 437 2420 sfw;
465 2357 498 2427 ἦ
521 2357 699 2428 δῆλον,
727 2359 807 2411 ὅτι
830 2359 892 2411 τὸ
916 2360 1297 2432 πολιορκήσειν
1322 2362 1569 2431 μέλλοντι
1592 2361 1871 2433 Tati/dan;

290 2446 533 2515 κέκληκε
568 2447 625 2500 δὲ
660 2446 852 2500 Ἰακὼϐ
890 2449 1018 2512 τοὺς
1051 2449 1112 2514 ἐξ
1152 2450 1383 2520 αἳματος
1420 2450 1637 2514 Ἰακὼϐ,
1674 2452 1876 2506 Ἰούδαν

291 2553 379 2601 τε,
415 2536 594 2608 φημὶ,
636 2538 730 2590 καὶ
768 2537 1045 2608 Βενιαμίν.
1088 2541 1189 2592 Ἰοι
1230 2540 1275 2593 δ’
1297 2541 1364 2594 ἃν
1400 2541 1559 2613 εἴπερ
1592 2541 1762 2596 ἕλοιτό
1792 2559 1878 2605 τις

292 2627 394 2680 καὶ
415 2626 559 2679 κατά
586 2626 785 2690 παντὸς
812 2624 908 2679 τοῦ
937 2628 1153 2700 Ἰσραὴλ
1174 2632 1207 2699 ἠ
1234 2629 1400 2696 λέξις.
1430 2631 1615 2686 Ἔοικε
1635 2632 1691 2685 δὲ
1715 2632 1876 2686 πάλιν

290 2718 397 2787 τῆς
437 2716 775 2788 προφητείας
801 2716 830 2769 6
865 2717 990 2781 νοῦς
1021 2720 1102 2782 είς
1147 2719 1453 2791 ἀνάμνησιν
1492 2722 1642 2792 ἡμᾶς
1672 2723 1875 2791 ἀναφέ-

293 2825 415 2878 ρειν
444 2808 800 2878 ἀρχαιοτέρου
839 2808 1187 2879 πράγματος·
1232 2812 1519 2881 μονονουχὶ
1545 2812 1877 2884 πληροῦντος

287 2896 432 2951 Θεοῦ
470 2900 569 2968 τὴν
600 2897 891 2970 ὑπόσχεσιν
921 2899 1021 2971 τὴν
1052 2899 1191 2969 πρὸς
1218 2900 1310 2952 τὸν
1337 2900 1621 2955 θεσπέσιον
1657 2902 1872 2957 Ἰακώϐ.

301 2982 527 3059 Ἐπειδὴ
561 2989 671 3058 7&9
695 2988 771 3052 ὡς
799 2988 1087 3060 ἄνθρωπος
1116 2990 1234 3060 μετ’
1261 2990 1427 3045 αὐτοῦ
1458 2992 1795 3046 πεπάλαικεν
1818 2996 1876 3047 έν

288 3079 471 3143 νυκτὶ,
510 3079 687 3150 πέραν
723 3078 815 3132 τοῦ
840 3080 1144 3151 χειμάρρου
1188 3081 1404 3151 Ἰαϐὼχ,
1438 3077 1559 3135 εἶτα
1595 3085 1878 3152 γεγονότος

1977 833 2138 886 guunt
2171 832 2328 871 suum
2384 816 2665 886 fugitivus,
2719 824 2774 869 et
2811 814 3021 869 timoris
3055 814 3248 883 plenus
3296 812 3543 876 recessit,

1981 909 2134 978 151
2171 908 2593 977 cecideruntque
2619 922 2723 961 una
2765 913 2924 960 nocte
2966 918 3060 971 per
3100 917 3316 956 manum
3365 902 3544 970 angeli

1975 1011 2196 1054 centum
2224 998 2497 1068 octoginta
2524 997 2769 1067 quinque
2798 994 2965 1050 millia
2994 992 3061 1047 “.
3109 992 3398 1061 Tolerante
3441 992 3545 1060 igi-

1981 1101 2066 1147 tur
2104 1091 2236 1155 Deo,
2258 1099 2312 1145 et
2336 1090 2681 1145 inﬁrmitates
2717 1098 2931 1143 nostras
2956 1085 3272 1151 suﬁ‘erente,
3324 1098 3393 1139 ne
3447 1082 3541 1137 de.

1976 1185 2123 1239 sides
2146 1184 2338 1249 simus,
2371 1197 2546 1251 neque
2578 1183 2632 1235 in
2680 1181 2747 1236 iis
2777 1194 2898 1249 qua!
2931 1179 3007 1233 illi
3045 1178 3239 1249 placita
3290 1186 3545 1246 accepta-

1975 1290 2082 1345 que
2107 1283 2234 1330 sunt
2263 1273 2622 1345 exsequendis
2651 1272 2865 1328 retnissi
2894 1271 3251 1327 inveniamur.

2050 1543 2450 1598 Irroborabitur
2472 1542 2574 1610 ipsi
2597 1540 2788 1597 Iacob.

2047 1632 2208 1689 CXX.
2253 1632 2392 1693 Dixi,
2425 1632 2706 1701 Assyrium
2729 1630 2843 1684 suis
2872 1628 2925 1683 in
2947 1624 3342 1696 expeditionem
3407 1622 3545 1679 cduv-

1977 1727 2120 1791 etis,
2149 1735 2202 1779 et
2246 1733 2355 1778 tota
2408 1721 2651 1777 Samaria
2679 1736 2902 1787 eversa,
2944 1719 3167 1788 ejusque
3221 1717 3443 1773 urbibus
3487 1723 3545 1771 et

1979 1817 2175 1885 templo
2222 1817 2479 1878 incenso,
2530 1813 2722 1868 deinde
2770 1810 3196 1881 Hierosolymam
3243 1808 3543 1873 obsedisse,

1976 1924 2135 1979 quam
2167 1908 2276 1961 Deo
2307 1913 2625 1976 protegente
2645 1904 2959 1972 neutiquam
2985 1901 3233 1969 subegit;
3266 1915 3369 1953 una
3399 1897 3543 1951 enim

1976 2011 2135 2055 nocte
2171 1999 2240 2053 ab
2273 1998 2466 2067 angelo
2511 2006 2726 2053 centum
2769 1997 3040 2066 octoginta
3093 1994 3334 2062 quinque
3379 1989 3543 2043 millia

1976 2092 2285 2160 interempti
2313 2099 2436 2145 sunt
2463 2090 2531 2143 ".
2568 2088 2679 2143 Hoc
2729 2103 2896 2153 nunc,
2949 2095 3011 2141 ut
3044 2100 3162 2140 mea
3198 2083 3304 2140 fert
3334 2081 3539 2151 opinio,

1977 2185 2052 2239 ita
2089 2184 2437 2253 praenuntiat,
2477 2200 2495 2234 ι
2549 2181 2953 2236 lrroborabitur
3006 2178 3107 2247 ipsi
3135 2176 3324 2232 Jacob.
3385 2194 3408 2229 ι
3440 2175 3544 2247 (ἶυὶ

1981 2294 2000 2328 ι
2037 2275 2177 2345 ipsi?
2227 2293 2245 2325 ι
2280 2288 2348 2328 an
2381 2274 2670 2328 obsessum
2702 2287 2819 2327 eam
2852 2270 3081 2325 Rabsaei
3101 2270 3126 2323 i
3147 2267 3314 2323 Iacob
3337 2266 3547 2323 vocavit

1974 2376 2291 2439 procreatos
2319 2379 2350 2419 e
2383 2373 2669 2420 stemmate
2699 2361 2891 2427 Iacob,
2947 2359 3142 2415 Judam
3199 2360 3417 2428 inquam
3438 2396 3455 2421 ,
3489 2366 3546 2412 et

1975 2458 2280 2527 Beniamin.
2328 2457 2515 2512 Potest
2561 2456 2725 2511 etiam
2776 2469 2879 2509 vox
2918 2454 2984 2508 de
3041 2452 3299 2507 universo
3346 2446 3545 2506 lsraele

1976 2552 2170 2620 accipi.
2206 2548 2430 2604 Videtur
2451 2561 2612 2617 porro
2642 2558 2835 2600 sensus
2866 2542 3161 2614 prephetite
3194 2554 3404 2595 rursum
3446 2550 3546 2591 ve-

1977 2645 2112 2699 teris
2161 2639 2443 2709 cujusdam
2502 2637 2577 2691 rei
2641 2635 2982 2690 memoriam
3012 2632 3173 2688 nobis
3232 2644 3543 2693 renovare,

1978 2733 2364 2804 propemodum
2397 2729 2656 2797 implente
2685 2728 2793 2781 Deo
2839 2724 3105 2795 promissa
3149 2722 3331 2778 divino
3376 2719 3546 2775 Jacob

1978 2827 2123 2880 data.
2160 2820 2229 2877 Ut
2258 2821 2402 2875 enim
2434 2818 2588 2888 quasi
2644 2818 2806 2871 homo
2852 2829 2975 2869 cum
3027 2814 3146 2882 ipso
3182 2812 3417 2867 luctatus
3459 2824 3522 2864 es

1979 2924 2142 2972 nocte
2173 2924 2326 2968 trans
2358 2918 2652 2965 torrentem
2685 2905 2876 2969 Jaboc,
2910 2904 3116 2959 factum
3152 2913 3235 2959 est
3265 2916 3445 2966 mane,
3490 2910 3547 2956 et

1978 3007 2320 3064 illucescente
2348 3003 2435 3058 die
2462 3002 2614 3056 abire
2631 2999 2823 3061 voluit,
2848 2997 3121 3067 dixitque:
3145 3010 3163 3045 t
3188 2993 3405 3049 Dimitte
3434 3007 3544 3057 tne,

1978 3097 2222 3154 ascendit
2274 3095 2419 3150 enim
2475 3092 2771 3148 diluculum
2826 3091 2893 3143 ".
2956 3109 2975 3142 ι
3035 3088 3170 3141 Tum
3221 3085 3311 3141 ille
3342 3099 3448 3139 non
3487 3099 3549 3138 se

288 3188 352 3225 τε
392 3171 589 3242 ὄρθρου
615 3170 820 3234 λοιπὸν,
850 3172 946 3224 καὶ
986 3171 1384 3244 διαυγαζούσης
1429 3175 1666 3247 ἡμέρας,
1694 3177 1725 3228 6
1775 3176 1874 3246 μὲν

1977 3191 2326 3245 dimissurum
2350 3184 2688 3241 conﬁrmavit
2713 3222 2727 3246 ,
2766 3183 2818 3237 ni
2853 3180 3002 3251 prius
3034 3179 3139 3234 sibi
3172 3179 3545 3232 benediceret.

286 3259 425 3323 Θεὸς
459 3261 712 3331 ἀπαίρειν
739 3260 917 3331 ῆθελε,
951 3260 1157 3329 λέγων’
1191 3280 1211 3314 ι
1254 3260 1548 3318 Ἀπόλυσον
1582 3282 1671 3336 με·
1702 3265 1873 3336 ἀνέϐη

286 3350 403 3421 γὰρ
421 3353 450 3404 6
477 3351 688 3422 ὄρθρος.
723 3351 781 3405 ’0
798 3350 856 3405 δὲ
881 3352 983 3405 οὐκ
1004 3352 1227 3423 ἀνήσειν
1248 3352 1506 3423 ἔφασκεν,
1529 3355 1578 3408 εί
1609 3356 1687 3426 μὴ
1711 3356 1874 3410 αὑτὸν

287 3442 658 3513 εὐλογήσειεν.
688 3443 893 3496 Ἥκουε
928 3441 993 3513 δὴ
1039 3443 1183 3510 τότε,
1218 3462 1237 3496 t
1261 3444 1385 3499 Ὀτι
1410 3445 1701 3517 ὲνίσχυσας
1735 3448 1874 3515 μετά

158 3606 175 3615 κ
286 3532 452 3597 Θεοῦ,
478 3533 574 3587 καὶ
611 3532 750 3603 μετά
792 3533 1091 3605 ἀνθρώπιον
1131 3535 1358 3598 δυνατὸς
1377 3535 1494 3607 ἔσῃ.
1522 3554 1541 3588 ι
1568 3535 1740 3589 Τοῦτό
1770 3553 1874 3589 που

286 3626 433 3696 τάχα
469 3624 605 3694 πρὸς
630 3627 693 3678 τὸ
727 3625 900 3694 παρὸν
921 3626 950 3677 6
987 3625 1086 3696 τῆς
1115 3626 1454 3697 προφητείας
1492 3628 1625 3698 ἡμῖν
1666 3627 1875 3699 ὑποση-

288 3714 477 3784 μαίνει
513 3713 704 3780 λόγος,
756 3713 1132 3784 ἐναργέστατα
1182 3714 1354 3779 τιθεὶς
1398 3715 1480 3781 τὸ,
1516 3734 1535 3768 ι
1576 3717 1876 3787 Ἐνισχύσει

287 3804 445 3875 αὐτῷ
480 3804 694 3859 Ἰακώϐ.
719 3824 739 3857 ι
763 3804 953 3876 Ἀθρει
981 3805 1037 3858 δὲ
1060 3806 1503 3876 τῆςὲπαγγελίας
1534 3808 1595 3862 τὸ
1619 3808 1869 3880 ἀκριϐές·

284 3899 353 3951 οὐ
385 3898 495 3966 γάρ
524 3897 604 3948 ὅτι
632 3894 952 3965 κατισχύσει
979 3895 1086 3948 τῶν
1121 3895 1421 3970 Ἀσσυρίων
1446 3899 1475 3949 6
1510 3897 1726 3964 Ἰακὼϐ,
1757 3897 1874 3951 ἀλλ’

292 4008 313 4039 ι
346 3986 650 4057 ἐνισχύσει,
679 4006 699 4040 ι
734 3987 869 4043 φησι
887 4003 901 4025 ε
928 3987 986 4041 ὲν
1014 3986 1137 4044 8εῶ
1164 3987 1273 4056 γὰρ
1300 3986 1538 4059 ἴσχυσεν,
1563 3990 1622 4043 οὐ
1649 3989 1717 4043 δι’
1746 3990 1877 4045 ὲαυ-

285 4097 388 4134 του
395 4120 410 4134 ο

646 4201 1032 4295 ΤΟΜΟΣ
1122 4202 1519 4293 ΕΚΤΟΣ.

365 4357 657 4425 Σπείρατε
694 4354 931 4421 ἑαυτοῖς
967 4358 1053 4421 εἰς
1078 4355 1496 4423 δικαιοσύνην,
1542 4356 1875 4426 τρυγήσατε

286 4453 381 4514 εις
403 4447 637 4516 καρπὸν
655 4446 824 4515 ζωῆς,
847 4448 1145 4516 φωτίσατε
1162 4448 1397 4514 ἑαυτοῖς
1417 4449 1543 4518 φῶς
1574 4449 1870 4518 γνώσεως,

1977 3281 2196 3336 Audivit
2245 3279 2427 3349 igitur,
2457 3294 2477 3327 ι
2517 3274 2771 3344 quoniam
2810 3270 3136 3342 prazvalnisti
3164 3286 3288 3325 cum
3328 3270 3459 3334 Deo,
3492 3277 3549 3322 et

1978 3388 2100 3428 cum
2148 3370 2457 3425 hominibus
2500 3375 2694 3435 potens
2727 3364 2839 3419 eris
2863 3364 2933 3415 ".
2974 3382 2993 3415 ι
3026 3361 3138 3416 lloc
3185 3362 3236 3415 in
3290 3360 3544 3430 praesenti

1978 3462 2327 3534 propheticus
2357 3472 2540 3513 sermo
2578 3454 2803 3510 forsitan
2837 3455 2993 3510 nobis
3037 3453 3300 3515 insinuat,
3324 3462 3379 3505 et
3414 3451 3546 3504 illml

1984 3552 2408 3607 cirroborabitnr
2434 3549 2508 3604 illi
2543 3547 2761 3611 Iacob,»
2797 3545 3240 3601 manifestissime
3282 3543 3548 3597 declarat.

1976 3642 2272 3697 Considera
2310 3649 2493 3693 antem
2527 3637 2780 3708 promissi
2818 3636 3227 3707 perfectionem.
3270 3632 3385 3687 Non
3422 3633 3496 3684 ait
3528 3672 3546 3698 ,

1978 3732 2321 3787 roborabitur
2346 3737 2535 3784 contra
2577 3727 2831 3797 Assyrios
2867 3723 3056 3790 Jacob,
3085 3726 3178 3779 sed
3215 3743 3235 3776 ι
3269 3723 3547 3777 irrobora-

1948 3823 2157 3890 'bitur;
2207 3841 2225 3874 ι
2260 3822 2313 3876 in
2348 3821 2457 3877 Deo
2496 3820 2667 3887 enim,
2702 3836 2807 3875 non
2825 3833 2918 3888 per
2950 3833 3009 3873 se
3036 3818 3209 3886 ipsum
3257 3817 3548 3871 roboratus

1977 3925 2081 3970 εει.

2255 4211 2665 4305 TOMUS
2766 4210 3266 4305 SEXTUS.

2052 4362 2214 4416 Vsus.
2247 4360 2335 4418 12.
2385 4361 2652 4417 Sentinate
2689 4363 2831 4417 vobis
2894 4362 2948 4416 in
2968 4360 3201 4431 justitia,
3238 4356 3549 4413 vindemia“

1979 4454 2047 4506 ad
2077 4453 2307 4522 fructum
2354 4455 2495 4519 vitm,
2528 4455 2824 4510 illuminate
2875 4455 3018 4508 vobis
3074 4454 3245 4506 lumen
3280 4450 3536 4513 scientias

285 4539 659 4608 ἐκζητήσατε
699 4540 807 4593 τὸν
844 4540 1063 4607 Κύριον
1091 4540 1201 4605 ἕως
1229 4538 1301 4597 οὗ
1348 4542 1495 4610 ἔλθῃ
1541 4541 1876 4611 γεννήματα

1980 4545 2200 4613 ᾳιιωνίιε
2238 4545 2518 4599 Dominum
2545 4548 2709 4601 donec
2729 4546 2936 4601 veniant
2963 4544 3140 4615 fruges
3160 4543 3411 4612 justitiw.

285 4632 686 4698 δικαιοσύνης
716 4631 876 4701 ὑμῖν.

363 4726 544 4779 PKA’.
580 4726 765 4790 Διττὺς
811 4727 1020 4790 ἀείπως
1066 4726 1216 4781 ἐστὶν
1257 4728 1288 4780 ὁ
1340 4728 1439 4797 τῆς
1489 4728 1870 4797 παραινέσεως

284 4817 516 4888 τρόπος.
546 4818 617 4870 Ἦ
657 4818 766 4889 γὰρ
795 4818 1150 4889 ἐξηγούμενοι
1183 4818 1279 4889 τὴν
1308 4821 1420 4882 τοῖς
1450 4818 1664 4872 θέλουσι
1701 4820 1870 4890 ρᾳθυ-

291 4912 423 4982 μεῖν
452 4910 872 4980 ὲπικεισομένην
918 4909 1139 4963 κόλασιν
1186 4909 1505 4979 μετασοϐεἶν
1551 4907 1868 4978 εἰθίσμεθα,

286 4988 390 5053 καί
421 4998 568 5067 μάλα
598 4999 813 5070 γοργῶς
841 4998 1019 5052 ὲπὶτδ
1059 4998 1208 5068 βιοῦν
1248 4998 1462 5051 ἑλέσθαι
1493 4997 1795 5068 λαμπρώςο
1837 4996 1871 5068 ἢ

284 5091 393 5155 τὰς
422 5093 533 5154 τοῖς
565 5091 863 5144 ἐπιεικέσιν
904 5089 1346 5162 ηὐτρεπισμένας
1380 5091 1546 5161 τιμὰς
1588 5088 1872 5158 ἀπαγγέλ-

285 5184 479 5246 λοντες
528 5182 965 5253 προθυμοτέρους
1029 5180 1400 5251 ἀποτελοῦμεν
1453 5182 1579 5244 τοὺς
1624 5180 1875 5238 παιδευοο

289 5273 491 5342 μένους
520 5272 613 5324 ἐπὶ
642 5271 704 5325 τὸ
735 5271 843 5324 δεῖν
874 5272 1010 5324 ἰέναι
1036 5269 1221 5324 λοιπὸν
1250 5269 1387 5339 πρὸς
1416 5270 1515 5341 τὴν
1545 5270 1754 5340 ἀμείνω
1808 5287 1870 5323 τε

287 5364 389 5418 καὶ
427 5363 803 5433 ὲννομωτάτην
851 5361 1017 5433 ζωήν.
1044 5361 1297 5416 Τοιοῦτόν
1330 5379 1382 5415 τι
1409 5361 1505 5415 νῦν
1535 5365 1565 5413 6
1600 5361 1708 5415 τῶν
1734 5362 1871 5416 ὅλων
1904 5415 1930 5437 ο

287 5452 426 5514 Θεὸς
472 5450 783 5521 ἐργάζεται.
819 5451 1114 5522 Ἥπείλησε
1150 5451 1250 5521 μὲν
1290 5451 1400 5522 7&9
1451 5454 1561 5515 τοῖς
1599 5453 1873 5525 πεπλανη-

292 5542 482 5614 μένοις
514 5543 638 5606 τοὺς
681 5542 973 5613 πολέμους,
1003 5544 1101 5607 τὰς
1135 5545 1442 5615 συμφορὰς,
1478 5544 1577 5614 τὴν
1608 5546 1689 5609 είς
1726 5545 1873 5599 ἀλλο-

288 5634 495 5706 φύλους
550 5634 872 5706 ἀπαγωγὴν,
914 5635 1040 5700 τοὺς
1079 5635 1189 5689 τῶν
1220 5635 1426 5689 πόλεων
1470 5636 1867 5708 ἐμπρησμοὺς,

2051 4721 2237 4778 CXXI.
2272 4721 2472 4790 Duplex
2500 4736 2716 4790 semper
2742 4719 2854 4774 fere
2872 4729 2957 4774 est
3002 4714 3384 4771 admonitionis
3419 4728 3533 4767 mo—

1980 4814 2098 4867 dus.
2133 4814 2240 4866 Aut
2272 4813 2415 4866 enim
2447 4810 2890 4866 commemoratis
2923 4826 3043 4878 quae
3072 4811 3295 4880 ignavos
3320 4814 3538 4858 manent

1976 4901 2279 4971 suppliciis,
2314 4903 2380 4957 ad
2412 4916 2474 4956 ea
2520 4901 2846 4967 amolienda,
2876 4908 2931 4955 et
2976 4903 3040 4954 ad
3069 4899 3196 4951 vita:
3245 4896 3552 4959 conspicua:

1981 4985 2229 5050 rationes
2266 4993 2552 5049 celerrime
2609 4992 2954 5063 arripiendas
2992 4989 3425 5053 assuefacimns;
3458 4995 3553 5049 aut

1978 5086 2137 5141 bonis
2186 5096 2407 5156 paratos
2478 5086 2713 5141 honores
2790 5083 3221 5146 annuntiantes,
3283 5095 3421 5150 quos
3470 5081 3551 5132 in-

1979 5179 2277 5246 stitnimus,
2306 5179 2373 5233 ad
2403 5180 2567 5232 vitam
2600 5177 2775 5231 adhuc
2803 5176 3196 5246 probatiorem,
3248 5183 3305 5230 et
3345 5172 3551 5243 legibus

1978 5270 2533 5342 eongruentissimam
2589 5268 3007 5341 aggrediendam
3063 5267 3356 5323 alacriores
3418 5261 3549 5320 elli-

1978 5363 2173 5418 cimus.
2213 5360 2343 5416 Tale
2368 5362 2619 5432 quiddam
2672 5369 2730 5416 et
2766 5361 2926 5415 modo
2961 5359 3108 5416 Deus
3174 5358 3550 5416 universorum

1979 5454 2125 5510 facit.
2159 5453 2316 5524 152
2348 5452 2583 5508 Minatus
2612 5463 2697 5509 est
2726 5454 2869 5509 enint
2899 5453 3213 5508 errantibus
3246 5450 3409 5513 bella,
3455 5464 3551 5504 ca-

1978 5545 2268 5610 lamitates,
2304 5545 2731 5614 deportationem
2784 5545 2853 5599 ad
2905 5543 3282 5615 alienigenas,
3337 5539 3549 5594 urbium

1981 5641 2468 5708 inﬁannnationes,
2512 5640 2750 5697 hostium
2803 5640 3201 5712 grassationcs.
3257 5636 3547 5691 Verumta-

364 5816 412 5857 "
437 5812 500 5882 ιν
539 5813 672 5887 llcg.
711 5829 822 5882 xix,
1020 5817 1064 5850 ³⁸
1090 5818 1222 5875 ibid.
1300 5821 1495 5883 "Gen.
1537 5838 1707 5893 xutt,
1740 5823 1829 5880 ‘16.

1977 5822 2101 5880 ibid.
2145 5824 2231 5884 28.
