4068 6556
606 387 719 444 255

1641 388 1703 442 S.
1747 380 2023 442 CYRlLLl
2059 374 2530 433 ALEXANDle
2569 378 2887 435 ARCHIEP.

3792 369 3911 428 256

610 516 731 557 men
756 516 859 556 non
887 497 994 557 hic
1023 502 1446 558 admonitionem
1494 515 1646 558 suam
1698 501 2052 564 terminavit;
2092 498 2185 554 sed

2292 496 2398 550 τῶν
2430 495 2752 567 μαχομένων
2778 496 2881 567 τὴν
2912 493 3234 566 ἀγριότητα.
3271 492 3419 563 Πλὴν
3451 490 3513 545 οὐ
3548 490 3729 561 μέχρι
3778 489 3911 541 τοῦ.

607 604 737 649 ecce
771 607 989 648 rursum
1024 593 1131 647 alia
1163 593 1335 649 etiam
1373 594 1455 648 via
1508 592 1615 648 illis
1636 592 1888 648 consulit.
1926 590 2060 645 Nam
2097 590 2183 646 di-

610 680 780 735 misso
811 681 952 749 quod
978 682 1170 737 inutile
1198 691 1254 738 et
1291 682 1469 738 omnis
1505 682 1739 737 miseriae
1766 680 1870 736 illis
1891 679 2015 735 fons
2055 688 2141 736 est
2164 720 2183 746 ,

2286 602 2395 640 των
2434 588 2528 638 τὸν
2561 585 2662 656 τῆς
2691 584 3065 655 παραινέσεως
3095 584 3275 653 ἵστησι
3303 582 3481 650 λόγον,
3516 581 3630 635 ἀλλ’
3671 576 3805 629 ἰδοὺ
3843 575 3908 644 δὴ

2290 672 2470 735 πάλιν,
2517 672 2611 727 καὶ
2662 673 2786 728 καθ’
2814 673 3000 743 ἕτερον
3037 671 3235 734 αὐτοὺς
3268 671 3475 742 ὀνίνησι
3508 669 3749 741 τρόπον.
3788 666 3908 719 Καὶ

607 770 750 836 quod
783 770 1019 825 maxime
1046 771 1306 841 prodesse
1332 773 1637 837 consuevit,
1668 779 1859 827 contra
1890 783 2187 840 capessere

2292 760 2353 832 δὴ
2389 761 2650 831 μεθέντας
2690 761 2749 815 τὸ
2783 762 3075 833 ἄχρηστον,
3105 762 3195 816 καὶ
3220 761 3441 831 ἀπάσης
3473 760 3657 822 αὐτοῖς
3700 760 3907 861 ταλαι-

610 857 880 923 hortatur,
920 859 1235 915 colonorum
1266 876 1416 919 more
1451 881 1471 916 ι
1500 864 1840 919 seminantes
1870 861 2090 931 quidem
2131 860 2188 916 in

2292 851 2501 921 ταορίας
2533 852 2811 923 πρόξενον,
2838 853 2898 905 τὸ
2931 853 3014 905 ὅτι
3066 852 3301 922 μάλιστα
3343 851 3589 919 πεφυκὸς
3618 848 3900 952 ὠφελεῖγ,

603 947 818 1015 ,ἱιιειῐιία
844 986 861 1013 ,
917 950 1315 1017 νίηόοωίοηιοε
1344 962 1525 1009 autem
1567 952 1802 1010 fructum
1838 952 1983 1007 vitm.
2040 969 2061 1004 ι
2119 950 2191 1007 Ut

2292 940 2604 996 ἀνθελέσθαι
2629 941 2861 1007 κελεύει,
2880 941 3140 1010 γηπόνοις
3163 943 3220 994 ὲν
3239 940 3357 1010 ἴσῳ,
3384 957 3402 990 ι
3424 938 3781 1009 Σπείροντας
3801 938 3904 1005 μὲν

609 1038 756 1092 enim
811 1038 1003 1097 scriblt
1052 1040 1245 1095 beatus
1290 1040 1530 1107 Paulus,
1581 1060 1601 1095 ι
1648 1042 1792 1111 quod
1841 1042 2191 1099 seminaverit

2292 1034 2370 1095 είς
2391 1031 2757 1103 δικαιοσύνην,
2782 1031 3177 1101 τρυγῶνταςδὲ
3207 1031 3300 1086 καὶ
3330 1033 3410 1095 είς
3433 1032 3645 1102 καρπὸν
3672 1031 3897 1099 ζωῆς.»

611 1130 799 1192 homo,
826 1130 930 1186 hoc
950 1138 1005 1186 et
1040 1140 1205 1187 metet
1226 1132 1273 1166 ⁸³
1299 1150 1320 1185 ι
1358 1149 1373 1198 ;
1404 1144 1479 1199 et,
1508 1132 1598 1200 qui
1628 1133 1865 1188 seminat
1893 1132 2053 1199 mala,
2079 1146 2190 1187 me-

2302 1124 2391 1183 Ὠς
2423 1124 2530 1194 γὰρ
2566 1125 2596 1177 ὀ
2624 1125 2894 1195 μακάριος
2923 1124 3126 1194 γράφει
3156 1122 3384 1189 Παῦλος,
3419 1142 3438 1175 ι
3475 1125 3542 1176 '0
3580 1123 3646 1176 ἂν
3681 1121 3905 1192 σπείρῃ

613 1204 691 1275 tet
712 1219 849 1275 mala
880 1222 946 1287 ",
987 1230 1047 1276 ut
1067 1223 1329 1293 scriptum
1355 1232 1460 1280 est.
1509 1224 1808 1293 Operarius
1838 1235 2019 1281 autem
2088 1225 2183 1293 ju~

2292 1216 2597 1286 ἄνθρωπος,
2618 1214 2777 1270 τοῦτο
2801 1216 2894 1269 καὶ¹
2918 1214 3123 1285 θερίσει
3140 1230 3155 1244 ⁸
3182 1233 3202 1267 ι
3225 1216 3338 1279 καὶ,
3372 1232 3390 1265 ι
3425 1215 3485 1269 '0
3514 1215 3613 1284 μὲν
3637 1214 3904 1283 σπείρων

620 1309 794 1364 stitia
822 1309 997 1365 salute
1029 1320 1084 1364 ct
1115 1311 1226 1365 vita
1254 1312 1567 1382 replebitur,
1590 1322 1884 1382 spectatus,
1919 1320 1975 1367 et
2008 1313 2190 1367 inlita-

2293 1307 2492 1377 φαῦλα,
2525 1306 2730 1377 θερίσει
2762 1306 2930 1369 κακά,
2960 1325 2978 1358 ι
3013 1305 3156 1360 κατά
3185 1304 3248 1358 τὸ
3276 1306 3691 1376 γεγραμμένον.
3741 1305 3807 1356 '0
3844 1303 3901 1355 δὲ

613 1401 759 1455 tione
781 1401 972 1470 dignus
1004 1403 1300 1458 :etvinum
1332 1406 1684 1459 vindemiabit
1732 1423 1751 1455 ι
1786 1404 2070 1459 Iretilicans
2097 1420 2191 1460 cor

2292 1399 2391 1469 τῆς
2423 1399 2767 1468 δικαιοσύνης
2794 1396 3054 1467 ἐργάτης,
3090 1397 3362 1465 σωτηρίας
3388 1396 3542 1449 ἔσται
3600 1396 3704 1448 καὶ
3745 1393 3901 1461 ζωῆς

616 1491 848 1546 hominis
883 1493 924 1544 ί.
964 1510 983 1545 ο
1034 1491 1234 1549 Adhaec
1291 1495 1382 1563 qui
1421 1494 1560 1549 bene
1608 1495 1799 1550 audire
1844 1496 2088 1563 cupiunt,
2137 1495 2191 1550 in

2293 1490 2566 1561 ἔμπλεως,
2601 1490 2852 1560 λαμπρὸς
2902 1490 2997 1542 καὶ
3030 1485 3415 1556 ἀξιοζήλωτος,
3447 1487 3541 1540 καὶ
3571 1482 3726 1539 οἶνον
3762 1486 3903 1537 ἀπο-

612 1581 854 1636 ιηίεηυηι
907 1584 984 1638 'et
1044 1599 1144 1640 cor
1198 1599 1340 1641 veras
1396 1586 1641 1641 scientias
1706 1585 1885 1641 lumen
1940 1586 2191 1644 inducere

2292 1582 2607 1654 τρυγήσει,ι
2636 1581 2739 1635 Τὸν
2768 1581 3125 1652 εὐφραίνοντα
3153 1579 3381 1650 καρδίαν
3411 1578 3733 1650 ἀνθρώπου.
3751 1596 3771 1627 ›
3806 1578 3902 1628 Δεῖ

611 1673 833 1740 debent,
861 1689 970 1744 quo
992 1684 1199 1741 carent,
1230 1677 1322 1745 qui
1359 1678 1725 1747 praetermisso
1764 1677 2028 1732 Creatore
2097 1679 2191 1734 ad-

2292 1672 2350 1727 δὲ
2397 1674 2532 1745 πρὸς
2563 1672 2738 1744 τούτῳ
2769 1674 2895 1737 τοὺς
2935 1673 3216 1737 ἐθέλοντας
3262 1672 3591 1741 εὐδοκιμεῖν,
3631 1672 3720 1731 είς
3764 1672 3897 1722 νοῦν

612 1777 779 1821 orant
822 1772 1179 1824 creaturam.‘
1211 1770 1456 1836 Quanam
1479 1778 1657 1825 autem
1693 1771 1901 1825 ratione
1924 1771 2190 1839 possimus

2296 1764 2390 1816 καὶ
2420 1763 2647 1835 καρδίαν
2678 1764 2740 1817 τὸ
2772 1764 2871 1833 τῆς
2914 1763 3148 1835 ἀληθοῦς
3186 1761 3442 1832 γνώσεως
3484 1758 3898 1822 είσοικίζεσθαι

612 1858 753 1912 bene
783 1858 1053 1914 seminare
1092 1859 1149 1915 in
1170 1860 1383 1927 justitia
1414 1900 1429 1925 ,
1481 1871 1536 1916 et
1592 1862 1923 1918 vindemiare
1953 1863 2186 1919 fructum

2292 1856 2428 1925 φῶς,
2452 1856 2552 1909 οὐκ
2583 1856 2814 1925 ἑχόντων
2843 1855 2974 1908 αὐτὸ
2996 1855 3105 1908 τῶν
3128 1852 3576 1924 προσκυνούντων
3602 1854 3674 1922 τῇ
3704 1850 3895 1903 κτίσει

615 1948 761 2015 vim,
787 1959 841 2003 et
870 1950 1214 2018 splendidum
1251 1952 1491 2007 scientiae
1518 1952 1703 2008 lumen
1733 1954 2036 2024 suscipere,
2072 1956 2190 2026 ipse

2292 1946 2442 2018 παρά
2479 1946 2571 1999 τὸν
2604 1946 2882 2001 κτίσαντα.
2928 1945 3051 2009 Πῶς
3078 1944 3122 1998 δ’
3148 1944 3214 1998 ἂν
3243 1944 3452 2012 γένοιτο
3483 1941 3664 2004 καλῶς
3693 1940 3767 1994 τὸ
3802 1940 3897 1992 δύο

614 2035 793 2103 docet,
828 2039 1199 2109 subjungem:
1240 2060 1259 2095 ι
1293 2041 1528 2106 Quaerite
1555 2042 1839 2099 Dominum
1885 2044 2055 2099 donec
2102 2058 2192 2100 ve-

614 2126 770 2182 niant
800 2128 959 2183 vobis
986 2128 1167 2198 t‘rnges
1199 2128 1444 2195 iustitiae.
1500 2149 1519 2183 ι
1568 2130 1902 2195 Qttmrendus
1943 2143 2124 2188 autem
2154 2148 2187 2188 a

619 2214 774 2271 nobis
800 2214 940 2273 Deus
970 2226 1073 2281 est,
1107 2234 1212 2275 non
1242 2222 1541 2276 secundum
1574 2220 1773 2285 locum,
1798 2224 1942 2291 quod
1980 2222 2188 2277 fatuum

616 2301 777 2369 foret,
812 2307 1243 2375 quandoquidem
1273 2308 1509 2364 divinum
1544 2325 1744 2364 numen
1779 2311 1900 2367 loco
1927 2326 2032 2366 non
2061 2326 2191 2369 con-

613 2393 858 2461 tinetur;
898 2399 992 2453 sed
1033 2409 1092 2454 ut
1122 2400 1174 2453 in
1209 2397 1497 2457 affectione
1540 2402 1757 2467 animae,
1815 2413 1873 2467 et,
1910 2403 2192 2460 alacritate

612 2484 813 2539 tuentis
840 2488 908 2540 ad
941 2487 1119 2541 omnia
1150 2487 1227 2542 illi
1270 2500 1423 2559 grata
1478 2491 1775 2557 inclinatae,
1828 2501 1884 2547 et
1906 2493 2190 2548 conscien-

607 2573 743 2627 tiam
773 2582 997 2644 rectam,
1037 2587 1092 2632 et
1120 2580 1368 2646 nitidam,
1395 2590 1451 2635 et
1480 2581 1550 2637 ab
1576 2583 1725 2635 omni
1757 2585 2180 2652 reprehensione

613 2666 844 2723 alienam
876 2671 1192 2738 spectantis.
1223 2671 1315 2726 Sic
1354 2673 1500 2728 enim
1546 2688 1612 2728 eo
1664 2674 1909 2740 invento,
1959 2675 2188 2733 aliorum

612 2770 829 2826 quoque
849 2758 1110 2815 bonorum
1134 2761 1497 2829 acquisitione
1516 2762 1869 2821 ditescemus.
1899 2764 1982 2821 An
2002 2780 2189 2821 verum

616 2858 723 2898 non
750 2854 837 2901 est
856 2849 999 2915 quod
1032 2847 1111 2903 ait
1138 2848 1387 2906 Christus
1420 2868 1434 2903 :
1466 2868 1485 2903 ι
1521 2851 1653 2908 Sine
1679 2868 1764 2909 me
1801 2855 1934 2909 nihil
1963 2858 2190 2925 potestis

615 2933 797 2991 facere
822 2937 867 2990 ³.
903 2954 925 2990 ιι
962 2936 1069 2996 Sed
1096 2941 1161 2996 de
1190 2942 1293 2999 hoc
1312 2942 1457 2997 nullo
1491 2945 1650 2999 modo
1680 2947 1949 3011 dubitant,
1973 2950 2188 3019 opinor,

600 3025 671 3079 in
694 3028 891 3095 quibus
911 3043 1096 3085 verum
1120 3032 1258 3087 inest
1272 3032 1562 3101 judicium.
1590 3034 1717 3093 Haec
1741 3039 1881 3092 enim
1904 3054 2025 3094 cum
2055 3042 2188 3108 Deo,

618 3125 672 3171 et
723 3133 820 3187 per
850 3118 1042 3188 Deum,
1068 3128 1122 3175 et
1149 3138 1179 3177 a
1214 3124 1322 3181 Deo
1355 3127 1533 3181 omnis
1557 3128 1682 3183 boni
1730 3130 2000 3197 possessio
2036 3132 2189 3188 nobis

617 3216 721 3263 cst.
760 3206 966 3264 Dixerit
1002 3221 1179 3268 tamen
1217 3230 1327 3287 non.
1375 3216 1516 3271 male
1563 3218 1833 3287 quispiam
1867 3261 1885 3286 ,
1933 3235 2037 3275 non
2095 3236 2187 3276 so—

618 3296 732 3351 lum
770 3297 1032 3356 idolorum
1069 3303 1388 3371 cultoribus,
1438 3323 1460 3361 ι
1494 3307 1763 3363 seminate
1804 3309 1958 3367 vobis
1981 3310 2037 3367 in
2100 3310 2191 3381 jn-

618 3388 823 3453 stitia,»
852 3401 905 3446 et
926 3406 1045 3460 qua:
1069 3403 1413 3465 sequuntur;
1441 3398 1536 3453 sed
1570 3399 1736 3453 etiam
1771 3414 1802 3452 a
1840 3400 2051 3456 sincera
2087 3402 2193 3458 [ide

622 3485 1015 3554 refugientibus
1042 3528 1058 3552 ,
1110 3498 1165 3546 et
1195 3491 1479 3560 spiritibus
1518 3494 1720 3551 erroris
1767 3496 2191 3563 attendentibus,

620 3575 676 3629 in
715 3575 985 3647 hypocrisi
1020 3580 1410 3637 daemoniorum
1439 3623 1455 3648 ,
1506 3592 1561 3641 et
1600 3586 1954 3641 cauteriatam
1987 3587 2193 3643 haben-

620 3668 769 3722 tibus
823 3670 1286 3727 conscientiam’.
1338 3690 1359 3726 ι
1422 3673 1492 3730 Ut
1549 3675 1713 3745 igitur
1761 3678 2195 3745 sapientissimus

619 3755 818 3815 Paulus
844 3761 1055 3823 scribit,
1105 3762 1158 3816 hi
1204 3763 1482 3819 seminant
1510 3766 1751 3834 quidem,
1777 3768 1981 3823 sciendi
2026 3770 2195 3837 proli-

620 3848 907 3919 ciendique
948 3850 1225 3907 laboribus
1280 3853 1524 3922 impense
1568 3856 1777 3923 dediti;
1823 3870 2195 3914 verumtamen

621 3955 728 3994 non
759 3940 814 3996 in
837 3939 1072 4007 iustitia,
1115 3945 1209 3999 sed
1245 3944 1305 4000 in
1340 3947 1630 4016 iniquitate
1658 3958 1714 4003 et
1739 3949 2013 4018 impietate
2040 3994 2055 4018 ,
2108 3968 2194 4008 se-

620 4031 882 4087 ducentes
937 4042 991 4088 et
1029 4036 1277 4101 seducti,
1332 4055 1351 4089 r
1408 4046 1464 4091 ct
1509 4039 1875 4107 percutientes
1923 4041 2191 4098 inﬁrmam

619 4122 1009 4181 conscientiam
1045 4125 1298 4191 fratrum,
1333 4142 1430 4196 pro
1451 4129 1647 4197 quibus
1669 4128 1920 4187 Christus
1949 4145 2196 4190 mortuus

617 4222 706 4268 cst
742 4214 785 4268 '.
840 4233 860 4267 ι
896 4216 1051 4286 153
1094 4216 1442 4273 Vindemiant
1497 4219 1659 4289 igitur
1702 4238 1807 4277 non
1848 4224 1914 4278 ad
1953 4224 2187 4282 fructum

621 4305 747 4361 vitae
780 4306 1069 4376 aliquando
1100 4349 1116 4373 ,
1148 4311 1240 4365 sed
1290 4326 1504 4380 partem
1536 4320 1593 4367 et
1639 4312 1928 4382 judicium.
1992 4316 2195 4383 Quam-

620 4401 815 4456 obrem
856 4402 1073 4458 dicebat
1101 4403 1353 4461 Christus
1398 4420 1412 4456 :
1451 4423 1469 4456 ι
1499 4405 1819 4475 Quicunque
1858 4410 2193 4465 scandaliza-

2289 2039 2483 2092 νασθαι
2531 2038 2775 2108 σπείρειν
2812 2040 2894 2101 εἰς
2921 2036 3288 2104 δικαιοσύνην,
3333 2036 3425 2087 καὶ
3464 2033 3571 2104 μὴν
3601 2033 3699 2086 καὶ
3745 2033 3894 2085 ἀπο-

2286 2133 2509 2201 τρυγείν
2536 2132 2616 2193 εἰς
2644 2130 2855 2200 καρπὸν
2887 2129 3051 2199 ζωῆς,
3087 2128 3182 2181 καὶ
3209 2126 3272 2181 τὸ
3310 2124 3563 2195 λαμπρὸν
3604 2123 3705 2192 τῆς
3745 2120 3896 2189 γνώ·

2290 2242 2427 2288 σεως
2465 2223 2801 2295 εἰσδέχεσθαι
2835 2221 2948 2291 φῶς
2969 2263 2984 2286 ,
3016 2219 3179 2283 αὐτὸς
3213 2213 3480 2282 ὐπὲδειξε,
3529 2212 3889 2285 προστιθείςο

2292 2335 2313 2370 ι
2342 2318 2621 2387 Ζητήσατε
2667 2316 2758 2369 τὸν
2790 2313 2994 2385 Κύριον
3035 2329 3139 2375 εως
3165 2306 3227 2367 οὗ
3255 2310 3383 2381 ἔλθῃ
3429 2308 3755 2378 γεννήματα
3807 2306 3890 2358 δι-

2288 2405 2582 2476 καιοσύνης
2626 2406 2773 2475 ὑμῖν.
2808 2423 2828 2455 ι
2880 2404 3107 2473 Ζητοῖτο
3136 2401 3180 2454 δ’
3221 2399 3286 2453 ἂν
3332 2398 3463 2470 πρὸς
3511 2395 3670 2467 ἡμῶν
3704 2394 3887 2459 Θεὸς,

2286 2498 2407 2568 οὐχὶ
2432 2497 2690 2561 τοπικῶς.
2720 2493 2890 2551 Τοῦτο
2915 2493 3026 2563 γὰρ
3047 2492 3271 2562 εὐηθες’
3299 2489 3424 2545 ἐπεὶ
3454 2488 3529 2557 μὴ
3552 2489 3613 2539 ὲν
3638 2486 3804 2557 τόπῳ
3830 2486 3891 2538 τδ

2289 2588 2462 2643 θεῖον·
2502 2587 2617 2643 ἀλλ’
2648 2588 2725 2650 ὡς
2766 2588 2824 2641 ὲν
2862 2585 3105 2639 διαθέσει
3133 2582 3342 2652 ψυχῆς,
3389 2580 3483 2633 καὶ
3527 2576 3621 2631 νοῦ
3667 2576 3888 2647 προθυ-

2270 2679 2473 2750 μίαις,
2508 2681 2587 2741 είς
2619 2678 2728 2733 πᾶν
2756 2675 2945 2731 ὁτιοῦν
2974 2675 3083 2730 τῶν
3122 2673 3466 2745 ἀρεσκόντων
3507 2668 3659 2739 αὐτῷ
3698 2668 3888 2721 διανεο

2288 2771 2571 2835 νευκὸτος,
2614 2772 2707 2824 καὶ⁵
2750 2770 2829 2831 είς
2854 2767 3061 2838 εἴδησιν
3101 2766 3385 2837 βλέποντος
3442 2760 3609 2833 ὀρθὴν
3647 2761 3750 2814 καὶ
3788 2760 3890 2813 ἀτι-

2289 2862 2606 2934 εξεσμένην,
2657 2866 2752 2915 καὶ
2796 2857 3094 2930 οὐδαμόθεν
3140 2856 3370 2927 ἔχουσαν
3408 2853 3474 2908 τὸ
3516 2851 3886 2921 ἐπιτιμᾶσθαι

2289 2955 2417 3007 δεῖν.
2444 2953 2710 3025 Εὐρόντες
2739 2952 2848 3020 γάρ
2873 2950 3046 3011 οὔτως
3074 2947 3256 3012 αὐτὸν,
3286 2946 3382 3001 καὶ
3404 2944 3501 3015 τὴν
3529 2943 3643 2996 τῶν
3673 2942 3888 3012 ἑτέρων

2291 3044 2513 3113 ἀγαθῶν
2544 3040 3061 3112 καταπλουτήσομεν
3107 3037 3320 3106 κτῆσιν.
3360 3035 3431 3089 Ἦ
3468 3034 3571 3088 οὐκ
3623 3032 3885 3101 ἀληθεύει

2292 3134 2544 3206 Χριστὸς,
2572 3133 2700 3188 ὅταν
2724 3132 2882 3202 λέγῃ,
2916 3146 2937 3181 t
2963 3128 3146 3199 Χωρὶς
3174 3126 3309 3198 ἐμοῦ
3341 3126 3403 3180 οὐ
3436 3124 3668 3179 δύνασθε
3703 3125 3884 3177 ποιεῖν

2291 3227 2442 3281 οὐδέν
2461 3245 2479 3293 ς
2499 3245 2517 3279 ι
2568 3225 2705 3279 Ἀλλ’
2732 3222 2900 3285 ἐστιν,
2931 3216 3113 3291 οἶμαι,
3147 3219 3298 3273 τουτὶ
3338 3220 3469 3281 τοῖς
3495 3216 3634 3290 ὀρθὰ
3663 3219 3884 3288 φρονεῖν

2291 3317 2539 3372 εἰωθόσιν
2564 3314 2863 3386 οὐδαμόθεν
2884 3311 3205 3383 ἀμφίϐολον.
3227 3310 3436 3379 κτῆσις
3456 3308 3566 3379 γάρ
3585 3309 3718 3379 ἡμῖν
3741 3308 3883 3375 αῦτη

2293 3408 2495 3470 παντὸς
2523 3405 2729 3477 ἀγαθοῦ
2766 3403 2903 3474 μετά
2942 3401 3098 3465 Θεοῦ,
3142 3401 3235 3457 καὶ⁵
3277 3399 3367 3454 διὰ
3395 3398 3555 3465 Θεοῦ,
3591 3398 3686 3453 καὶ
3726 3399 3882 3466 παρά

2291 3496 2447 3551 Θεοῦ.
2475 3497 2633 3549 Εἴποι
2660 3495 2705 3548 δ’
2730 3494 2796 3549 ἄν
2822 3509 2928 3555 τις,
2959 3490 3055 3548 καὶ
3090 3490 3235 3560 μάλα
3267 3488 3514 3552 εἰκότως,
3544 3489 3666 3558 οὐχὶ
3695 3487 3883 3557 μόνοις

2290 3593 2405 3652 τοῖς
2428 3588 2538 3641 τῶν
2568 3586 2800 3640 εἰδώλων
2828 3585 3219 3655 θεραπευταῖς.
3262 3583 3346 3646 τὸ,
3381 3600 3402 3633 ι
3431 3580 3695 3649 Σπείρατε
3752 3580 3882 3632 ἐαυ-

2292 3682 2405 3744 τοῖς
2447 3680 2527 3741 εἰς
2565 3675 2971 3745 δικαιοσύνην,ι
3011 3673 3107 3728 καὶ
3135 3672 3206 3727 τά
3241 3672 3449 3735 τούτοις
3483 3668 3709 3737 ἑφεξῆς,
3743 3666 3883 3720 ἀλλά

2294 3770 2403 3841 γὰρ
2428 3769 2522 3823 καὶ
2547 3770 2660 3830 τοῖς
2689 3766 2788 3835 τῆς
2811 3763 2979 3835 ὀρθῆς
3011 3762 3247 3824 πίστεως
3273 3758 3883 3830 ἀποτρέχουσι,‹Προσο

2295 3861 2568 3933 κειμένοις
2611 3859 2672 3912 δὲ
2712 3856 2912 3927 μᾶλλον
2941 3854 3212 3923 πνεύμασι
3253 3852 3481 3920 πλάνης,
3511 3851 3569 3901 ὲν
3594 3848 3883 3917 ὑποκρίσει

2294 3952 2609 4023 δαιμονίων,
2637 3944 3199 4017 κεκαυτηριασμένοις
3233 3941 3330 4012 τὴν
3374 3938 3695 4009 συνείδησιν.
3724 3955 3750 3988 ι
3800 3937 3884 3996 '0;

2295 4045 2425 4116 γοῦν
2467 4045 2496 4097 ὁ
2544 4040 2853 4111 σοφώτατος
2886 4039 3087 4110 γράφει
3124 4035 3365 4099 Παῦλος,
3411 4028 3555 4086 οῦτοι
3593 4031 3880 4100 σπείρουσι

2300 4138 2398 4209 μὲν
2418 4136 2528 4198 τοῖς
2552 4136 2629 4197 είς
2655 4131 2857 4203 γνῶσιν
2878 4130 2972 4183 καὶ
2994 4127 3347 4196 φιλομάθειαν
3375 4124 3679 4193 ἐγκείμενοι
3697 4138 3710 4150 ·
3737 4119 3882 4189 πλὴν

2294 4229 2395 4282 οὐκ
2423 4230 2502 4290 εἰς
2530 4224 2667 4296 ἔργα
2706 4222 3071 4291 δικαιοσύνης,
3098 4221 3211 4274 ἀλλ’
3243 4220 3323 4280 εἰς
3353 4216 3566 4271 ἀδικίαν
3622 4215 3713 4266 καὶ
3750 4214 3882 4265 ἀσέ-

2297 4319 2469 4382 ϐειαν,
2507 4315 2815 4378 πλανῶντες
2863 4312 2956 4368 καὶ
2997 4309 3357 4380 πλανώμενοι,
3395 4326 3412 4359 ι
3442 4306 3554 4361 Καὶ
3583 4303 3879 4363 τύπτοντες

2297 4408 2626 4464 ἀσθενοῦσαν
2672 4408 2770 4479 τὴν
2815 4404 3117 4473 συνείδησιν
3160 4400 3267 4455 τῶν
3309 4396 3574 4467 ἀδελφῶν,
3614 4394 3754 4463 ὑπὲρ
3810 4388 3879 4445 ὧν

625 4494 767 4548 verit
802 4509 966 4549 unum
1018 4495 1085 4550 de
1141 4495 1350 4563 pusillis
1399 4496 1521 4553 istis
1572 4497 1626 4551 in
1671 4512 1757 4555 me
1804 4501 2189 4568 credentibus,

2302 4501 2533 4571 Χριστὸς
2571 4498 2829 4553 ἀπέθανε.
2851 4515 2869 4548 ι
2905 4493 3159 4564 Τρυγῶσι
3201 4490 3265 4561 δὴ
3307 4486 3399 4543 οὖν
3428 4488 3528 4585 οὐκ
3560 4484 3879 4585 είΞκαρπδν

622 4585 841 4653 expedit
882 4585 930 4639 ei
987 4594 1047 4638 ut
1076 4586 1440 4653 suspendatur
1493 4586 1632 4640 mola
1678 4588 1915 4643 asinaria
1959 4590 2013 4645 in
2057 4593 2191 4647 collo

2296 4594 2439 4664 ζωῆς
2465 4594 2650 4653 ποθεν,
2677 4589 2791 4642 ἀλλ’
2815 4590 2895 4650 είς
2918 4584 3139 4639 κόλασίν
3162 4599 3223 4635 τε
3268 4580 3363 4634 καὶ
3390 4579 3585 4649 κρίσιν.
3612 4576 3725 4629 Καὶ
3754 4576 3877 4645 γοῦν

621 4674 759 4743 eius.
786 4684 840 4730 et
866 4676 1212 4746 demergatur
1240 4677 1292 4729 in
1325 4677 1650 4747 profundum
1684 4683 1853 4737 maris
1880 4682 1923 4735 ⁸.
1994 4702 2012 4737 ι
2066 4684 2198 4739 Dili-

624 4774 755 4833 gant
800 4764 963 4834 igitur
1003 4766 1311 4831 veritatem,
1342 4767 1445 4821 hoc
1471 4776 1576 4831 est,
1626 4767 1757 4823 illud
1796 4771 2079 4838 sapientiae
2113 4772 2197 4828 lu-

627 4870 773 4910 men.
813 4854 890 4909 Ita
915 4857 1177 4925 quaeritur
1217 4858 1378 4913 Dens.
1432 4858 1569 4914 Hinc
1602 4861 1708 4916 illis
1734 4861 1945 4918 fructus
1968 4863 2198 4931 iustitia:

622 4946 873 5008 orientur
902 4947 1168 5002 invitam.
1204 4947 1640 5005 Vindemiabitur
1666 4952 1829 5006 etiam
1846 4953 2052 5020 vinum,
2088 4973 2193 5012 non

624 5033 849 5101 quidem
877 5048 1225 5104 corporeum,
1259 5037 1352 5093 sed
1382 5040 1524 5107 quod
1562 5039 1916 5110 intelligentia
1933 5044 2194 5113 cernitur,

627 5132 685 5177 et
712 5138 808 5191 per
830 5125 1107 5195 spiritum,
1137 5128 1282 5197 quod
1303 5129 1466 5187 etiam
1491 5144 1588 5189 cor
1621 5139 1676 5187 et
1708 5131 1948 5189 animum
1963 5135 2198 5194 hominis

625 5212 887 5273 laetiﬁcat.

2295 4663 2532 4753 ἔφασκεν
2555 4683 2584 4735 ὁ
2613 4677 2868 4749 Χριστὸς,
2897 4676 2978 4728 ὅτι
3011 4693 3029 4726 ι
3062 4674 3157 4736 Ὃς
3187 4672 3252 4724 ἂν
3293 4667 3619 4741 σκανδαλίσῃ
3648 4666 3750 4718 ἕνα
3774 4663 3881 4717 τῶν

2298 4773 2510 4846 μικρῶν
2545 4769 2748 4825 τούτων
2788 4766 2897 4821 τῶν
2937 4763 3300 4818 πιστευόντων
3330 4761 3408 4824 είς
3446 4760 3565 4829 ἐμὲ,
3608 4757 3875 4827 συμφέρει

2304 4863 2475 4936 αὐτῷ,
2501 4864 2588 4918 ἵνα
2614 4858 2901 4933 κρεμασθῇ
2928 4856 3109 4920 ὀνικὸς
3140 4854 3302 4926 μύλος
3331 4852 3458 4923 περὶ
3492 4850 3581 4903 τὸν
3612 4848 3875 4918 τράχηλον

2304 4957 2488 5022 αὐτοῦ,
2528 4955 2622 5010 καλ⁸
2657 4949 3058 5018 καταποντισθῇ
3091 4950 3147 4999 ὲν
3180 4945 3257 5016 τῷ
3285 4944 3510 5012 πελάγει
3555 4941 3649 5012 τῆς
3677 4938 3876 4993 θαλάσ-

2306 5070 2424 5121 σης.
2455 5048 2682 5111 Οὐκοῦν,
2720 5043 3090 5114 ἀγαπάτωσαν
3115 5039 3214 5110 τὴν
3257 5038 3531 5109 ἀλήθειαν,
3572 5033 3730 5087 τοῦτό
3770 5035 3877 5086 ἐστι

2302 5142 2366 5194 τὸ
2389 5140 2495 5209 τῆς
2520 5138 2771 5207 γνώσεως
2801 5134 2935 5207 φῶς.
2957 5131 3112 5186 Οῦτω
3151 5131 3390 5199 ζητεῖται
3422 5127 3572 5187 Θεὸς.
3604 5124 3878 5177 Ἐντεῦθεν

2303 5235 2483 5296 αὐτοῖς
2512 5229 2713 5302 καρποὶ
2742 5228 2838 5296 μὲν
2864 5221 3205 5291 δικαιοσύνης
3236 5218 3578 5273 ἁνατελοῦσιν
3604 5217 3683 5278 εἰς
3716 5214 3875 5283 ζωήν.

625 5306 1045 5380 Τρυγηθὴσεται
1084 5311 1143 5371 δὲ
1169 5312 1262 5369 καὶ
1292 5306 1455 5376 οἶνος.
1478 5314 1543 5371 οὐ
1570 5311 1903 5384 σωματικδς,
1937 5319 2124 5387 νοητὸς
2151 5322 2227 5399 δὲ⁵
2249 5326 2469 5397 μᾶλλον,
2526 5323 2619 5377 καὶ
2641 5319 2731 5374 διὰ
2794 5316 3123 5384 πνεύματος,
3148 5314 3205 5377 ὃς
3234 5314 3327 5366 καὶ
3354 5308 3578 5379 καρδίαν
3607 5304 3877 5376 εὐφραίνει
3902 5402 3907 5417 1

630 5401 726 5456 καὶ
758 5400 901 5458 νοῦν.

704 5494 868 5553 Vens.
898 5498 985 5552 l3.
1027 5498 1168 5565 Quid
1197 5499 1434 5553 tacuisti:
1460 5500 1797 5571 impietatem,
1828 5517 1875 5561 et
1901 5508 2196 5579 iniquitates

704 5698 750 5728 ’⁸
776 5695 1058 5771 (ἔτικτεν),
1084 5698 1155 5771 8.,
1212 5698 1256 5729 ⁹⁹
1284 5696 1441 5771 [δι-ον.
1466 5714 1598 5767 xxn,
1628 5704 1678 5757 8.
1759 5704 1770 5734 ¹
1800 5704 1961 5760 Eccli.
1994 5719 2081 5771 χι,
2107 5706 2196 5762 20.
2272 5707 2291 5737 ¹
2319 5704 2476 5759 llum.
2509 5719 2549 5769 l,
2576 5702 2665 5758 25.

635 5780 754 5834 uti,
788 5767 868 5820 ll.
964 5768 985 5798 ⁸
1011 5766 1198 5821 Matth.
1225 5782 1376 5834 ιιι-ιιι,
1402 5767 1455 5820 6.

2377 5509 2515 5564 Ἵνα
2552 5505 2609 5560 τί
2639 5501 3139 5573 παρεσιωπήσατε
3167 5492 3471 5556 ἀσέϐειαν,
3501 5489 3603 5544 καί
3628 5490 3730 5556 τὰς
3759 5488 3875 5544 dcit-

2745 5701 2762 5732 ³
2785 5698 2937 5755 Joan.
2976 5710 3063 5761 xv,
3098 5695 3149 5748 5.
3230 5692 3249 5723 ⁸
3278 5692 3294 5745 l
3320 5687 3460 5743 Tim.
3492 5702 3566 5755 tv,
3588 5687 3642 5740 ‘2.
3718 5686 3739 5715 ⁵
3762 5685 3875 5741 Cor.
