4068 6540
184 409 310 463 957

1131 410 1677 469 COMMENTARIUS
1710 411 1778 466 IN
1818 410 2047 469 OSEAM
2086 411 2533 469 PROPHETAM.

3358 408 3467 464 258

189 525 349 589 χίας
380 522 570 591 αὐτῆς
591 524 991 595 ἐτρυγήσατε;
1023 526 1299 597 Ἐφάγετε
1320 528 1554 596 καρπὸν
1570 528 1784 598 ψευδῆ,

1895 529 2011 598 ejus
2058 527 2453 582 vindemiastis?
2501 523 2813 579 Comedistt's
2852 523 3087 593 fructum
3128 522 3462 587 mendaeem,

186 614 296 666 ὅτι
345 612 618 682 ἤλπισας
650 617 723 670 ἐν
760 616 887 682 τοῖς
913 617 1296 687 ἁμαρτήμασι
1318 633 1457 683 σου,
1484 619 1555 672 ἐν
1578 619 1795 686 πλήθει

188 702 518 774 δυνάμεώς
539 719 679 768 σου,
699 707 801 759 καί
824 707 1302 777 ἐξαναστήσεται
1330 708 1597 763 ἀπώλεια
1619 711 1690 764 ἐν
1712 711 1795 777 τῷ

190 793 338 859 λαῷ
360 812 498 860 σου,
530 797 629 850 καὶ
661 796 860 851 πάντα
885 798 959 852 τὰ
989 799 1534 869 περιτετειχισμένα
1561 814 1678 856 σου
1707 804 1792 856 οὶ-

192 883 485 952 ﬁderat.

272 976 458 1031 PKB'.
497 978 747 1031 Αίτιᾶται
773 976 956 1043 πάλιν,
980 976 1059 1040 ὡς
1087 979 1197 1033 ἀπό
1227 996 1291 1048 γε
1318 980 1416 1051 τῆς
1446 982 1526 1044 είς
1550 980 1615 1034 τὸ
1648 980 1792 1050 φαῦ-

188 1065 297 1119 λον
332 1067 529 1137 ἡδονῆς
557 1069 646 1138 ἐφ’
667 1064 752 1133 οἷς
789 1070 992 1139 ἥκιστα
1033 1072 1203 1142 ἐχρῆν
1243 1075 1577 1144 κατηρεμεῖν
1602 1073 1795 1144 ἑλομέ-

194 1175 357 1224 νους,
394 1160 736 1215 ἀϐουλότατά
759 1178 822 1213 τε
852 1163 1232 1233 σεσιγηκότας,
1256 1165 1342 1232 ἐφ’
1364 1158 1445 1228 οἷς
1469 1160 1536 1235 ἦν
1559 1166 1704 1230 είκδς
1729 1165 1790 1220 ού

202 1252 451 1320 μετρίως
481 1252 766 1305 λυπεῖσθαι
800 1253 952 1306 Θεόν.
983 1254 1113 1306 Δέον
1141 1253 1272 1323 γὰρ,
1302 1255 1453 1323 φησὶ,
1481 1257 1643 1309 παντὶ
1670 1256 1785 1311 σθέ-

196 1358 286 1393 νει
305 1342 705 1413 διωθουμένους
725 1344 825 1413 τὴν
851 1346 932 1406 είς
960 1344 1061 1413 ἐμὲ
1089 1344 1432 1410 δυσσέϐειαν,
1462 1348 1576 1409 τοῖς
1604 1346 1673 1401 τά
1703 1349 1791 1401 al-

196 1432 352 1502 σχρᾶ
373 1434 800 1502 συμϐουλεύουσι
825 1436 1104 1505 ἐπιτιμᾷν,
1132 1434 1292 1488 τοῦτό
1335 1452 1395 1488 τε
1443 1436 1688 1507 δρῶντας
1732 1439 1791 1493 ὲν

194 1526 372 1576 παντὶ
405 1526 657 1592 γενέσθαι
687 1527 862 1597 καλῷ,
893 1527 1241 1596 σεσιγήκασι,
1272 1526 1635 1597 παρεδέξαντο
1666 1531 1790 1595 τοὺς

190 1613 306 1681 τῆς
354 1615 674 1686 πλανήσεως
720 1618 976 1685 τρόπους·
1004 1619 1104 1672 οὐκ
1150 1616 1219 1691 ἦν
1268 1622 1326 1673 ὲν
1379 1623 1561 1686 αὐτοῖς
1604 1626 1632 1677 ὁ
1675 1626 1789 1689 τοῖς

192 1704 387 1757 ἐκεῖνα
414 1706 828 1777 καινοτομοῦσιν
860 1709 1228 1781 ἀνθεστηκὼς,
1259 1712 1359 1765 οὐκ
1392 1713 1687 1778 ἀντιτιθεὶς
1717 1714 1787 1769 τά

192 1795 267 1847 ἐκ
314 1795 505 1865 νόμου,
534 1798 631 1850 καὶ
673 1799 756 1861 εις
805 1800 1113 1869 ἀνάμνησιν
1154 1802 1448 1873 ἀποφέρων
1478 1804 1587 1857 τῶν
1632 1805 1788 1859 τεθε-

1894 619 2019 687 quia
2045 618 2266 686 sperasti
2294 619 2348 671 in
2374 614 2605 669 turribus
2637 613 2764 679 tuis,
2798 615 2852 666 in
2883 613 3224 667 multitudine
3251 612 3466 680 [σταίη-

1894 711 2031 764 diuis
2073 720 2197 766 tum.
2242 708 2309 763 Et
2350 715 2623 777 consurget
2656 705 2883 775 perditio
2930 705 2986 759 in
3027 704 3218 774 populo
3258 712 3372 773 tuo,
3414 713 3465 759 et

1896 802 2076 855 omnia
2117 811 2327 856 mitrata
2361 809 2451 854 tua
2487 797 2729 867 peribunt

1964 977 2169 1033 CXXII.
2220 977 2423 1033 [tenam
2449 990 2546 1032 eos
2573 975 2823 1044 castigat,
2849 984 2908 1027 ut
2931 972 3021 1043 qui
3048 986 3164 1041 prae
3189 972 3466 1043 voluptate

1892 1070 2019 1125 mali
2051 1069 2356 1138 quieverint
2396 1070 2449 1123 in
2476 1067 2675 1138 quibus
2706 1065 2931 1120 minime
2963 1065 3163 1127 decuit,
3195 1062 3467 1118 inconsul-

1890 1163 2211 1229 tissimeque
2247 1158 2516 1215 tacuerint
2545 1158 2600 1211 in
2632 1157 2740 1222 bis,
2775 1164 2995 1223 propter
3020 1167 3141 1222 quae
3164 1152 3333 1208 Deum
3357 1168 3466 1210 non

1892 1251 2244 1308 mediocriter
2294 1249 2457 1304 irasci
2516 1256 2941 1304 consentaneum
2994 1247 3115 1301 fuit.
3167 1245 3301 1301 Nam
3344 1261 3467 1303 cum

1890 1342 2245 1411 oportuisset,
2280 1339 2478 1409 inquit,
2515 1339 2641 1393 totis
2670 1338 2876 1393 viribus
2910 1337 3197 1408 proﬂigare
3223 1338 3468 1407 impieta-

1894 1440 2000 1485 tem
2038 1430 2332 1485 adversum
2377 1443 2485 1495 me,
2522 1436 2577 1483 et
2618 1428 2795 1497 turpia
2831 1429 3122 1483 suadentes
3166 1428 3467 1499 increpare,

1888 1531 1945 1576 et
1987 1522 2061 1576 ita
2110 1522 2217 1575 frui
2260 1520 2416 1575 bonis
2454 1520 2728 1583 omnibus,
2781 1527 3087 1582 tacuerunt,
3116 1519 3467 1575 seductiones

1891 1613 2245 1678 admiserunt,
2284 1626 2389 1668 non
2419 1621 2542 1667 erat
2570 1612 2714 1667 inter
2756 1625 2873 1675 eos,
2902 1610 2996 1680 qui
3032 1610 3123 1664 illa
3165 1624 3308 1665 nova
3352 1625 3470 1667 mo.

1888 1704 2145 1760 lientibus
2191 1706 2495 1769 resisteret,
2550 1719 2659 1759 non
2697 1703 2789 1774 qui
2842 1702 3013 1773 legem
3052 1711 3372 1772 opponeret,
3412 1710 3470 1759 ct

1888 1797 1956 1851 ad
1986 1797 2421 1853 recordationem
2453 1797 2715 1853 divinitus
2746 1803 3137 1865 praeceptorum
3182 1795 3465 1851 excitaret.

196 1886 538 1956 σπισμένων.
564 1887 881 1959 Γέγραπται
926 1890 1057 1962 γὰρ,
1102 1910 1120 1943 ι
1150 1893 1265 1946 Οὐκ
1302 1893 1515 1948 ἔσονταί
1538 1913 1643 1968 ,σοι
1673 1896 1784 1951 θεοὶ

1894 1887 2169 1959 Scriptum
2196 1889 2396 1959 quippe
2429 1895 2649 1944 exstat:
2687 1904 2707 1939 ι
2745 1885 2861 1941 Non
2896 1894 3058 1940 erunt
3101 1885 3197 1939 tibi
3246 1884 3321 1940 dii
3373 1885 3467 1940 alii

192 1978 378 2049 ἕτεροι
423 1979 563 2050 πλὴν
584 1980 743 2050 ἐμοῦ.
766 1999 785 2031 ι
814 1982 925 2036 Καὶ
952 1982 1116 2036 πάλιν
1134 2000 1149 2014 ⁸
1184 2003 1203 2036 ι
1229 1986 1303 2038 Οὐ
1328 1987 1573 2057 ποιήσεις
1604 1988 1785 2061 σαυτῷ

194 2068 441 2126 εἴδωλον.
468 2088 489 2121 ι
522 2070 661 2125 Ἀλλ’
677 2071 859 2139 ὀλίγος
882 2072 1071 2137 αὐτοῖς
1098 2074 1377 2140 παντελῶς
1420 2078 1450 2129 ὁ
1486 2079 1617 2149 περὶ
1656 2078 1783 2133 τού-

190 2178 309 2215 των
345 2156 416 2233 ἦν
448 2162 619 2231 λόγος.
652 2164 985 2235 Σεσιγήκασι
1039 2165 1171 2238 γὰρ,
1201 2168 1472 2238 τιμῶντες
1512 2169 1611 2240 τὴν
1654 2171 1782 2225 ἀσέ-

194 2251 375 2315 ϐειαν.
406 2254 677 2320 τουτέστι,
742 2255 844 2327 τὴν
885 2255 1207 2312 ἀπόστασιν.
1245 2258 1476 2324 Οὐκοῦν,
1524 2280 1545 2312 ι
1574 2262 1782 2333 Τετρυ-

194 2345 403 2414 γήκασι
443 2345 570 2410 τοὺς
608 2346 714 2417 τῆς
752 2347 835 2410 είς
865 2346 1032 2401 τοῦτο
1060 2347 1246 2403 λοιπὸν
1270 2349 1488 2414 ἀδικίας
1511 2352 1780 2424 καρπούς.

194 2434 608 2506 Κατεδηδόκασι
639 2436 853 2507 καρπὸν
875 2437 1065 2510 ψευδῆ,
1094 2457 1114 2492 s
1144 2441 1444 2507 τουτέστιν,
1469 2441 1678 2514 ἀθρανῆ
1724 2459 1782 2497 τε

323 2526 583 2596 ἀνόνητον
612 2528 882 2598 ἐσχήκασι
910 2532 1013 2600 τὴν
1045 2530 1256 2586 ἐλπίδα.
1289 2530 1516 2604 Καρπδς
1548 2533 1645 2603 μὲν
1674 2534 1784 2604 γὰρ

192 2612 225 2664 6
252 2611 527 2682 ἀληθινὸς,
560 2615 591 2666 6
618 2612 814 2677 σώζειν
857 2633 917 2669 τε
971 2619 1066 2672 καὶ
1114 2617 1343 2688 ὠφελεῖν
1390 2620 1707 2691 δυνάμενος,
1745 2625 1780 2695 ἠ

192 2706 278 2767 εἰς
305 2704 441 2759 Θεὸν
465 2706 678 2779 ἀγάπη,
710 2709 806 2762 καὶ
842 2710 916 2763 τὰ
962 2710 1064 2782 τῆς
1090 2711 1436 2785 δικαιοσύνης
1466 2715 1779 2786 αὐχήματα.

194 2795 425 2865 Καρπὸς
453 2797 511 2852 δὲ
542 2798 766 2870 ψευδὴς,
795 2802 825 2854 6
850 2801 952 2872 τῆς
979 2802 1300 2868 δυσσεϐείας
1340 2806 1500 2860 venit.”
1525 2808 1592 2861 ἂν
1636 2809 1783 2862 εικό-

192 2900 333 2948 τως·
372 2887 622 2959 καταίρει
664 2888 775 2960 γὰρ
815 2891 1036 2955 πάντως
1076 2894 1156 2957 είς
1194 2893 1348 2958 τέλος
1388 2895 1450 2948 τὸ
1488 2895 1779 2953 ἀπευκτόν.

193 2974 356 3041 Βοῖος
381 2972 475 3033 οὖν
504 2979 534 3032 6
558 2978 761 3052 ψευδὴς
784 2982 895 3053 ἄρα
922 2984 1158 3056 καρπὸς,
1188 2987 1217 3039 6
1249 2985 1316 3039 ὲκ
1343 2985 1444 3055 τῆς
1469 2986 1784 3053 δυσσεϐείας

194 3068 383 3133 αὐτοῖς
426 3073 817 3143 γεγενημένος,
846 3075 1165 3146 παρέδειξεν
1208 3076 1395 3141 εὐθύς.
1437 3080 1783 3149 Πρωεπάγει

194 3160 324 3229 γὰρ,
355 3161 438 3215 ὃτι
473 3163 785 3227 «Ἦλπισας
827 3167 887 3219 ὲν
932 3170 1047 3230 τοῖς
1091 3168 1301 3238 ἅρμασί
1353 3186 1469 3234 σου,
1501 3172 1558 3224 ὲν
1589 3171 1781 3242 πλήθει

192 3249 479 3321 δυνάμεώς
500 3269 597 3307 σου
616 3270 631 3283 ⁸
654 3256 749 3310 καὶ
770 3229 1199 3329 ἐξαναστήσεται
1221 3229 1467 3315 ἀπώλεια
1484 3262 1544 3315 ὲν
1566 3262 1644 3333 τῷ
1663 3229 1781 3334 λαῷ
1809 3229 1854 3287 C

196 3358 314 3406 ceu,
344 3344 440 3397 καὶ
466 3346 648 3401 πάντα
678 3347 746 3402 τά
774 3350 1285 3421 περιτετειχισμένα
1316 3365 1408 3407 σου
1437 3353 1774 3423 οἰχήσεται.»

195 3434 606 3507 Δεδυσσέσηκας
638 3438 739 3508 μὲν
781 3440 891 3511 γὰρ
920 3442 982 3494 οὐ
1015 3443 1270 3513 μετρίως,
1307 3445 1461 3513 φησὶ,
1498 3442 1675 3509 ξύλοις
1718 3463 1779 3499 τε

196 3523 293 3575 καὶ
320 3522 489 3587 λίθοις
518 3523 912 3597 λελατρευκὼς,
944 3529 1036 3582 καὶ
1076 3529 1168 3583 τδν
1207 3529 1306 3583 ἱνα
1358 3532 1454 3584 καὶ
1495 3532 1656 3599 φύσει
1685 3536 1782 3587 καὶ

195 3610 413 3680 ἀληθῶς
441 3614 715 3683 ἀτιμάσας
748 3616 902 3670 Θεόν.
930 3612 1062 3675 Εἶτα
1086 3618 1183 3672 τοῦ
1209 3619 1449 3690 πολέμου
1479 3623 1784 3693 προηγγελ-

199 3702 385 3772 μένου,
417 3703 710 3778 βεϐηκότος
751 3706 809 3760 δὲ
856 3707 952 3762 καὶ
988 3708 1169 3763 αὐτῶν
1199 3709 1332 3763 εἴσω
1363 3711 1565 3782 θυρῶν,
1594 3715 1655 3766 οὐ
1682 3713 1782 3785 τὴν

196 3798 325 3866 παρ’
350 3796 486 3866 ἐμοῦ
512 3798 716 3868 μᾶλλον
744 3798 957 3870 ἐζήτεις
984 3802 1327 3873 ἐπικουρίαν,
1350 3804 1488 3857 ἀλλά
1509 3808 1629 3868 ταῖς
1651 3807 1782 3861 ἐαυ-

192 3888 303 3943 τῶν
334 3888 617 3958 δυνάμεσι,
649 3892 745 3943 καὶ
789 3890 869 3960 τῷ
896 3890 1091 3961 πλήθει
1119 3893 1229 3947 τῶν
1253 3895 1517 3965 ἁρμάτων
1547 3897 1783 3969 ἐπεθαρ-

195 3980 431 4049 σήσατε,
482 3982 577 4034 καὶ
620 3982 725 4052 τῆς
774 3982 883 4036 τῶν
935 3982 1211 4054 πολεμίων
1261 3986 1444 4056 ἰσχύος
1485 3989 1780 4058 κρατήσειν

192 4070 629 4142 ὑπελαμϐάνετε,
680 4074 962 4146 ἀρκούσης
1010 4076 1139 4145 ύμῖν
1187 4078 1267 4139 είς
1316 4076 1476 4131 τοῦτο
1520 4077 1621 4148 τῆς
1669 4078 1780 4132 τῶν

191 4159 563 4232 ψευδωνύμων
607 4162 757 4218 Θεῶν
801 4164 1016 4233 φειδοῦς
1064 4166 1160 4220 καὶ⁸
1206 4169 1546 4239 ἐπικουρίας.
1609 4169 1781 4224 Τοῦτο

196 4254 326 4321 ὑμῖν
364 4255 649 4324 γενήσεται
683 4256 908 4327 καρπὸς
935 4258 1156 4328 ψευδής.
1190 4259 1383 4314 Ἔσται
1422 4261 1533 4331 γὰρ
1562 4260 1781 4332 ὄλεθρος

1888 1987 2089 2048 praeter
2128 1980 2291 2035 me’:
2331 1997 2350 2031 ι
2386 1988 2442 2034 et
2491 1992 2748 2034 rursum:
2782 1996 2801 2029 s
2832 1976 2950 2031 Non
2986 1976 3155 2031 facies
3202 1975 3297 2030 tibi
3352 1976 3469 2031 ido-

1844 2068 1847 2071 ’
1890 2068 1999 2123 lum
2020 2069 2061 2122 ⁸.
2101 2086 2120 2121 ι
2159 2068 2267 2124 Sed
2315 2069 2420 2124 ista
2459 2069 2938 2138 parvipendebant.
2987 2064 3269 2121 Siluerunt
3294 2066 3467 2134 enim,

1888 2158 2059 2228 pluris
2095 2157 2357 2214 facientes
2400 2158 2753 2229 impietatem,
2804 2158 2910 2213 hoc
2945 2166 3052 2221 est,
3081 2156 3465 2215 defectionem.

1888 2250 2075 2320 Itaque
2110 2270 2131 2303 ι
2160 2251 2567 2307 vindemiarunt
2588 2250 2658 2304 de
2686 2259 2883 2305 caetero
2919 2249 3129 2304 fructus
3161 2248 3468 2320 iniquitatis

1888 2340 2024 2410 ejus.
2069 2340 2435 2397 Comederunt
2485 2341 2723 2397 fructum
2777 2340 3117 2405 mendacem,
3158 2357 3179 2393 ι
3224 2340 3327 2396 hoc
3354 2347 3467 2406 est,

1888 2430 2215 2490 imbecillam
2237 2442 2293 2488 et
2314 2431 2560 2490 inutilem
2582 2444 2734 2504 spem
2766 2432 3092 2488 hauserunt.
3119 2432 3297 2489 Verus
3316 2434 3467 2489 enim

1888 2523 2099 2580 fructus
2120 2524 2352 2580 salutem
2376 2534 2433 2580 et
2461 2523 2750 2579 utilitatem
2783 2525 3084 2589 continens,
3119 2533 3205 2580 est
3226 2526 3467 2582 charitas

1888 2630 2017 2686 erga
2065 2616 2234 2673 Deum
2278 2627 2336 2671 et
2358 2615 2587 2688 iustitia:
2632 2624 2972 2670 ornamenta.
3015 2613 3249 2670 Fructus
3282 2624 3467 2671 autem

1888 2711 2140 2776 mendax,
2165 2712 2378 2767 fructus
2406 2708 2700 2779 impietatis
2726 2708 2972 2779 apposite
2992 2707 3223 2778 intelligi
3259 2714 3465 2778 potest,

1888 2800 1957 2855 ad
1996 2799 2160 2856 linem
2190 2801 2333 2856 enim
2368 2814 2589 2871 prorsus
2615 2801 3011 2855 exsecrandum
3052 2795 3292 2855 devenit.
3332 2797 3470 2866 Quis

1887 2889 2053 2961 igitur
2089 2891 2159 2947 sit
2204 2891 2413 2947 fructus
2464 2892 2718 2958 mendax,
2764 2891 2859 2961 qui
2903 2890 3035 2961 ipsis
3073 2905 3141 2946 ex
3188 2891 3469 2961 impietate

1886 2981 2131 3049 oriatur,
2180 2984 2364 3039 statim
2413 2982 2673 3041 ostendit.
2721 2983 2982 3055 Adiungit
3026 2987 3214 3052 enim,
3280 3000 3301 3037 ι
3337 2984 3467 3057 quia

1888 3076 2115 3145 sperasti
2164 3076 2218 3131 in
2245 3076 2503 3132 curribus
2531 3076 2662 3140 tuis,
2714 3074 2767 3129 in
2805 3074 3153 3131 multitudine
3191 3074 3469 3131 fortitudi-

1888 3168 1974 3223 nis
2017 3175 2141 3223 ωε.
2176 3164 2244 3222 Et
2294 3176 2593 3238 consurget
2633 3166 2873 3237 perditio
2920 3167 2976 3222 in
3030 3168 3231 3239 populo
3268 3178 3380 3234 tuo,
3411 3176 3469 3224 et

1885 3254 2069 3313 omnia
2120 3270 2331 3314 murata
2388 3270 2480 3314 tua
2514 3259 2791 3329 peribunt.
2826 3277 2847 3311 ι
2896 3258 3012 3313 Non
3067 3261 3211 3315 enim
3255 3260 3469 3316 modice

1885 3349 2035 3405 fuisti
2070 3349 2293 3420 impius,
2339 3350 2537 3419 inquit,
2571 3350 2699 3405 dum
2730 3350 2872 3419 ligna
2906 3364 2961 3403 et
3002 3350 3208 3419 lapides
3233 3352 3466 3416 celeres,

1885 3454 2179 3510 unumque,
2214 3451 2270 3495 et
2308 3450 2525 3508 natura,
2576 3447 2632 3495 et
2660 3454 2787 3495 vere
2823 3440 2991 3494 Deum
3025 3439 3185 3513 154
3210 3456 3468 3509 asperna-

1884 3530 2043 3585 reris.
2078 3529 2283 3584 Deinde
2320 3529 2464 3585 bello
2501 3529 2885 3599 praenuntiam,
2920 3536 2976 3583 et
3002 3531 3115 3597 jam
3148 3531 3291 3584 intra
3321 3530 3469 3585 fores

1887 3629 2159 3687 versante,
2219 3635 2327 3676 non
2375 3635 2551 3676 meam
2599 3621 2779 3691 potius
2818 3635 2976 3690 opem
3003 3619 3321 3689 ﬂagitastis;
3368 3622 3466 3677 sed

1887 3711 2096 3768 viribus
2124 3710 2326 3766 vestris
2359 3718 2415 3766 et
2460 3724 2687 3765 numero
2720 3726 2976 3765 curruum
3032 3711 3246 3776 conlisi,
3283 3712 3469 3768 hostes

1888 3803 2252 3858 debellaturos
2285 3802 2663 3866 existimastis,
2698 3786 2855 3871 quasi
2885 3803 2951 3858 ad
2971 3805 3079 3859 hoc
3112 3805 3269 3860 vobis
3299 3804 3466 3859 falso-

1888 3908 2008 3949 rum
2035 3895 2259 3948 deorum
2293 3892 2447 3947 favor
2472 3893 2842 3963 auxiliumque
2867 3894 3155 3951 suiliceret.
3189 3895 3288 3950 Hic
3315 3896 3468 3950 vobis

1888 3984 2099 4039 fructus
2156 3984 2390 4039 mendax
2448 3986 2575 4040 erit.
2642 3983 2759 4040 Erit
2823 3986 2967 4041 enim
3022 3988 3221 4055 populo
3276 3986 3464 4054 pestis.

1887 4078 2080 4133 Omnis
2102 4084 2280 4132 autem
2316 4076 2545 4132 illustris
2565 4087 2620 4133 et
2641 4079 3069 4135 fortunatissima
3091 4079 3283 4133 civitas
3310 4092 3467 4131 ever-

1886 4179 2050 4225 tetur.
2084 4168 2236 4235 Quod
2263 4167 2413 4222 enim
2454 4169 2597 4225 Deus
2632 4185 2739 4227 non
2775 4167 3001 4237 stabilit,
3045 4168 3203 4239 plane
3246 4177 3468 4224 corruat

1886 4276 2108 4318 necesse
2131 4271 2231 4317 est.

194 4348 340 4402 κατά
366 4348 474 4401 τῶν
508 4347 673 4402 λαῶν.
707 4351 865 4405 [Idea
891 4366 952 4405 τε
982 4351 1213 4422 λαμπρά
1266 4351 1358 4406 καὶ
1409 4352 1774 4422 εύτυχεστάττι
1815 4355 2298 4425 κατασεισθήσεται
2323 4354 2498 4418 πόλις.
2544 4355 2611 4407 Ὃ
2632 4351 2742 4424 γὰρ
2795 4353 2894 4424 οὐχ
2920 4352 3464 4423 ἵστοσιΘεὸς,πάντη

190 4454 252 4491 τε
302 4440 395 4491 καὶ
425 4441 641 4504 πάντως
666 4446 938 4497 πεσεῖται.

263 4529 520 4597 Λεγὲσθω
544 4532 609 4603 δὴ
636 4533 812 4587 ταῦτα
839 4536 935 4589 καὶ
962 4535 1099 4605 πρὸς
1126 4538 1158 4607 ἡ
1168 4537 1307 4607 μῶν,
1337 4538 1536 4608 μᾶλλον
1556 4539 1613 4594 δὲ
1632 4540 1784 4614 παρά

1960 4540 2211 4595 Dicamus
2251 4555 2348 4595 nos
2393 4540 2509 4595 inec
2536 4538 2721 4604 etiam,
2746 4537 2853 4591 imo
2878 4535 3019 4591 Deus
3061 4536 3261 4605 bisqui
3312 4552 3463 4591 asse—

192 4620 351 4687 Θεοῦ,
381 4626 493 4686 τοῖς
525 4625 907 4696 προσεδρεύειν
933 4626 1177 4683 ἐθέλουσι
1220 4632 1334 4694 τοῖς
1364 4631 1596 4695 ἀνοσίοις
1624 4635 1777 4705 αἱρε-

190 4714 384 4778 τικοίς,
418 4715 512 4768 καὶ
545 4716 815 4788 μαθητιᾷν
848 4718 1296 4790 ὑποκρινομένοις
1326 4722 1396 4775 τὰ
1434 4724 1516 4787 εἰς
1547 4722 1692 4795 ζωήν
1718 4741 1779 4778 τε

191 4804 290 4857 καὶ
318 4803 549 4861 σύνεσιν.
579 4801 739 4862 Οὗτοι
761 4810 1197 4880 παρασιωπῶσιν
1233 4812 1512 4867 ἀσέϐειαν.
1530 4814 1779 4886 Ἀνὲχον-

189 4913 282 4949 ται
311 4896 418 4969 γὰρ
445 4898 874 4969 δυσφημούντων
906 4901 1217 4967 ἀκούοντες,
1260 4904 1355 4956 καί
1394 4921 1475 4957 τοι
1517 4904 1779 4977 πλείστην

190 4990 323 5060 ὅσην
364 4990 669 5059 ὀφείλοντες
697 4992 797 5063 τὴν
828 4995 950 5048 κατ’
981 4994 1162 5049 αὐτῶν
1193 4995 1468 5050 ποιεῖσθαι
1496 4999 1780 5070 κατάρρη-

190 5098 295 5134 σιν.
333 5081 634 5149 Μεθέξουσι
675 5083 745 5154 δὴ
784 5080 878 5137 οὖν
917 5085 1022 5155 τῆς
1062 5086 1272 5140 ἑαυτῶν
1301 5087 1654 5158 συμϐουλίας,
1686 5091 1781 5143 καὶ

188 5166 315 5229 τοὺς
345 5166 445 5237 τῆς
485 5167 698 5235 ἀδικίας
729 5169 1037 5241 ὲκθεριοῦσι
1071 5173 1341 5244 καρπούς.
1371 5176 1643 5245 Φάγονται
1671 5177 1780 5247 γάρ

190 5255 381 5326 ψευδῆ,
410 5258 571 5328 νόθην
600 5260 694 5315 καὶ
717 5260 1029 5331 ἀπόϐλητον
1078 5263 1359 5337 δεχόμενοι
1387 5265 1611 5333 γνῶσιν,
1638 5265 1781 5319 διδα-

190 5347 445 5419 σκόμενοί
478 5366 538 5405 τε
567 5350 641 5405 τά
661 5351 1093 5425 διεστραμμένα,
1122 5356 1219 5411 καὶ
1258 5357 1360 5411 ὃσα
1387 5356 1488 5428 τῆς
1521 5356 1779 5428 ἀληθείας

186 5439 249 5491 τὸ
276 5438 470 5506 κάλλος
502 5444 945 5514 παραχαράττειν
984 5445 1407 5519 ἐπιχειρεῖ.”οτι
1449 5448 1507 5502 δὲ
1548 5449 1643 5503 καὶ
1677 5448 1774 5502 αύ-

185 5527 294 5581 τῶν
338 5530 492 5583 πᾶσα
540 5534 790 5585 πεσεῖται
831 5533 1082 5605 δύναμις,
1108 5536 1246 5591 Θεοῦ
1280 5538 1769 5611 καταστρέφοντος,

185 5616 499 5688 οἰχήσονται
532 5618 591 5671 δὲ
622 5620 714 5674 καὶ
736 5622 818 5688 είς
850 5622 1073 5694 ὄλεθρον
1125 5626 1225 5682 καὶ
1244 5626 1541 5685 ἀπώλειαν.
1565 5627 1682 5697 πῶς
1704 5628 1774 5685 ἂν

185 5706 479 5764 ἐνδοιάσειέ
510 5727 594 5775 τις
614 5728 629 5777 ;

254 5802 274 5835 ⁷
295 5802 472 5860 Exod.
503 5820 596 5873 xx,
625 5807 679 5861 5.
754 5806 972 5867 'Levit.
1005 5825 1155 5881 xxvi,
1187 5812 1245 5871 1.

1882 4638 2100 4686 etantur
2148 4630 2341 4698 impios
2399 4628 2706 4690 haereticos,
2754 4635 2809 4680 et
2866 4640 2925 4678 se
2982 4624 3151 4677 teneri
3212 4624 3465 4692 cupidine

1885 4721 2123 4776 discendi
2157 4722 2222 4774 ad
2251 4722 2434 4786 vitam,
2467 4727 2524 4772 et
2555 4717 2897 4788 prudentiam
2935 4713 3256 4784 pertinentia
3291 4714 3459 4767 simu-

1885 4811 2019 4864 lant.
2086 4808 2151 4863 Hi
2209 4816 2393 4863 tacent
2453 4807 2821 4876 impietatem;
2872 4821 3029 4874 aequo
3085 4806 3229 4858 enim
3279 4804 3463 4858 animo

1887 4900 2272 4955 maledicentes
2317 4898 2567 4964 audiunt,
2615 4912 2738 4952 cum
2784 4910 2877 4953 eos
2926 4896 3295 4965 maximopere
3331 4912 3462 4951 con-

1884 4991 2145 5046 demnare
2196 4991 2447 5046 debeant.
2493 4989 2793 5057 Participes
2846 4988 3011 5058 igitur
3062 4997 3222 5042 erunt
3268 5002 3459 5043 eorum

1880 5081 2118 5149 consilii,
2170 5091 2223 5137 et
2280 5082 2586 5153 iniquitatis
2633 5081 2847 5135 fructus
2886 5088 3110 5134 nictent.
3163 5078 3461 5135 Comedent

1879 5172 2021 5227 enim
2062 5174 2374 5229 mendacem
2411 5174 2673 5239 fructum,
2704 5173 2947 5243 spuriam
2987 5181 3043 5226 et
3069 5171 3456 5242 expiodendam

1877 5261 2163 5316 scientiam
2218 5263 2605 5333 suscipientes,
2645 5261 3016 5328 doceotesque
3063 5273 3350 5327 perversa,
3405 5268 3458 5313 et

1877 5355 2074 5426 quibus
2104 5356 2351 5411 veritatis
2393 5354 2855 5424 pulchritudinem
2904 5352 3218 5408 adulterare
3256 5366 3457 5408 conan-

1879 5457 1987 5503 tur.
2032 5446 2203 5505 Porro
2236 5458 2292 5504 et
2336 5449 2546 5504 illorum
2596 5446 2971 5505 fortitudinem
3024 5446 3133 5500 Deo
3179 5454 3458 5499 evertente

1878 5553 2161 5608 casuram,
2218 5550 2273 5596 et
2330 5540 2383 5595 in
2441 5551 2650 5610 pestem
2710 5548 2878 5612 atque
2925 5536 3153 5595 exitium
3210 5534 3456 5590 abituros

1880 5630 2237 5689 dubitandum
2265 5645 2369 5689 non
2404 5638 2506 5688 est.
