4068 6540
596 378 703 438 259

1615 371 1675 428 S.
1717 370 1996 428 CYRILLI
2034 367 2504 429 ALEXANDle
2543 369 2865 428 ARCHIEP.

3754 368 3884 431 16!!

672 497 834 553 Vens.
874 494 962 558 Η,
998 492 1086 548 15.
1137 490 1285 547 Sicut
1331 487 1568 559 princeps
1605 478 1892 547 Safmanac
1920 496 1984 547 de
2022 492 2171 546 domo

2361 492 2455 557 Ὠς
2489 491 2692 561 ἄρχων
2736 494 3059 562 Eadgarer
3091 492 3161 547 ἐκ
3190 493 3298 549 τοῦ
3328 495 3501 549 οῖκου
3541 495 3651 550 τοῦ
3694 495 3888 563 Ἰερο-

553 575 563 664 ξ
596 588 907 655 Ιιὸενοὺαᾳί,
960 590 1015 640 iu
1055 585 1237 639 diebus
1280 582 1399 637 belli
1445 591 1663 637 matrem
1702 601 1858 651 super
1882 585 2023 653 filios
2064 585 2175 639 solo

556 666 561 685 ’
593 680 791 745 allisit;
818 679 893 734 sic
925 678 1124 747 faciam
1146 676 1309 742 vobis,
1334 676 1519 730 domus
1541 673 1734 741 Israel,
1762 692 1795 728 a
1823 676 1960 746 [acie
1981 677 2177 746 iniqui-

594 775 719 829 tatis
747 773 1103 843 nequitiarum
1132 780 1447 825 uestrarum.

662 862 903 919 CXXIII.
950 861 1009 915 In
1059 862 1197 915 libro
1243 859 1493 915 Judicum
1547 859 1813 919 refertur.
1872 860 2173 917 declinasse

592 952 759 1009 lsrael
826 960 947 1020 post
1000 949 1204 1004 Baalim
1251 948 1559 1018 aliquando.
1612 948 1731 1015 Quo
1785 949 1989 1005 scelere
2045 963 2170 1005 cum

592 1045 761 1100 Deum
810 1042 1183 1105 offendissent.
1221 1041 1403 1095 traditi
1451 1048 1577 1094 sunt
1626 1040 1680 1095 in
1725 1054 1916 1096 manus
1958 1039 2170 1095 Madian

592 1139 661 1193 ad
721 1136 1060 1204 septennium
1106 1137 1397 1205 integrum.
1441 1136 1595 1191 Adeo
1651 1144 1830 1189 autem
1877 1132 2175 1189 inclemen-

594 1236 676 1283 tes
737 1226 990 1281 dominos
1038 1234 1350 1290 senserunt,
1403 1232 1464 1279 ut
1508 1224 1672 1279 etiam
1729 1233 1881 1279 antra
1930 1231 1986 1278 et
2045 1238 2173 1293 spe.—

592 1320 783 1374 luncas
829 1316 1181 1381 habitarent,
1224 1325 1282 1371 et
1323 1317 1379 1371 in
1433 1330 1528 1370 eas
1576 1332 1637 1372 se
1682 1316 1976 1381 abdentes,
2030 1330 2174 1385 aegre

591 1415 760 1468 vitam
789 1416 1094 1471 tuerentur,
1130 1407 1483 1477 locorumque
1505 1407 1849 1464 difﬁcultates
1876 1422 1973 1478 pro
1998 1408 2171 1464 muris

592 1521 687 1561 seu
732 1502 1150 1575 propugnaculis
1194 1501 1554 1569 obiectarent,
1601 1503 1742 1571 quod
1789 1501 2024 1557 faustam
2069 1516 2173 1570 pu-

591 1612 751 1667 gnam
778 1596 997 1649 omnino
1026 1594 1382 1664 desperarent.
1399 1595 1443 1649 '.
1471 1594 1829 1664 Coutingebat
1855 1593 2019 1663 igitur
2038 1608 2172 1648 con-

590 1698 880 1744 currentes
927 1701 1051 1741 cum
1107 1685 1417 1740 Madianitis
1464 1685 1758 1741 crudeliter
1806 1686 2061 1747 interﬁci.
2114 1693 2173 1741 ut

591 1794 715 1833 cum
742 1778 956 1832 miseris
990 1778 1255 1832 matribus
1283 1775 1517 1833 infantes
1539 1792 1755 1847 quoque
1783 1780 1930 1832 omni
1955 1778 2169 1834 sublata

2282 583 2458 645 ϐαὰλ,
2488 584 2557 637 ἐν
2606 583 2852 652 ἡμέραις
2895 583 3165 654 πολέμου
3211 585 3433 654 μητέρα
3486 587 3591 641 ἐπὶ
3634 587 3889 651 τέκνοις

2277 676 2559 744 ἠδάςρισίι⁸
2588 676 2777 742 οὕτως
2807 677 3040 744 ποιήσω
3066 677 3228 746 ὑμῖν,
3262 680 3429 745 οἶκος
3447 679 3557 734 τοῦ
3591 679 3884 748 Ἰσραὴλ.

2277 766 2397 821 ἀπὸ
2435 766 2761 834 προσώπου
2784 767 3021 833 ἀδικίας
3048 769 3274 823 κακιῶν
3309 768 3496 840 ὑμῶν.

2348 858 2521 912 ΡΚΡ.
2573 859 2663 911 Ἑν
2711 861 2776 928 τῇ
2814 858 2984 930 βίϐλῳ
3016 860 3325 932 γέγραπται
3366 862 3476 916 τῶν
3514 860 3766 932 Κριτῶν.
3798 858 3887 922 ὡς

2277 946 2516 1011 ἐξέκλινε
2540 946 2639 1017 μὲν
2667 948 2696 1001 6
2727 948 2943 1021 Ἰσραὴλ
2968 948 3147 1004 ὀπίσω
3171 950 3417 1021 Βααλεὶμ
3447 950 3594 1005 κατὰ
3614 948 3883 1019 καιρούς-

2276 1037 2546 1111 Ταύτῃ-τοι
2577 1038 2696 1109 Θεῷ
2730 1040 3231 1113 προσκεκρούκασι.
3258 1042 3663 1111 Παραδέδονται
3690 1041 3749 1095 δέ
3776 1042 3885 1094 καὶ

2274 1128 2358 1191 εἰς
2385 1130 2575 1199 χεῖρας
2616 1129 2868 1200 Μαδιάμ,
2897 1116 2989 1199 ὲφ⁴
3011 1130 3153 1194 ὅλοις
3185 1130 3363 1185 ἔτεσιν
3388 1133 3549 1187 ἑπτά.
3569 1131 3783 1201 ’Δπηνῆ
3818 1132 3885 1185 δὲ

2273 1217 2445 1281 οὕτως
2504 1219 2959 1291 ύπομεμενήκασι
3011 1222 3111 1291 τὴν
3159 1224 3225 1276 ἐκ
3282 1222 3391 1275 τῶν
3442 1223 3883 1295 κεκρατηκότων

2275 1308 2610 1375 πλεονεξίαν,
2641 1310 2718 1375 ὡς
2744 1311 2846 1383 ἤδη
2898 1312 2995 1367 καὶ
3026 1312 3235 1385 πέτρας
3262 1316 3433 1368 οίκεῖν
3462 1316 3557 1369 καὶ
3594 1314 3882 1377 σώζεσθαι.

2275 1402 2450 1473 μόλις,
2495 1404 2554 1455 ὲν
2605 1404 2796 1467 αὐταῖς
2840 1405 3295 1475 καταδυομένους,
3345 1408 3441 1461 καὶ
3495 1408 3883 1479 προτείχισμα

2272 1492 2541 1546 ποιεῖσθαι
2571 1492 2671 1557 τὰς
2702 1492 3029 1564 δυσχωρίας,
3060 1493 3149 1548 διά
3180 1512 3264 1549 τοι
3294 1494 3357 1548 τὸ
3394 1497 3672 1560 παντελῶς
3705 1497 3881 1550 duet-

2271 1588 2394 1638 πεῖν
2437 1585 2576 1656 πρὸς
2610 1585 2811 1657 μάχην.
2844 1587 3171 1657 Συμὸέὸηκε
3209 1588 3390 1642 τοίνυν
3416 1589 3585 1660 ὠμῶς
3615 1590 3881 1660 ἀναιρεῖ-

2273 1674 2397 1728 σθαι
2435 1675 2562 1738 τοὺς
2601 1676 2973 1745 ἐμπίπτοντας
3017 1679 3132 1740 τοῖς
3176 1678 3551 1748 Μαδιηναίοις,
3581 1678 3732 1731 ὥστε
3775 1679 3879 1731 καὶ

2270 1767 2484 1830 ἀθλίαις
2513 1767 2754 1838 μητράσι
2804 1768 3208 1824 συνδιόλλυσθαι
3247 1770 3439 1834 τέκνα,
3470 1771 3685 1839 φειδοῦς
3728 1770 3882 1824 ἁπάρ

591 1869 967 1925 misericordia
996 1869 1259 1938 perirent.
1288 1869 1489 1924 Eorum
1514 1869 1788 1937 principes
1818 1879 1976 1925 erant
2004 1869 2168 1933 Oreb,

2276 1876 2377 1929 σης
2405 1856 2988 1931 ἐξῃρημένηςΪΗρχον
3019 1860 3077 1914 δὲ
3104 1861 3286 1915 αὐτῶν
3316 1862 3481 1934 Ὠρήδ
3508 1881 3568 1917 τε
3602 1863 3701 1917 καὶ
3725 1862 3875 1931 Ζὴσ.

591 1970 644 2012 et
683 1959 884 2022 Ζεῦν,
917 1968 973 2013 et
998 1958 1194 2020 Zcbee,
1239 1967 1293 2013 et
1331 1956 1674 2014 Salmana“.
1718 1959 2039 2016 Perduravit
2071 1974 2170 2011 au-

592 2060 699 2105 tem
725 2049 1032 2115 calamitas,
1061 2050 1234 2106 donec
1262 2065 1627 2105 mrumnosum
1658 2049 1909 2105 lsraelem
1944 2050 2171 2104 misera-

593 2152 680 2198 tus
712 2144 872 2207 Deus,
902 2143 1162 2197 excitavit
1196 2141 1528 2205 Gedennem.
1567 2144 1658 2211 qui
1690 2150 1745 2197 et
1776 2158 1804 2194 ιι
1838 2152 1990 2211 patre
2021 2142 2173 2196 etab

590 2230 860 2303 indigenis
896 2230 1005 2286 alio
1051 2234 1269 2287 nomine
1312 2234 1487 2289 dictus
1538 2243 1623 2289 est
1675 2233 1984 2296 Hierobnal,
2013 2231 2170 2303 155

590 2326 663 2380 ob
699 2340 917 2380 causam
971 2326 1296 2381 istiusmodi.
1338 2326 1472 2382 Cum
1514 2327 1564 2382 ei
1618 2325 1761 2383 Deus
1807 2341 1909 2397 per
1950 2326 2169 2381 oracula

589 2415 851 2484 angelica
882 2417 952 2470 ita
994 2418 1369 2486 praecepisset,
1414 2432 1566 2472 aram
1607 2416 1739 2472 θυι
1782 2418 2072 2483 destruxit,
2115 2425 2171 2472 et

590 2503 770 2561 lucum
820 2504 942 2575 eius
980 2505 1234 2572 succidit,
1264 2505 1427 2575 idque
1476 2507 1617 2563 clam
1660 2516 1719 2563 et
1758 2517 1945 2563 noctu.
1975 2507 2171 2562 Incolae

588 2596 832 2667 oppiduli
861 2594 951 2652 ubi
983 2597 1159 2666 primo
1190 2596 1428 2653 diluculo
1452 2599 1627 2654 sacris
1649 2612 1749 2668 pro
1779 2614 1933 2656 more
1965 2599 2171 2655 facien-

592 2688 678 2743 dis
701 2688 770 2742 ad
809 2702 1001 2742 nemus
1028 2694 1441 2750 convenerunt.
1477 2688 1659 2757 ibique
1710 2688 1840 2742 Baal
1877 2696 1933 2743 et
1975 2702 2170 2743 nemus

591 2794 755 2850 super
784 2793 908 2834 eum
959 2778 1208 2847 illapsum
1251 2787 1676 2847 conspexerunt.
1733 2779 1857 2833 inde
1900 2776 2171 2834 Gedeonis

592 2874 831 2929 studium
867 2887 996 2941 erga
1034 2872 1202 2928 Deum
1240 2872 1619 2941 conﬁcientes,
1652 2872 1828 2928 eidem
1870 2871 2034 2941 hujus
2087 2869 2167 2925 rei
2201 2924 2209 2932 ,

592 2978 811 3018 causam
863 2964 1260 3032 ascripserunt.
1308 2962 1516 3019 Deinde
1562 2972 1831 3019 convento
1861 2962 1980 3033 ejus
2018 2970 2173 3032 patre

593 3055 889 3110 dixerunt:
921 3074 942 3108 ι
978 3054 1054 3109 Da
1096 3054 1255 3110 nobis
1300 3053 1471 3109 tilium
1531 3064 1707 3119 tuum,
1751 3061 1811 3108 ut
1860 3051 2172 3108 occidamus

2270 1950 2366 2004 καὶ
2396 1949 2583 2015 Ζεδεὲ,
2606 1952 2702 2006 καὶ
2723 1951 3006 2025 Σαλμανά.
3039 1954 3399 2025 Παρετείνετο
3422 1954 3481 2008 δὲ
3508 1954 3579 2009 τά
3598 1956 3698 2025 τῆς
3724 1972 3880 2024 συμ-

2272 2045 2444 2115 φορᾶς
2492 2045 2654 2115 ἄχρις
2688 2045 2767 2099 σᾶν
2815 2046 3196 2118 κατοικτείρας
3240 2046 3374 2112 Θεὸς
3404 2046 3878 2117 ταλαιπωροῦντα

2269 2136 2362 2190 τὸν
2377 2137 2615 2209 Ἰσραὴλ,
2647 2137 2838 2209 ἦγειρε
2859 2137 2951 2193 τὸν
2970 2138 3199 2204 Γεδεὼν,
3230 2140 3292 2205 ὃς
3312 2141 3410 2195 καὶ
3440 2141 3877 2212 μετωνόμασται

2270 2233 2427 2303 παρά
2467 2250 2530 2286 τε
2575 2233 2673 2288 τοῦ
2714 2233 2921 2305 πατρὸς
2969 2234 3063 2289 καὶ
3105 2234 3217 2290 τῶν
3265 2236 3551 2308 ἐγχωρίων
3581 2234 3877 2306 Ἱεροσὰαλ

2269 2323 2337 2378 δι’
2360 2323 2543 2381 αἰτίαν
2584 2323 2862 2394 τοιαύτην.
2908 2326 3232 2395 Χρήσαντος
3281 2326 3381 2396 μὲν
3424 2326 3534 2398 γὰρ
3572 2326 3725 2396 αὐτῷ
3765 2324 3875 2379 τοῦ

2270 2413 2409 2468 Θεοῦ
2458 2414 2547 2469 διὰ
2597 2414 2783 2487 φωνῆς
2828 2415 3086 2485 ἀγγέλου,
3121 2415 3339 2471 καθεῖλε
3383 2418 3484 2487 τὴν
3527 2417 3729 2489 στήλην
3768 2416 3875 2470 τοῦ

2270 2492 2441 2570 Βάαλ,
2485 2506 2583 2561 καὶ
2608 2508 2673 2562 τὸ
2699 2506 2866 2571 ἄλσος
2888 2507 3055 2562 αὐτοῦ
3084 2506 3308 2579 ἐξέκοψε
3334 2508 3632 2580 λεληθότως
3658 2508 3764 2561 καὶ
3812 2509 3877 2560 ἐν

2268 2599 2446 2653 νυκτί.
2466 2599 2682 2670 Ἐπειδὴ
2716 2599 2774 2653 δὲ
2801 2601 2853 2654 oi
2886 2603 2987 2671 τῆς
3027 2600 3291 2671 πολίχνης
3331 2602 3613 2673 οἰκήτορες
3638 2600 3704 2655 τὰ
3734 2618 3879 2654 auu-

2270 2691 2380 2763 ήθη
2406 2691 2745 2763 πληροῦντες
2771 2692 2877 2746 ὑπὸ
2903 2693 3003 2763 τὴν
3044 2692 3120 2746 ἕω
3153 2692 3565 2758 σπουδάζοντες,
3601 2692 3877 2763 παρῆσαν

2270 2786 2329 2839 ἐν
2375 2784 2455 2855 τῷ
2510 2785 2748 2856 τεμένει,
2775 2787 2871 2839 καὶ
2922 2786 3369 2857 κατερῤιμμένον
3430 2785 3708 2840 τεθέανται
3772 2785 3877 2839 τὸν

2273 2874 2445 2935 Βάαλ,
2484 2876 2580 2929 καὶ
2623 2875 2717 2929 τὸν
2761 2876 2859 2946 δρυ
2870 2876 2973 2946 μὸν
2998 2876 3084 2929 ἐπ’
3114 2877 3263 2947 αὐτῷ
3318 2878 3667 2941 πεπτωκότα,
3717 2895 3875 2931 κατ-

2271 2966 2629 3037 εστοχάζοντο
2648 2969 2749 3037 τῆς
2770 2967 2868 3021 τοῦ
2891 2968 3100 3022 Γεδεὼν
3131 2970 3233 3042 ἤδη
3269 2963 3565 3040 φιλοθεΐας.
3590 2971 3683 3023 καὶ
3704 2970 3877 3041 αὐτῷ

2269 3055 2365 3113 τοῦ
2409 3057 2738 3129 πράγματος
2780 3058 3099 3130 ἐπέγραφον
3130 3060 3231 3123 τὰς
3263 3060 3465 3125 αίτίαςι
3502 3057 3630 3116 Εἶτα
3681 3071 3873 3133 προσ-

592 3164 739 3209 eum.
770 3148 898 3219 quia
934 3147 1207 3203 destruxit
1238 3146 1369 3201 Baal
1393 3147 1459 3202 η.
1489 3163 1508 3198 ι
1550 3146 1632 3200 Ad
1668 3147 1784 3200 haec
1820 3143 1950 3200 ille:
1984 3162 2004 3195 ι
2033 3141 2170 3198 Num

2273 3148 2444 3220 ῄεσαν
2475 3148 2553 3219 τῷ
2584 3149 2773 3221 πατρὶ,
2810 3149 3062 3218 λέγοντες
3082 3167 3098 3184 ο
3138 3169 3159 3202 ι
3187 3152 3288 3215 Δὸς
3319 3150 3415 3204 τὸν
3464 3151 3584 3208 υἱόν
3625 3169 3740 3217 σου,
3778 3153 3875 3207 ἴνα

590 3256 710 3305 vos,
748 3239 945 3309 inquit,
979 3238 1305 3295 nlciscimini
1348 3238 1513 3293 Baal?
1541 3240 1586 3292 si
1620 3239 1761 3293 Deus
1788 3247 1895 3300 est,
1932 3235 2169 3291 ulcisca-

2273 3212 2915 3309 t'h'mxteivaev'autbv,
2948 3212 3051 3294 ὅτι
3076 3212 3294 3296 καθεῖλε
3330 3241 3424 3295 τὸν
3462 3242 3628 3296 Βάαλ.
3663 3263 3682 3294 ι

592 3345 681 3389 tur
716 3348 776 3389 se
818 3333 888 3387 de
922 3346 988 3387 eo
1025 3332 1117 3401 qui
1164 3331 1436 3386 destruxit
1474 3330 1624 3385 illum
1651 3330 1717 3382 ".
1749 3347 1768 3380 ι
1802 3326 1930 3381 Inde
1970 3340 2171 3395 cogno-

592 3440 714 3480 men
742 3422 944 3479 mansit
969 3420 1210 3477 Gedeoni
1251 3419 1542 3476 Hierobaal
1575 3419 1759 3489 :qnod
1806 3424 1986 3480 sonat,
2034 3433 2053 3466 ι
2086 3413 2171 3468 ul-

590 3518 826 3571 ciscatur
874 3529 934 3570 se
983 3514 1135 3569 Baal.
1162 3531 1179 3564 ι
1240 3514 1394 3568 Sicut
1440 3512 1605 3583 igitur
1647 3509 1927 3571 Salmana,
1971 3506 2167 3575 inquit,

590 3608 1007 3664 Madianitarum
1037 3611 1169 3671 dux,
1204 3607 1273 3661 de
1311 3607 1472 3660 domo
1506 3602 1803 3664 Gedeonis,
1837 3600 1954 3654 sive
1986 3597 2172 3652 Hiero-

589 3700 709 3756 baal
746 3709 977 3755 matrem
1013 3715 1135 3754 cum
1169 3697 1297 3752 tiliis
1333 3697 1539 3760 allisit;
1574 3694 1765 3748 eodem
1806 3690 1964 3745 modo
2003 3690 2171 3760 Assy-

591 3794 797 3847 riorum
820 3790 926 3845 dux
971 3787 1232 3843 atrociter
1265 3795 1323 3841 et
1362 3783 1693 3847 Immaniter,
1726 3781 1973 3849 citraque
2004 3778 2166 3833 ullam

591 3881 1020 3939 misericordiam
1062 3878 1202 3934 bello
1238 3891 1334 3932 vos
1366 3876 1642 3940 tractabit,
1679 3882 2015 3942 matremque
2045 3885 2167 3926 cum

590 3974 779 4030 liberis
828 3973 1034 4027 allidet.
1084 3970 1348 4025 Evenient
1387 3977 1567 4023 autem
1603 3966 1758 4022 vobis
1800 3966 1903 4020 ista
1948 3972 2172 4033 propter

592 4063 863 4134 nequitias
908 4071 1139 4117 vestras.
1189 4058 1349 4114 Punit
1390 4059 1536 4115 enim
1596 4071 1703 4111 non
1753 4064 1957 4111 temere
1988 4052 2173 4120 justus

583 4154 751 4224 iudex
781 4153 1159 4208 universorum
1194 4150 1378 4217 Deus;
1412 4149 1505 4206 sed
1537 4149 1583 4204 si
1623 4148 1764 4203 ultra
1797 4146 2016 4202 modum
2046 4159 2171 4202 sese

588 4243 979 4300 nifendentium
1052 4242 1251 4297 delicta
1315 4239 1695 4309 perrexerint,
1766 4247 1895 4293 tunc
1953 4238 2168 4293 demum

592 4338 764 4391 iratus
804 4347 902 4405 pro
944 4335 1195 4403 portione
1238 4330 1564 4403 supplicium
1617 4330 1846 4401 irrogat.
1896 4329 1952 4384 Si
2005 4328 2171 4400 igitur

589 4444 910 4484 :ivcrsamur
943 4428 1100 4489 iram,
1146 4440 1246 4497 par
1289 4435 1374 4480 est
1409 4424 1614 4494 utique,
1652 4438 1750 4480 nos
1782 4423 1948 4479 etiam
1977 4436 2170 4493 pecca-

2269 3328 2443 3384 ταῦτα
2492 3332 2734 3394 ἐκεῖνος*
2793 3349 2815 3384 ι
2845 3330 2937 3403 Μὴ
2983 3332 3167 3403 ὑμεῖς,
3193 3334 3380 3405 φησιν,
3411 3334 3724 3405 ἐκδικήσετε
3769 3337 3877 3389 τὸν

2271 3420 2453 3486 Βάαλ;
2502 3423 2552 3475 εί
2593 3423 2727 3485 Θεός
2756 3423 2896 3492 ἐστι,
2924 3424 3242 3480 δικασάσθω
3271 3426 3409 3499 πρὸς
3442 3427 3532 3481 τὸν
3558 3427 3872 3483 καθελόντα

2270 3512 2454 3569 αὐτόν.
2487 3533 2506 3565 ι
2554 3514 2867 3569 Κάντεῦθεν
2927 3517 3155 3572 Γεδεὼν’
3194 3520 3611 3592 μετωνόμασται
3671 3521 3876 3576 λοιπὸν

2280 3603 2582 3675 Ἰεροὸάαλ,
2616 3604 2645 3658 ὃ
2673 3605 3111 3678 διερμηνεύεται,
3153 3630 3173 3663 ι
3205 3613 3530 3667 Δικασάσθω
3570 3616 3599 3668 6
3627 3615 3807 3669 Βάαλ.
3847 3636 3868 3668 ι

2272 3691 2488 3762 ’Ὠσπερ
2520 3690 2635 3760 οὖν,
2660 3696 2849 3763 φησὶν,
2877 3699 2908 3751 6
2930 3696 3190 3768 Σαλμανὰ
3214 3704 3315 3772 τῆς
3344 3703 3694 3774 Μαδιηναίων
3721 3704 3865 3775 πλη-

2270 3783 2398 3848 θύος
2422 3787 2450 3839 6
2477 3785 2910 3857 καθηγούμενος,
2943 3792 3008 3844 ἐκ
3040 3790 3135 3844 τοῦ
3168 3793 3317 3847 οίκου
3352 3793 3578 3861 Γεδεὼν,
3608 3798 3735 3867 ἦτοι
3771 3794 3869 3850 τοῦ

2282 3877 2559 3948 ’ῐεροσάαλ
2606 3880 2817 3950 μητέρα
2862 3882 2955 3935 ἐπὶ
3001 3884 3214 3948 τέκνοις
3253 3886 3513 3956 ὴδάφισε,
3557 3889 3650 3943 τὸν
3696 3892 3871 3945 αὑτὸν

2268 3969 2481 4025 τουτονὶ⁵
2508 3973 2712 4042 τρόπον
2741 3971 2852 4024 τῶν
2888 3973 3187 4046 Ἀσσυρίων
3236 3980 3266 4031 6
3317 3979 3621 4048 στρατηγὸς
3664 3981 3864 4051 ὠμῶς,

2270 4062 2364 4116 καὶ
2401 4063 2807 4135 ἀπανθρώπως,
2836 4068 2931 4120 καὶ
2959 4067 3248 4138 οἰκτιρμοῦ
3280 4069 3484 4133 παντὸς
3504 4070 3626 4141 δίχα
3656 4075 3868 4145 χρήσε-

2269 4172 2360 4209 ται
2410 4155 2634 4229 πολέμῳ
2680 4158 2761 4229 τῷ
2815 4158 2938 4212 καθ’
2965 4159 3139 4230 ὑμῶν,
3166 4162 3259 4215 καὶ
3285 4158 3495 4234 μητέρα
3523 4163 3622 4217 σὺν
3646 4165 3872 4231 τέκνοις

2270 4246 2500 4316 ἐδαφιεὶ
2518 4250 2590 4301 Συ
2598 4248 2706 4321 μδή
2715 4265 2867 4304 σεται
2888 4250 2944 4304 δὲ
2963 4249 3121 4307 ταυτῖ
3142 4253 3233 4307 διά
3251 4269 3315 4321 γε
3336 4251 3436 4318 τὰς
3455 4253 3609 4324 ὑμῶν
3634 4257 3863 4320 κακίας.

2270 4336 2507 4401 Κολάζει
2531 4339 2643 4411 γὰρ
2665 4340 2728 4393 οὐ
2757 4340 2955 4412 μάτην,
2983 4342 3178 4414 κριτὴς
3200 4342 3276 4397 ὣν
3301 4337 3511 4408 δίκαιος
3537 4347 3566 4398 ὁ
3589 4346 3700 4399 τῶν
3724 4347 3866 4401 ὅλων

2269 4428 2421 4494 Θεός.
2440 4430 2580 4483 Ἀλλ’
2608 4432 2657 4484 εί
2684 4431 2985 4486 ἐκτείνοντο
3016 4432 3202 4489 λοιπὸν
3251 4433 3330 4498 εἷς
3362 4435 3423 4489 τὸ
3466 4436 3729 4490 ἐπέκεινα
3763 4439 3863 4508 μὲ-

593 4530 703 4573 tum
757 4515 997 4572 aversari
1077 4524 1134 4569 et
1208 4512 1353 4568 nolle
1405 4511 1644 4568 divinam
1715 4512 2170 4581 mitissimamque

2273 4537 2400 4592 τρον
2417 4522 2487 4576 τὰ
2510 4522 2617 4575 τῶν
2648 4525 3173 4595 προσκεκρουκότων
3209 4526 3357 4597 αὐτῷ
3383 4527 3861 4601 πλημμελήματα,

590 4621 839 4667 naturam
874 4611 942 4664 ad
975 4608 1401 4678 indignationem
1429 4609 1579 4663 velut
1611 4620 1896 4671 exacuere,
1927 4614 1979 4660 et
2006 4603 2167 4659 forsi-

590 4712 682 4757 tan
724 4702 949 4757 invitam
978 4716 1191 4772 quoque
1227 4701 1493 4757 scelerum
1525 4700 1745 4755 diritate
1778 4701 1884 4755 huc
1924 4696 2163 4767 adigere.

590 4793 885 4850 Sciendum
910 4804 1090 4848 autem
1115 4803 1552 4866 antegressorum
1576 4795 1984 4864 explanatorum
1998 4806 2169 4863 quos-

589 4886 710 4939 dam
756 4884 1019 4949 scribere,
1070 4900 1176 4939 non
1233 4886 1529 4955 principem
1582 4885 1997 4941 Madianitarum
2043 4880 2166 4936 Sal-

589 4992 749 5031 mana
781 4986 1011 5031 matrem
1039 4991 1162 5032 cum
1197 4976 1322 5034 filiis
1347 4977 1577 5034 allisisse
1605 4992 1636 5033 e
1664 4977 1825 5033 domo
1848 4974 2162 5039 Hicrobaal,

587 5070 703 5125 sive
734 5068 899 5124 lsrael
934 5068 988 5139 (ιι
1044 5069 1276 5127 ducibus
1328 5071 1472 5127 enim
1531 5071 1800 5127 interdum
1842 5068 2167 5124 universitas

586 5159 971 5228 significatur).
1027 5161 1122 5216 sed
1162 5171 1348 5217 contra
1397 5162 1577 5232 potius
1628 5160 1682 5214 in
1715 5159 1879 5215 domo
1912 5155 2169 5211 Salmana

585 5250 892 5307 Gedeonem
939 5251 1173 5308 allisisse
1208 5262 1436 5308 matrem
1467 5268 1591 5308 cum
1644 5250 1849 5306 liberis.
1892 5246 1998 5304 Sed
2047 5262 2187 5302 meo-

589 5343 690 5397 lius
721 5352 778 5398 et
826 5344 1241 5400 convenientius
1290 5344 1476 5407 fuerit,
1523 5343 1600 5397 uti
1639 5356 1782 5409 reor,
1827 5340 1960 5395 illud
2001 5352 2166 5410 quam

587 5433 749 5488 istuc.
807 5432 963 5489 Sicut
1023 5435 1169 5489 enim
1232 5444 1476 5506 tempore
1526 5436 1651 5500 illo,
1706 5448 1815 5503 quo
1874 5431 2042 5488 lsrael
2095 5430 2165 5487 ad

587 5521 802 5578 Baalim
834 5524 1147 5591 declinavit,
1180 5526 1320 5593 apud
1362 5540 1455 5580 eos
1487 5524 1582 5578 lilii
1610 5538 1735 5579 cum
1767 5523 2033 5579 matribus
2069 5537 2167 5595 per

589 5630 781 5671 manus
828 5615 1261 5685 alienigenarum
1320 5616 1459 5671 allisi
1506 5625 1633 5671 sunt
1680 5634 1696 5672 :
1746 5615 1827 5673 sic
1884 5625 1941 5673 et.
1990 5631 2165 5684 nunc,

2272 4612 2394 4666 τότε
2439 4613 2718 4678 ἀναλόγως
2760 4615 3013 4685 ἐπιφέρει
3044 4617 3111 4671 τὰ
3154 4616 3215 4682 ἐξ
3240 4617 3428 4689 ὀργῆς.
3469 4616 3530 4673 Ei
3565 4620 3630 4692 δὴ
3661 4639 3866 4693 παραι-

2272 4705 2502 4775 τοίμεθα
2548 4706 2639 4759 τὸν
2685 4705 2877 4777 θυμὸν,
2927 4710 3293 4779 παραιτητέον
3343 4705 3405 4764 εὖ
3453 4711 3598 4781 μάλα
3647 4714 3745 4766 καὶ
3801 4714 3865 4768 τό

2274 4795 2639 4866 πλημμελεῖν,
2674 4798 2767 4851 καὶ
2794 4798 2855 4851 τὺ
2885 4800 3049 4853 οἱονεὶ
3073 4800 3407 4873 καταθήγειν
3435 4803 3519 4867 είς
3542 4803 3863 4877 ἀγανάκτη-

2276 4902 2362 4939 σιν
2383 4884 2483 4957 τὴν
2513 4885 2661 4939 θείαν
2681 4903 2740 4939 τε
2783 4888 2879 4941 κα)⁸
2906 4888 3271 4961 ήμερωτάτην
3295 4890 3479 4961 φύσιν,
3506 4893 3651 4964 τάχα
3675 4895 3733 4948 δέ
3756 4913 3864 4949 που

2272 4977 2368 5032 καὶ
2412 4978 2512 5047 οὐχ
2557 4978 2790 5033 ἑκοῦσαν
2834 4980 2916 5045 είς
2945 4980 3105 5035 τοῦτο
3129 4982 3564 5048 καταϐιάζεσθαι
3600 4988 3722 5049 ταῖς
3752 4988 3862 5040 τῶν

2273 5070 2633 5140 πταισμάτων
2671 5071 3234 5143 ὑπερϐολαῖς.’1στέον
3276 5075 3354 5138 δὲ,
3395 5077 3478 5130 ὅτι
3511 5076 3622 5131 τῶν
3653 5079 3862 5150 προλα·

2273 5161 2477 5214 ϐόντων
2513 5161 2793 5233 ἐξηγητῶν
2814 5182 2978 5232 τινες,
3008 5165 3071 5219 οὐ
3101 5169 3193 5220 τὸν
3235 5167 3344 5221 τῶν
3372 5167 3729 5238 Μαδιηναίων
3757 5170 3861 5240 ἄρ’

2274 5269 2440 5324 χοντα
2466 5252 2728 5323 Σαλμανὰ
2753 5254 2967 5326 μητέρα
3010 5256 3103 5309 ἐπὶ
3146 5257 3360 5320 τέκνοις
3387 5256 3643 5326 ἐδαφίσαι
3672 5259 3861 5325 φασὶν,

2276 5345 2343 5398 ἐκ
2373 5342 2469 5398 τοῦ
2515 5343 2664 5399 οίκου
2700 5345 2998 5417 Ἰεροδάαλ,
3028 5347 3151 5417 ἦτοι
3178 5347 3274 5401 τοῦ
3306 5348 3526 5420 Ἰσραὴλ
3570 5347 3725 5420 (ἀπὸ
3750 5348 3861 5418 γὰρ

2270 5435 2380 5490 τῶν
2408 5436 2732 5506 ἡγουμένων
2754 5437 2817 5491 τὸ
2848 5438 3070 5509 σύμπαν
3094 5439 3205 5492 ἔσθ’
3221 5440 3311 5493 ὅτε
3339 5441 3858 5511 κατασημαίνεταψ

2272 5527 2411 5582 ἀλλὰ
2441 5529 2643 5599 μᾶλλον
2671 5530 2731 5583 ἐν
2764 5528 2844 5601 τῷ
2865 5531 2998 5602 οίκῳ
3025 5531 3288 5602 Σαλμανὰ
3320 5531 3414 5585 τὸν
3436 5532 3645 5585 Γεδεὼν
3668 5531 3857 5600 Maci-

2275 5636 2366 5673 σαι
2396 5620 2607 5693 μητέρα
2633 5621 2728 5674 ἐπὶ
2746 5620 2977 5687 τέκνοις.
2996 5623 3138 5677 Ἀλλ’
3160 5621 3313 5696 οἶμαι
3342 5625 3609 5696 κρεῖττον,
3640 5623 3734 5677 καὶ
3762 5621 3862 5696 τὴν

663 5793 877 5851 ’Judic.
914 5810 984 5864 ιι,
1018 5794 1067 5861 i,
1098 5794 1153 5849 Ξ.
1235 5794 1277 5827 ¹⁰
1301 5792 1477 5852 Judic.
1509 5811 1603 5852 vn.
1641 5792 1733 5851 25.
1814 5796 1852 5828 ¹¹
1881 5793 2061 5853 Judic.
2092 5811 2169 5853 vit

2274 5796 2330 5853 5.
2409 5796 2452 5829 ¹⁸
2476 5795 2651 5854 Judic.
2687 5815 2761 5865 vr,
2796 5798 2888 5858 30.
2968 5800 3013 5833 ³³
3039 5799 3171 5856 ibid.
3198 5801 3287 5855 '52.
