4068 6542
183 408 292 465 ξῦί

1117 408 1666 467 COMMENTARIUS
1704 406 1774 464 ῐΝ
1813 407 2045 467 OSEAM
2089 401 2506 466 PROl’llETAM

3348 409 3455 465 26".!

185 523 306 577 ἀπὸ
326 520 424 575 τοῦ
454 519 757 592 πρέποντος
781 521 1102 593 ἐπικουρίαν
1129 523 1252 595 ἕχον
1277 525 1343 580 ἂν
1365 526 1449 596 εῐη
1483 525 1603 595 οὐχὶ
1629 524 1779 577 τοῦτε

1891 536 2170 594 postquam
2201 525 2267 578 ad
2311 522 2668 578 idololatriam
2705 519 2924 577 deflexit
2961 523 3241 594 Ephraim,
3279 523 3456 579 dcnuu

191 616 421 685 μᾶλλον,
461 614 601 666 ἀλλά
632 614 692 666 τὸ
724 614 1152 686 ἓτερον.⁶Ὠσπερ
1183 617 1292 687 γὰρ
1335 619 1452 670 κατ’
1487 619 1660 669 ἐκεῖνο
1688 615 1782 668 τοῦ

189 702 416 774 καιροῦ,
439 704 562 756 καθ’
584 703 644 756 δν
670 705 1034 774 προσκέκλιτο
1065 709 1178 769 τοῖς
1214 707 1454 776 Βαλαεὶμ
1483 711 1510 760 6
1546 707 1781 777 Ἰσραὴλ,

188 792 576 860 ὴδαφίσθησαν
627 795 757 862 παρ’
788 794 973 856 αὐτοῖς
1020 795 1088 846 τά
1133 796 1299 848 τέκνα
1332 796 1602 865 μητράσιν
1643 796 1781 865 ὁμοῦ

187 881 280 933 διά
321 882 503 956 χειρὸς
557 883 888 950 ἀλλοφύλων,
929 884 1072 938 οὓτω
1105 889 1201 940 καὶ
1248 887 1345 939 νῦν
1386 887 1782 950 ἀπονεύσαντος

189 975 274 1034 εἰς
304 974 724 1045 είδωλολατρίαν
764 975 859 1028 τοῦ
902 978 1160 1047 Ἐφραῒμ,
1202 978 1648 1049 ὲδαφισθήσονται
1676 978 1782 1031 πά-

1891 630 1990 685 per
2026 630 2220 669 manus
2263 615 2644 679 barbarorum,
2677 615 2778 667 hoc
2827 623 2910 668 est
2943 615 3316 686 Assyriorum,
3344 617 3455 668 nati

1891 719 2014 757 cum
2049 705 2314 758 matribus
2345 704 2652 758 allidcntnr.
2686 705 2821 757 Puto
2867 705 3050 774 itaque
3077 708 3124 760 si
3158 707 3456 761 secundum

1891 808 2109 848 sensum
2146 793 2310 848 verba
2357 795 2584 848 recitata
2644 795 3027 862 intelligamus,
3077 799 3216 864 quod
3263 799 3460 850 dicitur

1890 884 2225 953 probabilius
2257 885 2392 948 fore,
2430 895 2484 938 ct
2527 885 2940 939 similitudinem
2986 901 3166 938 rerum
3194 895 3455 949 veterum,

1889 989 1947 1031 ut
1975 993 2038 1030 ex
2069 978 2321 1048 imagine,
2356 979 2408 1031 in
2442 979 2837 1033 recentioribus
2867 981 3038 1045 magis
3067 983 3457 1047 apparituram.

189 1064 277 1114 λιν
314 1065 402 1116 διὰ
446 1065 629 1134 χειρὸς
701 1067 1023 1138 Βαρὸἀρων,
1057 1070 1303 1121 τουτέστι
1333 1070 1442 1122 τῶν
1497 1071 1818 1140 Ἀσσυρίων,
1845 1069 1978 1139 ὁμοῦ
2005 1073 2124 1131 ταῖς
2154 1069 2454 1133 τεκούσαις
2484 1072 2552 1124 τά
2579 1069 2977 1139 γεγεννημένα.
3019 1067 3186 1138 Οἶμαι
3237 1070 3300 1138 δὴ
3339 1065 3452 1133 οὖν,

191 1154 277 1206 ὅτι
308 1156 368 1206 τὸ
399 1157 628 1209 πιθανὸν
651 1159 679 1208 6
707 1157 883 1225 λόγος,
925 1160 1019 1212 καὶ
1064 1159 1162 1230 τὴν
1210 1162 1507 1231 ὁμοιότητα
1533 1161 1631 1232 τὴν
1655 1163 1731 1218 ὡς
1762 1160 1821 1225 ἐξ
1848 1161 2053 1223 εἰκόνος
2089 1162 2187 1228 τῆς
2211 1162 2447 1233 ἀρχαίας
2475 1164 2567 1215 ἐπὶ
2589 1163 2656 1216 τὰ
2683 1160 2922 1230 νεώτερα
2943 1160 3198 1212 διασώσει
3233 1160 3454 1229 μᾶλλον,

196 1249 248 1300 εί
281 1248 405 1318 τῇδε
435 1251 607 1302 νοοῖτο
632 1250 738 1303 τῶν
767 1251 1144 1321 προκειμένων
1168 1255 1201 1320 ή
1233 1251 1490 1322 δύναμις.

798 1387 1046 1441 ΚΕΦΑΛ.
1090 1388 1190 1440 1Λ’.

273 1495 529 1562 Ὀρθρου
595 1497 1033 1565 ἀπεῤῥίωησαν.
1094 1501 1403 1570 Ἀπερῤίφη
1478 1501 1778 1566 βασιλεὺς

212 1579 461 1652 Ἰσραήλ
471 1624 487 1637 .

269 1698 444 1750 ΡΚΔ’.
485 1699 547 1750 υί
587 1699 764 1752 λοιποὶ
809 1701 968 1754 πάλιν
1017 1703 1372 1773 ὶρμηνευταὶ,
1409 1705 1503 1757 καὶ
1547 1705 1652 1774 μὴν
1681 1705 1777 1757 καὶ

195 1785 309 1838 τῶν
322 1785 585 1855 Ἑϐραίων
604 1791 636 1858 ὴ
655 1791 972 1861 Συγγραφὴ,
995 1792 1074 1855 τὸ,
1087 1811 1106 1842 ι
1149 1793 1239 1855 Ὠς
1257 1793 1449 1864 ὄρθρος
1467 1796 1777 1866 ἀπερρίφη⁴

2443 1389 2600 1460 156
2624 1389 2772 1443 CAP.
2820 1387 2908 1440 XI.

1953 1503 2117 1556 Vens.
2158 1503 2208 1556 ί.
2250 1506 2404 1556 Mane
2453 1503 2672 1571 projecti
2723 1513 2861 1555 sunt.
2922 1500 3196 1568 Profectus
3246 1509 3318 1552 est
3365 1516 3456 1555 rex

1882 1593 2072 1648 Israel.

1950 1701 2180 1757 CXXIV.
2238 1700 2472 1754 Rursum
2507 1698 2687 1754 c:eteri
2726 1702 3070 1768 interpretes,
3103 1699 3230 1767 quin
3261 1708 3313 1753 et
3353 1697 3457 1752 He-

1887 1794 2029 1847 brzea
2091 1793 2372 1862 Scriptura
2428 1790 2713 1844 manifeste
2767 1791 2990 1856 habent,
3057 1791 3246 1844 «sicut
3299 1805 3456 1844 manu

201 1890 325 1936 σαν,
348 1893 365 1926 ι
385 1876 668 1946 εἰρήκασιν
693 1880 957 1948 ἐναργῶς,
988 1880 1068 1943 τὸ,
1094 1877 1204 1934 οἷον
1223 1881 1297 1944 ὡς
1315 1885 1372 1935 ἐν
1396 1883 1562 1953 ὀλίγῳ
1592 1886 1779 1957 κομιδῇ

1891 1885 2136 1954 projecti,
2169 1904 2186 1937 ι
2221 1900 2327 1952 quo
2367 1883 2676 1950 significant
2715 1885 2893 1951 quasi,
2931 1883 3126 1949 exiguo
3166 1882 3452 1936 admodum

199 1965 401 2036 καιρῷ,
425 1968 612 2036 ἧγουν,
639 1970 806 2035 ὀξέως
837 1972 930 2023 καὶ
954 1972 1220 2044 ἀμελλητὶ
1249 1975 1346 2043 τῆς
1375 1976 1510 2045 πρὸς
1545 1976 1676 2030 Θεὸν
1697 1979 1777 2029 οἱ-

199 2058 479 2128 κειότητος
524 2059 988 2117 ἀποπεπτωκέναι
1034 2063 1124 2117 τὸν
1159 2064 1370 2135 Ἰσραὴλ
1397 2105 1412 2130 ,
1461 2065 1548 2119 διὰ
1591 2068 1778 2124 τούτου

200 2151 583 2220 σημαίνοντες.
617 2154 832 2224 Βραχὺς
877 2157 934 2208 δὲ
969 2155 1110 2219 λίαν,
1137 2158 1166 2208 ὁ
1201 2158 1295 2210 τοῦ
1326 2159 1520 2229 ὄρθρου
1552 2162 1775 2230 καιρός·

199 2238 319 2309 ἅμα
346 2257 407 2293 τε
436 2242 544 2312 γὰρ
577 2243 802 2312 ἄρχεται
831 2245 1171 2316 διαυγασμοῦ
1198 2249 1296 2318 τῆς
1321 2249 1535 2318 ἡμέρας
1557 2252 1617 2303 τὸ
1643 2251 1776 2318 φῶς,

196 2333 297 2385 καὶ
323 2333 414 2385 τὸν
440 2333 638 2404 ὄρθρον
670 2337 962 2406 ἐργάζεται
983 2355 996 2369 ·
1023 2339 1350 2408 ἀνασχόντος
1376 2358 1438 2408 γε
1472 2343 1580 2412 μὴν
1605 2342 1775 2410 ἡλίου,

196 2422 296 2476 καὶ
334 2424 568 2493 πρώτην
583 2425 778 2480 ἀκτῖνα
819 2429 1166 2498 προχέοντος,
1203 2431 1419 2485 λέλυται
1472 2435 1566 2486 καὶ
1605 2434 1781 2505 διελή-

196 2511 386 2566 λακεν.
431 2514 639 2568 Οὐκοῦν
686 2515 762 2579 ὡς
811 2517 1026 2588 ὄρθρος,
1054 2520 1354 2584 τουτέστιν,
1380 2523 1437 2574 ὲν
1481 2523 1645 2593 ὀλίγῳ
1685 2524 1780 2576 καὶ

197 2601 418 2671 βραχεῖ,
448 2603 542 2655 καὶ
579 2604 774 2674 κομιδῇ
805 2606 1222 2677 συνεσταλμένῳ
1249 2609 1442 2678 καιρῷ,
1466 2612 1579 2673 τοῖς
1615 2613 1779 2681 ήγου-

197 2692 388 2760 μένοις
421 2692 557 2763 ὁμοῦ
588 2695 1170 2766 συναπερῥίφησανοἮ
1200 2700 1306 2770 γάρ
1337 2700 1509 2764 οὕτως
1552 2703 1781 2773 συνήσο-

197 2797 326 2851 μεν,
354 2781 386 2850 ἢ
427 2781 547 2834 καθ’
572 2783 756 2852 ἕτερον
801 2785 1004 2855 τρόπον
1061 2789 1641 2859 μεταληψόμεθα.”οτε
1671 2793 1780 2863 γὰρ

193 2873 314 2932 τοῖς
343 2870 701 2941 ἀνθρωπίνοις
729 2875 1059 2946 πταίσμασιν
1094 2877 1246 2933 οὔπω
1280 2883 1380 2943 τὰς
1409 2882 1559 2945 δίκας
1592 2883 1782 2951 ἐπιφέ-

195 2979 287 3034 ρει
337 2962 489 3024 Θεός,
522 2964 555 3032 ἢ
612 2968 960 3038 μακροτέραν
1011 2974 1245 3024 ποιεῖται
1289 2973 1390 3042 τῆς
1435 2973 1779 3039 ἀνεξικακίας

191 3053 300 3124 τὴν
340 3053 668 3124 παράτασιν,
698 3056 756 3108 τὸ
780 3059 1006 3122 ἀπεικὸς
1033 3061 1205 3124 οὐδὲν,
1238 3065 1352 3125 τοῖς
1379 3064 1436 3115 ἐν
1465 3064 1620 3118 νυκτὶ
1651 3065 1781 3118 καθ-

191 3143 416 3196 εύδουσι
466 3147 820 3216 παρεικάζειν
865 3150 1048 3204 αὐτόν.
1096 3154 1205 3206 Καὶ
1245 3155 1376 3222 γοῦν
1424 3157 1472 3208 οἱ
1525 3158 1778 3226 μακάριοι

1883 1983 2147 2042 tempore,
2193 1975 2308 2027 sive
2344 1974 2618 2038 celeriter,
2671 1973 2917 2041 citraque
2964 1987 3169 2024 moram
3201 1971 3452 2024 lsraelem

1881 2066 1974 2120 Dei
2008 2066 2247 2118 amicitia
2279 2064 2547 2118 excidisse
2577 2081 2590 2116 :
2623 2073 2706 2117 est
2735 2064 2932 2130 quippe
2968 2063 3258 2116 admodum
3292 2063 3455 2117 breve

1883 2158 2204 2208 matutinum
2269 2163 2499 2223 tempus.
2557 2153 2730 2208 Simul
2783 2154 2927 2207 enim
2977 2153 3226 2206 diurnum
3275 2153 3451 2206 lumen

1882 2245 2186 2300 illuminare
2229 2247 2457 2312 incipit,
2521 2258 2678 2298 mane
2727 2254 2909 2306 creaL;
2942 2243 3220 2297 exoriente
3273 2253 3451 2296 autem

1881 2336 2012 2402 sole,
2056 2344 2110 2390 et
2133 2336 2357 2406 ‘primos
2407 2335 2912 2403 radiosjaculaute,
2968 2349 3086 2388 mox
3139 2336 3357 2398 desinit,
3399 2344 3456 2389 et

1881 2428 2135 2496 praterit.
2192 2427 2358 2497 Igitur
2407 2435 2466 2479 ut
2528 2442 2704 2492 mane,
2763 2427 2814 2478 id
2870 2436 2974 2488 est,
3027 2427 3080 2478 in
3125 2425 3356 2488 modico,
3399 2433 3456 2478 et

1881 2519 2054 2581 brevi,
2104 2528 2158 2571 et
2215 2518 2558 2571 vehementer
2610 2527 2838 2582 angusto
2891 2527 3132 2584 tempore
3179 2530 3279 2567 una
3331 2530 3453 2567 cum

1879 2609 2215 2679 principibus
2261 2607 2484 2676 projecti
2533 2615 2680 2659 sunt.
2722 2605 2828 2657 Aut
2873 2606 3016 2658 enim
3062 2605 3143 2658 sic
3193 2603 3455 2671 intellige-

1881 2716 2031 2763 mus,
2088 2708 2181 2752 aut
2235 2698 2344 2751 alio
2397 2713 2556 2752 sensu
2613 2697 2962 2766 accipiemus.
3023 2695 3248 2760 Quando
3309 2699 3452 2750 enim

1879 2791 2096 2859 ﬂagitiis
2133 2791 2386 2844 humanis
2435 2791 2671 2843 nondum
2722 2803 2910 2857 poenas
2945 2788 3111 2841 infert
3155 2787 3312 2848 Deus.
3363 2799 3455 2838 aut

1881 2881 2224 2936 tolerantiam
2277 2880 2490 2950 longius
2533 2881 2800 2949 producit,
2850 2879 2984 2933 nihil
3027 2880 3190 2934 habet
3233 2879 3450 2932 absurdi

1881 2983 2046 3027 noctu
2079 2971 2474 3026 dormientibus
2501 2972 2676 3041 ipsum
2708 2970 3033 3039 comparari.
3091 2969 3452 3035 Quamobrem

1881 3063 2021 3117 beati
2054 3062 2332 3132 prophetae
2364 3061 2696 3115 multimodis
2722 3061 3115 3124 clamaverunt,
3151 3063 3252 3115 hoc
3278 3061 3451 3130 ipsum

1882 3154 2034 3209 nobis
2070 3154 2458 3221 signiﬁcantes.
2498 3151 2761 3207 Jeremias
2799 3153 2941 3206 enim
2974 3153 3450 3221 sapientissimus:

193 3236 481 3306 προφῆται
533 3238 930 3310 διακεκράγασι
977 3243 1331 3316 πολυτρόπως
1365 3250 1515 3317 ἡμῖν,
1545 3249 1676 3302 αὐτὸ
1718 3249 1779 3319 δὴ

1890 3263 1908 3296 ι
1945 3243 2220 3314 Numquid
2253 3259 2357 3296 non
2391 3244 2520 3308 eris,
2565 3243 2759 3311 inquit,
2794 3243 2934 3296 sicut
2960 3245 3118 3296 homo
3154 3244 3452 3307 dormiens,

191 3323 358 3378 τοῦτο
389 3331 912 3399 κατασημαίνοντες.
931 3334 1196 3404 Ἱερεμίας
1229 3337 1327 3404 μὲν
1350 3338 1458 3408 γὰρ
1481 3339 1510 3389 6
1535 3338 1776 3407 σοφώτα-

190 3431 312 3479 τος,
349 3435 368 3468 ι
396 3418 486 3488 Μὴ
510 3418 629 3489 ἔσῃ,
661 3423 843 3490 φησὶν,
871 3422 1060 3493 ὥσπερ
1091 3426 1374 3495 ἄνθρωπος
1411 3428 1612 3492 ὑπνῶν,
1641 3429 1672 3498 ἢ
1701 3430 1776 3493 ὡς

190 3505 340 3577 ἀνὴρ
365 3508 426 3559 οὐ
456 3509 751 3580 δυνάμενος
785 3512 1006 3579 σώζεινς
1038 3535 1056 3566 ι
1077 3517 1135 3570 Ὀ
1155 3518 1212 3570 δέ
1243 3535 1306 3584 γε
1340 3520 1626 3583 θεσπέσιος
1653 3521 1779 3589 μελ-

187 3596 351 3666 ῳδὸς,
395 3600 524 3652 ποτὲ
578 3601 699 3664 μὲν,
756 3604 942 3672 φησὶν,
987 3607 1067 3660 ὅτι
1114 3608 1524 3679 «Ἐξεγέρθητι,
1591 3612 1681 3664 ἵνα
1726 3612 1777 3664 τί

192 3686 388 3749 ὕπνοῖς
416 3688 619 3758 Κύριες
655 3692 941 3763 ἀνάστηθι,
984 3698 1078 3747 καὶ
1108 3698 1182 3767 μὴ
1214 3698 1409 3770 ἀπώσῃ
1443 3703 1522 3763 είς
1545 3702 1724 3764 τέλος·
1751 3721 1769 3754 ι

191 3778 331 3830 ποτὲ
371 3779 426 3831 δὲ
452 3775 518 3832 αὖ
544 3781 966 3853 διεγηγερμένον
996 3786 1206 3854 βλέπων
1234 3792 1313 3852 εἰς
1342 3792 1660 3863 ἐπικουρίαν
1691 3811 1774 3845 τι·

191 3868 326 3929 νῶν,
361 3887 378 3918 ι
403 3869 724 3941 Ἐξηγέρθη,
757 3891 775 3922 ›
810 3876 996 3943 φησὶν,
1027 3894 1045 3926 ι
1077 3877 1152 3939 ὡς
1179 3879 1208 3930 6
1241 3879 1441 3944 ὑπνῶν,
1480 3882 1714 3952 Κύριος’
1751 3901 1767 3933 ι

191 3955 391 4026 ὄρθρον
414 3957 477 4028 δὴ
499 3955 592 4010 οὖν
615 3959 789 4012 ἔοικεν
815 3961 1135 4027 ἀποκαλεῖν,
1162 3965 1261 4034 τῆς
1295 3965 1381 4018 ἐπ’
1406 3968 1588 4029 αὐτοῖς
1614 3969 1775 4020 οίονελ¹

192 4046 582 4117 ἐγρηγόρσεως
610 4049 700 4102 τὸν
726 4052 938 4122 καιρόν.
965 4052 1198 4124 Ὄρθρου
1251 4056 1357 4127 γὰρ
1393 4057 1451 4123 ἐξ
1493 4056 1659 4110 ὕπνου
1693 4058 1771 4110 δι-

191 4135 559 4204 ανιστάμεθα.
600 4137 1042 4208 Ἦγρυπνηκότος
1085 4141 1148 4212 δὴ
1183 4139 1275 4196 οὖν
1321 4148 1406 4197 ἐπ’
1449 4148 1631 4210 αὐτοῖς
1676 4146 1773 4200 τοῦ

191 4217 356 4281 Θεοῦ,
382 4221 476 4272 καὶ
521 4225 804 4294 μονονουχὶ
842 4225 1264 4298 διεγηγερμένου
1298 4232 1481 4286 λοιπὸν
1527 4237 1607 4298 είς
1656 4237 1774 4289 ἐπί-

193 4308 390 4377 σκεψιν
419 4307 493 4362 ὢν
524 4311 866 4381 δεδράκασιν,
896 4316 1191 4386 ἀπόϐλητοι
1246 4321 1339 4373 καὶ
1375 4323 1770 4394 ἀπεῤῥιμμένοι

191 4400 541 4468 γενήσονται,
587 4403 765 4456 καίτοι
813 4405 901 4458 διὰ
952 4407 1208 4478 πλείστην
1243 4411 1372 4482 ὅσην
1423 4414 1771 4477 ἀνεξικακίαν

194 4493 480 4560 μονονουχὶ
517 4493 610 4544 καὶ
640 4495 992 4561 νυστάξοντος
1023 4499 1107 4550 ἐπ’
1134 4500 1336 4562 αὐτοῖς,
1370 4502 1509 4554 κατά
1536 4503 1624 4554 τὸν
1669 4504 1768 4574 ἢδη

1877 3345 1969 3388 aut
2001 3337 2082 3387 vir
2113 3352 2216 3387 nun
2249 3331 2438 3401 potens
2463 3334 2673 3386 salvare
2702 3331 2826 3386 ⁸⁸2»
2864 3332 3088 3387 Divinas
3122 3344 3298 3388 autem
3317 3348 3450 3388 can-

1881 3436 1986 3489 tor,
2018 3440 2160 3478 nunc
2185 3426 2259 3477 ait
2285 3443 2298 3477 :
2331 3441 2350 3474 ι
2384 3425 2646 3490 Exsurge,
2671 3438 2842 3492 quare
2866 3424 3161 3486 obdormis,
3185 3422 3452 3478 Domine?

1877 3528 2127 3582 exsurge,
2171 3501 2226 3568 et
2269 3527 2336 3567 ne
2367 3513 2594 3580 repellas
2621 3513 2674 3566 in
2711 3513 2969 3580 finem";
2997 3532 3016 3564 ι
3053 3529 3195 3567 nunc
3236 3528 3450 3569 rursum

1877 3602 2169 3654 excitatum
2197 3602 2262 3653 ad
2288 3601 2642 3668 quorumdam
2669 3600 2928 3654 auxilium
2959 3615 3206 3665 cernens,
3243 3622 3262 3655 ι
3294 3603 3452 3656 Exci-

1880 3697 2021 3743 tatus
2059 3696 2163 3751 est,
2207 3689 2401 3757 inquit,
2438 3699 2694 3757 tauquam
2727 3690 3006 3744 dormiens
3047 3691 3386 3747 Dominus“.
3423 3709 3445 3745 ι

1879 3776 2039 3831 Mane
2091 3778 2254 3846 igitur
2309 3778 2576 3847 appellare
2632 3780 2844 3832 videtur
2890 3781 3039 3836 velut
3090 3783 3448 3853 evigilationis

1878 3877 2087 3937 tempus
2137 3883 2299 3938 super
2353 3869 2482 3938 ipsis
2526 3887 2540 3923 :
2583 3884 2739 3924 mane
2794 3870 3062 3939 siquidem
3117 3874 3182 3927 de
3255 3889 3447 3928 somno

1876 3959 2169 4027 surgimus.
2246 3959 2471 4026 Quando
2533 3975 2663 4029 ergo
2723 3961 3029 4030 vigilaverit
3085 3978 3248 4031 super
3304 3965 3447 4032 ipsos

1878 4050 2036 4111 Deus,
2086 4058 2135 4101 et
2190 4053 2255 4102 ad
2303 4051 2540 4118 ipsorum
2596 4059 2714 4104 acta
2759 4052 2823 4104 de
2874 4062 3066 4105 cancro
3112 4053 3444 4120 inspicienda

1873 4135 2020 4189 velut
2079 4147 2428 4204 experrectus
2481 4137 2676 4200 fuerit,
2747 4137 2990 4204 rejectitii
3043 4148 3098 4193 et
3159 4142 3442 4208 projectitii

1878 4225 2027 4287 fient,
2078 4227 2290 4278 tametsi
2328 4235 2549 4294 propter
2595 4227 2751 4296 longe
2803 4228 3090 4282 maximam
3131 4232 3443 4299 patientiam

1875 4318 2258 4384 propemodum
2295 4332 2458 4386 super
2489 4317 2618 4385 ipsis
2655 4326 2896 4386 tempore
2930 4321 3205 4389 praeterito
3240 4323 3431 4377 dormi,

1875 4409 2032 4461 verit.
2065 4409 2178 4462 Una
2223 4419 2402 4462 autem
2445 4425 2564 4462 cum
2602 4410 2800 4480 populo
2829 4413 2994 4465 etiam
3041 4427 3221 4482 regem
3266 4414 3443 4484 proje-

1875 4509 2016 4550 ctum
2077 4498 2141 4551 iri
2200 4497 2463 4566 afﬁrmat,
2537 4510 2722 4570 utpote
2785 4502 2932 4555 brevi
2997 4517 3160 4571 regno
3227 4521 3441 4575 quoque

195 4584 567 4651 παρῳχηκότα
617 4586 824 4654 καιρόν.
860 4588 1298 4659 Συναπερρίφθαι
1343 4592 1399 4644 δὲ
1444 4596 1554 4657 τοῖς
1596 4594 1770 4664 ὄχλοις

1881 4589 2134 4656 Ephraitn
2174 4603 2204 4643 e
2245 4589 2422 4643 medio
2475 4591 2724 4646 tollendo.
2779 4593 3020 4647 lleduces
3063 4595 3205 4648 enim
3256 4595 3306 4648 iu
3346 4595 3442 4650 Ju-

193 4672 290 4722 καὶ
345 4672 435 4723 τὸν
485 4672 730 4741 βασιλέα,
766 4678 951 4745 φησὶν,
987 4679 1061 4742 ὡς
1105 4681 1227 4732 ὅσον
1271 4683 1496 4735 οὐδέπου
1549 4687 1638 4737 καὶ
1670 4687 1770 4756 τῆς

1880 4681 2058 4741 datam,
2109 4690 2166 4733 ut
2199 4680 2331 4742 dixi,
2369 4691 2482 4748 post
2532 4690 2738 4749 tempus
2796 4681 3149 4749 captivitatis,
3201 4685 3298 4736 sub
3330 4699 3438 4739 uno

205 4760 452 4831 Ἐςρραῗμ
497 4762 772 4830 βασιλείας
816 4769 1079 4838 ἐσομένης
1127 4773 1189 4824 ὲκ
1237 4773 1771 4846 μέσου.Ὑπονοστὴ-

1871 4784 1994 4836 rt-ge
2047 4784 2234 4823 omnes
2282 4769 2450 4833 fuere,
2501 4771 2641 4824 sicut
2691 4771 2852 4823 etiam
2898 4773 3158 4839 principio
3210 4782 3263 4825 et
3314 4784 3438 4829 ante

195 4865 392 4913 σαντες
425 4852 553 4922 γὰρ,
589 4854 664 4916 ὡς
695 4855 847 4926 ἔφην.
878 4860 958 4920 είς
984 4859 1082 4929 τὴν
1115 4861 1372 4914 Ἰουδαίαν
1401 4863 1539 4932 μετὰ
1563 4866 1649 4916 τὸν
1675 4867 1773 4937 τῆς

1880 4871 2077 4928 tempus
2133 4859 2464 4928 captivitatis
2519 4860 2753 4914 fuerant.
2806 4859 3123 4930 Regnabant
3173 4862 3316 4915 enim
3370 4865 3437 4918 de

192 4943 579 5010 αἰχμαλωσίας
606 4947 817 5016 καιρὸν,
852 4949 940 5016 ὑφ’
973 4950 1066 5002 ἕνα
1101 4952 1298 5016 πάντες
1332 4956 1586 5022 γεγόνασι
1619 4956 1772 5025 βασι-

192 5031 290 5084 λέα
327 5034 576 5105 καθάπερ
607 5039 821 5108 ἀμέλει,
847 5041 938 5093 καὶ
969 5042 1025 5094 ὲν
1051 5043 1264 5111 ἀρχαῖς,
1286 5045 1379 5097 καὶ
1409 5045 1513 5115 πρὸ
1538 5046 1645 5099 τῶν
1666 5046 1768 5116 τῆς

191 5123 451 5188 ἁλώσεως
478 5127 705 5195 χρόνων.
725 5131 1065 5186 Ἐὁασίλευον
1087 5135 1192 5205 γὰρ
1214 5138 1260 5188 οί
1283 5137 1346 5189 ὲκ
1372 5136 1544 5208 φυλῆς
1576 5138 1766 5206 Ἰούδα,

192 5215 338 5268 κατά
365 5215 465 5294 τὴν
499 5217 855 5292 Ἰερουσαλὴμ
882 5222 1030 5286 ὄντος
1061 5225 1154 5277 τοῦ
1179 5225 1394 5295 Ἰσραήλ

261 5307 422 5358 Διότι
446 5306 663 5375 νήπιος
693 5313 961 5382 Ἰσραὴλ,
995 5317 1092 5369 καὶ
1118 5315 1232 5386 ἐγὼ
1249 5317 1532 5386 ἠγάπησα
1559 5321 1764 5386 αὐτὸν,

193 5395 292 5448 καί
348 5396 418 5463 ἐξ
449 5401 752 5470 Αἰγύπτου
785 5407 1160 5475 μετεκάλει-σα
1211 5409 1282 5463 τὰ
1324 5409 1506 5462 τέκνα
1562 5412 1768 5478 αὐτοῦ,

1872 4948 2011 5022 tribu
2042 4946 2177 5002 Juda
2207 4951 2490 5018 progeniti,
2524 4951 2739 5018 quando
2765 4952 3046 5004 universus
3075 4952 3238 5005 lsracl
3263 4955 3438 5009 adhuc

1876 5039 2299 5113 Hierosolymam
2341 5043 2489 5110 regni
2522 5043 2703 5096 sedem
2740 5043 3083 5112 agnoscebat.

1948 5319 2110 5374 Vens.
2142 5318 2197 5373 Ξ.
2248 5318 2383 5385 Quia
2410 5318 2658 5387 parvulus
2683 5317 2870 5382 Israel,
2898 5328 2946 5371 et
2997 5337 3072 5388 iga
3106 5322 3266 5376 dilexi
3301 5341 3438 5388 eum,

1874 5419 1921 5464 et
1963 5426 2028 5464 ea:
2067 5409 2300 5479 zEgyplo
2330 5409 2507 5462 vocavi
2547 5408 2684 5476 ﬁlios
2727 5408 2860 5477 ejus.
2889 5407 3045 5480 157
3077 5409 3220 5465 Sicut
3267 5414 3442 5467 t'ocavi

191 5486 390 5555 καθὼς
429 5492 812 5558 μετεκάλεσα
856 5498 1097 5565 αὐτοὺς,
1139 5499 1324 5566 οὕτως
1361 5499 1675 5568 ἁπῴχοντο
1702 5502 1771 5556 ἐκ

1880 5518 1982 5568 eos,
2013 5503 2087 5556 ita
2111 5501 2322 5555 abibant
2361 5518 2392 5554 a
2420 5500 2559 5569 facie
2585 5517 2715 5554 mea.

192 5572 521 5636 προσώπου
547 5595 687 5645 μου.

261 5662 438 5720 PKE’.
484 5668 698 5724 Ἔοικεν
746 5673 874 5744 ἡμῖν
903 5675 960 5729 ὲν
997 5676 1204 5741 τούτοις
1253 5681 1282 5733 6
1328 5679 1484 5749 λόγος
1535 5680 1768 5736 ἀνθυποο

1872 5748 1882 5755 _
1941 5673 2152 5731 CXXV.
2187 5675 2436 5762 ‘Videtur
2463 5675 2595 5732 mihi
2640 5675 2726 5733 bis
2768 5675 2946 5733 verbis
2975 5675 3262 5746 objectioni
3303 5691 3436 5746 (ιασ-

288 5817 460 5875 “Jer.
493 5839 602 5893 xiv,
631 5827 684 5881 9.
772 5830 812 5860 “’
839 5828 978 5886 Psal.
1011 5845 1164 5900 xutt,
1194 5831 1284 5887 ‘23.
1365 5833 1409 5865 "
1431 5830 1568 5889 Psal.
1615 5847 1816 5890 Lxxvn.
1841 5831 1930 5888 65.
