4068 6544
171 405 305 462 263

1113 395 1670 462 COMMENTARIUS
1708 398 1774 454 IN
1816 396 2048 454 OSEAH
2089 397 2532 456 PROPHETAM.

3347 406 3452 464 208

176 519 398 593 ὀρθῶς,
432 520 522 574 τὸν
555 519 750 574 οἰκεῖον
780 521 902 593 ἠδη.
934 522 1031 576 καὶ
1059 519 1601 592 προσδεδραμηκὸτα.
1630 516 1702 570 Τὸ
1724 517 1779 577 δὲ

1885 514 2010 578 sibi,
2052 524 2104 571 et
2155 529 2184 568 a
2229 514 2331 569 fide
2373 531 2468 569 sua
2524 516 2665 570 ultro
2714 517 3039 588 pendentem
3087 520 3337 578 honorat.
3385 526 3455 579 At

184 615 289 666 καὶ
321 615 433 675 τοῖς
460 612 707 682 βεϐήλοις
736 612 838 676 ἐτι,
876 614 969 666 καὶ
1009 614 1109 667 οὐκ
1137 612 1334 666 εἰδόσιν
1375 612 1558 674 αὑτὸν,
1585 612 1786 674 παντὸς

182 700 406 769 ἀγαθοῦ
438 701 723 771 φαίνεσθαι
755 703 1020 773 χορηγὸν,
1060 702 1370 774 ὑπερϐολὴν
1409 702 1476 757 ἂν
1516 703 1631 772 ἔχοι
1663 702 1783 771 φιλ-

181 790 535 860 ανθρωπίας,
569 791 665 844 καὶ
713 790 1008 862 θαύματος,
1044 793 1137 847 καὶ
1183 792 1522 864 θεοπρεποῦς
1569 793 1784 864 ἀληθῶς

182 881 473 947 ἀπόδειξιν
505 882 865 952 ἡμερότητος.
897 883 1191 956 Τοιγάρτοι
1234 886 1328 938 καὶ
1354 885 1519 949 αὐτὸς
1547 885 1785 955 ἔφασκεν

182 975 222 1027 ὀ
251 974 466 1046 Σωτὴρ.
498 976 886 1046 κατοικτείρων
915 979 982 1031 τὰ
1014 979 1136 1032 καθ’
1170 980 1337 1049 ἡμᾶς,
1387 980 1480 1033 καὶ
1507 980 1599 1033 τὸν
1629 981 1784 1035 οὐδα-

193 1066 369 1135 μόθεν
392 1067 496 1136 πρέ
505 1083 672 1119 ποντα
693 1070 806 1131 τοῖς
823 1068 1136 1140 φιλαμαρτή
1147 1086 1302 1139 μοσιν
1323 1069 1472 1122 ἔλεον
1497 1071 1784 1142 ἀπονέμων

183 1155 272 1220 ὡς
301 1156 462 1222 Θεὸς,
493 1157 625 1210 ποτὲ
660 1158 786 1228 μὲν.
811 1159 895 1211 ὅτι
924 1177 942 1210 ι
974 1160 1047 1212 Οὐ
1075 1159 1262 1229 χρείαν
1291 1159 1504 1230 ἔχουσιν
1528 1160 1578 1214 oi
1606 1159 1787 1228 ὑγιαί-

189 1265 384 1312 νοντες
418 1249 605 1319 ἰατροῦ
623 1289 638 1308 .
668 1247 784 1302 ἀλλ’
814 1249 864 1303 οί
886 1249 1073 1312 κακῶς
1107 1249 1346 1321 ἔχοντες·
1387 1269 1406 1302 s
1441 1252 1571 1305 ποτὲ
1595 1251 1653 1305 δὲ
1682 1251 1786 1305 πά-

191 1338 303 1405 λιν,
339 1357 359 1391 ι
388 1340 501 1393 Οὐκ
528 1335 692 1410 ἦλθον
720 1340 946 1394 καλέσαι
975 1341 1236 1407 δικαίους,
1267 1341 1402 1396 ἀλλὰ
1429 1342 1784 1415 ἁμαρτωλοὺς

189 1431 278 1492 είς
313 1431 622 1499 μετάνοιαν.
655 1448 674 1481 ι
723 1431 917 1485 Καίτοι
975 1432 1176 1500 τοίνυν,
1223 1435 1449 1503 randi...“
1483 1435 1781 1498 τουτέστιν,

189 1521 244 1571 ei
279 1521 341 1585 ἐξ
372 1521 588 1591 Ἰσραὴλ
615 1521 925 1575 ἐπλανῶντο
967 1524 1109 1578 κατὰ
1150 1523 1249 1595 τὴν
1298 1526 1591 1593 Αἴγυπτον,
1631 1525 1783 1579 οῦπω

187 1612 334 1666 Θεὸν
375 1613 576 1683 ᾔδεσαν
624 1613 715 1667 τὸν
752 1612 1009 1684 ἀληθινὸν
1031 1654 1046 1680 ,
1094 1615 1196 1685 ἐμέ
1218 1630 1232 1646 '
1279 1615 1673 1686 κατεφωρῶπο
1724 1617 1782 1671 δὲ

197 1704 405 1774 μᾶλλον
439 1704 628 1768 θυσίας
659 1706 1027 1776 πῳσάγοντες
1067 1708 1180 1769 τοίς
1221 1706 1485 1778 Βααλεὶμ,
1516 1707 1780 1772 τουτέστι,

189 1798 310 1859 τοῖς
337 1795 592 1859 εἰδώλοις,
609 1796 922 1866 θυμιῶντες
946 1800 1061 1862 τοῖς
1090 1797 1368 1866 γλυπτοῖς,
1395 1799 1514 1869 ἦτοι
1539 1802 1651 1866 τοῖς
1669 1800 1780 1854 τῶν

187 1893 480 1964 ἐγχωρίων
513 1891 872 1963 σεϐάσμασιν.
894 1892 1041 1960 Ἐγὼ
1068 1892 1126 1946 δὲ
1148 1893 1382 1965 ἐπείπερ
1407 1895 1524 1966 εἰμὶ
1546 1897 1783 1968 χρηστός

188 1999 257 2036 τε
310 1983 406 2036 καὶ
462 1982 695 2052 ἀγαθὸς,
732 1983 936 2054 καίπερ
984 1982 1156 2048 οὕτως
1214 1983 1406 2054 ἔχοντα
1462 1987 1781 2059 σκαιότητος

189 2073 288 2127 τὸν
314 2073 579 2146 Ἐφραίμ,
616 2075 736 2146 ἦτοι
759 2075 884 2129 καθ’
912 2075 1036 2129 ὅλου
1069 2076 1162 2131 τὸν
1189 2077 1426 2150 Ἰσραὴλ,
1453 2078 1621 2141 dicit:
1653 2081 1782 2150 μιᾶς

185 2165 392 2220 ἐνθάδε
421 2167 592 2238 φυλῆς
623 2166 972 2237 δηλούμενον,
999 2168 1339 2231 συνεπόδισα,
1375 2169 1560 2241 φησίν.
1589 2169 1700 2223 Καὶ
1728 2170 1782 2224 τί

185 2257 263 2329 δὴ
292 2257 452 2311 τοῦτό
484 2260 654 2321 ἐστιν,
689 2258 853 2322 αὐτὸς
877 2259 1196 2331 διεσάφησε,
1222 2259 1396 2329 λέγων
1415 2275 1430 2289 ⁸
1465 2261 1779 2316 ι’Δνέλαϐον

191 2350 362 2406 αὐτὸν
384 2351 476 2404 ἐπὶ
504 2352 596 2405 τὸν
624 2351 885 2423 βραχίονᾶ
917 2369 1040 2423 μου.
1076 2371 1094 2403 ι
1111 2353 1179 2406 Ἦ
1201 2352 1256 2406 δὲ
1284 2352 1377 2406 τοῦ
1399 2353 1776 2426 παραδείγμα-

191 2457 290 2505 τος
326 2442 599 2513 ὁμοιότης,
620 2443 703 2507 ὡς
734 2444 799 2496 ὲκ
827 2441 922 2496 τοῦ
948 2442 1226 2515 δρωμένου
1255 2445 1383 2516 περὶ
1406 2445 1476 2498 τὰ
1499 2445 1688 2516 νήπια.
1715 2449 1777 2500 Οἱ

191 2530 312 2602 γὰρ
335 2531 404 2584 τὰ
433 2531 605 2603 μικρὰ
633 2531 742 2585 τῶν
769 2531 986 2603 βρεφῶν
1013 2534 1094 2596 είς
1139 2535 1330 2604 χεῖρας
1371 2533 1779 2605 ἀναλαμὸἀνον-

189 2641 310 2688 τες,
355 2625 518 2677 οἱονεὶ
563 2623 976 2694 συμποδίζουσιν
1005 2622 1166 2688 αὐτὰ,
1215 2624 1625 2694 συνενεγκόντες
1654 2626 1779 2690 τοὺς

191 2714 388 2777 πόδας.
434 2715 525 2768 Δεῖ
565 2713 694 2784 γὰρ,
729 2711 905 2785 οἶμαι,
939 2714 1323 2768 συστέλλεσθαι
1357 2716 1564 2788 μηρούς
1591 2734 1652 2770 τε
1681 2719 1777 2773 καὶ

190 2808 402 2877 γόνατα
436 2807 638 2870 παντδς
668 2807 763 2860 τοῦ
799 2806 1171 2878 συνιζηκότος,
1204 2810 1474 2875 τουτέστι,
1505 2811 1568 2864 τὸ
1603 2831 1628 2864 ‹
1662 2829 1779 2864 συν-

191 2900 450 2953 απόδισα·
484 2917 502 2950 ι
559 2898 813 2970 καθάπερ
856 2899 1048 2969 ἀμέλει
1096 2900 1190 2952 καὶ
1241 2900 1370 2971 περὶ
1409 2902 1504 2955 τοῦ
1526 2902 1777 2975 Ἀϐραὰμ

192 2995 527 3065 γέγραπται,
549 2992 632 3046 ὃτι
663 2991 1007 3048 συνεπόδισεν
1022 2991 1210 3048 Ἰσαὰκ
1229 2991 1320 3045 τὸν
1345 2992 1457 3046 υίδν
1478 2994 1664 3058 αὑτοῦ,
1688 2996 1777 3048 ὅτε

187 3087 292 3140 καὶ
323 3085 472 3139 θύειν
497 3085 660 3138 αὐτὸν
683 3083 1053 3155 προσεδόκησε
1078 3083 1158 3154 τῷ
1189 3083 1328 3156 Θεῷ.
1369 3086 1578 3140 Είδέναι
1608 3085 1664 3140 δὲ
1687 3088 1779 3141 ἀν-

185 3179 443 3244 αγκαῖον,
482 3176 564 3230 ὅτι
601 3175 711 3231 τῶν
743 3175 1014 3248 Ἐϐραίων
1050 3177 1082 3246 ἡ
1109 3175 1341 3244 ἕκδοσις,
1364 3177 1461 3231 καὶ
1492 3177 1598 3248 μὴν
1629 3179 1774 3248 καὶὴ

189 3267 306 3320 τῶν
339 3267 563 3338 ἑτέρων,
595 3265 702 3318 ὀὐκ
743 3265 856 3336 ἔχει
886 3266 971 3330 τὸ,
1009 3285 1026 3316 ι
1063 3267 1406 3323 συνεπόδισα.
1437 3287 1457 3319 s
1490 3268 1778 3321 Τεθείκασι
1807 3249 1846 3306 C

185 3358 252 3412 δὲ
284 3358 483 3429 μᾶλλον
515 3359 595 3422 τὸ,
634 3376 652 3408 ι
687 3357 917 3426 Γέγονεν
962 3357 1043 3422 ὼς
1093 3358 1312 3431 τιθηνδς
1343 3359 1422 3430 τῷ
1460 3361 1720 3432 Ἐφραῖμ.
1754 3379 1774 3410 s

185 3449 405 3504 ϐὑκοῦν
433 3449 543 3518 ἐγὼ
579 3449 679 3519 μὲν
721 3449 851 3519 περὶ
888 3449 1086 3513 αὐτοὺς
1117 3450 1379 3517 τοιοῦτος,
1407 3451 1558 3504 αὐτοὶ
1592 3451 1651 3504 δὲ
1682 3453 1780 3505 οὐκ

188 3544 458 3611 ἔγνωσαν,
480 3542 784 3609 τουτέστιν,
809 3542 870 3596 οὐ
900 3544 1160 3614 συνῆκαν,
1183 3544 1282 3598 οὐκ
1311 3543 1541 3615 ᾔσθοντο
1563 3546 1644 3598 ὄτι
1676 3563 1778 3599 κα-

191 3636 503 3708 ταφθείρων
554 3636 800 3707 ἑτέρους,
845 3636 958 3689 τῶν
989 3639 1116 3690 κατ’
1139 3637 1340 3702 αὐτοὺς
1377 3638 1634 3709 ποιοῦμαι
1679 3638 1780 3709 τὴν

187 3727 589 3801 ὲπανόρθωσιν·
616 3726 774 3781 τοῦτο
805 3728 914 3799 γὰρ
938 3727 1018 3794 τὸ,
1053 3729 1278 3797 «Ἰαμαι
1315 3729 1513 3793 αὐτοὺς
1563 3733 1620 3783 ὲν
1665 3730 1780 3785 δια-

190 3822 371 3893 φθορᾷ
416 3819 742 3892 ἀνθρώπων.
767 3837 785 3871 ι
815 3818 1262 3890 Κατεφθᾶιρησαν
1316 3813 1415 3892 μὲν
1458 3823 1563 3894 γὰρ
1608 3823 1778 3892 Αίγύ-

190 3931 341 3969 πτιοι
386 3913 592 3985 πρῶτοι
638 3915 761 3975 ταῖς
801 3910 933 3965 δέκα
987 3911 1244 3979 πληγαῖς,
1278 3913 1378 3965 οὐκ
1407 3913 1650 3976 ἀνιέντος
1681 3914 1775 3968 τοῦ

182 4006 410 4078 Φαραώ.
447 4005 602 4061 Μετὰ
631 4004 688 4058 δέ
724 4021 788 4072 γε
837 4003 935 4067 τὰς
979 4003 1293 4072 Αἰγυπτίων
1325 4004 1556 4075 πληγὰς,
1589 4005 1778 4060 διολὼ·

187 4093 318 4148 λασι
361 4095 604 4156 Χεταῐοι,
646 4092 833 4145 Εὑαῖοι
869 4091 964 4144 καὶ
991 4093 1331 4164 ’Δμορῥατοι,
1369 4095 1659 4148 Χαναναῖοι
1684 4096 1779 4150 καὶ

201 4183 542 4246 Ἰεϐουσαῐοι,
592 4182 686 4246 οὓς
733 4181 1034 4252 νενικηκὼς
1086 4184 1427 4254 κατακράτος
1469 4187 1498 4238 ὁ
1538 4185 1776 4257 Ἰσραὴλ,

189 4278 634 4349 κεκληρονομηκε
681 4276 780 4345 τῆς
830 4273 1162 4343 ἐπαγγελίας
1205 4277 1306 4346 τὴν
1353 4277 1473 4346 γῆν,
1503 4277 1638 4331 Θεοῦ
1670 4280 1779 4333 πᾶν

185 4371 375 4434 αὐτοῖς
427 4367 854 4438 καταφιλοῦντος
898 4368 960 4420 τὸ
1007 4367 1254 4434 ἄναντες,
1279 4369 1380 4422 καὶ
1419 4369 1480 4422 τὺ
1520 4368 1778 4424 δύνασθαι

188 4461 613 4533 κατευμεγεθεῖν
635 4460 746 4516 τῶν
771 4460 865 4531 ὲχθ
875 4459 984 4532 ρῶν
1005 4460 1392 4530 ἀπονέμοντος.
1418 4461 1649 4527 Οὐκοῦν,
1678 4465 1778 4516 οὐκ

1889 620 2018 661 vero
2046 617 2100 661 et
2121 606 2362 676 profanis
2395 606 2598 670 adhuc,
2628 617 2686 662 et
2710 609 2883 677 ipsum
2910 612 3273 671 nescientibus
3294 629 3458 673 omne

1887 697 2086 752 bonum
2124 699 2298 768 palam
2331 698 2542 767 largiri,
2589 699 2940 756 excellentem
2979 705 3362 774 benignitatem
3403 718 3460 763 et

1889 791 2302 846 admirationem
2333 791 2528 856 habet,
2571 801 2626 846 et
2662 806 2850 848 revera
2893 797 3322 855 mansuetudinis
3347 799 3459 856 Deo

1887 880 2118 947 propria:
2175 880 2529 935 indubitabile
2575 887 2658 934 est
2707 881 2983 936 indicium.
3033 884 3212 952 Quare
3253 898 3309 944 et
3343 891 3459 959 ipse

1888 973 2161 1038 Salvator,
2189 973 2456 1029 miserans
2488 985 2574 1029 res
2599 982 2834 1037 nostras,
2869 983 2923 1030 et
2955 979 3217 1045 peccandi
3248 983 3459 1051 cupidis

1887 1067 2202 1135 neutiquam
2240 1066 2580 1124 tribuendam
2627 1067 3056 1123 misericordiam
3096 1078 3154 1124 ut
3184 1069 3326 1127 Deus
3355 1073 3458 1128 im-

1885 1159 2148 1226 pertiens,
2203 1159 2442 1222 dicebat,
2493 1157 2605 1227 jam
2658 1157 2872 1226 quidem
2914 1177 2928 1213 :
2968 1176 2988 1210 ι
3018 1159 3134 1215 Non
3193 1172 3282 1218 est
3326 1179 3460 1233 opus

1886 1253 2025 1306 bene
2050 1249 2354 1306 valentibus
2383 1250 2644 1317 medicus,
2671 1251 2768 1306 sed
2808 1249 2948 1307 male
2972 1251 3296 1311 habentibus
3311 1255 3359 1288 ⁸³
3386 1272 3402 1322 ;
3434 1276 3454 1310 ι

1879 1340 1992 1412 iam
2031 1357 2248 1398 rursum
2278 1356 2294 1395 :
2322 1361 2341 1394 ι
2369 1340 2484 1396 Non
2529 1343 2648 1398 veni
2681 1358 2878 1399 vocare
2898 1343 3101 1413 iustos,
3142 1349 3237 1402 sed
3269 1364 3462 1418 pecca-

1885 1443 2032 1489 tores
2080 1434 2148 1488 ad
2204 1434 2572 1504 pmnitentiam
2603 1437 2670 1489 “.
2704 1454 2724 1488 ι
2785 1437 2878 1491 Ait
2933 1452 3160 1509 οῖδα...
3201 1441 3307 1496 hoc
3352 1453 3456 1508 est,

1881 1526 2144 1581 lsraelitte
2194 1527 2246 1580 in
2292 1525 2527 1598 Egypto
2575 1541 2815 1583 errorem
2865 1544 3023 1585 suum
3069 1531 3456 1601 sequebantur,

1883 1617 2118 1672 nondum
2155 1617 2323 1672 Deum
2352 1631 2560 1683 verum,
2608 1632 2694 1673 me
2732 1618 2962 1687 scilicet,
2993 1621 3274 1689 sciebant;
3304 1639 3461 1680 com-

1881 1707 2022 1776 perti
2075 1717 2254 1764 autem
2309 1718 2435 1764 sunt
2484 1709 2656 1780 magis
2713 1709 2958 1776 Baalim,
3021 1712 3074 1767 id
3121 1722 3206 1769 est
3273 1715 3455 1782 idolis,

1883 1799 2087 1856 hostias
2121 1800 2423 1863 immolare,
2445 1810 2497 1855 et
2531 1802 2750 1857 adolere
2783 1803 2938 1857 thura
2970 1803 3300 1874 simulacris,
3345 1806 3460 1862 sive

1815 1885 1855 1940 Β
1879 1894 1988 1949 diis
2013 1895 2302 1966 indigenis.
2350 1895 2463 1967 Ego
2496 1911 2644 1962 vero,
2668 1898 2926 1966 quoniam
2974 1901 3240 1970 benignus
3269 1910 3324 1957 et
3359 1904 3457 1959 bo-

1887 2000 1988 2040 nus
2032 2001 2175 2050 sum,
2225 1986 2506 2058 Ephraim,
2549 1990 2664 2044 sive
2713 1989 3022 2046 universum
3071 1992 3232 2049 Israel
3262 1994 3348 2067 (ut
3391 2011 3459 2052 ex

1885 2089 1988 2129 una
2032 2077 2173 2130 tribu
2203 2077 2291 2132 hic
2338 2078 2744 2149 significatum),
2784 2096 3092 2153 quanquam
3139 2087 3275 2144 adeo
3305 2090 3459 2144 stoli-

1882 2165 2012 2221 dum
2037 2168 2310 2238 colligavi,
2337 2169 2531 2239 inquit.
2561 2171 2714 2238 Quod
2739 2175 2867 2242 quid
2903 2176 2995 2241 sit,
3027 2177 3254 2247 ipsemet
3276 2180 3458 2236 decla-

1887 2269 1990 2322 rat,
2039 2277 2056 2310 ι
2085 2261 2298 2330 suscepi
2348 2277 2472 2316 eum
2521 2277 2689 2333 super
2717 2263 2994 2322 brachium
3047 2284 3243 2326 meum.
3273 2290 3291 2325 ι
3328 2271 3459 2340 Quae

1887 2348 2183 2406 similitudo
2238 2352 2305 2406 ab
2352 2353 2417 2407 iis
2461 2369 2581 2423 qua:
2637 2355 2934 2414 infantibus
2984 2359 3151 2427 fiunt,
3216 2363 3458 2420 ducitur.

1885 2438 1988 2505 Qui
2023 2441 2170 2494 enim
2210 2441 2446 2500 infantes
2500 2447 2553 2500 in
2604 2448 2758 2504 ulnas
2800 2450 3120 2521 suscipiunt,
3169 2455 3326 2523 quasi
3363 2470 3460 2512 eos

1885 2531 2235 2598 compedibus
2297 2532 2483 2601 ligant,
2547 2535 2672 2590 dum
2721 2551 2910 2593 eorum
2955 2542 3117 2609 pedes
3163 2545 3459 2614 stringunt.

1885 2617 2109 2690 Oportet
2173 2625 2362 2691 enim,
2401 2635 2454 2678 ut
2517 2628 2796 2693 arbitror,
2836 2633 3080 2687 contrahi
3137 2633 3345 2690 femora
3404 2646 3462 2692 et

1883 2728 2056 2783 genua
2102 2715 2389 2785 cujuslibet
2434 2718 2784 2775 considentis.
2817 2721 2991 2791 Atque
3029 2724 3133 2779 hoc
3172 2735 3274 2791 est,
3307 2744 3328 2779 ι
3358 2729 3462 2784 col-

1885 2805 2076 2877 Iigavi;
2126 2825 2144 2860 ι
2198 2809 2341 2864 sicut
2411 2809 2659 2866 videlicet
2731 2821 2786 2867 et
2848 2815 2916 2869 de
2981 2817 3254 2874 Abraham
3319 2823 3458 2877 scri-

1883 2908 2032 2969 ptum
2085 2911 2208 2965 est,
2261 2915 2385 2954 eum
2465 2901 2752 2974 eolligasse
2829 2903 2982 2960 lsaac
3030 2907 3197 2963 tilium
3277 2925 3456 2979 suum,

1882 2992 2310 3046 sacrificaturum
2343 2993 2537 3061 Deo",
2577 3004 2636 3049 ut
2669 2996 2911 3065 putabat.
2963 2997 3250 3055 Sciendum
3294 2993 3461 3071 porro

1884 3081 2230 3138 Hebraeorum
2277 3086 2570 3140 editionem
2627 3097 2790 3158 atque
2845 3089 3074 3144 aliorum
3129 3093 3292 3148 etiam
3351 3112 3459 3151 non

1884 3174 2104 3240 habere,
2163 3175 2556 3246 ccolligavip
2622 3180 2720 3234 sed
2777 3179 2908 3234 illud
2971 3183 3170 3250 potius,
3236 3184 3462 3244 «factus

1880 3282 1998 3319 sum
2037 3266 2189 3334 quasi
2231 3269 2487 3322 nutu-ilius
2508 3268 2784 3337 Ephraim.
2814 3291 2836 3324 ο
2875 3271 3058 3343 itaque
3100 3291 3200 3346 ego
3243 3278 3458 3346 quidem

1879 3369 2008 3425 erga
2056 3358 2201 3426 ipsos
2249 3358 2373 3414 talis
2423 3359 2536 3426 fni;
2590 3379 2611 3412 ‹
2641 3361 2742 3432 ipsi
2796 3374 2977 3419 autem
3033 3382 3140 3422 non
3188 3382 3458 3437 cognove-

1881 3456 2030 3511 runt,
2059 3466 2080 3499 ο
2120 3448 2222 3504 hoc
2257 3459 2365 3514 εει,
2409 3465 2517 3504 non
2563 3451 2958 3520 intellexerunt,
3009 3471 3115 3512 non
3164 3469 3449 3514 senserunt

1882 3554 1967 3593 me
1998 3538 2132 3592 alios
2163 3539 2434 3608 perdendo
2476 3539 2608 3608 ipsis
2635 3541 2943 3608 consulere,
2985 3545 3085 3600 hoc
3120 3545 3280 3617 159
3308 3548 3452 3602 enim

1880 3637 1984 3696 est,
2016 3648 2038 3682 ι
2076 3643 2213 3686 sano
2240 3630 2383 3700 ipsos
2414 3630 2467 3685 in
2493 3633 2839 3701 corruptione
2869 3634 3167 3691 hominum.
3204 3655 3222 3688 ι
3258 3637 3456 3694 Corru-

1880 3720 1954 3791 pti
2004 3721 2175 3786 enim,
2213 3735 2307 3776 seu
2362 3723 2540 3778 vexati
2598 3733 2724 3778 sunt
2783 3724 3020 3796 Egyptii
3062 3727 3226 3797 primi
3269 3732 3454 3787 decem

1879 3812 2075 3884 plagis,
2103 3829 2208 3868 non
2234 3814 2536 3869 dimittente
2569 3812 2871 3870 Pharaone.
2904 3815 3031 3870 Post
3066 3817 3252 3887 plagas
3277 3818 3455 3891 Egy-

1881 3906 2021 3976 ptias
2061 3906 2338 3977 perierunt
2377 3906 2640 3974 Chetliaai,
2689 3907 2830 3962 Evmi
2879 3917 2935 3962 et
2983 3909 3456 3977 Amorrba:i,Cha-

1877 3996 2054 4052 εισιιωί
2096 4006 2155 4052 et
2194 3996 2447 4062 Jebusaai,
2485 3999 2681 4068 quibus
2723 3999 3003 4055 debellatis
3042 4001 3209 4058 Israel
3253 4011 3455 4058 terram

1879 4084 2258 4166 promissionis
2294 4086 2521 4156 adeptus
2568 4095 2672 4151 est,
2707 4087 2818 4143 Deo
2868 4104 3028 4144 omne
3073 4093 3300 4146 arduum
3349 4093 3455 4148 illis

1881 4176 2278 4246 complanante,
2337 4179 2714 4248 tribuenteque
2759 4190 2819 4236 ut
2865 4180 3112 4237 hostibus
3147 4183 3457 4254 superiores

1880 4267 2114 4324 evadere
2144 4278 2387 4340 possent.
2420 4270 2624 4339 igitur,
2658 4287 2762 4326 non
2809 4273 3329 4342 animadverterunt,
3367 4277 3455 4330 in-

1882 4361 2021 4429 quit,
2060 4364 2203 4432 qnod
2242 4361 2491 4418 homines
2533 4371 2738 4418 natura:
2767 4364 3007 4434 ipsorum
3051 4377 3331 4423 consortes
3359 4369 3455 4423 de-

1885 4453 2041 4520 lens,
2087 4468 2274 4507 eorum
2325 4454 2488 4509 rebus
2553 4456 2952 4527 prospicerem,
3007 4465 3061 4512 et
3107 4459 3454 4514 extenderem

187 4554 557 4620 αίσθάνονται,
583 4554 769 4625 φησὶν,
798 4553 880 4605 ὅτι
907 4551 1287 4624 καταφθείρων
1307 4552 1630 4625 ἀνθρώπους
1648 4555 1776 4618 τοὺς

1882 4555 1996 4605 eos,
2038 4543 2139 4598 hoc
2183 4549 2289 4606 est,
2335 4545 2789 4616 constringerem,
2825 4556 2880 4601 et
2916 4547 3226 4602 cohiberem
3276 4565 3370 4604 eos
3401 4551 3452 4604 in

180 4645 469 4716 ὁμογενεῖς
519 4644 722 4710 αὐτοῖς,
776 4640 836 4697 εὖ
886 4643 1098 4698 ἐτίθουν
1141 4647 1210 4699 τὰ
1253 4644 1376 4698 κατ’
1403 4644 1638 4708 αὐτούς·
1681 4646 1774 4698 καὶ

1881 4633 2110 4692 vinculis
2149 4634 2657 4706 cliaritatis.Atqui,
2710 4637 2753 4692 si
2801 4638 3125 4707 sapuissent,
3163 4640 3347 4708 utique
3398 4653 3454 4696 et

187 4738 432 4804 ἐξέτεινα
461 4735 682 4801 αὐτοὺς,
712 4734 982 4801 τουτέστι,
1020 4734 1372 4804 συνέσφιγξα,
1396 4738 1490 4790 καὶ
1515 4736 1772 4807 συνέσχον

183 4831 246 4881 ἐν
281 4829 503 4898 δεσμοῖς
549 4827 789 4899 ἀγάπης.
809 4827 950 4882 Ἀλλ’
983 4830 1140 4899 εἴπερ
1167 4825 1307 4901 ἦσαν
1351 4833 1525 4898 σοφοὶ,
1557 4830 1774 4893 πάντως

185 4940 292 4975 που
336 4921 432 4974 καὶ
473 4920 784 4992 ἑνενόησαν,
816 4922 913 4975 καὶ
943 4920 1249 4990 ἐλογίζοντο
1280 4921 1422 4974 κατὰ
1463 4922 1621 4991 σφᾶς,
1654 4919 1772 4974 ἀνθ’

181 5016 313 5068 ὅτου
338 5012 409 5065 τὰ
440 5011 540 5082 μὲν
575 5010 703 5082 ἔθνη
735 5011 910 5066 ταῦτα
948 5011 1266 5083 κατεφθάρη
1296 5012 1446 5084 παρὰ
1468 5012 1628 5078 Θεοῦ,
1649 5013 1775 5065 ἀντ-

187 5103 657 5175 εισιιεκομίσμεθα
703 5103 762 5156 δὲ
805 5105 985 5175 ἡμεῖς.
1017 5103 1276 5166 Συνέντες
1317 5105 1426 5175 γὰρ
1469 5103 1666 5167 οὕτως,
1691 5104 1775 5156 ὅτι

185 5195 473 5267 μεμίσηκα
511 5193 604 5248 τὸν
644 5193 944 5265 ἀλιτήριον,
974 5193 1070 5247 καὶ
1110 5194 1211 5247 οὐκ
1247 5194 1307 5246 ὲν
1333 5193 1475 5264 λόγῳ
1515 5193 1774 5264 ποιοῦμαι

184 5284 276 5338 τδν
319 5283 431 5336 τῶν
467 5282 760 5352 δαιμονίων
800 5282 1163 5355 θεραπευτὴν,
1197 5281 1498 5353 κατέληξαν
1543 5283 1608 5335 ἂν
1634 5283 1774 5352 τάχα

186 5395 292 5431 που
321 5375 414 5430 τοῦ
444 5376 576 5448 δρᾷν
606 5374 820 5430 ἑλέσθαι
847 5376 915 5431 τὰ
942 5377 1316 5449 παραπλήσια.
1347 5378 1438 5428 Δεῖ
1458 5375 1521 5447 δὴ
1545 5374 1638 5430 οὖν
1665 5376 1774 5448 ἄρα

185 5470 301 5533 τοῖς
332 5467 609 5521 ἐθέλουσιν
636 5469 948 5540 εὐφραίνειν
975 5469 1109 5522 Θεὸν
1137 5469 1232 5524 καὶ⁸
1263 5467 1526 5537 λογισμοῦ
1559 5467 1772 5537 σώφρο-

184 5577 298 5624 νος,
329 5559 424 5613 καὶ
468 5559 668 5632 φρενὸς
710 5560 942 5632 ἀγαθῆς,
975 5562 1069 5615 καὶ
1113 5561 1212 5632 τὴν
1238 5561 1322 5630 ἐφ’
1347 5560 1554 5633 ἑτέροις
1582 5559 1775 5633 ὀργὴν,

186 5651 484 5723 ἀσφαλείας
515 5653 785 5708 ποιεῖσθαι
809 5653 1104 5726 πρόφασιν.
1129 5652 1418 5708 Πάνδεινον
1443 5652 1500 5707 δὲ
1523 5653 1622 5725 τῆς
1643 5655 1777 5726 ἀχαο

185 5744 403 5815 ριστίας
450 5743 513 5797 τὸ
563 5743 773 5816 χρῆμα,
809 5745 904 5798 καὶ
952 5746 1028 5810 ὼς
1072 5744 1160 5814 ἐφ’
1186 5744 1358 5798 ἅπασι
1403 5745 1515 5808 τοῖς
1555 5745 1776 5810 ἀτόποις

261 5842 308 5872 ”
332 5840 518 5896 Hatth.
551 5857 628 5905 rx,
661 5840 746 5895 12.
826 5842 870 5874 ’⁸
899 5841 1031 5900 Ibid.
1070 5842 1152 5896 15.
1233 5840 1278 5872 ⁸⁵
1302 5839 1439 5894 Gen.
1479 5856 1616 5906 xm,
1647 5840 1698 5897 9.

554 5937 826 5994 Parnm.
868 5935 985 5994 Gn.
1037 5933 1135 5992 LX

1879 4725 2227 4793 cogitassent,
2257 4735 2312 4780 et
2338 4726 2476 4792 apud
2510 4741 2569 4781 se
2604 4726 2906 4782 ratiocinati
2933 4740 3134 4796 essent,
3172 4746 3340 4800 quare
3367 4734 3456 4786 hza

1881 4829 2070 4890 gentes
2101 4837 2128 4872 a
2159 4819 2270 4876 Deo
2299 4820 2507 4886 deletae,
2542 4832 2597 4877 et
2630 4823 2729 4892 ipsi
2763 4833 2950 4878 contra
2997 4824 3284 4884 introducti
3317 4827 3454 4884 fuis-

1882 4919 2022 4966 sent.
2065 4909 2157 4965 Sic
2207 4912 2376 4978 enim,
2429 4927 2550 4967 cum
2597 4913 2990 4971 intellexissent
3035 4918 3160 4986 quia
3217 4921 3453 4976 odissem

1878 5010 2245 5072 peccatorem,
2276 5003 2690 5076 daamonumque
2715 5005 2980 5062 cultorem
3010 5010 3456 5080 spernerem,de-

1879 5093 2099 5150 siissent
2119 5093 2352 5151 fortasse
2376 5096 2573 5152 similia
2595 5099 2955 5154 committere.
2990 5099 3137 5170 Opus
3157 5111 3241 5158 est
3268 5104 3456 5174 itaque

1879 5184 2045 5240 Deum
2080 5185 2354 5241 lzetificare
2393 5189 2694 5244 volentibus
2719 5199 2772 5244 et
2804 5190 3052 5259 prudenti
3101 5194 3452 5264 cogitatione,

1877 5286 1935 5332 et
1967 5285 2147 5332 mente
2184 5279 2347 5346 bona,
2379 5287 2433 5335 et
2474 5280 2609 5335 iram
2653 5280 2708 5336 in
2739 5279 2874 5336 alios
2902 5281 2955 5336 in
3004 5297 3118 5338 sua:
3145 5285 3455 5340 securitatis

1881 5369 2223 5425 occasionem
2275 5381 2613 5427 convertere.
2663 5370 3060 5427 Gravissimum
3111 5385 3290 5429 autem
3333 5389 3455 5429 esse

1877 5462 2088 5518 crimen
2121 5463 2347 5533 ingratae
2380 5463 2695 5530 voluntatis,
2735 5474 2789 5518 et
2831 5464 2985 5534 quasi
3034 5465 3208 5520 omnis
3253 5464 3454 5533 impro-

1882 5557 2066 5612 bitatis
2132 5555 2443 5612 convictum
2490 5557 2690 5612 merito
2738 5559 2914 5628 puniri
2973 5556 3065 5627 qui
3115 5559 3218 5612 hoc
3265 5555 3457 5611 morbo

1883 5660 2117 5717 tenetur,
2161 5662 2213 5708 et
2258 5651 2385 5708 hinc
2415 5650 2575 5708 facile
2623 5661 2707 5708 est
2753 5653 2956 5710 videre.
2997 5650 3242 5720 ingratus
3283 5649 3452 5716 enim,

1886 5744 2077 5816 inquit,
2108 5753 2190 5800 est
2211 5744 2404 5799 similis
2428 5744 2758 5815 blaspheme.

3066 5924 3102 5982 9
