4068 6540
610 403 715 464 εἶἹ

1578 404 1649 459 'S.
1691 398 1959 461 CYRILIJ
1998 391 2463 454 ALEXANDRINI
2508 388 2824 448 ARCHIEP.

3738 373 3861 431 2‘58

614 519 994 592 ὲληλεγμένοις
1028 518 1307 583 κολάζοιτο
1375 518 1453 571 ἂν
1478 519 1699 581 εἰκότως
1762 519 1787 570 6
1813 519 1880 587 τῇ
1924 514 2065 584 νόσῳ
2107 510 2438 584 περιπεσὼν,
2498 507 2790 564 κάντεῦθεν
2824 507 2955 577 ἡμῖν
2993 501 3214 556 εὔκολον
3253 499 3400 554 ἰδεῖν.
3431 496 3490 552 ’0
3518 493 3626 567 γάρ
3649 494 3862 565 ἀχάριο

614 632 756 677 στος.
797 613 984 683 φησὶν,
1009 614 1084 676 ὡς
1116 613 1449 684 βλάσφημος.

2824 636 2833 643 ..

683 704 754 758 Et
907 702 1014 781 illis
1038 678 1193 772 quasi
1218 678 1352 757 datis
1379 701 1587 769 alapam
1624 701 1780 753 homo
1812 715 1968 767 super
1989 697 2184 752 maxil-
2212 748 2214 757 ,

2356 689 2469 745 Καὶ
2510 689 2726 754 ἔσομαι
2758 682 2964 750 αὐτοῖς
2993 686 3075 750 ὡς
3108 684 3370 751 ῥαπίζων
3400 682 3707 749 ἄνθρωπος
3754 678 3866 735 ἐπὶ

614 798 693 851 las
727 796 863 865 ejus,
895 803 943 849 et
972 795 1251 862 respiciam
1282 794 1352 848 ad
1378 792 1553 859 illum,
1584 790 1878 861 prtevalebo
1902 791 2004 845 illi.
2038 814 2041 815 ν

684 970 941 1026 CXXVII.
1000 971 1262 1038 Quoniam
1316 968 1530 1023 dicebat
1568 984 1641 1023 ise
1684 968 1936 1022 dilexisse
1987 979 2102 1025 eos.
2135 972 2191 1018 et

619 1066 791 1120 instar
834 1064 1055 1118 infamis
1102 1064 1154 1117 in
1189 1061 1409 1116 brachia
1453 1061 1753 1130 accepisse,
1781 1067 1835 1113 et
1864 1057 2017 1111 velut
2060 1070 2190 1109 con-

620 1155 911 1211 strinxisse
939 1151 1169 1207 vinculis
1196 1149 1486 1205 charitatis
1513 1148 1798 1219 Ephraim,
1836 1146 1964 1201 licet
1993 1145 2189 1199 etiam-

622 1263 747 1302 num
781 1245 1064 1317 profanum
1097 1255 1150 1300 et
1178 1243 1525 1314 ﬂagitiosum,
1569 1240 1774 1296 idcirco
1809 1249 1863 1293 et
1899 1251 2195 1292 conversu-

622 1354 742 1394 rum
772 1346 1085 1407 peccantem
1117 1335 1293 1403 inquit
1323 1351 1337 1387 :
1384 1350 1403 1383 ι
1440 1331 1611 1398 Quem
1641 1331 1785 1384 enim
1823 1329 2002 1397 diligit
2030 1327 2192 1389 Deus,

622 1430 868 1498 corripit,
901 1427 1136 1497 ﬂagellat
1168 1437 1345 1478 autem
1383 1438 1598 1479 omnem
1648 1421 1813 1474 lilium
1846 1433 2009 1489 quem
2057 1418 2197 1472 reci-

625 1522 703 1592 pit
730 1522 797 1575 “.
836 1540 855 1572 ι
891 1519 1024 1575 Vide
1065 1530 1243 1572 autem
1276 1515 1555 1586 quomodo
1609 1510 2042 1568 mansuetudinis
2087 1508 2198 1562 Deo

624 1615 801 1684 dignae
847 1628 953 1667 non
1003 1618 1280 1680 expertem
1330 1607 1496 1663 etiam
1545 1602 1909 1673 correptionis
1978 1599 2197 1655 modum

630 1706 973 1777 polliceatur.
1021 1701 1241 1758 Similes
1279 1700 1424 1755 enim
1476 1697 1592 1751 fore
1636 1696 1768 1750 dicit
1816 1693 1985 1763 alapis
2039 1705 2199 1744 manu

628 1799 861 1852 humana
890 1794 1135 1864 impactis
1165 1807 1292 1849 suos
1315 1792 1368 1846 in
1400 1804 1493 1845 eos
1520 1790 1772 1856 impetus.
1802 1785 1986 1839 Potest
2015 1794 2199 1837 autem

628 1887 933 1951 huiusmodi
974 1887 1212 1955 impetus
1254 1892 1514 1954 paternus
1560 1877 1828 1948 intelligi,
1882 1875 2202 1931 remissione

628 1987 683 2034 et
713 1979 978 2034 cbaritate
1006 1990 1221 2047 pinnam
1253 1975 1512 2037 miscens,
1546 1979 1601 2026 et
1644 1968 1789 2024 velut
1834 1967 1980 2021 lenta
2016 1979 2200 2029 manu,

2285 780 2394 848 τὰς
2421 780 2710 850 σιαγόνας
2751 777 2958 841 αὑτοῦ,
2992 774 3095 829 καί
3135 771 3533 841 ἐπιϐλέψομαι
3566 770 3716 839 πρὸς
3751 771 3869 824 αὑ-

2285 873 2416 934 τὸν,
2439 870 2777 938 δυνήσομαι
2807 864 2985 931 αὐτῷ.

2359 960 2528 1015 ΡΚΖ¹.
2575 960 2791 1030 Ἐπειδὴ
2824 958 2932 1029 γὰρ
2960 958 3196 1026 ἔφασκεν
3241 955 3587 1026 ἠγαπηκέναι
3632 971 3713 1019 τε,
3767 951 3873 1006 καὶ

2288 1052 2365 1114 ὡς
2394 1054 2451 1104 ὲν
2477 1051 2628 1117 τάξει
2668 1050 2897 1120 βρέφους
2931 1050 3010 1112 εἰς
3053 1046 3310 1119 βραχίονα
3352 1046 3555 1110 λαϐεῖν,
3593 1045 3874 1097 συνδεῖναι

2289 1141 2567 1211 δὲῶσπερ
2609 1140 2702 1194 καὶ
2751 1140 2807 1191 ὲν
2852 1139 3069 1206 δεσμοῖς
3111 1137 3352 1205 ἀγάπης,
3393 1136 3487 1189 καί
3521 1152 3603 1189 τοι
3636 1134 3875 1205 βέϐηλον

2293 1229 2394 1295 ἔτι,
2424 1230 2518 1284 καί⁵
2545 1228 2826 1297 ἀλιτήριον
2872 1227 3001 1280 ὄντα
3038 1226 3130 1279 τὸν
3177 1222 3437 1293 Ἐφραῖμ,
3482 1223 3737 1295 ταύτῃτοι
3776 1222 3878 1274 καὶ

2294 1321 2641 1391 ἐπιστρέψειν
2668 1315 3091 1390 πλημμελοῦντα
3118 1332 3280 1386 φησιν
3307 1334 3321 1347 ·
3366 1336 3384 1368 ι
3419 1318 3516 1369 ’ον
3543 1316 3648 1385 γὰρ
3678 1315 3877 1385 ἀγαπᾷ

2296 1412 2522 1486 Κύριος,
2558 1410 2826 1472 παιδεύει,
2862 1411 3118 1479 μαστιγοῖ
3143 1408 3202 1464 δὲ
3232 1407 3412 1462 πάντα
3454 1407 3569 1461 υἱὸν
3597 1407 3652 1461 ὃν
3682 1423 3875 1477 παρα-

2295 1503 2527 1574 δέχεται.
2557 1522 2577 1555 ι
2613 1502 2723 1555 Θέα
2750 1502 2807 1556 δὲ
2836 1503 2984 1565 ὅπως
3027 1502 3364 1573 ἡμερότητος
3403 1500 3504 1554 οὐκ
3544 1500 3879 1570 ἀμοιρήσειν

2298 1593 2395 1663 τῆς
2423 1591 2782 1665 θεοπρεποῦς,
2804 1592 2897 1645 καὶ
2928 1591 3017 1645 τὸν
3037 1591 3135 1660 τῆς
3160 1589 3505 1661 ἑπιπλήξεως
3530 1590 3880 1659 ὑπισχνεῖται

2297 1686 2518 1757 τρόπον.
2565 1685 2652 1737 Ἐν
2688 1684 2788 1754 ἴσῳ
2825 1683 2934 1755 γὰρ
2965 1682 3183 1736 ἔσεσθαί
3210 1699 3345 1753 φησι
3380 1683 3491 1744 τοῖς
3526 1683 3606 1744 εἰς
3647 1683 3884 1750 σιαγόνα

2304 1775 2609 1845 ραπῐσμασι
2637 1773 2729 1827 διὰ
2756 1773 2856 1844 τῆς
2882 1770 3170 1843 ἀνθρώπου
3218 1769 3397 1841 χειρὸς
3442 1769 3512 1823 τὰ
3553 1769 3639 1829 ἐπ’
3675 1768 3885 1831 αὐτοὺς

2303 1868 2595 1938 κινήματα.
2625 1864 2839 1936 Πατρὸς
2873 1864 2920 1917 δ’
2948 1864 3015 1918 ἂν
3041 1864 3211 1917 νοοῖτο
3251 1861 3458 1933 κίνημα
3498 1862 3662 1925 τουτὶ,
3704 1860 3887 1928 φειδοῖ

2304 1960 2398 2011 καὶ
2421 1956 2609 2029 ἀγάπῃ
2638 1955 2994 2029 κεραννύντος
3013 1955 3081 2008 τὰ
3109 1952 3168 2019 ἐξ
3191 1955 3383 2025 ὀργῆς,
3408 1954 3501 2008 καὶ
3535 1947 3642 2007 οἷον
3669 1952 3883 2023 ἡρέμα,

628 2078 685 2127 et
726 2070 813 2123 vix
849 2044 1184 2137 percu—tiens,
1230 2080 1299 2119 ne
1346 2062 1565 2132 penitus
1599 2074 1704 2114 non
1750 2056 2055 2111 vindicasse
2083 2053 2196 2109 cul-

2313 2049 2398 2103 καὶ
2426 2048 2570 2119 χειρὶ
2593 2048 2917 2119 πλὴττοντος
2945 2046 3118 2116 μόλις,
3150 2044 3227 2109 ὡς
3265 2045 3333 2101 ἂν
3374 2045 3451 2118 μὴ
3493 2046 3887 2117 ἀνεπιτίμητος

630 2177 753 2232 pam
799 2160 1071 2216 videatur.
1120 2155 1385 2224 Quoniam
1442 2161 1626 2207 autem
1666 2148 1875 2213 dilexit,
1912 2147 2075 2202 etiam
2124 2159 2208 2198 re-

629 2262 939 2324 specturum
986 2262 1151 2318 super
1214 2247 1389 2315 ipsum
1440 2240 1694 2313 spondet.
1748 2240 2011 2310 Dignatur
2061 2238 2204 2291 enim

632 2350 878 2413 respectu
913 2354 1051 2408 quos
1081 2339 1371 2392 honestare
1399 2333 1654 2398 voluerit,
1686 2340 1741 2387 et
1774 2329 2037 2401 praevalet
2076 2342 2206 2383 con-

632 2446 714 2489 tus
762 2448 885 2497 nos,
918 2430 1080 2500 160
1128 2426 1371 2483 doctrina
1408 2435 1464 2480 et
1501 2425 1703 2479 virtute
1750 2422 1934 2478 divina
1978 2420 2207 2475 rebelles

632 2524 735 2580 sibi
776 2522 1095 2590 subjiciens.
1128 2518 1261 2572 Nam
1300 2532 1424 2573 cum
1461 2516 1516 2569 in
1565 2513 1842 2569 suadendo
1872 2511 2007 2567 nihil
2042 2513 2207 2580 proli-

632 2616 732 2681 cit,
779 2613 1109 2670 necessitate
1141 2611 1207 2665 ad
1244 2608 1650 2678 complectenda
1703 2605 1930 2661 meliora
1972 2601 2208 2672 compel-

634 2707 718 2770 Iit,
769 2714 826 2759 et
854 2700 1297 2758 tribulationibus
1325 2699 1493 2770 adigit
1530 2698 1599 2752 ad
1632 2697 1682 2750 id
1727 2695 1869 2765 quod
1902 2695 2059 2749 nobis
2090 2694 2207 2764 plu-

632 2794 833 2850 rimum
861 2792 1137 2856 conducit,
1187 2801 1242 2846 et
1294 2791 1360 2844 ad
1407 2788 1635 2846 salutem
1676 2794 1762 2839 est
1819 2785 2204 2840 necessarium.

632 2886 834 2941 Audiat
862 2898 995 2955 ergo
1022 2899 1052 2938 a
1081 2884 1236 2939 nobis
1267 2881 1649 2936 universorum
1686 2877 1853 2939 Deus,
1894 2894 1914 2928 ι
1947 2876 2000 2929 in
2033 2875 2205 2929 tribu-

635 2974 836 3030 latione
882 2987 1044 3043 parva
1102 2969 1387 3038 castigatio
1436 2979 1526 3022 tua
1579 2966 1735 3021 nobis
1770 2966 1839 3018 ’⁷.
1882 2982 1900 3016 ι
1961 2963 2084 3018 Ilaec
2129 2972 2211 3016 est

630 3064 815 3134 alapa.
849 3063 915 3119 Et
948 3077 1159 3118 rursum
1193 3078 1208 3114 :
1244 3078 1262 3111 ι
1298 3060 1513 3129 Castiga
1561 3074 1677 3122 nos,
1707 3057 1956 3121 Domine,
1996 3071 2210 3111 verunt-

636 3165 822 3212 tamen
844 3158 896 3208 in
932 3153 1160 3223 judicio,
1189 3160 1246 3205 et
1274 3166 1380 3205 non
1412 3151 1467 3205 in
1514 3150 1718 3215 lurore,
1753 3162 1818 3203 ne
1849 3162 1947 3202 nos
1977 3146 2043 3201 ad
2077 3160 2210 3215 pau-

638 3249 857 3304 citatem
906 3245 1127 3314 redigas
1162 3243 1229 3298 ²⁸.
1292 3261 1310 3294 ι
1360 3240 1621 3310 Castigari
1664 3239 1808 3295 enim
1870 3236 2212 3293 credentibus

641 3337 925 3393 molestum
978 3346 1143 3404 atque
1184 3332 1439 3388 acerbum
1468 3346 1599 3393 non
1647 3338 1751 3385 est.
1797 3327 1854 3382 In
1914 3327 1994 3381 ira
2034 3336 2211 3379 autem

2308 2137 2878 2213 ὑπάρχηπαντελῶς.
2919 2137 3139 2208 Ἐπειδὴ
3188 2136 3245 2191 δὲ
3288 2138 3564 2208 ἠγάπησε,
3608 2138 3704 2191 καὶ
3758 2134 3887 2190 Em-

2307 2214 2662 2301 ϐλέψεινὲπ*
2717 2231 2878 2285 αὑτὸν
2916 2228 3333 2298 ἐπαγγέλλεται.
3391 2229 3556 2293 Ἀξιοῖ
3593 2229 3703 2300 γὰρ
3756 2229 3887 2282 ὲπο-

2308 2325 2520 2389 πτείας,
2554 2323 2645 2387 οὓς
2670 2323 2737 2378 ἂν
2767 2323 2941 2376 ἕλοιτο
2964 2324 3151 2394 τιμᾷν,
3181 2323 3275 2378 καὶ
3298 2321 3523 2381 δύναται
3542 2322 3680 2393 πρὸς
3710 2322 3880 2391 ἡμᾶς.

2306 2414 2553 2485 ἑντεχνίᾳ
2631 2413 2726 2467 καὶ
2771 2411 2997 2484 δυνάμει
3053 2414 3119 2484 τῇ
3174 2411 3467 2484 θεοπρεπεῖ
3508 2411 3885 2482 χειρούμενος,

2306 2505 2432 2569 τοὺς
2463 2504 2622 2574 οἵπερ
2652 2504 2718 2559 ἂν
2759 2503 2964 2558 ἕλοιντο
2999 2505 3174 2558 νοσεῖν
3208 2502 3267 2556 τὸ
3300 2503 3530 2574 ἐξηνιον.
3576 2503 3639 2555 Εἰ
3672 2502 3785 2571 γὰρ
3814 2500 3889 2572 μὴ

2308 2596 2512 2650 πείθων
2539 2597 2797 2668 ὀνίνησιν,
2822 2595 2880 2663 ἐξ
2899 2595 3146 2666 ἀνάγκης
3170 2594 3489 2665 περιτρέπει
3510 2594 3647 2665 πρὸς
3667 2596 3730 2647 τὸ
3757 2594 3890 2665 δρᾷν

2308 2688 2526 2743 ἑλέσθαι
2549 2689 2612 2741 τὸ
2654 2690 2895 2759 ἄμεινον,
2933 2687 3027 2743 καὶ
3056 2685 3348 2759 μετασοᾶῖ
3374 2688 3494 2749 ταῖς
3520 2684 3732 2754 θλίψεσι
3754 2684 3890 2754 πρὸς

2308 2782 2369 2835 τὸ
2391 2782 2473 2834 δτι
2511 2780 2747 2851 μάλιστα
2770 2779 3049 2851 συμφέρον
3087 2796 3148 2833 τε
3174 2781 3330 2850 ἡμῖν,
3357 2778 3783 2847 καὶάναγκαῖον
3813 2779 3893 2841 εἰς

2313 2872 2607 2944 σωτηρίαν.
2652 2873 2919 2926 Ἀκουέτω
2949 2871 3014 2942 δὴ
3060 2866 3154 2925 οὖν
3189 2871 3326 2943 πρὸς
3362 2870 3519 2942 ἡμῶν
3554 2874 3585 2925 ὁ
3614 2870 3725 2924 τῶν
3755 2870 3892 2924 ὅλων

2309 2964 2442 3027 Θεός
2462 2980 2477 2995 ο
2507 2983 2525 3016 ι
2550 2964 2637 3017 Ἐν
2667 2964 2841 3034 θλίψει
2872 2965 3046 3036 μικρᾷ
3067 2966 3101 3035 ἡ
3127 2964 3343 3018 παιδεία
3371 2981 3467 3021 σου
3499 2966 3651 3034 ἡμῖν,
3680 2982 3700 3016 ι
3738 2963 3894 3017 τοῦτό

2311 3056 2426 3109 ἐστι
2465 3056 2527 3110 τὸ
2575 3056 2848 3127 ῥάπισμα.
2903 3057 3015 3111 Καὶ
3072 3058 3274 3112 πάλιν*
3329 3076 3348 3108 ι
3379 3057 3672 3110 Παίδευσον
3722 3058 3892 3127 ἡμᾶς,

2312 3148 2506 3217 Κύριε,
2535 3148 2674 3218 πλὴν
2705 3150 2763 3201 ἐν
2791 3148 2990 3218 κρίσει,
3023 3149 3120 3204 καὶ
3152 3150 3227 3220 μὴ
3254 3149 3312 3203 ὲν
3347 3148 3524 3219 θυμῷ,
3561 3150 3649 3202 ἵνα
3681 3148 3758 3218 μὴ
3788 3148 3894 3201 ὀλί-

2314 3255 2442 3305 γους
2470 3240 2616 3309 ἡμᾶς
2642 3240 2893 3309 ποιήσῃς.
2926 3258 2946 3292 s
2976 3240 3053 3293 Ού
3080 3240 3190 3310 γὰρ
3222 3239 3285 3295 τὸ
3313 3239 3663 3294 παιδεύεσθαι
3692 3242 3811 3303 τοῖς
3836 3234 3894 3293 εὖ

2314 3328 2568 3400 φρονοῦσι
2617 3330 2835 3399 πικρόν.
2887 3331 2962 3383 Τὸ
3016 3330 3074 3384 δὲ
3124 3331 3183 3383 ὲν
3223 3330 3359 3402 ὀργῇ
3405 3330 3769 3395 κολάζεσθαι,
3808 3332 3897 3383 καὶ

640 3430 820 3500 puniri
854 3438 909 3483 et
948 3427 1226 3490 horribile,
1260 3434 1315 3480 et
1364 3422 1722 3489 intolerabile,
1762 3423 1870 3475 imo
1899 3419 2049 3475 exitii
2092 3417 2205 3485 ple-

2313 3420 2501 3484 δεινὸν,
2543 3422 2638 3475 καὶ
2680 3420 2958 3476 δύσοιστον
2984 3439 2996 3450 '
3060 3421 3263 3492 μᾶλλον
3313 3422 3371 3476 δὲ
3422 3425 3517 3477 καί.
3566 3422 3796 3492 ὀλέθρου
3841 3423 3896 3476 τὸ

642 3535 771 3574 num
800 3528 904 3573 est.

714 3608 877 3664 Vsus.
918 3605 972 3670 5,
1002 3604 1055 3660 6.
1094 3603 1372 3657 Habitavit
1402 3586 1662 3670 ‘Epltraim
1688 3603 1743 3655 in
1768 3598 2025 3669 ﬁgypto,
2048 3608 2097 3651 et
2119 3597 2217 3649 As-

641 3716 737 3753 sur
768 3714 858 3752 rex
892 3697 1052 3763 ejus;
1084 3697 1209 3765 quia
1242 3711 1345 3748 non
1378 3693 1538 3747 voluit
1564 3692 1812 3752 converti,
1841 3698 1890 3744 et
1918 3688 2215 3756 inﬁrmatus

642 3801 719 3845 est
753 3789 964 3859 gladius
997 3789 1050 3840 in
1090 3786 1387 3839 civitatibus
1416 3784 1553 3854 ejus,
1585 3793 1631 3836 et
1665 3781 1911 3851 requievit
1953 3781 2007 3833 in
2045 3779 2218 3832 maui-

644 3882 749 3937 bus
777 3880 943 3935 illius.
974 3878 1039 3932 Et
1072 3877 1341 3932 comedent
1366 3877 1429 3928 de
1458 3873 1881 3944 cogitationibus.

716 4057 997 4114 CXXVIII.
1034 4057 1185 4123 Quod
1224 4055 1435 4125 seiungi
1466 4069 1496 4107 a
1550 4052 1681 4118 Deo,
1714 4051 1975 4107 cli'renato
2017 4052 2219 4119 impetu

647 4149 717 4204 ad
750 4147 886 4202 mala
928 4146 1178 4201 facienda
1211 4145 1543 4213 praecipites,
1576 4153 1630 4197 et
1670 4142 1986 4198 rebellando
2017 4142 2217 4196 insole-

649 4255 807 4295 scere
836 4238 1238 4310 qnodauunodo
1272 4240 1534 4291 adversus
1564 4249 1709 4302 eum,
1740 4235 1989 4304 quamvis
2017 4234 2085 4288 ad
2129 4248 2216 4287 sn-

647 4329 812 4386 lutein
846 4331 1186 4394 invitantem,
1216 4328 1283 4382 ad
1312 4338 1613 4383 extremam
1658 4327 2016 4396 undequaque
2056 4325 2220 4379 misc-

651 4422 788 4476 riatn
832 4437 930 4475 nos
960 4420 1212 4486 deducat,
1244 4419 1434 4474 beatus
1471 4432 1689 4488 quoque
1740 4416 1937 4472 Paulus
1965 4418 2220 4489 Ostendit,

650 4529 775 4570 cum
807 4514 931 4568 ait:
979 4532 998 4565 ι
1044 4512 1253 4576 Videte,
1300 4512 1539 4577 fratres,
1592 4525 1658 4565 ne
1704 4512 1964 4566 recusetis
2000 4509 2225 4579 loquen-

645 4618 785 4663 tem.
825 4624 844 4656 ι
882 4605 1240 4660 Nihilominus
1284 4612 1339 4658 et
1371 4618 1438 4657 ex
1469 4602 1757 4673 propositis
1786 4602 1963 4657 verbis
1992 4601 2042 4655 id
2073 4610 2226 4683 pate-

642 4702 751 4757 bit.
792 4698 1004 4753 Relicta
1038 4698 1181 4751 enim
1225 4696 1400 4767 patria
1442 4695 1632 4750 tellure
1664 4709 1783 4760 sua,
1832 4693 2227 4747 aarunmosissi-

2320 3514 2510 3584 χρῆμα
2550 3514 2766 3583 μεστόν.

2388 3603 2746 3673 Κατῴκησεν
2790 3604 3033 3675 Ἐφραῒμ
3072 3604 3144 3659 ἐν
3164 3606 3461 3676 Αἰγύπτῳ,
3505 3606 3606 3660 καὶ
3648 3606 3897 3673 ’Δσσοὺρ

2317 3696 2501 3761 αὐτὸς
2545 3697 2844 3764 ,βασιλεὺς
2887 3696 3095 3764 αὐτοῦ,
3148 3698 3238 3751 ὅτι
3276 3700 3388 3755 οὐκ
3435 3696 3729 3766 ἐθέλησεν
3784 3698 3902 3752 ἐπι-

2320 3789 2600 3858 στρέψαι,
2626 3790 2727 3844 καί
2748 3790 3098 3859 ἠσθένησεν
3140 3791 3211 3844 ἐν
3244 3791 3514 3860 ῥομφαίᾳ
3540 3790 3613 3843 ἐν
3641 3789 3775 3856 ταῖς
3799 3788 3900 3843 πό-

2310 3884 2497 3939 ..ιεσιν
2545 3882 2753 3936 αὐτοῦ.
2818 3882 2917 3936 καὶ
2962 3881 3346 3937 κατέπαυσεν
3389 3881 3460 3935 ἐν
3504 3881 3634 3947 ταῖς
3696 3881 3905 3951 χερσὶν

2320 3972 2528 4026 αὐτοῦ.
2562 3973 2671 4027 Kal
2694 3971 2979 4042 φάγονται
3000 3974 3069 4026 ἐκ
3093 3972 3211 4027 τῶν
3242 3972 3602 4028 διαϐουλίων
3620 3972 3842 4030 αὐτῶν.

2392 4066 2573 4120 ΡΚΗ⁸.
2624 4065 2706 4118 ὅτι
2751 4064 2928 4133 πάντη
2978 4081 3037 4118 τε
3089 4065 3184 4117 καὶ
3224 4064 3445 4127 πάντως
3488 4065 3569 4127 εἰς
3608 4063 3764 4134 λῆξιν
3813 4065 3905 4134 τὴν

2324 4156 2584 4211 ἀνωτάτω
2611 4154 2813 4218 παντὸς
2846 4156 2994 4225 ἡμᾶς
3023 4155 3289 4225 ἀποφέρει
3319 4154 3490 4208 κακοῦ
3528 4154 3588 4209 τὸ
3615 4155 3905 4223 ἀπονοσφί-

2323 4244 2513 4309 ζεσθαι
2570 4242 2726 4308 Θεοῦ,
2782 4244 3194 4308 διανενευκὸτας
3246 4245 3491 4315 ἀσχέτως
3539 4246 3636 4300 ἐπὶ
3680 4246 3742 4299 τὸ
3781 4246 3905 4317 δρᾷν

2325 4336 2539 4389 ἑλέσθαι
2568 4334 2637 4388 τὰ
2665 4334 2896 4405 πονηρὰ,
2934 4337 3028 4388 καὶ
3059 4338 3179 4399 ταῖς
3200 4335 3504 4399 ἀπειθείαις
3536 4336 3906 4408 περιυϐρίζειν

2326 4424 2523 4495 τρόπον
2556 4423 2695 4487 τινὰ,
2723 4424 2899 4477 καίτοι
2935 4425 3201 4479 καλοῦντα
3233 4426 3370 4496 πρὸς
3400 4426 3677 4498 σωτηρίαν
3729 4426 3902 4492 αὐτὸν,

2330 4518 2583 4588 σαφηνιεῖ
2606 4515 2707 4587 μὲν
2734 4516 2908 4585 λέγων
2938 4518 3034 4571 καί⁵
3063 4520 3091 4571 ὁ
3126 4521 3398 4591 μακάριος
3439 4519 3653 4583 Παῦλος
3675 4536 3689 4549 ·
3736 4540 3754 4571 ι
3785 4520 3905 4573 Βλέ-

2308 4624 2482 4679 πετε,
2524 4608 2765 4677 ἀδελφοὶ,
2836 4608 2913 4679 μὴ
2967 4610 3377 4681 παραιτήσησθε
3426 4611 3517 4666 τὸν
3573 4611 3898 4667 καλοῦντα.»

2332 4699 2494 4753 Οὐδὲν
2523 4699 2577 4753 δὲ
2606 4696 2767 4772 ἦττον
2795 4703 2889 4756 καὶ
2922 4702 3008 4755 διὰ
3030 4703 3138 4757 τῶν
3169 4705 3545 4776 προκειμένων
3592 4707 3726 4776 ἡμῖν
3756 4706 3902 4759 ἔσται

645 4807 775 4847 mus
798 4791 1055 4858 Ephraim
1085 4788 1378 4860 Egyptum
1406 4802 1504 4856 pro
1536 4786 1711 4855 patria
1741 4784 1951 4848 habuit,
1980 4784 2106 4836 dum
2137 4797 2214 4836 ca-

2331 4792 2662 4859 καταφανές.
2715 4794 3137 4859 Καταλελοιπὼς
3169 4796 3298 4868 γὰρ,
3344 4799 3497 4869 φησὶ,
3524 4798 3624 4869 τὴν
3656 4795 3904 4866 ἐνεγκοῦ-

653 4884 923 4937 Iamitates
969 4880 1189 4936 bellicas
1231 4880 1445 4934 metuit.
1493 4878 1788 4948 Subjectus
1819 4887 1903 4933 est
1948 4877 2077 4931 item
2121 4876 2225 4947 ipsi

652 4974 846 5038 Assur,
874 4983 931 5027 et
960 4972 1245 5043 peregrino
1266 4982 1484 5040 sceptro
1516 4971 1781 5026 cervicem
1810 4968 2131 5038 supposuit;
2162 4981 2228 5021 eo

654 5081 893 5137 namque
928 5064 1255 5119 calamitatis
1305 5063 1543 5117 devenit.
1586 5060 1818 5116 Causam
1857 5060 1900 5113 si
1926 5060 2048 5128 quis
2076 5073 2226 5128 qum-

657 5169 767 5221 rat,
800 5157 866 5209 ab
932 5171 997 5211 eo
1037 5155 1218 5209 audiet
1256 5153 1348 5225 qui
1390 5154 1538 5208 novit
1565 5153 1747 5207 onmia
1778 5169 1791 5204 :
1824 5168 1844 5202 ι
1885 5150 2020 5216 Quia
2060 5148 2233 5204 uoluit

648 5248 922 5302 converti.
962 5266 982 5300 ›
1026 5245 1101 5301 Ει
1151 5258 1341 5316 captus
1380 5254 1463 5301 est
1511 5244 1726 5307 deinde,
1775 5252 1831 5297 et
1867 5242 2116 5299 subditus
2148 5241 2230 5296 la-

659 5348 778 5393 ctus
830 5348 916 5393 est
964 5338 1216 5394 osorihus
1268 5338 1406 5394 suis.
1452 5354 1470 5387 ι
1515 5335 1827 5390 Inlirmatus
1871 5344 1957 5389 est
1999 5348 2233 5404 namque

658 5431 876 5501 gladius
925 5431 979 5483 in
1027 5430 1252 5484 urbibus
1292 5427 1430 5496 ejus,
1468 5438 1521 5481 et
1577 5427 1841 5495 requievit
1885 5426 1938 5480 in
1986 5426 2234 5480 manibus

660 5526 805 5595 ejus.
835 5541 853 5574 ι
878 5521 996 5577 IIoc
1024 5530 1127 5585 cst,
1162 5521 1215 5573 in
1246 5520 1393 5574 nulla
1420 5518 1630 5573 urbium
1662 5516 1919 5587 prraim
1949 5517 2232 5587 quisquam

655 5628 855 5685 pugnae
900 5611 1103 5679 sciens,
1137 5619 1191 5668 et
1224 5610 1315 5681 qui
1356 5617 1544 5680 posset
1592 5622 1813 5665 versare
1852 5608 2111 5679 gladium,
2147 5609 2234 5664 in.

2334 4897 2434 4933 σαν
2458 4882 2619 4934 αὑτὸν
2646 4884 2675 4935 ὁ
2698 4884 3098 4957 παμμόχθηρος
3143 4886 3383 4957 Ἐφραῒμ
3416 4888 3539 4959 γῆν,
3565 4886 3757 4961 ὥσπερ
3781 4888 3904 4943 ἰδίαν

2332 4970 2430 5041 τὴν
2459 4971 2769 5038 Αἰγυπτίων
2787 4975 3102 5045 ἐποιήσατο,
3131 4974 3231 5039 τὰς
3251 4977 3317 5028 ὲκ
3344 4975 3437 5028 τοῦ
3464 4975 3702 5047 πολέμου
3730 4975 3907 5038 δεδιὼς

2308 5134 2309 5137 η
2336 5064 2640 5135 συμφοράς.
2676 5065 2869 5133 Γέγονε
2904 5066 2960 5118 δὲ
2988 5067 3081 5118 καὶ
3109 5067 3201 5119 ὑπ’
3233 5067 3395 5133 αὐτὸν
3417 5067 3508 5121 τὸν
3543 5069 3796 5141 ’Λσσοὺρ,
3823 5069 3907 5122 καὶ

2310 5152 2564 5226 ,ὀθνείοις
2594 5156 2893 5228 σκήπτροις
2940 5156 3214 5227 ύπήνεγκε
3238 5158 3329 5211 τὸν
3361 5157 3582 5229 αὐχένα·
3617 5156 3907 5213 κατωλισθε

2337 5244 2446 5315 γάρ
2476 5246 2555 5309 εἰς
2577 5244 2736 5299 τοῦτο
2760 5246 3152 5318 ταλαιπωρίας.
3216 5249 3336 5303 Κᾶν
3387 5250 3440 5301 εῐ
3473 5266 3556 5312 τις
3601 5249 3782 5321 ἔροιτο
3821 5250 3909 5320 τὴν

2340 5337 2538 5401 αἰτίαν,
2587 5338 2878 5392 ἀκούσεται
2921 5339 3171 5407 λέγοντος
3224 5341 3315 5394 τοῦ
3358 5340 3427 5395 τὰ
3478 5344 3655 5395 πάντα
3696 5342 3906 5404 εδδότος*

2348 5447 2365 5478 ι
2397 5428 2518 5481 Ὀτι
2546 5428 2648 5483 οὐκ
2667 5429 2933 5499 ἠθέλησεν
2955 5431 3301 5504 ἐπιπρέψαι.
3328 5452 3347 5485 ›
3386 5434 3658 5506 Ταύτῃτοι
3688 5436 3785 5488 καὶ
3808 5436 3911 5505 ἥλω

2341 5518 2546 5585 λοιπὸν,
2597 5520 2690 5573 καὶ
2753 5520 2857 5573 ὑπὸ
2902 5524 3059 5595 χεῖρα
3108 5524 3295 5591 γέγονε
3348 5524 3455 5577 τῶν
3515 5526 3905 5596 μεμισηκότων.

2350 5632 2368 5663 ι
2391 5612 2683 5684 Ἠσθὲνησε
2712 5613 2819 5686 γὰρ
2842 5616 2899 5669 ὲν
2929 5619 3051 5681 ταῖς
3078 5616 3293 5670 πόλεσιν
3332 5614 3497 5671 αὑτοῦ
3534 5618 3801 5689 ῥομφαία,
3828 5614 3910 5670 καὶ

728 5790 779 5821 ³⁸
806 5790 961 5847 Prov.
1002 5807 1080 5856 ut,
1116 5789 1199 5844 12.
1274 5788 1451 5845 "Jcr.
1492 5805 1617 5853 axx,
1654 5785 1733 5842 Ii.
1814 5788 1856 5819 ’⁸
1882 5787 1988 5843 .ler.
2029 5803 2170 5850 λιι-ι,
2198 5786 2321 5841 98.⁵

798 6051 829 6064 δ’
