4068 6572
186 438 297 493 269

1121 429 1671 488 COMMENTARIUS
1708 428 1775 484 IN
1814 424 2047 486 OSEAM
2086 420 2530 483 PROPHETAM.

3351 423 3458 487 270

187 553 540 610 κατέπαυσεν
583 548 642 604 ἑν
682 551 803 614 ταῖς
842 549 1031 623 χερσὶν
1073 552 1259 606 αὐτοῦ.
1288 572 1309 603 ι
1359 553 1676 617 Ἰόυτέστιν,
1720 552 1777 604 ἑν

1899 554 2076 601 tentus
2099 554 2199 598 est.
2244 541 2506 597 Remissa:
2548 539 2694 595 enim
2748 547 2802 594 et
2837 539 2980 595 velut
3009 538 3287 596 dissolutae
3326 550 3459 597 sunt

187 646 421 717 οὐδεμᾴ
443 644 595 698 πόλει
620 641 717 697 τοῦ
739 641 976 714 Ἐφραῖμ
1002 641 1342 713 ηῦρηταίιτις,
1365 644 1523 713 ἀνὴρ,
1555 646 1583 696 ὀ
1609 642 1778 707 δεινὸς

187 739 270 800 si;
305 737 509 808 μάχην,
545 735 641 789 καὶ⁸
679 733 923 805 ῥομφαίᾳ
954 734 1187 805 χρῆσθαι
1217 734 1530 805 δυνάμενος.
1576 734 1780 804 Παρεί-

186 830 377 899 θησαν
413 828 545 899 γὰρ,
589 827 686 882 καὶ
731 821 847 880 οἷον
889 826 1156 896 ἐλύθησαν
1189 826 1297 880 τῶν
1324 826 1579 897 κατέχειν
1605 826 1781 897 αὐτὴν

188 918 464 973 εἰωθότων
503 919 559 971 αἱ
596 920 797 989 χεῖρες.
853 916 1071 989 Ἐπειδὴ
1099 917 1156 970 δὲ
1183 917 1397 989 πονηρά
1418 918 1541 972 καθ’
1572 917 1781 972 ἑαυτῶν

190 1010 290 1063 καὶ
327 1010 725 1081 πεφρονήκασι,
756 1010 851 1063 καὶ
870 1007 1181 1080 δεδράκασι,
1206 1009 1303 1079 τῆς
1318 1010 1528 1063 ἑαυτῶν
1555 1010 1781 1064 δυσϐου-

189 1100 314 1164 λίας
340 1101 550 1155 ἔδονται
581 1102 710 1163 τούς
732 1099 999 1171 καρπούς.

269 1193 475 1263 Πικρὸν
531 1187 626 1245 οὖν
673 1192 783 1264 ἄρα
828 1192 889 1245 τὺ
946 1192 1241 1263 ἀτιμάζειν
1290 1193 1606 1267 ἀποτολμᾷν
1657 1197 1777 1260 ταῖς

192 1285 505 1348 ἀπειθείαις
552 1285 641 1337 τὸν
697 1284 961 1350 σώζοντα,
1014 1284 1115 1339 κᾶν
1156 1288 1206 1340 εἰ
1248 1287 1536 1357 προκέοιτό
1571 1305 1678 1343 τινι
1720 1289 1784 1343 τὸ

192 1377 479 1444 διαφυγεῖν
511 1373 767 1426 δύνασθαι
806 1373 1185 1444 πλημμελείας
1225 1374 1284 1439 ἑξ
1321 1374 1657 1444 ἡμερότητος
1682 1374 1783 1445 τῆς

194 1467 353 1537 παρά
384 1465 542 1528 Θεοῦ,
575 1466 636 1518 τὸ
664 1465 928 1536 ῥᾳθυμεῖν
957 1465 1056 1518 οὐκ
1082 1462 1337 1535 ἀζήμιον.
1366 1464 1784 1534 Κατοικήσομεν

195 1557 308 1628 γὰρ
346 1560 403 1610 ἑν
432 1556 691 1627 Αἰγύπτῳ
717 1595 734 1620 ,
768 1555 1065 1618 τουτέστιν,
1111 1556 1307 1622 ἑξοικοί
1352 1572 1411 1609 τε
1449 1556 1545 1608 καὶ
1587 1556 1783 1626 ἀλῆται

194 1651 445 1721 πάντητε
488 1648 578 1703 καὶ
610 1648 825 1711 πάντως
863 1647 1119 1719 ἐσόμεθα,
1156 1648 1251 1701 καὶ
1275 1649 1395 1718 οὐχὶ
1421 1648 1525 1718 γῆν
1554 1649 1784 1715 ἀφέντες

194 1744 298 1814 τὴν
328 1741 617 1813 αἰσθητὴν,
644 1742 739 1795 καὶ
769 1743 848 1804 είς
885 1741 1077 1812 ἑτέραν
1126 1742 1599 1812 μετανιστάμενοι,
1647 1741 1786 1795 ἀλλὰ

193 1818 313 1888 τὸνΔ
337 1834 450 1887 τῶν
497 1833 668 1902 ἁγίων
718 1832 942 1905 κλῆρον.
996 1832 1265 1902 Ἐσόμεθα
1305 1832 1365 1885 δὲ
1405 1833 1497 1886 καὶ
1551 1832 1655 1886 ὐπὸ
1691 1832 1784 1885 τὸν

1890 651 2085 690 manus
2135 647 2326 689 eorum
2376 632 2468 700 qui
2503 630 2843 700 ipsamtueri
2870 639 3278 686 consueverant.
3308 630 3429 698 Quo

1885 733 2030 786 niam
2067 742 2195 784 vero
2224 726 2363 781 mala
2389 734 2583 780 contra
2617 723 2942 793 semetipsos
2969 733 3025 776 et
3051 722 3460 793 cogitarunt,et

1884 823 2153 886 fecerunt,
2214 819 2425 875 fructus
2492 815 2787 870 infelicium
2839 814 3194 871 consiliorum
3233 827 3458 870 suorum

1883 911 2190 971 comedent.

1952 1197 2225 1253 Acerbum
2274 1205 2361 1251 est
2407 1195 2572 1273 igitur
2622 1208 2718 1263 per
2768 1190 3195 1248 inobedientiam
3256 1191 3457 1259 saepius

1883 1291 2087 1346 audere
2118 1289 2396 1361 despicere
2426 1287 2810 1351 Servatorem;
2848 1298 2948 1341 nec
2976 1284 3021 1339 si
3052 1283 3254 1354 quibus
3287 1282 3463 1337 iaculo

1886 1395 1967 1439 tas
2010 1392 2229 1453 peccata
2270 1381 2507 1451 fugiendi
2531 1395 2597 1436 ex
2626 1379 2809 1434 divina
2846 1377 3070 1433 lenitate
3096 1386 3462 1448 proponatur,

1884 1477 2080 1532 inertia
2122 1486 2305 1529 manet
2357 1472 2642 1542 impunita.
2687 1472 2841 1543 161
2894 1468 3275 1526 Habitabimus
3316 1468 3464 1525 enim

1885 1568 1938 1622 in
1968 1566 2226 1639 Egypto,
2260 1566 2364 1620 hoc
2391 1575 2496 1630 est,
2530 1563 2745 1619 exsules
2771 1572 2828 1619 et
2855 1577 3080 1619 errones
3100 1562 3329 1627 erimus,
3358 1574 3465 1615 non

1883 1659 1959 1714 ita
1996 1670 2056 1714 ut
2090 1669 2294 1714 terram
2339 1657 2591 1713 sensibus
2620 1654 2922 1726 expositam
2964 1652 3383 1723 reliquerimus,
3409 1657 3468 1705 et

1886 1750 1939 1804 in
1977 1749 2142 1803 aliam
2174 1745 2736 1819 commigraverimus,
2769 1745 2866 1800 sed
2901 1750 2961 1797 ut
2997 1750 3311 1799 sanctorum
3341 1752 3469 1794 sor-

1894 1853 2002 1897 tem
2049 1840 2419 1895 amiserimus.
2469 1836 2685 1892 Erimus
2726 1844 2991 1907 praeterea
3042 1833 3145 1890 sub
3190 1838 3465 1902 potestate

207 1925 468 1996 ’Δσσούρ,
517 1924 608 1977 τὸν
646 1924 882 1994 ἄρχοντα
918 1922 1160 1994 δηλονότι
1206 1922 1301 1977 τοῦ
1337 1924 1531 1987 αἰῶνος
1572 1924 1787 1990 τούτου,

1899 1936 2084 1999 Assur,
2127 1935 2229 1989 sub
2260 1930 2527 2002 principe,
2557 1932 2800 2001 inquam,
2840 1928 3004 1998 hujus
3036 1926 3220 1982 mundi
3250 1927 3319 1978 ".
3359 1924 3464 1995 Ipsi

195 2016 285 2068 ἐπ’
319 2014 469 2086 αὐτῷ
502 2031 562 2067 τε
594 2013 888 2082 κεισόμεθα
927 2013 1102 2067 δοῦλοι
1148 2015 1244 2069 καὶ
1299 2014 1656 2085 αἰχμάλωτοι,
1691 2015 1787 2067 καὶ

195 2109 312 2170 τοῖς
328 2106 495 2160 αὐτοῦ
513 2106 640 2176 θελή
648 2123 814 2176 μασιν
837 2106 1262 2173 ὑποκύπτοντες,
1280 2107 1368 2161 διά
1386 2125 1467 2163 τοι
1480 2107 1542 2162 τὸ
1560 2108 1788 2179 ἀσθενῆ-

199 2217 315 2265 σαι,
368 2199 462 2253 καὶ
511 2198 861 2253 καταπαῦσαι
901 2199 1032 2271 παρ’
1073 2201 1204 2272 ἡμῖν
1236 2198 1336 2273 τὴν
1367 2202 1663 2271 ῥομφαίαν.
1710 2203 1785 2256 Οὐ

197 2292 315 2363 γὰρ
346 2292 513 2355 ἑστιν,
536 2291 637 2345 οὐκ
670 2290 784 2344 ἔστι
812 2294 925 2354 τοῖς
948 2292 1429 2363 φιλαμαρτήμοσιν
1458 2294 1597 2347 ἑλεῖν
1627 2293 1788 2348 δῦνα-

200 2384 334 2437 σθαι
374 2383 473 2455 τὴν
513 2382 816 2436 πανοπλίαν
850 2382 945 2436 τοῦ
989 2381 1149 2448 Θεοῦ,
1187 2383 1340 2437 «Καὶ
1381 2383 1482 2455 τὴν
1513 2383 1791 2457 μάχαιραν

199 2475 298 2529 τοῦ
338 2474 678 2545 πνεύματος,
723 2474 753 2527 ὃ
787 2474 904 2526 ἑστι
940 2476 1094 2546 ῥῆμα
1139 2473 1295 2529 Θεοῦ.
1323 2496 1343 2527 ι
1391 2476 1682 2547 Μάχαιραν
1733 2477 1791 2530 δὲ

201 2569 443 2640 νοήσεις,
479 2568 576 2621 καὶ
614 2567 715 2637 τῆς
754 2567 991 2631 διανοίας
1019 2566 1176 2638 ήμῶν
1205 2567 1367 2621 οἱονεὶ
1399 2569 1499 2639 τὴν
1540 2586 1791 2639 μαχιμω-

201 2661 379 2730 τάτην
411 2677 471 2712 τε
506 2659 601 2713 καὶ
651 2658 1056 2729 φιλοθεωτὰτην
1093 2658 1331 2731 κίνησιν,
1375 2660 1442 2731 ἢν
1484 2663 1597 2724 τοῖς
1620 2660 1791 2713 πάθε-

205 2771 292 2807 σιν
314 2751 725 2819 ἀντεξάγοντες,
747 2751 840 2805 καὶ
860 2753 971 2814 τοῖς
995 2750 1319 2814 διαϐολικοῖς
1341 2753 1791 2824 κακουργήμασιν

202 2844 645 2906 ἁντιτάττοντες,
699 2842 799 2915 τὴν
843 2843 1038 2913 εὐσεθῆ
1090 2843 1184 2896 καὶ
1228 2841 1530 2913 ἀμώμητον
1572 2843 1792 2896 διατάτ-

201 2954 377 3009 τομεν
414 2935 624 3007 τρίὸον,
675 2935 769 2989 καὶ
819 2933 921 3002 τῆς
963 2933 1322 3004 εὐαγγελικῆς
1358 2933 1633 2999 πολιτείας
1676 2938 1793 2999 ταῖς

204 3028 423 3084 ἑαυτῶν
447 3026 716 3097 κεφαλαῖς
754 3026 1067 3097 ἀνάπτομεν
1099 3024 1167 3079 τὰ
1184 3025 1498 3097 αὐχήματα.

278 3120 399 3173 Καὶ
426 3122 460 3173 ὀ
483 3118 636 3185 λαὸς
657 3117 847 3172 αὐτοῦ
874 3116 1347 3187 ἐπικρεμάμενος
1374 3116 1442 3170 ἐκ
1466 3115 1577 3184 τῆς
1601 3133 1791 3171 scatet-

202 3212 351 3277 χίας
379 3208 584 3264 αὐτοῦ.
603 3209 717 3264 Καὶ
741 3208 881 3276 Θεὸς
902 3208 1001 3262 ἐπὶ
1026 3208 1101 3262 τὰ
1128 3210 1287 3279 τίμια
1308 3208 1496 3263 αὐτοῦ
1525 3209 1793 3279 augmen-

202 3319 406 3367 σεται,
435 3301 622 3356 καὶού
650 3300 735 3370 μὴ
760 3299 978 3370 ὑψώσῃ
1011 3302 1218 3355 αὐτόν.

277 3391 463 3445 PKG'.
512 3391 930 3462 Δυσὲκφραστος
968 3390 1165 3463 κομιδῇ
1213 3392 1321 3445 τῶν
1357 3389 1735 3463 προκειμένων
1768 3392 1797 3443 ὁ

206 3484 362 3552 νοῦς,
387 3484 483 3538 καὶ
516 3485 748 3554 τραχεῖα
769 3483 877 3537 τῶν
903 3482 1101 3549 λέξεων
1128 3485 1161 3554 ἡ
1186 3482 1449 3556 συνθήκη,
1471 3485 1565 3538 καὶ
1596 3482 1798 3554 πολλῆς

204 3578 275 3630 ἂν
306 3578 488 3631 δέοιτο
514 3576 837 3648 σαφηνείας,
859 3579 973 3640 τοῖς
1012 3576 1259 3630 ἐθέλουσι
1292 3579 1455 3631 νοεῖν.
1484 3578 1643 3631 Ἐστι
1680 3577 1739 3631 δὲ
1769 3576 1798 3629 ὃ

208 3669 467 3739 βούλεται
505 3669 700 3739 δηλοῦν
745 3669 822 3732 ὡς
862 3670 919 3721 ἑν
957 3668 1142 3737 ὀλίγῳ,
1194 3667 1453 3723 τοιοῦτον.
1500 3667 1796 3739 Ἀπῲχετο,

208 3763 408 3833 φησὶν,
432 3763 462 3814 ὁ
502 3760 743 3832 Ἐφραῖμ
772 3762 852 3825 είς
875 3763 1229 3831 Αίγυπτίους,
1261 3762 1453 3832 γέγονε
1484 3760 1542 3814 δὲ
1571 3762 1665 3814 καὶ
1693 3761 1800 3815 ὑπὸ

208 3854 467 3925 βασιλέα,
496 3854 587 3906 τὸν
628 3853 883 3924 Ἀσσούρ.
920 3852 1075 3919 Εἶτα,
1107 3855 1297 3922 ὥσπερ
1330 3856 1477 3917 τινὸς
1529 3853 1798 3907 πυνθανο-

211 3946 387 4016 μένου
425 3962 486 3998 τε
521 3946 613 3999 καὶ
646 3946 920 4014 λέγοντος,
965 3945 1108 4000 Ἀνθ’
1137 3948 1282 4012 ὅτου,
1316 3949 1411 4001 καὶ
1442 3947 1565 4001 τίνα
1599 3946 1800 4019 τρόπον

212 4036 642 4109 συγκεχώρηται
666 4038 882 4103 παθεῖν,
915 4038 1082 4109 ἣπῶς
1109 4040 1428 4110 ἀλλοφύλοις
1455 4041 1801 4100 δεδούλευκεν

207 4131 238 4181 ὁ
273 4128 533 4199 ’ῐσραήλ;
560 4128 773 4199 τίθησιν
797 4129 998 4201 ἑφεξῆς
1021 4131 1120 4196 τὰς
1150 4132 1466 4202 ἀπολογίας,
1490 4136 1582 4188 καί
1613 4153 1798 4206 φησιν,

209 4219 440 4290 πρῶτον
503 4221 635 4290 μὲν,
686 4240 705 4272 ι
732 4221 854 4274 Ὅτι
916 4223 1018 4275 οὐκ
1079 4222 1335 4294 ηθέλησεν
1405 4227 1748 4298 ἐπιστρέψαι.
1778 4246 1796 4279 ι

209 4311 594 4385 Προκειμένης
623 4312 733 4385 γὰρ
766 4314 1124 4387 ἡμερότητος,
1159 4318 1293 4388 ἥλω,
1335 4319 1490 4390 φησὶ,
1533 4322 1626 4376 καὶ
1667 4323 1803 4394 πρὸς

208 4402 380 4456 τοῦτο
427 4402 668 4474 ῥᾴθυμος
699 4405 795 4458 καὶ
831 4405 1080 4476 ἀπειθής.
1114 4403 1269 4473 Εἶτα,
1298 4409 1382 4462 ὅτι
1429 4428 1447 4459 ι
1499 4411 1609 4463 Καὶ
1642 4411 1805 4481 ἡσθέ-

212 4509 357 4563 νησε
393 4493 637 4565 ῥομφαία
665 4494 722 4546 ἑν
758 4495 880 4556 ταῖς
919 4493 1137 4546 πόλεσιν
1165 4493 1351 4567 αὐτοῦ.
1386 4514 1405 4547 ι
1446 4496 1518 4550 Οὐ
1563 4497 1672 4568 γὰρ
1712 4492 1801 4568 ἧν,

209 4584 289 4647 ὡς
319 4583 485 4655 ἔφην,
524 4585 553 4636 ὁ
586 4586 699 4648 τοῖς
746 4584 1054 4657 ⁹Λσςςυρίοις
1102 4586 1596 4658 ἀντανιστάμενος,
1638 4588 1670 4659 ἦ
1709 4590 1804 4642 καὶ
1838 4618 1845 4627 -

210 4676 504 4707 -.’.RA.“..A.
532 4676 600 4707 -3.
626 4677 861 4707 ρηςιραυλ.
933 4677 1068 4707 9..-:
1115 4677 1174 4707 -λ
1208 4678 1446 4707 ...ἔ-...ηιηι
1502 4679 1779 4707 _......\.'.-..
1832 4649 1880 4707 Β

208 4676 504 4746 εὐδόκιμος
532 4676 602 4730 τὰ
626 4677 885 4739 τακτικὰ,
933 4677 1069 4730 Θεοῦ
1115 4677 1175 4731 τὸ
1206 4678 1446 4749 μάχιμον
1501 4679 1806 4751 παραλύον-

210 4782 330 4829 τος,
363 4765 458 4818 καὶ
486 4765 656 4837 δειλίᾳ
691 4782 796 4818 που
854 4766 996 4836 τάχα
1038 4768 1525 4837 προκατασείοντος
1573 4769 1667 4822 καὶ
1712 4768 1804 4821 τὸν

210 4856 450 4927 εὐσθενῆ
479 4856 596 4909 λίαν
629 4858 685 4911 ἑν
714 4857 935 4927 μάχαις.
976 4858 1135 4911 Δίτία
1165 4858 1223 4911 δὲ
1266 4860 1358 4912 καὶ
1388 4858 1550 4931 ἑτέρα
1583 4859 1676 4913 τοῦ
1710 4878 1807 4913 πε-

212 4947 331 4999 σεῖν
373 4944 533 4997 αὐτὸν
562 4944 668 4997 ὐπὸ
710 4945 801 4998 τὸν
844 4946 1094 5017 Ἀσσούρ.
1140 4946 1275 5001 Ποία
1300 4947 1355 5000 δὲ
1392 4947 1564 5021 αῦτης
1611 4949 1671 5001 '0
1697 4947 1807 5020 γὰρ

209 5033 368 5096 λαὸς,
390 5034 687 5100 τουτέστιν,
709 5034 738 5086 ὁ
764 5032 1023 5106 Ἐφραῒμ,
1052 5036 1333 5107 μονονουχὶ
1354 5039 1443 5091 καὶ
1464 5038 1806 5109 ηὲξεκρέματο

210 5123 407 5189 αὐτοῦ,
468 5123 562 5176 τοῦ
623 5126 855 5197 Ἀσσοὺρ
901 5126 1164 5198 δηλονότι,
1224 5129 1318 5182 καὶ
1378 5130 1442 5182 ἑκ
1485 5130 1585 5200 τῆς
1635 5130 1803 5185 αὐτοῦ

210 5214 505 5276 κατοικίας
539 5215 797 5286 ἀπαίρειν
827 5215 1091 5287 ἠθέλησεν
1115 5219 1196 5280 είς
1220 5218 1319 5288 τὴν
1346 5219 1568 5290 Περσῶν
1604 5237 1661 5273 τε
1711 5222 1803 5276 καὶ

209 5304 442 5373 Μήδων.
482 5305 593 5357 Καὶ
619 5306 681 5359 οὐ
704 5306 879 5378 δήπου
907 5308 1106 5379 φαμὲν,
1134 5310 1218 5362 ὅτι
1242 5309 1399 5363 τοῦτο
1423 5311 1615 5366 παθεῖν
1641 5313 1803 5376 αὐτὸς

210 5396 280 5449 ἂν
308 5396 574 5467 ἠθέλησεν
600 5400 629 5450 δ
666 5398 930 5471 Ἐφραῒμ,
958 5399 1073 5454 ἀλλ’
1100 5402 1223 5455 ὅσον
1255 5398 1389 5476 ἧκεν
1433 5405 1512 5467 είς
1549 5405 1617 5459 τά
1654 5405 1804 5477 αὐτῷ

212 5488 757 5560 πεπλημμελημὲνα,
794 5494 1077 5564 μονονουχὶ
1126 5496 1219 5548 καὶ
1252 5496 1488 5569 ἐζήτησε
1521 5498 1712 5553 παθεῖν
1736 5499 1806 5553 τά

210 5577 364 5632 οῦτω
393 5579 566 5644 δεινὰ,
598 5582 759 5655 εἴπερ
798 5580 918 5648 ἐξὸν
952 5581 1234 5655 διαδράναι
1275 5587 1374 5657 τὴν
1410 5587 1600 5659 ὀργὴν,
1642 5607 1809 5661 μετα-

211 5671 411 5742 φοιτᾷν
443 5673 702 5744 ᾑρημένῳ
728 5674 863 5749 πρὸς
893 5675 963 5730 τὰ
1011 5677 1219 5746 ἀμείνω
1245 5680 1340 5733 καὶ
1365 5681 1807 5755 πρεπωδέστερα.

285 5853 337 5883 ⁸⁸
358 5851 514 5910 toan.
542 5869 638 5919 xu,
672 5853 762 5912 5i.
840 5855 885 5889 '°
912 5855 1108 5928 Ephes.
1140 5870 1216 5925 vi,
1260 5856 1347 5912 l7.

1889 2036 1946 2081 ut
1971 2025 2113 2081 servi
2145 2035 2201 2080 et
2224 2023 2447 2094 captivi,
2467 2031 2523 2078 et
2544 2022 2692 2077 dicto
2722 2021 3006 2077 audientes
3039 2017 3465 2090 subjacebimus,

1888 2120 2015 2189 quia
2046 2117 2356 2173 inﬁrmatus
2384 2115 2477 2181 sit,
2516 2125 2574 2170 et
2606 2115 2877 2183 quieverit
2904 2112 3045 2183 apud
3095 2126 3196 2168 nos
3232 2110 3465 2182 gladius.

1888 2208 2005 2264 Non
2034 2208 2178 2262 enim
2217 2214 2473 2277 possunt,
2510 2206 2753 2274 inquam,
2797 2203 3037 2273 peccatis
3082 2203 3248 2257 dediti
3283 2215 3468 2256 arma-

1892 2311 2069 2354 turam
2103 2296 2197 2351 Dei
2222 2309 2547 2365 capessere:
2585 2314 2604 2347 r
2644 2295 2711 2349 Et
2741 2295 2981 2365 gladium
3027 2295 3277 2364 spiritus,
3325 2294 3468 2363 quod

1890 2400 1976 2446 est
2010 2391 2232 2445 verbum
2262 2388 2357 2443 Dei
2393 2389 2459 2442 '°.
2502 2407 2521 2442 I
2550 2388 2803 2445 Gladium
2827 2395 3008 2443 autem
3041 2386 3316 2458 intelligas
3337 2386 3469 2442 licet

1894 2481 2062 2536 etiam
2098 2479 2263 2533 animi
2309 2479 2481 2535 nostri
2527 2478 2694 2534 veluti
2736 2478 2805 2534 ad
2854 2476 3201 2547 pugnandum
3241 2476 3468 2547 aptissi-

1893 2588 2060 2638 mam,
2107 2581 2165 2626 et
2214 2571 2304 2625 Dei
2340 2570 2771 2627 amantissimam
2818 2570 3136 2636 motionem,
3179 2568 3296 2624 sive
3340 2566 3473 2623 alie-

1894 2673 2069 2727 ctum,
2103 2676 2265 2731 quem
2298 2663 2506 2717 vitiosis
2547 2661 2789 2717 moribus
2811 2661 2962 2729 quasi
2999 2662 3051 2715 in
3082 2660 3270 2730 prrelio
3298 2674 3470 2730 oppo-

1896 2763 2112 2820 nentes,
2143 2763 2199 2809 et
2232 2762 2421 2809 contra
2461 2754 2759 2810 diabolicas
2791 2753 3068 2824 nequitias
3112 2752 3468 2817 instruentes,

1891 2842 2002 2913 jam
2033 2854 2089 2898 et
2111 2851 2265 2899 extra
2299 2843 2778 2914 reprehensionem
2815 2844 3068 2899 semitam
3095 2843 3394 2907 currimus,
3416 2853 3475 2899 et.

1895 2936 2223 3007 evangelicae
2248 2936 2371 2991 vitae
2430 2951 2752 3006 morumque
2779 2936 2947 2993 decus
2968 2936 3239 3005 capitibus
3269 2934 3474 2991 nosuis

1894 3026 2250 3095 acquirimus.
2816 3029 2825 3038 '

1970 3119 2133 3174 Vens.
2165 3119 2220 3173 7.
2254 3118 2320 3172 Et
2353 3118 2578 3189 populus
2608 3119 2673 3173 ab
2709 3134 2770 3173 eo
2807 3133 3089 3187 suspensus
3132 3133 3196 3172 ea:
3226 3115 3463 3171 incolatu

1900 3226 2017 3263 suo.
2054 3209 2119 3263 Et
2156 3209 2297 3265 Deus
2322 3226 2479 3280 super
2501 3213 2759 3264 honorata
2806 3210 2921 3280 ejus
2952 3210 3232 3273 irascetur,
3277 3218 3327 3263 et
3370 3224 3475 3263 non

1825 3287 1867 3345 (ἶ
1900 3302 2156 3357 exaltabit
2190 3320 2300 3357 eos.

1969 3390 2207 3450 CXXIX.
2234 3393 2578 3450 PerdilIicilis
2607 3393 2877 3464 explicato
2910 3403 2997 3451 est
3021 3396 3310 3452 verborum
3340 3394 3476 3451 isto-

1901 3500 2021 3539 rum
2055 3499 2271 3549 sensus,
2300 3492 2355 3539 et
2399 3500 2590 3555 aspera
2638 3485 2981 3554 compositio,
3029 3494 3085 3541 et
3128 3486 3295 3541 multa
3333 3485 3477 3540 iudi-

1900 3591 2035 3647 gens
2086 3574 2470 3641 illustratione,
2509 3586 2567 3631 ut
2602 3575 2957 3648 intelligatur.
2992 3577 3087 3633 Est
3121 3587 3302 3633 autem
3332 3578 3475 3648 quod

1903 3672 2096 3741 paucis
2131 3670 2380 3726 indicare
2406 3671 2542 3735 vult,
2578 3670 2912 3740 huiusmodi.
2936 3670 3086 3728 Abiit
3116 3671 3375 3742 prraim
3408 3671 3478 3727 ad

1901 3761 2210 3832 Egyptios,
2251 3760 2452 3830 inquit,
2500 3773 2558 3817 et
2607 3761 2708 3817 sub
2764 3768 3090 3830 potestatem
3130 3760 3276 3831 regis
3302 3762 3477 3817 Assur

1904 3856 2204 3911 concessit.
2252 3855 2391 3910 Tum
2445 3855 2600 3925 quasi
2651 3864 3040 3925 percunctante
3082 3858 3359 3926 quopiam.
3397 3856 3479 3911 dio

1900 3957 2187 4017 centeque,
2212 3963 2309 4002 cur
2333 3955 2389 4002 et
2415 3962 2653 4018 quonam
2675 3946 2834 4002 modo
2864 3947 3162 4017 permissus
3179 3958 3262 4003 est
3291 3946 3476 4019 aﬂligi,

1904 4051 1957 4095 et
1995 4040 2271 4111 quomodo
2308 4039 2625 4110 alienigenis
2667 4040 2892 4095 servivit
2934 4036 3102 4095 Israel
3130 4079 3144 4104 ,
3187 4039 3481 4110 respondet

1906 4133 2269 4196 continenter,
2329 4132 2561 4201 primum
2594 4133 2829 4200 quidem,
2869 4150 2888 4185 ι
2924 4133 3064 4199 Quia
3117 4124 3292 4188 nuluit
3348 4147 3481 4188 cort-

1906 4225 2094 4280 verti.»
2126 4223 2404 4293 Proposita
2441 4226 2581 4277 enim
2614 4223 2710 4278 Dei
2736 4225 3044 4293 clementia,
3080 4226 3243 4281 etiam
3276 4224 3344 4280 ad
3370 4226 3479 4279 hoc

1906 4316 2087 4382 segnis
2151 4326 2206 4369 et
2246 4313 2567 4369 inobediens
2619 4314 2872 4370 inventus
2909 4324 3013 4370 est.
3064 4315 3264 4369 Deinde
3297 4333 3316 4366 ι
3354 4314 3480 4384 quia

1906 4407 2214 4461 inﬁrmatus
2260 4414 2345 4460 est
2396 4405 2607 4474 gladius
2654 4406 2707 4459 in
2765 4405 3074 4461 civitatibus
3118 4407 3256 4472 eius;
3299 4424 3317 4458 ι
3370 4419 3480 4460 ron

1907 4499 2051 4552 enim
2085 4506 2235 4561 erat,
2285 4506 2342 4551 ut
2374 4496 2508 4559 dixi,
2541 4498 2633 4565 qui
2669 4498 2912 4568 Assyriis
2950 4499 3249 4564 resisteret,
3298 4507 3390 4553 aut
3422 4508 3480 4554 In

1907 4599 2025 4645 arte
2055 4589 2275 4643 militari
2314 4590 2600 4657 probatus,
2625 4587 2736 4643 Deo
2767 4589 3020 4642 virtutem
3051 4588 3298 4643 bellicam
3325 4602 3484 4643 enero

1914 4688 2097 4747 vante,
2130 4688 2183 4734 et
2231 4678 2485 4734 tortassis
2513 4682 2675 4734 etiam
2711 4680 2764 4733 in
2798 4695 2973 4749 pugna
3010 4679 3362 4734 fortissimum
3399 4680 3484 4733 iu-

1908 4772 2049 4841 iecta
2085 4770 2378 4825 timiditate
2436 4769 2586 4837 prius
2636 4780 3006 4824 convertente.
3056 4769 3151 4823 Est
3198 4769 3326 4823 item
3380 4769 3483 4823 alia

1913 4877 2076 4916 causa
2141 4877 2240 4916 cur
2278 4862 2380 4916 sub
2414 4862 2587 4916 Assur
2625 4860 2877 4915 redactus
2925 4859 3017 4915 sit.
3059 4858 3353 4926 Quaenam?
3384 4859 3487 4914 Po-

1913 4955 2070 5025 pulus
2098 4955 2242 5009 enim
2267 4993 2282 5019 ,
2316 4963 2444 5024 puta
2490 4951 2766 5023 Ephraim,
2806 4962 3012 5005 tantum
3045 4967 3151 5007 non
3193 4951 3356 5007 etiam
3394 4968 3488 5023 pe-

1912 5048 2096 5115 pendit
2122 5047 2190 5101 ab
2214 5048 2363 5117 ipso,
2395 5047 2569 5101 Assur
2611 5044 2884 5109 videlicet,
2917 5053 2973 5099 et
3001 5058 3070 5100 ex
3117 5044 3354 5101 incolatu
3384 5060 3486 5101 suo

1911 5139 1976 5191 ad
2011 5137 2208 5193 Persas
2233 5147 2288 5193 et
2319 5136 2505 5191 Medos
2532 5136 2683 5191 abire
2708 5137 2894 5191 voluit.
2929 5137 3042 5192 Nec
3079 5137 3312 5192 dicimus
3349 5152 3484 5193 sane

1910 5228 2167 5299 Ephraim
2197 5230 2339 5284 istud
2376 5231 2578 5298 perpeti
2608 5228 2874 5291 voluisse;
2928 5228 3023 5283 sed
3064 5228 3209 5298 quod
3250 5230 3315 5282 ad
3358 5243 3487 5297 pee-

1912 5330 2034 5376 cata
2065 5321 2182 5390 ejus
2207 5322 2420 5387 attinet,
2455 5328 2565 5375 tum
2595 5320 2823 5374 adversa
2853 5319 3242 5388 propemodum
3271 5317 3489 5374 allecta-

1913 5413 1987 5467 vit
2030 5413 2273 5483 perpeti;
2322 5414 2586 5484 siquidem
2621 5413 2817 5468 licebat
2856 5412 2992 5466 iram
3019 5410 3276 5481 effugere,
3322 5412 3366 5465 si
3416 5411 3484 5464 ad

1916 5505 2141 5561 meliora
2183 5516 2238 5560 et
2262 5505 2704 5559 convcnientiora
2735 5516 2794 5557 se
2829 5501 2961 5557 dare
2992 5500 3307 5571 placuisset.
3340 5497 3486 5552 Tau-

1918 5606 2031 5651 tum
2055 5610 2160 5651 non
2180 5605 2235 5651 et
2261 5597 2513 5667 pependit
2536 5595 2605 5650 ab
2623 5595 2797 5648 Assur
2815 5601 2870 5648 et
2888 5593 3065 5662 patria
3097 5591 3253 5663 162
3274 5589 3484 5655 relicta,

1919 5687 2024 5745 hoc
2054 5696 2138 5744 est
2182 5687 2443 5757 incolatu,
2485 5699 2582 5744 seu
2624 5683 2963 5742 habitatione
3007 5697 3127 5745 sua,
3167 5682 3487 5751 inregnum
