4068 6544
575 414 702 468 θετι

1595 398 1656 458 S.
1699 400 1978 456 CYRILLI
2016 394 2486 454 ALEXANDle
2531 390 2850 450 ABCNEP.

3773 388 3879 442 ΞΗ

606 528 752 583 illius
782 523 934 579 abire
971 519 1303 590 concupivit,
1359 519 1710 588 quantumvis
1743 520 1884 573 Deus
1929 533 2187 588 expresse

2304 514 2588 581 ldovovouxi
2637 513 2731 564 καὶ
2784 507 3119 579 ἐξεκρέματο
3175 503 3268 558 τοῦ
3321 504 3570 574 Ἀσσοῦρ,
3620 504 3712 556 καὶ
3785 521 3881 572 την

606 617 1045 688 pramuntiasset,
1086 613 1309 668 omnim)
1355 611 1482 666 talia
1530 626 1590 666 se
1643 613 2010 678 inducturum,
2079 610 2183 665 nisi

604 706 984 778 pmnitenliam
1027 712 1272 772 agerem.
1311 702 1580 769 Quoniam
1634 703 1734 772 ipsi
1781 704 1846 755 ad
1879 702 2020 756 hnc
2062 715 2188 756 sco-

606 814 733 869 pum
781 798 1209 863 descenderunt,
1246 813 1264 848 ι
1301 795 1572 851 irascetur
1625 795 1768 850 Deus
1817 809 1982 865 super
2019 795 2190 849 hono-

608 901 722 944 rata
760 889 898 958 ejus.
933 908 952 941 ι
983 887 1282 952 Honorata,
1309 897 1364 943 et
1401 887 1623 952 eximia,
1663 897 1715 942 et
1748 888 2065 955 praestantia
2096 900 2191 956 po-

609 983 722 1050 puli
753 996 909 1048 reges
952 980 1208 1034 nimirum
1263 989 1415 1047 sunt,
1460 990 1516 1034 et
1559 979 1748 1044 duces,
1785 980 1875 1047 qui
1917 993 2022 1032 una
2064 994 2188 1032 cum

610 1074 772 1140 vulgo
816 1071 1034 1127 abducti
1088 1082 1213 1126 sunt
1262 1073 1471 1133 miseri.
1524 1079 1579 1125 et
1628 1071 1796 1132 servi,
1845 1078 1901 1124 et
1963 1071 2190 1136 captivi,

609 1168 735 1234 quia
777 1166 1053 1235 subjectos
1079 1166 1437 1227 seduxerunt,
1468 1173 1523 1215 et
1549 1162 1678 1216 facti
1712 1169 1839 1214 sunt
1871 1161 2095 1229 laqueus
2130 1159 2198 1213 iis

620 1259 737 1328 qui,
796 1261 838 1311 si
898 1258 1196 1312 voluissent
1239 1257 1362 1326 ipsi,
1402 1257 1545 1309 viam
1596 1252 1935 1308 rectitudinis
1977 1266 2200 1306 currere

613 1358 888 1419 poterant.
947 1348 1175 1418 Semper
1222 1349 1370 1401 enim
1431 1347 1600 1399 dares
1651 1344 1886 1398 subditis
1931 1351 2195 1414 praeeunt.

613 1441 783 1494 Erunt
819 1441 1002 1509 itaque
1057 1439 1294 1495 humiles
1342 1447 1395 1494 et
1443 1437 1665 1508 abjecti,
1725 1437 1976 1506 quamvis
2025 1435 2195 1507 gloria

612 1533 941 1587 amuxerint.
970 1531 1136 1587 Plane
1166 1533 1311 1586 enim
1345 1532 1495 1602 regni
1527 1531 1722 1585 solium
1753 1532 1916 1584 decus
1942 1543 2197 1598 magnum

609 1625 797 1682 habet.
855 1625 1052 1679 Verum
1109 1639 1216 1678 non
1266 1622 1593 1677 exaltaverit
1651 1623 1770 1676 illos
1819 1620 1995 1686 Deus;
2037 1619 2201 1674 desiit

609 1721 776 1783 enim,
815 1718 867 1771 id
912 1718 1054 1787 quod
1090 1716 1201 1785 jam
1243 1720 1442 1787 saepius
1485 1715 1619 1782 dixi,
1655 1729 1876 1784 regnum
1915 1713 2195 1783 Ephraim.

2291 606 2616 674 ἐνεγκοῦσα-ι
2669 603 2848 672 ἀφεὶς,
2897 599 3163 660 τουτέστι,
3209 597 3310 668 τὴν
3354 594 3630 649 κατοικίαν
3687 595 3880 656 αὑτοῦ.

2295 697 2433 768 πρὸς
2471 695 2566 766 τὴν
2604 695 2816 748 ἐκείνου
2853 692 3092 763 βαδίζειν
3137 691 3415 753 ἀσυνέτως
3465 690 3729 762 ἐγλίχετο,
3790 691 3882 744 καί

2290 805 2375 842 τοι
2432 786 2568 841 Θεοῦ
2605 787 2782 857 πάντη
2817 803 2877 839 τε
2942 785 3036 838 καὶ
3087 783 3308 846 πάντως
3341 783 3570 849 ἐπάξειν
3620 781 3767 853 αὐτῷ
3816 782 3882 834 τὰ

2291 881 2468 935 τοιάδε
2534 879 2901 951 διειρηκότος,
2961 879 3012 938 εί
3092 877 3166 948 μὴ
3232 875 3504 946 βούλοιντο
3577 878 3876 946 μετανοεῖν.

2305 974 2522 1046 Ἐπειδὴ
2579 974 2636 1027 δὲ
2688 973 2824 1044 πρὸς
2867 971 3028 1024 τοῦτο
3071 969 3225 1023 αὐτοὶ
3269 968 3604 1022 κατίὶιλισθον
3651 968 3879 1031 σκοποῦ,

2304 1085 2322 1118 ι
2353 1064 2752 1136 Θυμωθήσεται
2787 1063 2918 1126 Θεὸς
2961 1062 3054 1114 ἐπὶ
3083 1060 3149 1114 τὰ
3177 1060 3335 1131 τίμια
3371 1058 3557 1113 αὐτοῦ.
3583 1078 3601 1111 ι
3628 1059 3800 1129 Τίμια
3827 1058 3880 1111 δὲ

2297 1161 2393 1212 καὶ
2435 1159 2706 1229 ἐξαίρετα,
2758 1158 2853 1209 καὶ
2901 1152 3206 1226 προῦχοντα
3257 1152 3367 1205 τῶν
3421 1151 3587 1214 λαῶν,
3639 1150 3882 1222 βασιλεῖς

2295 1252 2558 1324 δηλονότι,
2596 1250 2690 1304 καὶ
2737 1248 3052 1321 ἡγούμενοι,
3088 1248 3136 1300 οἳ
3167 1247 3261 1299 καὶ
3291 1247 3404 1307 τοῖς
3445 1244 3716 1313 ἀγελαίοις
3761 1260 3883 1296 συν-

2297 1343 2769 1414 απεκομίσθησαν,
2797 1339 3023 1393 ἐλεεινοί
3055 1355 3112 1391 τε
3160 1337 3254 1390 καὶ
3289 1334 3484 1400 δοῦλοι,
3514 1337 3606 1389 καὶ
3634 1337 3696 1389 ἐν
3729 1335 3882 1398 τάξει

2295 1434 2666 1505 δορυκτήτων,
2723 1432 2804 1484 ὃτι
2859 1431 2985 1492 τοὺς
3014 1429 3119 1482 ὑπὸ
3150 1429 3307 1497 χεῖρα
3356 1427 3761 1496 πεπλανήκασι,
3791 1426 3882 1477 καὶ

2301 1525 2556 1594 γεγόνασι
2582 1523 2752 1591 παγὶς
2776 1522 2908 1583 τοῖς,
2943 1520 3061 1572 εἰπε
3069 1537 3101 1590 ρ
3119 1517 3308 1590 ἦθελον
3335 1515 3511 1582 αὐτοὶ,
3535 1515 3627 1570 καὶ
3647 1515 3882 1568 διάττειν

2297 1615 2617 1686 δυναμένοις
2650 1614 2750 1682 τὴν
2783 1612 2870 1664 ἐπ’
2911 1608 3062 1662 εὐθύ.
3108 1610 3446 1680 Καθηγεῖται
3486 1608 3591 1678 γὰρ
3639 1607 3732 1660 ἀεὶ
3775 1607 3882 1658 τῶν

2300 1705 2739 1776 ὑπεστρωμένων
2764 1701 2826 1754 τὸ
2849 1699 3172 1772 ἡγούμενον.
3203 1701 3460 1754 Ἔσονται
3480 1699 3542 1769 δὴ
3571 1694 3663 1751 οῦν
3692 1713 3883 1750 ταπει-

609 1810 712 1875 νοὶ,
741 1809 835 1864 καὶ
863 1810 1291 1881 ἀπερριμμένοι,
1322 1809 1415 1864 καί
1449 1826 1530 1862 τοι
1579 1807 1835 1879 πλείστην
1867 1808 2000 1877 ὅσην
2027 1803 2322 1877 ἐσχηκότες
2352 1801 2448 1872 τὴν
2507 1801 2687 1866 δόξαν.
2712 1797 2981 1868 Πρόσεστι
3036 1795 3146 1866 γὰρ
3203 1796 3421 1858 πάντως
3477 1797 3584 1857 τοῖς
3612 1793 3712 1862 τῆς
3733 1792 3884 1881 pact:

610 1903 758 1967 λείας
809 1879 1022 1967 θώκοις
1062 1879 1130 1958 “to,
1183 1903 1423 1968 εὐκλεές.
1483 1903 1619 1956 Ἀλλ’
1685 1902 1786 1956 οὐκ
1847 1901 1914 1955 ἂν
1967 1899 2232 1970 ὑψώσειεν
2302 1897 2500 1958 αὐτοὺς
2532 1897 2559 1948 ὁ
2586 1893 2736 1955 Θεός.
2770 1891 3047 1945 Πέπαυται
3083 1889 3214 1960 γὰρ,
3242 1888 3318 1950 ὠς
3343 1887 3481 1956 ἔφην
3508 1885 3604 1956 ἤδη
3635 1879 3885 1938 πλειστέΓ

611 2016 722 2063 κις,
757 2000 790 2068 ή
828 1997 922 2052 τοῦ
969 1996 1213 2068 Ἐφραίμ
1253 1997 1518 2067 βασιλεία.

683 2094 938 2147 Cavenda
960 2094 1131 2161 igitur
1163 2092 1320 2145 nobis
1353 2090 1680 2146 Christianis
1732 2089 1966 2143 maxime
1993 2087 2062 2142 ad
2095 2088 2193 2142 im-

2370 2076 2830 2152 Παραφυλακτέον
2862 2076 2927 2146 δὴ
2949 2071 3044 2128 οὖν
3081 2075 3215 2147 ἡμῖν
3249 2072 3485 2145 μάλιστα
3513 2074 3625 2136 τοῖς
3654 2073 3713 2124 ἐν
3752 2073 3881 2142 Χρι-

613 2187 940 2259 probitatem
1003 2184 1307 2238 inclinatio.
1355 2183 1508 2249 Quod
1566 2183 1670 2238 nisi
1711 2181 2044 2248 fecerimus,
2091 2182 2195 2250 ipsi

614 2277 818 2334 diaboli
847 2277 1036 2346 jngtnn
1086 2276 1243 2330 nobis
1286 2275 1530 2330 volentes
1585 2275 1948 2344 imponemus,
1988 2283 2198 2328 tantum

617 2385 723 2424 non
751 2369 820 2422 ab
860 2367 976 2436 ejus
1009 2367 1301 2421 dilectione
1341 2367 1613 2436 suspensi,
1650 2375 1874 2436 totaque
1916 2365 2200 2419 alacritate

616 2464 682 2516 ad
712 2461 830 2531 ejus
873 2460 1062 2529 jugnm
1106 2459 1359 2528 deinceps
1391 2457 1696 2522 ferendum,
1732 2465 1788 2513 et
1814 2458 1878 2511 ad
1926 2455 2099 2526 ipsius
2131 2454 2198 2509 li-

615 2554 786 2609 bidini
813 2552 1221 2622 obsequendum
1275 2551 1658 2606 concedentes.
1703 2551 1824 2617 Quo
1857 2549 2003 2604 facto
2032 2549 2198 2604 Deum

618 2645 978 2710 irritabimns,
1029 2654 1086 2699 et
1134 2645 1213 2698 sic
1265 2644 1318 2698 in
1375 2652 1653 2711 posterum
1695 2645 1899 2698 erimus
1945 2641 2198 2707 humiles,

616 2739 889 2806 deiectum
953 2746 1011 2792 et
1043 2736 1194 2791 velut
1227 2736 1454 2806 pedibus
1481 2736 1745 2792 calcatum
1788 2745 2040 2807 gerentes
2079 2736 2201 2789 ani-

620 2845 790 2894 mum,
822 2828 936 2884 Deo
977 2826 1329 2893 debilitante,
1383 2826 1732 2896 strenuisque
1781 2826 2203 2896 cogitationibus

617 2924 684 2976 ad
732 2921 932 2974 bonum
975 2919 1404 2990 comparandum
1464 2933 1563 2974 nos
1611 2919 1824 2988 erigere
1863 2933 1970 2974 non
2026 2919 2194 2973 susti-

619 3021 802 3067 ﬂente.

711 3105 874 3160 Vens.
915 3103 971 3170 8,
1005 3103 1060 3158 9.
1087 3102 1230 3168 Quid
1267 3102 1360 3156 tibi
1380 3103 1598 3172 faciam,
1619 3100 2203 3173 Ephraim?protegam

619 3205 688 3261 te,
718 3194 913 3258 Israel,
943 3195 1071 3259 quid
1102 3195 1196 3247 tibi
1221 3195 1466 3263 faciam?
1507 3196 1644 3248 sicut
1683 3196 1890 3249 Adama
1921 3210 2110 3263 ponam
2134 3207 2204 3261 te,

619 3298 669 3342 et
695 3290 830 3343 sicut
875 3285 1105 3342 Seboim.
1141 3283 1459 3341 Converaum
1506 3298 1581 3340 est
1621 3302 1712 3340 cor
1752 3303 1946 3339 meum.
1989 3285 2054 3340 In
2095 3287 2205 3356 ipso

621 3379 936 3434 conturbata
989 3389 1065 3432 est
1107 3379 1416 3446 pauitantia
1456 3394 1609 3443 mea,
1651 3396 1757 3434 non
1813 3378 2013 3448 faciam
2047 3379 2205 3449 juxta

619 3475 756 3526 iram
816 3471 1022 3539 furoris
1077 3471 1199 3523 mei.
1260 3468 1384 3522 Non
1443 3470 1802 3541 derelinquam
1868 3481 1921 3522 ut
1969 3472 2207 3524 deleatur

621 3561 901 3634 Ephrnim,
930 3562 1180 3633 quoniam
1222 3560 1362 3615 Deus
1403 3577 1497 3632 ego
1536 3578 1677 3626 sum,
1720 3572 1904 3616 etnon
1931 3563 2106 3628 homo,
2151 3564 2205 3615 itu

621 3667 670 3710 te
687 3665 922 3710 sanctus.

691 3742 906 3800 CXXX.
961 3741 1222 3797 Adhibuit
1264 3742 1739 3812 reprehensiones,
1780 3740 2050 3806 indicans,
2091 3755 2208 3796 out—

623 3837 862 3892 nintodis
897 3837 964 3890 de
1011 3843 1212 3889 cretero
1252 3834 1391 3887 iram
1447 3835 1847 3889 inexorabilem
1893 3836 1944 3888 in
1977 3850 2069 3889 eos
2107 3849 2204 3888 ex-

625 3927 1003 3999 promendam,
1050 3936 1106 3980 ut
1153 3927 1206 3981 in
1241 3930 1556 3993 sceleratos,
1587 3935 1641 3981 et
1675 3941 1839 3996 supra
1890 3927 2104 3982 modum
2151 3927 2206 3982 in

627 4022 794 4075 Deum
847 4019 1062 4089 impios,
1107 4027 1169 4074 ut
1226 4019 1404 4073 nullus
1445 4021 1618 4074 veniae
1654 4019 1873 4074 relictus
1913 4020 1987 4074 sit
2029 4019 2204 4075 locus.

627 4112 765 4179 Quia
811 4125 941 4165 vero
970 4116 1144 4166 bonus
1174 4120 1285 4176 est,
1324 4112 1759 4166 mansuetudinis
1793 4111 1915 4166 fons
1951 4118 2008 4165 et
2031 4111 2205 4180 origo,

626 4212 833 4256 tnotum
883 4202 1218 4272 comprimit,
1273 4215 1376 4256 non
1425 4209 1485 4254 ut
1530 4210 1732 4268 praeter
1771 4201 2033 4254 rationem
2067 4199 2208 4253 forte

628 4295 927 4349 excitatum
955 4309 1019 4348 ex
1048 4293 1466 4348 rati0einatione
1497 4290 1734 4347 melioris
1759 4291 2043 4360 increpans
2075 4290 2205 4359 (non

630 4388 777 4441 enim
813 4386 1103 4456 aliquando
1129 4403 1159 4441 a
1194 4387 1626 4456 cogitationibus
1655 4397 1709 4441 et
1758 4387 2064 4442 actionibus
2103 4386 2206 4441 sibi

630 4481 1218 4535 accommodatissimis
1261 4480 1444 4535 divina
1481 4489 1536 4534 et
1585 4479 1984 4548 inexplicabilis
2015 4490 2207 4534 natura

630 4569 958 4643 deﬂexerit),
1010 4574 1104 4627 sed
1136 4573 1293 4642 quasi
1344 4573 1608 4626 cohibens
1647 4573 1790 4641 quod
1837 4572 1942 4627 illis
1986 4572 2205 4641 dignum

626 4676 766 4732 erat,
803 4675 857 4720 et
893 4665 1187 4736 prohibens
1233 4680 1302 4720 ex
1350 4665 1597 4732 lenitate,
1630 4666 1772 4734 quod
1818 4665 1890 4720 illi
1944 4663 2210 4735 imprimis

628 4759 1007 4824 tnerebanlur,
1049 4759 1207 4832 163
1245 4759 1348 4814 hoc
1386 4768 1492 4822 est,
1520 4769 1579 4813 ut
1619 4759 1863 4828 perirent
1889 4758 2124 4828 penitus,
2154 4766 2209 4811 et

629 4851 795 4904 veluti
831 4851 899 4904 ab
943 4853 1128 4905 radice
1184 4853 1298 4920 ipsa
1342 4852 1803 4919 exstirparentnr.
1856 4847 2063 4904 ideirco
2109 4847 2207 4912 ait,

636 4961 653 4994 ι
693 4942 844 5009 Quid
873 4941 1071 4996 faciam
1106 4943 1200 4996 tibi
1224 4943 1247 4997 ί
1274 4962 1293 4995 ι
1321 4943 1438 5010 Qua
1465 4943 1572 5007 via,
1607 4941 1801 5011 inquit,
1834 4950 1956 4995 utar
1987 4940 2039 4994 in
2065 4955 2210 4995 com-

629 5034 893 5102 ponendis
945 5038 1106 5088 rebns
1149 5035 1288 5089 tuis?
1339 5035 1623 5103 Prolegam
1659 5045 1730 5098 te,
1782 5041 1836 5086 et
1891 5045 2205 5086 succurram

634 5139 846 5191 rursus,
892 5135 948 5179 et
998 5125 1226 5180 insidias
1279 5126 1667 5180 meditantibus
1731 5123 2206 5192 inexpugnabilem

633 5216 966 5270 ostendam?
1013 5215 1120 5272 Sed
1157 5219 1428 5288 quomodo
1479 5219 1621 5272 i‘stud
1671 5216 1808 5272 fiet?
1845 5217 2011 5272 Decet
2066 5215 2208 5269 enim

633 5306 817 5377 puniri
858 5310 1030 5378 magis
1090 5323 1249 5378 quam
1284 5309 1447 5363 rebus
1482 5312 1558 5363 uti
1587 5309 1653 5362 ad
1688 5307 2014 5361 voluntatem
2039 5304 2211 5359 liuen-

634 5399 804 5468 tibus,
835 5402 961 5471 quia
1010 5411 1149 5456 tetra
1203 5403 1256 5456 in
1305 5400 1471 5455 Deum
1527 5400 1768 5455 facinora
1805 5399 2210 5454 consciverunt.

636 5486 820 5561 itaque
852 5494 1096 5546 tribuens
1132 5494 1227 5546 tibi
1262 5507 1362 5560 pro
1394 5493 1680 5564 dignitate,
1719 5501 1774 5548 et
1813 5506 1974 5562 pares
2000 5492 2212 5548 delictis

637 5586 744 5638 tuis
769 5598 959 5653 pinnas
989 5585 1311 5651 decernens,
1349 5603 1368 5636 ι
1408 5595 1468 5639 ut
1493 5589 1701 5640 Adama
1724 5600 1930 5653 ponant
1967 5596 2041 5649 te,
2069 5595 2122 5640 et
2153 5597 2212 5640 ιιι

636 5664 878 5726 Séboim.
907 5691 928 5724 ι
955 5671 1201 5728 Fuerunt
1230 5675 1311 5728 Ita:
1343 5675 1506 5731 urbes
1531 5675 1901 5742 Sodomiticae,
1921 5690 2056 5746 quas
2088 5690 2209 5730 cum

634 5761 772 5831 ipsis
813 5762 1180 5818 fundamentis
1233 5765 1372 5836 ignis
1405 5767 1543 5823 coelo
1577 5767 1760 5840 lapsus
1802 5769 2102 5840 absumpsit
2137 5769 2204 5823 ³⁸.

704 5857 747 5888 ³³
776 5854 910 5914 Gen.
956 5872 1069 5926 xtx,
1098 5857 1188 5913 Ἡ.

2301 2175 2432 2245 στῷ,
2465 2172 2565 2243 τὴν
2608 2172 2686 2234 είς
2724 2169 2794 2224 τά
2821 2168 3001 2238 φαῦλα
3036 2167 3229 2238 ῥοπήν.
3265 2164 3336 2217 ’Ἡ
3362 2163 3506 2235 εἰμὴ
3536 2165 3689 2218 τοῦτο
3713 2165 3882 2236 δρῴη.

2304 2283 2402 2338 μεν
2442 2263 2682 2326 ἐκόντες,
2728 2261 2883 2314 αὐτοὶ
2912 2258 3005 2312 τὸν
3053 2256 3146 2311 τοῦ
3184 2255 3431 2310 διαϐόλου
3461 2255 3625 2324 ζυγὸν
3671 2256 3882 2319 ἐαυτοξ

2300 2356 2657 2426 ἐπιθήσομεν,
2701 2351 2985 2426 μονονουχὶ
3025 2347 3121 2402 καὶ
3166 2347 3615 2419 ἀποκρεμάμενοι
3662 2347 3765 2416 τῆς
3809 2350 3884 2410 ei;

2300 2448 2463 2504 αὐτὸν
2495 2446 2740 2515 ἀγάπης,
2780 2443 2875 2516 ὅλῃ
2903 2459 2960 2496 τε
2997 2437 3304 2510 βαδίζοντες
3334 2438 3612 2511 προθυμίᾳ
3653 2438 3794 2509 πρὸς
3830 2438 3883 2489 τὴ

2303 2545 2394 2598 ὑπ’
2441 2540 2589 2612 αὐτῷ
2627 2537 2884 2608 γενέσθαι
2934 2534 3142 2599 λοιπὸν,
3190 2534 3284 2588 καὶ
3326 2533 3394 2586 τὰ
3445 2533 3591 2603 αὑτῴ
3627 2532 3884 2585 δοκοῦντα

2302 2634 2566 2708 πληροῦν.
2638 2631 2778 2686 Ἀλλ’
2839 2632 2888 2684 εί
2947 2627 3109 2682 τοῦτο
3177 2625 3407 2694 γένοιτο,
3479 2623 3883 2696 παροξυνοῦμεν

2303 2733 2458 2792 Θεὸν,
2496 2729 2638 2783 οὕτω
2682 2743 2742 2780 τε
2774 2723 2962 2779 λοιπὸν
3008 2721 3246 2793 ἐσόμεθα
3294 2720 3560 2783 ταπεινοὶ,
3611 2719 3883 2790 χθαμαλὸν

2304 2825 2400 2876 καὶ
2438 2819 2824 2891 πεπατημένον
2866 2816 3082 2886 ἔχοντες
3127 2813 3273 2879 νοῦν,
3321 2811 3458 2865 Θεοῦ
3495 2811 3880 2881 παραλύοντος.

2305 2916 2401 2969 καὶ
2429 2916 2549 2976 ταῖς
2588 2913 2668 2976 είς
2710 2909 2772 2963 τὸ
2801 2905 3006 2976 ἀγαθὸν
3040 2903 3284 2973 ἀνδρίαις
3313 2901 3578 2975 ἀνορθοῦν
3606 2901 3758 2973 ἡμᾶς
3790 2901 3882 2952 οὐκ

2306 3005 2662 3076 ἀνεχομένου.

2384 3100 2444 3152 Τί
2467 3113 2541 3150 σε
2562 3093 2870 3164 διαθῶμαι,
2908 3092 3190 3162 Ὲςρραῒμς
3230 3084 3580 3157 ὑπερασθειῶ
3597 3099 3741 3150 σου,
3785 3085 3885 3138 Ἰσ-

2299 3192 2487 3260 ραὴλ,
2509 3190 2567 3244 τι
2586 3204 2662 3244 σε
2692 3186 2911 3251 διαθῶ;
2939 3187 3020 3252 ὼς
3053 3182 3264 3252 Ἀδάμα
3285 3178 3546 3248 θήσομαι
3565 3192 3660 3239 σε,
3691 3175 3794 3228 καί
3813 3176 3884 3237 ὡς

2307 3282 2572 3351 Σεόοείμ.
2612 3276 3006 3346 Μετεστράεςη
3032 3277 3070 3345 ἠ
3102 3272 3318 3341 καρδία
3332 3289 3473 3341 μου.
3508 3266 3706 3332 Ἐνιιῷ
3731 3265 3886 3329 αὐτῷ

2307 3373 2730 3442 συνεταράχθη
2768 3372 2805 3442 ἠ
2847 3366 3208 3441 μεταμέλειά
3231 3383 3372 3435 μου,
3415 3365 3487 3417 οὐ
3521 3362 3608 3432 μὴ
3661 3359 3887 3424 ποιήσω

2309 3467 2458 3521 κατὰ
2482 3465 2599 3533 τὴν
2626 3463 2815 3533 ὀργὴν
2856 3461 2965 3517 τοῦ
3000 3459 3190 3529 θυμοῦ
3211 3475 3353 3527 μου.
3405 3458 3486 3510 οὐ
3529 3454 3615 3524 μὴ
3646 3455 3886 3523 ἐγκατα-

2307 3561 2464 3616 λίπω
2489 3559 2603 3612 »τοῦ
2644 3553 3073 3625 ἐξαλειφθῆναι
3110 3552 3218 3606 τὸν
3252 3548 3518 3620 Ἐφραῒμ,
3565 3546 3714 3599 διότι
3751 3544 3886 3608 Θεὸς

2307 3649 2421 3721 ἐγώ
2439 3651 2578 3718 εἰμι,
2605 3647 2703 3705 καὶ
2733 3649 2844 3701 οὐκ
2864 3645 3197 3714 ἅνθρωπος,
3229 3644 3299 3696 ἐν
3322 3641 3423 3694 σοὶ
3459 3640 3648 3708 ἅγιος.

2379 3742 2504 3796 PA'.
2557 3741 2883 3810 Προσὴγαγε
2937 3737 3038 3800 τὰς
3099 3736 3357 3807 μέμψεις,
3417 3731 3764 3793 ὑποδεικνὺς,
3813 3729 3887 3782 ὅτι

2309 3835 2488 3904 πάντη
2525 3849 2585 3884 τε
2659 3831 2754 3884 καὶ
2813 3829 3032 3891 πάντως
3083 3829 3267 3889 αὐτοῖς
3320 3822 3754 3893 ἀποτομωτάτην
3791 3820 3888 3874 ἔδει

2306 3926 2496 3981 λοιπὸν
2525 3924 2882 3994 ἐπιφέρεσθαι
2909 3922 3006 3991 τὴν
3034 3918 3202 3991 ὀργὴν
3226 3917 3416 3971 ἀνόσια
3442 3913 3772 3986 πεπραχόσι,
3807 3912 3892 3967 καὶ

2308 4019 2570 4074 ἐπέκεινα
2615 4016 2814 4087 μέτρου
2846 4013 2990 4067 κατά
3018 4011 3154 4064 Θεοῦ
3185 4008 3654 4078 δεδυσσεὸηκόσιν,
3687 4006 3764 4068 ὡς
3794 4023 3891 4077 μη-

2308 4111 2502 4181 δεμιᾶς
2559 4107 2639 4161 ἔτι
2703 4104 2916 4175 φειδοῦς
2978 4103 3164 4164 αὐτοῖς
3214 4095 3620 4170 περιλελεῖφθαι
3671 4097 3888 4167 τρόπον.

2322 4200 2545 4271 Ἐπειδὴ
2576 4201 2636 4253 δέ
2658 4201 2806 4251 ἐστιν
2835 4195 3058 4266 ἀγαθὸς,
3090 4192 3428 4263 ἡμερότητος
3456 4189 3600 4259 πηγὴ
3625 4188 3722 4243 καὶ
3745 4189 3890 4258 γένε-

2311 4314 2417 4360 σις,
2455 4293 2753 4348 ἀνακόπτει
2783 4290 2844 4343 τὸ
2869 4289 3100 4359 κίνημα,
3137 4287 3236 4356 οὐχ
3263 4284 3339 4347 ὡς
3371 4283 3697 4353 παραλόγως
3737 4299 3892 4350 γεγο..

2309 4389 2421 4442 νότι
2449 4386 2703 4456 τυχὸνιέκ
2731 4379 2996 4451 λογισμοῦ
3031 4378 3127 4432 τοῦ
3165 4379 3476 4449 κρείττονος
3508 4374 3800 4443 ἐπιτιμῶν,
3837 4375 3890 4426 οὐ

2310 4482 2417 4550 γὰρ
2465 4478 2531 4532 ἂν
2593 4477 2828 4549 ἁμάρτοι
2883 4473 3014 4528 ποτέ
3066 4471 3177 4525 τῶν
3233 4472 3370 4542 αὐτῇ
3431 4469 3891 4542 πρεπωδεστάτων

2309 4571 2548 4635 ἐννοιῶν,
2580 4571 2612 4640 ἢ
2645 4567 2917 4640 πράξεων,
2943 4568 2976 4636 ἡ
3015 4564 3133 4617 θεία
3164 4580 3223 4615 τε
3254 4564 3347 4615 καὶ
3380 4563 3666 4633 ἄφραστος
3700 4561 3889 4630 eum;-

2311 4662 2591 4732 ἀπείργων
2623 4660 2679 4712 δέ
2707 4657 2898 4728 ὥσπερ
2939 4657 2999 4710 τὸ
3041 4655 3162 4709 κατ’
3192 4653 3372 4719 ἀξίαν,
3401 4655 3496 4707 καὶ
3531 4653 3892 4707 κατακωλύων

2311 4754 2369 4820 ἐξ
2408 4754 2744 4825 ἡμερότητος
2779 4750 2840 4802 τὸ
2869 4752 2950 4824 ὅτι
2991 4748 3224 4819 μάλιστα
3260 4746 3474 4817 πρέπον
3504 4745 3710 4810 αὐτοῖς,
3744 4759 3893 4797 τουτ-

2242 4809 2283 4864 D
2315 4809 2461 4908 ἐστι,
2501 4809 2599 4913 τὴν
2631 4809 2866 4895 έίσάπαν
2893 4809 3187 4903 ἀπῶλειαν,
3213 4809 3319 4890 καὶ⁷
3340 4837 3402 4890 τὸ
3435 4838 3498 4890 ἐκ
3527 4837 3685 4909 ῥίζης
3713 4835 3894 4903 ὥσπερ

2315 4937 2486 5006 αὐτῆς
2511 4931 2976 5005 ἀναδοθρεύεσθαι
3006 4931 3136 4985 δεῖν.
3177 4928 3451 5001 Ταύτῃτοί
3490 4944 3659 5000 φησι·
3698 4927 3796 4981 «Τί
3841 4942 3893 4980 σε

2313 5027 2512 5094 διαθῶς
2541 5045 2559 5078 ›
2627 5027 2785 5097 Ποία,
2830 5025 3015 5095 φησιν,
3063 5021 3167 5093 ὀδῷ
3216 5024 3488 5092 χρήσομαι
3542 5021 3608 5073 τά
3656 5020 3802 5073 κατά
3843 5017 3896 5070 σὲ

2315 5120 2616 5187 συντιθείς;
2677 5115 3035 5189 ’Υπερασπιῶ
3085 5132 3200 5178 σου,
3253 5114 3349 5168 καὶ
3405 5111 3666 5182 ἐπαμυνῶ
3715 5111 3892 5171 πάλιν.

2318 5213 2412 5266 καὶ
2433 5209 2922 5280 δυσκαταμάχητον
2946 5205 3213 5271 ἀποδείξω
3242 5206 3354 5266 τοῖς
3382 5201 3753 5256 ἐπιϐουλεύειν
3786 5202 3896 5254 ἐθέ-

2317 5303 2536 5368 λουσιν;
2583 5300 2716 5355 Εἶτα
2753 5299 2873 5364 πῶς
2911 5297 3070 5364 τοῦτο
3097 5297 3427 5366 γενήσεται;
3464 5294 3671 5364 Πρέπει
3699 5291 3810 5364 γὰρ
3838 5291 3896 5346 ἂν

2319 5399 2379 5451 τὸ
2415 5395 2764 5460 κολάζεσθαι,
2814 5392 3016 5464 μᾶλλον
3063 5391 3096 5461 ἢ
3140 5389 3454 5459 εὐημερεῖν,
3506 5389 3619 5449 τοῖς
3658 5385 3728 5439 τὰ
3760 5385 3898 5440 δεινὰ

2319 5487 2465 5542 κατὰ
2499 5487 2634 5541 Θεοῦ
2684 5485 3019 5555 δεδρακόσιν.
3067 5480 3276 5536 Οὐκοῦν
3309 5480 3599 5549 ἀπονέμων
3647 5479 3708 5532 τὸ
3771 5477 3900 5550 πρὸς

2321 5582 2497 5647 ἀξίαν,
2527 5581 2621 5634 καὶ
2649 5576 3005 5647 ίσοστάθμους
3047 5578 3159 5638 τοῖς
3191 5571 3624 5642 πλημμελήμασι
3653 5570 3766 5634 τοῖς
3796 5571 3898 5630 cui;

2319 5673 2517 5745 ὁρίζων
2563 5671 2740 5734 δίκας,
2781 5688 2798 5721 ι
2825 5668 2899 5732 ὡς
2935 5666 3145 5736 Ἀδάμα
3180 5662 3416 5735 θήσομαί
3450 5680 3527 5725 σε,
3573 5662 3664 5716 καὶ
3693 5659 3770 5726 ὡς
3806 5657 3898 5712 Σε-

2316 5767 2495 5837 σοείμ,
2527 5785 2543 5818 t
2580 5765 2767 5828 Πόλεις
2800 5762 2854 5815 δὲ
2883 5755 3042 5815 αὗται
3076 5757 3441 5828 Σοδομιτικαὶ,
3486 5757 3549 5821 ἃς
3584 5755 3774 5827 μέχρις
3803 5753 3898 5808 αὖ·
