4068 6556
187 433 288 489 ’73

1118 435 1674 500 COBHENTARIUS
1710 434 1777 498 In
1816 434 2053 504 usus!
2093 442 2546 512 moramur.

3357 464 3493 520 9.7.6"

190 556 296 609 τῶν
326 554 662 626 κατεδήδοκε
720 553 940 628 βάθρων
986 557 1048 610 τὸ
1080 557 1410 613 καταϐαῖνον
1460 558 1591 629 πῦρ.
1640 559 1774 612 Ἀλλ¹

1886 560 1995 615 Sed
2026 572 2206 633 neque
2244 565 2348 652 hoc
2373 564 2592 633 faciam,
2632 568 2831 642 luquit,
2861 590 3168 647 quanquam
3196 578 3312 635 ﬂeri
3343 581 3465 652 jure

189 649 305 704 οὐδὲ
348 647 517 702 τοῦτο
549 648 754 720 δράσω,
805 650 964 721 φησι,
1020 647 1509 720 καίτοι’γενέσθαι
1557 651 1779 715 δικαίως

189 740 419 810 ὀφεῖλον.
482 739 901 813 Ὑπερθήσομαι
951 736 1008 796 δὲ
1042 741 1573 814 (μεταθεδούλευμαι
1622 742 1777 813 γὰρ),

189 831 278 886 καὶ
296 831 397 885 ούκ
422 831 694 903 ἀκράτοις
726 832 1003 904 χρήσομαι
1027 827 1140 899 τοῖς
1158 834 1371 906 θυμοῖςο
1403 835 1506 889 οὐκ
1537 834 1604 889 ἂν
1632 834 1779 904 δοίην

190 926 266 988 είς
307 918 593 995 ἐξάλειψιν
631 924 895 996 παντελῆ,
925 925 1101 981 καίτοι
1132 924 1370 999 πονηρὸν
1399 925 1660 997 γεγονότα
1689 926 1779 980 τὸν

200 1008 458 1087 Ἕφραῒμ.
492 1016 595 1071 Διὰ
641 1016 803 1071 ποίαν
836 1017 1058 1082 αίτίαν;
1094 1018 1154 1071 οὐ
1186 1018 1296 1091 γὰρ
1329 1012 1473 1090 ἦσαν
1501 1017 1640 1083 ἄξιοι
1681 1017 1777 1070 τοῦ

195 1103 376 1157 παθεῖν
416 1103 591 1171 αὐτὸς
616 1103 746 1169 Ναὶ,
787 1106 974 1176 φησὶν,
1021 1103 1137 1161 ἀλλ’
1176 1107 1292 1177 είμὶ
1334 1107 1487 1172 Θεὸς,
1538 1107 1634 1161 καὶ
1679 1108 1779 1162 οὐκ

190 1192 492 1265 ἄνθρωπος,
522 1195 727 1264 ἀγαθδς
758 1193 1022 1268 δηλονότι,
1059 1198 1155 1252 καὶ
1192 1196 1314 1269 ούχί
1357 1195 1475 1263 τοῖς
1517 1198 1577 1264 ἐξ
1609 1199 1779 1272 ὀργῆς

196 1289 456 1359 κινήμασι
499 1290 852 1362 παραχωρῶν
880 1291 943 1344 τὸ
972 1292 1149 1363 νικᾷν,
1177 1290 1519 1361 ἀνθρώπινον
1570 1292 1679 1365 γὰρ
1715 1293 1778 1346 τὸ

190 1380 382 1433 τοιόνδε
434 1380 633 1446 πάθος.
675 1382 741 1436 Τί
769 1378 863 1436 οὖν
893 1382 972 1437 ἔτι
1000 1384 1269 1449 κολάζεις,
1309 1386 1494 1455 φησὶν,
1535 1386 1693 1455 είπερ
1726 1380 1781 1440 εἴ

192 1471 315 1535 Θεὸς
353 1472 553 1543 ὀργαῖς
601 1472 678 1545 μὴ
736 1474 1128 1546 κρατούμενος,
1185 1475 1412 1548 ὲμφύτῳ
1466 1476 1523 1530 δέ
1574 1476 1775 1548 μᾶλλον

192 1563 447 1634 ἑπόμενος
493 1564 829 1637 ήμερότητι;
860 1562 1109 1632 Κολάζω,
1162 1567 1351 1639 φησίνι
1400 1569 1518 1639 εἰμὶ
1564 1567 1675 1639 γὰρ
1712 1568 1773 1623 οὺ

196 1654 343 1728 μόνον
374 1654 606 1724 ἀγαθὸς,
629 1656 707 1720 ὡς
733 1656 862 1721 Θεός
885 1673 898 1690 ·
942 1655 1081 1712 ἀλλὰ
1103 1658 1242 1731 πρὸς
1270 1656 1445 1731 τούτῳ
1472 1659 1567 1713 καὶ
1597 1657 1775 1728 ἅγιος,

194 1746 357 1817 μισῶν
415 1746 673 1812 ἀδικίαςο
713 1749 1194 1821 ἀποστρεφόμενος
1248 1750 1374 1815 τοὺς
1425 1749 1774 1822 μεμολυσμέ-

190 1849 336 1897 νους·
385 1836 829 1909 παραιτούμενος
867 1838 960 1892 τὸν
1001 1838 1252 1911 θεομισῆ,
1289 1841 1384 1894 καὶ
1422 1841 1773 1914 ἐπιστρέφων

1885 654 2148 722 deberet;
2193 648 2442 712 dilferam
2489 670 2714 718 autem:
2765 670 2968 723 mutavi
3013 687 3250 742 namque
3286 648 3466 728 cousi-

1882 745 2035 811 lium,
2075 761 2178 813 nec
2228 764 2438 803 summa
2492 760 2614 806 utar
2661 755 2776 822 ira;
2813 772 2919 813 non
2971 761 3165 819 delebo
3214 780 3493 831 prorsus,

1880 840 2132 907 quamvis
2195 842 2464 909 pravitate
2524 859 2864 917 corruptum,
2923 850 3204 921 Ephraim.
3262 855 3465 925 Quam-

1879 928 2114 985 obrem?
2144 947 2209 988 an
2252 932 2357 988 huc
2398 932 2477 988 illi
2508 940 2612 991 non
2662 939 3059 997 merebantur?
3095 934 3494 1015 Merebantur,.

1883 1026 2081 1092 inquit,
2109 1026 2203 1082 sed
2229 1026 2375 1083 Deus
2401 1041 2544 1095 sum,
2580 1042 2687 1084 non
2724 1029 2918 1099 homo;
2967 1035 3140 1091 bonus
3180 1038 3461 1103 nimirum,

1880 1126 1979 1171 nec
2019 1116 2257 1172 motibus
2306 1118 2398 1174 irae
2444 1120 2733 1175 vietoriam
2780 1122 3000 1181 cedens.
3034 1124 3281 1182 Humana
3314 1130 3461 1185 enim

1879 1216 1963 1263 est
1988 1208 2112 1265 talis
2143 1210 2379 1267 aﬂ’ectio.
2420 1213 2564 1280 Quid
2589 1218 2717 1285 ergo
2749 1216 2907 1286 punis
2952 1216 3149 1287 adhuc,
3187 1221 3381 1293 inquit,
3416 1224 3487 1278 sic

1881 1300 2023 1356 Deus
2051 1315 2132 1369 es,
2168 1312 2223 1357 et
2252 1304 2320 1359 ab
2356 1305 2434 1359 ira
2481 1316 2585 1362 non
2618 1309 2851 1376 teneris;
2895 1310 2987 1364 sed
3035 1311 3253 1369 insitam
3284 1316 3463 1384 potius

1880 1395 2355 1452 mansuetudinem
2383 1400 2630 1469 sequeris
2650 1400 2890 1470 3Punio,
2920 1402 3094 1473 inquit
3126 1420 3142 1460 :
3177 1422 3293 1461 sum
3319 1407 3488 1462 eninr

1878 1498 1984 1539 non
2018 1492 2227 1541 tantum
2253 1488 2453 1557 bonus,
2482 1501 2539 1546 ut
2575 1491 2759 1560 Deus;
2792 1496 2886 1549 sed
2926 1506 3189 1565 praeterea
3217 1508 3467 1565 sanctus,

1876 1574 2002 1631 odio
2027 1574 2238 1633 habens
2268 1579 2610 1651 iniquitates,
2649 1596 2909 1641 aversans
2935 1586 3271 1659 inquinatos,
3303 1605 3462 1661 repu-

1877 1666 2034 1723 dians
2078 1666 2173 1724 Dei
2212 1684 2403 1727 osores
2445 1674 2500 1727 et
2549 1680 2880 1731 convertens
2931 1689 3293 1747 peccatorcm,
3339 1697 3462 1752 pur-

1875 1764 2011 1830 gans
2042 1761 2340 1832 impurum,
2370 1774 2428 1821 ut
2462 1767 2592 1821 mihi
2628 1784 2817 1825 rursus
2853 1772 3173 1840 copuletur.
3206 1774 3461 1832 Commoo

1877 1851 1969 1908 dat
2002 1852 2166 1926 igitur
2196 1853 2354 1911 nobis
2401 1858 2661 1928 propheta
2721 1862 3039 1920 exclamans
3088 1874 3145 1921 et
3196 1867 3385 1923 dicens
3440 1887 3479 1922 ιη

190 1926 276 1980 τὸν
317 1927 623 2001 ἀλιτήριον,
667 1932 761 1985 καὶ
799 1932 1116 2004 διασμήχων
1153 1933 1215 1988 τὸ
1262 1933 1509 2005 βέϐηλον,
1552 1937 1638 1991 τνα
1684 1955 1774 2009 μοι

1885 1961 1902 1991 σ
1948 1942 2187 2011 Ωυαιινὶῑο
2227 1946 2538 2016 Dominum,
2580 1960 2634 2006 et
2675 1966 2796 2007 cum
2834 1953 3172 2023 inveneritis,
3212 1958 3487 2015 invocato

195 2018 345 2076 πάλιν
378 2022 744 2091 συνάπτηται.
774 2023 990 2092 Ὠφελεῖ
1017 2023 1081 2095 δή
1104 2020 1197 2079 οὖν
1226 2027 1253 2078 6
1285 2028 1577 2098 προφήτης
1602 2030 1770 2099 ἡμᾶς,

194 2112 580 2184 ἀνακεκραγώς
600 2130 659 2167 τε
716 2113 809 2168 καὶ
831 2114 1010 2183 λέγων
1029 2131 1044 2145 θ
1083 2134 1101 2167 ι
1121 2116 1402 2187 Ζητήσατε
1421 2117 1517 2172 τὸν
1548 2118 1769 2191 Κύριον,

192 2201 279 2253 καὶ
306 2202 364 2255 ἐν
402 2202 482 2272 τῷ
523 2203 803 2274 εὑρίσκειν
833 2202 1018 2269 αὑτὸν,
1060 2205 1484 2273 ἐπικαλέσασθε,
1520 2209 1682 2279 ἡνίκα
1725 2209 1773 2263 δ’

190 2292 251 2347 ἃν
274 2293 462 2367 ἐγγίξῃ
493 2295 648 2366 ὑμῖν,
678 2295 990 2351 ἀπολιπέτω
1010 2297 1039 2349 6
1061 2297 1263 2371 ἀσεϐὴς
1281 2299 1380 2363 τὰς
1402 2300 1557 2365 ὀδοὺς
1582 2302 1771 2369 αὐτοῦ,

188 2384 277 2437 καὶ
293 2384 430 2455 ἀνὴρ
455 2384 663 2457 ἄνομος
680 2387 780 2449 τὰς
806 2386 1002 2457 βουλὰς
1028 2387 1194 2442 αὐτοῦ
1212 2428 1227 2454 ,
1262 2389 1356 2443 καὶ
1382 2391 1772 2464 ἐπιστραφήτω

194 2475 322 2547 πρὸς
359 2474 593 2547 Κύριον,
628 2476 722 2531 καὶ
757 2477 1136 2551 ἐλεηθήσεται.
1162 2498 1181 2531 ι
1236 2480 1358 2554 Χρὴ
1386 2481 1494 2554 γὰρ
1520 2485 1691 2555 ἡμᾶς,
1722 2487 1771 2539 εί

190 2566 308 2635 περὶ
344 2565 546 2620 πολλοῦ
592 2568 894 2638 ποιούμεθα
935 2570 996 2623 τὸ
1035 2565 1180 2626 εἶναι
1218 2573 1359 2642 μετὰ
1401 2572 1562 2640 Θεοῦ,
1602 2576 1765 2630 παντὶ

192 2655 355 2713 σθένει
401 2660 795 2732 παραιτεῖσθαι
837 2660 899 2715 τδ
942 2661 1306 2734 πλημμελεῖν,
1357 2666 1669 2738 μεμνῆσθαί
1710 2685 1773 2722 τε

190 2748 450 2818 λέγοντος
492 2753 710 2821 (Ἅγιοι
739 2752 950 2817 ἔσεσθε,
985 2754 1118 2809 διότι
1151 2755 1263 2823 ἐγὼ
1292 2754 1448 2825 ἅγιός
1488 2758 1627 2829 είμι.

254 2842 361 2897 Kal
394 2844 512 2898 οὐκ
547 2845 974 2915 είσελεύσομαι
1013 2847 1105 2913 είς
1140 2848 1341 2904 πόλιν.
1382 2848 1605 2903 Ὀπίσω
1650 2853 1770 2907 Κυ-

184 2933 312 3002 ρίου
337 2935 733 3006 πορεύσομαι.

255 3027 419 3084 PAA'.
470 3028 785 3101 Ἐπιτρέχει
820 3028 931 3083 τῶν
975 3031 1148 3099 ἁγίων
1195 3030 1494 3104 προφητῶν
1536 3032 1651 3087 ἔσθ’
1676 3035 1767 3090 ὅτε

191 3116 273 3169 τὸν
297 3116 417 3172 νοῦν
449 3118 700 3190 ἀκριϐῶς
728 3119 839 3174 τῶν
870 3121 1149 3193 ἐσομένων
1171 3124 1206 3195 ή
1246 3123 1469 3193 γνῶσις,
1503 3125 1769 3197 ὲναστρά-

194 3223 401 3275 πτοντος
421 3211 483 3265 τὸ
514 3212 703 3283 χρῆμα
736 3212 921 3277 αὐτοῖς
941 3212 1036 3268 τοῦ
1072 3214 1230 3284 ἁγίου
1259 3214 1602 3284 Πνεύματος.
1632 3217 1757 3271 Τοι-

192 3301 368 3373 γάρτοι
401 3304 500 3357 καὶ
533 3303 737 3376 μεταξὺ
760 3304 870 3360 τῶν
903 3304 1051 3359 ίδίων
1074 3304 1273 3374 λόγων,
1308 3305 1431 3378 ήτοι
1484 3306 1595 3362 τῶν
1621 3308 1762 3363 ἄνω-

194 3394 277 3448 θεν
303 3396 398 3451 καὶ
448 3396 605 3469 παρὰ
634 3396 794 3462 Θεοῦ,
845 3398 946 3461 τὰς
976 3406 1138 3451 τινων
1172 3397 1287 3450 ἐσθ’
1334 3399 1423 3452 ὅτε
1460 3416 1766 3470 προανακε-

194 3485 418 3557 ιράγασι
444 3484 652 3557 φωνὰς,
678 3487 710 3559 ἢ
757 3488 1184 3559 μετανοούντων,
1207 3489 1241 3561 ἦ
1272 3489 1761 3562 εὐχαριστούντων,

192 3576 226 3647 ἢ
251 3577 699 3650 ἀνασκιρτῶντων
728 3578 817 3648 ἐφ’
835 3570 917 3643 οἷς
945 3578 1012 3633 ἂν
1038 3579 1238 3643 αὐτοὺς
1263 3579 1575 3652 εὐφραίνειν
1597 3582 1765 3650 ἐπαγο

195 3666 430 3738 γέλληται
471 3668 626 3734 Θεός.
659 3656 942 3724 Τοιουτονί
988 3686 1042 3723 τι
1099 3670 1343 3724 παθόντα
1397 3669 1493 3724 καὶ
1536 3669 1632 3724 νῦν
1674 3672 1765 3726 τὸν

200 3758 448 3830 μακάριον
494 3760 802 3832 εὑρήσομεν
855 3760 1036 3832 Ὠσηὲ.
1093 3761 1152 3815 '0
1203 3762 1302 3832 μὲν
1339 3761 1447 3833 γὰρ
1479 3762 1587 3817 τῶν
1629 3762 1767 3817 ὅλων

198 3848 316 3908 Θεὸς
342 3852 657 3921 ὑπισχνεῖτο
705 3850 804 3923 τὴν
843 3850 1182 3925 ἡμερότητα,
1237 3850 1332 3907 καὶ
1377 3853 1477 3908 οὐκ
1532 3854 1766 3910 εἰσάπαν

198 3939 416 4009 ἔφασκεν
462 3944 808 4016 ὀλοθρεύσειν
852 3946 981 4009 τοὺς
1018 3946 1429 4017 ἡμαρτηκότας,
1471 3947 1552 4000 ὅτι
1585 3964 1645 3999 τε
1679 3947 1767 4018 εἴη

200 4032 335 4100 θεὸς,
356 4036 561 4105 ἀγαθὸς
581 4036 845 4107 δηλονότι,
880 4037 975 4090 καὶ
995 4038 1096 4091 οὐκ
1116 4038 1421 4107 ἄνθρωπος.
1447 4038 1523 4092 Οὐ
1551 4038 1660 4110 γάρ
1684 4056 1765 4093 τοι

199 4124 309 4179 καθ’
334 4128 483 4199 ήμᾶς
527 4130 556 4182 6
589 4127 729 4199 ὑπὲρ
771 4128 955 4181 πᾶσαν
994 4127 1094 4201 τὴν
1135 4126 1335 4181 κτίσιν.
1378 4128 1441 4181 Οί
1476 4127 1533 4182 δὲ
1578 4127 1767 4200 ὥσπερ

199 4217 558 4284 ἐπεγνωκότες
588 4216 657 4272 τὰ
686 4214 862 4272 οἰκεία
894 4217 1367 4290 πλημμελήματα,
1402 4220 1498 4273 καὶ
1535 4236 1769 4290 κατερυ-

201 4307 441 4379 θριῶντες
489 4312 592 4383 ήδη
633 4329 748 4377 πως
780 4311 874 4364 ἐπὶ
903 4314 971 4382 τῇ
1006 4310 1231 4383 πλείστῃ
1261 4327 1321 4364 τε
1373 4311 1468 4365 καὶ
1518 4311 1769 4383 ἀδοκήτῳ

201 4403 386 4472 χάριτι,
410 4403 736 4476 καταλήξειν
756 4402 1181 4473 ἐπαγγέλλονται
1204 4400 1314 4457 τῶν
1335 4402 1518 4473 σφίσιν
1537 4401 1771 4475 ἐξηυρη-

205 4477 400 4562 μένων,
418 4496 489 4550 δι’
518 4484 595 4550 ὧν
624 4496 719 4551 καὶ
748 4495 1246 4570 προσκεκρούκασι.
1294 4495 1406 4548 Καὶ
1436 4497 1565 4549 ποῖα
1598 4493 1777 4549 ταῦτα

1794 3258 1841 3321 C

1875 2034 2031 2102 eum;
2073 2048 2197 2089 cum
2231 2042 2411 2092 autem
2449 2038 2969 2109 appropinquaverit
3007 2042 3181 2108 vobis,
3222 2043 3461 2100 derelin-

1875 2132 2005 2195 quat
2041 2125 2241 2196 impius
2275 2127 2393 2183 vias
2426 2140 2577 2198 suas,
2613 2139 2665 2185 et
2700 2131 2784 2185 vir
2814 2131 3031 2203 iniquus
3076 2134 3302 2189 consilia
3335 2148 3481 2200 sua”

1873 2225 1929 2271 et
1972 2225 2280 2273 revertatur
2310 2220 2377 2272 ad
2412 2219 2721 2287 Dominum,
2754 2232 2810 2278 et
2851 2224 3278 2280 misericordiam
3326 2241 3459 2282 con-

1873 2319 2134 2377 sequetur
2159 2310 2226 2365 ”.
2266 2324 2285 2363 ι
2317 2311 2544 2383 Oportet
2566 2316 2709 2368 enim
2749 2329 2870 2382 nos,
2919 2316 2963 2371 Si
3005 2318 3186 2388 magni
3219 2318 3455 2374 aestima-

1873 2417 1995 2457 mus
2024 2416 2147 2457 esse
2179 2410 2301 2457 cum
2325 2400 2456 2469 Deo,
2486 2406 2614 2461 totis
2636 2405 2842 2463 viribus
2875 2408 3123 2478 refugere
3147 2418 3175 2464 a
3214 2421 3453 2481 peccato,

1872 2501 1928 2548 et
1959 2495 2275 2552 meminisse
2306 2496 2536 2554 dicentis
2570 2515 2589 2553 :
2625 2517 2644 2551 ι
2683 2498 2869 2555 Sancti
2885 2500 3058 2569 eritis,
3080 2503 3332 2573 quoniam
3357 2510 3479 2576 ego.

1872 2595 2099 2641 sanctus
2126 2602 2246 2642 sum
2280 2588 2342 2641 ⁸³.
2384 2605 2409 2639 ι

1947 2850 2021 2905 Et
2071 2864 2174 2906 non
2218 2850 2495 2922 ingrediar
2539 2854 2595 2907 in
2644 2853 2927 2911 civitatem.
2998 2854 3124 2912 Post
3172 2856 3483 2912 Domitium.-

1872 2943 2175 3000 ambulnbo.

1940 3031 2185 3091 CXXXI.
2211 3033 2449 3092 lncurrit
2472 3047 2861 3107 nonnunquam
2887 3037 2940 3093 in
2972 3037 3213 3094 animum
3241 3048 3458 3095 sancto.

1871 3139 1989 3179 rum
2023 3126 2414 3196 prophetarum
2450 3124 2689 3196 perfecta
2718 3126 3024 3184 futurorum
3062 3128 3276 3193 notitia,
3310 3145 3443 3185 san-

1872 3229 1962 3276 cto
1988 3220 2195 3292 Spiritu
2217 3236 2341 3277 cum
2378 3221 2502 3277 luce
2528 3221 2761 3291 quadam
2786 3233 2898 3274 rem
2924 3218 3031 3273 illis
3069 3217 3473 3288 patefacieute-

1873 3312 2109 3367 Proinde
2137 3322 2192 3367 et
2223 3313 2276 3368 in
2308 3312 2489 3368 medio
2519 3326 2833 3368 sermonum
2869 3325 3112 3377 suorum,
3138 3309 3257 3368 sive
3289 3312 3455 3367 desu-

1873 3419 1970 3474 per
2004 3418 2037 3457 a
2073 3404 2182 3460 Deo
2214 3413 2595 3475 suggestorum
2624 3402 2984 3474 quorumdam
3018 3417 3181 3457 voces
3209 3402 3457 3472 aliquau-

1872 3496 1941 3550 do
1974 3504 2100 3551 ante
2146 3497 2523 3566 pronuntiant,
2558 3504 2653 3549 aut
2694 3492 3097 3564 pmnitentium,
3133 3504 3226 3546 aut
3253 3494 3457 3564 gratias

1873 3590 2172 3657 agentium,
2205 3599 2300 3642 aut
2333 3586 2733 3657 prosilientium
2760 3585 2827 3640 ad
2857 3600 2942 3652 ea,
2970 3584 3168 3655 quibus
3200 3584 3338 3639 Deus
3367 3584 3459 3639 la:-

1874 3679 2205 3735 titicaturum
2232 3692 2293 3735 se
2314 3678 2435 3735 illos
2451 3674 3150 3749 promiserit.'llujusmodi
3186 3676 3448 3748 quiddam

1872 3782 1927 3827 et
1961 3773 2013 3826 in
2038 3786 2278 3842 prmsens
2307 3772 2466 3827 beato
2488 3769 2642 3827 Osee:
2671 3769 2965 3840 contigisse
2999 3767 3160 3842 164
3184 3768 3452 3827 videmus.

1875 3865 2019 3920 Deus
2079 3864 2223 3921 enim
2270 3864 2649 3920 universorum
2691 3861 3033 3918 clementiam
3077 3860 3477 3932 pollicebatur”

1874 3956 2292 4027 aﬁirmabatque
2342 3963 2663 4027 peccatores
2699 3969 2805 4009 non
2856 3952 3104 4009 funditus
3132 3952 3477 4015 deleturum,.

1874 4045 2020 4117 quod
2052 4044 2200 4101 Deus
2225 4052 2392 4111 esset,
2427 4044 2599 4099 bonus
2631 4042 2907 4108 videlicet,
2960 4057 3065 4096 non
3107 4040 3290 4096 homo.
3337 4038 3456 4095 Non

1874 4138 2018 4192 enim
2048 4124 2444 4208 nostriisimilis
2471 4144 2578 4200 est,
2625 4134 2716 4205 qui
2756 4148 2973 4190 omnem
3008 4141 3319 4188 creaturam
3359 4145 3455 4187 su-

1875 4228 2237 4300 pergreditur.
2280 4227 2380 4284 Ast
2415 4226 2512 4292 illi,
2560 4235 2621 4280 ut
2657 4231 3022 4293 agnoscentes
3053 4232 3279 4295 peccata
3333 4236 3453 4287 sua,

1874 4328 1931 4373 et
1987 4315 2373 4373 erubescentes
2426 4314 2827 4385 quodammodo
2870 4328 3038 4383 super
3094 4311 3326 4383 plurima
3401 4320 3459 4366 et

1877 4409 2166 4478 improvisa
2201 4408 2397 4477 gratia,
2426 4414 2741 4463 cessaturos
2770 4418 2828 4460 se
2854 4404 3123 4475 spondent
3152 4402 3221 4457 ab
3259 4402 3457 4457 inven-

1879 4502 1947 4556 tis
1978 4502 2092 4555 suis
2125 4500 2322 4571 quibus
2350 4499 2516 4554 Deum
2546 4496 2911 4553 offenderunt.
2942 4496 3074 4564 Quae
3109 4510 3275 4567 porro
3308 4494 3409 4549 ista
3431 4494 3458 4548 τ

205 4587 329 4649 ἐστι,
358 4587 421 4642 δι’
446 4586 614 4642 αὐτοῦ
638 4587 802 4642 πάλιν
823 4587 973 4659 ἡμᾶς
995 4585 1092 4640 τοῦ
1110 4586 1388 4658 προφήτου
1417 4584 1597 4657 πεπλη
1607 4587 1768 4657 90(96-

1879 4591 2093 4648 Bursus
2136 4605 2234 4662 per
2286 4580 2464 4661 ipsum
2516 4588 2836 4661 prophetam
2884 4587 3042 4657 plene
3090 4586 3248 4642 docet
3292 4582 3453 4640 Deus.

208 4695 360 4750 ρηκεν
385 4680 414 4735 6
434 4680 589 4745 Θεὸς.
620 4681 765 4752 Ἔφη
795 4678 904 4751 γὰρ
939 4680 998 4734 ἐν
1023 4679 1138 4743 τοῖς
1162 4677 1349 4733 ὀπίσω-
1367 4676 1564 4751 βραχὺ,
1591 4679 1683 4733 τόν
1709 4694 1770 4733 τε

219 4764 399 4825 Ἰούδαν
459 4771 645 4838 αὑτὸν,
673 4772 767 4826 καὶ
813 4772 905 4826 τὸν
954 4769 1197 4844 Ἑφραῒμ
1221 4770 1565 4842 αἰτιώμενοςο
1602 4791 1621 4824 ι
1660 4772 1774 4827 Καὶ

209 4860 485 4920 ἐπελάθετο
526 4862 743 4936 Ἰσραὴλ
797 4862 889 4917 τοῦ
941 4863 1270 4934 ποιήσαντος
1301 4863 1483 4928 αὑτὸν,
1514 4863 1609 4917 καὶ
1633 4863 1778 4935 ᾠκο-

210 4948 394 5025 δόμησε
434 4956 662 5026 τεμένη,
698 4957 792 5009 καὶ
831 4956 1036 5020 Ἰούδας
1061 4954 1340 5026 ἐπλήθυνε
1375 4954 1562 5019 πόλεις
1597 4971 1777 5009 τετει-

216 5047 484 5116 χισμὲνας.
520 5048 630 5103 Καὶ
669 5048 954 5103 ἀποστελῶ
985 5047 1096 5120 πῦρ
1126 5048 1221 5102 ἐπὶ
1248 5046 1348 5111 τὰς
1372 5046 1556 5112 πόλεις
1583 5046 1777 5112 αὐτοῦ,

213 5135 297 5189 καὶ
324 5141 694 5211 καταφάγεται
742 5141 811 5196 τὰ
866 5139 1095 5211 θεμέλια
1141 5139 1384 5194 αὐτῶν.»
1432 5139 1490 5193 '0
1539 5138 1639 5210 μὲν
1666 5138 1774 5211 7&9

224 5225 465 5305 Ἐφραῖμ,
496 5233 665 5304 ήγουν
686 5235 714 5289 6
746 5233 983 5307 Ἰσραὴλ,
1013 5231 1252 5304 βωμοὺς,
1278 5233 1373 5287 καὶ
1401 5232 1603 5305 τεμένη
1631 5231 1783 5287 κατὰ

216 5317 301 5389 τὴν
336 5323 648 5396 Σαμάρειαν
706 5325 821 5390 τοῖς
859 5323 1099 5390 εἰδώλοις
1140 5323 1600 5396 ἀναδειμάμενοι,
1643 5328 1782 5378 κατ-

218 5406 427 5469 ὡλισθον
464 5418 546 5481 είς
576 5416 1249 5485 ἀπόστασιν,ξέπελάθοντο
1265 5404 1359 5470 τοῦ
1388 5414 1544 5479 Θεοῦ,
1562 5415 1657 5469 καὶ
1682 5416 1782 5487 τῆς

218 5503 289 5567 εἰς
338 5506 495 5563 αὐτὸν
541 5510 767 5582 ἀγάπης
821 5508 884 5564 τδ
947 5510 1173 5581 γνήσιον
1225 5509 1439 5573 οὐδενὸς
1503 5506 1785 5573 ἀξιοῦντες

219 5590 381 5664 λόγον,
405 5600 834 5673 παροτρύνοντες
854 5602 1143 5657 διετέλουν.
1161 5600 1363 5665 Ἰούδας
1389 5599 1447 5654 δέ
1477 5596 1569 5665 αὖ,
1603 5599 1781 5654 καίτοι

221 5690 520 5758 πεποιθότες
552 5692 649 5748 ἐπὶ
678 5693 758 5766 τῷ
789 5694 931 5765 Θεῷ,
968 5693 1112 5749 κατὰ
1143 5694 1270 5758 τοὺς
1305 5690 1513 5748 ἄνωθεν
1547 5689 1625 5745 ἔτι
1656 5692 1784 5765 χρό-

287 5865 433 5924 "lsa.
465 5887 552 5937 ιν,
587 5870 640 5938 6,
677 5871 730 5927 Ἰ.
809 5872 853 5903 ³⁸
878 5870 1051 5928 Levii.
1084 5885 1161 5936 xl,
1359 5855 1402 5902 ί*
1426 5870 1549 5927 Ose.
1588 5883 1701 5940 vm,
1748 5866 1831 5922 Η.

1871 4682 1965 4739 Ait
1998 4684 2142 4739 enim
2169 4683 2329 4755 paulo
2358 4698 2542 4753 supra,
2571 4679 2765 4737 ludam
2788 4690 2844 4735 et
2866 4678 3122 4749 Ephraim
3149 4691 3454 4733 accusans:

1877 4796 1899 4829 σ
1927 4774 2140 4833 Oblitus
2164 4784 2248 4830 est
2278 4773 2446 4830 israel
2476 4773 2701 4830 factoris
2734 4774 2925 4839 suiret
2955 4769 3246 4826 aedificavit
3283 4770 3441 4825 delu-

1874 4870 1996 4934 bra,
2022 4874 2077 4924 et
2098 4865 2265 4923 ludas
2313 4864 2695 4937 multiplicavit
2725 4863 2895 4919 urbes
2929 4870 3192 4919 muratas.
3220 4862 3283 4916 Et
3329 4861 3459 4916 mit-

1881 4971 1991 5015 tam
2046 4959 2227 5029 ignem
2270 4958 2322 5012 in
2378 4957 2629 5014 civitates
2663 4957 2800 5028 ejus.
2847 4966 2903 5012 et
2945 4954 3230 5010 devorabit
3263 4952 3459 5009 funda-

1881 5061 2062 5107 menta
2099 5050 2310 5106 illarum
2331 5048 2397 5102 “.
2415 5067 2441 5102 ι
2465 5048 2717 5119 Ephraim
2746 5048 2924 5127 enim,
2943 5047 3059 5104 sive
3084 5044 3271 5112 Israel,
3298 5054 3453 5116 post-
3524 5045 3539 5097 Ξ

1880 5158 2043 5215 quam
2074 5157 2196 5197 aras
2230 5151 2285 5198 et
2320 5140 2453 5198 fana
2497 5141 2655 5197 idolis
2683 5142 2733 5195 in
2778 5126 3026 5197 Samaria
3073 5139 3455 5203 exaediﬁcavit,

1882 5237 2066 5307 lapsus
2094 5244 2178 5291 est
2200 5234 2256 5289 in
2286 5234 2640 5305 apostasiam,
2680 5233 2884 5289 oblitus
2911 5241 2993 5288 est
3035 5231 3154 5297 Dei,
3186 5240 3241 5288 et
3279 5230 3460 5285 charis

1882 5339 2044 5387 tatem
2093 5344 2222 5401 erga
2267 5329 2419 5385 illum
2468 5326 2889 5397 iloccipendens,
2930 5324 3152 5380 irritare
3196 5321 3448 5377 eumdem

1882 5438 1986 5476 non
2025 5422 2208 5478 desiit.
2252 5416 2420 5477 Judas
2452 5433 2637 5490 porro,
2677 5418 2929 5489 quamvis
2975 5416 3028 5472 in
3067 5415 3179 5471 Deo
3219 5412 3460 5470 conlide-

1882 5521 1963 5567 ret
2002 5528 2100 5587 pro
2147 5511 2538 5568 consuetudine
2579 5507 2921 5580 superiorum
2974 5516 3299 5577 temporum,
3333 5501 3461 5572 qui-

1881 5606 1983 5660 bus
2012 5604 2078 5660 ah
2110 5603 2229 5674 ipso
2260 5612 2316 5659 et
2353 5616 2451 5673 per
2494 5601 2669 5673 ipsum
2703 5607 2951 5655 servatus
2986 5596 3188 5660 fuerat,
3217 5594 3281 5649 ad
3320 5593 3483 5648 iram.-

1882 5705 2064 5753 tamen
2117 5694 2299 5752 multis
2327 5704 2382 5752 et
2428 5692 2547 5751 aliis
2590 5691 2765 5754 modis
2794 5706 2917 5747 cum
2958 5689 3307 5765 prouocabat,
3355 5685 3467 5742 bos
