4068 6544
1611 346 1731 376 ,....
1744 348 1811 357 ,τά

604 418 715 475 275

1637 420 1695 473 S.
1736 417 2011 475 CYRILLI
2051 419 2521 477 ALEXANDRINI
2556 420 2875 480 ARCHIEP.

3758 414 3877 475 27¢

609 546 719 587 uno
752 539 931 586 autem
968 527 1258 600 praecipue.
1291 526 1427 583 Nam
1464 542 1587 584 cum
1614 529 1756 587 Deus
1780 532 2015 588 minatus
2054 532 2187 591 fuis-

2303 554 2414 599 vou;
2446 538 2572 607 παρ’
2608 536 2772 589 αὑτοῦ
2794 552 2853 588 τε
2906 535 3000 588 καὶ
3040 533 3108 588 δι’
3153 532 3320 588 αὑτοῦ
3356 530 3672 602 σωζόμενοι,
3729 548 3868 584 κατα

616 630 718 685 set,
744 621 1035 674 missurum
1078 634 1137 673 se
1169 619 1300 688 ipsis
1324 617 1631 690 Assyrium,
1656 620 1747 688 qui
1772 628 1973 674 terram
2004 632 2183 676 vasta.

614 720 717 776 rel,
755 712 915 766 urbes
938 726 1065 765 suas
1100 710 1422 765 instauratis
1458 711 1729 766 moenibus
1760 714 2187 779 communiebat,

618 814 792 865 ratus,
829 801 938 856 Dco
981 802 1233 871 quamvis
1266 800 1503 867 nolente,
1551 802 1793 856 bonitate
1832 804 2090 858 mamium
2132 820 2192 860 se

616 892 823 947 salvum
854 902 910 947 et
941 894 1011 947 ab
1056 895 1481 962 oppugnantium
1518 892 1726 949 viribus
1765 893 2025 949 invictum
2054 895 2189 955 fore.

615 986 803 1054 Itaque
840 986 949 1041 Deo
982 987 1122 1040 bona
1155 1001 1219 1040 ex
1269 986 1687 1041 mansuetudine
1736 988 2103 1056 promittente,
2138 998 2193 1043 et

614 1080 970 1133 vehementer
991 1076 1355 1143 otl‘enderunt,
1388 1088 1443 1131 et
1468 1077 1772 1132 conservati
1804 1077 2020 1142 deinde,
2058 1093 2086 1131 a
2117 1078 2192 1131 la-

618 1170 722 1225 ctis
784 1168 943 1223 simul
995 1179 1049 1221 et
1118 1168 1360 1223 consiliis
1412 1168 1674 1238 improbis
1726 1182 1848 1223 sese
1912 1169 2194 1237 quieturos

618 1262 792 1317 aiunt.
844 1260 984 1331 Quin
1037 1260 1200 1315 etiam
1240 1259 1438 1315 clamet
1484 1259 1670 1326 Judas,
1708 1276 1729 1311 ι
1776 1274 1881 1314 non
1922 1260 2196 1330 ingrediar

619 1354 674 1410 in
709 1338 1007 1419 civitatem,
1052 1372 1071 1407 ι
1108 1355 1208 1409 hoc
1236 1362 1341 1418 est,
1375 1368 1591 1407 murum
1623 1352 1832 1408 habebo
1874 1351 2064 1417 Deum,
2110 1367 2195 1407 se-

621 1445 930 1510 curitatem,
963 1455 1018 1500 et
1061 1455 1327 1512 tutamen,
1364 1453 1417 1499 et
1465 1459 1615 1515 spem
1648 1445 1700 1499 in
1733 1444 1905 1510 ipsum
1946 1443 2077 1498 mihi
2115 1443 2196 1497 ia-

619 1534 794 1601 ciam,
832 1536 932 1590 sub
976 1535 1245 1591 servantis
1306 1533 1583 1589 dexteram
1622 1533 1908 1588 succedam
1934 1572 1949 1599 ,
1993 1534 2110 1602 ipse
2142 1541 2196 1586 et

622 1628 771 1683 solus
818 1628 883 1682 ad
941 1627 1169 1682 salutem
1207 1627 1339 1682 mihi
1396 1626 1645 1688 suiiiciet,
1679 1625 1839 1681 inane
1895 1635 1950 1681 et
2006 1625 2197 1681 iuutile

620 1735 844 1790 prorsus
871 1719 1187 1781 coniitebor,
1216 1726 1551 1787 exspectare,
1583 1716 1800 1786 quando
1838 1717 1981 1772 bello
2024 1717 2198 1787 regio-

623 1828 749 1867 nem
786 1812 1114 1881 pervadente
1140 1812 1195 1865 in
1231 1811 1418 1863 urbem
1445 1810 1722 1879 ingressus
1748 1808 2038 1864 salvandus
2072 1810 2194 1864 sim.

2293 623 2492 694 ἔθηγον
2538 626 2617 687 είς
2644 622 2842 695 ὀργὰςς
2888 621 3031 676 κατὰ
3070 622 3298 685 πολλοὺς
3358 621 3462 690 μὲν
3505 620 3599 675 καὶ
3641 620 3867 691 ἐτέρους

2290 715 2543 785 τρόπους,
2586 716 2819 785 μάλιστα
2843 715 2899 769 δὲ
2928 714 2996 767 δι’
3019 714 3137 778 ἑνὸς
3161 712 3372 767 τούτου.
3415 712 3547 765 Θεοῦ
3577 712 3683 780 γὰρ
3713 713 3869 781 ἠπειο

2290 805 2516 874 ληκότος
2548 805 2877 875 ἐπιπέμψειν
2906 806 3086 866 αὐτοῖς
3111 803 3201 856 τὸν
3232 803 3512 875 ’Λσσύριον
3535 802 3866 871 ἀφανιοῦντα

2291 896 2391 967 τὴν
2415 897 2538 966 γῆν,
2569 897 2872 967 ἀνετείχιζε
2916 896 3013 959 τὰς
3052 894 3245 949 ἑαυτοῦ
3290 895 3493 959 πόλεις,
3534 896 3755 965 οἰηθεὶς,
3784 894 3866 947 ὃτι

2294 991 2395 1043 κᾶν
2429 992 2477 1043 εί
2509 991 2583 1060 μὴ
2627 990 2870 1061 βούλοιτο
2914 989 3067 1053 Θεὸς,
3108 991 3175 1059 τῇ
3215 988 3323 1041 τῶν
3377 988 3583 1040 πόλεων
3620 989 3868 1057 είνιτειχξειμ⁵

2296 1080 2621 1152 σωθήσεται,
2643 1082 2735 1136 καὶ
2764 1081 2862 1153 τῆς
2884 1079 2977 1132 τοῦ
3009 1079 3318 1150 μαχομένου
3350 1078 3630 1147 περιέσται
3660 1078 3865 1147 χειρός.

2295 1174 2503 1228 Οὐκοῦν
2518 1173 2988 1243 ἐπαγγελλομένου
3002 1172 3136 1225 Θεοῦ
3153 1172 3222 1225 τὰ
3244 1172 3303 1236 ἐξ
3316 1174 3350 1242 ἡ
3360 1171 3649 1242 μερότητος
3663 1169 3867 1238 ἀγαθὰ,

2295 1268 2389 1321 καὶ
2418 1268 2481 1320 ού
2510 1267 2747 1338 μετρίως
2774 1263 3267 1336 προσκεκρουκόσι,
3305 1263 3398 1315 καὶ
3428 1262 3580 1315 αὐτοὶ
3605 1261 3795 1314 λοιπὸν
3822 1262 3871 1313 οι

2297 1358 2594 1431 σωζόμενοι
2624 1358 2732 1413 τῶν
2763 1358 2981 1412 ἀτόπων
3024 1355 3442 1427 ἐγχειρημάτων
3473 1370 3532 1406 τε
3573 1351 3733 1421 ὁμοῦ,
3779 1353 3870 1403 καὶ

2300 1452 2398 1522 μέν
2435 1468 2515 1504 τοι
2549 1452 2641 1505 καὶ
2671 1449 3051 1520 βουλευμάτων
3074 1444 3495 1501 ἀποπαύσασθαί
3520 1461 3668 1512 φασι,
3696 1445 3794 1496 καὶ
3807 1442 3869 1511 δὴ

2296 1543 2391 1598 καὶ
2415 1541 2591 1612 βοάτω
2618 1540 2715 1611 μὲν
2752 1539 2949 1600 Ἰούδας
2977 1555 2991 1569 ο
3028 1555 3045 1587 ι
3069 1537 3185 1588 Οὐκ
3218 1533 3593 1602 εἰσελεύσομαι
3640 1535 3726 1595 εἰς
3775 1532 3871 1583 πό-

2296 1635 2401 1698 λιν,
2426 1654 2443 1685 ι
2478 1634 2744 1695 τουτέστι,
2794 1633 2986 1701 Τεῖχος
3027 1628 3135 1692 ἔξω
3175 1626 3329 1680 Θεὸψ
3372 1624 3669 1693 ἀσφάλειαν
3715 1621 3872 1691 ποιή-

2299 1745 2464 1799 σομαι
2491 1727 2590 1798 τὴν
2627 1727 2707 1788 είς
2738 1724 2899 1779 αὑτὸν
2937 1723 3146 1784 ἐλπίδα,
3178 1720 3279 1791 τὴν
3306 1718 3399 1772 τοῦ
3430 1717 3690 1781 σώζοντος
3741 1715 3874 1766 ὐπο-

2296 1816 2611 1889 δραμοῦμαι
2651 1814 2853 1882 δεξιάν.
2914 1814 3087 1876 Αὐτὸς
3147 1811 3392 1880 ἀρκέσει,
3452 1808 3547 1862 καὶ
3599 1808 3759 1877 μόνος
3799 1804 3875 1866 είς

618 1902 809 1974 Itaque
845 1918 951 1958 non
988 1902 1261 1973 ingrediar
1291 1901 1344 1955 in
1367 1900 1667 1955 civitatem.
1694 1898 1857 1956 Israel
1898 1916 2060 1971 porro
2086 1902 2200 1957 sive

2304 1907 2580 1979 σωτηρίαν
2617 1907 2763 1976 ἐμοί.
2833 1906 3054 1957 Είκαῖον
3104 1902 3427 1971 ὁμολογήσω
3472 1899 3565 1952 καὶ
3604 1898 3875 1969 ἄχρηστον

619 1991 878 2063 prraim
928 2002 1118 2047 contra
1154 1991 1381 2045 alterum
1438 1990 1563 2043 illud
1614 1992 1932 2059 proclamet,
1978 2005 2192 2059 nempe,

632 2102 652 2137 ι
681 2092 802 2153 post
838 2083 1124 2138 Dominum
1159 2081 1465 2135 ambulabo.
1503 2099 1521 2132 ι
1559 2079 1953 2147 Supersedebo,
1998 2082 2193 2151 inquit,

623 2174 870 2243 antiquis
914 2173 1254 2236 criminibus,
1287 2173 1340 2227 in
1386 2172 1623 2227 futurum
1669 2173 1760 2227 Dei
1806 2172 1949 2244 leges
1975 2185 2195 2241 sequar,

627 2262 816 2316 ducem
848 2262 977 2318 mihi
1017 2263 1391 2317 universorum
1425 2262 1593 2318 Deum
1626 2263 1873 2332 deligam.
1904 2264 1980 2319 Ac
2007 2264 2053 2318 si
2081 2263 2202 2332 quis

621 2354 1019 2426 beneplacitum
1045 2354 1139 2411 Dei
1171 2367 1554 2427 persequatur,
1591 2358 1751 2425 plane
1779 2365 1833 2412 et
1863 2356 2039 2426 ipsum
2066 2358 2200 2412 sciet

618 2446 815 2511 solum,
855 2456 910 2500 et
941 2448 1117 2503 eidem
1152 2448 1358 2503 cultum
1390 2447 1690 2511 adhibebit,
1738 2446 2013 2517 aliumque
2055 2461 2191 2515 prmo

620 2548 769 2593 terea
805 2539 1075 2593 neminem
1117 2539 1384 2595 adorabit.

2301 1994 2579 2059 παντελῶς
2612 1994 2675 2048 τὸ
2702 1994 3004 2064 προσδοκᾷν
3036 1994 3140 2055 ὃτι,
3177 1991 3414 2060 πολέμου
3443 1988 3541 2060 τὴν
3568 1988 3668 2058 γῆν
3706 2002 3874 2041 κατα-

2302 2089 2537 2152 θέοντος,
2561 2084 2817 2139 εἰσελθὼν
2856 2085 2939 2147 είς
2968 2083 3145 2146 πόλιν,
3183 2081 3524 2150 σωθήσομαι.
3552 2075 3761 2129 Οὐκοῦν
3781 2073 3878 2127 οὐκ

2306 2172 2685 2243 εἰσελεύσομαι
2732 2173 2812 2236 είς
2854 2171 3029 2224 πόλιν.
3094 2167 3312 2240 Ἰσραὴλ
3343 2170 3400 2222 δέ
3432 2167 3614 2229 πάλιν,
3653 2168 3823 2235 ἤγουν
3852 2166 3879 2215 6

2314 2263 2575 2335 Ἑφραῒμ,
2634 2262 2987 2332 ἀναφωνιίτω
3020 2262 3082 2315 τὸ
3129 2261 3338 2331 ἕτερον.
3389 2260 3463 2311 Τὸ
3509 2258 3566 2312 δέ
3615 2258 3757 2317 ἐστι,
3822 2253 3879 2307 τὸ

2308 2355 2559 2409 «Ὀπίσω
2613 2355 2820 2426 Κυρίου
2875 2353 3238 2425 πορεύσομαι.
3269 2372 3289 2402 ι
3372 2347 3878 2416 ’Δποπεπαύσομαμ

2301 2448 2457 2520 φησι,
2487 2447 2595 2502 τῶν
2627 2448 2871 2517 ἀρχαίων
2915 2446 3280 2517 αίτιαμάτων.
3328 2443 3528 2499 Λοιπὸν
3562 2443 3671 2504 τοῖς
3718 2440 3882 2499 θείοις

2300 2539 2503 2610 ἕψομαι
2535 2538 2738 2608 νόμοις.
2770 2538 3109 2608 Καθηγητὴν
3150 2538 3448 2609 ποιήσομαι
3478 2534 3568 2587 τὸν
3612 2531 3723 2585 τῶν
3749 2532 3881 2585 ὅλων

614 2632 771 2687 Θεόν.
803 2632 866 2687 Εἰ
897 2632 953 2687 δὲ
980 2634 1044 2704 δή
1072 2651 1153 2696 τις
1183 2634 1253 2686 for.
1284 2632 1419 2702 πρὸς
1463 2632 1526 2685 τὸ
1567 2630 1761 2685 δοκοῦν
1807 2630 1949 2701 Θεῷ,
2001 2632 2220 2696 πάντως
2294 2651 2429 2698 που,
2481 2634 2576 2686 καὶ
2624 2634 2786 2691 αὐτὸν
2831 2633 3037 2688 εἴσεται
3090 2633 3272 2705 μόνον.
3310 2630 3471 2701 Αὐτῷ
3509 2647 3571 2687 τε
3610 2628 3672 2683 τὸ
3721 2626 3883 2689 σέϐας

618 2724 835 2796 ἀνάψει,
868 2726 1237 2797 προσκυνήσει
1269 2742 1329 2778 τε
1366 2726 1553 2797 ἕτερον
1584 2726 1714 2795 παρ’
1734 2725 1897 2779 αὐτὸν
1922 2725 2201 2790 παντελῶς
2236 2727 2448 2787 οὐδένα,

694 2843 853 2915 165
870 2843 1033 2899 Vens.
1056 2844 1244 2912 10,Η.
1274 2843 1421 2899 Sicut
1433 2844 1517 2897 leo
1531 2843 1721 2914 rugiet,
1750 2845 1873 2912 quia
1886 2842 1994 2912 ipse
2012 2843 2201 2912 rugiet,

620 2944 668 2988 et
700 2936 977 3004 stupebant
1000 2936 1100 3004 ﬁlii
1144 2934 1741 3005 aquarum.Avolabunt
1783 2935 1935 3003 quasi
1974 2935 2084 2988 avis
2134 2949 2201 2987 ex

620 3026 879 3098 Egypto,
898 3037 945 3081 et
967 3029 1127 3098 quasi»
1148 3028 1389 3082 columba
1412 3044 1477 3082 ea:
1502 3035 1643 3081 terra
1661 3027 2017 3098 Assyriorum.
2042 3024 2108 3079 Et
2130 3041 2209 3080 re-

618 3120 838 3173 stituant
864 3120 1003 3189 ipsos
1029 3120 1083 3174 in
1105 3120 1286 3174 domos
1316 3136 1464 3185 suas,
1490 3121 1614 3175 dicit
1639 3120 1922 3175 Dominus.

691 3318 955 3375 CXXXII.
1013 3320 1146 3376 Cum
1199 3320 1309 3391 jam
1356 3319 1570 3377 adesset
1633 3328 1845 3392 tempus
1894 3321 2200 3389 definitum,

624 3426 735 3479 quo
789 3412 1103 3482 captivitate
1150 3412 1285 3467 solvi
1335 3410 1591 3469 lsraelem
1634 3402 1946 3483 oportebat,
2006 3412 2201 3485 Cyrus,

625 3502 906 3574 Cambysae
947 3504 1111 3565 filius,
1148 3503 1433 3559 Persarum
1475 3504 1861 3575 Medorumque
1916 3506 2201 3574 imperium

624 3597 871 3661 sortitus,
903 3611 1024 3651 cum
1057 3597 1298 3652 exercitu
1332 3596 1535 3666 ingenti
1584 3606 1636 3650 et
1674 3596 1910 3666 potentia
1953 3598 2205 3651 inexora-

624 3688 717 3746 bili
745 3689 1074 3761 Babylonem
1109 3690 1277 3758 ipsam
1308 3699 1362 3743 et
1396 3690 1697 3761 Assyriam,
1732 3690 1839 3744 Deo
1866 3690 1931 3744 ad
1981 3690 2083 3745 hoc
2109 3705 2204 3745 ex-

625 3780 848 3845 citante,
887 3782 1099 3850 irrupit.
1135 3781 1314 3849 Quare
1342 3782 1601 3851 propheta
1632 3780 1903 3836 Jeremias
1950 3798 2205 3852 prmnun-

630 3872 772 3926 tians
804 3872 1134 3943 Babylonem
1167 3872 1506 3943 capiendam,
1540 3875 1605 3929 de
1632 3873 1801 3929 Medis
1831 3883 1883 3929 et
1904 3873 2086 3929 Persis
2132 3875 2204 3928 ita

626 3962 889 4032 loquitur:
927 3982 946 4015 ‹
974 3962 1231 4018 lnvadent
1262 3974 1334 4028 te,
1365 3974 1420 4019 et
1447 3964 1704 4034 capieris,
1736 3964 1999 4035 Babylon,
2021 3972 2075 4018 et
2099 3979 2203 4017 non

628 4055 995 4124 cognosceris.
1034 4055 1252 4111 Inventa
1285 4070 1366 4121 es,
1392 4066 1447 4110 et
1488 4065 1643 4126 capta
1686 4069 1764 4119 es,
1807 4055 1932 4124 quia
1980 4054 2207 4108 Domino

627 4147 876 4203 restitisti
907 4148 971 4203 ³⁸.
1013 4166 1031 4199 ›
1069 4148 1140 4201 At
1169 4148 1236 4203 de
1261 4147 1403 4219 Cyro
1434 4165 1448 4204 :
1488 4166 1507 4198 ι
1544 4147 1804 4202 Ascendit
1843 4146 1925 4202 leo
1956 4146 2021 4201 de
2045 4145 2205 4200 cubili

630 4255 750 4304 suo,
786 4249 844 4294 ut
872 4250 1034 4310 ponat
1075 4250 1272 4295 terram
1322 4250 1467 4293 tuam
1498 4241 1551 4294 in
1582 4239 1949 4294 solitudinem.
1976 4238 2042 4292 Et
2069 4239 2208 4294 civi-

632 4340 771 4387 tates
794 4341 896 4387 tuce
919 4331 1294 4398 vastabantur,
1312 4332 1453 4401 quod
1479 4347 1583 4385 non
1613 4332 2067 4399 habitenturipsae
2088 4332 2153 4388 ³⁸.
2181 4351 2201 4385 ι

632 4424 762 4481 Esse
792 4433 967 4478 autem
1001 4425 1378 4479 universorum
1417 4425 1579 4478 Deum
1615 4423 1706 4490 qui
1752 4423 1899 4478 dedit
1939 4422 2080 4494 Cyro
2127 4425 2208 4479 vi-

2383 2847 2481 2914 Ὥς
2520 2846 2679 2902 λέων
2722 2844 3056 2916 ἐρεύξεται,
3087 2844 3177 2897 ὅτι
3220 2842 3403 2908 αὐτὸς
3434 2841 3756 2910 ἆψύσεται,
3791 2836 3884 2892 καὶ

2297 2936 2703 3004 ἐκστήσονται
2770 2938 2952 2989 τέκνα
3007 2934 3265 2990 ὑδάτων.
3316 2934 3759 3000 Ἐκπτήσονται
3808 2930 3884 2995 ὡς

2301 3031 2513 3100 ὄρνεον
2559 3030 2629 3094 ἐξ
2661 3030 2987 3099 Αἰγύπτου,
3038 3027 3137 3081 καί
3179 3028 3260 3093 ὡς
3306 3025 3626 3095 περιστερὰ
3659 3024 3727 3077 ἐκ
3777 3021 3886 3090 τῆς

2314 3124 2661 3193 Ἀσσυρίων.
2702 3122 2812 3177 Καὶ
2849 3118 3334 3186 ἀποκαταστήσω
3365 3115 3589 3183 αὐτοὺς
3626 3117 3713 3181 είς
3749 3112 3885 3177 τοὺς

2227 3234 2272 3291 C
2304 3214 2510 3280 οἴκους
2537 3213 2756 3279 αὐτῶν,
2787 3211 2949 3281 λέγει
2977 3211 3207 3279 Κύριος.

2372 3327 2542 3381 PAB'.
2587 3328 2850 3390 ’Ἡκοντος
2891 3326 2991 3397 ἤδη
3033 3324 3125 3378 τοῦ
3158 3325 3371 3396 χρόνου,
3402 3321 3495 3376 καὶ
3538 3316 3886 3390 πεπερασμέ-

2304 3435 2395 3471 νου
2434 3416 2527 3469 τοῦ
2562 3416 2774 3486 καιροῦ,
2804 3415 2927 3469 καθ’
2950 3415 3007 3468 ὅν
3042 3415 3147 3467 ἔδει
3176 3412 3362 3466 λοιπὸν
3391 3411 3489 3482 τῆς
3515 3408 3887 3481 αἰχμαλωσίας

2304 3508 2545 3563 ἀνεῖσθαι
2571 3509 2660 3562 τὸν
2691 3508 2925 3580 Ἰσραὴλ,
2952 3506 3135 3577 Κῦρος
3168 3508 3196 3561 6
3237 3503 3560 3576 Καμϐύσου,
3580 3501 3807 3573 Περσῶν
3832 3517 3885 3552 τε

2306 3602 2399 3655 καὶ
2439 3600 2635 3672 Μήδων
2665 3600 2977 3671 ἀνημμένος
3022 3599 3082 3653 τὸ
3114 3597 3337 3671 κράτος,
3384 3598 3479 3650 σὺν
3522 3595 3665 3665 ὄχλῳ
3706 3592 3889 3665 βαρεῖ,

2306 3695 2401 3747 καὶ
2427 3693 2733 3765 δυσαιτήτῳ
2763 3693 2835 3761 (I)
2871 3692 3119 3763 δυνάμει,
3142 3694 3239 3763 τῆς
3273 3708 3331 3745 τε
3356 3690 3672 3750 Βαϐυλῶνος
3701 3687 3887 3753 αὐτῆς,

2308 3788 2400 3840 καὶ
2439 3786 2539 3857 τῆς
2599 3786 2899 3860 Ἀσσυρίων
2954 3784 3416 3857 κατεστρατεύετο
3478 3782 3695 3853 χώρας,
3748 3781 3888 3832 διαν-

2318 3879 2566 3942 ιστάντος
2588 3878 2748 3931 αὑτὸν
2778 3878 2857 3940 είς
2874 3876 3032 3930 τοῦτο
3057 3875 3214 3931 Θεοῦ.
3246 3876 3358 3930 Καὶ
3390 3874 3520 3945 γοῦν
3548 3876 3576 3927 6
3612 3873 3890 3942 προφήτης

2318 3970 2589 4041 Ἱερεμίας
2616 3969 3021 4039 προαναφωνῶν
3050 3969 3149 4039 τῆς
3183 3966 3499 4030 Βαϐυλῶνος
3540 3966 3639 4037 τὴν
3672 3964 3886 4025 ἅλωσιν,

2309 4064 2437 4135 περί
2467 4080 2525 4115 τε
2570 4062 2792 4133 Μήδων,
2839 4062 3008 4133 φησὶ,
3041 4060 3137 4116 καὶ
3166 4062 3412 4133 Περσῶν’
3455 4079 3473 4111 ι
3515 4055 3889 4130 Ἐπιθήσονταί

2310 4173 2428 4217 σοι,
2471 4156 2564 4208 καὶ
2594 4154 2798 4226 ἁλὼσῃ,
2834 4153 3113 4219 Βαϐυλὼν,
3157 4154 3261 4207 καί
3284 4154 3342 4206 οὐ
3375 4151 3580 4222 γνώσῃ.
3616 4150 3887 4221 Εὐρέθης,

2310 4246 2403 4299 καὶ
2445 4246 2714 4318 ἐλήφθης,
2752 4246 2834 4300 ὃτι
2873 4246 2951 4317 τῷ
2982 4245 3172 4318 Κυρίῳ
3222 4244 3506 4314 ἀντέστης.
3535 4262 3551 4293 ι
3606 4242 3794 4313 Κύρου
3840 4240 3889 4292 δὲ

2311 4340 2438 4411 πέρι
2467 4356 2479 4370 ⁸
2516 4359 2532 4391 ι
2577 4339 2766 4411 Ἀνέϐη
2790 4339 2926 4392 λέων
2954 4339 3019 4392 ὲκ
3047 4340 3145 4410 τῆς
3179 4338 3420 4409 μάνδρας
3448 4334 3638 4399 αὑτοῦ,
3665 4334 3761 4388 τοῦ
3794 4333 3890 4386 θεῖ-

2309 4446 2396 4481 ναι
2444 4430 2541 4499 τὴν
2589 4428 2695 4498 γῆν
2745 4445 2837 4481 σου
2884 4429 2966 4491 είς
3013 4429 3314 4500 ἐρήμωσιν,
3349 4426 3533 4480 καὶαι
3583 4426 3771 4487 πόλεις
3804 4441 3887 4476 σου

628 4518 877 4581 ctoriam,
914 4517 1069 4570 [idem
1106 4525 1308 4571 certam
1362 4516 1520 4571 faciet
1554 4514 1720 4571 Isaias
1761 4534 1774 4570 :
1825 4536 1843 4569 ι
1894 4514 2020 4571 Haec
2078 4518 2200 4572 dicit

2312 4518 2818 4589 καθαιρεθήσονται,
2849 4518 3001 4590 παρὰ
3039 4519 3098 4571 τὸ
3143 4519 3219 4590 μὴ
3250 4518 3620 4572 κατοικεῖσθαι
3659 4517 3843 4579 αὑτάς.
3866 4534 3884 4565 ι

630 4609 890 4664 Dominus
923 4609 1129 4665 christo
1161 4624 1280 4664 meo
1314 4609 1456 4679 Cyro
1477 4649 1493 4674 ,
1528 4608 1679 4676 cujus
1714 4610 2041 4680 apprehendi
2070 4610 2200 4664 dex-

2314 4611 2436 4663 Ὄτι
2469 4585 2526 4663 δὲ
2656 4612 2684 4663 6
2726 4610 2834 4663 τῶν
2879 4585 3016 4664 ὅλων
3058 4585 3220 4674 Θεδς,
3250 4611 3277 4663 ὁ
3306 4610 3383 4681 τῷ
3417 4608 3588 4680 Κύρῳ
3632 4609 3809 4671 διδοὺς
3838 4607 3890 4659 τὸ

632 4706 824 4760 teram,
862 4706 920 4751 ut
946 4696 1227 4764 subjiciam
1274 4706 1399 4752 ante
1430 4711 1551 4751 eum
1600 4709 1812 4767 gentes,
1835 4708 1888 4754 et
1934 4696 2206 4753 fortitudi-

630 4804 751 4843 nem
784 4804 967 4857 regum
1000 4789 1324 4858 dirumpam.
1351 4789 1603 4858 Aperiam
1640 4799 1767 4844 ante
1819 4804 1941 4844 eum
1988 4790 2204 4861 januas,

629 4891 685 4937 et
710 4882 871 4936 urbes
899 4897 1001 4935 non
1026 4880 1362 4936 claudentur.
1396 4880 1507 4951 Ego
1536 4890 1661 4935 ante
1690 4890 1742 4936 te
1772 4882 1882 4946 ibo,
1909 4890 1961 4936 et
1998 4892 2207 4937 montes

630 4975 1009 5044 complanabo.
1045 4974 1237 5029 Portas
1272 4989 1441 5028 :ereas
1466 4983 1763 5038 conteram,
1794 4985 1849 5028 et
1880 4983 2059 5029 vectes
2098 4974 2208 5028 fcr-

630 5082 754 5123 reos
781 5067 1140 5136 confringam,
1172 5076 1226 5121 et
1245 5065 1382 5121 dabo
1417 5065 1511 5120 tibi
1545 5066 1830 5120 thesauros
1857 5066 2206 5130 tenebrosos,

631 5162 1010 5227 absconditos;
1043 5159 1339 5216 invisibiles
1368 5160 1601 5228 aperiam
1634 5159 1728 5213 tibi
1754 5160 1819 5213 ³⁷.
1853 5178 1875 5212 ι
1904 5158 2082 5213 Victor
2107 5158 2208 5212 ita-

630 5268 737 5333 que
766 5254 938 5326 Cyrus
967 5253 1018 5309 vi
1058 5253 1281 5309 subacto
1337 5250 1754 5322 Babyloniorum
1796 5265 1983 5320 regno,
2030 5250 2207 5305 Israe-

630 5343 738 5403 ἔξω
770 5345 998 5401 liberum
1039 5344 1262 5408 dimisit,
1296 5342 1385 5413 qui
1443 5342 1667 5403 reversi,
1723 5340 1995 5412 regionem
2054 5355 2208 5397 suam

707 5522 752 5556 "
786 5522 895 5578 Jer.
928 5540 980 5584 ι,
1011 5523 1101 5575 ‘24.
1178 5520 1224 5551 ³⁸
1263 5518 1370 5574 Jer.
1404 5535 1475 5587 tv,
1504 5520 1555 5574 7.
1634 5518 1676 5550 ³⁷
1715 5518 1819 5575 lsa.
1852 5535 1973 5587 xcv,
2009 5521 2059 5589 I,
2088 5521 2141 5577 5.

708 5702 784 5774 (I)
815 5702 1115 5759 Cuteierius
1146 5702 1408 5775 (Monum.
1448 5701 1511 5775 Ε.
1555 5702 1618 5767 C,
1650 5702 1715 5769 Il,
1759 5701 2205 5775 580)legeudur_n

636 5770 819 5829 monet
850 5770 1190 5844 δυσαντήτῴ,
1216 5775 1317 5829 hoc
1341 5784 1425 5828 est
1445 5770 1875 5841 inexpugnabili.
1894 5770 1998 5828 Sic.
2017 5770 2208 5844 mortis

638 5844 968 5916 δυσάντητον
996 5843 1195 5915 κράτος
1218 5846 1351 5900 dixit
1376 5844 1610 5916 (Iyrillus
1649 5844 1738 5902 lib.
1768 5860 1819 5900 ιν
1857 5844 1975 5898 adv.
2016 5843 2208 5896 Nesto-

2313 4703 2555 4771 κρατεῖν,
2589 4700 2994 4773 πληροφορήσει
3038 4700 3211 4768 λέγων
3252 4701 3279 4752 6
3311 4701 3599 4771 προφήτης
3635 4697 3885 4758 Ἡσαΐας-⁸

2320 4814 2337 4845 ι
2368 4793 2506 4845 Τάδε
2524 4792 2667 4861 λέγει
2715 4794 2919 4864 Κύριος
2946 4791 3024 4863 τῷ
3050 4789 3254 4863 χριστῷ
3286 4808 3386 4861 μου
3420 4790 3608 4861 Κύρῳ,
3642 4782 3705 4841 οῦ
3736 4787 3885 4859 ἐκράιν

2312 4901 2451 4955 τησα
2488 4884 2590 4955 τῆς
2625 4884 2824 4950 δεξιᾶς,
2856 4884 3159 4938 ἐπακοῦσαι
3191 4883 3498 4954 ἔμπροσθεν
3531 4880 3699 4937 αὐτοῦ
3741 4880 3885 4948 ἔθνη,

2304 4978 2399 5030 καὶ
2448 4977 2601 5046 ίσχὺν
2657 4975 2918 5047 βασιλέων
2976 4975 3276 5047 διαῤῥήξω.
3314 4973 3535 5038 Ἀνοίξω
3589 4971 3887 5044 ἔμπροσθεν

2304 5068 2469 5121 αὐτοῦ
2509 5066 2700 5140 θύρας,
2735 5069 2829 5122 καὶ
2868 5067 3050 5132 πόλεις
3080 5068 3141 5121 οὐ
3176 5066 3713 5137 συγκλεισθήσονται.
3759 5060 3887 5129 Ἐγὼ

2302 5160 2612 5233 ἔμπροσθέν
2654 5152 2747 5215 σου
2780 5159 3142 5232 πορεύσομαι.
3173 5161 3268 5214 καὶ
3313 5160 3415 5230 ὅρη
3445 5155 3653 5229 ὁμαλιῶ
3676 5172 3689 5185 ’
3728 5154 3885 5225 θύρας

2304 5250 2511 5322 χαλκᾶς
2550 5249 2846 5321 συντρίψω,
2899 5250 2993 5304 καὶ
3028 5249 3258 5321 μοχλοὺς
3289 5249 3541 5321 σιδηροῦς
3594 5244 3883 5307 συνθλάσω,

2304 5342 2400 5396 καὶ
2440 5340 2598 5396 δώσω
2637 5359 2720 5396 σοι
2767 5341 3077 5413 θησαυροὺς
3111 5341 3421 5404 σκοτεινοὺς
3448 5383 3462 5408 ,
3510 5337 3883 5409 ἀποκρύφους,

2315 5701 2475 5764 rium,
2511 5716 2563 5767 p.
2601 5697 2723 5760 107.
2749 5698 3055 5769 similiaque
3087 5699 3255 5754 multa
3279 5696 3655 5768 proferrentur
3681 5710 3747 5750 ex
3775 5693 3885 5765 ipsa

2313 5772 2358 5828 si
2386 5785 2607 5829 necesse
2632 5779 2793 5827 esset.
2827 5769 2983 5826 EDIT.
