4068 6548
217 403 342 459 ΩἷἹ

1168 416 1718 475 COMMENTARIUS
1760 418 1824 473 IN
1864 416 2097 476 OSEABI
2138 415 2579 474 PROPHETMI.

3398 412 3505 468 278

215 525 499 596 ἀοράτους
516 526 723 593 ἅνοίξω
746 544 847 583 σοι.
864 548 893 581 ι
916 530 1231 601 Νενικηκὼς
1253 537 1541 608 τοιγαροῦν
1564 540 1593 591 ὁ
1617 538 1817 609 Κῦρος,

1932 540 2100 594 denuo
2135 539 2495 594 incoluerunt.
2532 534 2904 590 Narrationem
2947 534 3095 590 hanc-
3138 533 3505 604 interpretans

209 620 314 672 καὶ
368 622 714 691 κατακρέιτος
767 621 903 675 ἑλὼν
957 624 1057 695 τὴν
1098 626 1477 697 Βαϐυλωνίων,
1525 632 1692 701 ἀνῆκε
1731 632 1821 684 τὸν

226 710 480 783 Ἰσραήλ.
523 712 635 766 Kal.
680 713 747 784 δὴ
780 712 874 767 καὶ
906 714 1411 788 ὐπονοστήσαντες,
1459 722 1822 792 κατῳκήκασι

211 794 318 866 τὴν
363 798 595 853 ἑαυτῶν.
625 800 791 854 Τουτὶ
824 802 887 855 τὸ
921 803 1166 875 διήγημα
1207 806 1552 880 διερμηνεύει
1594 809 1766 879 λέγων
1796 811 1826 863 ό

217 890 517 961 προφήτης
550 891 733 962 Ὠσηὲ.
772 908 790 943 ι
838 892 929 956 Ὠς
951 893 1088 947 λέων
1133 896 1436 967 ὲρεύξεται.
1463 917 1481 951 ι
1528 898 1625 962 Τίς
1666 901 1825 971 ἐρεύ-

214 978 414 1044 ξεται;
461 979 643 1051 Κῦρος
694 981 956 1053 δηλονότι.
990 985 1215 1055 Ὅμοιον
1240 987 1315 1050 ὼς
1353 990 1403 1041 εἰ
1444 988 1601 1058 λέγοι
1634 991 1819 1061 τυχὸν,

227 1070 421 1124 Δεινὺν
448 1071 541 1125 καὶ
580 1071 859 1143 διαϐριθὲς
889 1075 1030 1128 κατὰ
1062 1077 1161 1146 τῆς
1194 1078 1571 1144 Βαϐυλωνίων,
1612 1083 1641 1135 ὁ
1674 1082 1827 1154 παρὰ

215 1159 416 1232 Κύρου
448 1164 718 1234 κτυπήσει
751 1165 1008 1236 πόλεμος.
1046 1168 1372 1239 Ὠρυομένου
1403 1170 1461 1224 δὲ
1495 1172 1683 1236 αὐτοῦ,
1730 1174 1828 1228 καὶ

214 1252 389 1306 οἱονεί
430 1270 579 1319 τινος
623 1256 838 1322 λέοντος
889 1262 1373 1333 κατακεκραγότος
1417 1262 1527 1316 τῶν
1575 1264 1642 1318 δι’
1674 1268 1828 1320 ἐναν-

218 1343 382 1408 τίας,
424 1364 445 1397 ι
486 1346 880 1418 Ἐκστήσονται
924 1350 1094 1406 τέκνα
1144 1352 1373 1410 ὑδάτων.
1401 1372 1420 1406 ι
1467 1356 1580 1409 Καὶ
1626 1356 1688 1410 τὸ
1731 1359 1828 1428 μὲν

224 1450 247 1484 ι
264 1435 629 1506 ἐκστήσονται
649 1456 668 1489 ι
681 1439 888 1509 ,φησὶν,
905 1441 1028 1495 ἀντὶ
1047 1441 1166 1507 τοῦ,
1186 1444 1830 1516 καταπλαγήσονται.Ί”ἐ-

219 1542 327 1579 κνα
361 1527 421 1580 δὲ
452 1528 681 1597 ὑδάτων,
721 1534 849 1596 τοὺς
890 1532 1266 1598 Βαϐυλωνίους
1294 1537 1446 1607 φησὶ,
1476 1537 1526 1590 οἳ
1558 1540 1672 1602 τοῖς
1709 1540 1816 1593 τῶν

219 1617 439 1672 ὑδάτων
474 1619 704 1687 τέκνοις,
734 1625 1004 1689 τουτέστι,
1021 1628 1137 1690 τοῖς
1150 1628 1209 1681 ὲν
1233 1626 1386 1680 ὕδατι
1409 1630 1829 1699 νηκτοῖς,ῆγουν

222 1707 411 1778 ἰχθύσι
460 1713 923 1786 παραχωροῦντες
966 1717 1119 1770 οὐδὲν
1166 1719 1247 1782 είς
1297 1718 1520 1783 δειλίαν,
1562 1720 1827 1774 εὐάλωτοι

215 1813 278 1851 τε
335 1800 435 1853 καὶ
479 1802 730 1875 ἄνανδροι
762 1805 859 1861 διὰ,
884 1808 1082 1879 πείρας
1111 1810 1282 1881 αὐτῆς
1330 1812 1616 1880 γεγονότες
1677 1812 1820 1866 ἁλώ-

1922 632 2091 686 Oseas
2112 631 2228 685 ait:
2266 648 2287 683 ι
2324 629 2393 685 Ut
2418 629 2500 685 leo
2521 628 2713 699 rugiet;
2747 627 2929 695 rQuis
2952 627 3164 697 rugiet?
3188 626 3388 698 'Cyrus
3419 626 3504 681 vis

1923 723 2140 777 delicet.
2166 721 2398 777 Perinde
2427 720 2678 777 fortassis
2702 733 2764 774 ac
2794 720 2849 773 si'
2887 719 3051 774 dicat:
3082 716 3418 774 llorrendum
3440 732 3505 771 ac

1923 813 2100 869 dirum
2125 823 2311 869 contra
2341 812 2721 883 Babylonicum
2757 809 3043 878 imperium
3079 810 3277 865 bellum
3313 826 3344 865 a
3364 811 3505 881 Cyro

1927 914 2129 959 motum
2170 902 2466 958 iusonabit.
2514 900 2783 970 Rugiente
2832 908 3013 953 autem
3055 898 3193 967 ipso,
3241 908 3295 952 et
3340 899 3502 954 veluti

1927 994 2083 1049 leone
2110 1004 2298 1049 contra
2333 992 2678 1046 adversarios
2732 989 3031 1053 clamante,
3060 1005 3078 1039 ι
3121 987 3505 1056 olistupescent

1928 1087 2020 1141 lilii
2050 1101 2343 1154 aquarum.
2380 1102 2398 1136 ι
2432 1083 2848 1152 Obstupescent,
2893 1079 3096 1147 inquit,
3130 1093 3253 1147 pro,
3294 1076 3504 1146 percel-

1929 1182 2128 1235 lentur.
2161 1178 2530 1232 Fili‘osautem
2561 1187 2824 1243 aquarum
2874 1168 3502 1240 Babyloniosnominat,

1927 1272 2017 1340 qui
2048 1270 2172 1324 filiis
2202 1282 2486 1336 aquarum,
2514 1268 2615 1320 hoc
2640 1275 2747 1329 est,
2774 1265 2829 1317 in
2854 1259 3359 1329 aquanatantibus,
3392 1259 3506 1314 sive

1929 1362 2196 1433 piscibus,
2226 1359 2518 1414 timiditate
2550 1356 2684 1411 nihil
2720 1357 2940 1419 cedunt,
2973 1354 3197 1423 ipsaque
3218 1352 3504 1419 experieno

1930 1454 2002 1508 tia
2029 1461 2189 1520 captu
2219 1450 2410 1505 faciles
2439 1458 2493 1503 et
2519 1447 2763 1503 imbelles
2792 1444 2920 1500 facti
2951 1447 3251 1515 capientur.
3286 1444 3376 1498 Est
3411 1458 3506 1498 au-

1932 1554 2035 1599 tem
2065 1557 2233 1614 genus
2259 1541 2485 1611 piscium
2522 1547 2713 1593 natura
2754 1536 3179 1602 timidissimum,
3224 1543 3280 1588 et
3312 1535 3506 1604 strepi-

1929 1643 2015 1689 tus
2061 1634 2217 1703 fugit,
2252 1640 2306 1688 et
2355 1631 2523 1687 solam
2570 1631 2831 1699 piscantis
2886 1628 3131 1682 umbram
3198 1635 3505 1681 aversatur.

1930 1725 2156 1792 Quando
2188 1725 2370 1792 igitur,
2397 1722 2593 1792 inquit,
2629 1720 2877 1790 rugiente
2920 1719 3083 1789 Cyro,
3130 1727 3189 1773 et
3235 1718 3504 1787 ingentem

1931 1815 2219 1886 quemdam
2236 1812 2659 1879 horribilemque
2681 1812 2938 1866 adversus
2953 1808 3259 1880 Babylonia:
3281 1823 3504 1877 regnum

219 1907 440 1946 σονται.
481 1894 862 1967 Ἐτοιμότατον
889 1899 945 1953 δὲ
979 1900 1116 1971 πρὸς
1158 1900 1361 1956 δειλίαν
1392 1902 1500 1957 τῶν
1537 1904 1732 1974 ἰχθύων
1766 1905 1826 1958 τὸ

1932 1909 2220 1964 clamorem
2273 1904 2518 1969 tollente,
2566 1904 2758 1958 timore
2805 1915 3067 1970 aquarum
3129 1900 3223 1954 filii
3273 1900 3523 1969 perculsi

216 1981 412 2049 γένος,
450 1985 544 2039 καὶ
579 1987 772 2057 φεύγει
816 1990 914 2060 μὲν
952 1989 1212 2055 κτύπους,
1250 1997 1597 2063 παραιτεῖται
1634 1994 1692 2047 δὲ
1730 1997 1824 2049 καὶ

220 2072 399 2145 μόνην
432 2076 539 2148 τὴν
559 2078 653 2132 τοῦ
699 2078 977 2152 θηρῶντος
1023 2082 1205 2137 σκιάν,
1232 2084 1404 2137 Ὅταν
1434 2085 1616 2139 τοίνυν
1664 2088 1821 2156 ὲρευο

217 2165 460 2234 γομένου
503 2167 711 2241 Κύρου,
744 2173 907 2241 φησὶ,
946 2173 1039 2228 καὶ
1084 2174 1258 2229 δεινόν
1303 2192 1357 2229 τι
1416 2178 1510 2229 καὶ
1554 2177 1827 2248 φρικῶδες

218 2255 321 2325 τῆς
356 2257 718 2316 Βαϐυλωνίων
767 2264 1274 2330 καταλαλάζοντος,
1308 2269 1689 2339 καταπλαγείη
1744 2271 1823 2341 τῷ

220 2347 375 2419 φόϐῳ
404 2349 476 2403 τὰ
496 2351 604 2406 τῶν
637 2353 845 2409 ὑδάτων
873 2356 1058 2423 τέκνα,
1091 2359 1389 2424 τουτέστιν,
1417 2362 1465 2413 οί
1493 2360 1824 2415 Βαϐυλώνιοι

218 2440 337 2501 τοῖς
374 2439 585 2510 ἰχθύσιν
628 2445 709 2507 είς
743 2444 941 2500 δειλίαν
979 2448 1437 2522 παραχωροῦντες
1475 2450 1629 2504 οὐδέν
1655 2468 1668 2481 '
1700 2453 1824 2506 τότε

221 2530 318 2583 καὶ
347 2531 541 2601 ὀρνέου
580 2534 740 2607 δίκην
770 2537 865 2590 καὶ
894 2541 1226 2611 περιστερᾶς
1273 2540 1683 2613 ἀποπτήσονται
1724 2543 1826 2613 τῆς

220 2621 504 2690 Αἰγύπτου
572 2627 668 2681 καὶ
716 2629 764 2681 οἱ
826 2630 996 2685 πάλαι
1051 2634 1502 2702 συμπεφευγότες
1554 2636 1611 2688 ὲν
1662 2635 1821 2707 αὐτῇ.

234 2713 707 2789 ’Δποδραμοῦνται
736 2721 793 2775 δὲ
825 2722 924 2794 τῆς
961 2723 1243 2778 Χαλδαίων
1272 2724 1369 2777 καὶ
1404 2726 1455 2778 οἱ
1488 2725 1589 2795 τῆς
1650 2727 1817 2797 αίχμο

221 2806 464 2874 αλωσίας
502 2810 779 2878 ὲναλόντες
806 2816 918 2878 τοῖς
965 2815 1200 2887 βρόχοις.
1220 2815 1575 2888 Ἐπανήξουσί
1605 2835 1666 2870 τε
1711 2817 1825 2871 λοι-

221 2897 347 2961 πδν,
380 2901 478 2953 καὶ
514 2903 798 2974 οἰκήσουσι
835 2904 933 2976 τὴν
973 2906 1203 2963 ἑαυτῶν.
1245 2908 1394 2975 Ἐξὸν
1431 2904 1526 2962 οὐν
1565 2906 1709 2979 ἔχειν
1757 2907 1827 2962 τὰ

222 2988 430 3057 ἀγαθὰ,
462 2991 581 3061 Θεῷ
618 2993 721 3063 τῆς
767 2994 1002 3059 διανοίας
1041 2997 1413 3070 ὑποφέροντας
1455 2998 1548 3053 τὸν
1589 2997 1823 3069 αὐχένα,

224 3081 319 3135 καὶ
365 3083 458 3135 ὐπ’
485 3084 633 3157 αὐτῷ
666 3087 1005 3158 πράττοντας
1037 3090 1204 3162 μόνῳ,
1239 3091 1314 3163 μὴ
1359 3090 1635 3145 ἐθελονταὶ
1680 3089 1828 3161 βαδί-

1928 1998 2125 2054 fuerint
2157 1997 2318 2069 166
2351 1996 2565 2066 (nempe
2594 1992 2893 2064 Babylonii,
2922 1992 3164 2062 piscibus
3213 1991 3506 2049 timiditate

1928 2090 2069 2145 haud
2103 2084 2424 2154 absimiles),
2474 2094 2604 2139 tunc
2644 2093 2699 2139 et
2736 2084 2855 2138 avis
2904 2084 3074 2138 instar
3135 2090 3205 2137 et
3244 2081 3508 2136 columbze

1928 2180 2219 2237 avolabunt
2248 2194 2313 2233 ex
2349 2176 2607 2247 Egypto,
2633 2176 2722 2246 qui
2760 2175 2962 2245 pridem
2993 2174 3046 2228 in
3088 2187 3207 2228 eam
3250 2172 3507 2243 confuge-

1928 2283 2083 2333 rant;
2114 2281 2170 2324 et
2197 2269 2473 2337 aufugieut
2501 2269 2568 2322 de
2594 2279 2737 2321 terra
2784 2265 3182 2328 Chaldaeorum,
3208 2266 3299 2333 qui
3329 2263 3507 2334 capti-

1927 2362 2117 2417 vitatis
2165 2361 2378 2429 laqueis
2432 2359 2693 2428 implicati
2751 2358 3093 2413 tenebantur.
3147 2355 3509 2412 Revertantur

1933 2465 2069 2519 tum,
2104 2462 2157 2508 et
2180 2453 2456 2524 regionem
2492 2466 2647 2505 suam
2686 2450 2943 2505 incolant.
2986 2448 3120 2503 Cum
3151 2447 3313 2502 liceat
3345 2446 3508 2515 igitur

1928 2546 2133 2601 habere
2166 2543 2306 2597 bona
2352 2541 2462 2595 Deo
2490 2540 2771 2595 cervicem
2807 2538 2981 2591 animi.
3027 2536 3395 2605 subjicientes,
3453 2543 3510 2590 et

1929 2636 2030 2691 sub
2053 2636 2169 2704 ipso
2202 2635 2317 2688 solo
2338 2636 2619 2702 degentes,
2656 2646 2723 2686 ue
2752 2641 2943 2700 sponte
2968 2644 3092 2683 eum
3128 2627 3391 2684 offensum
3416 2642 3507 2683 ear

1931 2741 2075 2792 mus,
2104 2725 2407 2780 ultroneam
2460 2723 2513 2777 iu
2569 2736 2667 2779 nos
2707 2722 2845 2775 iram
2894 2720 3066 2790 ipsius
3125 2726 3504 2788 provocantes,

1930 2830 2053 2870 cum
2087 2814 2169 2869 fas
2201 2816 2305 2877 sit,
2330 2822 2390 2867 ut
2419 2811 2583 2875 dixi,
2609 2812 2659 2865 in
2721 2809 2890 2863 multa
2943 2808 3301 2879 prosperitate
3354 2806 3509 2876 quie-

1929 2907 2420 2972 scere,,Dominum
2466 2919 2560 2974 per
2590 2903 3083 2969 conversationem,
3110 2910 3166 2956 et
3213 2900 3379 2955 vitam
3438 2896 3537 2952 ad.

1931 2998 2082 3069 leges
2112 2998 2533 3063 conformatam,
2560 3006 2616 3052 et
2647 2995 3014 3052 sinceritatem
3050 3008 3179 3064 erga
3210 2992 3384 3063 ipsum
3412 2990 3509 3046 lae-

1936 3091 2226 3145 tificantes.

224 3169 413 3242 ζωμεν
443 3176 535 3229 ἐπὶ
562 3176 624 3229 τὸ
653 3177 877 3245 λυποῦν,
905 3180 1235 3251 αὐτόκλητον
1261 3181 1451 3254 ὥσπερ
1483 3182 1571 3252 ἐφ’
1636 3181 1850 3246 ἑαυτοῖς
1886 3181 2287 3254 κατασύροντες
2349 3180 2565 3253 κίνησιν
2589 3197 2604 3212 ο
2645 3180 2824 3234 καίτοι
2901 3179 3083 3249 μετὸν,
3132 3178 3207 3242 ὡς
3250 3176 3405 3248 ἔφην,
3448 3178 3541 3231 ὲν,

226 3266 471 3337 βαθείαις
498 3271 710 3326 κεῖσθαι
734 3274 831 3344 τῆς
857 3275 1180 3348 εὐημερίας,
1208 3279 1707 3349 κατευφραίνοντας
1760 3278 1852 3339 τὸν
1887 3280 2168 3350 Δεσπότην
2210 3278 2297 3335 διὰ
2326 3278 2427 3349 τῆς
2470 3266 2695 3348 ἐννόμου
2758 3276 3032 3339 πολιτείας
3074 3275 3169 3329 καὶ
3214 3275 3379 3346 ζωῆς,
3412 3271 3512 3328 καὶ
3540 3300 3546 3325 :

224 3360 323 3432 τῆς
354 3363 437 3426 είς
468 3365 631 3418 αὐτὸν
660 3368 1032 3442 γνησιότητος.

306 3452 648 3553 iliaci-amate
681 3476 759 3529 με
786 3459 855 3513 ἐν
890 3461 1105 3529 ψεύδει
1138 3462 1406 3534 Ἐφραῒμ,
1438 3464 1539 3520 καί
1580 3464 1652 3519 ἐν
1682 3466 1826 3521 ἀσε-

2007 3466 2166 3521 Vstts.
2201 3465 2291 3521 i2.
2318 3462 2674 3518 Circumdedit
2716 3477 2799 3516 me
2836 3461 2891 3514 in
2922 3458 3507 3528 meudacioEp/araim,

228 3545 358 3613 ὅείᾳ
398 3542 565 3613 οἶκος
603 3548 867 3618 Ἰσραὴλ,
896 3552 996 3605 καὶ
1033 3552 1243 3608 Ἰούδα.

298 3637 467 3692 PAI".
505 3638 671 3692 Φύσει
712 3643 810 3711 μὲν
853 3644 1054 3712 ἀγαθὸς
1096 3645 1192 3712 ὣν,
1238 3649 1330 3700 καὶ
1373 3646 1766 3719 φιλοικτίρμων
1803 3651 1831 3703 ὁ

230 3727 385 3794 Θεὸς,
430 3732 523 3786 καὶ
559 3730 881 3805 ἀνεθέλητον
926 3736 1042 3808 ἔχει
1072 3738 1133 3794 τὸ
1177 3739 1433 3814 πλήττειν
1470 3739 1607 3803 ὅλως
1640 3742 1828 3805 τινὰς,

232 3825 479 3879 καλεῖται
509 3826 565 3881 δὲ
592 3830 686 3883 καὶ
713 3831 1027 3900 ἀναγκαίως
1060 3834 1143 3898 είς
1177 3835 1550 3907 ἀγανάκτησιν
1578 3838 1833 3910 ἐπιστρε-

233 3918 455 3989 πτικὴν.
479 3920 605 3973 ὅταν
635 3922 703 3974 tot
733 3922 894 3976 τινῶν
942 3924 1086 3995 πέρα
1115 3925 1276 3995 λόγου
1304 3944 1367 3980 τε
1400 3927 1497 3981 καὶ
1529 3927 1731 4001 μέτρου
1760 3929 1830 3983 τὰ

235 4007 581 4078 ἐγκλήματα.
637 4012 808 4066 Τοῦτο
859 4014 1102 4069 διδάσκει
1153 4016 1315 4072 πάλιν
1380 4019 1531 4088 ἡμᾶς
1582 4018 1673 4072 διὰ
1720 4019 1831 4075 τῶν

234 4100 636 4170 προκειμένων.
682 4103 979 4177 Μονονουχὶ
1017 4108 1125 4179 γάρ
1173 4124 1325 4179 φησι’
1369 4109 1509 4179 Τῇδε
1580 4111 1828 4176 κάκεῖσε,

237 4190 331 4242 καὶ
353 4190 517 4244 οίονεί
552 4208 669 4255 πως
695 4195 753 4245 ὲν
782 4195 969 4268 κύκλῳ
1000 4199 1099 4253 τὸν
1124 4199 1223 4269 τῆς
1254 4200 1508 4268 θεότητος
1553 4202 1829 4273 ὀφθαλμὸν

238 4280 434 4334 ὲνιέντι
465 4298 524 4334 τε
576 4284 671 4337 καὶ
710 4286 1080 4359 περιφέροντι,
1127 4294 1377 4362 πανταχῇ
1411 4291 1699 4362 τὸηψεῦδος
1731 4292 1826 4345 καὶ

238 4368 335 4442 τὴν
365 4372 624 4428 ἀσέϐειαν
646 4369 713 4445 ἦν
743 4376 869 4431 ίδεῖν
892 4378 989 4432 τοῦ
1016 4397 1078 4433 τε
1104 4381 1362 4452 Ἐφραίμ,
1392 4383 1486 4438 καὶ
1512 4384 1608 4436 τοῦ
1640 4383 1825 4437 Ἰούδα.

239 4460 451 4526 Ψεῦδος
478 4463 533 4516 δὲ
572 4465 838 4521 ἀποκαλεί
873 4468 942 4524 τὰ
972 4470 1523 4545 τῆς-,εἰδωλολατρίας
1569 4475 1828 4543 παίγνια,

242 4554 334 4608 καὶ
389 4554 488 4625 τὴν
536 4556 645 4611 τῶν
697 4558 941 4629 ματαίων
995 4562 1400 4633 προσκύνησιν
1450 4566 1712 4622 ἀσέϐειαν
1772 4567 1830 4620 δὲ

240 4645 402 4716 τάχα,
431 4646 530 4718 τὴν
563 4648 719 4720 ὓϐριν
758 4651 860 4723 τὴν
892 4653 1033 4706 κατὰ
1069 4654 1230 4710 Θεοῦ.
1260 4656 1385 4720 Πῶς
1416 4656 1524 4729 γὰρ
1554 4659 1655 4713 οὐκ
1699 4658 1830 4713 ἀσέ-

242 4734 557 4809 ϐειαδεινὴ,
586 4741 682 4793 καὶ
721 4741 1099 4815 ἐκτοπωτάτη,
1123 4746 1184 4798 τὸ
1209 4747 1568 4802 ἀποσείεσθαι
1612 4750 1710 4818 μὲν
1740 4750 1830 4803 τὸν

1920 3566 1980 3629 et
2004 3554 2452 3624 in.iniquitatibus
2481 3553 2668 3607 domus
2701 3551 2889 3617 Israel,
2913 3562 2959 3609 et
2983 3550 3150 3606 Iuda.

2003 3644 2285 3701 CXXXI“.
2324 3644 2465 3700 Deus
2506 3652 2700 3698 natura
2752 3642 2949 3703 bunus,
2992 3642 3322 3710 misericors,
3374 3658 3429 3698 et
3478 3661 3529 3700 ei

1933 3737 2101 3807 plagis
2127 3735 2541 3805 quibuscunque
2575 3732 2867 3787 metiettdis
2921 3732 3154 3796 alienus,
3186 3742 3512 3801 provocatur

1933 3838 2134 3894 tamen,
2171 3838 2227 3884 et
2254 3835 2572 3885 convertere
2601 3841 2661 3881 se
2707 3825 2774 3879 ad
2816 3824 3237 3893 indignationem
3276 3828 3510 3897 cogitur,

1930 3938 2052 3978 cum
2076 3923 2435 3992 quorumdam
2466 3919 2675 3976 scelera
2711 3916 2917 3985 majora
2958 3916 3179 3983 fuerint,
3210 3933 3372 3988 quam
3403 3919 3509 3975 dici

1930 4013 2122 4083 possit.
2158 4013 2312 4080 Quod
2344 4027 2445 4069 nos
2473 4027 2686 4067 rursum
2733 4010 2912 4065 verbis
2959 4026 2989 4064 a
3029 4024 3117 4065 me
3146 4009 3384 4064 recitatis
3415 4009 3511 4064 do-

1930 4115 2037 4161 cet.
2075 4103 2470 4174 Propemodum
2506 4104 2648 4156 enim
2678 4102 2851 4172 inquit
2880 4120 2893 4157 :
2932 4101 3032 4156 Hic
3060 4111 3115 4155 et
3145 4100 3242 4164 ibi,
3280 4109 3334 4156 et
3356 4099 3511 4170 quasi

1932 4197 2285 4252 circumcirca
2333 4194 2632 4250 divinitatis
2675 4193 2893 4249 oculum
2936 4192 3267 4256 immittenti,
3310 4201 3364 4246 et
3400 4192 3511 4246 cir-

1932 4287 2279 4353 cumferenti,
2311 4285 2507 4357 ubique
2550 4285 2906 4352 mendacium,
2960 4294 3014 4338 et
3064 4284 3415 4352 impietatem,
3456 4291 3513 4336 et

1933 4379 2212 4448 Epliraim,
2248 4388 2303 4434 et
2331 4377 2474 4434 Juda
2504 4377 2703 4432 intueri
2748 4376 2931 4430 datur.
2968 4374 3301 4430 Mendacium
3338 4373 3510 4429 idolo-

1932 4468 2106 4529 latria:
2132 4468 2303 4531 lusus,
2337 4478 2393 4523 et
2416 4466 2657 4520 inanium
2693 4465 3111 4519 simulacrorum
3139 4463 3510 4518 adoratiouem

1932 4560 2180 4630 appellat.
2235 4560 2567 4627 lmpietatem
2636 4557 2866 4611 fortasse
2931 4555 3183 4623 iniuriam
3253 4557 3511 4611 adversus

1933 4653 2120 4708 Deum.
2160 4650 2439 4718 Quomodo
2462 4650 2603 4705 enim
2638 4665 2744 4704 non
2792 4659 2878 4704 est
2932 4648 3127 4716 injuria
3189 4648 3392 4717 gravis,
3456 4656 3541 4703 et.

1932 4745 2128 4799 rationi
2161 4742 2394 4797 maxime
2430 4741 2702 4797 contraria
2727 4781 2743 4807 ,
2774 4738 3034 4809 repellere
3068 4750 3259 4793 natura
3285 4749 3339 4794 et
3366 4739 3512 4793 veri.-

243 4825 405 4894 φύσει
435 4844 494 4880 τε
533 4830 628 4883 καλ¹
671 4831 887 4902 ἀληθῶς
918 4833 1047 4891 ὄντα
1089 4835 1241 4901 Θεὸν,
1302 4839 1732 4909 προσκλίνεσθαι
1771 4841 1826 4897 δὲ

1936 4845 2045 4890 tate
2077 4836 2269 4900 Deum,
2318 4843 2374 4888 et
2397 4834 2462 4887 ad
2497 4834 2639 4902 ligna
2676 4841 2730 4887 et
2760 4832 2963 4900 lapides
3004 4846 3062 4885 se
3095 4830 3389 4900 applicare,
3416 4845 3510 4885 seu

243 4919 471 4989 ἀμαθῶς
527 4921 704 4987 ξύλοις
737 4940 796 4976 τε
830 4925 925 4978 καὶ
958 4924 1160 4990 λίθοιςο
1193 4929 1361 4999 ἡγουν
1397 4932 1724 4999 προσκυνεῖν
1761 4931 1827 5000 τῇ

245 5012 441 5075 κτίσει,
467 5013 617 5085 παρὰ
636 5015 728 5071 τὸν
749 5016 1150 5084 κτίσαντα,,καὶ
1173 5021 1522 5084 Δεσποτικοῖς
1544 5020 1832 5091 scopam

246 5103 538 5172 ἐπιχειρεῖν
571 5106 871 5176 στεφανοῦν
914 5108 985 5162 τὰ
1022 5111 1153 5180 παρ’
1197 5110 1363 5164 αὐτοῦ
1424 5112 1563 5182 πρὸς
1590 5111 1654 5167 τὸ
1694 5112 1834 5170 εἶναι

249 5196 698 5266 παρενηνεγμένα
721 5214 736 5264 ;

313 5284 443 5338 Νῦν
488 5284 642 5356 ἔγνω
684 5288 906 5354 αὐτοὺς
938 5292 971 5345 ό
1014 5290 1178 5357 Θεὸς,
1212 5292 1315 5345 καί
1342 5291 1489 5357 ναὸς
1520 5291 1687 5362 ἅγιος
1738 5309 1832 5347 κε-

251 5375 541 5443 κλήσεται
582 5378 751 5435 Θεοῦ.
1096 5436 1109 5447 η,

316 5468 482 5523 ΡΛΔ¹.
536 5468 844 5524 Ἐκύκλωσε
880 5472 979 5543 μὲν
1023 5474 1082 5525 ὲν
1121 5471 1303 5542 ψεύδει
1340 5489 1407 5543 με
1451 5471 1545 5525 καὶ
1578 5470 1830 5543 ἀσεϐείᾳ,

252 5560 434 5631 φησὶν,
481 5558 629 5627 οἶκος
660 5562 901 5636 Ἐφραῒμ
956 5566 1050 5620 καὶ
1113 5566 1300 5621 Ἰούδα.
1346 5565 1493 5636 Πλὴν
1529 5565 1623 5618 καὶ
1662 5564 1834 5629 οὕτως

252 5650 440 5724 ἔσομαι
466 5654 722 5725 χρηστὸς,
744 5655 1065 5730 ’σύμμετρον
1097 5658 1280 5722 αὐτοῖς
1311 5658 1531 5727 ἐπάγων
1553 5658 1650 5729 τὴν
1677 5656 1832 5728 κίνη-

253 5759 357 5800 σιν.
392 5745 575 5814 Ἔγνω
602 5745 712 5819 γὰρ
756 5748 973 5815 αὐτοὺς,
1003 5749 1078 5814 ὡς
1110 5750 1211 5804 οὐκ
1252 5749 1318 5804 ἂν
1354 5750 1556 5821 ἑτέρως
1586 5748 1835 5803 δύναιντο

256 5835 322 5890 τὰ
362 5837 571 5909 ἀμείνω
605 5836 962 5910 μεταμαθεῖν,
1010 5840 1056 5894 εί
1099 5841 1173 5913 μή
1213 5857 1262 5895 τι
1307 5841 1399 5897 καὶ
1444 5840 1665 5896 πάθοιεν
1704 5838 1830 5905 τῶν,

1932 4929 2160 4981 adorare
2188 4935 2495 4981 creaturam
2554 4924 2744 4978 relicto
2769 4923 3055 4987 Creatore,
3093 4922 3373 4990 etquteab
3399 4921 3514 4990 ipso

1934 5027 1993 5073 ut
2020 5026 2210 5073 essent
2235 5017 2493 5086 producta
2520 5025 2666 5081 sunt,
2699 5012 2786 5068 illa
2838 5012 2909 5067 ad
2956 5012 3259 5084 fastigium.
3288 5010 3513 5067 Domino

1935 5110 2217 5181 proprium
2238 5108 2525 5179 extollere!

2013 5288 2167 5343 Nunc
2199 5288 2433 5358 cognovit
2471 5302 2557 5341 eos
2603 5285 2769 5350 Deus,
2803 5293 2848 5338 et
2880 5283 3395 5353 tentplamsanctum
3426 5297 3512 5335 vo-

1938 5382 2142 5436 cabitur
2165 5379 2283 5434 Dei.

2007 5471 2291 5528 CXXXIV.
2329 5469 2696 5526 Circumdedit
2724 5482 2809 5522 me
2855 5466 3074 5536 quidem
3122 5467 3175 5520 in
3232 5464 3512 5520 mendacio

1939 5575 1990 5621 et
2024 5565 2302 5635 impietate
2331 5565 2521 5618 domus
2561 5560 2815 5629 Ephraim
2850 5568 2902 5614 et
2944 5557 3102 5624 Juda,
3156 5556 3348 5625 inquit.
3405 5553 3510 5610 Ve-

1940 5665 2243 5712 rumtamen
2273 5655 2436 5711 etiam
2472 5653 2552 5707 sic
2580 5651 2821 5707 clemens
2848 5665 2963 5715 ero,
3013 5650 3080 5716 si,
3116 5657 3175 5703 ut
3212 5655 3512 5715 merentur,

1943 5749 2046 5805 illis
2109 5749 2335 5804 irascar.
2386 5745 2601 5801 Sciebat
2652 5742 2795 5798 enim
2846 5758 2941 5797 eos
2984 5757 3088 5797 non
3136 5740 3293 5796 aliter
3335 5741 3540 5796 denuo.»

1945 5854 2101 5913 posse
2135 5838 2357 5896 meliora
2389 5838 2617 5903 discere,
2655 5834 2759 5891 nisi
2788 5832 3034 5905 quaedam
3063 5833 3233 5899 tristia
3264 5839 3553 5903 patereris-
