  <div class='ocr_page' id='page_1' title='image "/cluster/home/n/w/nwhite01/storage/ocr_20150623/71/hvd.32044019207885/150.png"; bbox 0 0 4068 6538; ppageno 0'>
   <div class='ocr_carea' id='block_1_1' title="bbox 175 400 296 461">
    <p class='ocr_par' dir='ltr' id='par_1_1' title="bbox 175 400 296 461">
     <span class='ocr_line' id='line_1_1' title="bbox 175 400 296 461; baseline 0 0"><span class='ocrx_word' id='word_1_1' title='bbox 175 400 296 461; x_wconf 69' lang='grc'><strong>281</strong></span> 
     </span>
    </p>
   </div>
   <div class='ocr_carea' id='block_1_2' title="bbox 1128 406 2552 471">
    <p class='ocr_par' dir='ltr' id='par_1_2' title="bbox 1128 406 2552 471">
     <span class='ocr_line' id='line_1_2' title="bbox 1128 406 2552 471; baseline 0.005 -7"><span class='ocrx_word' id='word_1_2' title='bbox 1128 406 1685 469; x_wconf 66' lang='grc' dir='ltr'>οοκιιειινηκιοδ</span> <span class='ocrx_word' id='word_1_3' title='bbox 1723 411 1795 466; x_wconf 78' lang='lat' dir='ltr'><strong>IN</strong></span> <span class='ocrx_word' id='word_1_4' title='bbox 1830 411 2063 469; x_wconf 73' lang='lat' dir='ltr'><strong>OSEAM</strong></span> <span class='ocrx_word' id='word_1_5' title='bbox 2105 410 2552 471; x_wconf 67' lang='lat' dir='ltr'><strong>PROPHETAM‘.</strong></span> 
     </span>
    </p>
   </div>
   <div class='ocr_carea' id='block_1_3' title="bbox 3365 414 3477 476">
    <p class='ocr_par' dir='ltr' id='par_1_3' title="bbox 3365 414 3477 476">
     <span class='ocr_line' id='line_1_3' title="bbox 3365 414 3477 476; baseline 0 0"><span class='ocrx_word' id='word_1_6' title='bbox 3365 414 3477 476; x_wconf 63' lang='lat'><strong>28‘!</strong></span> 
     </span>
    </p>
   </div>
   <div class='ocr_carea' id='block_1_4' title="bbox 266 512 1810 609">
    <p class='ocr_par' dir='ltr' id='par_1_4' title="bbox 266 512 1795 609">
     <span class='ocr_line' id='line_1_4' title="bbox 266 512 1795 609; baseline 0.002 -32"><span class='ocrx_word' id='word_1_7' title='bbox 266 512 388 577; x_wconf 67' lang='grc' dir='ltr'><strong>ω</strong></span> <span class='ocrx_word' id='word_1_8' title='bbox 434 520 636 592; x_wconf 68' lang='grc' dir='ltr'>κρίσις</span> <span class='ocrx_word' id='word_1_9' title='bbox 683 520 763 609; x_wconf 73' lang='grc' dir='ltr'>τῷ</span> <span class='ocrx_word' id='word_1_10' title='bbox 795 521 991 591; x_wconf 77' lang='grc' dir='ltr'>Κυρίῳ</span> <span class='ocrx_word' id='word_1_11' title='bbox 1021 524 1171 592; x_wconf 77' lang='grc' dir='ltr'>πρὸς</span> <span class='ocrx_word' id='word_1_12' title='bbox 1208 525 1451 592; x_wconf 68' lang='grc' dir='ltr'>Ἰούδαν,</span> <span class='ocrx_word' id='word_1_13' title='bbox 1492 527 1598 582; x_wconf 70' lang='grc' dir='ltr'><strong>τοῦ</strong></span> <span class='ocrx_word' id='word_1_14' title='bbox 1637 524 1795 582; x_wconf 71' lang='grc' dir='ltr'>ἐκδι-</span> 
     </span>
    </p>
   </div>
   <div class='ocr_carea' id='block_1_5' title="bbox 1912 512 3476 609">
    <p class='ocr_par' dir='ltr' id='par_1_5' title="bbox 1970 524 3476 598">
     <span class='ocr_line' id='line_1_5' title="bbox 1970 524 3476 598; baseline 0.003 -19"><span class='ocrx_word' id='word_1_15' title='bbox 1970 526 2132 584; x_wconf 75' lang='lat' dir='ltr'><strong>Vens.</strong></span> <span class='ocrx_word' id='word_1_16' title='bbox 2156 526 2212 584; x_wconf 67' lang='grc' dir='ltr'><strong>ἓ.</strong></span> <span class='ocrx_word' id='word_1_17' title='bbox 2252 525 2316 583; x_wconf 81' lang='lat' dir='ltr'><strong>Et</strong></span> <span class='ocrx_word' id='word_1_18' title='bbox 2346 526 2609 598; x_wconf 78' lang='lat' dir='ltr'><strong>judicium</strong></span> <span class='ocrx_word' id='word_1_19' title='bbox 2646 524 2866 583; x_wconf 70' lang='lat' dir='ltr'><strong>Domino</strong></span> <span class='ocrx_word' id='word_1_20' title='bbox 2916 536 3100 583; x_wconf 78' lang='lat' dir='ltr'><strong>cautra</strong></span> <span class='ocrx_word' id='word_1_21' title='bbox 3149 527 3368 596; x_wconf 73' lang='lat' dir='ltr'><strong>Iudam,</strong></span> <span class='ocrx_word' id='word_1_22' title='bbox 3418 541 3476 585; x_wconf 77' lang='lat' dir='ltr'><strong>ut</strong></span> 
     </span>
    </p>
   </div>
   <div class='ocr_carea' id='block_1_6' title="bbox 186 610 1789 685">
    <p class='ocr_par' dir='ltr' id='par_1_6' title="bbox 186 610 1789 685">
     <span class='ocr_line' id='line_1_6' title="bbox 186 610 1789 685; baseline 0.004 -19"><span class='ocrx_word' id='word_1_23' title='bbox 186 612 390 682; x_wconf 66' lang='grc' dir='ltr'>κῆααι</span> <span class='ocrx_word' id='word_1_24' title='bbox 442 612 552 667; x_wconf 74' lang='grc' dir='ltr'><strong>τὸν</strong></span> <span class='ocrx_word' id='word_1_25' title='bbox 587 610 808 668; x_wconf 68' lang='grc' dir='ltr'>Ἰακώϐ.</span> <span class='ocrx_word' id='word_1_26' title='bbox 855 613 1018 668; x_wconf 77' lang='grc' dir='ltr'>Κατὰ</span> <span class='ocrx_word' id='word_1_27' title='bbox 1059 615 1168 682; x_wconf 82' lang='grc' dir='ltr'>τὰς</span> <span class='ocrx_word' id='word_1_28' title='bbox 1214 616 1395 685; x_wconf 81' lang='grc' dir='ltr'>ὀδοὺς</span> <span class='ocrx_word' id='word_1_29' title='bbox 1433 618 1646 684; x_wconf 77' lang='grc' dir='ltr'>αὐτοῦ,</span> <span class='ocrx_word' id='word_1_30' title='bbox 1692 618 1789 673; x_wconf 77' lang='grc' dir='ltr'><strong>καί</strong></span> 
     </span>
    </p>
   </div>
   <div class='ocr_carea' id='block_1_7' title="bbox 190 701 1791 777">
    <p class='ocr_par' dir='ltr' id='par_1_7' title="bbox 190 701 1791 777">
     <span class='ocr_line' id='line_1_7' title="bbox 190 701 1791 777; baseline 0.007 -22"><span class='ocrx_word' id='word_1_31' title='bbox 190 702 357 755; x_wconf 63' lang='grc' dir='ltr'>κατὰ</span> <span class='ocrx_word' id='word_1_32' title='bbox 381 701 457 755; x_wconf 75' lang='grc' dir='ltr'>τὰ</span> <span class='ocrx_word' id='word_1_33' title='bbox 486 701 924 773; x_wconf 69' lang='grc' dir='ltr'>ἐπιτηδεύματα</span> <span class='ocrx_word' id='word_1_34' title='bbox 954 704 1144 760; x_wconf 75' lang='grc' dir='ltr'>αὐτοῦ</span> <span class='ocrx_word' id='word_1_35' title='bbox 1169 706 1584 763; x_wconf 62' lang='grc' dir='ltr'>ἀνταποδάπει</span> <span class='ocrx_word' id='word_1_36' title='bbox 1609 708 1791 777; x_wconf 76' lang='grc' dir='ltr'>αὐτῷ.</span> 
     </span>
    </p>
   </div>
   <div class='ocr_carea' id='block_1_8' title="bbox 271 794 1794 874">
    <p class='ocr_par' dir='ltr' id='par_1_8' title="bbox 271 794 1794 874">
     <span class='ocr_line' id='line_1_8' title="bbox 271 794 1794 874; baseline 0.007 -27"><span class='ocrx_word' id='word_1_37' title='bbox 271 795 464 863; x_wconf 68' lang='grc' dir='ltr'><strong>ΡΛΕΓ.</strong></span> <span class='ocrx_word' id='word_1_38' title='bbox 500 795 712 866; x_wconf 82' lang='grc' dir='ltr'>Ὥσπερ</span> <span class='ocrx_word' id='word_1_39' title='bbox 749 794 989 869; x_wconf 75' lang='grc' dir='ltr'>Ἐφραῒμ</span> <span class='ocrx_word' id='word_1_40' title='bbox 1016 797 1310 870; x_wconf 76' lang='grc' dir='ltr'><strong>ὀνομάσας,</strong></span> <span class='ocrx_word' id='word_1_41' title='bbox 1342 799 1626 874; x_wconf 73' lang='grc' dir='ltr'><strong>παρέδειξε</strong></span> <span class='ocrx_word' id='word_1_42' title='bbox 1653 806 1794 857; x_wconf 85' lang='grc' dir='ltr'>νοεῖν</span> 
     </span>
    </p>
   </div>
   <div class='ocr_carea' id='block_1_9' title="bbox 192 886 1791 959">
    <p class='ocr_par' dir='ltr' id='par_1_9' title="bbox 192 886 1791 959">
     <span class='ocr_line' id='line_1_9' title="bbox 192 886 1791 959; baseline 0.006 -20"><span class='ocrx_word' id='word_1_43' title='bbox 192 886 332 950; x_wconf 67' lang='grc' dir='ltr'>τοὺς</span> <span class='ocrx_word' id='word_1_44' title='bbox 361 889 425 940; x_wconf 79' lang='grc' dir='ltr'><strong>ἐκ</strong></span> <span class='ocrx_word' id='word_1_45' title='bbox 455 886 626 959; x_wconf 77' lang='grc' dir='ltr'>φυλῆς</span> <span class='ocrx_word' id='word_1_46' title='bbox 660 886 903 959; x_wconf 80' lang='grc' dir='ltr'>Ἑφραῒμ</span> <span class='ocrx_word' id='word_1_47' title='bbox 936 888 1431 959; x_wconf 74' lang='grc' dir='ltr'>βεϐασιλευκότας,</span> <span class='ocrx_word' id='word_1_48' title='bbox 1469 893 1613 949; x_wconf 82' lang='grc' dir='ltr'>οὕτω</span> <span class='ocrx_word' id='word_1_49' title='bbox 1658 894 1791 949; x_wconf 84' lang='grc' dir='ltr'>κάν-</span> 
     </span>
    </p>
   </div>
   <div class='ocr_carea' id='block_1_10' title="bbox 196 978 1792 1057">
    <p class='ocr_par' dir='ltr' id='par_1_10' title="bbox 196 978 1792 1057">
     <span class='ocr_line' id='line_1_10' title="bbox 196 978 1792 1057; baseline 0.006 -24"><span class='ocrx_word' id='word_1_50' title='bbox 196 978 333 1033; x_wconf 69' lang='grc' dir='ltr'>θάδε</span> <span class='ocrx_word' id='word_1_51' title='bbox 367 979 495 1042; x_wconf 82' lang='grc' dir='ltr'>τοὺς</span> <span class='ocrx_word' id='word_1_52' title='bbox 527 982 592 1034; x_wconf 85' lang='grc' dir='ltr'><strong>ἐκ</strong></span> <span class='ocrx_word' id='word_1_53' title='bbox 633 980 805 1053; x_wconf 77' lang='grc' dir='ltr'>φυλῆς</span> <span class='ocrx_word' id='word_1_54' title='bbox 838 982 1008 1036; x_wconf 87' lang='grc' dir='ltr'>Ἰούδα</span> <span class='ocrx_word' id='word_1_55' title='bbox 1046 984 1190 1038; x_wconf 88' lang='grc' dir='ltr'><strong>κατά</strong></span> <span class='ocrx_word' id='word_1_56' title='bbox 1218 987 1445 1057; x_wconf 77' lang='grc' dir='ltr'>καιροὺς</span> <span class='ocrx_word' id='word_1_57' title='bbox 1478 986 1792 1057; x_wconf 82' lang='grc' dir='ltr'>βασιλεύον-</span> 
     </span>
    </p>
   </div>
   <div class='ocr_carea' id='block_1_11' title="bbox 196 1070 1794 1150">
    <p class='ocr_par' dir='ltr' id='par_1_11' title="bbox 196 1070 1794 1150">
     <span class='ocr_line' id='line_1_11' title="bbox 196 1070 1794 1150; baseline 0.008 -27"><span class='ocrx_word' id='word_1_58' title='bbox 196 1086 326 1135; x_wconf 78' lang='grc' dir='ltr'>τας,</span> <span class='ocrx_word' id='word_1_59' title='bbox 354 1070 430 1136; x_wconf 84' lang='grc' dir='ltr'><strong>ὡς</strong></span> <span class='ocrx_word' id='word_1_60' title='bbox 462 1070 522 1137; x_wconf 78' lang='grc' dir='ltr'>ἐξ</span> <span class='ocrx_word' id='word_1_61' title='bbox 553 1071 817 1144; x_wconf 78' lang='grc' dir='ltr'>ὀνόματος</span> <span class='ocrx_word' id='word_1_62' title='bbox 839 1074 941 1145; x_wconf 78' lang='grc' dir='ltr'>τῆς</span> <span class='ocrx_word' id='word_1_63' title='bbox 969 1074 1362 1148; x_wconf 80' lang='grc' dir='ltr'><strong>βασιλευούσης</strong></span> <span class='ocrx_word' id='word_1_64' title='bbox 1391 1080 1794 1150; x_wconf 88' lang='grc' dir='ltr'>κατασημαίνει</span> 
     </span>
    </p>
   </div>
   <div class='ocr_carea' id='block_1_12' title="bbox 198 1161 1796 1243">
    <p class='ocr_par' dir='ltr' id='par_1_12' title="bbox 198 1161 1796 1243">
     <span class='ocr_line' id='line_1_12' title="bbox 198 1161 1796 1243; baseline 0.009 -29"><span class='ocrx_word' id='word_1_65' title='bbox 198 1162 411 1233; x_wconf 78' lang='grc' dir='ltr'>φυλῆς·</span> <span class='ocrx_word' id='word_1_66' title='bbox 443 1163 776 1236; x_wconf 78' lang='grc' dir='ltr'>ἐπιτιμήσας</span> <span class='ocrx_word' id='word_1_67' title='bbox 804 1164 869 1237; x_wconf 80' lang='grc' dir='ltr'>δὴ</span> <span class='ocrx_word' id='word_1_68' title='bbox 901 1161 993 1221; x_wconf 84' lang='grc' dir='ltr'><strong>οῦν</strong></span> <span class='ocrx_word' id='word_1_69' title='bbox 1023 1167 1103 1239; x_wconf 89' lang='grc' dir='ltr'>τῷ</span> <span class='ocrx_word' id='word_1_70' title='bbox 1139 1168 1399 1242; x_wconf 79' lang='grc' dir='ltr'>Ἐφραῖμ,</span> <span class='ocrx_word' id='word_1_71' title='bbox 1437 1171 1555 1243; x_wconf 68' lang='grc' dir='ltr'>ἦτοι</span> <span class='ocrx_word' id='word_1_72' title='bbox 1588 1175 1701 1237; x_wconf 81' lang='grc' dir='ltr'>τοῖς</span> <span class='ocrx_word' id='word_1_73' title='bbox 1736 1174 1796 1239; x_wconf 82' lang='grc' dir='ltr'>ἐξ</span> 
     </span>
    </p>
   </div>
   <div class='ocr_carea' id='block_1_13' title="bbox 214 1250 1796 1332">
    <p class='ocr_par' dir='ltr' id='par_1_13' title="bbox 214 1250 1796 1332">
     <span class='ocr_line' id='line_1_13' title="bbox 214 1250 1796 1332; baseline 0.007 -25"><span class='ocrx_word' id='word_1_74' title='bbox 214 1250 464 1327; x_wconf 74' lang='grc' dir='ltr'>Ἑφραῒμ</span> <span class='ocrx_word' id='word_1_75' title='bbox 510 1255 772 1327; x_wconf 76' lang='grc' dir='ltr'><strong>κρατοῦσι</strong></span> <span class='ocrx_word' id='word_1_76' title='bbox 804 1255 896 1313; x_wconf 85' lang='grc' dir='ltr'><strong>τοῦ</strong></span> <span class='ocrx_word' id='word_1_77' title='bbox 930 1259 1173 1332; x_wconf 81' lang='grc' dir='ltr'>Ἰσραὴλ,</span> <span class='ocrx_word' id='word_1_78' title='bbox 1226 1261 1447 1332; x_wconf 87' lang='grc' dir='ltr'>πνεῦμά</span> <span class='ocrx_word' id='word_1_79' title='bbox 1484 1278 1542 1316; x_wconf 87' lang='grc' dir='ltr'><strong>τε</strong></span> <span class='ocrx_word' id='word_1_80' title='bbox 1597 1264 1796 1329; x_wconf 79' lang='grc' dir='ltr'>αὐτοὺς</span> 
     </span>
    </p>
   </div>
   <div class='ocr_carea' id='block_1_14' title="bbox 198 1346 1796 1427">
    <p class='ocr_par' dir='ltr' id='par_1_14' title="bbox 198 1346 1796 1427">
     <span class='ocr_line' id='line_1_14' title="bbox 198 1346 1796 1427; baseline 0.006 -27"><span class='ocrx_word' id='word_1_81' title='bbox 198 1346 481 1418; x_wconf 75' lang='grc' dir='ltr'><strong>ὀνομάσας</strong></span> <span class='ocrx_word' id='word_1_82' title='bbox 512 1350 768 1420; x_wconf 67' lang='grc' dir='ltr'>πονηρὸν,</span> <span class='ocrx_word' id='word_1_83' title='bbox 811 1352 907 1406; x_wconf 77' lang='grc' dir='ltr'>καὶ</span> <span class='ocrx_word' id='word_1_84' title='bbox 957 1352 1090 1405; x_wconf 86' lang='grc' dir='ltr'><strong>κενά</strong></span> <span class='ocrx_word' id='word_1_85' title='bbox 1139 1353 1235 1406; x_wconf 80' lang='grc' dir='ltr'>καὶ</span> <span class='ocrx_word' id='word_1_86' title='bbox 1265 1354 1471 1424; x_wconf 83' lang='grc' dir='ltr'>μάταια</span> <span class='ocrx_word' id='word_1_87' title='bbox 1505 1355 1796 1427; x_wconf 85' lang='grc' dir='ltr'>πληθύνειν</span> 
     </span>
    </p>
   </div>
   <div class='ocr_carea' id='block_1_15' title="bbox 202 1436 1797 1518">
    <p class='ocr_par' dir='ltr' id='par_1_15' title="bbox 202 1436 1797 1518">
     <span class='ocr_line' id='line_1_15' title="bbox 202 1436 1797 1518; baseline 0.007 -26"><span class='ocrx_word' id='word_1_88' title='bbox 202 1436 403 1507; x_wconf 67' lang='grc' dir='ltr'>εἰπὼν,</span> <span class='ocrx_word' id='word_1_89' title='bbox 430 1438 520 1495; x_wconf 78' lang='grc' dir='ltr'>διὰ</span> <span class='ocrx_word' id='word_1_90' title='bbox 553 1453 618 1509; x_wconf 84' lang='grc' dir='ltr'><strong>γε</strong></span> <span class='ocrx_word' id='word_1_91' title='bbox 643 1439 741 1496; x_wconf 85' lang='grc' dir='ltr'><strong>τοῦ</strong></span> <span class='ocrx_word' id='word_1_92' title='bbox 784 1436 1047 1514; x_wconf 76' lang='grc' dir='ltr'><strong>διαθήκας</strong></span> <span class='ocrx_word' id='word_1_93' title='bbox 1080 1443 1179 1515; x_wconf 80' lang='grc' dir='ltr'>μὲν</span> <span class='ocrx_word' id='word_1_94' title='bbox 1217 1443 1465 1501; x_wconf 82' lang='grc' dir='ltr'>τίθεσθαι</span> <span class='ocrx_word' id='word_1_95' title='bbox 1505 1448 1642 1518; x_wconf 84' lang='grc' dir='ltr'>πρὸς</span> <span class='ocrx_word' id='word_1_96' title='bbox 1674 1449 1797 1502; x_wconf 77' lang='grc' dir='ltr'><strong>Ἀσ-</strong></span> 
     </span>
    </p>
   </div>
   <div class='ocr_carea' id='block_1_16' title="bbox 206 1526 1794 1609">
    <p class='ocr_par' dir='ltr' id='par_1_16' title="bbox 206 1526 1794 1609">
     <span class='ocr_line' id='line_1_16' title="bbox 206 1526 1794 1609; baseline 0.005 -23"><span class='ocrx_word' id='word_1_97' title='bbox 206 1531 465 1605; x_wconf 80' lang='grc' dir='ltr'>συρίους,</span> <span class='ocrx_word' id='word_1_98' title='bbox 502 1526 903 1605; x_wconf 70' lang='grc' dir='ltr'><strong>ἐμπορεύεσθαι</strong></span> <span class='ocrx_word' id='word_1_99' title='bbox 945 1535 1002 1589; x_wconf 83' lang='grc' dir='ltr'>δὲ</span> <span class='ocrx_word' id='word_1_100' title='bbox 1043 1537 1137 1589; x_wconf 59' lang='grc' dir='ltr'><strong>καί⁵</strong></span> <span class='ocrx_word' id='word_1_101' title='bbox 1174 1534 1354 1591; x_wconf 74' lang='grc' dir='ltr'>ἔλαιον</span> <span class='ocrx_word' id='word_1_102' title='bbox 1385 1539 1467 1602; x_wconf 87' lang='grc' dir='ltr'><strong>είς</strong></span> <span class='ocrx_word' id='word_1_103' title='bbox 1498 1538 1794 1609; x_wconf 71' lang='grc' dir='ltr'>Αἴγυπτον,</span> 
     </span>
    </p>
   </div>
   <div class='ocr_carea' id='block_1_17' title="bbox 205 1624 1796 1704">
    <p class='ocr_par' dir='ltr' id='par_1_17' title="bbox 205 1624 1796 1704">
     <span class='ocr_line' id='line_1_17' title="bbox 205 1624 1796 1704; baseline 0.004 -26"><span class='ocrx_word' id='word_1_104' title='bbox 205 1626 559 1679; x_wconf 79' lang='grc' dir='ltr'><strong>καταιτιᾶται</strong></span> <span class='ocrx_word' id='word_1_105' title='bbox 582 1624 767 1679; x_wconf 81' lang='grc' dir='ltr'>λοιπὸν</span> <span class='ocrx_word' id='word_1_106' title='bbox 788 1627 914 1691; x_wconf 81' lang='grc' dir='ltr'>τοὺς</span> <span class='ocrx_word' id='word_1_107' title='bbox 936 1626 996 1693; x_wconf 77' lang='grc' dir='ltr'>ἐξ</span> <span class='ocrx_word' id='word_1_108' title='bbox 1026 1628 1198 1684; x_wconf 80' lang='grc' dir='ltr'>Ἰούδα</span> <span class='ocrx_word' id='word_1_109' title='bbox 1222 1629 1407 1696; x_wconf 87' lang='grc' dir='ltr'>πάλιν,</span> <span class='ocrx_word' id='word_1_110' title='bbox 1438 1630 1796 1704; x_wconf 84' lang='grc' dir='ltr'>κριθήσεσθαί</span> 
     </span>
    </p>
   </div>
   <div class='ocr_carea' id='block_1_18' title="bbox 203 1715 1794 1799">
    <p class='ocr_par' dir='ltr' id='par_1_18' title="bbox 203 1715 1794 1799">
     <span class='ocr_line' id='line_1_18' title="bbox 203 1715 1794 1799; baseline 0.008 -30"><span class='ocrx_word' id='word_1_111' title='bbox 203 1728 270 1769; x_wconf 78' lang='grc' dir='ltr'><strong>τε</strong></span> <span class='ocrx_word' id='word_1_112' title='bbox 308 1715 448 1787; x_wconf 76' lang='grc' dir='ltr'>πρὸς</span> <span class='ocrx_word' id='word_1_113' title='bbox 496 1717 691 1782; x_wconf 75' lang='grc' dir='ltr'>αὐτοὺς</span> <span class='ocrx_word' id='word_1_114' title='bbox 718 1717 809 1772; x_wconf 82' lang='grc' dir='ltr'>τὸν</span> <span class='ocrx_word' id='word_1_115' title='bbox 838 1720 947 1775; x_wconf 84' lang='grc' dir='ltr'><strong>τῶν</strong></span> <span class='ocrx_word' id='word_1_116' title='bbox 989 1721 1126 1776; x_wconf 85' lang='grc' dir='ltr'>ὅλων</span> <span class='ocrx_word' id='word_1_117' title='bbox 1154 1722 1307 1786; x_wconf 81' lang='grc' dir='ltr'>Θεὸν,</span> <span class='ocrx_word' id='word_1_118' title='bbox 1336 1719 1395 1779; x_wconf 81' lang='grc' dir='ltr'>εὖ</span> <span class='ocrx_word' id='word_1_119' title='bbox 1433 1724 1577 1796; x_wconf 83' lang='grc' dir='ltr'>μάλα</span> <span class='ocrx_word' id='word_1_120' title='bbox 1609 1728 1794 1799; x_wconf 61' lang='grc' dir='ltr'>φησιν,</span> 
     </span>
    </p>
   </div>
   <div class='ocr_carea' id='block_1_19' title="bbox 203 1809 1799 1889">
    <p class='ocr_par' dir='ltr' id='par_1_19' title="bbox 203 1809 1799 1889">
     <span class='ocr_line' id='line_1_19' title="bbox 203 1809 1799 1889; baseline 0.007 -27"><span class='ocrx_word' id='word_1_121' title='bbox 203 1809 375 1863; x_wconf 73' lang='grc' dir='ltr'>οἱονεί</span> <span class='ocrx_word' id='word_1_122' title='bbox 405 1822 522 1873; x_wconf 84' lang='grc' dir='ltr'><strong>πως</strong></span> <span class='ocrx_word' id='word_1_123' title='bbox 552 1810 870 1866; x_wconf 76' lang='grc' dir='ltr'>ἐκδικοῦντα</span> <span class='ocrx_word' id='word_1_124' title='bbox 908 1812 998 1867; x_wconf 78' lang='grc' dir='ltr'>τὸν</span> <span class='ocrx_word' id='word_1_125' title='bbox 1035 1812 1252 1881; x_wconf 88' lang='grc' dir='ltr'>Ἰακὼϐ,</span> <span class='ocrx_word' id='word_1_126' title='bbox 1286 1817 1429 1887; x_wconf 71' lang='grc' dir='ltr'>φημὶ</span> <span class='ocrx_word' id='word_1_127' title='bbox 1469 1817 1531 1889; x_wconf 84' lang='grc' dir='ltr'>δὴ</span> <span class='ocrx_word' id='word_1_128' title='bbox 1569 1816 1660 1872; x_wconf 79' lang='grc' dir='ltr'>τὸν</span> <span class='ocrx_word' id='word_1_129' title='bbox 1694 1836 1799 1872; x_wconf 89' lang='grc' dir='ltr'>πα-</span> 
     </span>
    </p>
   </div>
   <div class='ocr_carea' id='block_1_20' title="bbox 206 1877 1873 1977">
    <p class='ocr_par' dir='ltr' id='par_1_20' title="bbox 206 1877 1873 1977">
     <span class='ocr_line' id='line_1_20' title="bbox 206 1877 1873 1977; baseline 0.005 -22"><span class='ocrx_word' id='word_1_130' title='bbox 206 1902 501 1974; x_wconf 71' lang='grc' dir='ltr'>τριάρχην,</span> <span class='ocrx_word' id='word_1_131' title='bbox 536 1902 612 1968; x_wconf 82' lang='grc' dir='ltr'>ὡς</span> <span class='ocrx_word' id='word_1_132' title='bbox 640 1894 701 1959; x_wconf 84' lang='grc' dir='ltr'><strong>ού</strong></span> <span class='ocrx_word' id='word_1_133' title='bbox 739 1905 977 1977; x_wconf 78' lang='grc' dir='ltr'><strong>μετρίως</strong></span> <span class='ocrx_word' id='word_1_134' title='bbox 1017 1877 1566 1977; x_wconf 46' lang='grc' dir='ltr'>ἠδικημένονῖδιάτοι</span> <span class='ocrx_word' id='word_1_135' title='bbox 1611 1910 1673 1963; x_wconf 79' lang='grc' dir='ltr'>τὸ</span> <span class='ocrx_word' id='word_1_136' title='bbox 1701 1902 1798 1965; x_wconf 80' lang='grc' dir='ltr'>ἶσα</span> <span class='ocrx_word' id='word_1_137' title='bbox 1833 1877 1873 1932; x_wconf 73' lang='grc' dir='ltr'><strong>Β</strong></span> 
     </span>
    </p>
   </div>
   <div class='ocr_carea' id='block_1_21' title="bbox 211 1994 1801 2074">
    <p class='ocr_par' dir='ltr' id='par_1_21' title="bbox 211 1994 1801 2074">
     <span class='ocr_line' id='line_1_21' title="bbox 211 1994 1801 2074; baseline 0.007 -27"><span class='ocrx_word' id='word_1_138' title='bbox 211 1994 291 2066; x_wconf 81' lang='grc' dir='ltr'>μὴ</span> <span class='ocrx_word' id='word_1_139' title='bbox 332 1994 547 2049; x_wconf 75' lang='grc' dir='ltr'>ἑλέσθαι</span> <span class='ocrx_word' id='word_1_140' title='bbox 591 1999 811 2069; x_wconf 78' lang='grc' dir='ltr'>φρονεῖν</span> <span class='ocrx_word' id='word_1_141' title='bbox 836 1999 963 2062; x_wconf 77' lang='grc' dir='ltr'>τοὺς</span> <span class='ocrx_word' id='word_1_142' title='bbox 1010 1998 1070 2063; x_wconf 82' lang='grc' dir='ltr'>ἐξ</span> <span class='ocrx_word' id='word_1_143' title='bbox 1099 1998 1263 2053; x_wconf 80' lang='grc' dir='ltr'>αὐτοῦ</span> <span class='ocrx_word' id='word_1_144' title='bbox 1306 2002 1619 2069; x_wconf 77' lang='grc' dir='ltr'>γεγονότας,</span> <span class='ocrx_word' id='word_1_145' title='bbox 1663 2005 1801 2074; x_wconf 86' lang='grc' dir='ltr'>μήτε</span> 
     </span>
    </p>
   </div>
   <div class='ocr_carea' id='block_1_22' title="bbox 213 2085 1802 2164">
    <p class='ocr_par' dir='ltr' id='par_1_22' title="bbox 213 2085 1802 2164">
     <span class='ocr_line' id='line_1_22' title="bbox 213 2085 1802 2164; baseline 0.008 -26"><span class='ocrx_word' id='word_1_146' title='bbox 213 2085 325 2157; x_wconf 72' lang='grc' dir='ltr'>μὴν</span> <span class='ocrx_word' id='word_1_147' title='bbox 352 2087 452 2158; x_wconf 80' lang='grc' dir='ltr'>τῆς</span> <span class='ocrx_word' id='word_1_148' title='bbox 480 2088 740 2160; x_wconf 83' lang='grc' dir='ltr'>πατρῴας</span> <span class='ocrx_word' id='word_1_149' title='bbox 764 2091 994 2145; x_wconf 84' lang='grc' dir='ltr'>κατόπιν</span> <span class='ocrx_word' id='word_1_150' title='bbox 1023 2090 1157 2146; x_wconf 75' lang='grc' dir='ltr'>ἰέναι</span> <span class='ocrx_word' id='word_1_151' title='bbox 1181 2092 1428 2164; x_wconf 84' lang='grc' dir='ltr'>γνώμης,</span> <span class='ocrx_word' id='word_1_152' title='bbox 1452 2095 1802 2150; x_wconf 83' lang='grc' dir='ltr'>ἀποσείεσθαι</span> 
     </span>
    </p>
   </div>
   <div class='ocr_carea' id='block_1_23' title="bbox 209 2174 1805 2254">
    <p class='ocr_par' dir='ltr' id='par_1_23' title="bbox 209 2174 1805 2254">
     <span class='ocr_line' id='line_1_23' title="bbox 209 2174 1805 2254; baseline 0.007 -27"><span class='ocrx_word' id='word_1_153' title='bbox 209 2174 271 2227; x_wconf 77' lang='grc' dir='ltr'>δὲ</span> <span class='ocrx_word' id='word_1_154' title='bbox 304 2175 495 2247; x_wconf 82' lang='grc' dir='ltr'>ὥσπερ</span> <span class='ocrx_word' id='word_1_155' title='bbox 526 2196 581 2232; x_wconf 86' lang='grc' dir='ltr'><strong>τι</strong></span> <span class='ocrx_word' id='word_1_156' title='bbox 608 2177 715 2232; x_wconf 85' lang='grc' dir='ltr'>τῶν</span> <span class='ocrx_word' id='word_1_157' title='bbox 746 2177 887 2247; x_wconf 78' lang='grc' dir='ltr'>ἄγαν</span> <span class='ocrx_word' id='word_1_158' title='bbox 929 2180 1174 2235; x_wconf 83' lang='grc' dir='ltr'>ἐκτόπων</span> <span class='ocrx_word' id='word_1_159' title='bbox 1203 2183 1263 2237; x_wconf 81' lang='grc' dir='ltr'>τὸ</span> <span class='ocrx_word' id='word_1_160' title='bbox 1291 2182 1689 2254; x_wconf 84' lang='grc' dir='ltr'>ἀπομιμεῖσθαι</span> <span class='ocrx_word' id='word_1_161' title='bbox 1722 2185 1805 2240; x_wconf 75' lang='grc' dir='ltr'>θέ-</span> 
     </span>
    </p>
   </div>
   <div class='ocr_carea' id='block_1_24' title="bbox 208 2264 1804 2348">
    <p class='ocr_par' dir='ltr' id='par_1_24' title="bbox 208 2264 1804 2348">
     <span class='ocr_line' id='line_1_24' title="bbox 208 2264 1804 2348; baseline 0.007 -29"><span class='ocrx_word' id='word_1_162' title='bbox 208 2264 327 2320; x_wconf 87' lang='grc' dir='ltr'>λειν</span> <span class='ocrx_word' id='word_1_163' title='bbox 359 2268 542 2325; x_wconf 80' lang='grc' dir='ltr'>αὐτόν.</span> <span class='ocrx_word' id='word_1_164' title='bbox 569 2264 776 2325; x_wconf 75' lang='grc' dir='ltr'>Οὐκοῦν</span> <span class='ocrx_word' id='word_1_165' title='bbox 805 2271 879 2335; x_wconf 86' lang='grc' dir='ltr'><strong>ὼς</strong></span> <span class='ocrx_word' id='word_1_166' title='bbox 904 2272 1232 2344; x_wconf 73' lang='grc' dir='ltr'>ἠδικημένον</span> <span class='ocrx_word' id='word_1_167' title='bbox 1262 2274 1341 2338; x_wconf 89' lang='grc' dir='ltr'><strong>είς</strong></span> <span class='ocrx_word' id='word_1_168' title='bbox 1372 2275 1531 2342; x_wconf 79' lang='grc' dir='ltr'>δόξαν</span> <span class='ocrx_word' id='word_1_169' title='bbox 1566 2275 1654 2330; x_wconf 84' lang='grc' dir='ltr'><strong>διά</strong></span> <span class='ocrx_word' id='word_1_170' title='bbox 1706 2277 1804 2348; x_wconf 74' lang='grc' dir='ltr'>τῆς</span> 
     </span>
    </p>
   </div>
   <div class='ocr_carea' id='block_1_25' title="bbox 210 2357 1809 2439">
    <p class='ocr_par' dir='ltr' id='par_1_25' title="bbox 210 2357 1809 2439">
     <span class='ocr_line' id='line_1_25' title="bbox 210 2357 1809 2439; baseline 0.008 -30"><span class='ocrx_word' id='word_1_171' title='bbox 210 2357 326 2410; x_wconf 76' lang='grc' dir='ltr'>τῶν</span> <span class='ocrx_word' id='word_1_172' title='bbox 354 2359 557 2415; x_wconf 81' lang='grc' dir='ltr'>τέκνων</span> <span class='ocrx_word' id='word_1_173' title='bbox 595 2362 926 2434; x_wconf 83' lang='grc' dir='ltr'>φαυλότητος</span> <span class='ocrx_word' id='word_1_174' title='bbox 954 2364 1046 2419; x_wconf 79' lang='grc' dir='ltr'>τὸν</span> <span class='ocrx_word' id='word_1_175' title='bbox 1083 2364 1277 2421; x_wconf 87' lang='grc' dir='ltr'>Ἰακὼϐ</span> <span class='ocrx_word' id='word_1_176' title='bbox 1304 2366 1613 2439; x_wconf 79' lang='grc' dir='ltr'>ἐκδικήσειν</span> <span class='ocrx_word' id='word_1_177' title='bbox 1640 2369 1809 2437; x_wconf 80' lang='grc' dir='ltr'>ἐπαγ-</span> 
     </span>
    </p>
   </div>
   <div class='ocr_carea' id='block_1_26' title="bbox 213 2449 1807 2525">
    <p class='ocr_par' dir='ltr' id='par_1_26' title="bbox 213 2449 1807 2525">
     <span class='ocr_line' id='line_1_26' title="bbox 213 2449 1807 2525; baseline 0.006 -23"><span class='ocrx_word' id='word_1_178' title='bbox 213 2449 469 2518; x_wconf 74' lang='grc' dir='ltr'>γέλλεται</span> <span class='ocrx_word' id='word_1_179' title='bbox 488 2492 503 2517; x_wconf 87' lang='grc'><strong>,</strong></span> <span class='ocrx_word' id='word_1_180' title='bbox 540 2455 651 2518; x_wconf 84' lang='grc' dir='ltr'>τοῖς</span> <span class='ocrx_word' id='word_1_181' title='bbox 679 2453 997 2525; x_wconf 69' lang='grc' dir='ltr'>ἠδικηκόσιν</span> <span class='ocrx_word' id='word_1_182' title='bbox 1039 2455 1320 2521; x_wconf 80' lang='grc' dir='ltr'>ἀποδιδοὺς</span> <span class='ocrx_word' id='word_1_183' title='bbox 1351 2458 1493 2512; x_wconf 83' lang='grc' dir='ltr'><strong>κατά</strong></span> <span class='ocrx_word' id='word_1_184' title='bbox 1519 2456 1619 2522; x_wconf 85' lang='grc' dir='ltr'><strong>τὰς</strong></span> <span class='ocrx_word' id='word_1_185' title='bbox 1652 2458 1807 2521; x_wconf 78' lang='grc' dir='ltr'>ὁδοὺς</span> 
     </span>
    </p>
   </div>
   <div class='ocr_carea' id='block_1_27' title="bbox 212 2544 1470 2623">
    <p class='ocr_par' dir='ltr' id='par_1_27' title="bbox 212 2544 1470 2623">
     <span class='ocr_line' id='line_1_27' title="bbox 212 2544 1470 2623; baseline 0.006 -25"><span class='ocrx_word' id='word_1_186' title='bbox 212 2544 421 2611; x_wconf 75' lang='grc' dir='ltr'>αὐτῶν,</span> <span class='ocrx_word' id='word_1_187' title='bbox 452 2547 547 2601; x_wconf 76' lang='grc' dir='ltr'>καὶ</span> <span class='ocrx_word' id='word_1_188' title='bbox 575 2548 714 2602; x_wconf 74' lang='grc' dir='ltr'>κατὰ</span> <span class='ocrx_word' id='word_1_189' title='bbox 741 2548 809 2601; x_wconf 71' lang='grc' dir='ltr'><strong>τὰ</strong></span> <span class='ocrx_word' id='word_1_190' title='bbox 836 2548 1246 2623; x_wconf 82' lang='grc' dir='ltr'>ἐπιτηδεύματα</span> <span class='ocrx_word' id='word_1_191' title='bbox 1269 2551 1470 2606; x_wconf 81' lang='grc' dir='ltr'>αὐτῶν.</span> 
     </span>
    </p>
   </div>
   <div class='ocr_carea' id='block_1_28' title="bbox 300 2636 1804 2713">
    <p class='ocr_par' dir='ltr' id='par_1_28' title="bbox 300 2636 1804 2713">
     <span class='ocr_line' id='line_1_28' title="bbox 300 2636 1804 2713; baseline 0.007 -22"><span class='ocrx_word' id='word_1_192' title='bbox 300 2636 401 2692; x_wconf 82' lang='grc' dir='ltr'><strong>Ὲν</strong></span> <span class='ocrx_word' id='word_1_193' title='bbox 442 2636 518 2706; x_wconf 79' lang='grc' dir='ltr'>τῇ</span> <span class='ocrx_word' id='word_1_194' title='bbox 556 2640 757 2707; x_wconf 74' lang='grc' dir='ltr'>κοιλίᾳ</span> <span class='ocrx_word' id='word_1_195' title='bbox 798 2640 1116 2710; x_wconf 79' lang='grc' dir='ltr'>ἐπτέρνισε</span> <span class='ocrx_word' id='word_1_196' title='bbox 1150 2641 1259 2697; x_wconf 81' lang='grc' dir='ltr'>τόν</span> <span class='ocrx_word' id='word_1_197' title='bbox 1296 2642 1567 2713; x_wconf 77' lang='grc' dir='ltr'>ἀδελφὸν</span> <span class='ocrx_word' id='word_1_198' title='bbox 1596 2644 1804 2710; x_wconf 80' lang='grc' dir='ltr'>αὑτοῦ,</span> 
     </span>
    </p>
   </div>
   <div class='ocr_carea' id='block_1_29' title="bbox 214 2729 1809 2803">
    <p class='ocr_par' dir='ltr' id='par_1_29' title="bbox 214 2729 1809 2803">
     <span class='ocr_line' id='line_1_29' title="bbox 214 2729 1809 2803; baseline 0.006 -20"><span class='ocrx_word' id='word_1_199' title='bbox 214 2729 318 2784; x_wconf 72' lang='grc' dir='ltr'><strong>καί</strong></span> <span class='ocrx_word' id='word_1_200' title='bbox 355 2730 426 2784; x_wconf 70' lang='grc' dir='ltr'><strong>ἐν</strong></span> <span class='ocrx_word' id='word_1_201' title='bbox 462 2732 670 2798; x_wconf 77' lang='grc' dir='ltr'>κόποις</span> <span class='ocrx_word' id='word_1_202' title='bbox 704 2731 892 2787; x_wconf 81' lang='grc' dir='ltr'>αὐτοῦ</span> <span class='ocrx_word' id='word_1_203' title='bbox 937 2733 1235 2803; x_wconf 80' lang='grc' dir='ltr'>ἐνίσχυσε</span> <span class='ocrx_word' id='word_1_204' title='bbox 1283 2733 1434 2802; x_wconf 80' lang='grc' dir='ltr'>πρὸς</span> <span class='ocrx_word' id='word_1_205' title='bbox 1479 2736 1648 2791; x_wconf 83' lang='grc' dir='ltr'>Θεόν.</span> <span class='ocrx_word' id='word_1_206' title='bbox 1698 2736 1809 2792; x_wconf 68' lang='lat' dir='ltr'><strong>Kal</strong></span> 
     </span>
    </p>
   </div>
   <div class='ocr_carea' id='block_1_30' title="bbox 212 2820 1509 2892">
    <p class='ocr_par' dir='ltr' id='par_1_30' title="bbox 212 2820 1509 2892">
     <span class='ocr_line' id='line_1_30' title="bbox 212 2820 1509 2892; baseline 0.004 -18"><span class='ocrx_word' id='word_1_207' title='bbox 212 2820 513 2889; x_wconf 69' lang='grc' dir='ltr'>ἐνίσχυσε</span> <span class='ocrx_word' id='word_1_208' title='bbox 538 2823 688 2892; x_wconf 81' lang='grc' dir='ltr'>μετὰ</span> <span class='ocrx_word' id='word_1_209' title='bbox 716 2820 999 2892; x_wconf 73' lang='grc' dir='ltr'>ἀγγέλου.</span> <span class='ocrx_word' id='word_1_210' title='bbox 1035 2822 1136 2878; x_wconf 69' lang='grc' dir='ltr'>καὶ</span> <span class='ocrx_word' id='word_1_211' title='bbox 1171 2823 1509 2892; x_wconf 79' lang='grc' dir='ltr'><strong>ἠδυνάσθη.</strong></span> 
     </span>
    </p>
   </div>
   <div class='ocr_carea' id='block_1_31' title="bbox 288 2914 1811 2989">
    <p class='ocr_par' dir='ltr' id='par_1_31' title="bbox 288 2914 1811 2989">
     <span class='ocr_line' id='line_1_31' title="bbox 288 2914 1811 2989; baseline 0.003 -22"><span class='ocrx_word' id='word_1_212' title='bbox 288 2914 459 2968; x_wconf 76' lang='lat' dir='ltr'><strong>P.\Z&#39;.</strong></span> <span class='ocrx_word' id='word_1_213' title='bbox 508 2915 928 2986; x_wconf 81' lang='grc' dir='ltr'>’Δπαριθμεῖται</span> <span class='ocrx_word' id='word_1_214' title='bbox 974 2916 1263 2988; x_wconf 79' lang='grc' dir='ltr'>χρησίμως</span> <span class='ocrx_word' id='word_1_215' title='bbox 1293 2916 1392 2980; x_wconf 55' lang='lat' dir='ltr'><strong>ea;</strong></span> <span class='ocrx_word' id='word_1_216' title='bbox 1433 2917 1811 2989; x_wconf 77' lang='grc' dir='ltr'>εὐδοκιμήσεις</span> 
     </span>
    </p>
   </div>
   <div class='ocr_carea' id='block_1_32' title="bbox 214 3002 1810 3080">
    <p class='ocr_par' dir='ltr' id='par_1_32' title="bbox 214 3002 1810 3080">
     <span class='ocr_line' id='line_1_32' title="bbox 214 3002 1810 3080; baseline 0.001 -21"><span class='ocrx_word' id='word_1_217' title='bbox 214 3004 314 3059; x_wconf 81' lang='grc' dir='ltr'><strong>τοῦ</strong></span> <span class='ocrx_word' id='word_1_218' title='bbox 354 3004 579 3077; x_wconf 85' lang='grc' dir='ltr'>Ἰακὼϐ,</span> <span class='ocrx_word' id='word_1_219' title='bbox 625 3002 705 3071; x_wconf 75' lang='grc' dir='ltr'>εἰς</span> <span class='ocrx_word' id='word_1_220' title='bbox 746 3007 970 3079; x_wconf 76' lang='grc' dir='ltr'>ἐλέγχου</span> <span class='ocrx_word' id='word_1_221' title='bbox 1012 3007 1242 3079; x_wconf 87' lang='grc' dir='ltr'>δύναμιν</span> <span class='ocrx_word' id='word_1_222' title='bbox 1279 3008 1602 3080; x_wconf 74' lang='grc' dir='ltr'>παρατιθεὶς</span> <span class='ocrx_word' id='word_1_223' title='bbox 1641 3008 1810 3071; x_wconf 80' lang='grc' dir='ltr'>αὑτὰς</span> 
     </span>
    </p>
   </div>
   <div class='ocr_carea' id='block_1_33' title="bbox 215 3096 1803 3171">
    <p class='ocr_par' dir='ltr' id='par_1_33' title="bbox 215 3096 1803 3171">
     <span class='ocr_line' id='line_1_33' title="bbox 215 3096 1803 3171; baseline 0.001 -22"><span class='ocrx_word' id='word_1_224' title='bbox 215 3098 330 3150; x_wconf 75' lang='grc' dir='ltr'><strong>τῶν</strong></span> <span class='ocrx_word' id='word_1_225' title='bbox 366 3098 527 3171; x_wconf 76' lang='grc' dir='ltr'>ἕτερα</span> <span class='ocrx_word' id='word_1_226' title='bbox 579 3098 716 3154; x_wconf 72' lang='grc' dir='ltr'>ἄττα</span> <span class='ocrx_word' id='word_1_227' title='bbox 770 3099 986 3170; x_wconf 78' lang='grc' dir='ltr'>φρονεῖν</span> <span class='ocrx_word' id='word_1_228' title='bbox 1027 3115 1090 3151; x_wconf 87' lang='grc' dir='ltr'><strong>τε</strong></span> <span class='ocrx_word' id='word_1_229' title='bbox 1158 3100 1255 3152; x_wconf 73' lang='grc' dir='ltr'>καὶ</span> <span class='ocrx_word' id='word_1_230' title='bbox 1300 3096 1433 3170; x_wconf 75' lang='grc' dir='ltr'>δρᾷν</span> <span class='ocrx_word' id='word_1_231' title='bbox 1478 3097 1803 3170; x_wconf 59' lang='grc' dir='ltr'>ᾑρημένων</span> 
     </span>
    </p>
   </div>
   <div class='ocr_carea' id='block_1_34' title="bbox 1895 617 3473 692">
    <p class='ocr_par' dir='ltr' id='par_1_34' title="bbox 1895 617 3473 692">
     <span class='ocr_line' id='line_1_34' title="bbox 1895 617 3473 692; baseline 0.003 -19"><span class='ocrx_word' id='word_1_232' title='bbox 1895 618 2387 674; x_wconf 70' lang='grc' dir='ltr'>ιιίεὲιεαιιιτιίαεοὺ.</span> <span class='ocrx_word' id='word_1_233' title='bbox 2422 617 2592 673; x_wconf 68' lang='lat' dir='ltr'><strong>Juxta</strong></span> <span class='ocrx_word' id='word_1_234' title='bbox 2616 620 2721 673; x_wconf 75' lang='lat' dir='ltr'><strong>vias</strong></span> <span class='ocrx_word' id='word_1_235' title='bbox 2742 618 2876 688; x_wconf 76' lang='lat' dir='ltr'><strong>ejus,</strong></span> <span class='ocrx_word' id='word_1_236' title='bbox 2909 628 2959 674; x_wconf 80' lang='lat' dir='ltr'><strong>et</strong></span> <span class='ocrx_word' id='word_1_237' title='bbox 2973 619 3132 691; x_wconf 70' lang='lat' dir='ltr'><strong>juxta</strong></span> <span class='ocrx_word' id='word_1_238' title='bbox 3162 623 3338 676; x_wconf 76' lang='lat' dir='ltr'><strong>studia</strong></span> <span class='ocrx_word' id='word_1_239' title='bbox 3362 622 3473 692; x_wconf 72' lang='lat' dir='ltr'><strong>ejus</strong></span> 
     </span>
    </p>
   </div>
   <div class='ocr_carea' id='block_1_35' title="bbox 1897 710 2245 768">
    <p class='ocr_par' dir='ltr' id='par_1_35' title="bbox 1897 710 2245 768">
     <span class='ocr_line' id='line_1_35' title="bbox 1897 710 2245 768; baseline 0.009 -3"><span class='ocrx_word' id='word_1_240' title='bbox 1897 710 2147 767; x_wconf 69' lang='lat' dir='ltr'><strong>retribuet</strong></span> <span class='ocrx_word' id='word_1_241' title='bbox 2173 712 2245 768; x_wconf 72' lang='lat' dir='ltr'><strong>ei.</strong></span> 
     </span>
    </p>
   </div>
   <div class='ocr_carea' id='block_1_36' title="bbox 1965 792 3472 871">
    <p class='ocr_par' dir='ltr' id='par_1_36' title="bbox 1965 792 3472 871">
     <span class='ocr_line' id='line_1_36' title="bbox 1965 792 3472 871; baseline 0.001 -14"><span class='ocrx_word' id='word_1_242' title='bbox 1965 796 2250 858; x_wconf 71' lang='lat' dir='ltr'><strong>CXXXVI.</strong></span> <span class='ocrx_word' id='word_1_243' title='bbox 2328 798 2796 868; x_wconf 82' lang='lat' dir='ltr'><strong>Quemadmodum</strong></span> <span class='ocrx_word' id='word_1_244' title='bbox 2868 801 3145 857; x_wconf 86' lang='lat' dir='ltr'><strong>nominato</strong></span> <span class='ocrx_word' id='word_1_245' title='bbox 3215 792 3472 871; x_wconf 76' lang='lat' dir='ltr'><strong>prraim</strong></span> 
     </span>
    </p>
   </div>
   <div class='ocr_carea' id='block_1_37' title="bbox 1895 890 3473 966">
    <p class='ocr_par' dir='ltr' id='par_1_37' title="bbox 1895 890 3473 966">
     <span class='ocr_line' id='line_1_37' title="bbox 1895 890 3473 966; baseline 0.003 -17"><span class='ocrx_word' id='word_1_246' title='bbox 1895 892 2135 950; x_wconf 84' lang='lat' dir='ltr'><strong>ostendit</strong></span> <span class='ocrx_word' id='word_1_247' title='bbox 2161 890 2535 965; x_wconf 85' lang='lat' dir='ltr'><strong>intelligendos</strong></span> <span class='ocrx_word' id='word_1_248' title='bbox 2561 906 2715 963; x_wconf 83' lang='lat' dir='ltr'><strong>reges</strong></span> <span class='ocrx_word' id='word_1_249' title='bbox 2764 894 2833 948; x_wconf 86' lang='lat' dir='ltr'><strong>dc</strong></span> <span class='ocrx_word' id='word_1_250' title='bbox 2869 894 3010 950; x_wconf 87' lang='lat' dir='ltr'><strong>tribu</strong></span> <span class='ocrx_word' id='word_1_251' title='bbox 3055 895 3340 966; x_wconf 76' lang='lat' dir='ltr'><strong>Ephraim,</strong></span> <span class='ocrx_word' id='word_1_252' title='bbox 3401 903 3473 954; x_wconf 77' lang='lat' dir='ltr'><strong>ita</strong></span> 
     </span>
    </p>
   </div>
   <div class='ocr_carea' id='block_1_38' title="bbox 1894 981 3471 1055">
    <p class='ocr_par' dir='ltr' id='par_1_38' title="bbox 1894 981 3471 1055">
     <span class='ocr_line' id='line_1_38' title="bbox 1894 981 3471 1055; baseline 0.004 -19"><span class='ocrx_word' id='word_1_253' title='bbox 1894 993 1948 1038; x_wconf 86' lang='lat' dir='ltr'><strong>et</strong></span> <span class='ocrx_word' id='word_1_254' title='bbox 1970 982 2059 1039; x_wconf 85' lang='lat' dir='ltr'><strong>hic</strong></span> <span class='ocrx_word' id='word_1_255' title='bbox 2091 984 2183 1054; x_wconf 87' lang='lat' dir='ltr'><strong>qui</strong></span> <span class='ocrx_word' id='word_1_256' title='bbox 2212 983 2502 1053; x_wconf 77' lang='lat' dir='ltr'><strong>aliquando</strong></span> <span class='ocrx_word' id='word_1_257' title='bbox 2532 997 2599 1039; x_wconf 79' lang='lat' dir='ltr'><strong>ex</strong></span> <span class='ocrx_word' id='word_1_258' title='bbox 2636 983 2778 1038; x_wconf 84' lang='lat' dir='ltr'><strong>tribu</strong></span> <span class='ocrx_word' id='word_1_259' title='bbox 2809 981 2946 1039; x_wconf 84' lang='lat' dir='ltr'><strong>Iuda</strong></span> <span class='ocrx_word' id='word_1_260' title='bbox 2976 993 3249 1055; x_wconf 78' lang='lat' dir='ltr'><strong>sceptrum</strong></span> <span class='ocrx_word' id='word_1_261' title='bbox 3287 996 3471 1042; x_wconf 80' lang='lat' dir='ltr'><strong>tenue-</strong></span> 
     </span>
    </p>
   </div>
   <div class='ocr_carea' id='block_1_39' title="bbox 1897 1072 3476 1150">
    <p class='ocr_par' dir='ltr' id='par_1_39' title="bbox 1897 1072 3476 1150">
     <span class='ocr_line' id='line_1_39' title="bbox 1897 1072 3476 1150; baseline 0.001 -18"><span class='ocrx_word' id='word_1_262' title='bbox 1897 1085 2044 1142; x_wconf 86' lang='lat' dir='ltr'><strong>runt,</strong></span> <span class='ocrx_word' id='word_1_263' title='bbox 2081 1086 2140 1132; x_wconf 91' lang='lat' dir='ltr'><strong>ut</strong></span> <span class='ocrx_word' id='word_1_264' title='bbox 2162 1092 2228 1133; x_wconf 84' lang='lat' dir='ltr'><strong>ex</strong></span> <span class='ocrx_word' id='word_1_265' title='bbox 2258 1076 2399 1132; x_wconf 87' lang='lat' dir='ltr'><strong>tribu</strong></span> <span class='ocrx_word' id='word_1_266' title='bbox 2431 1085 2714 1145; x_wconf 85' lang='lat' dir='ltr'><strong>regnante,</strong></span> <span class='ocrx_word' id='word_1_267' title='bbox 2761 1077 2986 1133; x_wconf 85' lang='lat' dir='ltr'><strong>indicat.</strong></span> <span class='ocrx_word' id='word_1_268' title='bbox 3035 1072 3329 1149; x_wconf 73' lang='lat' dir='ltr'><strong>Obiurgato</strong></span> <span class='ocrx_word' id='word_1_269' title='bbox 3376 1079 3476 1150; x_wconf 81' lang='lat' dir='ltr'><strong>igi-</strong></span> 
     </span>
    </p>
   </div>
   <div class='ocr_carea' id='block_1_40' title="bbox 1899 1166 3472 1240">
    <p class='ocr_par' dir='ltr' id='par_1_40' title="bbox 1899 1166 3472 1240">
     <span class='ocr_line' id='line_1_40' title="bbox 1899 1166 3472 1240; baseline 0.001 -15"><span class='ocrx_word' id='word_1_270' title='bbox 1899 1179 1987 1225; x_wconf 90' lang='lat' dir='ltr'><strong>tur</strong></span> <span class='ocrx_word' id='word_1_271' title='bbox 2015 1169 2293 1240; x_wconf 81' lang='lat' dir='ltr'><strong>prraim,</strong></span> <span class='ocrx_word' id='word_1_272' title='bbox 2315 1169 2433 1225; x_wconf 82' lang='lat' dir='ltr'><strong>sive</strong></span> <span class='ocrx_word' id='word_1_273' title='bbox 2450 1166 2804 1238; x_wconf 84' lang='lat' dir='ltr'><strong>Ephraimitis</strong></span> <span class='ocrx_word' id='word_1_274' title='bbox 2827 1167 3015 1225; x_wconf 88' lang='lat' dir='ltr'><strong>lsraeli</strong></span> <span class='ocrx_word' id='word_1_275' title='bbox 3061 1169 3472 1240; x_wconf 76' lang='lat' dir='ltr'><strong>imperantibus,</strong></span> 
     </span>
    </p>
   </div>
   <div class='ocr_carea' id='block_1_41' title="bbox 1896 1261 3479 1333">
    <p class='ocr_par' dir='ltr' id='par_1_41' title="bbox 1896 1261 3479 1333">
     <span class='ocr_line' id='line_1_41' title="bbox 1896 1261 3479 1333; baseline -0.001 -16"><span class='ocrx_word' id='word_1_276' title='bbox 1896 1271 1946 1318; x_wconf 89' lang='lat' dir='ltr'><strong>et</strong></span> <span class='ocrx_word' id='word_1_277' title='bbox 1985 1261 2272 1333; x_wconf 78' lang='lat' dir='ltr'><strong>appellatis</strong></span> <span class='ocrx_word' id='word_1_278' title='bbox 2297 1261 2488 1332; x_wconf 82' lang='lat' dir='ltr'><strong>spiritu</strong></span> <span class='ocrx_word' id='word_1_279' title='bbox 2521 1261 2685 1327; x_wconf 85' lang='lat' dir='ltr'><strong>malo,</strong></span> <span class='ocrx_word' id='word_1_280' title='bbox 2722 1261 2995 1332; x_wconf 88' lang='lat' dir='ltr'><strong>dictoque,</strong></span> <span class='ocrx_word' id='word_1_281' title='bbox 3030 1261 3150 1317; x_wconf 88' lang='lat' dir='ltr'><strong>illos</strong></span> <span class='ocrx_word' id='word_1_282' title='bbox 3201 1262 3378 1317; x_wconf 84' lang='lat' dir='ltr'><strong>inania</strong></span> <span class='ocrx_word' id='word_1_283' title='bbox 3421 1272 3479 1316; x_wconf 90' lang='lat' dir='ltr'><strong>et</strong></span> 
     </span>
    </p>
   </div>
   <div class='ocr_carea' id='block_1_42' title="bbox 1897 1350 3479 1426">
    <p class='ocr_par' dir='ltr' id='par_1_42' title="bbox 1897 1350 3479 1426">
     <span class='ocr_line' id='line_1_42' title="bbox 1897 1350 3479 1426; baseline -0.001 -15"><span class='ocrx_word' id='word_1_284' title='bbox 1897 1371 2033 1411; x_wconf 85' lang='lat' dir='ltr'><strong>vana</strong></span> <span class='ocrx_word' id='word_1_285' title='bbox 2070 1355 2446 1426; x_wconf 88' lang='lat' dir='ltr'><strong>multiplicare,</strong></span> <span class='ocrx_word' id='word_1_286' title='bbox 2479 1356 2620 1424; x_wconf 89' lang='lat' dir='ltr'><strong>quod</strong></span> <span class='ocrx_word' id='word_1_287' title='bbox 2649 1362 3030 1410; x_wconf 87' lang='lat' dir='ltr'><strong>testamentum</strong></span> <span class='ocrx_word' id='word_1_288' title='bbox 3083 1368 3202 1410; x_wconf 91' lang='lat' dir='ltr'><strong>cum</strong></span> <span class='ocrx_word' id='word_1_289' title='bbox 3236 1350 3479 1425; x_wconf 78' lang='lat' dir='ltr'><strong>Assyriis</strong></span> 
     </span>
    </p>
   </div>
   <div class='ocr_carea' id='block_1_43' title="bbox 1899 1442 3478 1518">
    <p class='ocr_par' dir='ltr' id='par_1_43' title="bbox 1899 1442 3478 1518">
     <span class='ocr_line' id='line_1_43' title="bbox 1899 1442 3478 1518; baseline -0.002 -14"><span class='ocrx_word' id='word_1_290' title='bbox 1899 1442 2162 1516; x_wconf 77' lang='lat' dir='ltr'><strong>facerent,</strong></span> <span class='ocrx_word' id='word_1_291' title='bbox 2187 1456 2242 1502; x_wconf 87' lang='lat' dir='ltr'><strong>et</strong></span> <span class='ocrx_word' id='word_1_292' title='bbox 2267 1446 2443 1503; x_wconf 92' lang='lat' dir='ltr'><strong>oleum</strong></span> <span class='ocrx_word' id='word_1_293' title='bbox 2477 1446 2819 1505; x_wconf 78' lang='lat' dir='ltr'><strong>vendendum</strong></span> <span class='ocrx_word' id='word_1_294' title='bbox 2850 1447 2902 1501; x_wconf 88' lang='lat' dir='ltr'><strong>in</strong></span> <span class='ocrx_word' id='word_1_295' title='bbox 2933 1444 3225 1518; x_wconf 63' lang='lat' dir='ltr'><strong>Egyptian</strong></span> <span class='ocrx_word' id='word_1_296' title='bbox 3272 1446 3478 1515; x_wconf 81' lang='lat' dir='ltr'><strong>impor-</strong></span> 
     </span>
    </p>
   </div>
   <div class='ocr_carea' id='block_1_44' title="bbox 1900 1536 3477 1610">
    <p class='ocr_par' dir='ltr' id='par_1_44' title="bbox 1900 1536 3477 1610">
     <span class='ocr_line' id='line_1_44' title="bbox 1900 1536 3477 1610; baseline -0.004 -16"><span class='ocrx_word' id='word_1_297' title='bbox 1900 1549 2098 1607; x_wconf 86' lang='lat' dir='ltr'><strong>tarent,</strong></span> <span class='ocrx_word' id='word_1_298' title='bbox 2128 1538 2381 1610; x_wconf 81' lang='lat' dir='ltr'><strong>deinceps</strong></span> <span class='ocrx_word' id='word_1_299' title='bbox 2408 1538 2575 1595; x_wconf 87' lang='lat' dir='ltr'><strong>etiam</strong></span> <span class='ocrx_word' id='word_1_300' title='bbox 2612 1536 2763 1593; x_wconf 71' lang='lat' dir='ltr'><strong>Iudae</strong></span> <span class='ocrx_word' id='word_1_301' title='bbox 2789 1548 2946 1607; x_wconf 80' lang='lat' dir='ltr'><strong>reges</strong></span> <span class='ocrx_word' id='word_1_302' title='bbox 2975 1536 3275 1604; x_wconf 75' lang='lat' dir='ltr'><strong>insimulat,</strong></span> <span class='ocrx_word' id='word_1_303' title='bbox 3310 1544 3365 1593; x_wconf 85' lang='lat' dir='ltr'><strong>et</strong></span> <span class='ocrx_word' id='word_1_304' title='bbox 3389 1537 3477 1607; x_wconf 82' lang='lat' dir='ltr'><strong>ju-</strong></span> 
     </span>
    </p>
   </div>
   <div class='ocr_carea' id='block_1_45' title="bbox 1899 1628 3479 1687">
    <p class='ocr_par' dir='ltr' id='par_1_45' title="bbox 1899 1628 3479 1687">
     <span class='ocr_line' id='line_1_45' title="bbox 1899 1628 3479 1687; baseline -0.003 0"><span class='ocrx_word' id='word_1_305' title='bbox 1899 1632 2039 1687; x_wconf 89' lang='lat' dir='ltr'><strong>dicio</strong></span> <span class='ocrx_word' id='word_1_306' title='bbox 2068 1644 2189 1687; x_wconf 89' lang='lat' dir='ltr'><strong>cum</strong></span> <span class='ocrx_word' id='word_1_307' title='bbox 2221 1630 2326 1686; x_wconf 88' lang='lat' dir='ltr'><strong>illis</strong></span> <span class='ocrx_word' id='word_1_308' title='bbox 2369 1630 2745 1685; x_wconf 76' lang='lat' dir='ltr'><strong>univerSorum</strong></span> <span class='ocrx_word' id='word_1_309' title='bbox 2799 1628 2969 1685; x_wconf 86' lang='lat' dir='ltr'><strong>Deum</strong></span> <span class='ocrx_word' id='word_1_310' title='bbox 3017 1637 3349 1684; x_wconf 82' lang='lat' dir='ltr'><strong>certaturum</strong></span> <span class='ocrx_word' id='word_1_311' title='bbox 3393 1640 3479 1683; x_wconf 85' lang='lat' dir='ltr'><strong>re-</strong></span> 
     </span>
    </p>
   </div>
   <div class='ocr_carea' id='block_1_46' title="bbox 1899 1718 3477 1792">
    <p class='ocr_par' dir='ltr' id='par_1_46' title="bbox 1899 1718 3477 1792">
     <span class='ocr_line' id='line_1_46' title="bbox 1899 1718 3477 1792; baseline -0.006 -12"><span class='ocrx_word' id='word_1_312' title='bbox 1899 1724 2138 1780; x_wconf 81' lang='lat' dir='ltr'><strong>ctissime</strong></span> <span class='ocrx_word' id='word_1_313' title='bbox 2190 1721 2386 1792; x_wconf 83' lang='lat' dir='ltr'><strong>inquit,</strong></span> <span class='ocrx_word' id='word_1_314' title='bbox 2417 1722 2568 1792; x_wconf 86' lang='lat' dir='ltr'><strong>quasi</strong></span> <span class='ocrx_word' id='word_1_315' title='bbox 2611 1718 2779 1776; x_wconf 91' lang='lat' dir='ltr'><strong>Iacob</strong></span> <span class='ocrx_word' id='word_1_316' title='bbox 2825 1719 3200 1785; x_wconf 80' lang='lat' dir='ltr'><strong>ulciscentem,</strong></span> <span class='ocrx_word' id='word_1_317' title='bbox 3244 1719 3477 1788; x_wconf 86' lang='lat' dir='ltr'><strong>patriar-</strong></span> 
     </span>
    </p>
   </div>
   <div class='ocr_carea' id='block_1_47' title="bbox 1900 1816 3479 1889">
    <p class='ocr_par' dir='ltr' id='par_1_47' title="bbox 1900 1816 3479 1889">
     <span class='ocr_line' id='line_1_47' title="bbox 1900 1816 3479 1889; baseline -0.004 -14"><span class='ocrx_word' id='word_1_318' title='bbox 1900 1820 2079 1884; x_wconf 89' lang='lat' dir='ltr'><strong>cbam,</strong></span> <span class='ocrx_word' id='word_1_319' title='bbox 2113 1817 2354 1888; x_wconf 87' lang='lat' dir='ltr'><strong>inquam,</strong></span> <span class='ocrx_word' id='word_1_320' title='bbox 2389 1826 2447 1873; x_wconf 91' lang='lat' dir='ltr'><strong>ut</strong></span> <span class='ocrx_word' id='word_1_321' title='bbox 2480 1818 2822 1889; x_wconf 87' lang='lat' dir='ltr'><strong>iniquissime</strong></span> <span class='ocrx_word' id='word_1_322' title='bbox 2850 1816 3059 1881; x_wconf 64' lang='lat' dir='ltr'><strong>laesum,</strong></span> <span class='ocrx_word' id='word_1_323' title='bbox 3088 1817 3231 1887; x_wconf 88' lang='lat' dir='ltr'><strong>quod</strong></span> <span class='ocrx_word' id='word_1_324' title='bbox 3255 1830 3376 1871; x_wconf 91' lang='lat' dir='ltr'><strong>cum</strong></span> <span class='ocrx_word' id='word_1_325' title='bbox 3409 1830 3479 1869; x_wconf 76' lang='lat' dir='ltr'><strong>ex</strong></span> 
     </span>
    </p>
   </div>
   <div class='ocr_carea' id='block_1_48' title="bbox 1904 1906 3479 1981">
    <p class='ocr_par' dir='ltr' id='par_1_48' title="bbox 1904 1906 3479 1981">
     <span class='ocr_line' id='line_1_48' title="bbox 1904 1906 3479 1981; baseline -0.004 -16"><span class='ocrx_word' id='word_1_326' title='bbox 1904 1928 1968 1967; x_wconf 89' lang='lat' dir='ltr'><strong>eo</strong></span> <span class='ocrx_word' id='word_1_327' title='bbox 1997 1911 2347 1981; x_wconf 88' lang='lat' dir='ltr'><strong>prodiissent,</strong></span> <span class='ocrx_word' id='word_1_328' title='bbox 2377 1911 2516 1964; x_wconf 80' lang='lat' dir='ltr'><strong>idem</strong></span> <span class='ocrx_word' id='word_1_329' title='bbox 2545 1910 2611 1965; x_wconf 88' lang='lat' dir='ltr'><strong>de</strong></span> <span class='ocrx_word' id='word_1_330' title='bbox 2638 1910 2894 1980; x_wconf 76' lang='lat' dir='ltr'><strong>religione</strong></span> <span class='ocrx_word' id='word_1_331' title='bbox 2925 1908 3130 1962; x_wconf 88' lang='lat' dir='ltr'><strong>sentire</strong></span> <span class='ocrx_word' id='word_1_332' title='bbox 3178 1906 3479 1961; x_wconf 84' lang='lat' dir='ltr'><strong>detrectas-</strong></span> 
     </span>
    </p>
   </div>
   <div class='ocr_carea' id='block_1_49' title="bbox 1904 1995 3485 2073">
    <p class='ocr_par' dir='ltr' id='par_1_49' title="bbox 1904 1995 3485 2073">
     <span class='ocr_line' id='line_1_49' title="bbox 1904 1995 3485 2073; baseline -0.006 -16"><span class='ocrx_word' id='word_1_333' title='bbox 1904 2012 2053 2069; x_wconf 71' lang='lat' dir='ltr'><strong>sent,</strong></span> <span class='ocrx_word' id='word_1_334' title='bbox 2084 2019 2257 2073; x_wconf 87' lang='lat' dir='ltr'><strong>neque</strong></span> <span class='ocrx_word' id='word_1_335' title='bbox 2284 2014 2495 2073; x_wconf 84' lang='lat' dir='ltr'><strong>patrum</strong></span> <span class='ocrx_word' id='word_1_336' title='bbox 2538 2000 2782 2072; x_wconf 76' lang='lat' dir='ltr'><strong>vestigiis</strong></span> <span class='ocrx_word' id='word_1_337' title='bbox 2816 1999 3164 2064; x_wconf 78' lang='lat' dir='ltr'><strong>institisSent,</strong></span> <span class='ocrx_word' id='word_1_338' title='bbox 3205 2002 3260 2052; x_wconf 89' lang='lat' dir='ltr'><strong>et</strong></span> <span class='ocrx_word' id='word_1_339' title='bbox 3287 1995 3485 2051; x_wconf 63' lang='lat' dir='ltr'><strong>volun-</strong></span> 
     </span>
    </p>
   </div>
   <div class='ocr_carea' id='block_1_50' title="bbox 1907 2088 3481 2163">
    <p class='ocr_par' dir='ltr' id='par_1_50' title="bbox 1907 2088 3481 2163">
     <span class='ocr_line' id='line_1_50' title="bbox 1907 2088 3481 2163; baseline -0.006 -13"><span class='ocrx_word' id='word_1_340' title='bbox 1907 2102 2071 2150; x_wconf 84' lang='lat' dir='ltr'><strong>tatem</strong></span> <span class='ocrx_word' id='word_1_341' title='bbox 2101 2093 2244 2149; x_wconf 90' lang='lat' dir='ltr'><strong>illius</strong></span> <span class='ocrx_word' id='word_1_342' title='bbox 2276 2093 2519 2149; x_wconf 84' lang='lat' dir='ltr'><strong>imitandi</strong></span> <span class='ocrx_word' id='word_1_343' title='bbox 2557 2108 2655 2148; x_wconf 90' lang='lat' dir='ltr'><strong>ceu</strong></span> <span class='ocrx_word' id='word_1_344' title='bbox 2690 2090 2946 2163; x_wconf 72' lang='lat' dir='ltr'><strong>quiddam</strong></span> <span class='ocrx_word' id='word_1_345' title='bbox 2988 2089 3333 2144; x_wconf 73' lang='lat' dir='ltr'><strong>vehementer</strong></span> <span class='ocrx_word' id='word_1_346' title='bbox 3380 2088 3481 2142; x_wconf 76' lang='lat' dir='ltr'><strong>ab-</strong></span> 
     </span>
    </p>
   </div>
   <div class='ocr_carea' id='block_1_51' title="bbox 1904 2177 3483 2253">
    <p class='ocr_par' dir='ltr' id='par_1_51' title="bbox 1904 2177 3483 2253">
     <span class='ocr_line' id='line_1_51' title="bbox 1904 2177 3483 2253; baseline -0.005 -12"><span class='ocrx_word' id='word_1_347' title='bbox 1904 2186 2123 2242; x_wconf 87' lang='lat' dir='ltr'><strong>surdum</strong></span> <span class='ocrx_word' id='word_1_348' title='bbox 2158 2185 2551 2253; x_wconf 86' lang='lat' dir='ltr'><strong>repudiassent.</strong></span> <span class='ocrx_word' id='word_1_349' title='bbox 2584 2182 2784 2251; x_wconf 83' lang='lat' dir='ltr'><strong>Quare,</strong></span> <span class='ocrx_word' id='word_1_350' title='bbox 2817 2191 2873 2235; x_wconf 88' lang='lat' dir='ltr'><strong>ut</strong></span> <span class='ocrx_word' id='word_1_351' title='bbox 2893 2180 3008 2249; x_wconf 83' lang='lat' dir='ltr'><strong>ejus</strong></span> <span class='ocrx_word' id='word_1_352' title='bbox 3030 2180 3197 2249; x_wconf 78' lang='lat' dir='ltr'><strong>gloria</strong></span> <span class='ocrx_word' id='word_1_353' title='bbox 3231 2194 3326 2251; x_wconf 90' lang='lat' dir='ltr'><strong>per</strong></span> <span class='ocrx_word' id='word_1_354' title='bbox 3346 2177 3483 2233; x_wconf 82' lang='lat' dir='ltr'><strong>Illio-</strong></span> 
     </span>
    </p>
   </div>
   <div class='ocr_carea' id='block_1_52' title="bbox 1908 2268 3485 2348">
    <p class='ocr_par' dir='ltr' id='par_1_52' title="bbox 1908 2268 3485 2348">
     <span class='ocr_line' id='line_1_52' title="bbox 1908 2268 3485 2348; baseline -0.008 -14"><span class='ocrx_word' id='word_1_355' title='bbox 1908 2295 2025 2334; x_wconf 89' lang='lat' dir='ltr'><strong>rum</strong></span> <span class='ocrx_word' id='word_1_356' title='bbox 2058 2276 2452 2348; x_wconf 79' lang='lat' dir='ltr'><strong>improbitatem</strong></span> <span class='ocrx_word' id='word_1_357' title='bbox 2491 2275 2807 2338; x_wconf 87' lang='lat' dir='ltr'><strong>obscurata,</strong></span> <span class='ocrx_word' id='word_1_358' title='bbox 2859 2269 3027 2327; x_wconf 87' lang='lat' dir='ltr'><strong>Iacob</strong></span> <span class='ocrx_word' id='word_1_359' title='bbox 3073 2282 3133 2326; x_wconf 86' lang='lat' dir='ltr'><strong>se</strong></span> <span class='ocrx_word' id='word_1_360' title='bbox 3179 2268 3485 2325; x_wconf 85' lang='lat' dir='ltr'><strong>vindicatu-</strong></span> 
     </span>
    </p>
   </div>
   <div class='ocr_carea' id='block_1_53' title="bbox 1906 2359 3485 2441">
    <p class='ocr_par' dir='ltr' id='par_1_53' title="bbox 1906 2359 3485 2441">
     <span class='ocr_line' id='line_1_53' title="bbox 1906 2359 3485 2441; baseline -0.008 -14"><span class='ocrx_word' id='word_1_361' title='bbox 1906 2387 2026 2427; x_wconf 90' lang='lat' dir='ltr'><strong>rum</strong></span> <span class='ocrx_word' id='word_1_362' title='bbox 2052 2370 2355 2441; x_wconf 90' lang='lat' dir='ltr'><strong>pollicetur,</strong></span> <span class='ocrx_word' id='word_1_363' title='bbox 2391 2367 2666 2425; x_wconf 84' lang='lat' dir='ltr'><strong>reddendo</strong></span> <span class='ocrx_word' id='word_1_364' title='bbox 2713 2363 2988 2437; x_wconf 74' lang='lat' dir='ltr'><strong>iniuriosis</strong></span> <span class='ocrx_word' id='word_1_365' title='bbox 3038 2362 3335 2418; x_wconf 80' lang='lat' dir='ltr'><strong>secundum</strong></span> <span class='ocrx_word' id='word_1_366' title='bbox 3364 2359 3485 2416; x_wconf 82' lang='lat' dir='ltr'><strong>vias</strong></span> 
     </span>
    </p>
   </div>
   <div class='ocr_carea' id='block_1_54' title="bbox 1906 2464 2445 2534">
    <p class='ocr_par' dir='ltr' id='par_1_54' title="bbox 1906 2464 2445 2534">
     <span class='ocr_line' id='line_1_54' title="bbox 1906 2464 2445 2534; baseline -0.009 -13"><span class='ocrx_word' id='word_1_367' title='bbox 1906 2475 1961 2521; x_wconf 87' lang='lat' dir='ltr'><strong>et</strong></span> <span class='ocrx_word' id='word_1_368' title='bbox 1987 2465 2161 2521; x_wconf 86' lang='lat' dir='ltr'><strong>studia</strong></span> <span class='ocrx_word' id='word_1_369' title='bbox 2187 2464 2445 2534; x_wconf 90' lang='lat' dir='ltr'><strong>ipsorum.</strong></span> 
     </span>
    </p>
   </div>
   <div class='ocr_carea' id='block_1_55' title="bbox 1980 2630 3487 2709">
    <p class='ocr_par' dir='ltr' id='par_1_55' title="bbox 1980 2630 3487 2709">
     <span class='ocr_line' id='line_1_55' title="bbox 1980 2630 3487 2709; baseline -0.01 -9"><span class='ocrx_word' id='word_1_370' title='bbox 1980 2643 2145 2701; x_wconf 75' lang='lat' dir='ltr'><strong>Vens.</strong></span> <span class='ocrx_word' id='word_1_371' title='bbox 2172 2643 2227 2700; x_wconf 72' lang='lat'><strong>5.</strong></span> <span class='ocrx_word' id='word_1_372' title='bbox 2256 2643 2323 2698; x_wconf 86' lang='lat' dir='ltr'><strong>In</strong></span> <span class='ocrx_word' id='word_1_373' title='bbox 2349 2652 2495 2696; x_wconf 82' lang='lat' dir='ltr'><strong>utero</strong></span> <span class='ocrx_word' id='word_1_374' title='bbox 2512 2636 2867 2709; x_wconf 75' lang='lat' dir='ltr'><strong>supplantavit</strong></span> <span class='ocrx_word' id='word_1_375' title='bbox 2900 2630 3119 2705; x_wconf 79' lang='lat' dir='ltr'><strong>fratrem</strong></span> <span class='ocrx_word' id='word_1_376' title='bbox 3151 2644 3328 2695; x_wconf 76' lang='lat' dir='ltr'><strong>suum,</strong></span> <span class='ocrx_word' id='word_1_377' title='bbox 3356 2640 3407 2685; x_wconf 83' lang='lat' dir='ltr'><strong>et</strong></span> <span class='ocrx_word' id='word_1_378' title='bbox 3429 2633 3487 2686; x_wconf 71' lang='lat' dir='ltr'><strong>in</strong></span> 
     </span>
    </p>
   </div>
   <div class='ocr_carea' id='block_1_56' title="bbox 1909 2725 3487 2803">
    <p class='ocr_par' dir='ltr' id='par_1_56' title="bbox 1909 2725 3487 2803">
     <span class='ocr_line' id='line_1_56' title="bbox 1909 2725 3487 2803; baseline -0.009 -11"><span class='ocrx_word' id='word_1_379' title='bbox 1909 2736 2176 2792; x_wconf 81' lang='lat' dir='ltr'><strong>laboribus</strong></span> <span class='ocrx_word' id='word_1_380' title='bbox 2215 2736 2324 2790; x_wconf 82' lang='lat' dir='ltr'><strong>suis</strong></span> <span class='ocrx_word' id='word_1_381' title='bbox 2354 2732 2629 2803; x_wconf 73' lang='lat' dir='ltr'><strong>prwvaluit</strong></span> <span class='ocrx_word' id='word_1_382' title='bbox 2654 2731 2712 2785; x_wconf 72' lang='lat' dir='ltr'><strong>in</strong></span> <span class='ocrx_word' id='word_1_383' title='bbox 2737 2728 2926 2786; x_wconf 81' lang='lat' dir='ltr'><strong>Deum.</strong></span> <span class='ocrx_word' id='word_1_384' title='bbox 2956 2726 3022 2783; x_wconf 79' lang='lat' dir='ltr'><strong>Et</strong></span> <span class='ocrx_word' id='word_1_385' title='bbox 3055 2725 3333 2795; x_wconf 74' lang='lat' dir='ltr'><strong>prwvaluit</strong></span> <span class='ocrx_word' id='word_1_386' title='bbox 3367 2739 3487 2778; x_wconf 69' lang='lat' dir='ltr'><strong>cum</strong></span> 
     </span>
    </p>
   </div>
   <div class='ocr_carea' id='block_1_57' title="bbox 1908 2827 2409 2899">
    <p class='ocr_par' dir='ltr' id='par_1_57' title="bbox 1908 2827 2409 2899">
     <span class='ocr_line' id='line_1_57' title="bbox 1908 2827 2409 2899; baseline -0.008 -16"><span class='ocrx_word' id='word_1_387' title='bbox 1908 2829 2115 2899; x_wconf 79' lang='lat' dir='ltr'><strong>angelo,</strong></span> <span class='ocrx_word' id='word_1_388' title='bbox 2138 2838 2186 2883; x_wconf 81' lang='lat' dir='ltr'><strong>et</strong></span> <span class='ocrx_word' id='word_1_389' title='bbox 2217 2827 2409 2895; x_wconf 84' lang='lat' dir='ltr'><strong>potuit.</strong></span> 
     </span>
    </p>
   </div>
   <div class='ocr_carea' id='block_1_58' title="bbox 1980 2904 3487 2975">
    <p class='ocr_par' dir='ltr' id='par_1_58' title="bbox 1980 2904 3487 2975">
     <span class='ocr_line' id='line_1_58' title="bbox 1980 2904 3487 2975; baseline -0.009 0"><span class='ocrx_word' id='word_1_390' title='bbox 1980 2916 2290 2975; x_wconf 82' lang='lat' dir='ltr'><strong>CXXXVII.</strong></span> <span class='ocrx_word' id='word_1_391' title='bbox 2326 2914 2542 2973; x_wconf 87' lang='lat' dir='ltr'><strong>Utiliter</strong></span> <span class='ocrx_word' id='word_1_392' title='bbox 2571 2913 2759 2968; x_wconf 82' lang='lat' dir='ltr'><strong>laudes</strong></span> <span class='ocrx_word' id='word_1_393' title='bbox 2790 2909 2958 2966; x_wconf 91' lang='lat' dir='ltr'><strong>Iacob</strong></span> <span class='ocrx_word' id='word_1_394' title='bbox 2979 2916 3283 2973; x_wconf 85' lang='lat' dir='ltr'><strong>enumerat,</strong></span> <span class='ocrx_word' id='word_1_395' title='bbox 3317 2914 3375 2960; x_wconf 90' lang='lat' dir='ltr'><strong>ut</strong></span> <span class='ocrx_word' id='word_1_396' title='bbox 3421 2904 3487 2961; x_wconf 86' lang='lat' dir='ltr'><strong>iis</strong></span> 
     </span>
    </p>
   </div>
   <div class='ocr_carea' id='block_1_59' title="bbox 1911 3002 3493 3079">
    <p class='ocr_par' dir='ltr' id='par_1_59' title="bbox 1911 3002 3493 3079">
     <span class='ocr_line' id='line_1_59' title="bbox 1911 3002 3493 3079; baseline -0.008 -14"><span class='ocrx_word' id='word_1_397' title='bbox 1911 3010 2067 3067; x_wconf 87' lang='lat' dir='ltr'><strong>aliter</strong></span> <span class='ocrx_word' id='word_1_398' title='bbox 2096 3020 2147 3065; x_wconf 91' lang='lat' dir='ltr'><strong>et</strong></span> <span class='ocrx_word' id='word_1_399' title='bbox 2174 3007 2477 3079; x_wconf 81' lang='lat' dir='ltr'><strong>cogitantes</strong></span> <span class='ocrx_word' id='word_1_400' title='bbox 2524 3015 2580 3061; x_wconf 90' lang='lat' dir='ltr'><strong>et</strong></span> <span class='ocrx_word' id='word_1_401' title='bbox 2615 3002 2875 3059; x_wconf 80' lang='lat' dir='ltr'><strong>facientes</strong></span> <span class='ocrx_word' id='word_1_402' title='bbox 2909 3002 3227 3072; x_wconf 73' lang='lat' dir='ltr'><strong>redarguet;</strong></span> <span class='ocrx_word' id='word_1_403' title='bbox 3276 3008 3493 3067; x_wconf 86' lang='lat' dir='ltr'><strong>semper</strong></span> 
     </span>
    </p>
   </div>
   <div class='ocr_carea' id='block_1_60' title="bbox 1912 3086 3497 3169">
    <p class='ocr_par' dir='ltr' id='par_1_60' title="bbox 1912 3086 3497 3169">
     <span class='ocr_line' id='line_1_60' title="bbox 1912 3086 3497 3169; baseline -0.009 -15"><span class='ocrx_word' id='word_1_404' title='bbox 1912 3102 2054 3156; x_wconf 86' lang='lat' dir='ltr'><strong>enim</strong></span> <span class='ocrx_word' id='word_1_405' title='bbox 2082 3099 2207 3155; x_wconf 87' lang='lat' dir='ltr'><strong>boni</strong></span> <span class='ocrx_word' id='word_1_406' title='bbox 2239 3097 2577 3169; x_wconf 89' lang='lat' dir='ltr'><strong>appositione</strong></span> <span class='ocrx_word' id='word_1_407' title='bbox 2603 3092 2799 3147; x_wconf 89' lang='lat' dir='ltr'><strong>malum</strong></span> <span class='ocrx_word' id='word_1_408' title='bbox 2834 3105 2928 3145; x_wconf 89' lang='lat' dir='ltr'><strong>seu</strong></span> <span class='ocrx_word' id='word_1_409' title='bbox 2968 3089 3221 3146; x_wconf 85' lang='lat' dir='ltr'><strong>vitiosum</strong></span> <span class='ocrx_word' id='word_1_410' title='bbox 3243 3086 3497 3154; x_wconf 68' lang='grc' dir='ltr'>σοαπ-ειιί-</span> 
     </span>
    </p>
   </div>
   <div class='ocr_carea' id='block_1_61' title="bbox 217 3177 1810 3265">
    <p class='ocr_par' dir='ltr' id='par_1_61' title="bbox 217 3188 1809 3263">
     <span class='ocr_line' id='line_1_61' title="bbox 217 3188 1809 3263; baseline -0.001 -20"><span class='ocrx_word' id='word_1_411' title='bbox 217 3188 309 3243; x_wconf 69' lang='lat' dir='ltr'><strong>dei.</strong></span> <span class='ocrx_word' id='word_1_412' title='bbox 347 3189 456 3261; x_wconf 87' lang='grc' dir='ltr'><strong>γάρ</strong></span> <span class='ocrx_word' id='word_1_413' title='bbox 492 3207 609 3254; x_wconf 81' lang='grc' dir='ltr'><strong>πως</strong></span> <span class='ocrx_word' id='word_1_414' title='bbox 649 3190 1076 3263; x_wconf 87' lang='grc' dir='ltr'>ἀντιπαραθέσει</span> <span class='ocrx_word' id='word_1_415' title='bbox 1115 3189 1209 3245; x_wconf 83' lang='grc' dir='ltr'><strong>τοῦ</strong></span> <span class='ocrx_word' id='word_1_416' title='bbox 1255 3189 1464 3261; x_wconf 82' lang='grc' dir='ltr'>ἀγαθοῦ</span> <span class='ocrx_word' id='word_1_417' title='bbox 1518 3189 1576 3243; x_wconf 77' lang='grc' dir='ltr'>τὸ</span> <span class='ocrx_word' id='word_1_418' title='bbox 1608 3188 1809 3258; x_wconf 82' lang='grc' dir='ltr'>φαῦλον</span> 
     </span>
    </p>
   </div>
   <div class='ocr_carea' id='block_1_62' title="bbox 1912 3177 3491 3265">
    <p class='ocr_par' dir='ltr' id='par_1_62' title="bbox 1912 3177 3491 3256">
     <span class='ocr_line' id='line_1_62' title="bbox 1912 3177 3491 3256; baseline -0.011 -8"><span class='ocrx_word' id='word_1_419' title='bbox 1912 3202 2018 3256; x_wconf 92' lang='lat' dir='ltr'><strong>tur,</strong></span> <span class='ocrx_word' id='word_1_420' title='bbox 2053 3196 2108 3247; x_wconf 82' lang='lat' dir='ltr'><strong>et</strong></span> <span class='ocrx_word' id='word_1_421' title='bbox 2154 3207 2220 3246; x_wconf 80' lang='lat' dir='ltr'><strong>ex</strong></span> <span class='ocrx_word' id='word_1_422' title='bbox 2270 3186 2559 3245; x_wconf 85' lang='lat' dir='ltr'><strong>collatione</strong></span> <span class='ocrx_word' id='word_1_423' title='bbox 2609 3184 2980 3248; x_wconf 85' lang='lat' dir='ltr'><strong>laudabilium,</strong></span> <span class='ocrx_word' id='word_1_424' title='bbox 3027 3181 3169 3251; x_wconf 90' lang='lat' dir='ltr'><strong>quod</strong></span> <span class='ocrx_word' id='word_1_425' title='bbox 3221 3177 3491 3249; x_wconf 77' lang='lat' dir='ltr'><strong>ejusmodi</strong></span> 
     </span>
    </p>
   </div>
   <div class='ocr_carea' id='block_1_63' title="bbox 219 3274 1808 3353">
    <p class='ocr_par' dir='ltr' id='par_1_63' title="bbox 219 3274 1808 3353">
     <span class='ocr_line' id='line_1_63' title="bbox 219 3274 1808 3353; baseline 0.002 -20"><span class='ocrx_word' id='word_1_426' title='bbox 219 3274 524 3350; x_wconf 70' lang='grc' dir='ltr'>ἱλέγχεται,</span> <span class='ocrx_word' id='word_1_427' title='bbox 555 3281 650 3336; x_wconf 76' lang='grc' dir='ltr'>καὶ</span> <span class='ocrx_word' id='word_1_428' title='bbox 681 3280 748 3353; x_wconf 78' lang='grc' dir='ltr'>τῇ</span> <span class='ocrx_word' id='word_1_429' title='bbox 790 3281 1104 3352; x_wconf 79' lang='grc' dir='ltr'>παραδείξει</span> <span class='ocrx_word' id='word_1_430' title='bbox 1148 3282 1259 3336; x_wconf 86' lang='grc' dir='ltr'><strong>τῶν</strong></span> <span class='ocrx_word' id='word_1_431' title='bbox 1300 3282 1706 3352; x_wconf 65' lang='grc' dir='ltr'>ἐπαινουμένων</span> <span class='ocrx_word' id='word_1_432' title='bbox 1748 3282 1808 3336; x_wconf 70' lang='grc' dir='ltr'>τὸ</span> 
     </span>
    </p>
   </div>
   <div class='ocr_carea' id='block_1_64' title="bbox 225 3369 1811 3444">
    <p class='ocr_par' dir='ltr' id='par_1_64' title="bbox 225 3369 1811 3444">
     <span class='ocr_line' id='line_1_64' title="bbox 225 3369 1811 3444; baseline 0.001 -20"><span class='ocrx_word' id='word_1_433' title='bbox 225 3371 304 3443; x_wconf 71' lang='grc' dir='ltr'>μὴ</span> <span class='ocrx_word' id='word_1_434' title='bbox 331 3369 507 3436; x_wconf 71' lang='grc' dir='ltr'>οὓτως</span> <span class='ocrx_word' id='word_1_435' title='bbox 549 3371 671 3444; x_wconf 81' lang='grc' dir='ltr'>ἔχον</span> <span class='ocrx_word' id='word_1_436' title='bbox 714 3374 1135 3444; x_wconf 80' lang='grc' dir='ltr'>κατηγορεῖσθαι</span> <span class='ocrx_word' id='word_1_437' title='bbox 1167 3374 1333 3444; x_wconf 85' lang='grc' dir='ltr'>φιλεῖ.</span> <span class='ocrx_word' id='word_1_438' title='bbox 1363 3374 1483 3428; x_wconf 82' lang='grc' dir='ltr'><strong>Ὀτι</strong></span> <span class='ocrx_word' id='word_1_439' title='bbox 1512 3374 1687 3427; x_wconf 82' lang='grc' dir='ltr'>τοίνυν</span> <span class='ocrx_word' id='word_1_440' title='bbox 1713 3372 1811 3426; x_wconf 77' lang='grc' dir='ltr'>καὶ</span> 
     </span>
    </p>
   </div>
   <div class='ocr_carea' id='block_1_65' title="bbox 221 3459 1808 3535">
    <p class='ocr_par' dir='ltr' id='par_1_65' title="bbox 221 3459 1808 3535">
     <span class='ocr_line' id='line_1_65' title="bbox 221 3459 1808 3535; baseline -0.001 -20"><span class='ocrx_word' id='word_1_441' title='bbox 221 3459 283 3527; x_wconf 67' lang='grc' dir='ltr'>ἐξ</span> <span class='ocrx_word' id='word_1_442' title='bbox 309 3460 487 3515; x_wconf 79' lang='grc' dir='ltr'>αὐτῶν</span> <span class='ocrx_word' id='word_1_443' title='bbox 512 3461 841 3533; x_wconf 79' lang='grc' dir='ltr'>σπαργάνων</span> <span class='ocrx_word' id='word_1_444' title='bbox 870 3462 1072 3535; x_wconf 77' lang='grc' dir='ltr'>εὐφυὴς</span> <span class='ocrx_word' id='word_1_445' title='bbox 1100 3463 1323 3532; x_wconf 84' lang='grc' dir='ltr'>γέγονεν</span> <span class='ocrx_word' id='word_1_446' title='bbox 1357 3461 1573 3526; x_wconf 83' lang='grc' dir='ltr'>Ἰακὼϐ,</span> <span class='ocrx_word' id='word_1_447' title='bbox 1612 3462 1808 3533; x_wconf 77' lang='grc' dir='ltr'>μᾶλλον</span> 
     </span>
    </p>
   </div>
   <div class='ocr_carea' id='block_1_66' title="bbox 221 3550 1805 3625">
    <p class='ocr_par' dir='ltr' id='par_1_66' title="bbox 221 3550 1805 3625">
     <span class='ocr_line' id='line_1_66' title="bbox 221 3550 1805 3625; baseline 0.001 -21"><span class='ocrx_word' id='word_1_448' title='bbox 221 3550 281 3605; x_wconf 73' lang='grc' dir='ltr'>δὲ</span> <span class='ocrx_word' id='word_1_449' title='bbox 307 3553 402 3604; x_wconf 75' lang='grc' dir='ltr'>καὶ</span> <span class='ocrx_word' id='word_1_450' title='bbox 434 3553 540 3622; x_wconf 77' lang='grc' dir='ltr'><strong>πρὸ</strong></span> <span class='ocrx_word' id='word_1_451' title='bbox 560 3551 771 3616; x_wconf 82' lang='grc' dir='ltr'>ὠδῖνος,</span> <span class='ocrx_word' id='word_1_452' title='bbox 808 3553 1062 3623; x_wconf 74' lang='grc' dir='ltr'>πειρᾶται</span> <span class='ocrx_word' id='word_1_453' title='bbox 1088 3553 1354 3607; x_wconf 81' lang='grc' dir='ltr'>δεικνύειν</span> <span class='ocrx_word' id='word_1_454' title='bbox 1391 3553 1479 3608; x_wconf 89' lang='grc' dir='ltr'><strong>διά</strong></span> <span class='ocrx_word' id='word_1_455' title='bbox 1503 3553 1598 3606; x_wconf 87' lang='grc' dir='ltr'><strong>τοῦ</strong></span> <span class='ocrx_word' id='word_1_456' title='bbox 1644 3570 1805 3625; x_wconf 79' lang='grc' dir='ltr'>πτερ·</span> 
     </span>
    </p>
   </div>
   <div class='ocr_carea' id='block_1_67' title="bbox 224 3641 1813 3715">
    <p class='ocr_par' dir='ltr' id='par_1_67' title="bbox 224 3641 1813 3715">
     <span class='ocr_line' id='line_1_67' title="bbox 224 3641 1813 3715; baseline 0.001 -20"><span class='ocrx_word' id='word_1_457' title='bbox 224 3641 371 3696; x_wconf 82' lang='grc' dir='ltr'>νίσαι</span> <span class='ocrx_word' id='word_1_458' title='bbox 401 3641 491 3695; x_wconf 81' lang='grc' dir='ltr'>τὸν</span> <span class='ocrx_word' id='word_1_459' title='bbox 514 3642 739 3711; x_wconf 82' lang='grc' dir='ltr'>ἀδελφὸν</span> <span class='ocrx_word' id='word_1_460' title='bbox 766 3643 825 3696; x_wconf 89' lang='grc' dir='ltr'><strong>ἐν</strong></span> <span class='ocrx_word' id='word_1_461' title='bbox 858 3646 924 3714; x_wconf 79' lang='grc' dir='ltr'>τῇ</span> <span class='ocrx_word' id='word_1_462' title='bbox 952 3642 1147 3714; x_wconf 75' lang='grc' dir='ltr'>κοιλίᾳ.</span> <span class='ocrx_word' id='word_1_463' title='bbox 1174 3643 1237 3697; x_wconf 87' lang='lat' dir='ltr'><strong>El</strong></span> <span class='ocrx_word' id='word_1_464' title='bbox 1279 3644 1383 3715; x_wconf 85' lang='grc' dir='ltr'><strong>γάρ</strong></span> <span class='ocrx_word' id='word_1_465' title='bbox 1416 3645 1511 3699; x_wconf 79' lang='grc' dir='ltr'>καὶ</span> <span class='ocrx_word' id='word_1_466' title='bbox 1546 3643 1696 3706; x_wconf 81' lang='grc' dir='ltr'>θείας</span> <span class='ocrx_word' id='word_1_467' title='bbox 1722 3645 1813 3698; x_wconf 86' lang='grc' dir='ltr'>δυ-</span> 
     </span>
    </p>
   </div>
   <div class='ocr_carea' id='block_1_68' title="bbox 226 3730 1814 3806">
    <p class='ocr_par' dir='ltr' id='par_1_68' title="bbox 226 3730 1814 3806">
     <span class='ocr_line' id='line_1_68' title="bbox 226 3730 1814 3806; baseline 0.002 -20"><span class='ocrx_word' id='word_1_468' title='bbox 226 3732 445 3804; x_wconf 75' lang='grc' dir='ltr'>νάμεως</span> <span class='ocrx_word' id='word_1_469' title='bbox 486 3733 767 3805; x_wconf 78' lang='grc' dir='ltr'>ἐνέργημα</span> <span class='ocrx_word' id='word_1_470' title='bbox 805 3733 866 3787; x_wconf 85' lang='grc' dir='ltr'>τὸ</span> <span class='ocrx_word' id='word_1_471' title='bbox 906 3733 1182 3806; x_wconf 84' lang='grc' dir='ltr'>δρώμενον</span> <span class='ocrx_word' id='word_1_472' title='bbox 1212 3730 1283 3806; x_wconf 75' lang='grc' dir='ltr'>ἦν</span> <span class='ocrx_word' id='word_1_473' title='bbox 1330 3734 1412 3803; x_wconf 84' lang='grc' dir='ltr'>(ού</span> <span class='ocrx_word' id='word_1_474' title='bbox 1458 3735 1566 3806; x_wconf 81' lang='grc' dir='ltr'><strong>γάρ</strong></span> <span class='ocrx_word' id='word_1_475' title='bbox 1610 3753 1716 3789; x_wconf 87' lang='grc' dir='ltr'><strong>που</strong></span> <span class='ocrx_word' id='word_1_476' title='bbox 1750 3735 1814 3789; x_wconf 81' lang='grc' dir='ltr'>τὸ</span> 
     </span>
    </p>
   </div>
   <div class='ocr_carea' id='block_1_69' title="bbox 228 3822 1815 3900">
    <p class='ocr_par' dir='ltr' id='par_1_69' title="bbox 228 3822 1815 3900">
     <span class='ocr_line' id='line_1_69' title="bbox 228 3822 1815 3900; baseline 0.003 -23"><span class='ocrx_word' id='word_1_477' title='bbox 228 3822 428 3896; x_wconf 73' lang='grc' dir='ltr'>βρέφος</span> <span class='ocrx_word' id='word_1_478' title='bbox 460 3824 520 3877; x_wconf 75' lang='grc' dir='ltr'>τὸ</span> <span class='ocrx_word' id='word_1_479' title='bbox 542 3826 599 3877; x_wconf 86' lang='grc' dir='ltr'><strong>ἐν</strong></span> <span class='ocrx_word' id='word_1_480' title='bbox 629 3824 853 3896; x_wconf 82' lang='grc' dir='ltr'>ἐμϐρύῳ</span> <span class='ocrx_word' id='word_1_481' title='bbox 906 3826 1001 3880; x_wconf 80' lang='grc' dir='ltr'><strong>καὶ</strong></span> <span class='ocrx_word' id='word_1_482' title='bbox 1036 3827 1215 3899; x_wconf 75' lang='grc' dir='ltr'>μήτρᾳ</span> <span class='ocrx_word' id='word_1_483' title='bbox 1241 3828 1522 3898; x_wconf 87' lang='grc' dir='ltr'>πτερνίσαι</span> <span class='ocrx_word' id='word_1_484' title='bbox 1550 3829 1730 3900; x_wconf 81' lang='grc' dir='ltr'>φαμὲν</span> <span class='ocrx_word' id='word_1_485' title='bbox 1754 3829 1815 3895; x_wconf 81' lang='grc' dir='ltr'>ἐξ</span> 
     </span>
    </p>
   </div>
   <div class='ocr_carea' id='block_1_70' title="bbox 228 3912 1815 3988">
    <p class='ocr_par' dir='ltr' id='par_1_70' title="bbox 228 3912 1815 3988">
     <span class='ocr_line' id='line_1_70' title="bbox 228 3912 1815 3988; baseline 0.003 -20"><span class='ocrx_word' id='word_1_486' title='bbox 228 3914 425 3968; x_wconf 66' lang='grc' dir='ltr'>ἑαυτοῦ</span> <span class='ocrx_word' id='word_1_487' title='bbox 450 3915 541 3967; x_wconf 78' lang='grc' dir='ltr'>τὸν</span> <span class='ocrx_word' id='word_1_488' title='bbox 575 3912 793 3986; x_wconf 82' lang='grc' dir='ltr'>Ἡσαῦ),</span> <span class='ocrx_word' id='word_1_489' title='bbox 818 3915 933 3969; x_wconf 86' lang='grc' dir='ltr'>ἀλλ’</span> <span class='ocrx_word' id='word_1_490' title='bbox 958 3912 1051 3969; x_wconf 81' lang='grc' dir='ltr'>οὖν</span> <span class='ocrx_word' id='word_1_491' title='bbox 1088 3917 1231 3972; x_wconf 88' lang='grc' dir='ltr'><strong>κατά</strong></span> <span class='ocrx_word' id='word_1_492' title='bbox 1260 3916 1570 3988; x_wconf 83' lang='grc' dir='ltr'>πρόγνωσιν</span> <span class='ocrx_word' id='word_1_493' title='bbox 1595 3918 1670 3984; x_wconf 85' lang='grc' dir='ltr'><strong>ὡς</strong></span> <span class='ocrx_word' id='word_1_494' title='bbox 1695 3920 1815 3973; x_wconf 72' lang='grc' dir='ltr'>ἐσοο</span> 
     </span>
    </p>
   </div>
   <div class='ocr_carea' id='block_1_71' title="bbox 234 4003 1816 4081">
    <p class='ocr_par' dir='ltr' id='par_1_71' title="bbox 234 4003 1816 4081">
     <span class='ocr_line' id='line_1_71' title="bbox 234 4003 1816 4081; baseline 0.004 -24"><span class='ocrx_word' id='word_1_495' title='bbox 234 4004 381 4076; x_wconf 84' lang='grc' dir='ltr'>μένῳ</span> <span class='ocrx_word' id='word_1_496' title='bbox 412 4003 653 4076; x_wconf 82' lang='grc' dir='ltr'>χρηστῷ,</span> <span class='ocrx_word' id='word_1_497' title='bbox 689 4004 785 4078; x_wconf 69' lang='grc' dir='ltr'><strong>τὴν</strong></span> <span class='ocrx_word' id='word_1_498' title='bbox 816 4006 912 4060; x_wconf 86' lang='grc' dir='ltr'><strong>τοῦ</strong></span> <span class='ocrx_word' id='word_1_499' title='bbox 952 4007 1233 4076; x_wconf 82' lang='grc' dir='ltr'>γεγονότος</span> <span class='ocrx_word' id='word_1_500' title='bbox 1271 4009 1607 4081; x_wconf 88' lang='grc' dir='ltr'>κατόρθωσιν</span> <span class='ocrx_word' id='word_1_501' title='bbox 1641 4011 1816 4065; x_wconf 81' lang='grc' dir='ltr'>ἐνετί-</span> 
     </span>
    </p>
   </div>
   <div class='ocr_carea' id='block_1_72' title="bbox 232 4097 1814 4175">
    <p class='ocr_par' dir='ltr' id='par_1_72' title="bbox 232 4097 1814 4175">
     <span class='ocr_line' id='line_1_72' title="bbox 232 4097 1814 4175; baseline 0.006 -26"><span class='ocrx_word' id='word_1_502' title='bbox 232 4097 316 4149; x_wconf 84' lang='grc' dir='ltr'><strong>θει</strong></span> <span class='ocrx_word' id='word_1_503' title='bbox 348 4097 496 4161; x_wconf 87' lang='grc' dir='ltr'>Θεός.</span> <span class='ocrx_word' id='word_1_504' title='bbox 527 4098 684 4151; x_wconf 83' lang='grc' dir='ltr'>Οῦτω</span> <span class='ocrx_word' id='word_1_505' title='bbox 717 4099 811 4151; x_wconf 76' lang='grc' dir='ltr'>καὶ</span> <span class='ocrx_word' id='word_1_506' title='bbox 837 4098 1045 4169; x_wconf 78' lang='grc' dir='ltr'>ἔφασκε</span> <span class='ocrx_word' id='word_1_507' title='bbox 1071 4115 1086 4133; x_wconf 87' lang='grc'><strong>·</strong></span> <span class='ocrx_word' id='word_1_508' title='bbox 1120 4118 1139 4153; x_wconf 80' lang='grc' dir='ltr'><strong>ι</strong></span> <span class='ocrx_word' id='word_1_509' title='bbox 1170 4101 1274 4154; x_wconf 81' lang='grc' dir='ltr'><strong>Τὸν</strong></span> <span class='ocrx_word' id='word_1_510' title='bbox 1315 4100 1507 4155; x_wconf 86' lang='grc' dir='ltr'>Ἰακὼϐ</span> <span class='ocrx_word' id='word_1_511' title='bbox 1531 4102 1814 4175; x_wconf 76' lang='grc' dir='ltr'>ἠγάπησα,</span> 
     </span>
    </p>
   </div>
   <div class='ocr_carea' id='block_1_73' title="bbox 233 4186 1818 4267">
    <p class='ocr_par' dir='ltr' id='par_1_73' title="bbox 233 4186 1818 4267">
     <span class='ocr_line' id='line_1_73' title="bbox 233 4186 1818 4267; baseline 0.004 -26"><span class='ocrx_word' id='word_1_512' title='bbox 233 4188 326 4241; x_wconf 74' lang='grc' dir='ltr'>τὸν</span> <span class='ocrx_word' id='word_1_513' title='bbox 363 4187 422 4240; x_wconf 82' lang='grc' dir='ltr'>δὲ</span> <span class='ocrx_word' id='word_1_514' title='bbox 465 4188 635 4241; x_wconf 78' lang='grc' dir='ltr'>Ἡσαῦ</span> <span class='ocrx_word' id='word_1_515' title='bbox 679 4189 937 4260; x_wconf 76' lang='grc' dir='ltr'>ἐμίσησα.</span> <span class='ocrx_word' id='word_1_516' title='bbox 964 4209 982 4242; x_wconf 76' lang='grc' dir='ltr'><strong>ι</strong></span> <span class='ocrx_word' id='word_1_517' title='bbox 1016 4189 1188 4245; x_wconf 88' lang='grc' dir='ltr'>Τοῦτο</span> <span class='ocrx_word' id='word_1_518' title='bbox 1229 4190 1286 4245; x_wconf 80' lang='grc' dir='ltr'>δὲ</span> <span class='ocrx_word' id='word_1_519' title='bbox 1318 4186 1385 4263; x_wconf 79' lang='grc' dir='ltr'>ἦν</span> <span class='ocrx_word' id='word_1_520' title='bbox 1424 4195 1544 4247; x_wconf 86' lang='grc' dir='ltr'>κατ’</span> <span class='ocrx_word' id='word_1_521' title='bbox 1586 4193 1818 4267; x_wconf 78' lang='grc' dir='ltr'>ἐκλογὴν</span> 
     </span>
    </p>
   </div>
   <div class='ocr_carea' id='block_1_74' title="bbox 233 4280 1821 4354">
    <p class='ocr_par' dir='ltr' id='par_1_74' title="bbox 233 4280 1821 4354">
     <span class='ocr_line' id='line_1_74' title="bbox 233 4280 1821 4354; baseline 0.004 -21"><span class='ocrx_word' id='word_1_522' title='bbox 233 4281 474 4352; x_wconf 82' lang='grc' dir='ltr'>χάριτος,</span> <span class='ocrx_word' id='word_1_523' title='bbox 507 4281 760 4352; x_wconf 77' lang='grc' dir='ltr'>ἑλομένου</span> <span class='ocrx_word' id='word_1_524' title='bbox 798 4280 936 4335; x_wconf 84' lang='grc' dir='ltr'>Θεοῦ</span> <span class='ocrx_word' id='word_1_525' title='bbox 966 4282 1060 4336; x_wconf 81' lang='grc' dir='ltr'>τὸν</span> <span class='ocrx_word' id='word_1_526' title='bbox 1083 4284 1292 4354; x_wconf 77' lang='grc' dir='ltr'>ἀμείνω</span> <span class='ocrx_word' id='word_1_527' title='bbox 1322 4300 1423 4338; x_wconf 91' lang='grc' dir='ltr'><strong>που</strong></span> <span class='ocrx_word' id='word_1_528' title='bbox 1456 4284 1673 4349; x_wconf 83' lang='grc' dir='ltr'>πάντως</span> <span class='ocrx_word' id='word_1_529' title='bbox 1700 4286 1821 4339; x_wconf 80' lang='grc' dir='ltr'>ἐσόο</span> 
     </span>
    </p>
   </div>
   <div class='ocr_carea' id='block_1_75' title="bbox 237 4370 1821 4447">
    <p class='ocr_par' dir='ltr' id='par_1_75' title="bbox 237 4370 1821 4447">
     <span class='ocr_line' id='line_1_75' title="bbox 237 4370 1821 4447; baseline 0.003 -20"><span class='ocrx_word' id='word_1_530' title='bbox 237 4390 422 4443; x_wconf 85' lang='grc' dir='ltr'>μενον,</span> <span class='ocrx_word' id='word_1_531' title='bbox 450 4370 526 4435; x_wconf 84' lang='grc' dir='ltr'><strong>ὼς</strong></span> <span class='ocrx_word' id='word_1_532' title='bbox 567 4374 625 4426; x_wconf 81' lang='grc' dir='ltr'><strong>ἐν</strong></span> <span class='ocrx_word' id='word_1_533' title='bbox 658 4372 963 4444; x_wconf 87' lang='grc' dir='ltr'>προγνώσει</span> <span class='ocrx_word' id='word_1_534' title='bbox 1000 4373 1064 4445; x_wconf 80' lang='grc' dir='ltr'>δὴ</span> <span class='ocrx_word' id='word_1_535' title='bbox 1104 4374 1285 4429; x_wconf 83' lang='grc' dir='ltr'>πάλιν.</span> <span class='ocrx_word' id='word_1_536' title='bbox 1321 4374 1484 4430; x_wconf 72' lang='grc' dir='ltr'><strong>⁹Α).λά</strong></span> <span class='ocrx_word' id='word_1_537' title='bbox 1530 4376 1690 4431; x_wconf 75' lang='grc' dir='ltr'>ταυτὶ</span> <span class='ocrx_word' id='word_1_538' title='bbox 1720 4377 1821 4447; x_wconf 77' lang='grc' dir='ltr'>μὲν</span> 
     </span>
    </p>
   </div>
   <div class='ocr_carea' id='block_1_76' title="bbox 234 4462 1821 4540">
    <p class='ocr_par' dir='ltr' id='par_1_76' title="bbox 234 4462 1821 4540">
     <span class='ocr_line' id='line_1_76' title="bbox 234 4462 1821 4540; baseline 0.003 -23"><span class='ocrx_word' id='word_1_539' title='bbox 234 4462 294 4517; x_wconf 69' lang='grc' dir='ltr'>ιν</span> <span class='ocrx_word' id='word_1_540' title='bbox 332 4465 536 4537; x_wconf 78' lang='grc' dir='ltr'>μήτρᾳ.</span> <span class='ocrx_word' id='word_1_541' title='bbox 573 4464 791 4536; x_wconf 80' lang='grc' dir='ltr'>Ἐπειδὴ</span> <span class='ocrx_word' id='word_1_542' title='bbox 814 4464 873 4519; x_wconf 80' lang='grc' dir='ltr'>δὲ</span> <span class='ocrx_word' id='word_1_543' title='bbox 913 4465 1180 4537; x_wconf 79' lang='grc' dir='ltr'>προῆλθεν</span> <span class='ocrx_word' id='word_1_544' title='bbox 1210 4467 1290 4531; x_wconf 82' lang='grc' dir='ltr'><strong>είς</strong></span> <span class='ocrx_word' id='word_1_545' title='bbox 1326 4466 1488 4540; x_wconf 71' lang='grc' dir='ltr'>ἥϐην,</span> <span class='ocrx_word' id='word_1_546' title='bbox 1523 4466 1724 4539; x_wconf 74' lang='grc' dir='ltr'>μᾶλλον</span> <span class='ocrx_word' id='word_1_547' title='bbox 1763 4467 1821 4522; x_wconf 69' lang='grc' dir='ltr'>δὲ</span> 
     </span>
    </p>
   </div>
   <div class='ocr_carea' id='block_1_77' title="bbox 1916 3267 3491 3353">
    <p class='ocr_par' dir='ltr' id='par_1_77' title="bbox 1916 3267 3491 3353">
     <span class='ocr_line' id='line_1_77' title="bbox 1916 3267 3491 3353; baseline -0.011 -12"><span class='ocrx_word' id='word_1_548' title='bbox 1916 3298 2022 3341; x_wconf 88' lang='lat' dir='ltr'><strong>non</strong></span> <span class='ocrx_word' id='word_1_549' title='bbox 2050 3293 2154 3348; x_wconf 90' lang='lat' dir='ltr'><strong>est,</strong></span> <span class='ocrx_word' id='word_1_550' title='bbox 2189 3280 2509 3353; x_wconf 82' lang='lat' dir='ltr'><strong>reprehendi</strong></span> <span class='ocrx_word' id='word_1_551' title='bbox 2542 3294 2605 3333; x_wconf 84' lang='lat' dir='ltr'><strong>ac</strong></span> <span class='ocrx_word' id='word_1_552' title='bbox 2634 3276 2877 3333; x_wconf 85' lang='lat' dir='ltr'><strong>damnari</strong></span> <span class='ocrx_word' id='word_1_553' title='bbox 2913 3274 3070 3329; x_wconf 86' lang='lat' dir='ltr'><strong>solet.</strong></span> <span class='ocrx_word' id='word_1_554' title='bbox 3099 3270 3180 3327; x_wconf 72' lang='lat' dir='ltr'><strong>Ab</strong></span> <span class='ocrx_word' id='word_1_555' title='bbox 3209 3269 3340 3341; x_wconf 85' lang='lat' dir='ltr'><strong>ipsis</strong></span> <span class='ocrx_word' id='word_1_556' title='bbox 3384 3267 3491 3340; x_wconf 84' lang='lat' dir='ltr'><strong>igi-</strong></span> 
     </span>
    </p>
   </div>
   <div class='ocr_carea' id='block_1_78' title="bbox 1915 3365 3494 3434">
    <p class='ocr_par' dir='ltr' id='par_1_78' title="bbox 1915 3365 3494 3434">
     <span class='ocr_line' id='line_1_78' title="bbox 1915 3365 3494 3434; baseline -0.012 0"><span class='ocrx_word' id='word_1_557' title='bbox 1915 3385 2003 3434; x_wconf 86' lang='lat' dir='ltr'><strong>tur</strong></span> <span class='ocrx_word' id='word_1_558' title='bbox 2032 3373 2368 3433; x_wconf 90' lang='lat' dir='ltr'><strong>incunabulls</strong></span> <span class='ocrx_word' id='word_1_559' title='bbox 2391 3370 2558 3428; x_wconf 89' lang='lat' dir='ltr'><strong>Iacob</strong></span> <span class='ocrx_word' id='word_1_560' title='bbox 2592 3370 2761 3425; x_wconf 79' lang='lat' dir='ltr'><strong>fuisse</strong></span> <span class='ocrx_word' id='word_1_561' title='bbox 2796 3366 3025 3424; x_wconf 86' lang='lat' dir='ltr'><strong>habilem</strong></span> <span class='ocrx_word' id='word_1_562' title='bbox 3068 3376 3133 3420; x_wconf 84' lang='lat' dir='ltr'><strong>ac</strong></span> <span class='ocrx_word' id='word_1_563' title='bbox 3184 3365 3494 3425; x_wconf 73' lang='lat' dir='ltr'><strong>dexterum,</strong></span> 
     </span>
    </p>
   </div>
   <div class='ocr_carea' id='block_1_79' title="bbox 1917 3450 3495 3537">
    <p class='ocr_par' dir='ltr' id='par_1_79' title="bbox 1917 3450 3495 3537">
     <span class='ocr_line' id='line_1_79' title="bbox 1917 3450 3495 3537; baseline -0.013 -10"><span class='ocrx_word' id='word_1_564' title='bbox 1917 3472 2025 3527; x_wconf 81' lang='lat' dir='ltr'><strong>imo</strong></span> <span class='ocrx_word' id='word_1_565' title='bbox 2053 3478 2339 3537; x_wconf 84' lang='lat' dir='ltr'><strong>antequam</strong></span> <span class='ocrx_word' id='word_1_566' title='bbox 2368 3474 2523 3535; x_wconf 84' lang='lat' dir='ltr'><strong>partu</strong></span> <span class='ocrx_word' id='word_1_567' title='bbox 2551 3460 2828 3526; x_wconf 85' lang='lat' dir='ltr'><strong>ederetur,</strong></span> <span class='ocrx_word' id='word_1_568' title='bbox 2852 3476 2919 3516; x_wconf 83' lang='lat' dir='ltr'><strong>ex</strong></span> <span class='ocrx_word' id='word_1_569' title='bbox 2946 3473 3011 3514; x_wconf 89' lang='lat' dir='ltr'><strong>eo</strong></span> <span class='ocrx_word' id='word_1_570' title='bbox 3040 3450 3268 3528; x_wconf 85' lang='lat' dir='ltr'><strong>probare</strong></span> <span class='ocrx_word' id='word_1_571' title='bbox 3314 3450 3495 3511; x_wconf 77' lang='lat' dir='ltr'><strong>Studet</strong></span> 
     </span>
    </p>
   </div>
   <div class='ocr_carea' id='block_1_80' title="bbox 1917 3545 3497 3635">
    <p class='ocr_par' dir='ltr' id='par_1_80' title="bbox 1917 3545 3497 3635">
     <span class='ocr_line' id='line_1_80' title="bbox 1917 3545 3497 3635; baseline -0.011 -18"><span class='ocrx_word' id='word_1_572' title='bbox 1917 3564 2058 3635; x_wconf 89' lang='lat' dir='ltr'><strong>quod</strong></span> <span class='ocrx_word' id='word_1_573' title='bbox 2088 3561 2313 3617; x_wconf 82' lang='lat' dir='ltr'><strong>fratrem</strong></span> <span class='ocrx_word' id='word_1_574' title='bbox 2357 3558 2411 3613; x_wconf 90' lang='lat' dir='ltr'><strong>in</strong></span> <span class='ocrx_word' id='word_1_575' title='bbox 2453 3565 2609 3611; x_wconf 88' lang='lat' dir='ltr'><strong>utero</strong></span> <span class='ocrx_word' id='word_1_576' title='bbox 2641 3564 2888 3609; x_wconf 83' lang='lat' dir='ltr'><strong>Inatorno</strong></span> <span class='ocrx_word' id='word_1_577' title='bbox 2940 3548 3318 3621; x_wconf 87' lang='lat' dir='ltr'><strong>supplantarit.</strong></span> <span class='ocrx_word' id='word_1_578' title='bbox 3378 3545 3497 3601; x_wconf 79' lang='lat' dir='ltr'><strong>Etsi</strong></span> 
     </span>
    </p>
   </div>
   <div class='ocr_carea' id='block_1_81' title="bbox 1917 3637 3499 3717">
    <p class='ocr_par' dir='ltr' id='par_1_81' title="bbox 1917 3637 3499 3717">
     <span class='ocr_line' id='line_1_81' title="bbox 1917 3637 3499 3717; baseline -0.011 -7"><span class='ocrx_word' id='word_1_579' title='bbox 1917 3656 2060 3710; x_wconf 84' lang='lat' dir='ltr'><strong>enim</strong></span> <span class='ocrx_word' id='word_1_580' title='bbox 2097 3651 2291 3706; x_wconf 63' lang='lat' dir='ltr'><strong>divinae</strong></span> <span class='ocrx_word' id='word_1_581' title='bbox 2319 3647 2536 3703; x_wconf 88' lang='lat' dir='ltr'><strong>virtutis</strong></span> <span class='ocrx_word' id='word_1_582' title='bbox 2566 3660 2702 3717; x_wconf 90' lang='lat' dir='ltr'><strong>opus</strong></span> <span class='ocrx_word' id='word_1_583' title='bbox 2730 3644 2852 3710; x_wconf 79' lang='lat' dir='ltr'><strong>fuit,</strong></span> <span class='ocrx_word' id='word_1_584' title='bbox 2890 3642 3033 3714; x_wconf 89' lang='lat' dir='ltr'><strong>quod</strong></span> <span class='ocrx_word' id='word_1_585' title='bbox 3076 3641 3336 3712; x_wconf 78' lang='lat' dir='ltr'><strong>agebatur</strong></span> <span class='ocrx_word' id='word_1_586' title='bbox 3365 3637 3499 3710; x_wconf 82' lang='lat' dir='ltr'><strong>(non</strong></span> 
     </span>
    </p>
   </div>
   <div class='ocr_carea' id='block_1_82' title="bbox 1918 3726 3495 3801">
    <p class='ocr_par' dir='ltr' id='par_1_82' title="bbox 1918 3726 3495 3801">
     <span class='ocr_line' id='line_1_82' title="bbox 1918 3726 3495 3801; baseline -0.012 0"><span class='ocrx_word' id='word_1_587' title='bbox 1918 3746 2061 3801; x_wconf 90' lang='lat' dir='ltr'><strong>enim</strong></span> <span class='ocrx_word' id='word_1_588' title='bbox 2093 3743 2355 3799; x_wconf 80' lang='lat' dir='ltr'><strong>infantem</strong></span> <span class='ocrx_word' id='word_1_589' title='bbox 2391 3740 2442 3793; x_wconf 88' lang='lat' dir='ltr'><strong>in</strong></span> <span class='ocrx_word' id='word_1_590' title='bbox 2478 3735 2778 3791; x_wconf 83' lang='lat' dir='ltr'><strong>visceribus</strong></span> <span class='ocrx_word' id='word_1_591' title='bbox 2818 3742 2873 3789; x_wconf 89' lang='lat' dir='ltr'><strong>et</strong></span> <span class='ocrx_word' id='word_1_592' title='bbox 2915 3740 3068 3787; x_wconf 89' lang='lat' dir='ltr'><strong>utero</strong></span> <span class='ocrx_word' id='word_1_593' title='bbox 3105 3746 3198 3801; x_wconf 90' lang='lat' dir='ltr'><strong>per</strong></span> <span class='ocrx_word' id='word_1_594' title='bbox 3243 3744 3303 3784; x_wconf 89' lang='lat' dir='ltr'><strong>se</strong></span> <span class='ocrx_word' id='word_1_595' title='bbox 3353 3726 3495 3783; x_wconf 85' lang='lat' dir='ltr'><strong>Esau</strong></span> 
     </span>
    </p>
   </div>
   <div class='ocr_carea' id='block_1_83' title="bbox 1921 3818 3494 3908">
    <p class='ocr_par' dir='ltr' id='par_1_83' title="bbox 1921 3818 3494 3908">
     <span class='ocr_line' id='line_1_83' title="bbox 1921 3818 3494 3908; baseline -0.013 -16"><span class='ocrx_word' id='word_1_596' title='bbox 1921 3838 2157 3908; x_wconf 87' lang='lat' dir='ltr'><strong>plantam</strong></span> <span class='ocrx_word' id='word_1_597' title='bbox 2184 3832 2421 3889; x_wconf 83' lang='lat' dir='ltr'><strong>tenuisse</strong></span> <span class='ocrx_word' id='word_1_598' title='bbox 2446 3830 2628 3886; x_wconf 83' lang='lat' dir='ltr'><strong>dicere</strong></span> <span class='ocrx_word' id='word_1_599' title='bbox 2656 3824 2960 3893; x_wconf 87' lang='lat' dir='ltr'><strong>audemus).</strong></span> <span class='ocrx_word' id='word_1_600' title='bbox 2998 3833 3174 3878; x_wconf 88' lang='lat' dir='ltr'><strong>tamen</strong></span> <span class='ocrx_word' id='word_1_601' title='bbox 3200 3818 3494 3875; x_wconf 88' lang='lat' dir='ltr'><strong>secundum</strong></span> 
     </span>
    </p>
   </div>
   <div class='ocr_carea' id='block_1_84' title="bbox 1920 3909 3501 3998">
    <p class='ocr_par' dir='ltr' id='par_1_84' title="bbox 1920 3909 3501 3998">
     <span class='ocr_line' id='line_1_84' title="bbox 1920 3909 3501 3998; baseline -0.012 -14"><span class='ocrx_word' id='word_1_602' title='bbox 1920 3924 2339 3998; x_wconf 73' lang='lat' dir='ltr'><strong>prazscientiam,</strong></span> <span class='ocrx_word' id='word_1_603' title='bbox 2373 3930 2433 3977; x_wconf 91' lang='lat' dir='ltr'><strong>ut</strong></span> <span class='ocrx_word' id='word_1_604' title='bbox 2462 3921 2552 3992; x_wconf 91' lang='lat' dir='ltr'><strong>qui</strong></span> <span class='ocrx_word' id='word_1_605' title='bbox 2580 3917 2754 3974; x_wconf 89' lang='lat' dir='ltr'><strong>bonus</strong></span> <span class='ocrx_word' id='word_1_606' title='bbox 2779 3925 2927 3973; x_wconf 86' lang='lat' dir='ltr'><strong>esset</strong></span> <span class='ocrx_word' id='word_1_607' title='bbox 2958 3913 3194 3977; x_wconf 75' lang='lat' dir='ltr'><strong>futurus.</strong></span> <span class='ocrx_word' id='word_1_608' title='bbox 3228 3912 3367 3967; x_wconf 88' lang='lat' dir='ltr'><strong>Deus</strong></span> <span class='ocrx_word' id='word_1_609' title='bbox 3394 3909 3501 3966; x_wconf 84' lang='lat' dir='ltr'><strong>hoc</strong></span> 
     </span>
    </p>
   </div>
   <div class='ocr_carea' id='block_1_85' title="bbox 1923 4003 3496 4088">
    <p class='ocr_par' dir='ltr' id='par_1_85' title="bbox 1923 4003 3496 4088">
     <span class='ocr_line' id='line_1_85' title="bbox 1923 4003 3496 4088; baseline -0.01 -14"><span class='ocrx_word' id='word_1_610' title='bbox 1923 4020 2121 4075; x_wconf 77' lang='lat' dir='ltr'><strong>factum</strong></span> <span class='ocrx_word' id='word_1_611' title='bbox 2142 4015 2417 4088; x_wconf 82' lang='lat' dir='ltr'><strong>egregium</strong></span> <span class='ocrx_word' id='word_1_612' title='bbox 2442 4012 2496 4067; x_wconf 91' lang='lat' dir='ltr'><strong>in</strong></span> <span class='ocrx_word' id='word_1_613' title='bbox 2522 4026 2588 4068; x_wconf 84' lang='lat' dir='ltr'><strong>co</strong></span> <span class='ocrx_word' id='word_1_614' title='bbox 2611 4007 2899 4076; x_wconf 80' lang='lat' dir='ltr'><strong>excitavit;</strong></span> <span class='ocrx_word' id='word_1_615' title='bbox 2930 4007 3021 4078; x_wconf 89' lang='lat' dir='ltr'><strong>qui</strong></span> <span class='ocrx_word' id='word_1_616' title='bbox 3039 4005 3203 4063; x_wconf 90' lang='lat' dir='ltr'><strong>etiam</strong></span> <span class='ocrx_word' id='word_1_617' title='bbox 3226 4006 3299 4059; x_wconf 88' lang='lat' dir='ltr'><strong>ita</strong></span> <span class='ocrx_word' id='word_1_618' title='bbox 3326 4003 3496 4059; x_wconf 77' lang='lat' dir='ltr'><strong>dixit:</strong></span> 
     </span>
    </p>
   </div>
   <div class='ocr_carea' id='block_1_86' title="bbox 1929 4092 3497 4176">
    <p class='ocr_par' dir='ltr' id='par_1_86' title="bbox 1929 4092 3497 4176">
     <span class='ocr_line' id='line_1_86' title="bbox 1929 4092 3497 4176; baseline -0.013 -9"><span class='ocrx_word' id='word_1_619' title='bbox 1929 4132 1947 4166; x_wconf 82' lang='grc' dir='ltr'><strong>ι</strong></span> <span class='ocrx_word' id='word_1_620' title='bbox 1980 4110 2149 4166; x_wconf 90' lang='lat' dir='ltr'><strong>Iacob</strong></span> <span class='ocrx_word' id='word_1_621' title='bbox 2182 4107 2366 4170; x_wconf 79' lang='lat' dir='ltr'><strong>dilexi,</strong></span> <span class='ocrx_word' id='word_1_622' title='bbox 2409 4102 2571 4176; x_wconf 76' lang='lat'><strong>169</strong></span> <span class='ocrx_word' id='word_1_623' title='bbox 2601 4101 2741 4157; x_wconf 87' lang='lat' dir='ltr'><strong>Esau</strong></span> <span class='ocrx_word' id='word_1_624' title='bbox 2779 4108 2963 4153; x_wconf 88' lang='lat' dir='ltr'><strong>autem</strong></span> <span class='ocrx_word' id='word_1_625' title='bbox 3009 4096 3136 4152; x_wconf 90' lang='lat' dir='ltr'><strong>odio</strong></span> <span class='ocrx_word' id='word_1_626' title='bbox 3178 4093 3338 4149; x_wconf 84' lang='lat' dir='ltr'><strong>habui</strong></span> <span class='ocrx_word' id='word_1_627' title='bbox 3367 4092 3432 4146; x_wconf 81' lang='grc'><strong>⁶¹.</strong></span> <span class='ocrx_word' id='word_1_628' title='bbox 3473 4109 3497 4146; x_wconf 72' lang='grc' dir='ltr'><strong>ι</strong></span> 
     </span>
    </p>
   </div>
   <div class='ocr_carea' id='block_1_87' title="bbox 1924 4186 3499 4271">
    <p class='ocr_par' dir='ltr' id='par_1_87' title="bbox 1924 4186 3499 4271">
     <span class='ocr_line' id='line_1_87' title="bbox 1924 4186 3499 4271; baseline -0.013 -14"><span class='ocrx_word' id='word_1_629' title='bbox 1924 4203 2038 4258; x_wconf 89' lang='lat' dir='ltr'><strong>Iloc</strong></span> <span class='ocrx_word' id='word_1_630' title='bbox 2074 4214 2235 4271; x_wconf 86' lang='lat' dir='ltr'><strong>porro</strong></span> <span class='ocrx_word' id='word_1_631' title='bbox 2263 4205 2383 4252; x_wconf 91' lang='lat' dir='ltr'><strong>erat</strong></span> <span class='ocrx_word' id='word_1_632' title='bbox 2418 4192 2714 4251; x_wconf 88' lang='lat' dir='ltr'><strong>secundum</strong></span> <span class='ocrx_word' id='word_1_633' title='bbox 2755 4188 3073 4245; x_wconf 90' lang='lat' dir='ltr'><strong>electionem</strong></span> <span class='ocrx_word' id='word_1_634' title='bbox 3113 4186 3322 4258; x_wconf 66' lang='lat' dir='ltr'><strong>gratim,</strong></span> <span class='ocrx_word' id='word_1_635' title='bbox 3373 4197 3499 4238; x_wconf 83' lang='lat' dir='ltr'><strong>cum</strong></span> 
     </span>
    </p>
   </div>
   <div class='ocr_carea' id='block_1_88' title="bbox 1922 4272 3501 4363">
    <p class='ocr_par' dir='ltr' id='par_1_88' title="bbox 1922 4272 3501 4363">
     <span class='ocr_line' id='line_1_88' title="bbox 1922 4272 3501 4363; baseline -0.012 -16"><span class='ocrx_word' id='word_1_636' title='bbox 1922 4282 2176 4363; x_wconf 73' lang='lat' dir='ltr'><strong>elegisset</strong></span> <span class='ocrx_word' id='word_1_637' title='bbox 2198 4286 2342 4344; x_wconf 84' lang='lat' dir='ltr'><strong>Deus</strong></span> <span class='ocrx_word' id='word_1_638' title='bbox 2363 4283 2511 4340; x_wconf 89' lang='lat' dir='ltr'><strong>omni</strong></span> <span class='ocrx_word' id='word_1_639' title='bbox 2540 4282 2749 4337; x_wconf 88' lang='lat' dir='ltr'><strong>ratione</strong></span> <span class='ocrx_word' id='word_1_640' title='bbox 2772 4278 3050 4334; x_wconf 87' lang='lat' dir='ltr'><strong>meliorem</strong></span> <span class='ocrx_word' id='word_1_641' title='bbox 3079 4276 3355 4342; x_wconf 77' lang='lat' dir='ltr'><strong>futurum;</strong></span> <span class='ocrx_word' id='word_1_642' title='bbox 3404 4272 3501 4363; x_wconf 86' lang='lat' dir='ltr'><strong>sed</strong></span> 
     </span>
    </p>
   </div>
   <div class='ocr_carea' id='block_1_89' title="bbox 1926 4362 3499 4452">
    <p class='ocr_par' dir='ltr' id='par_1_89' title="bbox 1926 4362 3499 4452">
     <span class='ocr_line' id='line_1_89' title="bbox 1926 4362 3499 4452; baseline -0.013 -14"><span class='ocrx_word' id='word_1_643' title='bbox 1926 4392 1985 4437; x_wconf 90' lang='lat' dir='ltr'><strong>ut</strong></span> <span class='ocrx_word' id='word_1_644' title='bbox 2007 4362 2074 4436; x_wconf 82' lang='lat' dir='ltr'><strong>ex</strong></span> <span class='ocrx_word' id='word_1_645' title='bbox 2102 4375 2462 4452; x_wconf 72' lang='lat' dir='ltr'><strong>pmcienﬁa.</strong></span> <span class='ocrx_word' id='word_1_646' title='bbox 2487 4374 2659 4441; x_wconf 85' lang='lat' dir='ltr'><strong>Atque</strong></span> <span class='ocrx_word' id='word_1_647' title='bbox 2693 4372 2809 4426; x_wconf 69' lang='lat' dir='ltr'><strong>[me</strong></span> <span class='ocrx_word' id='word_1_648' title='bbox 2838 4368 3060 4440; x_wconf 86' lang='lat' dir='ltr'><strong>quidem</strong></span> <span class='ocrx_word' id='word_1_649' title='bbox 3098 4364 3152 4437; x_wconf 84' lang='lat' dir='ltr'><strong>In</strong></span> <span class='ocrx_word' id='word_1_650' title='bbox 3182 4373 3358 4420; x_wconf 90' lang='lat' dir='ltr'><strong>utero.</strong></span> <span class='ocrx_word' id='word_1_651' title='bbox 3396 4362 3499 4421; x_wconf 83' lang='lat' dir='ltr'><strong>Ubi</strong></span> 
     </span>
    </p>
   </div>
   <div class='ocr_carea' id='block_1_90' title="bbox 1926 4455 3499 4539">
    <p class='ocr_par' dir='ltr' id='par_1_90' title="bbox 1926 4455 3499 4539">
     <span class='ocr_line' id='line_1_90' title="bbox 1926 4455 3499 4539; baseline -0.012 -11"><span class='ocrx_word' id='word_1_652' title='bbox 1926 4480 2107 4528; x_wconf 87' lang='lat' dir='ltr'><strong>autem</strong></span> <span class='ocrx_word' id='word_1_653' title='bbox 2135 4465 2430 4539; x_wconf 76' lang='lat' dir='ltr'><strong>iuvenilem</strong></span> <span class='ocrx_word' id='word_1_654' title='bbox 2459 4468 2672 4519; x_wconf 70' lang='lat' dir='ltr'><strong>aetatem</strong></span> <span class='ocrx_word' id='word_1_655' title='bbox 2697 4461 2905 4532; x_wconf 87' lang='lat' dir='ltr'><strong>attigit,</strong></span> <span class='ocrx_word' id='word_1_656' title='bbox 2935 4459 3044 4514; x_wconf 90' lang='lat' dir='ltr'><strong>imo</strong></span> <span class='ocrx_word' id='word_1_657' title='bbox 3071 4457 3251 4513; x_wconf 85' lang='lat' dir='ltr'><strong>verius</strong></span> <span class='ocrx_word' id='word_1_658' title='bbox 3285 4455 3338 4511; x_wconf 90' lang='lat' dir='ltr'><strong>in</strong></span> <span class='ocrx_word' id='word_1_659' title='bbox 3364 4455 3499 4510; x_wconf 77' lang='lat' dir='ltr'><strong>viris</strong></span> 
     </span>
    </p>
   </div>
   <div class='ocr_carea' id='block_1_91' title="bbox 237 4546 1810 4627">
    <p class='ocr_par' dir='ltr' id='par_1_91' title="bbox 237 4554 1810 4627">
     <span class='ocr_line' id='line_1_91' title="bbox 237 4554 1810 4627; baseline 0 -17"><span class='ocrx_word' id='word_1_660' title='bbox 237 4556 335 4610; x_wconf 71' lang='grc' dir='ltr'>καὶ</span> <span class='ocrx_word' id='word_1_661' title='bbox 370 4556 429 4608; x_wconf 81' lang='grc' dir='ltr'><strong>ἐν</strong></span> <span class='ocrx_word' id='word_1_662' title='bbox 475 4555 701 4627; x_wconf 82' lang='grc' dir='ltr'>ἀνδράσι</span> <span class='ocrx_word' id='word_1_663' title='bbox 745 4555 919 4610; x_wconf 86' lang='grc' dir='ltr'>ἐτέλει</span> <span class='ocrx_word' id='word_1_664' title='bbox 965 4554 1169 4623; x_wconf 79' lang='grc' dir='ltr'>λοιπὸν,</span> <span class='ocrx_word' id='word_1_665' title='bbox 1219 4574 1237 4608; x_wconf 80' lang='grc' dir='ltr'><strong>ι</strong></span> <span class='ocrx_word' id='word_1_666' title='bbox 1282 4557 1374 4611; x_wconf 83' lang='grc' dir='ltr'>Ἑν</span> <span class='ocrx_word' id='word_1_667' title='bbox 1420 4556 1608 4622; x_wconf 87' lang='grc' dir='ltr'>κόποις</span> <span class='ocrx_word' id='word_1_668' title='bbox 1654 4555 1810 4612; x_wconf 71' lang='grc' dir='ltr'>αὐτοῦ</span> 
     </span>
    </p>
   </div>
   <div class='ocr_carea' id='block_1_92' title="bbox 1912 4546 3502 4627">
    <p class='ocr_par' dir='ltr' id='par_1_92' title="bbox 1927 4546 3502 4627">
     <span class='ocr_line' id='line_1_92' title="bbox 1927 4546 3502 4627; baseline -0.012 -7"><span class='ocrx_word' id='word_1_669' title='bbox 1927 4566 2240 4621; x_wconf 80' lang='lat' dir='ltr'><strong>numeratus</strong></span> <span class='ocrx_word' id='word_1_670' title='bbox 2271 4568 2376 4627; x_wconf 90' lang='lat' dir='ltr'><strong>est,</strong></span> <span class='ocrx_word' id='word_1_671' title='bbox 2417 4574 2437 4610; x_wconf 80' lang='grc' dir='ltr'><strong>ι</strong></span> <span class='ocrx_word' id='word_1_672' title='bbox 2500 4554 2553 4611; x_wconf 90' lang='lat' dir='ltr'><strong>in</strong></span> <span class='ocrx_word' id='word_1_673' title='bbox 2606 4552 2884 4608; x_wconf 89' lang='lat' dir='ltr'><strong>laboribus</strong></span> <span class='ocrx_word' id='word_1_674' title='bbox 2934 4551 3048 4607; x_wconf 82' lang='lat' dir='ltr'><strong>suis</strong></span> <span class='ocrx_word' id='word_1_675' title='bbox 3111 4547 3390 4620; x_wconf 75' lang='lat' dir='ltr'><strong>praevaluit</strong></span> <span class='ocrx_word' id='word_1_676' title='bbox 3446 4546 3502 4601; x_wconf 88' lang='lat' dir='ltr'><strong>in</strong></span> 
     </span>
    </p>
   </div>
   <div class='ocr_carea' id='block_1_93' title="bbox 236 4646 1826 4721">
    <p class='ocr_par' dir='ltr' id='par_1_93' title="bbox 236 4646 1826 4721">
     <span class='ocr_line' id='line_1_93' title="bbox 236 4646 1826 4721; baseline 0.001 -20"><span class='ocrx_word' id='word_1_677' title='bbox 236 4647 489 4718; x_wconf 78' lang='grc' dir='ltr'>ἐνίσχυσε</span> <span class='ocrx_word' id='word_1_678' title='bbox 517 4647 653 4721; x_wconf 80' lang='grc' dir='ltr'>πρὸς</span> <span class='ocrx_word' id='word_1_679' title='bbox 696 4647 892 4704; x_wconf 77' lang='grc' dir='ltr'>Θεόν.»</span> <span class='ocrx_word' id='word_1_680' title='bbox 941 4646 1078 4701; x_wconf 82' lang='grc' dir='ltr'>Θεοῦ</span> <span class='ocrx_word' id='word_1_681' title='bbox 1124 4647 1233 4721; x_wconf 84' lang='grc' dir='ltr'><strong>γὰρ</strong></span> <span class='ocrx_word' id='word_1_682' title='bbox 1263 4648 1578 4720; x_wconf 78' lang='grc' dir='ltr'>πέμποντος</span> <span class='ocrx_word' id='word_1_683' title='bbox 1621 4650 1826 4704; x_wconf 76' lang='grc' dir='ltr'>οἰκονο-</span> 
     </span>
    </p>
   </div>
   <div class='ocr_carea' id='block_1_94' title="bbox 236 4733 1825 4814">
    <p class='ocr_par' dir='ltr' id='par_1_94' title="bbox 236 4733 1825 4814">
     <span class='ocr_line' id='line_1_94' title="bbox 236 4733 1825 4814; baseline 0.001 -20"><span class='ocrx_word' id='word_1_684' title='bbox 236 4740 419 4811; x_wconf 85' lang='grc' dir='ltr'>μικῶς</span> <span class='ocrx_word' id='word_1_685' title='bbox 443 4733 523 4805; x_wconf 83' lang='grc' dir='ltr'><strong>είς</strong></span> <span class='ocrx_word' id='word_1_686' title='bbox 561 4739 790 4814; x_wconf 83' lang='grc' dir='ltr'>ἱδρῶτας</span> <span class='ocrx_word' id='word_1_687' title='bbox 819 4741 915 4795; x_wconf 76' lang='grc' dir='ltr'>καὶ</span> <span class='ocrx_word' id='word_1_688' title='bbox 951 4741 1167 4806; x_wconf 86' lang='grc' dir='ltr'>πόνους,</span> <span class='ocrx_word' id='word_1_689' title='bbox 1193 4742 1293 4795; x_wconf 87' lang='grc' dir='ltr'><strong>ούκ</strong></span> <span class='ocrx_word' id='word_1_690' title='bbox 1323 4740 1611 4812; x_wconf 80' lang='grc' dir='ltr'>ἠσθένησε,</span> <span class='ocrx_word' id='word_1_691' title='bbox 1638 4740 1825 4813; x_wconf 80' lang='grc' dir='ltr'>φησίν.</span> 
     </span>
    </p>
   </div>
   <div class='ocr_carea' id='block_1_95' title="bbox 236 4831 1826 4906">
    <p class='ocr_par' dir='ltr' id='par_1_95' title="bbox 236 4831 1826 4906">
     <span class='ocr_line' id='line_1_95' title="bbox 236 4831 1826 4906; baseline 0.001 -20"><span class='ocrx_word' id='word_1_692' title='bbox 236 4834 312 4886; x_wconf 82' lang='grc' dir='ltr'><strong>Ἦ</strong></span> <span class='ocrx_word' id='word_1_693' title='bbox 356 4832 467 4902; x_wconf 75' lang='grc' dir='ltr'><strong>γὰρ</strong></span> <span class='ocrx_word' id='word_1_694' title='bbox 511 4831 611 4903; x_wconf 79' lang='grc' dir='ltr'>οὐχ</span> <span class='ocrx_word' id='word_1_695' title='bbox 663 4831 853 4902; x_wconf 74' lang='grc' dir='ltr'>ἱδρὼς,</span> <span class='ocrx_word' id='word_1_696' title='bbox 894 4833 956 4887; x_wconf 84' lang='grc' dir='ltr'>τὸ</span> <span class='ocrx_word' id='word_1_697' title='bbox 991 4836 1092 4903; x_wconf 78' lang='grc' dir='ltr'>τῆς</span> <span class='ocrx_word' id='word_1_698' title='bbox 1129 4832 1393 4906; x_wconf 81' lang='grc' dir='ltr'>πατρῴας</span> <span class='ocrx_word' id='word_1_699' title='bbox 1429 4834 1527 4904; x_wconf 80' lang='grc' dir='ltr'>μὲν</span> <span class='ocrx_word' id='word_1_700' title='bbox 1570 4833 1826 4904; x_wconf 85' lang='grc' dir='ltr'>ἀπαίρειν</span> 
     </span>
    </p>
   </div>
   <div class='ocr_carea' id='block_1_96' title="bbox 237 4924 1824 4999">
    <p class='ocr_par' dir='ltr' id='par_1_96' title="bbox 237 4924 1824 4999">
     <span class='ocr_line' id='line_1_96' title="bbox 237 4924 1824 4999; baseline 0.001 -21"><span class='ocrx_word' id='word_1_701' title='bbox 237 4924 445 4990; x_wconf 77' lang='grc' dir='ltr'>ἑστίας,</span> <span class='ocrx_word' id='word_1_702' title='bbox 483 4924 825 4994; x_wconf 80' lang='grc' dir='ltr'>ἀφικνεῖσθαι</span> <span class='ocrx_word' id='word_1_703' title='bbox 865 4925 923 4980; x_wconf 68' lang='grc' dir='ltr'>δὲ</span> <span class='ocrx_word' id='word_1_704' title='bbox 959 4927 1096 4999; x_wconf 85' lang='grc' dir='ltr'>πρὸς</span> <span class='ocrx_word' id='word_1_705' title='bbox 1122 4925 1327 4990; x_wconf 76' lang='grc' dir='ltr'>Λάϐαν,</span> <span class='ocrx_word' id='word_1_706' title='bbox 1369 4926 1462 4980; x_wconf 80' lang='grc' dir='ltr'>καὶ</span> <span class='ocrx_word' id='word_1_707' title='bbox 1497 4925 1824 4998; x_wconf 86' lang='grc' dir='ltr'>ἀνασχέσθαι</span> 
     </span>
    </p>
   </div>
   <div class='ocr_carea' id='block_1_97' title="bbox 237 5012 1825 5088">
    <p class='ocr_par' dir='ltr' id='par_1_97' title="bbox 237 5012 1825 5088">
     <span class='ocr_line' id='line_1_97' title="bbox 237 5012 1825 5088; baseline 0.003 -21"><span class='ocrx_word' id='word_1_708' title='bbox 237 5012 496 5083; x_wconf 88' lang='grc' dir='ltr'>θητείας,</span> <span class='ocrx_word' id='word_1_709' title='bbox 541 5014 793 5080; x_wconf 77' lang='grc' dir='ltr'>καὶτοὺς</span> <span class='ocrx_word' id='word_1_710' title='bbox 820 5016 915 5071; x_wconf 69' lang='grc' dir='ltr'>ἐπὶ</span> <span class='ocrx_word' id='word_1_711' title='bbox 955 5015 1017 5070; x_wconf 77' lang='grc' dir='ltr'>τὸ</span> <span class='ocrx_word' id='word_1_712' title='bbox 1047 5017 1355 5087; x_wconf 87' lang='grc' dir='ltr'>ποιμαίνειν</span> <span class='ocrx_word' id='word_1_713' title='bbox 1389 5016 1686 5088; x_wconf 74' lang='grc' dir='ltr'>ἀνατλῆναι</span> <span class='ocrx_word' id='word_1_714' title='bbox 1725 5017 1825 5071; x_wconf 92' lang='grc' dir='ltr'>πό-</span> 
     </span>
    </p>
   </div>
   <div class='ocr_carea' id='block_1_98' title="bbox 235 5104 1822 5179">
    <p class='ocr_par' dir='ltr' id='par_1_98' title="bbox 235 5104 1822 5179">
     <span class='ocr_line' id='line_1_98' title="bbox 235 5104 1822 5179; baseline 0.001 -21"><span class='ocrx_word' id='word_1_715' title='bbox 235 5112 399 5169; x_wconf 84' lang='grc' dir='ltr'>νους;</span> <span class='ocrx_word' id='word_1_716' title='bbox 436 5104 758 5175; x_wconf 68' lang='grc' dir='ltr'>Ἀμφίϐολον</span> <span class='ocrx_word' id='word_1_717' title='bbox 780 5107 998 5171; x_wconf 76' lang='grc' dir='ltr'>οὐκοῦν,</span> <span class='ocrx_word' id='word_1_718' title='bbox 1025 5116 1043 5160; x_wconf 75' lang='lat' dir='ltr'><strong>i</strong></span> <span class='ocrx_word' id='word_1_719' title='bbox 1074 5107 1165 5161; x_wconf 85' lang='grc' dir='ltr'><strong>Ἐν</strong></span> <span class='ocrx_word' id='word_1_720' title='bbox 1190 5107 1373 5170; x_wconf 88' lang='grc' dir='ltr'>πόνοις</span> <span class='ocrx_word' id='word_1_721' title='bbox 1399 5107 1648 5179; x_wconf 83' lang='grc' dir='ltr'>ἐνίσχυσε</span> <span class='ocrx_word' id='word_1_722' title='bbox 1683 5106 1822 5179; x_wconf 79' lang='grc' dir='ltr'>πρὸς</span> 
     </span>
    </p>
   </div>
   <div class='ocr_carea' id='block_1_99' title="bbox 235 5193 1818 5270">
    <p class='ocr_par' dir='ltr' id='par_1_99' title="bbox 235 5193 1818 5270">
     <span class='ocr_line' id='line_1_99' title="bbox 235 5193 1818 5270; baseline 0.001 -22"><span class='ocrx_word' id='word_1_723' title='bbox 235 5193 389 5249; x_wconf 80' lang='grc' dir='ltr'>Θεόν.</span> <span class='ocrx_word' id='word_1_724' title='bbox 406 5216 425 5248; x_wconf 74' lang='grc' dir='ltr'><strong>ι</strong></span> <span class='ocrx_word' id='word_1_725' title='bbox 454 5196 565 5267; x_wconf 83' lang='grc' dir='ltr'><strong>Ούχ</strong></span> <span class='ocrx_word' id='word_1_726' title='bbox 593 5194 668 5261; x_wconf 85' lang='grc' dir='ltr'><strong>ὼς</strong></span> <span class='ocrx_word' id='word_1_727' title='bbox 691 5196 809 5269; x_wconf 72' lang='grc' dir='ltr'><strong>Θεῷ</strong></span> <span class='ocrx_word' id='word_1_728' title='bbox 840 5197 1166 5270; x_wconf 88' lang='grc' dir='ltr'>μαχόμενος,</span> <span class='ocrx_word' id='word_1_729' title='bbox 1194 5197 1485 5253; x_wconf 82' lang='grc' dir='ltr'>ὑπακούων</span> <span class='ocrx_word' id='word_1_730' title='bbox 1508 5196 1566 5251; x_wconf 83' lang='grc' dir='ltr'>δὲ</span> <span class='ocrx_word' id='word_1_731' title='bbox 1596 5197 1818 5269; x_wconf 82' lang='grc' dir='ltr'>μᾶλλον,</span> 
     </span>
    </p>
   </div>
   <div class='ocr_carea' id='block_1_100' title="bbox 236 5280 1823 5361">
    <p class='ocr_par' dir='ltr' id='par_1_100' title="bbox 236 5280 1823 5361">
     <span class='ocr_line' id='line_1_100' title="bbox 236 5280 1823 5361; baseline 0.001 -20"><span class='ocrx_word' id='word_1_732' title='bbox 236 5287 338 5341; x_wconf 74' lang='grc' dir='ltr'><strong>καὶ</strong></span> <span class='ocrx_word' id='word_1_733' title='bbox 368 5287 529 5341; x_wconf 74' lang='grc' dir='ltr'>οίονεὶ</span> <span class='ocrx_word' id='word_1_734' title='bbox 557 5289 1005 5361; x_wconf 82' lang='grc' dir='ltr'>περιγιγνόμενος</span> <span class='ocrx_word' id='word_1_735' title='bbox 1042 5280 1132 5344; x_wconf 85' lang='grc' dir='ltr'><strong>διά</strong></span> <span class='ocrx_word' id='word_1_736' title='bbox 1158 5287 1253 5343; x_wconf 88' lang='grc' dir='ltr'><strong>τοῦ</strong></span> <span class='ocrx_word' id='word_1_737' title='bbox 1274 5287 1516 5361; x_wconf 88' lang='grc' dir='ltr'>πληροῦν</span> <span class='ocrx_word' id='word_1_738' title='bbox 1547 5288 1617 5343; x_wconf 73' lang='grc' dir='ltr'>τὰ</span> <span class='ocrx_word' id='word_1_739' title='bbox 1658 5304 1823 5344; x_wconf 81' lang='grc' dir='ltr'>κεκε-</span> 
     </span>
    </p>
   </div>
   <div class='ocr_carea' id='block_1_101' title="bbox 237 5376 1823 5456">
    <p class='ocr_par' dir='ltr' id='par_1_101' title="bbox 237 5376 1823 5456">
     <span class='ocr_line' id='line_1_101' title="bbox 237 5376 1823 5456; baseline 0.001 -22"><span class='ocrx_word' id='word_1_740' title='bbox 237 5376 531 5448; x_wconf 75' lang='grc' dir='ltr'>λιυσμένα.</span> <span class='ocrx_word' id='word_1_741' title='bbox 564 5378 715 5445; x_wconf 77' lang='grc' dir='ltr'><strong>Ἕξὸν</strong></span> <span class='ocrx_word' id='word_1_742' title='bbox 751 5380 861 5456; x_wconf 84' lang='grc' dir='ltr'><strong>γάρ</strong></span> <span class='ocrx_word' id='word_1_743' title='bbox 902 5381 1158 5455; x_wconf 73' lang='grc' dir='ltr'>ἀνιδρωτὶ</span> <span class='ocrx_word' id='word_1_744' title='bbox 1189 5382 1458 5450; x_wconf 83' lang='grc' dir='ltr'>πλουτεῖν,</span> <span class='ocrx_word' id='word_1_745' title='bbox 1492 5381 1587 5436; x_wconf 64' lang='grc' dir='ltr'><strong>καὶ⁵</strong></span> <span class='ocrx_word' id='word_1_746' title='bbox 1624 5382 1823 5453; x_wconf 82' lang='grc' dir='ltr'>εὐημε-</span> 
     </span>
    </p>
   </div>
   <div class='ocr_carea' id='block_1_102' title="bbox 243 5460 1820 5547">
    <p class='ocr_par' dir='ltr' id='par_1_102' title="bbox 243 5460 1820 5547">
     <span class='ocr_line' id='line_1_102' title="bbox 243 5460 1820 5547; baseline 0.005 -24"><span class='ocrx_word' id='word_1_747' title='bbox 243 5472 360 5545; x_wconf 84' lang='grc' dir='ltr'>ρεῖν</span> <span class='ocrx_word' id='word_1_748' title='bbox 387 5469 526 5525; x_wconf 77' lang='grc' dir='ltr'>οἴκοι</span> <span class='ocrx_word' id='word_1_749' title='bbox 551 5473 783 5543; x_wconf 86' lang='grc' dir='ltr'>μένοντα</span> <span class='ocrx_word' id='word_1_750' title='bbox 806 5475 897 5528; x_wconf 81' lang='grc' dir='ltr'>τὸν</span> <span class='ocrx_word' id='word_1_751' title='bbox 922 5460 1141 5543; x_wconf 84' lang='grc' dir='ltr'>Ἰακὼϐ,</span> <span class='ocrx_word' id='word_1_752' title='bbox 1165 5475 1265 5530; x_wconf 84' lang='grc' dir='ltr'>οὐκ</span> <span class='ocrx_word' id='word_1_753' title='bbox 1296 5475 1643 5547; x_wconf 84' lang='grc' dir='ltr'>ἀγύμναστον</span> <span class='ocrx_word' id='word_1_754' title='bbox 1670 5476 1820 5547; x_wconf 81' lang='grc' dir='ltr'>ὴφίει</span> 
     </span>
    </p>
   </div>
   <div class='ocr_carea' id='block_1_103' title="bbox 240 5558 1819 5637">
    <p class='ocr_par' dir='ltr' id='par_1_103' title="bbox 240 5558 1819 5637">
     <span class='ocr_line' id='line_1_103' title="bbox 240 5558 1819 5637; baseline 0.003 -23"><span class='ocrx_word' id='word_1_755' title='bbox 240 5558 396 5624; x_wconf 70' lang='grc' dir='ltr'>ϐιός.</span> <span class='ocrx_word' id='word_1_756' title='bbox 431 5562 554 5616; x_wconf 73' lang='grc' dir='ltr'><strong>Ἐπὶ</strong></span> <span class='ocrx_word' id='word_1_757' title='bbox 578 5564 849 5636; x_wconf 76' lang='grc' dir='ltr'>προφάσει</span> <span class='ocrx_word' id='word_1_758' title='bbox 873 5565 931 5619; x_wconf 69' lang='grc' dir='ltr'>δὲ</span> <span class='ocrx_word' id='word_1_759' title='bbox 973 5565 1171 5637; x_wconf 79' lang='grc' dir='ltr'>μᾶλλον</span> <span class='ocrx_word' id='word_1_760' title='bbox 1208 5566 1317 5621; x_wconf 83' lang='grc' dir='ltr'><strong>τῶν</strong></span> <span class='ocrx_word' id='word_1_761' title='bbox 1344 5564 1402 5632; x_wconf 76' lang='grc' dir='ltr'>ἐξ</span> <span class='ocrx_word' id='word_1_762' title='bbox 1435 5563 1604 5619; x_wconf 83' lang='grc' dir='ltr'>Ἡσαῦ</span> <span class='ocrx_word' id='word_1_763' title='bbox 1632 5564 1819 5636; x_wconf 79' lang='grc' dir='ltr'>δειμά-</span> 
     </span>
    </p>
   </div>
   <div class='ocr_carea' id='block_1_104' title="bbox 244 5652 1817 5735">
    <p class='ocr_par' dir='ltr' id='par_1_104' title="bbox 244 5652 1817 5735">
     <span class='ocr_line' id='line_1_104' title="bbox 244 5652 1817 5735; baseline 0.004 -30"><span class='ocrx_word' id='word_1_764' title='bbox 244 5668 351 5706; x_wconf 67' lang='grc' dir='ltr'><strong>των</strong></span> <span class='ocrx_word' id='word_1_765' title='bbox 377 5652 796 5735; x_wconf 48' lang='grc' dir='ltr'>ὲπίάλλοδαπὴν</span> <span class='ocrx_word' id='word_1_766' title='bbox 828 5657 973 5713; x_wconf 81' lang='grc' dir='ltr'>ίόντα</span> <span class='ocrx_word' id='word_1_767' title='bbox 1013 5657 1195 5730; x_wconf 85' lang='grc' dir='ltr'>χώραν</span> <span class='ocrx_word' id='word_1_768' title='bbox 1228 5675 1284 5713; x_wconf 86' lang='grc' dir='ltr'><strong>τε</strong></span> <span class='ocrx_word' id='word_1_769' title='bbox 1330 5658 1423 5711; x_wconf 73' lang='grc' dir='ltr'>καὶ</span> <span class='ocrx_word' id='word_1_770' title='bbox 1470 5657 1645 5725; x_wconf 76' lang='grc' dir='ltr'>πόλιν,</span> <span class='ocrx_word' id='word_1_771' title='bbox 1691 5657 1817 5713; x_wconf 84' lang='grc' dir='ltr'>δύσ-</span> 
     </span>
    </p>
   </div>
   <div class='ocr_carea' id='block_1_105' title="bbox 316 5830 785 5901">
    <p class='ocr_par' dir='ltr' id='par_1_105' title="bbox 316 5830 785 5901">
     <span class='ocr_line' id='line_1_105' title="bbox 316 5830 785 5901; baseline 0.002 -15"><span class='ocrx_word' id='word_1_772' title='bbox 316 5832 359 5864; x_wconf 75' lang='grc'><strong>⁸¹</strong></span> <span class='ocrx_word' id='word_1_773' title='bbox 403 5830 627 5889; x_wconf 75' lang='lat' dir='ltr'><strong>Malach.</strong></span> <span class='ocrx_word' id='word_1_774' title='bbox 659 5849 703 5901; x_wconf 83' lang='grc' dir='ltr'><strong>ι,</strong></span> <span class='ocrx_word' id='word_1_775' title='bbox 732 5834 785 5888; x_wconf 77' lang='grc'>5.</span> 
     </span>
    </p>
   </div>
   <div class='ocr_carea' id='block_1_106' title="bbox 1926 4630 3502 4716">
    <p class='ocr_par' dir='ltr' id='par_1_106' title="bbox 1926 4630 3502 4716">
     <span class='ocr_line' id='line_1_106' title="bbox 1926 4630 3502 4716; baseline -0.011 -4"><span class='ocrx_word' id='word_1_776' title='bbox 1926 4657 2115 4712; x_wconf 90' lang='lat' dir='ltr'><strong>Deum.</strong></span> <span class='ocrx_word' id='word_1_777' title='bbox 2153 4654 2172 4703; x_wconf 65' lang='grc' dir='ltr'><strong>ι</strong></span> <span class='ocrx_word' id='word_1_778' title='bbox 2218 4648 2349 4705; x_wconf 77' lang='lat' dir='ltr'><strong>Nam</strong></span> <span class='ocrx_word' id='word_1_779' title='bbox 2381 4662 2505 4705; x_wconf 87' lang='lat' dir='ltr'><strong>cum</strong></span> <span class='ocrx_word' id='word_1_780' title='bbox 2526 4646 2663 4702; x_wconf 88' lang='lat' dir='ltr'><strong>Deus</strong></span> <span class='ocrx_word' id='word_1_781' title='bbox 2683 4643 3027 4716; x_wconf 85' lang='lat' dir='ltr'><strong>providenter</strong></span> <span class='ocrx_word' id='word_1_782' title='bbox 3046 4652 3169 4696; x_wconf 85' lang='lat' dir='ltr'><strong>eum</strong></span> <span class='ocrx_word' id='word_1_783' title='bbox 3189 4641 3254 4694; x_wconf 85' lang='lat' dir='ltr'><strong>ad</strong></span> <span class='ocrx_word' id='word_1_784' title='bbox 3278 4630 3502 4695; x_wconf 79' lang='lat' dir='ltr'><strong>sudores</strong></span> 
     </span>
    </p>
   </div>
   <div class='ocr_carea' id='block_1_107' title="bbox 1922 4729 3501 4815">
    <p class='ocr_par' dir='ltr' id='par_1_107' title="bbox 1922 4729 3501 4815">
     <span class='ocr_line' id='line_1_107' title="bbox 1922 4729 3501 4815; baseline -0.011 -12"><span class='ocrx_word' id='word_1_785' title='bbox 1922 4740 2245 4815; x_wconf 73' lang='lat' dir='ltr'><strong>laboresque</strong></span> <span class='ocrx_word' id='word_1_786' title='bbox 2292 4739 2550 4802; x_wconf 88' lang='lat' dir='ltr'><strong>misisset,</strong></span> <span class='ocrx_word' id='word_1_787' title='bbox 2600 4751 2705 4792; x_wconf 91' lang='lat' dir='ltr'><strong>non</strong></span> <span class='ocrx_word' id='word_1_788' title='bbox 2762 4732 2980 4799; x_wconf 82' lang='lat' dir='ltr'><strong>defecit,</strong></span> <span class='ocrx_word' id='word_1_789' title='bbox 3035 4733 3230 4801; x_wconf 85' lang='lat' dir='ltr'><strong>inquit.</strong></span> <span class='ocrx_word' id='word_1_790' title='bbox 3278 4729 3357 4784; x_wconf 80' lang='lat' dir='ltr'><strong>An</strong></span> <span class='ocrx_word' id='word_1_791' title='bbox 3394 4746 3501 4786; x_wconf 89' lang='lat' dir='ltr'><strong>non</strong></span> 
     </span>
    </p>
   </div>
   <div class='ocr_carea' id='block_1_108' title="bbox 1922 4818 3501 4901">
    <p class='ocr_par' dir='ltr' id='par_1_108' title="bbox 1922 4818 3501 4901">
     <span class='ocr_line' id='line_1_108' title="bbox 1922 4818 3501 4901; baseline -0.013 -6"><span class='ocrx_word' id='word_1_792' title='bbox 1922 4832 2066 4895; x_wconf 88' lang='lat' dir='ltr'><strong>enim</strong></span> <span class='ocrx_word' id='word_1_793' title='bbox 2096 4833 2316 4893; x_wconf 88' lang='lat' dir='ltr'><strong>sudoris</strong></span> <span class='ocrx_word' id='word_1_794' title='bbox 2342 4846 2480 4901; x_wconf 84' lang='lat' dir='ltr'><strong>opus</strong></span> <span class='ocrx_word' id='word_1_795' title='bbox 2509 4838 2612 4894; x_wconf 89' lang='lat' dir='ltr'><strong>est,</strong></span> <span class='ocrx_word' id='word_1_796' title='bbox 2653 4844 2682 4882; x_wconf 91' lang='lat' dir='ltr'><strong>a</strong></span> <span class='ocrx_word' id='word_1_797' title='bbox 2725 4834 2945 4897; x_wconf 88' lang='lat' dir='ltr'><strong>paterna</strong></span> <span class='ocrx_word' id='word_1_798' title='bbox 2996 4822 3156 4878; x_wconf 91' lang='lat' dir='ltr'><strong>domo</strong></span> <span class='ocrx_word' id='word_1_799' title='bbox 3200 4818 3501 4886; x_wconf 82' lang='lat' dir='ltr'><strong>discedere,</strong></span> 
     </span>
    </p>
   </div>
   <div class='ocr_carea' id='block_1_109' title="bbox 1923 4916 3501 4987">
    <p class='ocr_par' dir='ltr' id='par_1_109' title="bbox 1923 4916 3501 4987">
     <span class='ocr_line' id='line_1_109' title="bbox 1923 4916 3501 4987; baseline -0.009 -4"><span class='ocrx_word' id='word_1_800' title='bbox 1923 4930 1988 4984; x_wconf 86' lang='lat' dir='ltr'><strong>ad</strong></span> <span class='ocrx_word' id='word_1_801' title='bbox 2024 4921 2203 4983; x_wconf 81' lang='lat' dir='ltr'><strong>Laban</strong></span> <span class='ocrx_word' id='word_1_802' title='bbox 2231 4923 2503 4987; x_wconf 86' lang='lat' dir='ltr'><strong>devenire,</strong></span> <span class='ocrx_word' id='word_1_803' title='bbox 2525 4920 2597 4975; x_wconf 90' lang='lat' dir='ltr'><strong>ibi</strong></span> <span class='ocrx_word' id='word_1_804' title='bbox 2622 4917 3009 4974; x_wconf 85' lang='lat' dir='ltr'><strong>mercenariam</strong></span> <span class='ocrx_word' id='word_1_805' title='bbox 3035 4916 3348 4971; x_wconf 85' lang='lat' dir='ltr'><strong>servitutem</strong></span> <span class='ocrx_word' id='word_1_806' title='bbox 3378 4929 3501 4969; x_wconf 86' lang='lat' dir='ltr'><strong>sus-</strong></span> 
     </span>
    </p>
   </div>
   <div class='ocr_carea' id='block_1_110' title="bbox 1928 5002 3505 5087">
    <p class='ocr_par' dir='ltr' id='par_1_110' title="bbox 1928 5002 3505 5087">
     <span class='ocr_line' id='line_1_110' title="bbox 1928 5002 3505 5087; baseline -0.011 -10"><span class='ocrx_word' id='word_1_807' title='bbox 1928 5021 2134 5086; x_wconf 90' lang='lat' dir='ltr'><strong>tinere,</strong></span> <span class='ocrx_word' id='word_1_808' title='bbox 2162 5022 2218 5073; x_wconf 89' lang='lat' dir='ltr'><strong>et</strong></span> <span class='ocrx_word' id='word_1_809' title='bbox 2243 5013 2556 5087; x_wconf 87' lang='lat' dir='ltr'><strong>pastoritios</strong></span> <span class='ocrx_word' id='word_1_810' title='bbox 2596 5010 2812 5067; x_wconf 85' lang='lat' dir='ltr'><strong>labores</strong></span> <span class='ocrx_word' id='word_1_811' title='bbox 2846 5004 3126 5079; x_wconf 63' lang='lat' dir='ltr'><strong>peribrret</strong></span> <span class='ocrx_word' id='word_1_812' title='bbox 3170 5002 3284 5061; x_wconf 80' lang='lat' dir='ltr'><strong>Hoc</strong></span> <span class='ocrx_word' id='word_1_813' title='bbox 3334 5005 3505 5077; x_wconf 86' lang='lat' dir='ltr'><strong>igitur</strong></span> 
     </span>
    </p>
   </div>
   <div class='ocr_carea' id='block_1_111' title="bbox 1929 5098 3499 5181">
    <p class='ocr_par' dir='ltr' id='par_1_111' title="bbox 1929 5098 3499 5181">
     <span class='ocr_line' id='line_1_111' title="bbox 1929 5098 3499 5181; baseline -0.012 -13"><span class='ocrx_word' id='word_1_814' title='bbox 1929 5121 2013 5168; x_wconf 90' lang='lat' dir='ltr'><strong>est</strong></span> <span class='ocrx_word' id='word_1_815' title='bbox 2043 5109 2375 5181; x_wconf 86' lang='lat' dir='ltr'><strong>ambiguum,</strong></span> <span class='ocrx_word' id='word_1_816' title='bbox 2408 5124 2428 5158; x_wconf 78' lang='grc' dir='ltr'><strong>ι</strong></span> <span class='ocrx_word' id='word_1_817' title='bbox 2461 5106 2517 5161; x_wconf 88' lang='lat' dir='ltr'><strong>In</strong></span> <span class='ocrx_word' id='word_1_818' title='bbox 2547 5102 2824 5161; x_wconf 89' lang='lat' dir='ltr'><strong>laboribus</strong></span> <span class='ocrx_word' id='word_1_819' title='bbox 2854 5098 3133 5171; x_wconf 80' lang='lat' dir='ltr'><strong>praevaluit</strong></span> <span class='ocrx_word' id='word_1_820' title='bbox 3156 5100 3209 5154; x_wconf 92' lang='lat' dir='ltr'><strong>in</strong></span> <span class='ocrx_word' id='word_1_821' title='bbox 3244 5099 3409 5154; x_wconf 87' lang='lat' dir='ltr'><strong>Deum</strong></span> <span class='ocrx_word' id='word_1_822' title='bbox 3437 5116 3452 5153; x_wconf 90' lang='lat'><strong>:</strong></span> <span class='ocrx_word' id='word_1_823' title='bbox 3480 5117 3499 5149; x_wconf 74' lang='grc' dir='ltr'><strong>ι</strong></span> 
     </span>
    </p>
   </div>
   <div class='ocr_carea' id='block_1_112' title="bbox 1930 5189 3501 5270">
    <p class='ocr_par' dir='ltr' id='par_1_112' title="bbox 1930 5189 3501 5270">
     <span class='ocr_line' id='line_1_112' title="bbox 1930 5189 3501 5270; baseline -0.008 -14"><span class='ocrx_word' id='word_1_824' title='bbox 1930 5210 2034 5256; x_wconf 85' lang='lat' dir='ltr'><strong>non</strong></span> <span class='ocrx_word' id='word_1_825' title='bbox 2069 5198 2225 5270; x_wconf 87' lang='lat' dir='ltr'><strong>quasi</strong></span> <span class='ocrx_word' id='word_1_826' title='bbox 2248 5210 2369 5253; x_wconf 90' lang='lat' dir='ltr'><strong>cum</strong></span> <span class='ocrx_word' id='word_1_827' title='bbox 2402 5194 2511 5250; x_wconf 89' lang='lat' dir='ltr'><strong>Deo</strong></span> <span class='ocrx_word' id='word_1_828' title='bbox 2540 5206 2806 5265; x_wconf 89' lang='lat' dir='ltr'><strong>pugnans,</strong></span> <span class='ocrx_word' id='word_1_829' title='bbox 2846 5192 2942 5246; x_wconf 88' lang='lat' dir='ltr'><strong>sed</strong></span> <span class='ocrx_word' id='word_1_830' title='bbox 2994 5189 3257 5245; x_wconf 85' lang='lat' dir='ltr'><strong>obedieus</strong></span> <span class='ocrx_word' id='word_1_831' title='bbox 3302 5189 3501 5258; x_wconf 81' lang='lat' dir='ltr'><strong>potius.</strong></span> 
     </span>
    </p>
   </div>
   <div class='ocr_carea' id='block_1_113' title="bbox 1929 5270 3503 5359">
    <p class='ocr_par' dir='ltr' id='par_1_113' title="bbox 1929 5270 3503 5359">
     <span class='ocr_line' id='line_1_113' title="bbox 1929 5270 3503 5359; baseline -0.011 -10"><span class='ocrx_word' id='word_1_832' title='bbox 1929 5303 1983 5349; x_wconf 93' lang='lat' dir='ltr'><strong>et</strong></span> <span class='ocrx_word' id='word_1_833' title='bbox 2017 5290 2180 5348; x_wconf 89' lang='lat' dir='ltr'><strong>veluti</strong></span> <span class='ocrx_word' id='word_1_834' title='bbox 2214 5286 2462 5359; x_wconf 76' lang='lat' dir='ltr'><strong>Superior</strong></span> <span class='ocrx_word' id='word_1_835' title='bbox 2497 5286 2787 5349; x_wconf 74' lang='lat' dir='ltr'><strong>aevictor,</strong></span> <span class='ocrx_word' id='word_1_836' title='bbox 2841 5282 2984 5353; x_wconf 89' lang='lat' dir='ltr'><strong>quod</strong></span> <span class='ocrx_word' id='word_1_837' title='bbox 3035 5270 3179 5350; x_wconf 68' lang='lat' dir='ltr'><strong>Iusta</strong></span> <span class='ocrx_word' id='word_1_838' title='bbox 3231 5278 3503 5351; x_wconf 84' lang='lat' dir='ltr'><strong>Impleret.</strong></span> 
     </span>
    </p>
   </div>
   <div class='ocr_carea' id='block_1_114' title="bbox 1928 5371 3505 5438">
    <p class='ocr_par' dir='ltr' id='par_1_114' title="bbox 1928 5371 3505 5438">
     <span class='ocr_line' id='line_1_114' title="bbox 1928 5371 3505 5438; baseline -0.009 0"><span class='ocrx_word' id='word_1_839' title='bbox 1928 5378 2063 5438; x_wconf 77' lang='lat' dir='ltr'><strong>Nam</strong></span> <span class='ocrx_word' id='word_1_840' title='bbox 2098 5395 2220 5437; x_wconf 90' lang='lat' dir='ltr'><strong>cum</strong></span> <span class='ocrx_word' id='word_1_841' title='bbox 2256 5379 2449 5435; x_wconf 86' lang='lat' dir='ltr'><strong>liceret</strong></span> <span class='ocrx_word' id='word_1_842' title='bbox 2482 5373 2649 5431; x_wconf 88' lang='lat' dir='ltr'><strong>Iacob</strong></span> <span class='ocrx_word' id='word_1_843' title='bbox 2674 5374 2810 5430; x_wconf 89' lang='lat' dir='ltr'><strong>citra</strong></span> <span class='ocrx_word' id='word_1_844' title='bbox 2839 5374 3091 5428; x_wconf 84' lang='lat' dir='ltr'><strong>sudorem</strong></span> <span class='ocrx_word' id='word_1_845' title='bbox 3134 5371 3423 5434; x_wconf 83' lang='lat' dir='ltr'><strong>ditescere,</strong></span> <span class='ocrx_word' id='word_1_846' title='bbox 3448 5377 3505 5424; x_wconf 86' lang='lat' dir='ltr'><strong>et</strong></span> 
     </span>
    </p>
   </div>
   <div class='ocr_carea' id='block_1_115' title="bbox 1874 5456 3502 5541">
    <p class='ocr_par' dir='ltr' id='par_1_115' title="bbox 1874 5456 3502 5541">
     <span class='ocr_line' id='line_1_115' title="bbox 1874 5456 3502 5541; baseline -0.012 -6"><span class='ocrx_word' id='word_1_847' title='bbox 1874 5524 1885 5535; x_wconf 83' lang='lat'><strong>.</strong></span> <span class='ocrx_word' id='word_1_848' title='bbox 1928 5470 2238 5531; x_wconf 70' lang='lat' dir='ltr'><strong>fclicitatem</strong></span> <span class='ocrx_word' id='word_1_849' title='bbox 2270 5468 2517 5541; x_wconf 84' lang='lat' dir='ltr'><strong>adipisci,</strong></span> <span class='ocrx_word' id='word_1_850' title='bbox 2562 5467 2607 5522; x_wconf 89' lang='lat' dir='ltr'><strong>si</strong></span> <span class='ocrx_word' id='word_1_851' title='bbox 2664 5462 2809 5522; x_wconf 86' lang='lat' dir='ltr'><strong>domi</strong></span> <span class='ocrx_word' id='word_1_852' title='bbox 2861 5474 3125 5530; x_wconf 85' lang='lat' dir='ltr'><strong>maneret,</strong></span> <span class='ocrx_word' id='word_1_853' title='bbox 3184 5456 3328 5517; x_wconf 78' lang='lat' dir='ltr'><strong>Deus</strong></span> <span class='ocrx_word' id='word_1_854' title='bbox 3375 5475 3502 5515; x_wconf 82' lang='lat' dir='ltr'><strong>cum</strong></span> 
     </span>
    </p>
   </div>
   <div class='ocr_carea' id='block_1_116' title="bbox 1925 5548 3505 5627">
    <p class='ocr_par' dir='ltr' id='par_1_116' title="bbox 1925 5548 3505 5627">
     <span class='ocr_line' id='line_1_116' title="bbox 1925 5548 3505 5627; baseline -0.011 -5"><span class='ocrx_word' id='word_1_855' title='bbox 1925 5564 2319 5622; x_wconf 73' lang='lat' dir='ltr'><strong>exercitatioite</strong></span> <span class='ocrx_word' id='word_1_856' title='bbox 2346 5568 2541 5616; x_wconf 84' lang='lat' dir='ltr'><strong>vacare</strong></span> <span class='ocrx_word' id='word_1_857' title='bbox 2589 5570 2696 5613; x_wconf 87' lang='lat' dir='ltr'><strong>non</strong></span> <span class='ocrx_word' id='word_1_858' title='bbox 2746 5548 3025 5627; x_wconf 79' lang='lat' dir='ltr'><strong>permisit;</strong></span> <span class='ocrx_word' id='word_1_859' title='bbox 3082 5553 3178 5609; x_wconf 84' lang='lat' dir='ltr'><strong>sed</strong></span> <span class='ocrx_word' id='word_1_860' title='bbox 3216 5550 3505 5607; x_wconf 85' lang='lat' dir='ltr'><strong>occasione</strong></span> 
     </span>
    </p>
   </div>
   <div class='ocr_carea' id='block_1_117' title="bbox 1925 5636 3504 5716">
    <p class='ocr_par' dir='ltr' id='par_1_117' title="bbox 1925 5636 3504 5716">
     <span class='ocr_line' id='line_1_117' title="bbox 1925 5636 3504 5716; baseline -0.012 -4"><span class='ocrx_word' id='word_1_861' title='bbox 1925 5655 2191 5711; x_wconf 88' lang='lat' dir='ltr'><strong>minarum</strong></span> <span class='ocrx_word' id='word_1_862' title='bbox 2216 5653 2283 5709; x_wconf 89' lang='lat' dir='ltr'><strong>ab</strong></span> <span class='ocrx_word' id='word_1_863' title='bbox 2307 5654 2443 5709; x_wconf 81' lang='lat' dir='ltr'><strong>Esau</strong></span> <span class='ocrx_word' id='word_1_864' title='bbox 2462 5650 2864 5713; x_wconf 87' lang='lat' dir='ltr'><strong>intentatarum,</strong></span> <span class='ocrx_word' id='word_1_865' title='bbox 2878 5646 2930 5701; x_wconf 91' lang='lat' dir='ltr'><strong>in</strong></span> <span class='ocrx_word' id='word_1_866' title='bbox 2948 5643 3285 5716; x_wconf 82' lang='lat' dir='ltr'><strong>peregrinum</strong></span> <span class='ocrx_word' id='word_1_867' title='bbox 3304 5636 3504 5706; x_wconf 79' lang='lat' dir='ltr'><strong>solum,</strong></span> 
     </span>
    </p>
   </div>
  </div>
