4068 6544
601 400 710 459 283

604 507 659 548 et
693 499 876 550 urbem
909 495 1204 564 profectum
1233 496 1301 565 δ’,
1337 498 1609 569 negotium
1633 501 2020 570 permolestum
2050 515 2175 557 sus-
2205 508 2249 565 Α

608 588 779 641 linere
815 585 970 654 fecit,
1005 596 1064 644 ut
1106 589 1268 644 etiam
1311 591 1363 646 in
1403 591 1534 662 ipsis
1582 591 1797 649 casibus
1847 593 2062 650 sincere
2123 594 2175 649 in

606 679 773 733 Deum
825 679 1093 736 charitate
1145 691 1383 746 servata,
1456 683 1576 753 jure
1621 667 1766 738 esset
1811 682 2174 738 admirationi.

606 771 771 841 Igitur
809 789 827 823 ι
864 772 1140 840 praevaluit
1170 773 1224 827 in
1253 773 1525 829 laboribus
1550 776 1662 830 suis
1697 775 1748 829 in
1779 775 1984 842 Deum;
2021 795 2040 828 ι
2082 776 2177 830 sed

611 880 630 914 ι
664 860 954 918 Praevaluit
977 865 1138 919 etiam
1171 881 1294 920 eum
1340 867 1551 935 angelo,
1599 868 1796 934 inquit.
1837 877 1892 922 et
1926 869 2117 938 potuit.
2152 886 2172 920 ι

609 953 868 1010 Luetatus
887 965 968 1012 est
995 957 1137 1011 enim
1168 972 1288 1011 cum
1319 973 1381 1012 eo
1421 960 1641 1029 angelus
1669 967 1725 1012 ut
1761 959 1811 1012 in
1850 959 2019 1013 forma
2060 958 2176 1013 Dei.

609 1045 745 1100 Tum
779 1049 941 1102 etiam
975 1048 1236 1104 emarcuit
1269 1049 1442 1104 femur
1486 1051 1624 1120 ejus.
1671 1049 2049 1105 Verumtamen
2099 1049 2180 1104 di-

609 1135 768 1190 vinus
823 1135 988 1191 Jarob
1031 1138 1234 1207 gratias
1296 1139 1421 1194 huic
1478 1140 1635 1194 luctat
1691 1142 1913 1210 agebat;
1966 1141 2179 1196 dicebat

609 1228 795 1282 enim:
828 1247 845 1280 ι
881 1228 1012 1295 Quia
1037 1230 1146 1284 vidi
1171 1231 1336 1285 Deum
1376 1229 1514 1286 facie
1560 1230 1626 1285 ad
1665 1230 1880 1297 faciem,
1925 1241 1980 1286 et
2031 1232 2176 1288 salva

611 1319 750 1374 facta
783 1330 863 1375 est
893 1321 1066 1376 anima
1094 1339 1210 1378 mea
1244 1323 1309 1377 ⁸³.
1351 1343 1370 1376 ι

679 1411 992 1482 hlysterium
1025 1414 1186 1484 igitur
1213 1415 1264 1470 in
1291 1415 1506 1471 Christo
1540 1430 1634 1484 per
1677 1415 1875 1470 luctam
1921 1430 2040 1470 eum
2083 1431 2181 1472 an-

609 1503 729 1574 gelo
761 1515 1228 1574 praemonstratum
1256 1515 1356 1561 est.
1389 1506 1806 1562 Perseverarunt
1831 1508 1971 1561 enim
2001 1518 2180 1578 poste-

613 1594 656 1648 ri
687 1593 853 1649 Jacob
888 1597 1158 1651 adversari
1197 1596 1436 1660 Christo.
1469 1612 1628 1668 (luem
1677 1598 1951 1668 prophetae
1999 1600 2179 1669 magni

610 1686 823 1740 consilii
851 1685 1108 1753 Angelqu
1141 1699 1334 1744 vocant
1374 1689 1440 1743 “.
1497 1689 1560 1742 Et
1587 1689 1674 1743 alii
1710 1689 1925 1760 quidem
1972 1707 2182 1746 marco-

612 1788 750 1837 rem,
781 1775 831 1828 id
867 1785 970 1839 est,
1016 1777 1436 1847 redemptionem
1483 1779 1598 1846 ejus
1649 1794 1753 1835 non
1807 1780 2176 1843 admittentes;

611 1865 701 1920 alii
733 1867 892 1921 etiam
924 1881 984 1924 se
1016 1868 1213 1922 vidisse
1255 1884 1350 1938 per
1384 1871 1578 1938 ipsum,
1602 1881 1656 1926 et
1705 1872 1756 1926 in
1805 1873 1921 1942 ipso
1950 1873 2086 1928 facie
2115 1875 2181 1928 ad
2213 1851 2254 1906 Β

615 1957 808 2013 faciem
839 1973 1022 2026 unum,
1051 1969 1104 2013 et
1132 1971 1344 2026 natura,
1379 1971 1432 2016 et
1464 1976 1586 2016 vere
1623 1963 1786 2017 Deum
1817 1967 2060 2018 coutiteri
2090 1980 2182 2018 no-

614 2050 808 2106 lentes.
837 2051 888 2105 In
914 2055 1089 2120 seipse
1120 2052 1260 2106 enim
1292 2053 1525 2123 ostendit
1561 2041 1733 2109 nobis
1788 2053 1998 2109 Patrem
2058 2055 2184 2118 Em-

615 2143 848 2209 manuel,
869 2144 1055 2198 dicens
1089 2158 1104 2197 :
1139 2162 1156 2196 ι
1182 2143 1280 2210 Qui
1303 2144 1433 2198 vidit
1458 2159 1561 2206 me,
1593 2145 1724 2198 vidit
1753 2156 1805 2200 et
1825 2147 2036 2201 Patrem
2063 2147 2128 2200 “.
2159 2165 2176 2198 ι

610 2233 966 2288 Adumbravit
993 2249 1122 2304 ergo
1153 2236 1459 2305 mysterium
1497 2237 1684 2290 modus
1715 2239 2042 2294 certaminis.
2084 2237 2184 2293 Ve-

613 2339 732 2377 rum
769 2322 908 2379 Deus
937 2323 1133 2378 factum
1168 2325 1308 2379 istud
1365 2323 1529 2379 Jacob
1562 2324 1702 2379 laudi
1736 2326 1974 2396 apponit.

682 2600 846 2654 Vens.
878 2599 931 2665 4,
961 2599 1012 2655 5.
1053 2598 1348 2666 Fleverunt,
1387 2611 1433 2655 et
1483 2601 1747 2668 deprecati
1795 2611 1914 2656 sunt
1961 2619 2060 2656 nte.
2116 2601 2183 2656 lu

613 2693 766 2748 domo
789 2708 901 2746 mea
928 2693 1228 2747 invenerunt
1266 2708 1370 2756 me,
1407 2703 1453 2746 et
1490 2693 1560 2746 ibi
1587 2695 1784 2746 dictum
1826 2703 1899 2747 est
1940 2695 2010 2746 ad
2041 2710 2178 2748 eum.

617 2785 870 2839 Dominus
893 2799 1010 2838 vero
1030 2784 1168 2839 Deus
1191 2787 1512 2854 omnipotens
1529 2785 1629 2839 erit
1655 2784 1956 2839 memoriale
1976 2784 2110 2854 ejus.

683 2961 1010 3018 CXXXVIII.
1043 2963 1229 3018 Adhuc
1258 2963 1486 3018 aliarum
1533 2964 1876 3018 historiarum
1917 2964 2178 3026 meminit,

615 3054 874 3128 inclytum
923 3063 978 3111 et
1026 3058 1380 3125 undequaque
1436 3055 1756 3110 laudabilem
1810 3055 1965 3110 nobis
2013 3053 2182 3110 Jacob

613 3147 1009 3202 demonstrans.
1045 3145 1224 3213 Quare
1251 3146 1511 3215 scriptum
1541 3155 1621 3200 est
1665 3146 1718 3200 in
1768 3142 1989 3209 Genesi,
2045 3145 2182 3200 [ilius
2210 3182 2254 3238 ο

611 3238 776 3294 Jacob
811 3237 1136 3306 Simeonem,
1164 3246 1218 3291 et
1260 3235 1390 3293 Levi
1423 3235 1734 3292 Sichimitas
1767 3237 2056 3292 crudeliter
2085 3236 2185 3290 im-

616 3329 952 3400 maniterque
982 3329 1298 3394 trucidasse,
1328 3342 1617 3384 succenses
1649 3327 1808 3401 170
1852 3326 1930 3382 ira
1965 3337 2183 3396 propter

613 3418 802 3472 Dinam
833 3431 1098 3483 sororem,
1125 3418 1212 3472 cui
1252 3417 1614 3488 virginitatem
1666 3417 1885 3472 Emmor
1927 3417 2067 3471 Illius
2097 3414 2184 3471 Si-

613 3509 767 3564 chent
793 3507 1085 3562 ademerat.
1117 3505 1267 3562 Unde
1316 3507 1369 3561 in
1397 3522 1648 3578 magnum
1699 3507 1943 3561 timorem
2003 3506 2185 3574 conje-

613 3609 731 3656 ctus
763 3597 951 3655 beatus
979 3599 1164 3665 Jacob,
1200 3615 1426 3668 seseque
1455 3599 1724 3668 extemplo
1759 3614 1878 3654 cum
1918 3598 2103 3654 liberis
2130 3607 2185 3654 et

614 3688 920 3743 domesticis
940 3689 1190 3743 omnibus
1233 3687 1572 3743 interfectum
1608 3689 1672 3745 iri
1709 3689 2047 3754 existimans,
2086 3705 2184 3744 au-

613 3791 791 3835 etores
822 3780 1030 3835 illarum
1057 3781 1280 3835 caedium
1338 3781 1623 3853 increpuit,
1678 3799 1800 3837 cum
1834 3782 1903 3836 ita
1930 3782 2128 3837 diceret
2165 3798 2180 3836 :

619 3891 638 3925 α
676 3873 928 3929 Odiosum
962 3889 1047 3928 me
1073 3872 1297 3939 fecistis,
1331 3874 1403 3929 ita
1438 3885 1496 3929 ut
1529 3875 1701 3929 malus
1732 3889 1830 3945 ego
1858 3875 1960 3928 sim
2005 3873 2184 3928 omni-

613 3968 713 4022 bus
744 3964 1110 4020 habitantibus
1165 3976 1388 4029 terram,
1434 3977 1488 4021 et
1537 3967 1589 4019 in
1645 3965 1985 4032 Chananazis,
2029 3975 2085 4020 et
2127 3965 2183 4021 in

615 4055 938 4113 Pberezwis.
975 4055 1085 4127 Ego
1114 4066 1288 4110 autem
1316 4056 1673 4126 paucissimus
1702 4071 1818 4111 smn
1856 4056 1907 4109 in
1935 4071 2176 4118 numero.

612 4157 667 4201 et
687 4147 992 4217 congregati
1024 4163 1185 4218 super
1229 4163 1313 4201 tne
1347 4149 1646 4216 percutieut
1693 4163 1800 4213 me,
1850 4156 1904 4202 et
1959 4147 2181 4201 delebor

613 4254 731 4306 ego,
762 4251 816 4294 et
849 4241 1036 4294 domus
1065 4254 1177 4294 mea
1209 4239 1307 4294 δ’.»
1349 4239 1654 4309 Atjuvenes
1700 4239 1764 4294 de
1804 4239 2002 4296 ferocia
2052 4238 2184 4294 nihil

617 4331 958 4386 remittebant
1030 4332 1274 4396 omnino,
1337 4339 1796 4400 occurrentesque
1857 4331 2107 4384 dicebant
2166 4343 2180 4382 :

618 4443 634 4474 ι
672 4421 780 4477 Sed
809 4423 949 4478 sicut
978 4434 1158 4478 scorto
1189 4434 1408 4480 utentur
1441 4439 1626 4478 sorore
1653 4430 1838 4476 nostra
1871 4421 1947 4476 ‘7?
1981 4442 2000 4475 ι
2035 4421 2177 4490 Quo-

614 4514 755 4568 niam
788 4528 915 4568 vero
937 4529 1258 4582 magnopere
1289 4512 1576 4579 metuebat,
1623 4511 1764 4568 sicut
1821 4513 1954 4580 dixi,
2005 4512 2184 4582 justus

612 4605 722 4672 ille,
753 4607 929 4662 denuo
960 4607 1186 4661 cadebat
1212 4589 1566 4675 supplex'Deo
1609 4603 1902 4672 Servatori,
1934 4607 2022 4676 qui
2058 4621 2180 4661 eum

613 4697 912 4752 terroribus
942 4697 1079 4751 haud
1111 4697 1278 4751 multo
1318 4706 1436 4766 post
1487 4697 1834 4751 liberaturum
1867 4699 2180 4770 spopondit,

610 4789 683 4843 ita
713 4788 937 4858 loquens
979 4803 1165 4842 amans
1197 4786 1461 4855 justorum
1498 4787 1636 4844 Deus
1687 4807 1700 4844 :
1740 4808 1758 4840 ι
1801 4789 2063 4860 Surgens,
2096 4806 2182 4846 as-

610 4881 782 4936 cende
814 4882 868 4937 in
899 4881 1072 4937 locum
1118 4879 1323 4945 Bethel,
1360 4889 1414 4934 et
1452 4880 1631 4934 habita
1669 4882 1763 4946 ibi,
1791 4893 1846 4936 et
1875 4879 1959 4936 fac
1990 4881 2062 4937 ibi
2099 4882 2181 4936 al-

613 4984 727 5031 tare
751 4976 882 5040 Deo,
914 4975 1002 5044 qui
1037 4974 1282 5042 apparuit
1317 4972 1434 5040 tibi,
1471 4975 1683 5043 quando
1717 4975 1958 5044 fugiebas
1987 4991 2014 5027 a
2045 4974 2183 5029 facie

612 5065 753 5121 Esau
781 5067 967 5121 fratris
991 5064 1067 5118 tui
1101 5063 1169 5117 ⁸⁸.
1211 5082 1230 5115 ι
1286 5063 1476 5118 Postea
1531 5080 1852 5120 ascensurus
1902 5065 1953 5119 in
1995 5064 2183 5120 Bethel
2237 5053 2244 5056 ”

612 5159 800 5214 beatus
832 5159 1019 5222 Iacob,
1051 5165 1105 5210 et
1138 5157 1369 5210 divinam
1407 5155 1621 5210 domum
1665 5157 2004 5227 ingressurus
2038 5157 2181 5230 (red-

612 5250 756 5304 ditur
780 5250 922 5304 enim
949 5247 1132 5303 Bethel
1166 5267 1185 5298 ι
1243 5247 1294 5300 in
1342 5246 1556 5300 domum
1605 5247 1724 5316 Dei,
1766 5250 1832 5320 ι)
1887 5248 1958 5303 ita
2013 5259 2178 5306 letam

613 5345 830 5394 «fontum
862 5353 1036 5404 suam,
1067 5348 1124 5392 et
1153 5353 1343 5393 omnes
1374 5337 1464 5407 qui
1495 5352 1616 5394 cum
1649 5353 1712 5394 eo
1741 5341 2185 5412 erant,|compel-

610 5433 785 5488 lavit:
825 5452 843 5485 ‹
883 5431 1074 5488 Tollite
1120 5434 1249 5489 deos
1290 5433 1495 5488 alienos
1543 5435 1609 5489 de
1637 5435 1811 5491 medio
1843 5445 2101 5500 vestrum,
2132 5444 2186 5490 et

614 5524 968 5591 mundamini,
999 5533 1056 5580 et
1097 5534 1301 5581 mutate
1339 5525 1658 5581 vestimenta
1699 5536 1901 5595 vestra,
1951 5536 2005 5584 et
2063 5521 2188 5584 surl

685 5724 730 5755 "
767 5723 902 5778 Gen.
936 5741 1103 5791 xxvn,
1136 5729 1224 5783 Ill.

641 5793 731 5848 50.
806 5795 847 5825 "
889 5793 1017 5852 Ibid.
1050 5798 1135 5852 5|.
1214 5799 1258 5832 ⁸⁸
1297 5801 1429 5856 Gen.
1467 5814 1629 5865 xxxv,
1663 5801 1710 5854 I.

1591 408 1652 465 S.
1693 407 1968 465 CYRILLI
2007 407 2483 466 ALEXANDRINI
2517 409 2841 468 ARCHIEP.

1302 5729 1345 5762 ”
1380 5729 1513 5786 Gen.
1547 5743 1719 5793 χχχιι,
1747 5730 1834 5785 50.
1913 5733 1957 5765 ³⁵
1995 5732 2096 5788 lsa.
2126 5746 2202 5801 rx,
2233 5729 2286 5796 6,
2316 5729 2532 5786 secund.
2563 5726 2725 5784 LXX.

3766 407 3899 462 ’236

2275 517 2453 554 οιστον
2506 502 2832 570 ὑπενεγκεῖν
2869 502 3246 572 παρεσκεύαζε
3294 502 3475 566 πόνον,
3528 503 3614 556 ἵνα
3654 499 3772 558 καὶ
3827 500 3898 551 ἰν

2277 595 2469 658 αὑταῖς
2507 596 2628 659 ταῖς
2657 595 2869 664 θλίψεσι
2905 596 3003 666 τῆς
3029 598 3115 660 είς,
3136 596 3275 650 Θεὸν
3292 597 3513 665 ἀγάπης
3535 589 3900 665 τετηρηκὼς

2276 685 2339 739 τὸ
2356 685 2595 754 γνήσιον,
2623 685 2848 749 εἰκότως
2872 685 3223 756 θαυμάζοιτο.
3247 685 3476 749 Οὐκοῦν,
3505 705 3523 738 ι
3545 685 3901 752 Ἑνίσχυσεν

2278 777 2335 829 ὲν
2366 777 2548 840 πόνοις
2581 775 2744 829 αὑτοῦ
2786 777 2922 848 πρὸς
2963 775 3054 829 τὸν
3110 777 3262 830 Θεόν.
3291 795 3309 826 ι
3353 774 3490 828 Ἀλλ’
3519 793 3540 826 ‹
3576 774 3900 842 Ἐνίσχυσε

2278 867 2372 920 καὶ
2426 868 2541 936 μετ’
2567 867 2822 936 ἀγγέλου,
2853 868 3008 938 φησι,
3045 869 3138 921 καὶ
3179 867 3502 937 ἠδυνάσθη.»
3541 865 3897 920 Πεπάλαικε

2279 957 2386 1030 γὰρ
2418 959 2648 1028 ἄγγελος
2682 959 2819 1030 πρὸς
2845 961 3029 1018 αὑτὸν,
3055 961 3130 1022 ὼς
3163 961 3220 1012 ὲν
3247 960 3376 1012 εἴδει
3405 959 3560 1012 Θεοῦ.
3599 959 3752 1012 Τότε
3787 953 3899 1008 καὶ

2280 1047 2583 1116 ὲνάρκησεν
2616 1050 2643 1101 6
2686 1047 2859 1118 μηρὸς
2893 1048 3077 1102 αὑτοῦ.
3115 1047 3260 1117 Πλὴν
3288 1047 3317 1099 ὁ
3348 1047 3628 1110 θεσπέσιος
3663 1042 3897 1100 Ἰακὼϐ

2280 1137 2537 1208 πλείστην
2567 1138 2697 1207 ὅσην
2745 1137 3014 1207 ὡμολόγει
3054 1140 3119 1209 τῇ
3157 1137 3303 1208 πάλῃ
3349 1135 3446 1207 τὴν
3498 1137 3676 1207 χάριν.
3713 1135 3895 1200 Ἐφη

2280 1227 2409 1298 γὰρ,
2443 1247 2460 1278 ‹
2481 1228 2601 1282 Ὅτι
2631 1225 2768 1281 εἶδον
2793 1228 2926 1282 Θεὸν
2955 1229 3245 1300 πρόσωπον
3271 1227 3402 1298 πρὸς
3431 1228 3753 1298 πρόσωπον,
3786 1224 3899 1277 καὶ

2279 1319 2456 1389 ὲσῶθη
2493 1337 2592 1388 μου
2619 1321 2656 1390 ἡ
2693 1320 2859 1392 ψυχή.
2884 1340 2902 1371 s

2349 1409 2422 1460 T6
2464 1411 2560 1478 μὲν
2593 1405 2684 1461 οὖν
2727 1409 2817 1461 ἐπὶ
2867 1408 3086 1480 Χριστῷ
3123 1407 3416 1479 μυστήριον
3446 1404 3531 1460 διὰ
3573 1405 3670 1476 τῆς
3723 1400 3892 1472 πρὸς

2280 1502 2369 1556 τὸν
2404 1502 2631 1572 ἄγγελον
2667 1503 3111 1574 προανεδείκνυτο
3146 1502 3343 1570 πάλης.
3375 1499 3602 1571 Ἐμενον
3655 1497 3788 1568 γὰρ
3832 1495 3890 1547 oi

2282 1593 2341 1658 ἐξ
2375 1592 2564 1647 Ἰακὼὸ
2606 1593 3069 1664 ἀνταγωνίζεσθαι
3101 1593 3178 1664 τῷ
3222 1591 3478 1663 Χριστῷ,
3517 1590 3574 1644 δν
3614 1588 3891 1662 μεγάλης

2283 1686 2478 1757 βουλῆς
2502 1686 2768 1756 ’Ἄγγελον
2794 1685 2942 1738 ὁτῶν
2972 1683 3267 1756 προφητῶν
3293 1685 3542 1754 ὠνόμασε
3569 1679 3892 1749 λόγοςλίσᾶ.

2281 1782 2328 1832 οἱ
2359 1780 2455 1849 μὲν
2487 1779 2753 1850 νάρκησιν
2798 1779 2896 1848 τὴν
2929 1777 3054 1848 παρ’
3097 1776 3261 1830 αὑτοῦ
3292 1775 3558 1846 λύτρωσιν
3591 1774 3649 1827 οὑ
3693 1787 3892 1843 προσ-

2283 1874 2547 1943 ηκάμενοι
2567 1889 2581 1903 ο
2619 1874 2666 1925 οἱ
2696 1871 2753 1924 δὲ
2786 1872 2878 1924 καὶ
2907 1871 3205 1941 ὁμολογεῖν,
3233 1870 3314 1922 ὄτι
3344 1868 3626 1922 τεθέανται
3660 1865 3726 1918 δι’
3769 1863 3888 1918 αὐ-

2283 1962 2377 2016 τοῦ
2414 1979 2471 2016 τε
2520 1962 2611 2015 καὶ
2644 1964 2699 2014 ὲν
2729 1960 2878 2032 αὑτῴ
2927 1960 3214 2030 πρόσωπον
3258 1959 3393 2030 πρὸς
3444 1957 3731 2027 πρόσωπον
3781 1954 3890 2006 τὸν

2283 2055 2378 2108 ἕνα
2416 2071 2476 2108 τε
2510 2055 2603 2108 καὶ
2637 2055 2816 2121 φύσει,
2848 2053 2940 2104 καὶ
2975 2051 3187 2122 άληθῶς
3215 2050 3368 2103 Θεόν.
3407 2049 3493 2101 Ἐν
3547 2047 3718 2117 ἑαυτῷ
3758 2046 3889 2116 γάρ

2283 2146 2412 2216 ἡμῖν
2440 2145 2684 2209 ὑπέδειξε
2712 2143 2801 2197 τὸν
2829 2143 3044 2214 Πατέρα
3076 2141 3250 2211 λέγων
3275 2145 3304 2196 6
3342 2139 3689 2211 Ἐμμανουήλ
3711 2154 3723 2165 ·
3766 2157 3791 2188 s
3820 2137 3886 2190 Ὅ

2284 2239 2544 2308 ἑωρακὼς
2586 2237 2706 2308 ἐμὲ,
2743 2233 2955 2306 ἑώρακε
3005 2233 3096 2286 τὸν
3137 2234 3379 2306 Πατέρα.
3410 2255 3428 2284 ι
3469 2229 3696 2292 Οὐκοῦν,
3731 2246 3887 2300 προσ

2283 2330 2550 2385 ανετύπου
2574 2329 2633 2382 τὸ
2661 2329 2956 2400 μυστήριον
2978 2325 3005 2378 6
3031 2326 3130 2394 τῆς
3154 2325 3430 2395 ἀθλήσεως
3469 2325 3684 2396 τρόπος.
3715 2323 3886 2392 Πλὴν

2284 2423 2364 2483 εἰς
2409 2418 2737 2488 κατόρθωμα
2790 2415 2865 2488 τῷ
2904 2413 3098 2468 Ἰακὼϐ
3138 2414 3480 2486 καταγράφει
3507 2414 3634 2477 Θεὸς
3679 2413 3740 2465 τὸ
3773 2428 3886 2479 γε·

2283 2528 2414 2580 γενη
2423 2511 2607 2580 μένον.

2357 2603 2732 2664 Ἐλαῖαυσαη
2762 2598 2857 2651 καὶ
2905 2596 3246 2664 ἐδεήθησάν
3293 2615 3433 2667 μου.
3465 2598 3564 2650 Ἐν
3599 2594 3678 2662 τῷ
3723 2596 3888 2659 οἴκῳ

2279 2709 2398 2762 μου
2428 2691 2691 2758 εὔροσάν
2725 2708 2821 2760 με,
2854 2690 2949 2744 καί
2998 2689 3122 2744 ἐκεῖ
3167 2688 3441 2756 ἐλαλήθη
3475 2687 3621 2756 πρὸς
3652 2689 3881 2742 αὐτόν.

2295 2782 2348 2835 Ὁ
2378 2782 2446 2835 δὲ
2479 2783 2690 2850 Κύριος
2715 2784 2746 2835 ὀ
2782 2782 2925 2849 Θεὸς
2949 2783 2981 2836 ὁ
3012 2779 3429 2850 παντοκράτωρ
3451 2781 3616 2834 ἔσται
3635 2779 3884 2848 μνημό-

2283 2889 2477 2927 συνον
2500 2870 2708 2925 αὑτοῦ.

2354 2965 2528 3018 PAH'.
2565 2962 2800 3033 Ἐτέρων
2830 2961 3198 3034 διαμέμνηται
3232 2961 3392 3015 πάλιν
3425 2961 3696 3032 ἱστοριῶν,
3722 2961 3879 3032 λαμο

2285 3057 2421 3130 πρὸν
2473 3055 2563 3110 καὶ
2597 3055 2882 3126 εὐδόκιμον
2913 3055 3249 3126 πανταχόθεν
3273 3057 3404 3126 ἡμῖν
3433 3054 3747 3123 ἀποφαίνων
3774 3053 3882 3111 τὸν

2297 3149 2511 3206 Ἰακώϐ.
2535 3149 2845 3221 Γέγραπται
2879 3149 3053 3202 τοίνυν
3085 3150 3142 3200 ὲν
3165 3151 3231 3219 τῇ
3260 3148 3501 3213 Γενέσει,
3536 3149 3616 3202 ὃτι
3646 3147 3877 3220 Σικιμί-

2287 3260 2385 3306 τας
2435 3242 2533 3312 μὲν
2578 3240 2744 3311 ὠμῶς
2771 3257 2830 3292 τε
2859 3240 2954 3294 καὶ
2979 3236 3357 3311 ἀπανθρώπως
3399 3239 3759 3294 ἀπεκτόνασιν
3817 3239 3876 3291 οι

2288 3335 2349 3400 ἐξ
2389 3332 2583 3388 Ἰακὼῦ
2635 3335 2766 3386 Λευῖ
2792 3351 2850 3386 τε
2880 3333 2975 3386 καὶ
3007 3331 3254 3402 Συμεὼν,
3299 3331 3686 3402 ἀνακαιόμενοι
3732 3330 3877 3399 πρὸς

2289 3423 2458 3496 ὀργὰς
2488 3423 2579 3476 ἐπὶ
2605 3423 2734 3494 Δίνα
2759 3425 2825 3494 τῇ
2858 3421 3082 3492 ἀδελφῇ,
3114 3421 3179 3492 ἦν
3206 3420 3654 3492 διεπαρθένευσεν
3680 3419 3878 3490 Ἐμὼρ

2288 3519 2317 3570 6
2355 3515 2535 3586 Συχὲμ
2560 3515 2689 3578 υἱός.
2726 3509 2859 3567 Εἶτα
2888 3514 3140 3585 περιδεὴς
3169 3513 3416 3566 ἐντεῦθεν
3445 3515 3474 3566 6
3506 3513 3772 3582 μακάριος
3802 3506 3877 3584 ἦν

2303 3604 2494 3658 Ἰακώϐ
2517 3621 2528 3633 °
2562 3605 2655 3657 καὶ
2685 3603 2882 3657 αὐτίκα
2920 3603 2984 3675 δὴ
3029 3604 3172 3674 μάλα
3214 3603 3604 3657 συνδιολεῖσθαι
3646 3607 3755 3666 τοῖς
3783 3603 3877 3654 τὲ-

2290 3714 2439 3760 κνοις
2498 3697 2591 3751 καὶ
2615 3699 2726 3759 τοῖς
2754 3697 2877 3748 κατ’
2904 3691 3048 3749 οἶκον
3083 3696 3255 3750 ἅπασι
3279 3695 3611 3766 προσδοκῶν,
3636 3695 3876 3765 ἐπετίμα

2288 3792 2400 3851 τοῖς
2424 3791 2623 3842 ἐκεῖνα
2649 3788 2984 3858 δεδρακόσιν,
3012 3787 3153 3841 οὑτω
3186 3804 3244 3840 τε
3280 3786 3382 3858 ἔφη
3411 3801 3425 3816 ο
3467 3805 3484 3837 ι
3517 3786 3760 3856 Μισητόν
3803 3801 3874 3856 με

2290 3883 2648 3953 πεποιήκατε,
2676 3880 2815 3934 ὥστε
2849 3882 3082 3952 πονηρόν
3132 3899 3196 3951 με
3237 3878 3374 3934 εἶναι
3421 3883 3531 3944 τοῖς
3560 3879 3878 3934 κατοικοῦσι

2288 3973 2386 4043 τὴν
2413 3973 2534 4042 γῆν,
2565 3971 2622 4023 ἓν
2655 3988 2713 4023 τε
2754 3973 2864 4036 τοῖς
2900 3972 3242 4037 Χαναναίοις,
3272 3972 3366 4026 καὶ
3397 3974 3506 4034 τοῖς
3537 3971 3870 4042 Φερεζαίοις.

2303 4061 2442 4130 Ἐγω
2471 4063 2525 4115 δὲ
2555 4061 2831 4130 όλιγοστός
2868 4063 2984 4133 εἰμι
3028 4062 3085 4115 ὲν
3133 4063 3368 4135 ἀριθμῷ,
3399 4063 3489 4116 καὶ
3515 4061 3876 4133 συναχθέντες

2290 4154 2378 4206 ἐπ’
2409 4153 2529 4223 ἐμὲ,
2566 4153 2895 4222 συγκὸψουσί
2938 4171 3026 4223 με,
3058 4156 3149 4207 καὶ
3179 4155 3572 4226 ὲκτριϐήσομαι
3613 4153 3744 4223 ἐγὼ,
3780 4151 3870 4206 καὶ

2290 4245 2318 4296 6
2345 4240 2490 4310 οἶκός
2520 4263 2640 4316 μου.
2676 4264 2694 4296 ›
2723 4246 2834 4302 Καὶ
2858 4245 3159 4316 κατέληγον
3191 4246 3287 4316 μὲν
3314 4246 3563 4316 οὐδαμῶς
3601 4245 3694 4298 τοῦ
3739 4245 3870 4316 θρά-

2293 4351 2418 4396 σους
2445 4337 2493 4387 οἱ
2520 4334 2750 4388 νεανίαι.
2782 4335 3188 4404 Προσυπήντων
3220 4335 3326 4406 γὰρ
3352 4334 3600 4402 λέγοντες
3619 4353 3632 4364 ·
3672 4354 3689 4386 ι
3717 4334 3869 4387 Ἀλλ’

2290 4427 2422 4480 ὡσεὶ
2460 4427 2641 4502 πόρνη
2672 4427 2967 4497 χρήσονται
3003 4428 3068 4496 τῇ
3112 4425 3311 4496 ἀδελφῇ
3360 4425 3552 4496 multa;
3583 4443 3600 4475 ι
3651 4423 3867 4494 Ἐπειδὴ

2216 4545 2264 4604 D
2289 4519 2368 4582 δὲ,
2399 4519 2473 4584 ὡς
2500 4519 2657 4588 ἔφην,
2688 4518 2943 4590 περιδεὴς
2962 4513 3028 4588 ἦν
3055 4517 3193 4604 ἄγαν
3221 4519 3249 4570 6
3276 4517 3866 4588 6ixa:o¢,_rtpooémms

2287 4603 2446 4662 πάλιν
2480 4606 2886 4678 τῴδιασὼζοντι
2915 4606 3054 4678 Θεῷ.
3102 4602 3237 4662 Εἶτα
3271 4604 3380 4658 τῶν
3406 4605 3678 4678 δειμάτων
3707 4605 3864 4657 αὑτὸν

2286 4702 2648 4756 ἀπαλλάττειν
2693 4703 3022 4771 ὑπισχνεῖτο,
3053 4702 3146 4754 κα⁸ι⁹
3192 4699 3290 4752 οὑκ
3333 4701 3412 4762 είς
3459 4701 3677 4769 μακρὰν
3725 4697 3864 4750 οὕτω

2285 4796 2460 4863 λέγων
2489 4795 2515 4846 ὁ
2541 4794 2869 4863 φιλοδίκαιος
2892 4793 3044 4856 Θεός·
3078 4811 3097 4844 ‹
3125 4791 3388 4853 Ἀναστάς
3414 4789 3646 4860 ἀνάϐηθι
3675 4793 3755 4855 εἰς
3778 4791 3862 4843 τὸν

2286 4889 2448 4942 τόπον
2493 4886 2715 4958 Βαιοὴλ,
2752 4885 2846 4938 καὶ
2880 4885 3018 4938 οἴκει
3055 4885 3192 4948 ἐκεῖ,
3220 4885 3314 4938 καὶ
3346 4884 3568 4954 ποίησον
3611 4884 3730 4936 ἐκεῖ
3776 4883 3862 4935 θυ-

2289 4981 2603 5051 σιαστήριον
2633 4979 2707 5048 τῷ
2731 4976 2868 5048 Θεῷ,
2911 4976 2989 5047 τῷ
3031 4975 3250 5045 ὀφθέντι
3280 4993 3368 5035 σοι¹
3391 4975 3449 5028 ὲν
3487 4973 3562 5044 τῷ
3594 4991 3652 5026 σε
3681 4973 3862 5027 ἀποδι-

2285 5073 2542 5142 δράσκειν
2591 5072 2697 5124 ἀπὸ
2746 5069 3039 5141 προσώπου
3076 5068 3246 5121 Ἦσαῦ
3280 5067 3375 5120 τοῦ
3419 5065 3650 5136 ἀδελφοῦ
3691 5083 3804 5119 σου.
3839 5083 3855 5114 ι

2288 5159 2440 5228 Εἶτα,
2477 5163 2683 5232 μέλλων
2727 5160 3037 5214 ἀναϐαίνειν
3083 5160 3163 5222 είς
3189 5156 3390 5228 Βαιθὴλ
3419 5158 3446 5210 6
3478 5156 3743 5225 μακάριος
3764 5155 3861 5210 Ἰα-

2287 5255 2422 5318 κὼϐ,
2457 5255 2550 5309 καὶ
2581 5256 2660 5317 είς
2687 5253 2777 5306 τὸν
2806 5253 2946 5305 θεῖον
2979 5245 3126 5304 οἷκον
3161 5247 3332 5303 ἐλθεῖν
3358 5247 3739 5319 (ἑρμηνεύεται
3761 5247 3860 5320 γάρ

2284 5350 2318 5419 ἡ
2346 5346 2565 5416 Βαιοὴλ,
2609 5365 2625 5396 ι
2655 5346 2733 5408 εἰς
2760 5339 2906 5397 οἶκον
2941 5340 3074 5395 Θεοῦ
3104 5361 3121 5391 ι
3151 5340 3168 5410 )
3194 5379 3208 5404 ,
3233 5336 3570 5410 προσεφώνει
3605 5337 3765 5390 παντὶ
3790 5334 3860 5404 τῷ

2285 5440 2419 5510 οἴκῳ
2448 5435 2635 5500 αὑτοῦ,
2661 5438 2752 5490 καὶ
2776 5438 2907 5490 πᾶσι
2937 5437 3048 5498 τοῖς
3081 5434 3198 5504 μετ’
3229 5431 3394 5487 αὑτοῦ
3423 5448 3436 5460 °
3473 5432 3707 5500 «Ἄρατε
3741 5427 3858 5488 τοὺς

2287 5531 2442 5594 θεοὺς
2484 5531 2610 5594 τοὺς
2652 5527 2966 5600 ἀλλοτρίους
3002 5526 3069 5578 ὲκ
3097 5524 3262 5596 μέσου
3301 5521 3476 5593 ὑμῶν,
3511 5521 3607 5575 καὶ
3637 5516 3857 5592 καθαρίσ

2831 5728 2877 5761 ”
2915 5724 3073 5783 Joan.
3103 5739 3216 5791 xlv,
3269 5722 3322 5779 9.
3423 5723 3468 5756 “
3507 5722 3641 5779 Gen.
3679 5737 3855 5791 nm,
