4068 6582
210 443 330 501 285

1185 434 1838 507 COMMENTARIUS.”
1880 447 2112 504 ossam
2151 442 2596 506 PROPHETAM.

3399 457 3505 514 986

216 556 426 620 σασθε,
462 557 552 610 καὶ
577 556 840 622 ansam
868 556 964 621 τὰς
1001 559 1193 624 στολὰς
1222 560 1396 630 ὑμῶν,
1430 560 1525 615 καὶ
1560 560 1811 613 ἀναστάν-

1930 570 2114 629 gentes
2150 562 2507 617 ascendamus
2532 561 2585 615 in
2620 560 2825 627 Bethel,
2854 574 2907 619 ct
2942 566 3199 621 faciamus
3236 566 3307 622 ibi
3337 567 3507 624 altare

213 663 311 710 τες
359 649 660 720 ἀναδῶμεν
710 652 790 713 είς
841 648 1062 720 Βαιθὴλ,
1105 655 1198 705 καὶ
1232 655 1547 724 ποιήσωμεν
1577 653 1691 704 ἐκεῖ
1739 649 1826 703 θυ-

218 741 558 813 σιαστήριον
592 741 671 813 τῷ
697 742 834 813 Θεῷ,
866 742 942 813 τῷ
985 744 1350 797 ἐπακούσαντί
1382 762 1484 814 μου
1533 746 1590 796 ἐν
1641 744 1825 815 ἡμέρᾳ

214 830 495 900 θλίψεως,
522 834 579 897 ὃς
612 828 681 904 ἦν
710 836 828 904 μετ’
854 836 1010 904 ἐμοῦ,
1044 836 1137 889 καὶ
1165 837 1386 889 διέσωσὲ
1430 854 1495 907 με
1524 838 1581 888 ἐν
1611 838 1675 907 τῇ
1701 834 1822 905 ὀδῷ,

214 918 250 995 ᾗ
280 925 622 995 ἐπορεύθην.
651 926 763 982 Kal
800 926 1006 980 ἔδωκαν
1041 928 1117 998 τῷ
1142 928 1336 981 Ἰακὼϐ
1364 930 1487 991 τοὺς
1516 927 1671 990 θεοὺς
1700 928 1824 990 τοὺς

215 1014 573 1086 ἀλλοτρίους,
600 1016 648 1068 οἳ
698 1012 838 1087 ἦσαν
883 1019 940 1069 ἐν
973 1020 1090 1080 ταῖς
1138 1019 1325 1088 χερσὶν
1371 1016 1570 1081 αὑτῶν,
1617 1015 1713 1069 καὶ
1756 1013 1825 1067 τὰ

218 1106 431 1160 ἐνώτια
477 1107 543 1161 τὰ
581 1110 639 1161 ἐν
680 1112 791 1172 τοῖς
817 1110 949 1163 ὠσὶν
976 1109 1174 1176 αὑτῶν,
1219 1112 1312 1164 καὶ
1345 1109 1654 1180 κατέκρυψε
1685 1106 1824 1160 αὑτὰ

230 1199 446 1253 Ἰακὼϐ
496 1200 601 1253 ὑπὸ
646 1201 746 1272 τὴν
791 1200 1102 1271 τερέϐινθον
1145 1199 1243 1271 τὴν
1293 1203 1349 1254 ἐν
1395 1200 1682 1270 Σικίμοις,
1729 1201 1826 1251 xal

218 1290 518 1345 ἀπώλεσεν
568 1292 705 1346 αὐτὰ
762 1294 864 1356 ἕως
911 1293 1012 1363 τῆς
1061 1294 1297 1364 σήμερον
1328 1292 1561 1363 ἡμέρας.
1600 1311 1617 1339 ι
1652 1285 1726 1344 Οὗ
1759 1289 1820 1361 δὴ

217 1382 553 1449 γεγονότος,
608 1384 664 1435 ἐν
692 1382 844 1454 καλῷ
876 1385 975 1456 τῆς
1004 1384 1215 1448 ἐλπίδος
1245 1380 1313 1455 ἦν
1342 1385 1370 1436 6
1406 1383 1693 1446 θεσπέσιος
1723 1383 1824 1435 ἰα-

220 1472 365 1527 κὼϐ.
386 1474 789 1543 Ἀπηλλάττετο
814 1476 921 1547 γὰρ
953 1477 1186 1530 εἰσάπαν
1223 1476 1323 1545 τῆς
1368 1474 1664 1545 Σικιμιτῶν
1694 1474 1825 1527 ὑπο-

217 1564 379 1634 ψίας,
422 1565 558 1618 Θεοῦ
589 1567 1013 1631 κατευνάζοντος
1045 1568 1151 1639 [δίᾳ
1183 1567 1409 1637 δυνάμει
1444 1568 1571 1629 τοὺς
1603 1565 1701 1637 τὴν
1735 1565 1821 1619 ἐπ’

222 1656 379 1725 αὑτῷ
416 1658 598 1727 μάχην
621 1658 1082 1729 ὼδίνοντας.’⁹Εφη
1108 1659 1217 1730 γὰρ
1242 1658 1304 1712 τὸ
1334 1660 1571 1731 Γράμμα
1593 1658 1654 1710 τὸ
1678 1656 1822 1728 ἱερὸν

220 1747 434 1821 ἐφεξῆς
462 1765 475 1779 ’
513 1768 530 1798 ι
562 1751 671 1803 Kal
696 1750 913 1818 ἐγένετο
940 1751 1102 1820 φόϐος
1140 1751 1346 1821 Κυρίου
1376 1751 1466 1804 ἐπὶ
1503 1750 1601 1813 τὰς
1640 1748 1823 1811 πόλεις

217 1837 323 1900 τὰς
378 1838 572 1910 κύκλῳ
626 1840 827 1903 αὑτῶν,
866 1840 960 1894 καὶ
1006 1841 1067 1892 οὑ
1114 1840 1447 1904 κατεδίωξαν
1493 1840 1668 1894 ὀπίσω
1714 1838 1821 1891 τῶν

1930 653 2063 715 Deo,
2086 653 2176 722 qui
2219 652 2493 706 exaudivit
2522 667 2604 707 me
2632 653 2683 705 iu
2713 653 2798 706 die
2844 656 3226 722 tribulationis,
3260 660 3350 727 qui
3406 659 3506 713 fuit

1929 758 2158 809 mecum,
2194 752 2244 797 et
2274 741 2497 796 salvavit
2546 758 2633 796 me
2686 743 2738 797 in
2791 746 2875 797 via
2928 762 3029 814 qua
3092 751 3378 805 ambulavi.
3442 751 3507 806 Et

1927 834 2185 889 dederunt
2222 834 2388 890 Jacol)
2416 836 2544 889 deos
2586 836 2808 902 alienos,
2846 840 3112 904 quierant
3146 843 3198 894 in
3257 844 3505 897 manibus

1925 941 2134 989 eorum,
2160 935 2214 981 et
2240 928 2477 989 inaures,
2507 941 2625 996 quas
2669 926 2721 979 in
2760 929 2984 983 auribus
3026 943 3236 994 eorum,
3281 942 3333 987 et
3380 936 3505 987 abs-

1927 1017 2108 1071 condit
2136 1031 2196 1070 ea
2249 1016 2416 1073 Jacob
2450 1018 2551 1072 sub
2599 1018 2904 1073 terebintho
2960 1035 3079 1088 quae
3111 1031 3194 1074 est
3228 1023 3278 1075 in
3323 1024 3502 1078 Sichi-

1927 1110 2051 1175 mis,
2079 1118 2130 1164 et
2166 1111 2397 1179 perdidit
2428 1125 2489 1164 ea
2527 1124 2695 1179 usque
2720 1110 2772 1164 in
2808 1110 3127 1165 hodiernum
3169 1113 3309 1167 diem
3358 1114 3424 1166 ".
3477 1133 3497 1166 ι

1926 1201 2042 1268 Quo
2076 1213 2295 1270 peracto
2325 1202 2460 1256 bona
2495 1216 2590 1270 spe
2619 1199 2861 1256 alebatur
2895 1212 3112 1257 sanctus
3147 1203 3333 1258 Jacob.
3367 1204 3499 1257 Nam

1927 1293 2326 1349 Sichimitarum
2359 1294 2647 1348 formidine
2686 1294 2899 1363 penitus
2943 1294 3340 1356 exsolvebatur,
3393 1295 3501 1351 Deo

1927 1385 2123 1439 virtute
2157 1400 2249 1439 sua
2289 1384 2481 1438 bellum
2521 1385 2777 1438 adversus
2808 1400 2928 1438 eum
2962 1386 3321 1453 parturientes
3351 1400 3502 1441 com-

1926 1474 2205 1542 primente.
2236 1472 2313 1526 Ita
2346 1475 2486 1527 enim
2523 1474 2575 1526 in
2603 1488 2755 1528 sacra
2790 1472 3067 1541 Scriptura
3114 1475 3367 1545 deinceps
3415 1490 3501 1530 se-

1924 1564 2108 1633 quitur
2140 1582 2151 1617 :
2196 1582 2214 1614 ι
2252 1563 2316 1617 Ει
2346 1562 2518 1617 factus
2544 1574 2626 1617 est
2656 1563 2813 1615 timor
2836 1563 2927 1617 Dei
2953 1578 3116 1632 super
3158 1565 3404 1619 civitates
3444 1566 3497 1620 in

1924 1654 2149 1708 circuitu
2172 1669 2379 1717 eorum,
2409 1664 2463 1708 et
2515 1669 2619 1708 non
2675 1655 2942 1724 persecuti
3008 1667 3134 1708 sunt
3187 1666 3307 1722 post
3361 1657 3500 1714 ﬁlios

1926 1748 2086 1801 Israel
2114 1748 2181 1800 ⁸ο.
2223 1766 2240 1798 ›
2269 1746 2561 1817 Postquam
2601 1758 2778 1801 autem
2822 1747 3144 1802 aediﬁcatum
3192 1757 3275 1803 est
3330 1749 3499 1805 altare

1926 1839 1977 1891 in
2004 1838 2169 1904 ana,
2202 1854 2318 1907 qure
2347 1846 2429 1893 est
2452 1839 2660 1905 Bethel,
2712 1859 2731 1891 ι
2784 1840 3063 1908 Apparuit,
3105 1841 3298 1909 inquit,
3358 1842 3499 1898 Dens

220 1928 359 1982 υίῶν
402 1930 642 2001 Ἰσραήλ.
675 1950 692 1982 ι
716 1931 930 2004 Ἐπειδὴ
962 1932 1019 1985 δὲ
1054 1933 1321 2003 ἐγήγερτο
1348 1932 1732 2001 θυσιαστήριον
1764 1930 1811 1980 ἐκ.

1922 1928 2110 1995 Jacob,
2140 1941 2194 1985 et
2231 1931 2504 1984 benedixit
2534 1929 2607 1995 ei,
2642 1930 2887 1998 dixitque
2931 1946 2946 1984 :
2994 1929 3106 2000 Ego
3159 1930 3297 1985 Deus
3354 1939 3495 1995 tuus,

220 2019 435 2083 Λουζὰ,
463 2023 489 2074 ὃ
509 2023 625 2076 ἐστι
649 2021 871 2095 Βαιθὴλ,
908 2023 1137 2095 «Ὠφθη,
1162 2025 1315 2094 φησὶ,
1340 2024 1473 2087 Θεὸς
1490 2021 1569 2094 τῷ
1590 2021 1809 2090 Ἰακὼϐ,

221 2112 319 2163 καὶ
343 2112 653 2181 ηὑλόγησεν
686 2116 866 2179 αὑτὸν,
910 2118 1005 2169 xal
1042 2111 1215 2169 εἶπενο
1270 2114 1413 2182 Ἐγὼ
1447 2117 1475 2167 ὁ
1510 2115 1642 2178 Θεός
1693 2132 1808 2179 σου,

220 2200 488 2269 αὑξάνου,
525 2207 618 2261 καὶ
645 2207 944 2278 πληθύνουο
987 2208 1114 2279 ἔθνη
1181 2207 1275 2261 καὶ
1307 2207 1621 2275 συναγωγαὶ
1645 2206 1813 2259 ἐθνῶν

221 2292 449 2349 ἔσονται
484 2298 549 2352 ἐκ
588 2298 703 2360 σοῦ,
735 2300 830 2353 καὶ
873 2299 1112 2369 βασιλεῖς
1144 2301 1208 2353 ἐκ
1238 2300 1337 2371 τῆς
1371 2299 1569 2368 ὀσφύος
1602 2316 1694 2353 σου
1726 2300 1813 2366 ἐξ·

220 2378 568 2451 ελεύσονται,
610 2386 705 2439 καὶ
750 2385 849 2458 τὴν
896 2386 1025 2455 γῆν,
1078 2387 1144 2458 ἣν
1198 2388 1374 2442 ἔδωκα
1418 2389 1669 2459 Ἀϐραὰμ
1720 2389 1812 2441 καὶ

234 2468 450 2533 Ἰσαὰκ,
492 2472 573 2524 σοὶ
610 2472 821 2527 δέδωκα
852 2476 1076 2546 αὑτήν·
1112 2477 1205 2530 καὶ
1260 2476 1334 2547 τῷ
1384 2477 1661 2548 σπέρματί
1719 2494 1810 2530 σου

224 2559 367 2628 μετὰ
410 2561 472 2614 σὲ
528 2561 683 2617 δώσω
714 2565 811 2633 τὴν
840 2566 941 2635 γῆν
970 2566 1195 2639 ταύτην.
1230 2587 1249 2619 ι
1282 2569 1502 2623 Τούτων
1534 2571 1667 2642 ἡμῖν
1695 2569 1813 2623 δια-

224 2649 505 2721 μεμνηται
537 2653 646 2707 τῶν
679 2656 931 2727 ἱστοριῶν
974 2659 1053 2721 είς
1102 2658 1163 2712 τὸ
1214 2659 1388 2730 παρὸν
1429 2660 1815 2732 χρησμῴδημα

221 2742 295 2793 τὸ
316 2745 680 2815 προφητικόν.
701 2747 910 2801 Οὑκοῦν
936 2744 1003 2820 ἦν
1038 2749 1135 2819 μὲν
1158 2751 1222 2803 ἐκ
1248 2751 1460 2821 μήτρας
1487 2752 1814 2823 πτερνιστὴς

232 2830 455 2899 Ἰακὼϐ,
484 2837 642 2905 ὑμεῖς
669 2838 726 2891 δὲ
760 2840 848 2893 ἀεὶ
882 2841 1250 2913 πτερνίζεσθε,
1280 2843 1373 2895 καὶ
1403 2843 1463 2895 οὑ
1497 2843 1813 2914 πτερνίζετε

224 2924 431 2993 μᾶλλον
466 2928 560 2999 τὴν
587 2929 883 3002 ἁμαρτίαν.
917 2933 1028 2987 Kal
1060 2932 1491 3003 φιλοπονώτατος
1531 2935 1631 3005 μὲν
1672 2937 1815 2989 ἐκεῖ·

220 3031 330 3081 νος,
370 3019 467 3071 καὶ
484 3019 541 3073 ἐν
570 3021 756 3093 ἱδρῶσι
790 3024 1094 3094 εὐδόκιμος.
1125 3026 1221 3079 καὶ
1260 3028 1480 3096 γνήσιος
1504 3026 1641 3098 πρὸς
1657 3028 1810 3081 Θεόν·

222 3105 381 3175 ὑμεῖς
430 3110 486 3164 δὲ
531 3113 845 3185 τρυφῶντες
898 3120 1021 3181 ταῖς
1057 3118 1439 3185 ἀποστασίαις,
1469 3119 1561 3174 τὸν
1593 3120 1813 3191 ἁπάσης

221 3202 350 3272 ὑμῖν
382 3201 646 3273 εὐθυμίας
682 3205 744 3258 οὑ
787 3209 1121 3277 τετιμήκατε
1165 3210 1420 3280 χορηγόν.
1468 3210 1813 3264 «Ἕκλαυσαν

1915 2037 2104 2076 cresce
2164 2032 2219 2077 et
2257 2022 2615 2092 multiplicare
2650 2032 2879 2091 :genles
2939 2032 2995 2077 et
3054 2023 3498 2093 congregationes

1915 2114 2153 2185 gentium
2188 2123 2345 2169 erunt
2373 2130 2437 2168 ex
2478 2124 2549 2181 te,
2585 2125 2639 2168 et
2682 2130 2833 2185 reges
2879 2115 2945 2169 de
2986 2114 3168 2171 lumbo
3197 2125 3288 2170 tuo
3336 2131 3494 2186 egre-

1916 2209 2151 2270 dientur,
2181 2214 2236 2261 et
2261 2218 2455 2263 terram
2496 2223 2657 2278 quam
2706 2208 2827 2261 dedi
2888 2207 3161 2262 Abraham
3220 2218 3275 2262 et
3317 2207 3494 2276 Isaac,

1918 2299 2011 2353 tibi
2042 2299 2161 2353 dedi
2188 2314 2332 2363 eam,
2364 2309 2416 2354 et
2452 2299 2645 2353 semini
2692 2308 2781 2353 tuo
2826 2308 2945 2368 post
2996 2309 3047 2354 te
3103 2299 3243 2353 dabo
3293 2307 3492 2354 terram

1917 2391 2054 2445 hanc
2080 2391 2145 2444 ".
2182 2410 2201 2443 ι
2240 2390 2441 2445 Harum
2473 2392 2819 2445 historiarum
2868 2405 2967 2445 nos
2995 2389 3409 2445 commonefacit
3438 2391 3492 2445 in

1914 2482 2163 2550 praesenti
2199 2480 2566 2549 propheticum
2593 2479 2892 2537 oraculum.
2918 2477 3049 2531 Erat
3084 2477 3246 2546 igitur
3266 2493 3332 2532 ex
3371 2486 3491 2532 ute-

1916 2587 1979 2627 ro
2009 2570 2383 2641 supplautator
2410 2568 2593 2631 Iacob,
2623 2585 2719 2625 vos
2762 2578 2943 2625 autem
2990 2583 3204 2637 semper
3238 2567 3495 2637 supplan-

1918 2664 2125 2728 tamini,
2152 2673 2205 2717 et
2233 2679 2336 2719 non
2366 2663 2722 2732 supplantatis
2767 2662 2944 2732 potius
2978 2662 3130 2731 171
3188 2671 3490 2730 peccatum.

1916 2756 1982 2810 Et
2009 2755 2094 2809 ille
2119 2756 2335 2825 quidem
2366 2754 2605 2810 laborum
2636 2763 2756 2809 erat
2784 2752 3209 2815 amantissimus,
3243 2760 3305 2805 et
3328 2750 3495 2806 sudo-

1916 2846 2064 2901 ribus
2097 2854 2392 2916 spectatus,
2423 2853 2478 2899 et
2506 2844 2749 2899 sincerus
2776 2856 2902 2911 erga
2935 2840 3137 2905 Deum;
3171 2853 3268 2894 vos
3312 2849 3490 2894 autem

1917 2936 2310 2991 defectionibus
2342 2934 2611 3001 ludentes,
2655 2934 2830 2989 omnis
2866 2932 3065 2987 laetitia:
3094 2939 3288 2985 vestra:
3334 2929 3495 2997 largi-

1918 3041 2088 3085 torem
2124 3044 2231 3085 non
2261 3029 2591 3085 honoraStis.
2627 3046 2645 3080 ι
2686 3026 2977 3082 Flcverunt
3007 3032 3188 3094 patres
3211 3022 3399 3084 vestri,
3439 3028 3495 3077 et

1915 3122 2272 3178 obsecrarnnt
2307 3136 2413 3182 me,
2456 3138 2474 3171 ι
2516 3118 2707 3188 inquit.
2738 3116 2871 3172 Nam
2909 3117 2956 3170 si
2979 3116 3194 3184 quando
3227 3126 3323 3183 per
3354 3112 3491 3167 insi-

1918 3217 2036 3270 dias
2060 3214 2333 3285 quidpiam
2365 3213 2433 3266 ab
2471 3210 2592 3266 aliis
2631 3225 2691 3265 se
2743 3223 3000 3278 passuros
3054 3206 3488 3276 suSpicabantur,

220 3293 270 3346 οἱ
304 3293 544 3364 πατέρες
591 3295 766 3365 ὑμῶν,
805 3298 896 3349 καὶ
948 3297 1247 3369 ἐδεήθησάν
1300 3317 1424 3369 μου,
1457 3318 1476 3351 ι
1526 3297 1713 3369 φησίν.
1750 3296 1811 3351 El

1923 3307 2119 3363 ﬂebant
2143 3314 2195 3361 et
2220 3303 2594 3373 supplicabant
2616 3301 2743 3356 mihi
2777 3314 2914 3370 :per
2940 3313 3025 3353 me
3062 3298 3206 3352 enim
3256 3304 3493 3351 tantum-

222 3389 332 3460 γάρ
373 3406 481 3442 που
507 3390 797 3458 γεγόνασιν
829 3393 888 3445 ἐν
923 3393 1183 3462 ὑποψίαις
1210 3394 1304 3448 τοῦ
1341 3394 1535 3448 παθεῖν
1563 3392 1634 3446 τὰ
1666 3394 1817 3465 παρὰ

224 3484 322 3551 τῆς
370 3498 534 3535 τινων
585 3482 899 3557 ἐπιϐουλῆς,
930 3483 1146 3538 ἔκλαιον
1197 3487 1292 3539 καὶ
1344 3484 1554 3540 ἐδέοντό
1584 3502 1706 3554 μου.
1734 3482 1815 3539 Δι’

224 3571 359 3643 ἐμοῦ
393 3572 505 3644 γὰρ
538 3576 633 3627 καὶ
663 3574 827 3645 μόνου
857 3575 1123 3640 σώζεσθαι
1159 3578 1504 3646 προσεδόκων
1523 3592 1537 3605 ⁸
1580 3577 1736 3647 ὑμεῖς
1758 3577 1814 3630 δὲ

228 3664 412 3728 πόλεις
457 3665 743 3734 τειχίζετε,
776 3666 955 3720 οἴεσθέ
999 3685 1079 3733 τε,
1110 3669 1193 3722 ὅτι
1238 3669 1340 3723 κᾶν
1373 3672 1421 3723 εί
1468 3669 1543 3742 μὴ
1578 3668 1809 3741 θέλοιμι,

229 3754 367 3824 1ιάχα
411 3771 512 3808 που
552 3755 885 3826 σωθήσεσθε,
919 3758 1014 3810 καὶ
1062 3760 1365 3829 κρατήσετε
1412 3761 1520 3812 τῶν
1549 3760 1813 3831 ἀνθεστη-

226 3841 419 3896 κότων.
452 3844 707 3897 Κάκεῖνοι
763 3843 819 3896 δὲ
880 3865 898 3895 ι
925 3845 1013 3898 Ἐν
1066 3846 1145 3916 τῷ
1188 3847 1324 3918 οἴκῳ
1363 3847 1598 3919 εὖροσάν
1655 3852 1741 3920 με.
1785 3867 1805 3903 ι

239 3935 428 4007 Ἀνέϐη
471 3936 601 4007 γὰρ,
631 3938 707 4001 ὼς
737 3938 894 4009 ἔφην,
925 3941 981 3991 ἐν
1020 3941 1224 4012 Βαιθὴλ
1254 3944 1283 3995 6
1313 3941 1529 4005 Ἰακὼϐ,
1561 3945 1806 4015 ἐπεφάνη

226 4043 284 4078 τε
328 4026 465 4089 Θεὸς
514 4027 685 4099 αὑτῷ,
714 4032 806 4083 καὶ
854 4032 969 4083 ἐκεῖ
1003 4032 1237 4103 ἐλαλήθη
1285 4034 1422 4106 πρὸς
1460 4035 1619 4088 αὑτὸν
1647 4037 1678 4107 ἡ
1708 4037 1808 4105 τῆς

226 4119 474 4187 εὐλογίας
498 4120 808 4189 ὑπόσχεσις,
833 4122 1085 4194 καθάπερ
1103 4122 1388 4194 ἐδείξαμεν
1404 4127 1629 4197 ἀρτίως,
1653 4130 1807 4199 ὑμεῖς

227 4210 281 4264 δὲ
308 4212 471 4265 πάλιν
498 4213 555 4264 οὑ
585 4213 799 4282 ζητεῖτε
825 4214 957 4268 Θεὸν
999 4218 1058 4269 ἐν
1097 4216 1176 4287 τῷ
1216 4217 1350 4288 οἴκῳ
1377 4218 1566 4282 αὑτοῦ,
1597 4221 1807 4291 εἰστρέ-

228 4320 344 4374 χετε
374 4304 430 4357 δὲ
462 4304 682 4374 μᾶλλον,
703 4307 796 4359 καὶ
824 4308 1027 4378 σφόδρα
1061 4309 1380 4381 προθύμως,
1406 4313 1465 4365 ἐν
1497 4316 1610 4377 τοῖς
1637 4316 1804 4385 τεμέ-

228 4410 335 4447 νεσι
377 4393 472 4446 τοῦ
518 4395 682 4459 Βάαλ,
714 4396 811 4459 καὶ
846 4397 1110 4463 ἐξαιτεῖτε
1149 4399 1341 4469 λόγους
1365 4402 1427 4455 οὑ
1462 4404 1613 4474 παρὰ
1644 4404 1800 4470 Θεοῦ,

228 4482 357 4537 ἀλλὰ
408 4485 479 4537 τὰ
524 4487 588 4538 ἐκ
630 4486 739 4539 τῶν
784 4487 1056 4556 δαιμόνων
1088 4490 1461 4561 μαντεύματα.
1508 4493 1620 4546 Καὶ
1647 4495 1675 4546 6
1704 4495 1802 4565 μὲν

1922 3398 2080 3456 modo
2111 3399 2338 3453 salutem
2376 3395 2787 3465 exapectabant;
2826 3402 2877 3445 at
2913 3407 3011 3444 vos
3046 3390 3207 3444 urbes
3249 3402 3493 3442 commu-

1922 3491 2070 3557 nitis,
2106 3490 2417 3560 putatisque
2444 3488 2605 3543 etiam
2629 3485 2844 3539 nolente
2859 3497 2943 3536 me
2969 3482 3195 3536 fortasse
3216 3488 3489 3534 servatum

1922 3583 2011 3646 iri,
2044 3591 2095 3636 et
2124 3582 2186 3633 de
2220 3580 2466 3633 hostibus
2499 3576 2780 3631 victoriam
2821 3572 3109 3627 relaturos.
3166 3570 3230 3623 Et
3266 3568 3341 3622 illi
3377 3585 3399 3621 ι
3434 3568 3492 3623 in

1919 3675 2080 3727 domo
2110 3673 2429 3726 invenerunt
2451 3683 2556 3723 me.
2593 3687 2612 3719 ι
2649 3663 3066 3721 Ascenditenim
3094 3662 3147 3717 in
3180 3659 3362 3716 Bethel
3396 3657 3489 3714 Ja-

1916 3766 2041 3829 cob,
2073 3775 2131 3818 ut
2168 3763 2305 3825 dixi,
2333 3761 2692 3829 apparuitque
2720 3757 2798 3812 illi
2832 3757 2990 3821 Dens,
3037 3763 3092 3810 et
3131 3755 3202 3809 ibi
3236 3754 3375 3808 dicta
3404 3761 3491 3809 est

1916 3858 1981 3912 ad
2011 3856 2158 3911 illum
2195 3853 2589 3909 benedictionis
2619 3849 2927 3919 promissio,
2952 3859 3004 3901 ut
3037 3848 3195 3916 paulo
3228 3855 3355 3901 ante
3389 3846 3489 3900 do-

1913 3950 2153 4015 cuimus;
2190 3956 2245 4001 at
2272 3961 2368 4001 vos
2397 3959 2611 3999 rursum
2647 3958 2751 3996 non
2783 3940 3026 4010 quaeritis
3048 3938 3211 3993 Deum
3245 3937 3299 3992 in
3330 3937 3490 3992 domo

1914 4039 2052 4107 ejus,
2083 4039 2175 4093 sed
2202 4038 2254 4092 in
2282 4036 2501 4091 delubra
2532 4034 2655 4088 Baal
2685 4033 2884 4103 potius,
2910 4040 2964 4086 et
2988 4029 3338 4100 cupidissime
3366 4043 3491 4082 cur-

1916 4133 2060 4193 ritis;
2103 4145 2201 4185 nec
2230 4145 2258 4183 a
2283 4129 2392 4184 Deo
2417 4141 2696 4197 responsa,
2730 4125 2824 4180 sed
2875 4124 3177 4177 daemonum
3233 4119 3487 4175 vaticinia

1911 4222 2220 4291 exquiritis.
2260 4221 2325 4275 Et
2366 4220 2578 4275 divinus
2623 4217 2839 4288 quidem
2881 4215 3046 4271 Jacob
3086 4213 3385 4268 ascendens
3431 4211 3485 4265 in

1912 4314 2118 4377 Bethel,
2163 4314 2263 4367 hoc
2299 4320 2402 4376 est,
2440 4330 2459 4363 ι
2498 4311 2550 4363 in
2583 4310 2799 4364 domum
2842 4307 2956 4366 Dei,
2997 4324 3017 4357 ι
3069 4304 3266 4358 delevit
3313 4300 3486 4365 idola;

1909 4420 2006 4460 vos
2035 4415 2219 4459 contra
2251 4405 2302 4457 in
2336 4403 2496 4456 domo
2520 4400 2612 4454 Dei
2648 4399 2813 4453 Deum
2859 4396 3161 4466 sculptilem
3202 4394 3487 4451 constitui-

1909 4497 2027 4550 stis.
2065 4493 2382 4549 Statuerunt
2411 4492 2610 4559 quippe
2642 4490 2695 4543 in
2749 4488 2928 4542 Bethel
2978 4486 3198 4540 vitulum
3242 4499 3484 4547 aureum,

230 4574 509 4640 θεσπέσιος
537 4577 734 4631 Ἰακὼϐ
781 4579 1084 4635 ἀναϐαίνων
1127 4582 1207 4645 εἰς
1252 4582 1472 4654 Βαιθὴλ,
1499 4586 1797 4652 τουτέστιν,

1917 4584 2127 4638 tametsi
2181 4582 2365 4637 Bethel
2418 4580 2912 4648 interpretationem
2974 4577 3244 4630 haberet:
3289 4574 3484 4628 domus

234 4685 251 4717 ι
280 4670 359 4732 είς
398 4666 543 4722 οἶκον
571 4669 728 4735 Θεοῦ,
767 4690 786 4721 ι
835 4673 1167 4743 κατηφάνισε
1192 4673 1259 4728 τὰ
1290 4675 1483 4729 εἴδωλα
1504 4692 1516 4704 °
1554 4677 1710 4747 ὑμεῖς
1746 4681 1804 4733 δὲ

1917 4672 2033 4738 Dei',
2080 4693 2099 4726 ι
2136 4685 2195 4727 ut
2228 4673 2358 4728 dixi.
2389 4670 2653 4737 Quocirca
2681 4679 2735 4724 et
2768 4683 2864 4738 per
2897 4665 3187 4721 Jeremiam
3234 4665 3372 4719 Deus
3409 4664 3487 4718 ait

226 4760 282 4813 τὸ
324 4762 565 4816 ἐναντίον
603 4765 662 4815 ἐν
692 4763 829 4835 οίκῳ
872 4764 1006 4823 Θεοῦ
1059 4764 1178 4819 θεὸν
1236 4769 1497 4839 ἐστήσατε
1548 4770 1802 4837 γλυπτόν.

232 4852 501 4924 Ἕστηςαν
545 4855 654 4926 γὰρ
703 4857 785 4919 είς
825 4856 1025 4928 Βαιθὴλ
1061 4858 1160 4928 τὴν
1183 4858 1540 4932 δάμαλινντὴν
1570 4863 1800 4933 χρυσῆν,

228 4946 312 4997 καί
341 4962 425 4998 τοι
451 4947 549 5017 τῆς
576 4947 777 5018 Βαιθὴλ
802 4948 1263 5021 ἐρμηνευομένης,
1291 4951 1367 5015 ὠς
1394 4948 1566 5017 εἷπον,
1607 4972 1624 5003 ι
1654 4949 1801 5018 οἶκος

228 5035 372 5089 Θεοῦ.
409 5056 427 5086 ι
465 5035 563 5090 Διὰ
588 5036 746 5091 τοῦτο
773 5039 868 5091 καὶ
897 5039 985 5092 διὰ
1038 5042 1225 5111 φωνῆς
1257 5042 1521 5114 Ἰερεμίου
1570 5045 1736 5115 φησὶν
1773 5047 1802 5098 6

226 5126 349 5190 Θεὸς
379 5128 505 5198 περὶ
531 5130 633 5199 τῆς
658 5128 925 5182 Ἰουδαίων
958 5132 1291 5203 Συναγωγῆς
1317 5149 1333 5165 ο
1375 5151 1394 5184 t
1422 5135 1487 5187 Τί
1519 5137 1552 5205 ή
1584 5136 1801 5207 ⁴ἠγαπη-

230 5219 355 5290 μένη
387 5221 444 5273 ἐν
472 5218 549 5289 τῷ
585 5220 719 5290 οἴκῳ
756 5237 855 5289 μου
879 5220 1101 5291 ἐποίησε
1126 5222 1431 5293 βδέλυγμας
1459 5243 1477 5274 ι
1502 5225 1795 5290 τουτέστιν,

226 5308 457 5363 εἴδωλον.
490 5310 601 5364 Kal
648 5311 678 5363 6
728 5310 826 5378 μὲν
859 5310 1144 5377 θεσπέσιος
1168 5312 1363 5367 Ἰακὼϐ
1396 5315 1490 5367 καὶ
1535 5317 1616 5380 είς
1655 5311 1803 5371 οἷκον

227 5398 567 5455 ἀναϐαίνουσι
615 5402 752 5456 Θεου
776 5403 1164 5475 καθαρίζεσθαί
1193 5421 1252 5457 τε
1283 5406 1377 5458 xal
1410 5404 1580 5468 αὑτὰς
1606 5405 1664 5457 δὲ
1698 5407 1797 5470 τὰς

228 5492 409 5554 στολὰς
456 5493 807 5563 μεταμείϐειν
842 5494 1151 5549 ἐκέλευσενο
1202 5497 1360 5567 ὑμεῖς
1389 5496 1447 5550 δὲ
1474 5496 1672 5568 ὁρᾶσθε
1709 5496 1800 5566 βέ-

230 5583 372 5655 ϐηλοι
423 5584 516 5638 καὶ
567 5585 885 5659 ἀκάθαρτοι,
917 5587 1013 5642 καὶ
1055 5588 1300 5652 ἀνίπτοις
1332 5586 1500 5652 ἰόντες
1529 5587 1687 5641 ποσὶν
1720 5590 1800 5651 είς

230 5675 309 5729 τὸν
337 5676 478 5730 θεῖον
503 5670 651 5729 οἷκον
690 5678 790 5731 οὐκ
821 5678 1140 5751 ἐρυθριᾶτε;
1176 5679 1360 5752 φησίν.
1409 5679 1628 5751 Ἐπειδὴ
1652 5679 1706 5733 δὲ
1730 5674 1799 5749 ἦν

1911 4770 1978 4822 de
2004 4765 2310 4822 Iudaeorum
2346 4760 2674 4832 Synagoga:
2721 4778 2739 4811 ι
2793 4758 2931 4823 Quid
2982 4756 3174 4810 dilecta
3225 4755 3275 4808 in
3324 4754 3485 4809 domo

1911 4873 2028 4911 mea
2070 4856 2199 4910 fecit
2232 4854 2689 4908 abominationem
2732 4850 2819 4905 “?
2869 4868 2888 4901 ι
2951 4847 3149 4901 idolum
3206 4856 3354 4916 puta.
3404 4847 3486 4902 Ac

1908 4949 2122 5003 divinus
2153 4946 2366 5015 quidem
2392 4943 2558 4999 Jacob
2583 4943 2746 4997 etiam
2785 4943 2836 4994 in
2886 4941 3103 4993 donnnn
3153 4938 3242 4993 Dei
3287 4952 3481 4993 ascen-

1909 5040 2157 5096 dentibus
2199 5036 2474 5091 mandavit
2509 5033 2781 5098 mundari,
2828 5039 2883 5085 et
2910 5040 3117 5083 mutare
3147 5038 3356 5091 vestes;
3387 5043 3484 5083 vos

1907 5140 2084 5186 autem
2117 5127 2398 5185 cernimini
2430 5125 2665 5196 profani,
2695 5134 2749 5179 et
2781 5121 3064 5184 immundi,
3097 5131 3151 5175 et
3199 5120 3360 5175 illatis
3387 5135 3482 5188 pe-

1906 5224 2061 5277 dibus
2093 5223 2309 5276 domum
2337 5219 2572 5274 divinam
2605 5217 2809 5283 ingredi
2875 5230 2979 5267 non
3018 5211 3373 5266 erubescitis?
3402 5212 3484 5265 in-

1907 5316 2044 5385 quit.
2078 5312 2341 5381 Quoniam
2383 5325 2547 5381 porro
2588 5308 2714 5363 talis
2765 5316 2883 5361 erat
2938 5304 3125 5365 Iacob.
3179 5304 3383 5357 idcirco
3427 5309 3483 5354 et

1914 5425 1933 5460 ι
1968 5406 2223 5461 Dominus
2255 5404 2601 5472 otnnipotens
2629 5400 2733 5455 erit
2761 5397 3073 5453 memoriale
3104 5396 3244 5465 ejus.
3292 5412 3310 5445 ι
3367 5391 3482 5446 Illa-

1906 5507 1999 5551 net
2033 5497 2177 5550 enim
2210 5495 2396 5549 salvus
2439 5494 2493 5547 in
2543 5490 2801 5547 memoria
2852 5488 2968 5553 Dei,
3010 5496 3065 5541 et
3108 5485 3263 5540 ﬂoret
3312 5482 3478 5552 gloria

1905 5586 2218 5642 immortali.
2247 5584 2528 5641 Gloriticat
2557 5582 2754 5653 quippe
2785 5580 2928 5636 Deus
2953 5578 3239 5645 diligentes
3270 5588 3349 5628 se.
3378 5571 3481 5626 lt‘a-

1905 5694 2009 5749 que
2032 5680 2228 5749 (dicam
2261 5679 2406 5734 enim
2439 5677 2633 5733 iterum
2663 5674 2936 5746 quidpiam
2967 5672 3319 5727 vehementer
3349 5679 3479 5722 con-

285 5852 331 5890 "
368 5856 502 5912 Gen.
538 5871 700 5920 xxxv,
731 5856 783 5921 9.,
820 5857 872 5913 γι.
950 5858 969 5890 ⁵
1037 5858 1168 5915 lbid.
1219 5861 1271 5915 5.
1350 5860 1391 5894 ³³
1432 5860 1563 5918 Ιδίιι.
1625 5861 1677 5923 9,
1714 5858 1797 5913 12.

1956 5853 2067 5911 Jer.
2105 5868 2175 5919 si,
2211 5852 2293 5910 15.
