4068 6572
564 410 679 469 -987
1566 409 1624 467 S.
1666 405 2162 467 εγιιιιιιηειεχ

2267 403 2450 463 DRiNi
2484 407 2807 467 ARGﬂiﬂP.
3741 402 3877 461 388

577 533 832 602 ducibiie)
862 532 1096 590 honores
1124 541 1339 603 patrum
1368 540 1671 587 vestrorum
1721 528 2158 585 condemnabam

2267 526 2500 592 τοιοῦτος
2525 526 2793 590 ὀΊακὼδ,
2824 527 3081 598 ταύτῃτοι
3117 527 3209 581 καὶ
3245 545 3265 579 ι
3292 526 3493 598 Κύριος
3540 520 3875 594 παντοκρά·

577 640 694 689 vos,
722 626 812 694 qui
849 640 970 682 cum
998 624 1130 695 ipsis
1161 637 1373 693 sapere,
1403 621 1775 690 similibusque
1812 620 2055 676 moribus
2099 627 2155 674 et

2267 636 2373 691 τωρ
2403 620 2561 674 ἔσται
2593 619 2938 692 μνημόσυνον
2964 618 3154 676 αὑτοῦ.
3182 638 3202 671 ι
3231 619 3471 686 Σώζεται
3495 618 3603 689 γὰρ
3628 618 3690 673 ὲν
3720 615 3879 688 μνή-

577 717 771 771 studiis
822 716 1077 773 exornari
1126 714 1432 770 nolueritis.
1495 711 1890 769 Damnabimini
1951 720 2154 774 autem,

2267 729 2339 784 μῃ
2366 713 2525 777 Θεοῦ,
2555 712 2671 784 έχει
2705 729 2765 766 τε
2800 711 3027 785 ἀειθαλῆ
3060 712 3160 784 τὴν
3188 711 3458 769 εὔκλειαν.
3488 711 3714 780 Δοξάζει
3746 707 3877 777 γὰρ

577 824 684 864 ιιοιι
714 808 838 877 quia
864 808 1150 863 animabus
1177 817 1384 863 tantum
1412 806 1608 859 vestris
1636 803 1827 874 iniqui,
1852 804 1945 860 sed
1975 802 2157 870 gloriae

2267 804 2291 857 ὑ
2319 803 2449 869 Θεὸς
2483 804 2611 868 τοὺς
2646 802 2977 872 ἀγαπῶντας
3018 790 3205 860 αὐτόν.
3236 803 3445 858 Οὐκοῦν
3481 802 3629 874 (ἐρῶ
3653 800 3784 872 γάρ
3814 815 3875 851 τι

577 912 791 967 quoque
817 905 1029 967 patrum
1061 895 1304 952 insidiati
1335 895 1569 959 fueritis,
1606 894 1980 964 maiorumque
1999 894 2155 948 nobi-

2267 895 2426 950 πάλιν
2459 896 2521 950 τὸ
2548 898 2629 960 είς
2659 896 2846 967 ὄνησιν
2878 896 3212 967 ἀναγκαῖον)
3248 894 3660 967 κατακρίνουσιν
3708 890 3873 961 ὑμᾶς

578 987 784 1045 litatem
815 987 1332 1044 contaminaveritis.

2267 987 2370 1042 τῶν
2404 987 2658 1060 πατέρων
2699 989 2756 1043 αἱ
2780 987 2951 1055 δόξαι,
2982 988 3058 1060 μὴ
3085 987 3155 1041 τὰ
3191 982 3284 1041 ῐσα
3314 976 3531 1058 φρονεῖν
3559 984 3873 1056 ἑλομένους

577 1081 781 1146 αὐτοῖς,
806 1083 900 1138 καὶ
933 1082 1021 1137 διὰ
1040 1082 1148 1136 τῶν
1204 1080 1405 1152 ὁμοίων
1438 1079 1943 1135 καπτακαλλύνεσθαι
2007 1080 2226 1151 τρόπων
2257 1100 2317 1136 τε
2343 1085 2439 1138 καὶ
2493 1082 2943 1154 σπουδασμάσων.
2974 1079 3462 1151 Κατακριθήσεσθε
3496 1077 3573 1143 δὲ,
3623 1076 3735 1146 οὐχ
3788 1071 3874 1135 ὡς

576 1176 658 1238 είς
704 1174 872 1245 μόνας
908 1174 1228 1246 ἠδικηκότες
1258 1174 1355 1239 τὰς
1391 1173 1601 1227 ἑαυτῶν
1624 1172 1824 1244 ψυχὰς,
1860 1174 1978 1228 ἀλλ’
2015 1174 2176 1229 οίονεί
2217 1193 2336 1241 πως
2373 1176 2471 1231 καὶ
2525 1178 2645 1240 ταῖς
2684 1174 2793 1229 τῶν
2849 1174 3102 1245 πατέρων
3126 1170 3399 1236 εὐκλείαις
3429 1167 3873 1226 ὲπιὸουλεῦσαν-

575 1279 688 1329 τες,
723 1265 815 1319 καὶ
841 1264 1172 1337 προγονικὴν
1194 1263 1470 1335 εὐγένειαν
1501 1264 1984 1336 καταισχύναντες.

651 1357 815 1413 Vna.
851 1356 904 1411 6.
944 1357 1007 1411 Et
1046 1367 1103 1411 tu
1138 1358 1195 1412 in
1223 1356 1328 1412 Deo
1359 1366 1449 1412 tuo
1481 1359 1825 1423 converteris,
1859 1359 2159 1413 misericor-

2331 1356 2442 1412 Καί
2465 1354 2547 1411 σὺ
2580 1355 2650 1410 ἐν
2671 1352 2794 1420 Θεῷ
2815 1369 2933 1409 σου
2955 1353 3360 1423 ἐπιστρέψας,
3383 1352 3559 1407 ἔλεον
3586 1354 3679 1408 καί
3728 1354 3871 1421 κρι-

577 1450 722 1503 diam
757 1459 805 1505 et
832 1450 1103 1520 judicium
1135 1449 1360 1515 Custodi,
1397 1461 1444 1504 et
1483 1450 1844 1518 appropinqua
1882 1450 1951 1503 ad
1990 1448 2157 1513 Deum

2267 1466 2342 1517 μα
2371 1447 2722 1519 φυλάσσου,
2751 1446 2849 1499 καὶ
2878 1442 3068 1516 ἐγγίζει
3087 1443 3238 1514 πρὸς
3265 1444 3417 1500 Osdr-
3441 1458 3557 1499 σου
3575 1443 3670 1499 διὰ
3700 1460 3873 1499 xar-

579 1552 633 1598 ιιι
642 1559 731 1596 una
758 1557 976 1606 semper.

648 1630 935 1695 CXXXIX.
977 1629 1179 1687 Gratiae
1213 1630 1534 1699 pollicitatio
1565 1632 1724 1687 minis
1759 1631 1989 1688 admista
2020 1640 2104 1687 est
2136 1647 2154 1686 :

579 1723 962 1780 com-minantis
986 1724 1130 1777 enim
1163 1723 1333 1793 magis
1368 1738 1530 1793 quam
1584 1723 1907 1794 simpliciter
1929 1724 2155 1793 promit-

2258 1542 2501 1688 fdgAG’.
2542 1630 2769 1702 ’Ᾱπειλῇ
2805 1629 3139 1705 κεκέρασται
3167 1629 3267 1699 τῆς
3295 1628 3519 1701 χάριτος
3549 1630 3584 1700 ή
3615 1629 3871 1700 ὑπόσχεο

2261 1738 2366 1789 σις.
2387 1722 2766 1786 Ἀπειλοῦντος
2802 1721 2913 1796 γὰρ
2962 1721 3248 1794 Miami)
3293 1721 3725 1791 ὑπισχνουμένου
3764 1737 3868 1775 κα-

580 1818 743 1874 tentis
772 1826 855 1873 est
887 1817 993 1872 ista
1023 1818 1219 1874 oratio.
1242 1816 1622 1875 Verumtamen
1653 1834 1718 1874 ex
1751 1834 1936 1875 amore
1962 1826 2152 1889 prece-

2267 1784 2441 1887 θαρῶς
2473 1818 2553 1879 είς
2581 1814 2642 1869 τδ
2675 1784 2852 1886 πτέριν
2882 1784 2939 1868 ’ὁ
2962 1784 3133 1883 ’λόγος
3155 1784 3185 1845 ι’
3235 1784 3384 1883 πλὴν
3425 1784 3486 1877 ἕξ
3541 1784 3772 1885 ἀγάπης
3829 1814 3865 1883 ἡ

578 1910 660 1964 dit
687 1909 1060 1973 comminatio,
1090 1918 1143 1963 et
1168 1917 1252 1963 est
1277 1909 1344 1963 ad
1374 1909 1574 1979 probas
1600 1910 1981 1982 cogitationes,
2009 1921 2062 1966 ot
2090 1912 2154 1966 ad

584 2000 749 2070 172
772 1999 1095 2055 desiderium
1123 1997 1301 2054 oiﬁcio
1328 2000 1549 2070 parendi
1580 2002 1825 2059 vocantis
1853 2002 2152 2058 oraculum.

580 2090 707 2146 Erat
735 2091 902 2155 enim,
928 2089 1121 2159 inquit,
1146 2089 1365 2160 sapiens
1388 2090 1656 2163 longeque
1678 2094 1918 2151 optimus
1940 2094 2158 2150 divinus

577 2180 775 2249 Iacob,
803 2192 861 2237 et
886 2181 1143 2252 propositi
1174 2183 1257 2237 sui
1292 2182 1527 2238 fructum
1558 2183 1792 2239 habebat
1820 2185 1912 2240 Dei
1943 2201 2070 2256 erga
2099 2201 2159 2242 se

578 2275 923 2331 duritatem.
952 2275 1059 2330 Sed
1088 2283 1144 2330 ιιι
1174 2284 1379 2346 patrem
1414 2286 1525 2331 non
1553 2290 1612 2332 es
1645 2276 1908 2333 imitatus.
1932 2276 2159 2332 Verum-

579 2374 761 2422 tamen
795 2384 814 2418 ι
847 2364 1192 2423 Converteris
1220 2367 1271 2422 in
1301 2368 1412 2423 Deo
1442 2376 1532 2423 tuo
1556 2368 1720 2424 etiam
1754 2377 1830 2433 ιιι,
1869 2388 1890 2421 ι
1923 2369 2028 2425 hoe
2051 2378 2160 2436 est,

577 2459 833 2530 quamvis
866 2458 1130 2529 insipiens
1167 2458 1359 2525 literis,
1396 2470 1455 2515 et
1490 2469 1763 2530 apostata,
1800 2470 1855 2514 et
1898 2461 2157 2527 insolens,

580 2551 933 2607 nihilominus
965 2552 1127 2608 etiam
1158 2560 1357 2623 praeter
1384 2552 1718 2610 voluntatem
1752 2554 1818 2608 ad
1848 2554 2013 2609 vitam
2046 2555 2159 2610 vir-

581 2644 713 2698 tutis
740 2658 932 2699 norma
959 2643 1221 2699 directam
1250 2644 1473 2701 redibis.
1505 2644 1727 2700 Redibis
1756 2654 1938 2701 autem
1967 2654 2157 2701 cerre-

578 2744 703 2805 ιιιιιε
745 2734 798 2790 in
835 2733 968 2800 Deo,
1008 2735 1060 2790 id
1103 2743 1213 2800 est,
1249 2750 1346 2807 per
1383 2735 1576 2791 Deum.
1615 2737 1680 2791 Et
1722 2737 1978 2807 quoniam
2020 2738 2158 2793 bona

579 2827 723 2884 ratio
746 2840 851 2882 non
876 2824 1143 2896 persuasit
1183 2836 1243 2883 ut
1284 2837 1432 2884 recta
1453 2827 1539 2883 via
1564 2828 1895 2895 ambulares,
1920 2829 2166 2901 velisque

580 2928 773 2989 sapere
797 2926 857 2973 ut
884 2926 1181 2987 Oporteret,
1212 2918 1437 2974 restabit
1468 2919 1565 2975 tibi
1598 2919 1758 2990 plane
1787 2921 2078 2993 ﬂagellum,
2107 2934 2161 2977 et

579 3008 837 3065 celeriter
864 3009 933 3064 ad
972 3008 1277 3079 eligendum
1318 3012 1372 3065 et
1408 3010 1842 3079 cognoscendum
1881 3011 2023 3081 quod
2059 3026 2165 3067 ex-

2256 1907 2476 1979 ἁπειλὴ,
2504 1905 2601 1961 καὶ
2630 1905 2927 1970 καλοῦντος
2947 1906 3028 1969 εἰς
3052 1904 3321 1975 ὀρθότητα
3339 1903 3635 1974 λογισμῶν,
3654 1905 3760 1960 καὶ
3778 1902 3866 1967 εις

2257 2000 2445 2069 ἔφεσιν
2465 1999 2764 2071 εὐκοσμίας
2783 1999 2845 2052 τὸ
2866 1994 3385 2070 χρησμῲδημα.ἾΙν
3415 1997 3514 2068 μὲν
3538 1997 3607 2066 γὰ
3618 2014 3665 2069 ρ,
3684 1996 3863 2068 φησι,

2260 2093 2425 2163 σοφὸς
2454 2093 2548 2147 καὶ
2582 2093 2917 2165 πανάριστος
2956 2094 2985 2147 ό
3030 2091 3317 2156 θεσπέσιος
3340 2091 3554 2156 Ἰακὼϐ,
3582 2092 3673 2145 καί¹
3700 2088 3862 2160 γνώ-

2262 2202 2370 2258 μης
2402 2186 2538 2250 [δίας
2574 2185 2716 2257 ἔχων
2764 2185 2978 2256 καρπὸν
3022 2184 3085 2238 τὸ
3132 2184 3400 2255 θεοφιλές.
3424 2184 3564 2240 Ἀλλ’
3593 2185 3692 2239 οὐκ
3722 2186 3863 2255 ipt-

2263 2281 2421 2350 μήσω
2460 2279 2552 2332 τὸν
2586 2279 2821 2349 πατέρα.
2856 2277 3002 2348 Πλὴν
3038 2292 3057 2330 ι
3080 2277 3463 2349 Ἐπιστρέψεις
3501 2279 3560 2332 ὲν
3601 2275 3720 2346 Θεῷ
3757 2293 3862 2329 σου

2259 2372 2354 2424 καὶ
2386 2370 2473 2432 σὺ,
2507 2388 2526 2422 ι
2560 2370 2828 2437 τουτέστι,
2867 2371 2971 2425 κᾶν
2998 2368 3239 2441 ἐξίτηλος
3272 2367 3361 2441 ᾖς,
3389 2368 3485 2422 καὶ
3511 2367 3858 2437 ἀποστάτης.

2260 2458 2355 2514 καὶ
2376 2458 2656 2531 ὑϐριστὴς,
2682 2459 2796 2513 ἀλλ’
2822 2455 2916 2515 οὖν
2947 2459 3213 2532 ὲπανὴξῃ,
3236 2460 3333 2514 καὶ
3360 2459 3459 2531 οὑχ
3487 2457 3653 2525 ἑκὼν,
3687 2458 3772 2519 εις
3796 2459 3859 2510 τὸ

2260 2550 2479 2605 ἑλέσθαι
2514 2550 2665 2621 βιοῦν
2695 2550 2893 2621 ὀρθῶς.
2917 2550 3244 2622 Ἐπανήξεις
3281 2549 3339 2604 δὲ
3368 2549 3764 2621 παιδευόμενος
3798 2551 3865 2602 ὲν

2258 2642 2393 2712 Θεῷ,
2430 2643 2694 2708 τουτέστι,
2720 2643 2808 2697 διὰ
2849 2643 3007 2697 Θεοῦ.
3040 2644 3152 2699 Καὶ
3193 2643 3379 2715 ἐπειδή
3415 2660 3474 2697 σε
3499 2642 3763 2713 λογισμὸς
3793 2641 3857 2695 οὒ

2261 2735 2524 2790 πέπεικεν
2554 2735 2778 2805 άγαθὸς,
2814 2737 2901 2790 ἐπ’
2922 2735 3088 2809 ὀρθὴν
3118 2736 3255 2789 ἱέναι
3276 2735 3484 2807 τρίϐον,
3514 2735 3609 2788 καὶ
3631 2732 3861 2803 ἀγαπῆ-

2262 2845 2355 2881 σαι
2390 2831 2609 2901 φρονεῖν
2644 2828 2681 2883 ἃ
2705 2828 2806 2894 δεῖ,
2842 2827 3259 2900 περιγενήσεται
3291 2844 3386 2881 σου
3421 2828 3595 2898 πάντη
3637 2843 3701 2879 τε
3758 2825 3860 2879 καὶ

2263 2918 2480 2983 πάντως
2522 2920 2557 2990 ἡ
2606 2918 2830 2991 μάστιξ.
2859 2919 2956 2974 καὶ
3010 2918 3307 2990 μεταθήσει
3343 2918 3560 2990 γοργῶς
3588 2916 3730 2988 πρὸς
3755 2915 3860 2986 τὴν

2260 3007 2356 3063 τοῦ
2403 3009 2778 3081 συμφέροντος
2826 3009 3040 3080 αἵρεσίν
3066 3026 3126 3062 τε
3155 3008 3251 3063 καὶ
3285 3007 3505 3078 γνῶσιν.
3529 3008 3706 3061 Ταυτὶ
3756 3005 3874 3077 μὲν

578 3097 731 3168 pedit
768 3107 825 3155 te
864 3097 1176 3155 transferet.
1214 3101 1391 3170 Atque
1428 3099 1542 3155 haec
1587 3099 1764 3165 nobis,
1802 3107 1863 3156 ut
1900 3101 2160 3167 arbitror,

2267 3095 2357 3155 οὖν
2406 3103 2559 3173 ήμῖν,
2588 3100 2840 3172 καθάπερ
2877 3100 3269 3171 ὑπολαμϐάνω,
3303 3100 3749 3171 κατασημήνειεν
3786 3096 3863 3151 ἃν

582 3190 904 3247 indicaverit
932 3192 1126 3247 merito
1155 3196 1299 3262 quod
1331 3192 1552 3257 dicitur,
1589 3212 1608 3246 ι
1634 3193 1699 3249 Et
1719 3202 1772 3248 tu
1807 3195 1859 3248 in
1892 3193 2001 3248 Deo
2028 3208 2160 3249 eon-

580 3282 829 3347 verteris,
860 3298 884 3334 ι
910 3282 1105 3345 minas,
1129 3290 1187 3336 ut
1216 3282 1351 3346 dixi.
1375 3283 1533 3343 bonis
1560 3282 1844 3354 promissis
1869 3282 2160 3339 scitissime

578 3372 870 3441 permistas
899 3370 1117 3426 habens.
1151 3371 1353 3428 Deinde
1382 3385 1569 3442 porro,
1597 3381 1658 3428 ut
1681 3371 1796 3441 jam
1824 3370 2031 3441 ﬂagella
2064 3386 2157 3441 pa-

582 3465 758 3529 tienti,
798 3464 929 3519 etin
960 3463 1138 3518 medio
1167 3465 1448 3519 verberum
1481 3466 1776 3521 constituto
1807 3465 1948 3521 Deus
1978 3467 2158 3521 acciso

580 3566 725 3610 ruat:
757 3572 776 3608 ι
801 3553 1224 3610 Misericordiam
1252 3566 1306 3610 et
1328 3554 1595 3625 judicium
1623 3556 1859 3621 custodi,
1885 3564 1941 3612 et
1966 3570 2163 3626 appro-

579 3647 781 3718 pinqna
827 3646 893 3701 ad
940 3645 1106 3701 Deum
1152 3655 1303 3701 tuum
1346 3656 1589 3716 semper.
1633 3663 1652 3699 ι
1698 3646 2159 3714 Quemadmodum

576 3738 725 3793 enim
758 3736 803 3793 si
840 3737 1092 3793 dominus
1121 3737 1391 3807 quispiam
1422 3752 1579 3794 servo
1613 3740 1667 3794 in
1704 3753 1861 3809 paena
1885 3778 1901 3804 ,
1931 3748 1987 3795 et
2018 3740 2163 3794 inter

578 3829 699 3899 ipsa
736 3826 941 3897 ﬂagella
974 3840 1097 3882 cum
1128 3828 1284 3882 venia
1319 3835 1374 3881 et
1410 3827 1784 3898 indignatione
1818 3829 1965 3885 dicat
1998 3847 2014 3885 :
2045 3827 2161 3884 Mo-

580 3919 769 3975 destus
806 3927 947 3984 esto,
988 3925 1041 3973 et
1083 3926 1330 3988 prompte
1367 3918 1647 3983 obediens,
1689 3930 1745 3974 et
1784 3919 1975 3983 beran
2010 3919 2160 3989 iussa

581 4024 652 4067 ne
679 4018 1002 4075 contemne;
1033 4009 1221 4065 eodem
1252 4009 1436 4076 modo,
1461 4011 1675 4080 opinor,
1702 4020 1757 4067 et
1786 4013 2160 4068 universorum

580 4102 746 4169 Deus,
774 4114 1036 4172 percusso
1062 4101 1457 4171 quodammodo
1484 4101 1760 4172 Epiri-sim,
1789 4112 1843 4159 et
1872 4103 1996 4159 belli
2015 4104 2159 4159 cala-

580 4192 864 4249 mitatibus
890 4193 1175 4262 castigato,
1204 4192 1405 4265 inquit,
1435 4213 1454 4248 ι
1487 4194 1911 4252 Misericordiam
1938 4205 1994 4252 et
2015 4195 2161 4265 judi-

580 4287 728 4346 cium
761 4286 998 4351 custodi,
1025 4296 1082 4343 et
1115 4288 1483 4358 appropinqua
1519 4288 1587 4343 ad
1623 4287 1790 4345 Deum
1830 4297 1981 4344 tuum
2014 4302 2160 4344 sem-

580 4390 704 4451 per.
742 4396 763 4432 ι
802 4377 1033 4434 Perinde
1065 4376 1300 4436 fortasse
1331 4393 1395 4435 ac
1425 4380 1471 4435 si
1507 4378 1657 4435 dicat
1688 4396 1704 4436 :
1740 4380 1857 4436 Hac
1892 4380 1958 4436 de
1993 4395 2159 4436 causa

2265 3195 2491 3256 εἰκότως
2522 3193 2605 3257 τὸ,
2648 3211 2668 3245 ι
2701 3193 2809 3247 Καὶ
2838 3193 2904 3247 σὺ
2935 3195 2993 3247 ἐν
3022 3192 3141 3263 Θεῷ
3176 3210 3270 3246 σου
3302 3191 3671 3264 ἐπιστρέψεις,
3708 3210 3726 3243 ι
3759 3191 3871 3243 ἀπο

2267 3285 2417 3358 ειλὴν
2443 3284 2587 3357 έχον,
2617 3283 2694 3348 ὡς
2738 3283 2896 3353 ἔφην,
2924 3284 3188 3355 χρησταῖς
3221 3282 3548 3354 ὑποσχέσεσι
3594 3278 3654 3335 εὖ
3709 3280 3862 3351 μάλα

2266 3375 2704 3449 κεκερασμένην.
2755 3369 2891 3429 Εἶτα
2938 3374 3145 3437 λοιπὸν,
3174 3374 3252 3438 ὡς
3299 3374 3399 3445 ήδη
3450 3370 3858 3445 μαστιζομένῳ,

2268 3469 2361 3522 καὶ
2388 3466 2445 3520 ὲν
2473 3466 2623 3538 αὐτῷ
2642 3466 2887 3536 γεγονότι
2911 3464 2990 3536 τῷ
3014 3465 3370 3535 πλήττεσθαι,
3391 3465 3525 3529 Θεὸς
3548 3467 3815 3533 ἑπιφωνεί
3838 3480 3859 3493 ⁸

2273 3557 2497 3611 «Ἔλεον
2533 3556 2629 3611 καὶ
2657 3556 2835 3628 κρίμα
2876 3556 3177 3627 φυλάσσου,
3208 3556 3303 3610 καὶ
3347 3556 3531 3627 Εγγιζε
3580 3556 3722 3625 πρὸς
3763 3556 3860 3610 τὸν

2267 3647 2401 3701 Θεόν
2424 3658 2518 3701 σου
2543 3647 2857 3712 διαπαντός.
2890 3648 3130 3719 »Ὠσπερ
3158 3647 3267 3718 γὰρ
3295 3646 3349 3699 εί
3368 3664 3453 3711 τις
3478 3646 3744 3719 δεσπότης
3772 3648 3857 3701 οι-

2268 3738 2405 3810 κέτῃ
2433 3738 2829 3809 παιδευομένῳ,
2861 3738 2954 3792 καὶ
2985 3739 3043 3792 ὲν
3068 3737 3216 3809 αὒτῷ
3248 3737 3606 3809 μαστίζεσθαι
3634 3738 3864 3807 γεγονό·⁸

2266 3848 2343 3895 τι,
2365 3830 2511 3898 λέγοι
2562 3830 2699 3901 μετὰ
2739 3828 2955 3900 φειδοῦς
2999 3848 3059 3883 τε
3104 3830 3222 3900 ἅμα
3270 3829 3365 3883 καὶ
3409 3830 3856 3899 ἀγανακτήσεως,

2270 3919 2512 3992 Σώφρων
2557 3920 2650 3975 ἔσο
2701 3922 2796 3975 καὶ
2843 3920 3124 3993 εὐπειθὴς,
3151 3922 3245 3975 καὶ
3291 3920 3367 3992 μὴ
3416 3919 3749 3991 καταφρόνει
3778 3918 3855 3972 δε·

2270 4012 2541 4067 σποτικῶν
2570 4012 2936 4085 ὲνταλμάτωψ
2956 4013 3047 4068 τὸν
3076 4012 3260 4077 αὐτὸν,
3286 4009 3460 4083 οἶμαι,
3481 4012 3687 4084 τρόπον
3707 4013 3803 4066 καὶ
3827 4013 3867 4065 s

2267 4106 2380 4161 τῶν
2408 4105 2545 4160 ὅλων
2586 4106 2720 4171 Θεὸς
2759 4107 3088 4178 τυπτομένῳ
3114 4106 3316 4177 τρόπον
3345 4105 3469 4160 τινὰ
3488 4102 3569 4177 τῷ
3592 4103 3863 4176 Ἐφραίμ,

2270 4198 2365 4251 καὶ
2393 4199 2517 4261 ταῖς
2544 4198 2639 4252 τοῦ
2671 4198 2910 4270 πολέμου
2942 4198 3253 4269 συμφοραῖς
3289 4196 3735 4266 ἑκπαιδευομένῳ
3760 4211 3858 4264 φηο

2272 4290 2378 4344 σίψ
2438 4289 2662 4344 «Ἔλεον
2689 4291 2783 4345 καὶ
2824 4290 3001 4363 κρίμα
3043 4289 3342 4360 φυλάσσου,
3374 4289 3469 4343 καὶ
3505 4287 3693 4357 ἐγγιζε
3718 4287 3862 4358 πρὸς

2271 4380 2362 4435 τὸν
2390 4379 2523 4435 Θεόν
2554 4393 2647 4434 σου
2672 4379 2985 4443 διαπαντός.
3028 4378 3285 4450 ι”Ομοιον
3309 4379 3386 4441 ὡς
3406 4378 3457 4432 εί
3480 4376 3633 4445 λέγοι
3658 4376 3820 4446 τυχόν
3836 4392 3851 4405 ·

582 4472 725 4530 scito
766 4479 820 4528 te
859 4472 1100 4543 percuti,
1144 4473 1273 4544 quia
1340 4488 1444 4528 non
1507 4472 1792 4529 custodisti
1844 4488 1943 4529 nec
1979 4472 2159 4541 magni

2273 4472 2491 4544 Ταύτης
2534 4473 2700 4528 ἕνεκα
2742 4472 2845 4543 τῆς
2892 4471 3072 4536 αίτίας
3102 4470 3212 4525 ίσθι
3250 4469 3639 4542 πληττόμενος,
3669 4468 3751 4521 ὅτι
3781 4465 3865 4537 μὴν

581 4562 783 4619 duxisti
830 4577 950 4632 qua
976 4562 1104 4617 mihi
1133 4571 1283 4634 grata
1313 4572 1440 4618 sunt
1464 4572 1518 4619 et
1547 4563 1762 4619 dilecta.
1788 4563 2158 4621 Misericordia

584 4657 754 4727 igitur
787 4653 1130 4711 dilectionem
1172 4655 1472 4725 signiﬁcat,
1519 4673 1538 4708 ι
1588 4653 1817 4712 Dilectio
1858 4663 2038 4712 autem
2082 4665 2169 4714 est

583 4749 721 4821 legis
758 4748 1034 4819 Plenitudo
1056 4747 1103 4781 ⁸⁸
1142 4763 1160 4802 :
1208 4766 1229 4802 ι
1270 4748 1522 4817 proximo
1562 4748 1707 4804 enim
1755 4767 1776 4802 ι
1824 4748 2019 4804 Malum
2059 4762 2165 4805 non

582 4848 842 4910 operatur
861 4841 931 4904 ",
974 4855 994 4891 ι
1036 4847 1095 4895 ιιι
1133 4838 1322 4893 beatus
1360 4837 1562 4896 Paulus
1597 4840 1692 4896 ait.
1730 4839 1999 4897 iudicium
2041 4855 2168 4897 vero

583 4930 787 4999 justam
818 4930 1112 4995 actionem,
1143 4932 1258 4985 sive
1283 4929 1572 4998 justitiam,
1605 4941 1661 4987 et
1686 4933 1880 4989 divina:
1909 4933 2044 5005 legis
2068 4947 2167 4988 vo-

587 5020 918 5090 luntatisque
950 5021 1407 5077 observationem.
1436 5021 1706 5079 Judicium
1739 5026 1883 5079 enim
1919 5040 1947 5077 a
1984 5025 2168 5080 divina

588 5109 873 5181 Scriptura
916 5110 1005 5166 lex
1050 5121 1292 5167 vocatur.
1338 5114 1788 5184 Appropinquare
1833 5122 2012 5170 autem
2057 5113 2169 5170 Deo

586 5216 822 5273 semper,
850 5204 1157 5275 significare
1184 5214 1361 5275 potest
1388 5207 1661 5261 sincerum
1690 5206 1885 5261 mentis
1912 5206 1964 5261 in
1995 5207 2170 5277 ipsum

592 5293 922 5349 desiderium
959 5302 1013 5349 et
1045 5294 1472 5359 inclinationem,
1508 5303 1563 5349 et
1597 5294 1892 5350 abhorrere
1949 5295 2019 5349 ab
2053 5293 2175 5350 aliis

591 5385 683 5453 qui
724 5398 828 5439 non
868 5393 993 5438 sunt
1024 5385 1119 5451 dii,
1154 5394 1247 5439 aut
1281 5400 1311 5438 a
1348 5392 1593 5440 creatura
1630 5383 1789 5448 forte,
1827 5392 1922 5440 aut
1959 5393 2107 5440 certe
2143 5400 2171 5439 a

594 5476 757 5547 lignis
804 5486 860 5533 et
910 5475 1197 5547 lapidibus.
1241 5477 1710 5549 ApprOpinquabit
1752 5491 1881 5532 vero
1930 5476 2074 5543 Deo,
2121 5486 2179 5533 et

598 5583 765 5637 prope
797 5569 905 5625 erit
940 5571 1236 5626 secundum
1271 5570 1544 5637 aiiectum,
1576 5569 1665 5640 qui
1700 5577 1754 5625 et
1788 5571 1969 5641 probis
2001 5570 2175 5626 actio-

604 5658 763 5716 nibus
785 5660 1050 5719 excellere
1072 5665 1248 5731 nevit,
1271 5670 1327 5718 et
1347 5661 1714 5731 incorruptam
1738 5660 1792 5717 in
1817 5661 1994 5733 seipso
2016 5662 2176 5721 tidem

690 5840 737 5876 "
780 5841 934 5899 Rom.
967 5860 1087 5912 xm,
1122 5844 1201 5900 10.
1280 5845 1325 5878 "
1369 5844 1536 5901 lCor.
1572 5859 1689 5912 sin,
1721 5843 1774 5900 5.

2265 4565 2536 4634 ἐφυλάξω,
2572 4563 2706 4635 μηδὲ
2732 4563 3037 4634 τετίμηκας
3061 4562 3132 4617 τά
3184 4561 3310 4633 ἐμοὶ
3338 4560 3466 4631 φίλα
3501 4559 3597 4614 καὶ
3640 4560 3857 4628 ὴγαπη.

2268 4653 2424 4724 μένα.
2457 4654 2531 4707 Τὸ
2572 4652 2673 4725 μὲν
2697 4648 2791 4707 οὖν
2816 4651 2967 4717 ἕλεος
2991 4651 3095 4723 τὴν
3120 4650 3345 4721 ἀγάπην
3377 4649 3550 4721 δηλοῖ.
3592 4666 3611 4701 ι
3639 4646 3854 4717 Ἀγάπη

2263 4748 2322 4803 δὲ
2352 4747 2519 4819 νόμου
2542 4745 2841 4819 πλήρωσις.
2881 4763 2901 4799 ι
2932 4744 3025 4817 Τῷ
3064 4746 3175 4819 γὰρ
3222 4743 3453 4815 πλησίον
3492 4761 3511 4794 ι
3542 4739 3734 4797 Kc.be
3757 4739 3854 4795 οὐκ

2266 4838 2583 4911 ἐργάζεται,
2614 4856 2632 4891 ι
2669 4836 2921 4910 κατὰτὴν
2949 4835 3049 4892 τοῦ
3088 4835 3360 4909 μακαρίου
3392 4833 3611 4888 Παύλου
3650 4832 3852 4903 φωνήν.

2269 4933 2344 4986 Τὸ
2363 4931 2419 4985 δὲ
2446 4930 2622 5002 κρίμα
2643 4928 2742 5001 τὴν
2761 4926 3202 5001 δικαιοπραγίαν,
3226 4928 3345 4998 ἢτοι
3365 4924 3463 4995 τὴν
3491 4922 3852 4993 δικαιοσύνην,

2272 5023 2368 5077 καὶ
2393 5021 2492 5094 τὴν
2517 5020 2610 5075 τοῦ
2644 5020 2788 5076 θείου
2815 5021 2981 5093 νόμου
3007 5020 3346 5092 βουλήματος
3382 5018 3635 5087 τήρησιν.
3671 5013 3855 5084 Κρίμα

2274 5115 2385 5187 γὰρ
2434 5117 2463 5169 ό
2515 5113 2679 5185 νόμος
2726 5113 3042 5184 ὠνόμασται
3094 5111 3247 5181 παρά
3290 5126 3356 5176 γε
3405 5110 3471 5179 τῇ
3515 5104 3857 5175 θεοπνεύστῳ

2268 5208 2485 5280 Γραφῇ.
2517 5207 2591 5261 Τὸ
2615 5207 2673 5262 δὲ
2703 5205 2945 5277 ἐγγίζειν
2976 5202 3096 5274 Θεῷ
3123 5201 3434 5265 διαπαντὸς,
3470 5199 3751 5269 ὑπέφηνεν
3781 5196 3843 5250 ἂν

2270 5300 2369 5372 τὴν
2413 5300 2493 5363 εἰς
2536 5297 2699 5353 αὐτὸν
2741 5296 2973 5368 γνησίαν
3015 5294 3117 5364 τῆς
3160 5293 3399 5355 διανοίας
3433 5289 3622 5360 ἔφεσιν
3650 5302 3713 5341 τε
3767 5284 3854 5340 καὶ

2274 5389 2467 5462 ῥοπὴν,
2497 5389 2673 5443 καὶτὸ
2701 5387 2779 5459 μὴ
2806 5385 3168 5459 προσκεῖσθαι
3192 5382 3368 5452 φιλεῖν
3395 5380 3603 5450 ἑτέροις
3626 5380 3742 5440 τοῖς
3761 5374 3855 5429 οὐκ

2271 5478 2392 5535 οὖσι
2426 5479 2588 5545 θεοῖς,
2627 5480 2662 5551 ἢ
2695 5481 2760 5549 τῇ
2795 5478 2968 5532 κτίσει
2998 5476 3182 5549 τυχὸν,
3218 5475 3250 5547 ἢ
3304 5473 3436 5544 γοῦν
3464 5471 3641 5538 ξύλοις
3665 5486 3728 5523 τι
3766 5466 3856 5522 καὶ

2272 5574 2689 5643 λίθοις.Ἐγγιεϊ
2713 5572 2771 5626 δὲ
2798 5571 2939 5644 Θεῷ,
2971 5570 3067 5625 καὶ
3096 5569 3322 5640 πλησίον
3362 5566 3516 5621 ἔσται
3557 5561 3699 5619 κατὰ
3741 5559 3853 5615 διά·

2276 5667 2447 5731 θεσιν,
2478 5666 2573 5721 καί
2604 5665 2633 5719 ὁ
2670 5664 2931 5738 πράξεσιν
2962 5662 3192 5734 ἀγαθαῖς
3220 5658 3525 5733 ἒμπρέπειν
3557 5653 3731 5719 εἰδὼς,
3763 5649 3863 5705 καὶ
