  <div class='ocr_page' id='page_1' title='image "/cluster/home/n/w/nwhite01/storage/ocr_20150623/71/hvd.32044019207885/155.png"; bbox 0 0 4068 6542; ppageno 0'>
   <div class='ocr_carea' id='block_1_1' title="bbox 582 372 680 427">
    <p class='ocr_par' dir='ltr' id='par_1_1' title="bbox 582 372 680 427">
     <span class='ocr_line' id='line_1_1' title="bbox 582 372 680 427; baseline 0.02 -2"><span class='ocrx_word' id='word_1_1' title='bbox 582 372 680 427; x_wconf 64' lang='grc' dir='ltr'><strong>εει</strong></span> 
     </span>
    </p>
   </div>
   <div class='ocr_carea' id='block_1_2' title="bbox 1566 364 2812 425">
    <p class='ocr_par' dir='ltr' id='par_1_2' title="bbox 1566 364 2812 425">
     <span class='ocr_line' id='line_1_2' title="bbox 1566 364 2812 425; baseline -0.001 -3"><span class='ocrx_word' id='word_1_2' title='bbox 1566 365 1629 421; x_wconf 79' lang='lat'><strong>8.</strong></span> <span class='ocrx_word' id='word_1_3' title='bbox 1671 365 1944 423; x_wconf 78' lang='lat' dir='ltr'><strong>CYRILLI</strong></span> <span class='ocrx_word' id='word_1_4' title='bbox 1981 366 2452 425; x_wconf 72' lang='lat' dir='ltr'><strong>ALEXANDRINI</strong></span> <span class='ocrx_word' id='word_1_5' title='bbox 2489 364 2812 425; x_wconf 73' lang='lat' dir='ltr'><strong>ARCHIEP.</strong></span> 
     </span>
    </p>
   </div>
   <div class='ocr_carea' id='block_1_3' title="bbox 3746 369 3862 425">
    <p class='ocr_par' dir='ltr' id='par_1_3' title="bbox 3746 369 3862 425">
     <span class='ocr_line' id='line_1_3' title="bbox 3746 369 3862 425; baseline 0 0"><span class='ocrx_word' id='word_1_6' title='bbox 3746 369 3862 425; x_wconf 54' lang='grc' dir='ltr'><strong>ἓξ</strong></span> 
     </span>
    </p>
   </div>
   <div class='ocr_carea' id='block_1_4' title="bbox 583 482 2173 559">
    <p class='ocr_par' dir='ltr' id='par_1_4' title="bbox 583 485 2156 559">
     <span class='ocr_line' id='line_1_4' title="bbox 583 485 2156 559; baseline -0.003 -12"><span class='ocrx_word' id='word_1_7' title='bbox 583 492 953 559; x_wconf 59' lang='lat' dir='ltr'><strong>integuntur,</strong></span> <span class='ocrx_word' id='word_1_8' title='bbox 984 485 1303 541; x_wconf 67' lang='lat' dir='ltr'><strong>facinorosae</strong></span> <span class='ocrx_word' id='word_1_9' title='bbox 1337 485 1576 542; x_wconf 66' lang='lat' dir='ltr'><strong>audaciae</strong></span> <span class='ocrx_word' id='word_1_10' title='bbox 1605 501 1721 541; x_wconf 66' lang='lat' dir='ltr'><strong>sua:</strong></span> <span class='ocrx_word' id='word_1_11' title='bbox 1751 490 2156 554; x_wconf 78' lang='lat' dir='ltr'><strong>convenienter,</strong></span> 
     </span>
    </p>
   </div>
   <div class='ocr_carea' id='block_1_5' title="bbox 2276 482 3859 559">
    <p class='ocr_par' dir='ltr' id='par_1_5' title="bbox 2276 482 3859 557">
     <span class='ocr_line' id='line_1_5' title="bbox 2276 482 3859 557; baseline -0.001 -15"><span class='ocrx_word' id='word_1_12' title='bbox 2276 489 2320 542; x_wconf 61' lang='lat' dir='ltr'><strong>is</strong></span> <span class='ocrx_word' id='word_1_13' title='bbox 2375 490 2424 541; x_wconf 84' lang='grc' dir='ltr'>οἱ</span> <span class='ocrx_word' id='word_1_14' title='bbox 2477 489 2803 550; x_wconf 78' lang='grc' dir='ltr'><strong>Χαναναῖοι,</strong></span> <span class='ocrx_word' id='word_1_15' title='bbox 2851 484 2946 538; x_wconf 71' lang='grc' dir='ltr'>καὶ</span> <span class='ocrx_word' id='word_1_16' title='bbox 2987 484 3074 538; x_wconf 76' lang='grc' dir='ltr'><strong>ἐπ’</strong></span> <span class='ocrx_word' id='word_1_17' title='bbox 3113 482 3367 555; x_wconf 76' lang='grc' dir='ltr'><strong>ἀθεότητι</strong></span> <span class='ocrx_word' id='word_1_18' title='bbox 3416 484 3859 557; x_wconf 65' lang='grc' dir='ltr'>διαϐεϐλημένου</span> 
     </span>
    </p>
   </div>
   <div class='ocr_carea' id='block_1_6' title="bbox 584 578 2009 646">
    <p class='ocr_par' dir='ltr' id='par_1_6' title="bbox 584 578 2009 646">
     <span class='ocr_line' id='line_1_6' title="bbox 584 578 2009 646; baseline -0.003 -9"><span class='ocrx_word' id='word_1_19' title='bbox 584 585 887 646; x_wconf 83' lang='lat' dir='ltr'><strong>audientes,</strong></span> <span class='ocrx_word' id='word_1_20' title='bbox 924 600 941 631; x_wconf 84' lang='grc' dir='ltr'><strong>ι</strong></span> <span class='ocrx_word' id='word_1_21' title='bbox 980 596 1166 635; x_wconf 83' lang='lat' dir='ltr'><strong>semen</strong></span> <span class='ocrx_word' id='word_1_22' title='bbox 1198 580 1475 640; x_wconf 81' lang='lat' dir='ltr'><strong>Chanaan.</strong></span> <span class='ocrx_word' id='word_1_23' title='bbox 1504 589 1559 636; x_wconf 87' lang='lat' dir='ltr'><strong>et</strong></span> <span class='ocrx_word' id='word_1_24' title='bbox 1589 594 1695 634; x_wconf 94' lang='lat' dir='ltr'><strong>non</strong></span> <span class='ocrx_word' id='word_1_25' title='bbox 1725 578 1861 635; x_wconf 80' lang='lat' dir='ltr'><strong>Juda</strong></span> <span class='ocrx_word' id='word_1_26' title='bbox 1888 582 1953 633; x_wconf 79' lang='grc'><strong>⁸⁸.</strong></span> <span class='ocrx_word' id='word_1_27' title='bbox 1990 598 2009 634; x_wconf 79' lang='grc' dir='ltr'><strong>ι</strong></span> 
     </span>
    </p>
   </div>
   <div class='ocr_carea' id='block_1_7' title="bbox 661 852 2167 923">
    <p class='ocr_par' dir='ltr' id='par_1_7' title="bbox 661 852 2167 923">
     <span class='ocr_line' id='line_1_7' title="bbox 661 852 2167 923; baseline 0.002 -17"><span class='ocrx_word' id='word_1_28' title='bbox 661 855 820 909; x_wconf 72' lang='lat' dir='ltr'><strong>\‘ens.</strong></span> <span class='ocrx_word' id='word_1_29' title='bbox 850 856 904 920; x_wconf 88' lang='lat'><strong>9,</strong></span> <span class='ocrx_word' id='word_1_30' title='bbox 936 856 1021 908; x_wconf 81' lang='lat' dir='ltr'><strong>it).</strong></span> <span class='ocrx_word' id='word_1_31' title='bbox 1062 854 1169 923; x_wconf 65' lang='lat' dir='ltr'><strong>ligo</strong></span> <span class='ocrx_word' id='word_1_32' title='bbox 1199 863 1371 906; x_wconf 80' lang='lat' dir='ltr'><strong>autem</strong></span> <span class='ocrx_word' id='word_1_33' title='bbox 1405 852 1660 907; x_wconf 76' lang='lat' dir='ltr'><strong>Dominus</strong></span> <span class='ocrx_word' id='word_1_34' title='bbox 1690 853 1830 907; x_wconf 67' lang='lat' dir='ltr'><strong>Deus</strong></span> <span class='ocrx_word' id='word_1_35' title='bbox 1862 864 1981 909; x_wconf 81' lang='lat' dir='ltr'><strong>tuus</strong></span> <span class='ocrx_word' id='word_1_36' title='bbox 2010 856 2167 909; x_wconf 74' lang='lat' dir='ltr'><strong>eduxi</strong></span> 
     </span>
    </p>
   </div>
   <div class='ocr_carea' id='block_1_8' title="bbox 584 944 2171 1016">
    <p class='ocr_par' dir='ltr' id='par_1_8' title="bbox 584 944 2171 1016">
     <span class='ocr_line' id='line_1_8' title="bbox 584 944 2171 1016; baseline -0.001 -15"><span class='ocrx_word' id='word_1_37' title='bbox 584 958 632 1001; x_wconf 82' lang='lat' dir='ltr'><strong>te</strong></span> <span class='ocrx_word' id='word_1_38' title='bbox 666 952 730 1001; x_wconf 81' lang='lat' dir='ltr'><strong>de</strong></span> <span class='ocrx_word' id='word_1_39' title='bbox 764 960 904 1001; x_wconf 85' lang='lat' dir='ltr'><strong>terra</strong></span> <span class='ocrx_word' id='word_1_40' title='bbox 932 945 1171 1016; x_wconf 62' lang='lat' dir='ltr'><strong>.Egypti.</strong></span> <span class='ocrx_word' id='word_1_41' title='bbox 1203 944 1389 999; x_wconf 80' lang='lat' dir='ltr'><strong><em>Adhuc</em></strong></span> <span class='ocrx_word' id='word_1_42' title='bbox 1421 946 1658 999; x_wconf 77' lang='lat' dir='ltr'><strong>habitare</strong></span> <span class='ocrx_word' id='word_1_43' title='bbox 1692 957 1739 999; x_wconf 83' lang='lat' dir='ltr'><strong>le</strong></span> <span class='ocrx_word' id='word_1_44' title='bbox 1771 946 1965 1014; x_wconf 79' lang='lat' dir='ltr'><strong>faciant</strong></span> <span class='ocrx_word' id='word_1_45' title='bbox 2002 949 2054 1001; x_wconf 78' lang='lat' dir='ltr'><strong>in</strong></span> <span class='ocrx_word' id='word_1_46' title='bbox 2089 956 2171 1000; x_wconf 84' lang='lat' dir='ltr'><strong>ta—</strong></span> 
     </span>
    </p>
   </div>
   <div class='ocr_carea' id='block_1_9' title="bbox 586 1035 2169 1107">
    <p class='ocr_par' dir='ltr' id='par_1_9' title="bbox 586 1035 2169 1107">
     <span class='ocr_line' id='line_1_9' title="bbox 586 1035 2169 1107; baseline -0.001 -15"><span class='ocrx_word' id='word_1_47' title='bbox 586 1040 901 1104; x_wconf 81' lang='lat' dir='ltr'><strong>bernaculis,</strong></span> <span class='ocrx_word' id='word_1_48' title='bbox 933 1040 1061 1092; x_wconf 83' lang='lat' dir='ltr'><strong>sicut</strong></span> <span class='ocrx_word' id='word_1_49' title='bbox 1095 1039 1149 1090; x_wconf 84' lang='lat' dir='ltr'><strong>in</strong></span> <span class='ocrx_word' id='word_1_50' title='bbox 1180 1038 1361 1091; x_wconf 86' lang='lat' dir='ltr'><strong>diebus</strong></span> <span class='ocrx_word' id='word_1_51' title='bbox 1391 1037 1759 1091; x_wconf 80' lang='lat' dir='ltr'><strong>solemnitatis.</strong></span> <span class='ocrx_word' id='word_1_52' title='bbox 1787 1035 1858 1092; x_wconf 87' lang='lat' dir='ltr'><strong>Et</strong></span> <span class='ocrx_word' id='word_1_53' title='bbox 1889 1038 2077 1107; x_wconf 80' lang='lat' dir='ltr'><strong>loquar</strong></span> <span class='ocrx_word' id='word_1_54' title='bbox 2101 1041 2169 1091; x_wconf 81' lang='lat' dir='ltr'><strong>ad</strong></span> 
     </span>
    </p>
   </div>
   <div class='ocr_carea' id='block_1_10' title="bbox 583 1122 2168 1197">
    <p class='ocr_par' dir='ltr' id='par_1_10' title="bbox 583 1122 2168 1197">
     <span class='ocr_line' id='line_1_10' title="bbox 583 1122 2168 1197; baseline 0 -15"><span class='ocrx_word' id='word_1_55' title='bbox 583 1130 887 1197; x_wconf 72' lang='lat' dir='ltr'><strong>prophetas.</strong></span> <span class='ocrx_word' id='word_1_56' title='bbox 928 1122 993 1179; x_wconf 82' lang='lat' dir='ltr'><strong>Et</strong></span> <span class='ocrx_word' id='word_1_57' title='bbox 1034 1143 1126 1195; x_wconf 85' lang='lat' dir='ltr'><strong>ego</strong></span> <span class='ocrx_word' id='word_1_58' title='bbox 1170 1127 1391 1180; x_wconf 81' lang='lat' dir='ltr'><strong>visiones</strong></span> <span class='ocrx_word' id='word_1_59' title='bbox 1428 1126 1797 1196; x_wconf 81' lang='lat' dir='ltr'><strong>multiplicavi,</strong></span> <span class='ocrx_word' id='word_1_60' title='bbox 1832 1138 1880 1183; x_wconf 80' lang='lat' dir='ltr'><strong>et</strong></span> <span class='ocrx_word' id='word_1_61' title='bbox 1918 1128 1972 1181; x_wconf 82' lang='lat' dir='ltr'><strong>in</strong></span> <span class='ocrx_word' id='word_1_62' title='bbox 2012 1147 2168 1183; x_wconf 81' lang='lat' dir='ltr'><strong>manu</strong></span> 
     </span>
    </p>
   </div>
   <div class='ocr_carea' id='block_1_11' title="bbox 583 1219 1487 1291">
    <p class='ocr_par' dir='ltr' id='par_1_11' title="bbox 583 1219 1487 1291">
     <span class='ocr_line' id='line_1_11' title="bbox 583 1219 1487 1291; baseline 0 -20"><span class='ocrx_word' id='word_1_63' title='bbox 583 1222 955 1291; x_wconf 78' lang='lat' dir='ltr'><strong>prophetarum</strong></span> <span class='ocrx_word' id='word_1_64' title='bbox 989 1219 1317 1272; x_wconf 69' lang='lat' dir='ltr'><strong>ass-imitatus</strong></span> <span class='ocrx_word' id='word_1_65' title='bbox 1353 1234 1487 1271; x_wconf 82' lang='lat' dir='ltr'><strong>sum.</strong></span> 
     </span>
    </p>
   </div>
   <div class='ocr_carea' id='block_1_12' title="bbox 655 1308 2169 1380">
    <p class='ocr_par' dir='ltr' id='par_1_12' title="bbox 655 1308 2169 1380">
     <span class='ocr_line' id='line_1_12' title="bbox 655 1308 2169 1380; baseline 0 -15"><span class='ocrx_word' id='word_1_66' title='bbox 655 1311 832 1365; x_wconf 76' lang='lat' dir='ltr'><strong>CXLI.</strong></span> <span class='ocrx_word' id='word_1_67' title='bbox 874 1312 1133 1365; x_wconf 79' lang='lat' dir='ltr'><strong>Chanaan</strong></span> <span class='ocrx_word' id='word_1_68' title='bbox 1166 1310 1453 1380; x_wconf 77' lang='lat' dir='ltr'><strong>appellavit</strong></span> <span class='ocrx_word' id='word_1_69' title='bbox 1485 1308 1765 1380; x_wconf 79' lang='lat' dir='ltr'><strong>Ephraim,</strong></span> <span class='ocrx_word' id='word_1_70' title='bbox 1800 1321 1858 1367; x_wconf 91' lang='lat' dir='ltr'><strong>ut</strong></span> <span class='ocrx_word' id='word_1_71' title='bbox 1889 1311 2020 1379; x_wconf 83' lang='lat' dir='ltr'><strong>dixi,</strong></span> <span class='ocrx_word' id='word_1_72' title='bbox 2050 1329 2169 1365; x_wconf 82' lang='lat' dir='ltr'><strong>ma-</strong></span> 
     </span>
    </p>
   </div>
   <div class='ocr_carea' id='block_1_13' title="bbox 586 1402 2169 1473">
    <p class='ocr_par' dir='ltr' id='par_1_13' title="bbox 586 1402 2169 1473">
     <span class='ocr_line' id='line_1_13' title="bbox 586 1402 2169 1473; baseline -0.001 -15"><span class='ocrx_word' id='word_1_73' title='bbox 586 1402 781 1459; x_wconf 68' lang='lat' dir='ltr'><strong>niieme</strong></span> <span class='ocrx_word' id='word_1_74' title='bbox 808 1418 1107 1472; x_wconf 88' lang='lat' dir='ltr'><strong>coarguens</strong></span> <span class='ocrx_word' id='word_1_75' title='bbox 1132 1411 1189 1454; x_wconf 91' lang='lat' dir='ltr'><strong>ut</strong></span> <span class='ocrx_word' id='word_1_76' title='bbox 1218 1402 1491 1455; x_wconf 90' lang='lat' dir='ltr'><strong>inimicum</strong></span> <span class='ocrx_word' id='word_1_77' title='bbox 1523 1402 1908 1459; x_wconf 74' lang='lat' dir='ltr'><strong>misericordia:</strong></span> <span class='ocrx_word' id='word_1_78' title='bbox 1934 1414 1986 1457; x_wconf 90' lang='lat' dir='ltr'><strong>et</strong></span> <span class='ocrx_word' id='word_1_79' title='bbox 2007 1403 2169 1473; x_wconf 86' lang='lat' dir='ltr'><strong>justi-</strong></span> 
     </span>
    </p>
   </div>
   <div class='ocr_carea' id='block_1_14' title="bbox 587 1493 2169 1563">
    <p class='ocr_par' dir='ltr' id='par_1_14' title="bbox 587 1493 2169 1563">
     <span class='ocr_line' id='line_1_14' title="bbox 587 1493 2169 1563; baseline -0.001 -13"><span class='ocrx_word' id='word_1_80' title='bbox 587 1496 703 1561; x_wconf 74' lang='lat' dir='ltr'><strong>tiar,</strong></span> <span class='ocrx_word' id='word_1_81' title='bbox 730 1504 785 1549; x_wconf 88' lang='lat' dir='ltr'><strong>et</strong></span> <span class='ocrx_word' id='word_1_82' title='bbox 812 1504 1107 1549; x_wconf 74' lang='lat' dir='ltr'><strong>sectantem</strong></span> <span class='ocrx_word' id='word_1_83' title='bbox 1143 1493 1321 1561; x_wconf 90' lang='lat' dir='ltr'><strong>potius</strong></span> <span class='ocrx_word' id='word_1_84' title='bbox 1352 1493 1771 1563; x_wconf 69' lang='lat' dir='ltr'><strong>inaequalitatem</strong></span> <span class='ocrx_word' id='word_1_85' title='bbox 1800 1504 1853 1549; x_wconf 92' lang='lat' dir='ltr'><strong>et</strong></span> <span class='ocrx_word' id='word_1_86' title='bbox 1885 1496 2169 1549; x_wconf 83' lang='lat' dir='ltr'><strong>avaritiam</strong></span> 
     </span>
    </p>
   </div>
   <div class='ocr_carea' id='block_1_15' title="bbox 583 1584 2170 1658">
    <p class='ocr_par' dir='ltr' id='par_1_15' title="bbox 583 1584 2170 1658">
     <span class='ocr_line' id='line_1_15' title="bbox 583 1584 2170 1658; baseline 0 -16"><span class='ocrx_word' id='word_1_87' title='bbox 583 1596 639 1642; x_wconf 89' lang='lat' dir='ltr'><strong>et</strong></span> <span class='ocrx_word' id='word_1_88' title='bbox 662 1586 963 1657; x_wconf 84' lang='lat' dir='ltr'><strong>iniquitatis</strong></span> <span class='ocrx_word' id='word_1_89' title='bbox 986 1598 1149 1639; x_wconf 89' lang='lat' dir='ltr'><strong>omne</strong></span> <span class='ocrx_word' id='word_1_90' title='bbox 1174 1599 1362 1653; x_wconf 87' lang='lat' dir='ltr'><strong>genus.</strong></span> <span class='ocrx_word' id='word_1_91' title='bbox 1392 1584 1589 1640; x_wconf 79' lang='lat' dir='ltr'><strong>Verum</strong></span> <span class='ocrx_word' id='word_1_92' title='bbox 1618 1600 1747 1641; x_wconf 90' lang='lat' dir='ltr'><strong>ecce</strong></span> <span class='ocrx_word' id='word_1_93' title='bbox 1771 1596 2003 1641; x_wconf 87' lang='lat' dir='ltr'><strong>conatur</strong></span> <span class='ocrx_word' id='word_1_94' title='bbox 2031 1603 2170 1658; x_wconf 66' lang='lat' dir='ltr'><strong>prte-</strong></span> 
     </span>
    </p>
   </div>
   <div class='ocr_carea' id='block_1_16' title="bbox 585 1679 2172 1742">
    <p class='ocr_par' dir='ltr' id='par_1_16' title="bbox 585 1679 2172 1742">
     <span class='ocr_line' id='line_1_16' title="bbox 585 1679 2172 1742; baseline 0.001 -7"><span class='ocrx_word' id='word_1_95' title='bbox 585 1692 733 1735; x_wconf 89' lang='lat' dir='ltr'><strong>terea</strong></span> <span class='ocrx_word' id='word_1_96' title='bbox 763 1680 1084 1742; x_wconf 86' lang='lat' dir='ltr'><strong>ostendere,</strong></span> <span class='ocrx_word' id='word_1_97' title='bbox 1117 1694 1222 1733; x_wconf 90' lang='lat' dir='ltr'><strong>non</strong></span> <span class='ocrx_word' id='word_1_98' title='bbox 1249 1679 1423 1733; x_wconf 91' lang='lat' dir='ltr'><strong>solum</strong></span> <span class='ocrx_word' id='word_1_99' title='bbox 1454 1681 1505 1732; x_wconf 90' lang='lat' dir='ltr'><strong>in</strong></span> <span class='ocrx_word' id='word_1_100' title='bbox 1534 1680 1697 1735; x_wconf 82' lang='lat' dir='ltr'><strong>rebus</strong></span> <span class='ocrx_word' id='word_1_101' title='bbox 1726 1681 1978 1737; x_wconf 83' lang='lat' dir='ltr'><strong>humanis</strong></span> <span class='ocrx_word' id='word_1_102' title='bbox 2006 1681 2172 1736; x_wconf 81' lang='lat' dir='ltr'><strong>fuisse</strong></span> 
     </span>
    </p>
   </div>
   <div class='ocr_carea' id='block_1_17' title="bbox 584 1770 2172 1843">
    <p class='ocr_par' dir='ltr' id='par_1_17' title="bbox 584 1770 2172 1843">
     <span class='ocr_line' id='line_1_17' title="bbox 584 1770 2172 1843; baseline 0.001 -16"><span class='ocrx_word' id='word_1_103' title='bbox 584 1774 775 1838; x_wconf 80' lang='lat' dir='ltr'><strong>talem,</strong></span> <span class='ocrx_word' id='word_1_104' title='bbox 805 1775 897 1828; x_wconf 87' lang='lat' dir='ltr'><strong>sed</strong></span> <span class='ocrx_word' id='word_1_105' title='bbox 926 1773 1089 1827; x_wconf 88' lang='lat' dir='ltr'><strong>etiam</strong></span> <span class='ocrx_word' id='word_1_106' title='bbox 1123 1772 1558 1841; x_wconf 76' lang='lat' dir='ltr'><strong>appropinquare</strong></span> <span class='ocrx_word' id='word_1_107' title='bbox 1588 1770 1699 1827; x_wconf 91' lang='lat' dir='ltr'><strong>Deo</strong></span> <span class='ocrx_word' id='word_1_108' title='bbox 1728 1773 1888 1827; x_wconf 88' lang='lat' dir='ltr'><strong>rebus</strong></span> <span class='ocrx_word' id='word_1_109' title='bbox 1919 1774 2051 1843; x_wconf 86' lang='lat' dir='ltr'><strong>ipsis</strong></span> <span class='ocrx_word' id='word_1_110' title='bbox 2083 1791 2172 1828; x_wconf 92' lang='lat' dir='ltr'><strong>re-</strong></span> 
     </span>
    </p>
   </div>
   <div class='ocr_carea' id='block_1_18' title="bbox 2266 576 3862 651">
    <p class='ocr_par' dir='ltr' id='par_1_18' title="bbox 2266 576 3862 651">
     <span class='ocr_line' id='line_1_18' title="bbox 2266 576 3862 651; baseline -0.001 -18"><span class='ocrx_word' id='word_1_111' title='bbox 2266 582 2545 651; x_wconf 79' lang='grc' dir='ltr'><strong>τοιγάρτοι</strong></span> <span class='ocrx_word' id='word_1_112' title='bbox 2576 580 2672 633; x_wconf 74' lang='grc' dir='ltr'>καὶ</span> <span class='ocrx_word' id='word_1_113' title='bbox 2708 576 3048 643; x_wconf 77' lang='grc' dir='ltr'>ὠνειδίζοντό</span> <span class='ocrx_word' id='word_1_114' title='bbox 3075 594 3242 641; x_wconf 84' lang='grc' dir='ltr'>τινες,</span> <span class='ocrx_word' id='word_1_115' title='bbox 3272 579 3385 640; x_wconf 89' lang='grc' dir='ltr'>τοῖς</span> <span class='ocrx_word' id='word_1_116' title='bbox 3416 579 3625 632; x_wconf 79' lang='grc' dir='ltr'>ἑαυτῶν</span> <span class='ocrx_word' id='word_1_117' title='bbox 3650 580 3862 651; x_wconf 80' lang='grc' dir='ltr'>τολμή-</span> 
     </span>
    </p>
   </div>
   <div class='ocr_carea' id='block_1_19' title="bbox 2271 669 3862 743">
    <p class='ocr_par' dir='ltr' id='par_1_19' title="bbox 2271 669 3862 743">
     <span class='ocr_line' id='line_1_19' title="bbox 2271 669 3862 743; baseline -0.001 -19"><span class='ocrx_word' id='word_1_118' title='bbox 2271 688 2404 742; x_wconf 87' lang='grc' dir='ltr'>μασι</span> <span class='ocrx_word' id='word_1_119' title='bbox 2454 671 2775 743; x_wconf 84' lang='grc' dir='ltr'><strong>πρεπόντως</strong></span> <span class='ocrx_word' id='word_1_120' title='bbox 2820 669 3133 733; x_wconf 86' lang='grc' dir='ltr'>ἀκούοντες,</span> <span class='ocrx_word' id='word_1_121' title='bbox 3170 687 3190 720; x_wconf 74' lang='grc' dir='ltr'><strong>ε</strong></span> <span class='ocrx_word' id='word_1_122' title='bbox 3221 669 3451 741; x_wconf 78' lang='grc' dir='ltr'>Σπέρμα</span> <span class='ocrx_word' id='word_1_123' title='bbox 3485 670 3729 737; x_wconf 72' lang='grc' dir='ltr'>Χαναὰν,</span> <span class='ocrx_word' id='word_1_124' title='bbox 3763 670 3862 723; x_wconf 77' lang='grc' dir='ltr'>καὶ</span> 
     </span>
    </p>
   </div>
   <div class='ocr_carea' id='block_1_20' title="bbox 2267 763 2651 818">
    <p class='ocr_par' dir='ltr' id='par_1_20' title="bbox 2267 763 2651 818">
     <span class='ocr_line' id='line_1_20' title="bbox 2267 763 2651 818; baseline 0 -2"><span class='ocrx_word' id='word_1_125' title='bbox 2267 764 2369 817; x_wconf 84' lang='grc' dir='ltr'>οὐκ</span> <span class='ocrx_word' id='word_1_126' title='bbox 2408 763 2599 818; x_wconf 80' lang='grc' dir='ltr'><strong>Ἰούδα.</strong></span> <span class='ocrx_word' id='word_1_127' title='bbox 2632 782 2651 816; x_wconf 76' lang='grc' dir='ltr'><strong>ι</strong></span> 
     </span>
    </p>
   </div>
   <div class='ocr_carea' id='block_1_21' title="bbox 2352 852 3863 926">
    <p class='ocr_par' dir='ltr' id='par_1_21' title="bbox 2352 852 3863 926">
     <span class='ocr_line' id='line_1_21' title="bbox 2352 852 3863 926; baseline 0.001 -18"><span class='ocrx_word' id='word_1_128' title='bbox 2352 855 2494 926; x_wconf 78' lang='grc' dir='ltr'><strong>Ἐγὼ</strong></span> <span class='ocrx_word' id='word_1_129' title='bbox 2522 856 2589 910; x_wconf 83' lang='grc' dir='ltr'>δὲ</span> <span class='ocrx_word' id='word_1_130' title='bbox 2615 857 2877 924; x_wconf 82' lang='grc' dir='ltr'>Κύριοςό</span> <span class='ocrx_word' id='word_1_131' title='bbox 2900 857 3044 921; x_wconf 83' lang='grc' dir='ltr'>Θεός</span> <span class='ocrx_word' id='word_1_132' title='bbox 3064 869 3181 908; x_wconf 85' lang='grc' dir='ltr'><strong>σου</strong></span> <span class='ocrx_word' id='word_1_133' title='bbox 3213 852 3522 923; x_wconf 64' lang='grc' dir='ltr'>ἀνήγαγνόν</span> <span class='ocrx_word' id='word_1_134' title='bbox 3542 870 3616 908; x_wconf 81' lang='grc' dir='ltr'><strong>σε</strong></span> <span class='ocrx_word' id='word_1_135' title='bbox 3635 856 3703 909; x_wconf 74' lang='grc' dir='ltr'>ἐκ</span> <span class='ocrx_word' id='word_1_136' title='bbox 3748 854 3863 923; x_wconf 74' lang='grc' dir='ltr'>γῆς</span> 
     </span>
    </p>
   </div>
   <div class='ocr_carea' id='block_1_22' title="bbox 2268 946 3861 1017">
    <p class='ocr_par' dir='ltr' id='par_1_22' title="bbox 2268 946 3861 1017">
     <span class='ocr_line' id='line_1_22' title="bbox 2268 946 3861 1017; baseline -0.001 -18"><span class='ocrx_word' id='word_1_137' title='bbox 2268 948 2724 1017; x_wconf 76' lang='grc' dir='ltr'>Αἱγύπτου.Ἔτι</span> <span class='ocrx_word' id='word_1_138' title='bbox 2754 946 3031 1003; x_wconf 80' lang='grc' dir='ltr'>κατοικιῶ</span> <span class='ocrx_word' id='word_1_139' title='bbox 3058 962 3134 1000; x_wconf 87' lang='grc' dir='ltr'><strong>σε</strong></span> <span class='ocrx_word' id='word_1_140' title='bbox 3154 946 3227 999; x_wconf 77' lang='grc' dir='ltr'><strong>ἐν</strong></span> <span class='ocrx_word' id='word_1_141' title='bbox 3253 946 3534 1011; x_wconf 80' lang='grc' dir='ltr'><strong>σκηναῖς,</strong></span> <span class='ocrx_word' id='word_1_142' title='bbox 3568 947 3771 1011; x_wconf 82' lang='grc' dir='ltr'>καθὼς</span> <span class='ocrx_word' id='word_1_143' title='bbox 3795 948 3861 997; x_wconf 76' lang='grc' dir='ltr'><strong>ἐν</strong></span> 
     </span>
    </p>
   </div>
   <div class='ocr_carea' id='block_1_23' title="bbox 2273 1036 3856 1109">
    <p class='ocr_par' dir='ltr' id='par_1_23' title="bbox 2273 1036 3856 1109">
     <span class='ocr_line' id='line_1_23' title="bbox 2273 1036 3856 1109; baseline -0.002 -17"><span class='ocrx_word' id='word_1_144' title='bbox 2273 1039 2522 1109; x_wconf 76' lang='grc' dir='ltr'>ἡμέραις</span> <span class='ocrx_word' id='word_1_145' title='bbox 2576 1038 2807 1108; x_wconf 79' lang='grc' dir='ltr'>ἑορτῆς.</span> <span class='ocrx_word' id='word_1_146' title='bbox 2846 1038 2955 1093; x_wconf 77' lang='grc' dir='ltr'><strong>Καὶ</strong></span> <span class='ocrx_word' id='word_1_147' title='bbox 3012 1036 3267 1104; x_wconf 76' lang='grc' dir='ltr'>λαλήσω</span> <span class='ocrx_word' id='word_1_148' title='bbox 3321 1036 3469 1105; x_wconf 82' lang='grc' dir='ltr'>πρὸς</span> <span class='ocrx_word' id='word_1_149' title='bbox 3521 1036 3856 1105; x_wconf 61' lang='grc' dir='ltr'>προφήτας.</span> 
     </span>
    </p>
   </div>
   <div class='ocr_carea' id='block_1_24' title="bbox 2270 1128 3861 1200">
    <p class='ocr_par' dir='ltr' id='par_1_24' title="bbox 2270 1128 3861 1200">
     <span class='ocr_line' id='line_1_24' title="bbox 2270 1128 3861 1200; baseline -0.001 -17"><span class='ocrx_word' id='word_1_150' title='bbox 2270 1129 2379 1183; x_wconf 83' lang='grc' dir='ltr'><strong>Καὶ</strong></span> <span class='ocrx_word' id='word_1_151' title='bbox 2413 1129 2525 1200; x_wconf 79' lang='grc' dir='ltr'><strong>ἐγὼ</strong></span> <span class='ocrx_word' id='word_1_152' title='bbox 2558 1129 2797 1197; x_wconf 75' lang='grc' dir='ltr'>ὁράσεις</span> <span class='ocrx_word' id='word_1_153' title='bbox 2826 1129 3161 1195; x_wconf 74' lang='grc' dir='ltr'>ἐπλήθυνα,</span> <span class='ocrx_word' id='word_1_154' title='bbox 3189 1129 3285 1182; x_wconf 77' lang='grc' dir='ltr'><strong>καί</strong></span> <span class='ocrx_word' id='word_1_155' title='bbox 3313 1128 3384 1181; x_wconf 79' lang='grc' dir='ltr'><strong>ἐν</strong></span> <span class='ocrx_word' id='word_1_156' title='bbox 3421 1128 3588 1197; x_wconf 76' lang='grc' dir='ltr'>χερσί</span> <span class='ocrx_word' id='word_1_157' title='bbox 3626 1145 3861 1198; x_wconf 59' lang='grc' dir='ltr'>προφη-</span> 
     </span>
    </p>
   </div>
   <div class='ocr_carea' id='block_1_25' title="bbox 2271 1218 2743 1290">
    <p class='ocr_par' dir='ltr' id='par_1_25' title="bbox 2271 1218 2743 1290">
     <span class='ocr_line' id='line_1_25' title="bbox 2271 1218 2743 1290; baseline 0.004 -16"><span class='ocrx_word' id='word_1_158' title='bbox 2271 1218 2391 1274; x_wconf 75' lang='grc' dir='ltr'><strong>τῶν</strong></span> <span class='ocrx_word' id='word_1_159' title='bbox 2415 1221 2743 1290; x_wconf 80' lang='grc' dir='ltr'>ὼμοιώθην.</span> 
     </span>
    </p>
   </div>
   <div class='ocr_carea' id='block_1_26' title="bbox 2344 1310 3857 1383">
    <p class='ocr_par' dir='ltr' id='par_1_26' title="bbox 2344 1310 3857 1383">
     <span class='ocr_line' id='line_1_26' title="bbox 2344 1310 3857 1383; baseline -0.001 -19"><span class='ocrx_word' id='word_1_160' title='bbox 2344 1313 2524 1367; x_wconf 75' lang='grc' dir='ltr'><strong>ΡΜΑ¹.</strong></span> <span class='ocrx_word' id='word_1_161' title='bbox 2565 1312 2791 1367; x_wconf 77' lang='grc' dir='ltr'>Χαναὰν</span> <span class='ocrx_word' id='word_1_162' title='bbox 2842 1311 3096 1382; x_wconf 82' lang='grc' dir='ltr'>ὠνόμασε</span> <span class='ocrx_word' id='word_1_163' title='bbox 3145 1311 3237 1365; x_wconf 77' lang='grc' dir='ltr'>τὸν</span> <span class='ocrx_word' id='word_1_164' title='bbox 3278 1310 3537 1383; x_wconf 79' lang='grc' dir='ltr'>Ἐφραῖμ,</span> <span class='ocrx_word' id='word_1_165' title='bbox 3580 1312 3657 1377; x_wconf 77' lang='grc' dir='ltr'>ὡς</span> <span class='ocrx_word' id='word_1_166' title='bbox 3699 1312 3857 1381; x_wconf 58' lang='grc' dir='ltr'>ἔφην,</span> 
     </span>
    </p>
   </div>
   <div class='ocr_carea' id='block_1_27' title="bbox 2273 1404 3860 1477">
    <p class='ocr_par' dir='ltr' id='par_1_27' title="bbox 2273 1404 3860 1477">
     <span class='ocr_line' id='line_1_27' title="bbox 2273 1404 3860 1477; baseline 0.001 -18"><span class='ocrx_word' id='word_1_167' title='bbox 2273 1404 2593 1475; x_wconf 86' lang='grc' dir='ltr'>ἀπελέγχων</span> <span class='ocrx_word' id='word_1_168' title='bbox 2620 1405 2888 1475; x_wconf 77' lang='grc' dir='ltr'>ἐναργῶς,</span> <span class='ocrx_word' id='word_1_169' title='bbox 2918 1405 2994 1469; x_wconf 83' lang='grc' dir='ltr'>ὡς</span> <span class='ocrx_word' id='word_1_170' title='bbox 3031 1404 3118 1475; x_wconf 89' lang='grc' dir='ltr'><strong>είη</strong></span> <span class='ocrx_word' id='word_1_171' title='bbox 3152 1405 3472 1477; x_wconf 76' lang='grc' dir='ltr'><strong>μεμισηκὼς</strong></span> <span class='ocrx_word' id='word_1_172' title='bbox 3495 1406 3642 1469; x_wconf 80' lang='grc' dir='ltr'>ἔλεός</span> <span class='ocrx_word' id='word_1_173' title='bbox 3672 1423 3731 1458; x_wconf 89' lang='grc' dir='ltr'><strong>τε</strong></span> <span class='ocrx_word' id='word_1_174' title='bbox 3767 1405 3860 1460; x_wconf 73' lang='grc' dir='ltr'>καὶ</span> 
     </span>
    </p>
   </div>
   <div class='ocr_carea' id='block_1_28' title="bbox 2274 1497 3861 1569">
    <p class='ocr_par' dir='ltr' id='par_1_28' title="bbox 2274 1497 3861 1569">
     <span class='ocr_line' id='line_1_28' title="bbox 2274 1497 3861 1569; baseline 0.001 -18"><span class='ocrx_word' id='word_1_175' title='bbox 2274 1498 2467 1569; x_wconf 88' lang='grc' dir='ltr'>κρίμα,</span> <span class='ocrx_word' id='word_1_176' title='bbox 2497 1497 2875 1569; x_wconf 80' lang='grc' dir='ltr'>ἀνθῃρημένος</span> <span class='ocrx_word' id='word_1_177' title='bbox 2914 1499 2969 1552; x_wconf 85' lang='grc' dir='ltr'>δὲ</span> <span class='ocrx_word' id='word_1_178' title='bbox 3008 1498 3209 1569; x_wconf 85' lang='grc' dir='ltr'>μᾶλλον</span> <span class='ocrx_word' id='word_1_179' title='bbox 3252 1499 3351 1569; x_wconf 83' lang='grc' dir='ltr'>τὴν</span> <span class='ocrx_word' id='word_1_180' title='bbox 3402 1498 3733 1565; x_wconf 75' lang='grc' dir='ltr'>πλεονεξίαν,</span> <span class='ocrx_word' id='word_1_181' title='bbox 3767 1498 3861 1552; x_wconf 75' lang='grc' dir='ltr'>καὶ</span> 
     </span>
    </p>
   </div>
   <div class='ocr_carea' id='block_1_29' title="bbox 2272 1584 3861 1661">
    <p class='ocr_par' dir='ltr' id='par_1_29' title="bbox 2272 1584 3861 1661">
     <span class='ocr_line' id='line_1_29' title="bbox 2272 1584 3861 1661; baseline 0.003 -22"><span class='ocrx_word' id='word_1_182' title='bbox 2272 1587 2369 1659; x_wconf 80' lang='grc' dir='ltr'>τὴν</span> <span class='ocrx_word' id='word_1_183' title='bbox 2396 1589 2707 1660; x_wconf 76' lang='grc' dir='ltr'>ἀνισότητα,</span> <span class='ocrx_word' id='word_1_184' title='bbox 2742 1592 2837 1642; x_wconf 75' lang='grc' dir='ltr'>καὶ</span> <span class='ocrx_word' id='word_1_185' title='bbox 2887 1590 2994 1643; x_wconf 82' lang='grc' dir='ltr'><strong>πᾶν</strong></span> <span class='ocrx_word' id='word_1_186' title='bbox 3040 1584 3181 1653; x_wconf 81' lang='grc' dir='ltr'>εῐδος</span> <span class='ocrx_word' id='word_1_187' title='bbox 3221 1590 3454 1653; x_wconf 85' lang='grc' dir='ltr'><strong>ἀδικίας.</strong></span> <span class='ocrx_word' id='word_1_188' title='bbox 3479 1589 3614 1644; x_wconf 78' lang='grc' dir='ltr'>Ἀλλ’</span> <span class='ocrx_word' id='word_1_189' title='bbox 3646 1589 3759 1644; x_wconf 70' lang='grc' dir='ltr'>ἰδοὺ</span> <span class='ocrx_word' id='word_1_190' title='bbox 3798 1591 3861 1661; x_wconf 84' lang='grc' dir='ltr'><strong>δή</strong></span> 
     </span>
    </p>
   </div>
   <div class='ocr_carea' id='block_1_30' title="bbox 2272 1678 3861 1753">
    <p class='ocr_par' dir='ltr' id='par_1_30' title="bbox 2272 1678 3861 1753">
     <span class='ocr_line' id='line_1_30' title="bbox 2272 1678 3861 1753; baseline 0.003 -22"><span class='ocrx_word' id='word_1_191' title='bbox 2272 1678 2438 1733; x_wconf 80' lang='grc' dir='ltr'>πάλιν</span> <span class='ocrx_word' id='word_1_192' title='bbox 2468 1680 2730 1751; x_wconf 79' lang='grc' dir='ltr'>πειρᾶται</span> <span class='ocrx_word' id='word_1_193' title='bbox 2762 1678 3050 1746; x_wconf 82' lang='grc' dir='ltr'>δεικνύειν,</span> <span class='ocrx_word' id='word_1_194' title='bbox 3083 1680 3160 1744; x_wconf 86' lang='grc' dir='ltr'>ὡς</span> <span class='ocrx_word' id='word_1_195' title='bbox 3201 1681 3277 1752; x_wconf 79' lang='grc' dir='ltr'>μὴ</span> <span class='ocrx_word' id='word_1_196' title='bbox 3308 1681 3469 1753; x_wconf 89' lang='grc' dir='ltr'>μόνον</span> <span class='ocrx_word' id='word_1_197' title='bbox 3500 1682 3763 1751; x_wconf 79' lang='grc' dir='ltr'>γεγονότα</span> <span class='ocrx_word' id='word_1_198' title='bbox 3794 1685 3861 1736; x_wconf 72' lang='grc' dir='ltr'><strong>τά</strong></span> 
     </span>
    </p>
   </div>
   <div class='ocr_carea' id='block_1_31' title="bbox 2272 1770 3861 1843">
    <p class='ocr_par' dir='ltr' id='par_1_31' title="bbox 2272 1770 3861 1843">
     <span class='ocr_line' id='line_1_31' title="bbox 2272 1770 3861 1843; baseline 0.002 -20"><span class='ocrx_word' id='word_1_199' title='bbox 2272 1770 2355 1833; x_wconf 80' lang='grc' dir='ltr'><strong>είς</strong></span> <span class='ocrx_word' id='word_1_200' title='bbox 2400 1770 2721 1842; x_wconf 78' lang='grc' dir='ltr'><strong>ἀνθρώπους</strong></span> <span class='ocrx_word' id='word_1_201' title='bbox 2769 1771 3032 1835; x_wconf 78' lang='grc' dir='ltr'>τοιοῦτον,</span> <span class='ocrx_word' id='word_1_202' title='bbox 3062 1770 3199 1826; x_wconf 89' lang='grc' dir='ltr'><strong>ἀλλά</strong></span> <span class='ocrx_word' id='word_1_203' title='bbox 3230 1772 3339 1843; x_wconf 90' lang='grc' dir='ltr'><strong>γάρ</strong></span> <span class='ocrx_word' id='word_1_204' title='bbox 3384 1773 3480 1827; x_wconf 70' lang='grc' dir='ltr'>καὶ</span> <span class='ocrx_word' id='word_1_205' title='bbox 3522 1773 3583 1825; x_wconf 78' lang='grc' dir='ltr'><strong>τὸ</strong></span> <span class='ocrx_word' id='word_1_206' title='bbox 3619 1774 3861 1842; x_wconf 76' lang='grc' dir='ltr'>ἐγγίζειν</span> 
     </span>
    </p>
   </div>
   <div class='ocr_carea' id='block_1_32' title="bbox 586 1845 2173 1935">
    <p class='ocr_par' dir='ltr' id='par_1_32' title="bbox 586 1864 2168 1933">
     <span class='ocr_line' id='line_1_32' title="bbox 586 1864 2168 1933; baseline 0.001 -14"><span class='ocrx_word' id='word_1_207' title='bbox 586 1880 828 1922; x_wconf 77' lang='lat' dir='ltr'><strong>rusasse.</strong></span> <span class='ocrx_word' id='word_1_208' title='bbox 857 1864 1139 1919; x_wconf 85' lang='lat' dir='ltr'><strong>lusimulat</strong></span> <span class='ocrx_word' id='word_1_209' title='bbox 1169 1864 1333 1933; x_wconf 89' lang='lat' dir='ltr'><strong>igitur</strong></span> <span class='ocrx_word' id='word_1_210' title='bbox 1362 1874 1420 1916; x_wconf 92' lang='lat' dir='ltr'><strong>ut</strong></span> <span class='ocrx_word' id='word_1_211' title='bbox 1455 1865 1794 1933; x_wconf 88' lang='lat' dir='ltr'><strong>ignorantem</strong></span> <span class='ocrx_word' id='word_1_212' title='bbox 1828 1864 2168 1921; x_wconf 84' lang='lat' dir='ltr'><strong>liberatorem</strong></span> 
     </span>
    </p>
   </div>
   <div class='ocr_carea' id='block_1_33' title="bbox 2276 1845 3861 1935">
    <p class='ocr_par' dir='ltr' id='par_1_33' title="bbox 2276 1861 3861 1935">
     <span class='ocr_line' id='line_1_33' title="bbox 2276 1861 3861 1935; baseline 0.004 -21"><span class='ocrx_word' id='word_1_213' title='bbox 2276 1861 2393 1933; x_wconf 87' lang='grc' dir='ltr'><strong>Θεῷ</strong></span> <span class='ocrx_word' id='word_1_214' title='bbox 2424 1861 2514 1915; x_wconf 86' lang='grc' dir='ltr'><strong>διὰ</strong></span> <span class='ocrx_word' id='word_1_215' title='bbox 2543 1864 2891 1935; x_wconf 85' lang='grc' dir='ltr'>πραγμάτων</span> <span class='ocrx_word' id='word_1_216' title='bbox 2921 1863 3102 1917; x_wconf 78' lang='grc' dir='ltr'>αὐτῶν</span> <span class='ocrx_word' id='word_1_217' title='bbox 3131 1862 3582 1935; x_wconf 82' lang='grc' dir='ltr'>παραιτούμενον.</span> <span class='ocrx_word' id='word_1_218' title='bbox 3608 1867 3861 1920; x_wconf 75' lang='grc' dir='ltr'>Δξτιᾶται</span> 
     </span>
    </p>
   </div>
   <div class='ocr_carea' id='block_1_34' title="bbox 584 1958 2170 2026">
    <p class='ocr_par' dir='ltr' id='par_1_34' title="bbox 584 1958 2170 2026">
     <span class='ocr_line' id='line_1_34' title="bbox 584 1958 2170 2026; baseline 0.001 -15"><span class='ocrx_word' id='word_1_219' title='bbox 584 1973 768 2020; x_wconf 88' lang='lat' dir='ltr'><strong>suum,</strong></span> <span class='ocrx_word' id='word_1_220' title='bbox 802 1966 861 2011; x_wconf 90' lang='lat' dir='ltr'><strong>ut</strong></span> <span class='ocrx_word' id='word_1_221' title='bbox 891 1958 1173 2013; x_wconf 83' lang='lat' dir='ltr'><strong>vecordem</strong></span> <span class='ocrx_word' id='word_1_222' title='bbox 1208 1972 1273 2011; x_wconf 90' lang='lat' dir='ltr'><strong>ac</strong></span> <span class='ocrx_word' id='word_1_223' title='bbox 1306 1964 1618 2026; x_wconf 88' lang='lat' dir='ltr'><strong>protervum</strong></span> <span class='ocrx_word' id='word_1_224' title='bbox 1653 1958 1913 2013; x_wconf 85' lang='lat' dir='ltr'><strong>adversus</strong></span> <span class='ocrx_word' id='word_1_225' title='bbox 1944 1958 2170 2013; x_wconf 86' lang='lat' dir='ltr'><strong>educto-</strong></span> 
     </span>
    </p>
   </div>
   <div class='ocr_carea' id='block_1_35' title="bbox 502 2049 2172 2122">
    <p class='ocr_par' dir='ltr' id='par_1_35' title="bbox 502 2049 2172 2122">
     <span class='ocr_line' id='line_1_35' title="bbox 502 2049 2172 2122; baseline 0.001 -16"><span class='ocrx_word' id='word_1_226' title='bbox 502 2098 512 2106; x_wconf 91' lang='lat'><strong>.</strong></span> <span class='ocrx_word' id='word_1_227' title='bbox 587 2068 702 2107; x_wconf 89' lang='lat' dir='ltr'><strong>rem</strong></span> <span class='ocrx_word' id='word_1_228' title='bbox 735 2067 924 2115; x_wconf 87' lang='lat' dir='ltr'><strong>suum,</strong></span> <span class='ocrx_word' id='word_1_229' title='bbox 960 2068 980 2104; x_wconf 82' lang='grc' dir='ltr'><strong>ι</strong></span> <span class='ocrx_word' id='word_1_230' title='bbox 1020 2051 1096 2106; x_wconf 91' lang='lat' dir='ltr'><strong>De</strong></span> <span class='ocrx_word' id='word_1_231' title='bbox 1130 2050 1288 2106; x_wconf 91' lang='lat' dir='ltr'><strong>domo</strong></span> <span class='ocrx_word' id='word_1_232' title='bbox 1321 2049 1627 2117; x_wconf 80' lang='lat' dir='ltr'><strong>servitutis,</strong></span> <span class='ocrx_word' id='word_1_233' title='bbox 1666 2051 1719 2106; x_wconf 91' lang='lat' dir='ltr'><strong>in</strong></span> <span class='ocrx_word' id='word_1_234' title='bbox 1754 2052 1923 2121; x_wconf 89' lang='lat' dir='ltr'><strong>signis</strong></span> <span class='ocrx_word' id='word_1_235' title='bbox 1953 2062 2009 2106; x_wconf 92' lang='lat' dir='ltr'><strong>et</strong></span> <span class='ocrx_word' id='word_1_236' title='bbox 2043 2067 2172 2122; x_wconf 89' lang='lat' dir='ltr'><strong>por-</strong></span> 
     </span>
    </p>
   </div>
   <div class='ocr_carea' id='block_1_36' title="bbox 588 2142 2170 2214">
    <p class='ocr_par' dir='ltr' id='par_1_36' title="bbox 588 2142 2170 2214">
     <span class='ocr_line' id='line_1_36' title="bbox 588 2142 2170 2214; baseline 0 -17"><span class='ocrx_word' id='word_1_237' title='bbox 588 2143 773 2207; x_wconf 87' lang='lat' dir='ltr'><strong>tentis,</strong></span> <span class='ocrx_word' id='word_1_238' title='bbox 797 2153 851 2197; x_wconf 84' lang='lat' dir='ltr'><strong>et</strong></span> <span class='ocrx_word' id='word_1_239' title='bbox 873 2143 923 2196; x_wconf 89' lang='lat' dir='ltr'><strong>in</strong></span> <span class='ocrx_word' id='word_1_240' title='bbox 945 2142 1165 2196; x_wconf 88' lang='lat' dir='ltr'><strong>brachio</strong></span> <span class='ocrx_word' id='word_1_241' title='bbox 1184 2142 1397 2197; x_wconf 76' lang='lat' dir='ltr'><strong>excelso</strong></span> <span class='ocrx_word' id='word_1_242' title='bbox 1415 2142 1481 2196; x_wconf 82' lang='lat'><strong>“.</strong></span> <span class='ocrx_word' id='word_1_243' title='bbox 1511 2159 1634 2195; x_wconf 72' lang='lat' dir='ltr'><strong>s—t</strong></span> <span class='ocrx_word' id='word_1_244' title='bbox 1648 2142 1756 2213; x_wconf 85' lang='lat' dir='ltr'><strong>Ego</strong></span> <span class='ocrx_word' id='word_1_245' title='bbox 1781 2144 1947 2210; x_wconf 86' lang='lat' dir='ltr'><strong>enim,</strong></span> <span class='ocrx_word' id='word_1_246' title='bbox 1975 2145 2170 2214; x_wconf 87' lang='lat' dir='ltr'><strong>inquit,</strong></span> 
     </span>
    </p>
   </div>
   <div class='ocr_carea' id='block_1_37' title="bbox 585 2232 2166 2305">
    <p class='ocr_par' dir='ltr' id='par_1_37' title="bbox 585 2232 2166 2305">
     <span class='ocr_line' id='line_1_37' title="bbox 585 2232 2166 2305; baseline -0.001 -15"><span class='ocrx_word' id='word_1_247' title='bbox 585 2235 748 2290; x_wconf 81' lang='lat' dir='ltr'><strong>eduxi</strong></span> <span class='ocrx_word' id='word_1_248' title='bbox 770 2248 865 2289; x_wconf 88' lang='lat' dir='ltr'><strong>vos</strong></span> <span class='ocrx_word' id='word_1_249' title='bbox 885 2247 951 2288; x_wconf 83' lang='lat' dir='ltr'><strong>ex</strong></span> <span class='ocrx_word' id='word_1_250' title='bbox 986 2232 1239 2305; x_wconf 64' lang='lat' dir='ltr'><strong>Egypto.</strong></span> <span class='ocrx_word' id='word_1_251' title='bbox 1264 2252 1283 2286; x_wconf 80' lang='grc' dir='ltr'><strong>ι</strong></span> <span class='ocrx_word' id='word_1_252' title='bbox 1313 2233 1446 2287; x_wconf 91' lang='lat' dir='ltr'><strong>Dum</strong></span> <span class='ocrx_word' id='word_1_253' title='bbox 1485 2243 1665 2289; x_wconf 86' lang='lat' dir='ltr'><strong>autem</strong></span> <span class='ocrx_word' id='word_1_254' title='bbox 1703 2235 1855 2302; x_wconf 89' lang='lat' dir='ltr'><strong>dicit,</strong></span> <span class='ocrx_word' id='word_1_255' title='bbox 1894 2253 1913 2287; x_wconf 78' lang='grc' dir='ltr'><strong>ι</strong></span> <span class='ocrx_word' id='word_1_256' title='bbox 1939 2237 2123 2301; x_wconf 82' lang='lat' dir='ltr'><strong>eduxi,</strong></span> <span class='ocrx_word' id='word_1_257' title='bbox 2147 2254 2166 2289; x_wconf 74' lang='grc' dir='ltr'><strong>ι</strong></span> 
     </span>
    </p>
   </div>
   <div class='ocr_carea' id='block_1_38' title="bbox 586 2326 2166 2398">
    <p class='ocr_par' dir='ltr' id='par_1_38' title="bbox 586 2326 2166 2398">
     <span class='ocr_line' id='line_1_38' title="bbox 586 2326 2166 2398; baseline 0.001 -16"><span class='ocrx_word' id='word_1_258' title='bbox 586 2337 807 2383; x_wconf 81' lang='lat' dir='ltr'><strong>revocat</strong></span> <span class='ocrx_word' id='word_1_259' title='bbox 844 2342 942 2383; x_wconf 86' lang='lat' dir='ltr'><strong>nos</strong></span> <span class='ocrx_word' id='word_1_260' title='bbox 977 2328 1043 2381; x_wconf 89' lang='lat' dir='ltr'><strong>ad</strong></span> <span class='ocrx_word' id='word_1_261' title='bbox 1084 2326 1401 2381; x_wconf 86' lang='lat' dir='ltr'><strong>memoriam</strong></span> <span class='ocrx_word' id='word_1_262' title='bbox 1438 2337 1776 2396; x_wconf 86' lang='lat' dir='ltr'><strong>patratorum</strong></span> <span class='ocrx_word' id='word_1_263' title='bbox 1814 2343 1978 2398; x_wconf 86' lang='lat' dir='ltr'><strong>super</strong></span> <span class='ocrx_word' id='word_1_264' title='bbox 2014 2331 2166 2398; x_wconf 88' lang='lat' dir='ltr'><strong>ipsis,</strong></span> 
     </span>
    </p>
   </div>
   <div class='ocr_carea' id='block_1_39' title="bbox 588 2419 2172 2490">
    <p class='ocr_par' dir='ltr' id='par_1_39' title="bbox 588 2419 2172 2490">
     <span class='ocr_line' id='line_1_39' title="bbox 588 2419 2172 2490; baseline 0.002 -17"><span class='ocrx_word' id='word_1_265' title='bbox 588 2420 767 2490; x_wconf 80' lang='lat' dir='ltr'><strong>quoad</strong></span> <span class='ocrx_word' id='word_1_266' title='bbox 806 2420 860 2475; x_wconf 93' lang='lat' dir='ltr'><strong>in</strong></span> <span class='ocrx_word' id='word_1_267' title='bbox 895 2427 1097 2473; x_wconf 88' lang='lat' dir='ltr'><strong>terram</strong></span> <span class='ocrx_word' id='word_1_268' title='bbox 1132 2419 1380 2489; x_wconf 84' lang='lat' dir='ltr'><strong>patribus</strong></span> <span class='ocrx_word' id='word_1_269' title='bbox 1414 2421 1651 2487; x_wconf 89' lang='lat' dir='ltr'><strong>ipsorum</strong></span> <span class='ocrx_word' id='word_1_270' title='bbox 1688 2421 2010 2489; x_wconf 85' lang='lat' dir='ltr'><strong>promissam</strong></span> <span class='ocrx_word' id='word_1_271' title='bbox 2045 2436 2172 2490; x_wconf 89' lang='lat' dir='ltr'><strong>pro-</strong></span> 
     </span>
    </p>
   </div>
   <div class='ocr_carea' id='block_1_40' title="bbox 590 2511 2172 2581">
    <p class='ocr_par' dir='ltr' id='par_1_40' title="bbox 590 2511 2172 2581">
     <span class='ocr_line' id='line_1_40' title="bbox 590 2511 2172 2581; baseline 0.001 -14"><span class='ocrx_word' id='word_1_272' title='bbox 590 2514 717 2569; x_wconf 76' lang='lat' dir='ltr'><strong>fecti</strong></span> <span class='ocrx_word' id='word_1_273' title='bbox 750 2522 893 2568; x_wconf 87' lang='lat' dir='ltr'><strong>sunt.</strong></span> <span class='ocrx_word' id='word_1_274' title='bbox 928 2511 1001 2566; x_wconf 88' lang='lat' dir='ltr'><strong>Ea</strong></span> <span class='ocrx_word' id='word_1_275' title='bbox 1035 2520 1296 2567; x_wconf 77' lang='lat' dir='ltr'><strong>sexcenta</strong></span> <span class='ocrx_word' id='word_1_276' title='bbox 1331 2521 1480 2578; x_wconf 90' lang='lat' dir='ltr'><strong>sunt,</strong></span> <span class='ocrx_word' id='word_1_277' title='bbox 1509 2520 1568 2566; x_wconf 91' lang='lat' dir='ltr'><strong>et</strong></span> <span class='ocrx_word' id='word_1_278' title='bbox 1600 2526 1717 2581; x_wconf 67' lang='lat' dir='ltr'><strong>qum</strong></span> <span class='ocrx_word' id='word_1_279' title='bbox 1750 2516 1885 2568; x_wconf 86' lang='lat' dir='ltr'><strong>satis</strong></span> <span class='ocrx_word' id='word_1_280' title='bbox 1914 2514 2172 2569; x_wconf 88' lang='lat' dir='ltr'><strong>admirari</strong></span> 
     </span>
    </p>
   </div>
   <div class='ocr_carea' id='block_1_41' title="bbox 587 2603 2172 2673">
    <p class='ocr_par' dir='ltr' id='par_1_41' title="bbox 587 2603 2172 2673">
     <span class='ocr_line' id='line_1_41' title="bbox 587 2603 2172 2673; baseline 0.001 -13"><span class='ocrx_word' id='word_1_281' title='bbox 587 2620 749 2660; x_wconf 87' lang='lat' dir='ltr'><strong>nemo</strong></span> <span class='ocrx_word' id='word_1_282' title='bbox 777 2614 974 2673; x_wconf 87' lang='lat' dir='ltr'><strong>potest.</strong></span> <span class='ocrx_word' id='word_1_283' title='bbox 1003 2603 1213 2657; x_wconf 85' lang='lat' dir='ltr'><strong>Nullam</strong></span> <span class='ocrx_word' id='word_1_284' title='bbox 1246 2612 1425 2657; x_wconf 88' lang='lat' dir='ltr'><strong>autem</strong></span> <span class='ocrx_word' id='word_1_285' title='bbox 1458 2603 1700 2659; x_wconf 82' lang='lat' dir='ltr'><strong>relictam</strong></span> <span class='ocrx_word' id='word_1_286' title='bbox 1732 2604 1835 2659; x_wconf 91' lang='lat' dir='ltr'><strong>illis</strong></span> <span class='ocrx_word' id='word_1_287' title='bbox 1862 2608 2172 2662; x_wconf 83' lang='lat' dir='ltr'><strong>excusatio-</strong></span> 
     </span>
    </p>
   </div>
   <div class='ocr_carea' id='block_1_42' title="bbox 588 2694 2174 2766">
    <p class='ocr_par' dir='ltr' id='par_1_42' title="bbox 588 2694 2174 2766">
     <span class='ocr_line' id='line_1_42' title="bbox 588 2694 2174 2766; baseline 0.001 -16"><span class='ocrx_word' id='word_1_288' title='bbox 588 2711 712 2750; x_wconf 91' lang='lat' dir='ltr'><strong>nem</strong></span> <span class='ocrx_word' id='word_1_289' title='bbox 731 2698 797 2749; x_wconf 90' lang='lat' dir='ltr'><strong>de</strong></span> <span class='ocrx_word' id='word_1_290' title='bbox 811 2694 1080 2749; x_wconf 88' lang='lat' dir='ltr'><strong>oblivione</strong></span> <span class='ocrx_word' id='word_1_291' title='bbox 1096 2694 1286 2749; x_wconf 86' lang='lat' dir='ltr'><strong>horum</strong></span> <span class='ocrx_word' id='word_1_292' title='bbox 1309 2694 1485 2760; x_wconf 84' lang='lat' dir='ltr'><strong>docet,</strong></span> <span class='ocrx_word' id='word_1_293' title='bbox 1499 2694 1795 2766; x_wconf 73' lang='lat' dir='ltr'><strong>adiungens</strong></span> <span class='ocrx_word' id='word_1_294' title='bbox 1811 2714 1856 2751; x_wconf 80' lang='grc' dir='ltr'><strong>ιι</strong></span> <span class='ocrx_word' id='word_1_295' title='bbox 1876 2696 2063 2751; x_wconf 85' lang='lat' dir='ltr'><strong>Adhuc</strong></span> <span class='ocrx_word' id='word_1_296' title='bbox 2076 2698 2174 2752; x_wconf 88' lang='lat' dir='ltr'><strong>ha-</strong></span> 
     </span>
    </p>
   </div>
   <div class='ocr_carea' id='block_1_43' title="bbox 588 2787 2171 2853">
    <p class='ocr_par' dir='ltr' id='par_1_43' title="bbox 588 2787 2171 2853">
     <span class='ocr_line' id='line_1_43' title="bbox 588 2787 2171 2853; baseline 0 -8"><span class='ocrx_word' id='word_1_297' title='bbox 588 2789 763 2845; x_wconf 87' lang='lat' dir='ltr'><strong>bitare</strong></span> <span class='ocrx_word' id='word_1_298' title='bbox 781 2799 833 2844; x_wconf 92' lang='lat' dir='ltr'><strong>te</strong></span> <span class='ocrx_word' id='word_1_299' title='bbox 849 2789 1040 2845; x_wconf 80' lang='lat' dir='ltr'><strong>faciam</strong></span> <span class='ocrx_word' id='word_1_300' title='bbox 1060 2788 1112 2843; x_wconf 90' lang='lat' dir='ltr'><strong>in</strong></span> <span class='ocrx_word' id='word_1_301' title='bbox 1130 2787 1512 2853; x_wconf 86' lang='lat' dir='ltr'><strong>tabernaculis,</strong></span> <span class='ocrx_word' id='word_1_302' title='bbox 1533 2790 1676 2844; x_wconf 83' lang='lat' dir='ltr'><strong>sicut</strong></span> <span class='ocrx_word' id='word_1_303' title='bbox 1693 2790 1743 2843; x_wconf 92' lang='lat' dir='ltr'><strong>in</strong></span> <span class='ocrx_word' id='word_1_304' title='bbox 1760 2791 1951 2846; x_wconf 87' lang='lat' dir='ltr'><strong>diebus</strong></span> <span class='ocrx_word' id='word_1_305' title='bbox 1978 2791 2171 2845; x_wconf 87' lang='lat' dir='ltr'><strong>solem-</strong></span> 
     </span>
    </p>
   </div>
   <div class='ocr_carea' id='block_1_44' title="bbox 587 2877 2174 2953">
    <p class='ocr_par' dir='ltr' id='par_1_44' title="bbox 587 2877 2174 2953">
     <span class='ocr_line' id='line_1_44' title="bbox 587 2877 2174 2953; baseline 0.002 -19"><span class='ocrx_word' id='word_1_306' title='bbox 587 2879 799 2934; x_wconf 87' lang='lat' dir='ltr'><strong>nitatis.</strong></span> <span class='ocrx_word' id='word_1_307' title='bbox 824 2898 843 2932; x_wconf 78' lang='grc' dir='ltr'><strong>ι</strong></span> <span class='ocrx_word' id='word_1_308' title='bbox 868 2880 1019 2947; x_wconf 86' lang='lat' dir='ltr'><strong>Quod</strong></span> <span class='ocrx_word' id='word_1_309' title='bbox 1061 2878 1191 2949; x_wconf 89' lang='lat' dir='ltr'><strong>quid</strong></span> <span class='ocrx_word' id='word_1_310' title='bbox 1237 2877 1327 2939; x_wconf 84' lang='lat' dir='ltr'><strong>sit,</strong></span> <span class='ocrx_word' id='word_1_311' title='bbox 1375 2879 1561 2933; x_wconf 87' lang='lat' dir='ltr'><strong>audies</strong></span> <span class='ocrx_word' id='word_1_312' title='bbox 1585 2894 1822 2935; x_wconf 87' lang='lat' dir='ltr'><strong>rursum.</strong></span> <span class='ocrx_word' id='word_1_313' title='bbox 1846 2880 1951 2936; x_wconf 85' lang='lat' dir='ltr'><strong>Lex</strong></span> <span class='ocrx_word' id='word_1_314' title='bbox 1977 2881 2174 2953; x_wconf 82' lang='lat' dir='ltr'><strong>Moysis</strong></span> 
     </span>
    </p>
   </div>
   <div class='ocr_carea' id='block_1_45' title="bbox 588 2968 2172 3038">
    <p class='ocr_par' dir='ltr' id='par_1_45' title="bbox 588 2968 2172 3038">
     <span class='ocr_line' id='line_1_45' title="bbox 588 2968 2172 3038; baseline 0 -12"><span class='ocrx_word' id='word_1_315' title='bbox 588 2971 644 3027; x_wconf 89' lang='lat' dir='ltr'><strong>in</strong></span> <span class='ocrx_word' id='word_1_316' title='bbox 678 2985 862 3025; x_wconf 89' lang='lat' dir='ltr'><strong>mense</strong></span> <span class='ocrx_word' id='word_1_317' title='bbox 888 2969 1138 3038; x_wconf 86' lang='lat' dir='ltr'><strong>septimo,</strong></span> <span class='ocrx_word' id='word_1_318' title='bbox 1157 2968 1367 3024; x_wconf 87' lang='lat' dir='ltr'><strong>decimo</strong></span> <span class='ocrx_word' id='word_1_319' title='bbox 1392 2968 1583 3037; x_wconf 86' lang='lat' dir='ltr'><strong>quinto</strong></span> <span class='ocrx_word' id='word_1_320' title='bbox 1598 2969 1707 3036; x_wconf 90' lang='lat' dir='ltr'><strong>die,</strong></span> <span class='ocrx_word' id='word_1_321' title='bbox 1741 2970 1937 3025; x_wconf 79' lang='lat' dir='ltr'><strong>festum</strong></span> <span class='ocrx_word' id='word_1_322' title='bbox 1966 2970 2172 3026; x_wconf 85' lang='lat' dir='ltr'><strong>Sceno-</strong></span> 
     </span>
    </p>
   </div>
   <div class='ocr_carea' id='block_1_46' title="bbox 588 3061 2173 3134">
    <p class='ocr_par' dir='ltr' id='par_1_46' title="bbox 588 3061 2173 3134">
     <span class='ocr_line' id='line_1_46' title="bbox 588 3061 2173 3134; baseline 0.001 -16"><span class='ocrx_word' id='word_1_323' title='bbox 588 3064 796 3134; x_wconf 82' lang='lat' dir='ltr'><strong>pegiae,</strong></span> <span class='ocrx_word' id='word_1_324' title='bbox 832 3078 927 3118; x_wconf 88' lang='lat' dir='ltr'><strong>seu</strong></span> <span class='ocrx_word' id='word_1_325' title='bbox 962 3061 1462 3117; x_wconf 85' lang='lat' dir='ltr'><strong>Tabernaculorum</strong></span> <span class='ocrx_word' id='word_1_326' title='bbox 1501 3062 1765 3117; x_wconf 86' lang='lat' dir='ltr'><strong>celebrari</strong></span> <span class='ocrx_word' id='word_1_327' title='bbox 1796 3063 1977 3131; x_wconf 79' lang='lat' dir='ltr'><strong>jussit.</strong></span> <span class='ocrx_word' id='word_1_328' title='bbox 2010 3064 2173 3130; x_wconf 84' lang='lat' dir='ltr'><strong>Cujus</strong></span> 
     </span>
    </p>
   </div>
   <div class='ocr_carea' id='block_1_47' title="bbox 589 3155 2171 3226">
    <p class='ocr_par' dir='ltr' id='par_1_47' title="bbox 589 3155 2171 3226">
     <span class='ocr_line' id='line_1_47' title="bbox 589 3155 2171 3226; baseline 0.001 -16"><span class='ocrx_word' id='word_1_329' title='bbox 589 3171 711 3226; x_wconf 71' lang='lat' dir='ltr'><strong>quae</strong></span> <span class='ocrx_word' id='word_1_330' title='bbox 743 3155 909 3210; x_wconf 81' lang='lat' dir='ltr'><strong>fuerit</strong></span> <span class='ocrx_word' id='word_1_331' title='bbox 933 3155 1170 3219; x_wconf 84' lang='lat' dir='ltr'><strong>occasio,</strong></span> <span class='ocrx_word' id='word_1_332' title='bbox 1206 3155 1320 3222; x_wconf 88' lang='lat' dir='ltr'><strong>ipse</strong></span> <span class='ocrx_word' id='word_1_333' title='bbox 1351 3155 1625 3224; x_wconf 84' lang='lat' dir='ltr'><strong>legislator</strong></span> <span class='ocrx_word' id='word_1_334' title='bbox 1651 3155 1915 3222; x_wconf 80' lang='lat' dir='ltr'><strong>declarat,</strong></span> <span class='ocrx_word' id='word_1_335' title='bbox 1942 3158 2009 3211; x_wconf 87' lang='lat' dir='ltr'><strong>de</strong></span> <span class='ocrx_word' id='word_1_336' title='bbox 2037 3156 2171 3211; x_wconf 78' lang='lat' dir='ltr'><strong>Sce-</strong></span> 
     </span>
    </p>
   </div>
   <div class='ocr_carea' id='block_1_48' title="bbox 591 3244 2170 3315">
    <p class='ocr_par' dir='ltr' id='par_1_48' title="bbox 591 3244 2170 3315">
     <span class='ocr_line' id='line_1_48' title="bbox 591 3244 2170 3315; baseline 0 -14"><span class='ocrx_word' id='word_1_337' title='bbox 591 3245 819 3315; x_wconf 87' lang='lat' dir='ltr'><strong>nopegia</strong></span> <span class='ocrx_word' id='word_1_338' title='bbox 855 3245 999 3301; x_wconf 89' lang='lat' dir='ltr'><strong>hunc</strong></span> <span class='ocrx_word' id='word_1_339' title='bbox 1033 3245 1086 3299; x_wconf 92' lang='lat' dir='ltr'><strong>iu</strong></span> <span class='ocrx_word' id='word_1_340' title='bbox 1124 3246 1340 3301; x_wconf 85' lang='lat' dir='ltr'><strong>modum</strong></span> <span class='ocrx_word' id='word_1_341' title='bbox 1379 3247 1605 3315; x_wconf 88' lang='lat' dir='ltr'><strong>loquens</strong></span> <span class='ocrx_word' id='word_1_342' title='bbox 1639 3246 1691 3302; x_wconf 92' lang='lat' dir='ltr'><strong>in</strong></span> <span class='ocrx_word' id='word_1_343' title='bbox 1730 3244 1973 3302; x_wconf 87' lang='lat' dir='ltr'><strong>Levitico</strong></span> <span class='ocrx_word' id='word_1_344' title='bbox 2004 3263 2019 3300; x_wconf 89' lang='lat'>:</span> <span class='ocrx_word' id='word_1_345' title='bbox 2058 3265 2077 3298; x_wconf 82' lang='grc' dir='ltr'><strong>ι</strong></span> <span class='ocrx_word' id='word_1_346' title='bbox 2112 3247 2170 3301; x_wconf 84' lang='grc' dir='ltr'><strong>ιη</strong></span> 
     </span>
    </p>
   </div>
   <div class='ocr_carea' id='block_1_49' title="bbox 590 3336 2174 3406">
    <p class='ocr_par' dir='ltr' id='par_1_49' title="bbox 590 3336 2174 3406">
     <span class='ocr_line' id='line_1_49' title="bbox 590 3336 2174 3406; baseline 0.003 -16"><span class='ocrx_word' id='word_1_347' title='bbox 590 3351 779 3391; x_wconf 86' lang='lat' dir='ltr'><strong>mense</strong></span> <span class='ocrx_word' id='word_1_348' title='bbox 818 3337 1051 3405; x_wconf 88' lang='lat' dir='ltr'><strong>septimo</strong></span> <span class='ocrx_word' id='word_1_349' title='bbox 1089 3336 1436 3394; x_wconf 71' lang='lat' dir='ltr'><strong>celebrabitis</strong></span> <span class='ocrx_word' id='word_1_350' title='bbox 1480 3339 1672 3406; x_wconf 84' lang='lat' dir='ltr'><strong>ipsam.</strong></span> <span class='ocrx_word' id='word_1_351' title='bbox 1712 3337 1769 3392; x_wconf 84' lang='grc' dir='ltr'><strong>ιιι</strong></span> <span class='ocrx_word' id='word_1_352' title='bbox 1812 3338 2174 3394; x_wconf 81' lang='lat' dir='ltr'><strong>tabernaculis</strong></span> 
     </span>
    </p>
   </div>
   <div class='ocr_carea' id='block_1_50' title="bbox 592 3429 2171 3501">
    <p class='ocr_par' dir='ltr' id='par_1_50' title="bbox 592 3429 2171 3501">
     <span class='ocr_line' id='line_1_50' title="bbox 592 3429 2171 3501; baseline -0.001 -17"><span class='ocrx_word' id='word_1_353' title='bbox 592 3429 903 3484; x_wconf 84' lang='lat' dir='ltr'><strong>habitabitis</strong></span> <span class='ocrx_word' id='word_1_354' title='bbox 949 3438 1155 3500; x_wconf 89' lang='lat' dir='ltr'><strong>septem</strong></span> <span class='ocrx_word' id='word_1_355' title='bbox 1207 3431 1341 3485; x_wconf 88' lang='lat' dir='ltr'><strong>dies.</strong></span> <span class='ocrx_word' id='word_1_356' title='bbox 1383 3430 1573 3486; x_wconf 89' lang='lat' dir='ltr'><strong>Omnis</strong></span> <span class='ocrx_word' id='word_1_357' title='bbox 1619 3430 1871 3501; x_wconf 77' lang='lat' dir='ltr'><strong>indigena</strong></span> <span class='ocrx_word' id='word_1_358' title='bbox 1915 3433 1967 3485; x_wconf 91' lang='lat' dir='ltr'><strong>in</strong></span> <span class='ocrx_word' id='word_1_359' title='bbox 2012 3430 2171 3484; x_wconf 80' lang='lat' dir='ltr'><strong>Israel</strong></span> 
     </span>
    </p>
   </div>
   <div class='ocr_carea' id='block_1_51' title="bbox 592 3520 2174 3591">
    <p class='ocr_par' dir='ltr' id='par_1_51' title="bbox 592 3520 2174 3591">
     <span class='ocr_line' id='line_1_51' title="bbox 592 3520 2174 3591; baseline 0 -16"><span class='ocrx_word' id='word_1_360' title='bbox 592 3520 861 3578; x_wconf 84' lang='lat' dir='ltr'><strong>habitabit</strong></span> <span class='ocrx_word' id='word_1_361' title='bbox 905 3522 959 3576; x_wconf 93' lang='lat' dir='ltr'><strong>in</strong></span> <span class='ocrx_word' id='word_1_362' title='bbox 1004 3522 1389 3577; x_wconf 85' lang='lat' dir='ltr'><strong>tabernaculis.</strong></span> <span class='ocrx_word' id='word_1_363' title='bbox 1431 3520 1502 3577; x_wconf 88' lang='lat' dir='ltr'><strong>Ut</strong></span> <span class='ocrx_word' id='word_1_364' title='bbox 1539 3521 1756 3576; x_wconf 83' lang='lat' dir='ltr'><strong>videant</strong></span> <span class='ocrx_word' id='word_1_365' title='bbox 1797 3523 2174 3591; x_wconf 82' lang='lat' dir='ltr'><strong>generationes</strong></span> 
     </span>
    </p>
   </div>
   <div class='ocr_carea' id='block_1_52' title="bbox 592 3611 2175 3682">
    <p class='ocr_par' dir='ltr' id='par_1_52' title="bbox 592 3611 2175 3682">
     <span class='ocr_line' id='line_1_52' title="bbox 592 3611 2175 3682; baseline 0.001 -16"><span class='ocrx_word' id='word_1_366' title='bbox 592 3624 821 3679; x_wconf 82' lang='lat' dir='ltr'><strong>vestrae,</strong></span> <span class='ocrx_word' id='word_1_367' title='bbox 853 3613 996 3682; x_wconf 87' lang='lat' dir='ltr'><strong>quod</strong></span> <span class='ocrx_word' id='word_1_368' title='bbox 1027 3613 1080 3667; x_wconf 91' lang='lat' dir='ltr'><strong>in</strong></span> <span class='ocrx_word' id='word_1_369' title='bbox 1116 3611 1478 3668; x_wconf 81' lang='lat' dir='ltr'><strong>tabernaculis</strong></span> <span class='ocrx_word' id='word_1_370' title='bbox 1506 3612 1753 3667; x_wconf 79' lang='lat' dir='ltr'><strong>habitare</strong></span> <span class='ocrx_word' id='word_1_371' title='bbox 1783 3612 2002 3667; x_wconf 78' lang='lat' dir='ltr'><strong>fecerim</strong></span> <span class='ocrx_word' id='word_1_372' title='bbox 2035 3612 2175 3668; x_wconf 84' lang='lat' dir='ltr'><strong>tilios</strong></span> 
     </span>
    </p>
   </div>
   <div class='ocr_carea' id='block_1_53' title="bbox 591 3700 2175 3772">
    <p class='ocr_par' dir='ltr' id='par_1_53' title="bbox 591 3700 2175 3772">
     <span class='ocr_line' id='line_1_53' title="bbox 591 3700 2175 3772; baseline 0 -15"><span class='ocrx_word' id='word_1_373' title='bbox 591 3703 786 3767; x_wconf 82' lang='lat' dir='ltr'><strong>Israel,</strong></span> <span class='ocrx_word' id='word_1_374' title='bbox 828 3718 950 3757; x_wconf 88' lang='lat' dir='ltr'><strong>cum</strong></span> <span class='ocrx_word' id='word_1_375' title='bbox 996 3703 1280 3757; x_wconf 86' lang='lat' dir='ltr'><strong>educerem</strong></span> <span class='ocrx_word' id='word_1_376' title='bbox 1326 3702 1448 3757; x_wconf 90' lang='lat' dir='ltr'><strong>illos</strong></span> <span class='ocrx_word' id='word_1_377' title='bbox 1491 3702 1559 3757; x_wconf 88' lang='lat' dir='ltr'><strong>de</strong></span> <span class='ocrx_word' id='word_1_378' title='bbox 1600 3710 1746 3756; x_wconf 88' lang='lat' dir='ltr'><strong>terra</strong></span> <span class='ocrx_word' id='word_1_379' title='bbox 1783 3700 2023 3771; x_wconf 63' lang='lat' dir='ltr'><strong>Egypti.</strong></span> <span class='ocrx_word' id='word_1_380' title='bbox 2062 3700 2175 3772; x_wconf 84' lang='lat' dir='ltr'><strong>Ego</strong></span> 
     </span>
    </p>
   </div>
   <div class='ocr_carea' id='block_1_54' title="bbox 594 3792 2172 3863">
    <p class='ocr_par' dir='ltr' id='par_1_54' title="bbox 594 3792 2172 3863">
     <span class='ocr_line' id='line_1_54' title="bbox 594 3792 2172 3863; baseline -0.003 -12"><span class='ocrx_word' id='word_1_381' title='bbox 594 3795 857 3851; x_wconf 85' lang='lat' dir='ltr'><strong>Dominus</strong></span> <span class='ocrx_word' id='word_1_382' title='bbox 894 3796 1034 3849; x_wconf 86' lang='lat' dir='ltr'><strong>Deus</strong></span> <span class='ocrx_word' id='word_1_383' title='bbox 1064 3804 1241 3849; x_wconf 88' lang='lat' dir='ltr'><strong>vester</strong></span> <span class='ocrx_word' id='word_1_384' title='bbox 1269 3795 1334 3847; x_wconf 83' lang='grc'><strong>⁶⁹.</strong></span> <span class='ocrx_word' id='word_1_385' title='bbox 1374 3811 1395 3846; x_wconf 72' lang='grc' dir='ltr'><strong>ι</strong></span> <span class='ocrx_word' id='word_1_386' title='bbox 1430 3792 1616 3863; x_wconf 89' lang='lat' dir='ltr'><strong>Itaque</strong></span> <span class='ocrx_word' id='word_1_387' title='bbox 1647 3794 1713 3847; x_wconf 86' lang='lat' dir='ltr'><strong>ad</strong></span> <span class='ocrx_word' id='word_1_388' title='bbox 1748 3794 2172 3848; x_wconf 88' lang='lat' dir='ltr'><strong>recordationem</strong></span> 
     </span>
    </p>
   </div>
   <div class='ocr_carea' id='block_1_55' title="bbox 590 3886 2175 3957">
    <p class='ocr_par' dir='ltr' id='par_1_55' title="bbox 590 3886 2175 3957">
     <span class='ocr_line' id='line_1_55' title="bbox 590 3886 2175 3957; baseline -0.001 -15"><span class='ocrx_word' id='word_1_389' title='bbox 590 3889 771 3943; x_wconf 80' lang='lat' dir='ltr'><strong>exitus</strong></span> <span class='ocrx_word' id='word_1_390' title='bbox 782 3890 847 3942; x_wconf 88' lang='lat' dir='ltr'><strong>de</strong></span> <span class='ocrx_word' id='word_1_391' title='bbox 862 3886 1096 3957; x_wconf 58' lang='lat' dir='ltr'><strong>Algypto</strong></span> <span class='ocrx_word' id='word_1_392' title='bbox 1115 3886 1306 3941; x_wconf 82' lang='lat' dir='ltr'><strong>festum</strong></span> <span class='ocrx_word' id='word_1_393' title='bbox 1331 3887 1675 3956; x_wconf 77' lang='lat' dir='ltr'><strong>peragebant.</strong></span> <span class='ocrx_word' id='word_1_394' title='bbox 1700 3886 1902 3941; x_wconf 80' lang='lat' dir='ltr'><strong>Deinde</strong></span> <span class='ocrx_word' id='word_1_395' title='bbox 1918 3886 2013 3950; x_wconf 90' lang='lat' dir='ltr'><strong>ait,</strong></span> <span class='ocrx_word' id='word_1_396' title='bbox 2032 3887 2175 3953; x_wconf 76' lang='lat' dir='ltr'><strong>Quo-</strong></span> 
     </span>
    </p>
   </div>
   <div class='ocr_carea' id='block_1_56' title="bbox 596 3978 2173 4053">
    <p class='ocr_par' dir='ltr' id='par_1_56' title="bbox 596 3978 2173 4053">
     <span class='ocr_line' id='line_1_56' title="bbox 596 3978 2173 4053; baseline 0.001 -19"><span class='ocrx_word' id='word_1_397' title='bbox 596 3980 758 4035; x_wconf 87' lang='lat' dir='ltr'><strong>modo</strong></span> <span class='ocrx_word' id='word_1_398' title='bbox 786 3980 961 4049; x_wconf 88' lang='lat' dir='ltr'><strong>possis</strong></span> <span class='ocrx_word' id='word_1_399' title='bbox 988 3980 1091 4033; x_wconf 87' lang='lat' dir='ltr'><strong>mei</strong></span> <span class='ocrx_word' id='word_1_400' title='bbox 1117 3978 1398 4045; x_wconf 86' lang='lat' dir='ltr'><strong>oblivisci,</strong></span> <span class='ocrx_word' id='word_1_401' title='bbox 1426 3980 1517 4047; x_wconf 89' lang='lat' dir='ltr'><strong>qui</strong></span> <span class='ocrx_word' id='word_1_402' title='bbox 1546 3978 1707 4033; x_wconf 79' lang='lat' dir='ltr'><strong>eduxi</strong></span> <span class='ocrx_word' id='word_1_403' title='bbox 1739 3989 1791 4034; x_wconf 90' lang='lat' dir='ltr'><strong>te</strong></span> <span class='ocrx_word' id='word_1_404' title='bbox 1816 3995 1881 4034; x_wconf 87' lang='lat' dir='ltr'><strong>ex</strong></span> <span class='ocrx_word' id='word_1_405' title='bbox 1906 3981 2173 4053; x_wconf 65' lang='lat' dir='ltr'><strong>Egypto,</strong></span> 
     </span>
    </p>
   </div>
   <div class='ocr_carea' id='block_1_57' title="bbox 598 4069 2174 4143">
    <p class='ocr_par' dir='ltr' id='par_1_57' title="bbox 598 4069 2174 4143">
     <span class='ocr_line' id='line_1_57' title="bbox 598 4069 2174 4143; baseline 0.003 -18"><span class='ocrx_word' id='word_1_406' title='bbox 598 4071 757 4143; x_wconf 72' lang='lat'><strong>175</strong></span> <span class='ocrx_word' id='word_1_407' title='bbox 788 4072 965 4125; x_wconf 90' lang='lat' dir='ltr'><strong>adhuc</strong></span> <span class='ocrx_word' id='word_1_408' title='bbox 995 4069 1247 4125; x_wconf 86' lang='lat' dir='ltr'><strong>habitans</strong></span> <span class='ocrx_word' id='word_1_409' title='bbox 1276 4070 1329 4123; x_wconf 93' lang='lat' dir='ltr'><strong>in</strong></span> <span class='ocrx_word' id='word_1_410' title='bbox 1361 4071 1751 4135; x_wconf 84' lang='lat' dir='ltr'><strong>tabernaculis,</strong></span> <span class='ocrx_word' id='word_1_411' title='bbox 1781 4082 1836 4126; x_wconf 92' lang='lat' dir='ltr'><strong>et</strong></span> <span class='ocrx_word' id='word_1_412' title='bbox 1868 4074 2041 4142; x_wconf 83' lang='lat' dir='ltr'><strong>ipsum</strong></span> <span class='ocrx_word' id='word_1_413' title='bbox 2076 4077 2174 4130; x_wconf 87' lang='lat' dir='ltr'><strong>hoc</strong></span> 
     </span>
    </p>
   </div>
   <div class='ocr_carea' id='block_1_58' title="bbox 596 4161 2176 4233">
    <p class='ocr_par' dir='ltr' id='par_1_58' title="bbox 596 4161 2176 4233">
     <span class='ocr_line' id='line_1_58' title="bbox 596 4161 2176 4233; baseline 0.001 -15"><span class='ocrx_word' id='word_1_414' title='bbox 596 4164 872 4233; x_wconf 83' lang='lat' dir='ltr'><strong>negotium</strong></span> <span class='ocrx_word' id='word_1_415' title='bbox 920 4161 1279 4216; x_wconf 88' lang='lat' dir='ltr'><strong>solemnitatis</strong></span> <span class='ocrx_word' id='word_1_416' title='bbox 1320 4163 1660 4217; x_wconf 83' lang='lat' dir='ltr'><strong>occasionem</strong></span> <span class='ocrx_word' id='word_1_417' title='bbox 1710 4173 1765 4219; x_wconf 91' lang='lat' dir='ltr'><strong>et</strong></span> <span class='ocrx_word' id='word_1_418' title='bbox 1814 4180 2034 4220; x_wconf 87' lang='lat' dir='ltr'><strong>causam</strong></span> <span class='ocrx_word' id='word_1_419' title='bbox 2082 4169 2176 4220; x_wconf 80' lang='lat' dir='ltr'><strong>ha-</strong></span> 
     </span>
    </p>
   </div>
   <div class='ocr_carea' id='block_1_59' title="bbox 595 4254 2176 4313">
    <p class='ocr_par' dir='ltr' id='par_1_59' title="bbox 595 4254 2176 4313">
     <span class='ocr_line' id='line_1_59' title="bbox 595 4254 2176 4313; baseline 0.001 -2"><span class='ocrx_word' id='word_1_420' title='bbox 595 4255 764 4311; x_wconf 87' lang='lat' dir='ltr'><strong>bens?</strong></span> <span class='ocrx_word' id='word_1_421' title='bbox 796 4272 816 4306; x_wconf 80' lang='grc' dir='ltr'><strong>ι</strong></span> <span class='ocrx_word' id='word_1_422' title='bbox 854 4254 1043 4309; x_wconf 79' lang='lat' dir='ltr'><strong>Adhuc</strong></span> <span class='ocrx_word' id='word_1_423' title='bbox 1071 4254 1217 4309; x_wconf 90' lang='lat' dir='ltr'><strong>enim</strong></span> <span class='ocrx_word' id='word_1_424' title='bbox 1253 4256 1500 4311; x_wconf 86' lang='lat' dir='ltr'><strong>habitare</strong></span> <span class='ocrx_word' id='word_1_425' title='bbox 1528 4265 1581 4310; x_wconf 91' lang='lat' dir='ltr'><strong>te</strong></span> <span class='ocrx_word' id='word_1_426' title='bbox 1611 4255 1806 4310; x_wconf 87' lang='lat' dir='ltr'><strong>faciam</strong></span> <span class='ocrx_word' id='word_1_427' title='bbox 1840 4256 1894 4311; x_wconf 93' lang='lat' dir='ltr'><strong>in</strong></span> <span class='ocrx_word' id='word_1_428' title='bbox 1925 4260 2176 4313; x_wconf 88' lang='lat' dir='ltr'><strong>taberna-</strong></span> 
     </span>
    </p>
   </div>
   <div class='ocr_carea' id='block_1_60' title="bbox 595 4343 2174 4417">
    <p class='ocr_par' dir='ltr' id='par_1_60' title="bbox 595 4343 2174 4417">
     <span class='ocr_line' id='line_1_60' title="bbox 595 4343 2174 4417; baseline 0 -16"><span class='ocrx_word' id='word_1_429' title='bbox 595 4345 992 4409; x_wconf 89' lang='lat' dir='ltr'><strong>culis,utindie</strong></span> <span class='ocrx_word' id='word_1_430' title='bbox 1014 4343 1568 4399; x_wconf 74' lang='lat' dir='ltr'><strong>festi.i-—tﬂaliitare</strong></span> <span class='ocrx_word' id='word_1_431' title='bbox 1590 4354 1641 4399; x_wconf 90' lang='lat' dir='ltr'><strong>te</strong></span> <span class='ocrx_word' id='word_1_432' title='bbox 1660 4345 1853 4400; x_wconf 81' lang='lat' dir='ltr'><strong>iaciam</strong></span> <span class='ocrx_word' id='word_1_433' title='bbox 1885 4364 1902 4397; x_wconf 78' lang='grc' dir='ltr'><strong>ι</strong></span> <span class='ocrx_word' id='word_1_434' title='bbox 1927 4347 2025 4411; x_wconf 90' lang='lat' dir='ltr'><strong>ait,</strong></span> <span class='ocrx_word' id='word_1_435' title='bbox 2055 4363 2174 4417; x_wconf 91' lang='lat' dir='ltr'><strong>pro,</strong></span> 
     </span>
    </p>
   </div>
   <div class='ocr_carea' id='block_1_61' title="bbox 598 4436 2177 4501">
    <p class='ocr_par' dir='ltr' id='par_1_61' title="bbox 598 4436 2177 4501">
     <span class='ocr_line' id='line_1_61' title="bbox 598 4436 2177 4501; baseline 0.001 -9"><span class='ocrx_word' id='word_1_436' title='bbox 598 4437 844 4492; x_wconf 82' lang='lat' dir='ltr'><strong>habitare</strong></span> <span class='ocrx_word' id='word_1_437' title='bbox 875 4444 928 4490; x_wconf 93' lang='lat' dir='ltr'><strong>te</strong></span> <span class='ocrx_word' id='word_1_438' title='bbox 962 4436 1120 4501; x_wconf 83' lang='lat' dir='ltr'><strong>iacio,</strong></span> <span class='ocrx_word' id='word_1_439' title='bbox 1153 4447 1244 4489; x_wconf 87' lang='lat' dir='ltr'><strong>aut</strong></span> <span class='ocrx_word' id='word_1_440' title='bbox 1277 4436 1415 4491; x_wconf 81' lang='lat' dir='ltr'><strong>facio</strong></span> <span class='ocrx_word' id='word_1_441' title='bbox 1448 4437 1692 4490; x_wconf 87' lang='lat' dir='ltr'><strong>habitare</strong></span> <span class='ocrx_word' id='word_1_442' title='bbox 1728 4438 1779 4490; x_wconf 91' lang='lat' dir='ltr'><strong>in</strong></span> <span class='ocrx_word' id='word_1_443' title='bbox 1814 4438 2177 4494; x_wconf 87' lang='lat' dir='ltr'><strong>tabernaculis</strong></span> 
     </span>
    </p>
   </div>
   <div class='ocr_carea' id='block_1_62' title="bbox 2271 1949 3861 2029">
    <p class='ocr_par' dir='ltr' id='par_1_62' title="bbox 2271 1949 3861 2029">
     <span class='ocr_line' id='line_1_62' title="bbox 2271 1949 3861 2029; baseline 0.002 -23"><span class='ocrx_word' id='word_1_444' title='bbox 2271 1952 2337 2024; x_wconf 84' lang='grc' dir='ltr'>δὴ</span> <span class='ocrx_word' id='word_1_445' title='bbox 2382 1949 2497 2019; x_wconf 78' lang='grc' dir='ltr'>οὖν,</span> <span class='ocrx_word' id='word_1_446' title='bbox 2529 1954 2607 2018; x_wconf 83' lang='grc' dir='ltr'>ὡς</span> <span class='ocrx_word' id='word_1_447' title='bbox 2651 1955 2960 2025; x_wconf 86' lang='grc' dir='ltr'>ἡγνοηκότα</span> <span class='ocrx_word' id='word_1_448' title='bbox 3010 1954 3102 2010; x_wconf 84' lang='grc' dir='ltr'>τὸν</span> <span class='ocrx_word' id='word_1_449' title='bbox 3143 1956 3438 2029; x_wconf 79' lang='grc' dir='ltr'>λυτρωτὴν,</span> <span class='ocrx_word' id='word_1_450' title='bbox 3464 1956 3538 2021; x_wconf 84' lang='grc' dir='ltr'><strong>ὡς</strong></span> <span class='ocrx_word' id='word_1_451' title='bbox 3564 1960 3689 2020; x_wconf 89' lang='grc' dir='ltr'>ταῖς</span> <span class='ocrx_word' id='word_1_452' title='bbox 3726 1960 3861 2011; x_wconf 80' lang='grc' dir='ltr'>ἀπο-</span> 
     </span>
    </p>
   </div>
   <div class='ocr_carea' id='block_1_63' title="bbox 2272 2046 3862 2120">
    <p class='ocr_par' dir='ltr' id='par_1_63' title="bbox 2272 2046 3862 2120">
     <span class='ocr_line' id='line_1_63' title="bbox 2272 2046 3862 2120; baseline 0.003 -21"><span class='ocrx_word' id='word_1_453' title='bbox 2272 2046 2443 2109; x_wconf 87' lang='grc' dir='ltr'>νοίαις</span> <span class='ocrx_word' id='word_1_454' title='bbox 2472 2046 2903 2119; x_wconf 78' lang='grc' dir='ltr'>περιυϐρίσαντα</span> <span class='ocrx_word' id='word_1_455' title='bbox 2931 2047 3023 2101; x_wconf 84' lang='grc' dir='ltr'>τὸν</span> <span class='ocrx_word' id='word_1_456' title='bbox 3047 2048 3108 2113; x_wconf 79' lang='grc' dir='ltr'><strong>ἐξ</strong></span> <span class='ocrx_word' id='word_1_457' title='bbox 3127 2048 3278 2104; x_wconf 73' lang='grc' dir='ltr'>οἴκου</span> <span class='ocrx_word' id='word_1_458' title='bbox 3306 2048 3547 2114; x_wconf 78' lang='grc' dir='ltr'>δουλείας</span> <span class='ocrx_word' id='word_1_459' title='bbox 3570 2052 3862 2120; x_wconf 80' lang='grc' dir='ltr'>ἐκκεκομι-</span> 
     </span>
    </p>
   </div>
   <div class='ocr_carea' id='block_1_64' title="bbox 2272 2137 3858 2215">
    <p class='ocr_par' dir='ltr' id='par_1_64' title="bbox 2272 2137 3858 2215">
     <span class='ocr_line' id='line_1_64' title="bbox 2272 2137 3858 2215; baseline 0.004 -25"><span class='ocrx_word' id='word_1_460' title='bbox 2272 2137 2408 2190; x_wconf 83' lang='grc' dir='ltr'>κότα</span> <span class='ocrx_word' id='word_1_461' title='bbox 2441 2139 2688 2207; x_wconf 80' lang='grc' dir='ltr'>σημείοις</span> <span class='ocrx_word' id='word_1_462' title='bbox 2717 2156 2778 2191; x_wconf 87' lang='grc' dir='ltr'><strong>τε</strong></span> <span class='ocrx_word' id='word_1_463' title='bbox 2812 2140 2908 2192; x_wconf 65' lang='grc' dir='ltr'>καὶ</span> <span class='ocrx_word' id='word_1_464' title='bbox 2926 2138 3140 2210; x_wconf 84' lang='grc' dir='ltr'>τέρασι,</span> <span class='ocrx_word' id='word_1_465' title='bbox 3163 2141 3256 2194; x_wconf 72' lang='grc' dir='ltr'>καὶ</span> <span class='ocrx_word' id='word_1_466' title='bbox 3285 2142 3343 2193; x_wconf 82' lang='grc' dir='ltr'>ἐν</span> <span class='ocrx_word' id='word_1_467' title='bbox 3368 2141 3589 2212; x_wconf 79' lang='grc' dir='ltr'>δυνάμει</span> <span class='ocrx_word' id='word_1_468' title='bbox 3620 2144 3858 2215; x_wconf 77' lang='grc' dir='ltr'>μεγάλῃ,</span> 
     </span>
    </p>
   </div>
   <div class='ocr_carea' id='block_1_65' title="bbox 2272 2227 3863 2303">
    <p class='ocr_par' dir='ltr' id='par_1_65' title="bbox 2272 2227 3863 2303">
     <span class='ocr_line' id='line_1_65' title="bbox 2272 2227 3863 2303; baseline 0.003 -22"><span class='ocrx_word' id='word_1_469' title='bbox 2272 2228 2367 2281; x_wconf 75' lang='grc' dir='ltr'>καὶ</span> <span class='ocrx_word' id='word_1_470' title='bbox 2403 2228 2462 2281; x_wconf 73' lang='grc' dir='ltr'>ὲν</span> <span class='ocrx_word' id='word_1_471' title='bbox 2496 2227 2740 2299; x_wconf 81' lang='grc' dir='ltr'>βραχίονι</span> <span class='ocrx_word' id='word_1_472' title='bbox 2777 2228 2988 2301; x_wconf 73' lang='grc' dir='ltr'>ὑψηλῷ.</span> <span class='ocrx_word' id='word_1_473' title='bbox 3038 2249 3056 2281; x_wconf 84' lang='grc' dir='ltr'><strong>ι</strong></span> <span class='ocrx_word' id='word_1_474' title='bbox 3088 2230 3233 2299; x_wconf 84' lang='grc' dir='ltr'><strong>Ἐγὼ</strong></span> <span class='ocrx_word' id='word_1_475' title='bbox 3274 2232 3402 2303; x_wconf 79' lang='grc' dir='ltr'>γὰρ,</span> <span class='ocrx_word' id='word_1_476' title='bbox 3441 2234 3623 2302; x_wconf 79' lang='grc' dir='ltr'>φησὶν,</span> <span class='ocrx_word' id='word_1_477' title='bbox 3656 2234 3863 2303; x_wconf 86' lang='grc' dir='ltr'>ἀνήγα-</span> 
     </span>
    </p>
   </div>
   <div class='ocr_carea' id='block_1_66' title="bbox 2271 2311 3857 2395">
    <p class='ocr_par' dir='ltr' id='par_1_66' title="bbox 2271 2311 3857 2395">
     <span class='ocr_line' id='line_1_66' title="bbox 2271 2311 3857 2395; baseline 0.003 -22"><span class='ocrx_word' id='word_1_478' title='bbox 2271 2335 2370 2389; x_wconf 89' lang='grc' dir='ltr'><strong>γον</strong></span> <span class='ocrx_word' id='word_1_479' title='bbox 2383 2321 2528 2390; x_wconf 80' lang='grc' dir='ltr'>ὑμᾶς</span> <span class='ocrx_word' id='word_1_480' title='bbox 2543 2311 2951 2389; x_wconf 67' lang='grc' dir='ltr'>ὲξΔίγύπτου.ἶ</span> <span class='ocrx_word' id='word_1_481' title='bbox 2976 2322 3067 2376; x_wconf 85' lang='grc' dir='ltr'>Ἑν</span> <span class='ocrx_word' id='word_1_482' title='bbox 3084 2322 3140 2375; x_wconf 81' lang='grc' dir='ltr'>δὲ</span> <span class='ocrx_word' id='word_1_483' title='bbox 3166 2322 3242 2393; x_wconf 80' lang='grc' dir='ltr'>τῷ</span> <span class='ocrx_word' id='word_1_484' title='bbox 3269 2342 3286 2374; x_wconf 84' lang='grc' dir='ltr'><strong>ι</strong></span> <span class='ocrx_word' id='word_1_485' title='bbox 3312 2324 3584 2395; x_wconf 81' lang='grc' dir='ltr'>ἀνήγαγον</span> <span class='ocrx_word' id='word_1_486' title='bbox 3606 2344 3623 2375; x_wconf 78' lang='grc' dir='ltr'><strong>ι</strong></span> <span class='ocrx_word' id='word_1_487' title='bbox 3657 2326 3857 2389; x_wconf 77' lang='grc' dir='ltr'>εἰπεῖν,</span> 
     </span>
    </p>
   </div>
   <div class='ocr_carea' id='block_1_67' title="bbox 2272 2411 3859 2489">
    <p class='ocr_par' dir='ltr' id='par_1_67' title="bbox 2272 2411 3859 2489">
     <span class='ocr_line' id='line_1_67' title="bbox 2272 2411 3859 2489; baseline 0.004 -25"><span class='ocrx_word' id='word_1_488' title='bbox 2272 2411 2537 2482; x_wconf 81' lang='grc' dir='ltr'>ἀποφέρει</span> <span class='ocrx_word' id='word_1_489' title='bbox 2564 2412 2701 2484; x_wconf 73' lang='grc' dir='ltr'>πρὸς</span> <span class='ocrx_word' id='word_1_490' title='bbox 2727 2413 3035 2485; x_wconf 74' lang='grc' dir='ltr'>ἀνάμνησιν</span> <span class='ocrx_word' id='word_1_491' title='bbox 3064 2414 3171 2468; x_wconf 84' lang='grc' dir='ltr'><strong>τῶν</strong></span> <span class='ocrx_word' id='word_1_492' title='bbox 3199 2416 3285 2469; x_wconf 71' lang='grc' dir='ltr'><strong>ἐπ’</strong></span> <span class='ocrx_word' id='word_1_493' title='bbox 3318 2418 3501 2479; x_wconf 86' lang='grc' dir='ltr'>αύτοῖς</span> <span class='ocrx_word' id='word_1_494' title='bbox 3530 2419 3859 2489; x_wconf 83' lang='grc' dir='ltr'>γενομένων,</span> 
     </span>
    </p>
   </div>
   <div class='ocr_carea' id='block_1_68' title="bbox 2273 2505 3864 2580">
    <p class='ocr_par' dir='ltr' id='par_1_68' title="bbox 2273 2505 3864 2580">
     <span class='ocr_line' id='line_1_68' title="bbox 2273 2505 3864 2580; baseline 0.003 -22"><span class='ocrx_word' id='word_1_495' title='bbox 2273 2505 2434 2576; x_wconf 83' lang='grc' dir='ltr'>ἀχρις</span> <span class='ocrx_word' id='word_1_496' title='bbox 2460 2506 2527 2559; x_wconf 83' lang='grc' dir='ltr'>ἂν</span> <span class='ocrx_word' id='word_1_497' title='bbox 2555 2506 2912 2561; x_wconf 86' lang='grc' dir='ltr'>εἰσελάσωσιν</span> <span class='ocrx_word' id='word_1_498' title='bbox 2940 2510 3021 2572; x_wconf 89' lang='grc' dir='ltr'><strong>είς</strong></span> <span class='ocrx_word' id='word_1_499' title='bbox 3049 2508 3148 2580; x_wconf 78' lang='grc' dir='ltr'>τὴν</span> <span class='ocrx_word' id='word_1_500' title='bbox 3168 2510 3273 2580; x_wconf 80' lang='grc' dir='ltr'>γῆν</span> <span class='ocrx_word' id='word_1_501' title='bbox 3298 2510 3395 2579; x_wconf 77' lang='grc' dir='ltr'>τὴν</span> <span class='ocrx_word' id='word_1_502' title='bbox 3415 2513 3536 2574; x_wconf 90' lang='grc' dir='ltr'>τοῖς</span> <span class='ocrx_word' id='word_1_503' title='bbox 3562 2511 3740 2580; x_wconf 78' lang='grc' dir='ltr'>ἁγίοις</span> <span class='ocrx_word' id='word_1_504' title='bbox 3767 2529 3864 2563; x_wconf 77' lang='grc' dir='ltr'>πα-</span> 
     </span>
    </p>
   </div>
   <div class='ocr_carea' id='block_1_69' title="bbox 2272 2597 3865 2671">
    <p class='ocr_par' dir='ltr' id='par_1_69' title="bbox 2272 2597 3865 2671">
     <span class='ocr_line' id='line_1_69' title="bbox 2272 2597 3865 2671; baseline 0.002 -21"><span class='ocrx_word' id='word_1_505' title='bbox 2272 2597 2468 2668; x_wconf 81' lang='grc' dir='ltr'>τράσιν</span> <span class='ocrx_word' id='word_1_506' title='bbox 2498 2598 2938 2669; x_wconf 74' lang='grc' dir='ltr'>ἐπηγγελμένην.</span> <span class='ocrx_word' id='word_1_507' title='bbox 2980 2601 3166 2671; x_wconf 82' lang='grc' dir='ltr'>Μυρία</span> <span class='ocrx_word' id='word_1_508' title='bbox 3193 2600 3251 2654; x_wconf 84' lang='grc' dir='ltr'>δὲ</span> <span class='ocrx_word' id='word_1_509' title='bbox 3278 2601 3377 2653; x_wconf 85' lang='grc' dir='ltr'>ὅσα</span> <span class='ocrx_word' id='word_1_510' title='bbox 3408 2601 3583 2666; x_wconf 77' lang='grc' dir='ltr'>ταυτὶ,</span> <span class='ocrx_word' id='word_1_511' title='bbox 3613 2602 3711 2655; x_wconf 78' lang='grc' dir='ltr'>καὶ</span> <span class='ocrx_word' id='word_1_512' title='bbox 3737 2619 3865 2655; x_wconf 82' lang='grc' dir='ltr'>παν-</span> 
     </span>
    </p>
   </div>
   <div class='ocr_carea' id='block_1_70' title="bbox 2272 2691 3863 2764">
    <p class='ocr_par' dir='ltr' id='par_1_70' title="bbox 2272 2691 3863 2764">
     <span class='ocr_line' id='line_1_70' title="bbox 2272 2691 3863 2764; baseline 0.003 -20"><span class='ocrx_word' id='word_1_513' title='bbox 2272 2692 2364 2754; x_wconf 78' lang='grc' dir='ltr'>τὸς</span> <span class='ocrx_word' id='word_1_514' title='bbox 2385 2694 2644 2746; x_wconf 72' lang='grc' dir='ltr'>ἐπέκεινα</span> <span class='ocrx_word' id='word_1_515' title='bbox 2671 2691 2972 2761; x_wconf 79' lang='grc' dir='ltr'>θαύματος.</span> <span class='ocrx_word' id='word_1_516' title='bbox 2990 2692 3111 2745; x_wconf 85' lang='grc' dir='ltr'>Ὅτι</span> <span class='ocrx_word' id='word_1_517' title='bbox 3136 2692 3194 2745; x_wconf 81' lang='grc' dir='ltr'>δὲ</span> <span class='ocrx_word' id='word_1_518' title='bbox 3217 2693 3584 2764; x_wconf 74' lang='grc' dir='ltr'>προφάσιστον</span> <span class='ocrx_word' id='word_1_519' title='bbox 3599 2694 3789 2758; x_wconf 78' lang='grc' dir='ltr'>αὐτοῖς</span> <span class='ocrx_word' id='word_1_520' title='bbox 3804 2696 3863 2748; x_wconf 76' lang='grc' dir='ltr'><strong>τὸ</strong></span> 
     </span>
    </p>
   </div>
   <div class='ocr_carea' id='block_1_71' title="bbox 2275 2784 3863 2856">
    <p class='ocr_par' dir='ltr' id='par_1_71' title="bbox 2275 2784 3863 2856">
     <span class='ocr_line' id='line_1_71' title="bbox 2275 2784 3863 2856; baseline -0.002 -13"><span class='ocrx_word' id='word_1_521' title='bbox 2275 2784 2743 2843; x_wconf 67' lang='grc' dir='ltr'>ἐπιλανθάνεσθαι</span> <span class='ocrx_word' id='word_1_522' title='bbox 2769 2784 2996 2849; x_wconf 91' lang='grc' dir='ltr'>τούτων,</span> <span class='ocrx_word' id='word_1_523' title='bbox 3028 2784 3312 2856; x_wconf 79' lang='grc' dir='ltr'>παρέδειξε</span> <span class='ocrx_word' id='word_1_524' title='bbox 3338 2785 3677 2856; x_wconf 77' lang='grc' dir='ltr'>προστιθείςο</span> <span class='ocrx_word' id='word_1_525' title='bbox 3706 2787 3863 2840; x_wconf 76' lang='grc' dir='ltr'>«Ἔτι</span> 
     </span>
    </p>
   </div>
   <div class='ocr_carea' id='block_1_72' title="bbox 2275 2876 3860 2950">
    <p class='ocr_par' dir='ltr' id='par_1_72' title="bbox 2275 2876 3860 2950">
     <span class='ocr_line' id='line_1_72' title="bbox 2275 2876 3860 2950; baseline -0.005 -13"><span class='ocrx_word' id='word_1_526' title='bbox 2275 2878 2543 2937; x_wconf 85' lang='grc' dir='ltr'>κατοικιῶ</span> <span class='ocrx_word' id='word_1_527' title='bbox 2576 2896 2637 2932; x_wconf 85' lang='grc' dir='ltr'><strong>σε</strong></span> <span class='ocrx_word' id='word_1_528' title='bbox 2663 2880 2723 2931; x_wconf 73' lang='grc' dir='ltr'>ἐν</span> <span class='ocrx_word' id='word_1_529' title='bbox 2758 2880 3006 2950; x_wconf 83' lang='grc' dir='ltr'>σκηναῖς,</span> <span class='ocrx_word' id='word_1_530' title='bbox 3042 2876 3223 2940; x_wconf 83' lang='grc' dir='ltr'>καθὼς</span> <span class='ocrx_word' id='word_1_531' title='bbox 3257 2878 3313 2929; x_wconf 79' lang='grc' dir='ltr'>ὲν</span> <span class='ocrx_word' id='word_1_532' title='bbox 3346 2876 3578 2947; x_wconf 81' lang='grc' dir='ltr'>ἡμέραις</span> <span class='ocrx_word' id='word_1_533' title='bbox 3608 2877 3860 2948; x_wconf 70' lang='grc' dir='ltr'>ἑορτῆς.»</span> 
     </span>
    </p>
   </div>
   <div class='ocr_carea' id='block_1_73' title="bbox 2277 2967 3868 3043">
    <p class='ocr_par' dir='ltr' id='par_1_73' title="bbox 2277 2967 3868 3043">
     <span class='ocr_line' id='line_1_73' title="bbox 2277 2967 3868 3043; baseline -0.003 -16"><span class='ocrx_word' id='word_1_534' title='bbox 2277 2974 2388 3027; x_wconf 82' lang='grc' dir='ltr'><strong>Καὶ</strong></span> <span class='ocrx_word' id='word_1_535' title='bbox 2434 2972 2487 3027; x_wconf 84' lang='grc' dir='ltr'><strong>τί</strong></span> <span class='ocrx_word' id='word_1_536' title='bbox 2529 2971 2594 3043; x_wconf 82' lang='grc' dir='ltr'><strong>δὴ</strong></span> <span class='ocrx_word' id='word_1_537' title='bbox 2626 2969 2786 3026; x_wconf 78' lang='grc' dir='ltr'>τοῦτό</span> <span class='ocrx_word' id='word_1_538' title='bbox 2836 2972 2975 3032; x_wconf 77' lang='grc' dir='ltr'>ἐστι,</span> <span class='ocrx_word' id='word_1_539' title='bbox 3003 2967 3181 3042; x_wconf 83' lang='grc' dir='ltr'>πεύσῃ</span> <span class='ocrx_word' id='word_1_540' title='bbox 3223 2968 3288 3039; x_wconf 84' lang='grc' dir='ltr'><strong>δὴ</strong></span> <span class='ocrx_word' id='word_1_541' title='bbox 3327 2968 3507 3022; x_wconf 79' lang='grc' dir='ltr'>πάλιν.</span> <span class='ocrx_word' id='word_1_542' title='bbox 3526 2970 3583 3023; x_wconf 91' lang='lat'><strong>&#39;0</strong></span> <span class='ocrx_word' id='word_1_543' title='bbox 3612 2968 3705 3021; x_wconf 80' lang='grc' dir='ltr'>διὰ</span> <span class='ocrx_word' id='word_1_544' title='bbox 3737 2970 3868 3023; x_wconf 84' lang='grc' dir='ltr'><strong>Μω-</strong></span> 
     </span>
    </p>
   </div>
   <div class='ocr_carea' id='block_1_74' title="bbox 2278 3060 3865 3135">
    <p class='ocr_par' dir='ltr' id='par_1_74' title="bbox 2278 3060 3865 3135">
     <span class='ocr_line' id='line_1_74' title="bbox 2278 3060 3865 3135; baseline -0.002 -18"><span class='ocrx_word' id='word_1_545' title='bbox 2278 3063 2417 3127; x_wconf 83' lang='grc' dir='ltr'>σέως</span> <span class='ocrx_word' id='word_1_546' title='bbox 2446 3062 2785 3135; x_wconf 85' lang='grc' dir='ltr'>προστέταχε</span> <span class='ocrx_word' id='word_1_547' title='bbox 2813 3062 2977 3133; x_wconf 87' lang='grc' dir='ltr'>νόμος</span> <span class='ocrx_word' id='word_1_548' title='bbox 3004 3063 3062 3115; x_wconf 76' lang='grc' dir='ltr'>ὲν</span> <span class='ocrx_word' id='word_1_549' title='bbox 3074 3060 3153 3132; x_wconf 83' lang='grc' dir='ltr'><strong>τῷ</strong></span> <span class='ocrx_word' id='word_1_550' title='bbox 3170 3061 3384 3131; x_wconf 82' lang='grc' dir='ltr'>ἑϐδόμῳ</span> <span class='ocrx_word' id='word_1_551' title='bbox 3410 3061 3559 3131; x_wconf 74' lang='grc' dir='ltr'>μηνὶ,</span> <span class='ocrx_word' id='word_1_552' title='bbox 3584 3064 3647 3132; x_wconf 82' lang='grc' dir='ltr'><strong>τῇ</strong></span> <span class='ocrx_word' id='word_1_553' title='bbox 3675 3078 3865 3114; x_wconf 79' lang='grc' dir='ltr'>πεντε-</span> 
     </span>
    </p>
   </div>
   <div class='ocr_carea' id='block_1_75' title="bbox 2276 3153 3865 3228">
    <p class='ocr_par' dir='ltr' id='par_1_75' title="bbox 2276 3153 3865 3228">
     <span class='ocr_line' id='line_1_75' title="bbox 2276 3153 3865 3228; baseline -0.001 -19"><span class='ocrx_word' id='word_1_554' title='bbox 2276 3156 2577 3228; x_wconf 78' lang='grc' dir='ltr'>καιδεκάτη</span> <span class='ocrx_word' id='word_1_555' title='bbox 2623 3157 2833 3228; x_wconf 68' lang='grc' dir='ltr'>ἡμέρᾳ,</span> <span class='ocrx_word' id='word_1_556' title='bbox 2877 3156 2979 3227; x_wconf 81' lang='grc' dir='ltr'>τῆς</span> <span class='ocrx_word' id='word_1_557' title='bbox 3030 3154 3403 3227; x_wconf 83' lang='grc' dir='ltr'>σκηνοπηγίας</span> <span class='ocrx_word' id='word_1_558' title='bbox 3447 3153 3717 3207; x_wconf 81' lang='grc' dir='ltr'>τελεῖσθαι</span> <span class='ocrx_word' id='word_1_559' title='bbox 3770 3154 3865 3225; x_wconf 74' lang='grc' dir='ltr'>τὴν</span> 
     </span>
    </p>
   </div>
   <div class='ocr_carea' id='block_1_76' title="bbox 2275 3246 3868 3321">
    <p class='ocr_par' dir='ltr' id='par_1_76' title="bbox 2275 3246 3868 3321">
     <span class='ocr_line' id='line_1_76' title="bbox 2275 3246 3868 3321; baseline -0.001 -18"><span class='ocrx_word' id='word_1_560' title='bbox 2275 3250 2490 3321; x_wconf 73' lang='grc' dir='ltr'>ἑορτήν.</span> <span class='ocrx_word' id='word_1_561' title='bbox 2529 3249 2639 3301; x_wconf 76' lang='grc' dir='ltr'><strong>Καὶ</strong></span> <span class='ocrx_word' id='word_1_562' title='bbox 2666 3248 2750 3312; x_wconf 91' lang='grc' dir='ltr'><strong>τίς</strong></span> <span class='ocrx_word' id='word_1_563' title='bbox 2780 3250 2812 3318; x_wconf 90' lang='grc' dir='ltr'><strong>ή</strong></span> <span class='ocrx_word' id='word_1_564' title='bbox 2846 3246 3001 3301; x_wconf 78' lang='grc' dir='ltr'>τοῦδε</span> <span class='ocrx_word' id='word_1_565' title='bbox 3030 3247 3324 3317; x_wconf 82' lang='grc' dir='ltr'>πρόφασις,</span> <span class='ocrx_word' id='word_1_566' title='bbox 3357 3246 3517 3311; x_wconf 83' lang='grc' dir='ltr'>αὐτὸς</span> <span class='ocrx_word' id='word_1_567' title='bbox 3549 3248 3678 3318; x_wconf 86' lang='grc' dir='ltr'>ἡμῖν</span> <span class='ocrx_word' id='word_1_568' title='bbox 3707 3249 3737 3299; x_wconf 85' lang='grc' dir='ltr'><strong>ὀ</strong></span> <span class='ocrx_word' id='word_1_569' title='bbox 3769 3264 3868 3301; x_wconf 79' lang='grc' dir='ltr'>νο-</span> 
     </span>
    </p>
   </div>
   <div class='ocr_carea' id='block_1_77' title="bbox 2283 3339 3868 3411">
    <p class='ocr_par' dir='ltr' id='par_1_77' title="bbox 2283 3339 3868 3411">
     <span class='ocr_line' id='line_1_77' title="bbox 2283 3339 3868 3411; baseline 0 -18"><span class='ocrx_word' id='word_1_570' title='bbox 2283 3340 2517 3411; x_wconf 83' lang='grc' dir='ltr'>μοθέτης</span> <span class='ocrx_word' id='word_1_571' title='bbox 2542 3340 2810 3409; x_wconf 85' lang='grc' dir='ltr'>διεσάφει,</span> <span class='ocrx_word' id='word_1_572' title='bbox 2840 3340 3015 3408; x_wconf 89' lang='grc' dir='ltr'>λέγων</span> <span class='ocrx_word' id='word_1_573' title='bbox 3057 3339 3187 3410; x_wconf 77' lang='grc' dir='ltr'>περὶ</span> <span class='ocrx_word' id='word_1_574' title='bbox 3236 3339 3335 3407; x_wconf 83' lang='grc' dir='ltr'>τῆς</span> <span class='ocrx_word' id='word_1_575' title='bbox 3380 3340 3776 3410; x_wconf 82' lang='grc' dir='ltr'>σκηνοπηγίας,</span> <span class='ocrx_word' id='word_1_576' title='bbox 3811 3341 3868 3393; x_wconf 81' lang='grc' dir='ltr'>ὲν</span> 
     </span>
    </p>
   </div>
   <div class='ocr_carea' id='block_1_78' title="bbox 2278 3430 3861 3503">
    <p class='ocr_par' dir='ltr' id='par_1_78' title="bbox 2278 3430 3861 3503">
     <span class='ocr_line' id='line_1_78' title="bbox 2278 3430 3861 3503; baseline 0.001 -19"><span class='ocrx_word' id='word_1_577' title='bbox 2278 3433 2355 3503; x_wconf 79' lang='grc' dir='ltr'>τῷ</span> <span class='ocrx_word' id='word_1_578' title='bbox 2384 3431 2655 3503; x_wconf 82' lang='grc' dir='ltr'>Λευῖτικῷ</span> <span class='ocrx_word' id='word_1_579' title='bbox 2682 3448 2697 3464; x_wconf 73' lang='grc' dir='ltr'>σ</span> <span class='ocrx_word' id='word_1_580' title='bbox 2736 3451 2753 3483; x_wconf 83' lang='grc' dir='ltr'><strong>ι</strong></span> <span class='ocrx_word' id='word_1_581' title='bbox 2789 3431 2881 3485; x_wconf 85' lang='grc' dir='ltr'><strong>Ἐν</strong></span> <span class='ocrx_word' id='word_1_582' title='bbox 2917 3431 2995 3502; x_wconf 84' lang='grc' dir='ltr'>τῷ</span> <span class='ocrx_word' id='word_1_583' title='bbox 3035 3431 3166 3502; x_wconf 79' lang='grc' dir='ltr'>μηνὶ</span> <span class='ocrx_word' id='word_1_584' title='bbox 3194 3430 3272 3501; x_wconf 84' lang='grc' dir='ltr'>τῷ</span> <span class='ocrx_word' id='word_1_585' title='bbox 3321 3430 3533 3501; x_wconf 75' lang='grc' dir='ltr'>ἑϐδόμῳ</span> <span class='ocrx_word' id='word_1_586' title='bbox 3572 3432 3861 3503; x_wconf 76' lang='grc' dir='ltr'>έορτάσετε</span> 
     </span>
    </p>
   </div>
   <div class='ocr_carea' id='block_1_79' title="bbox 2279 3522 3867 3595">
    <p class='ocr_par' dir='ltr' id='par_1_79' title="bbox 2279 3522 3867 3595">
     <span class='ocr_line' id='line_1_79' title="bbox 2279 3522 3867 3595; baseline -0.001 -17"><span class='ocrx_word' id='word_1_587' title='bbox 2279 3524 2472 3594; x_wconf 80' lang='grc' dir='ltr'>αὐτήν.</span> <span class='ocrx_word' id='word_1_588' title='bbox 2491 3524 2578 3577; x_wconf 82' lang='grc' dir='ltr'>Ἐν</span> <span class='ocrx_word' id='word_1_589' title='bbox 2612 3526 2840 3595; x_wconf 89' lang='grc' dir='ltr'>σκηναῖς</span> <span class='ocrx_word' id='word_1_590' title='bbox 2867 3524 3220 3593; x_wconf 85' lang='grc' dir='ltr'>κατοικήσετε</span> <span class='ocrx_word' id='word_1_591' title='bbox 3256 3522 3396 3575; x_wconf 76' lang='grc' dir='ltr'>ἑπτα</span> <span class='ocrx_word' id='word_1_592' title='bbox 3428 3523 3663 3594; x_wconf 85' lang='grc' dir='ltr'>ἡμέρας.</span> <span class='ocrx_word' id='word_1_593' title='bbox 3692 3524 3810 3586; x_wconf 77' lang='grc' dir='ltr'><strong>Πᾶς</strong></span> <span class='ocrx_word' id='word_1_594' title='bbox 3839 3524 3867 3576; x_wconf 84' lang='grc' dir='ltr'>ὀ</span> 
     </span>
    </p>
   </div>
   <div class='ocr_carea' id='block_1_80' title="bbox 2278 3618 3868 3690">
    <p class='ocr_par' dir='ltr' id='par_1_80' title="bbox 2278 3618 3868 3690">
     <span class='ocr_line' id='line_1_80' title="bbox 2278 3618 3868 3690; baseline 0.001 -17"><span class='ocrx_word' id='word_1_595' title='bbox 2278 3618 2561 3689; x_wconf 81' lang='grc' dir='ltr'>αὐτόχθων</span> <span class='ocrx_word' id='word_1_596' title='bbox 2589 3618 2808 3690; x_wconf 81' lang='grc' dir='ltr'>Ἰσραὴλ</span> <span class='ocrx_word' id='word_1_597' title='bbox 2838 3618 3155 3688; x_wconf 83' lang='grc' dir='ltr'>κατοικήσει</span> <span class='ocrx_word' id='word_1_598' title='bbox 3187 3619 3245 3671; x_wconf 73' lang='grc' dir='ltr'>ἐν</span> <span class='ocrx_word' id='word_1_599' title='bbox 3274 3621 3501 3687; x_wconf 85' lang='grc' dir='ltr'>σκηναῖς</span> <span class='ocrx_word' id='word_1_600' title='bbox 3520 3634 3534 3647; x_wconf 87' lang='grc'><strong>·</strong></span> <span class='ocrx_word' id='word_1_601' title='bbox 3568 3621 3718 3683; x_wconf 86' lang='grc' dir='ltr'>ὃπως</span> <span class='ocrx_word' id='word_1_602' title='bbox 3748 3619 3868 3674; x_wconf 73' lang='grc' dir='ltr'>ἴδω-</span> 
     </span>
    </p>
   </div>
   <div class='ocr_carea' id='block_1_81' title="bbox 2282 3708 3866 3782">
    <p class='ocr_par' dir='ltr' id='par_1_81' title="bbox 2282 3708 3866 3782">
     <span class='ocr_line' id='line_1_81' title="bbox 2282 3708 3866 3782; baseline 0 -18"><span class='ocrx_word' id='word_1_603' title='bbox 2282 3726 2367 3765; x_wconf 94' lang='grc' dir='ltr'><strong>σιν</strong></span> <span class='ocrx_word' id='word_1_604' title='bbox 2395 3708 2452 3766; x_wconf 80' lang='grc' dir='ltr'>αῑ</span> <span class='ocrx_word' id='word_1_605' title='bbox 2482 3710 2670 3778; x_wconf 78' lang='grc' dir='ltr'>γενεαὶ</span> <span class='ocrx_word' id='word_1_606' title='bbox 2714 3708 2889 3779; x_wconf 79' lang='grc' dir='ltr'>ὑμῶν,</span> <span class='ocrx_word' id='word_1_607' title='bbox 2917 3709 2997 3763; x_wconf 84' lang='grc' dir='ltr'><strong>δτι</strong></span> <span class='ocrx_word' id='word_1_608' title='bbox 3044 3711 3103 3763; x_wconf 81' lang='grc' dir='ltr'>ὲν</span> <span class='ocrx_word' id='word_1_609' title='bbox 3158 3713 3386 3782; x_wconf 87' lang='grc' dir='ltr'>σκηναῖς</span> <span class='ocrx_word' id='word_1_610' title='bbox 3420 3709 3703 3781; x_wconf 77' lang='grc' dir='ltr'>κατῴκισα</span> <span class='ocrx_word' id='word_1_611' title='bbox 3740 3712 3866 3774; x_wconf 66' lang='grc' dir='ltr'>τοὺς</span> 
     </span>
    </p>
   </div>
   <div class='ocr_carea' id='block_1_82' title="bbox 2280 3800 3870 3873">
    <p class='ocr_par' dir='ltr' id='par_1_82' title="bbox 2280 3800 3870 3873">
     <span class='ocr_line' id='line_1_82' title="bbox 2280 3800 3870 3873; baseline 0.001 -20"><span class='ocrx_word' id='word_1_612' title='bbox 2280 3802 2431 3865; x_wconf 76' lang='grc' dir='ltr'>υἱοὺς</span> <span class='ocrx_word' id='word_1_613' title='bbox 2451 3800 2691 3871; x_wconf 80' lang='grc' dir='ltr'>Ἰσραὴλ,</span> <span class='ocrx_word' id='word_1_614' title='bbox 2723 3801 2781 3853; x_wconf 78' lang='grc' dir='ltr'>ὲν</span> <span class='ocrx_word' id='word_1_615' title='bbox 2820 3800 2899 3871; x_wconf 85' lang='grc' dir='ltr'>τῷ</span> <span class='ocrx_word' id='word_1_616' title='bbox 2927 3800 3217 3870; x_wconf 76' lang='grc' dir='ltr'>ἐξαγαγεῖν</span> <span class='ocrx_word' id='word_1_617' title='bbox 3246 3818 3312 3871; x_wconf 87' lang='grc' dir='ltr'><strong>με</strong></span> <span class='ocrx_word' id='word_1_618' title='bbox 3343 3801 3540 3865; x_wconf 77' lang='grc' dir='ltr'>αὐτοὺς</span> <span class='ocrx_word' id='word_1_619' title='bbox 3567 3804 3634 3854; x_wconf 84' lang='grc' dir='ltr'>ἐκ</span> <span class='ocrx_word' id='word_1_620' title='bbox 3661 3804 3759 3873; x_wconf 80' lang='grc' dir='ltr'><strong>γῆς</strong></span> <span class='ocrx_word' id='word_1_621' title='bbox 3783 3804 3870 3855; x_wconf 70' lang='grc' dir='ltr'><strong>Δία</strong></span> 
     </span>
    </p>
   </div>
   <div class='ocr_carea' id='block_1_83' title="bbox 2279 3890 3867 3963">
    <p class='ocr_par' dir='ltr' id='par_1_83' title="bbox 2279 3890 3867 3963">
     <span class='ocr_line' id='line_1_83' title="bbox 2279 3890 3867 3963; baseline 0.002 -17"><span class='ocrx_word' id='word_1_622' title='bbox 2279 3894 2348 3961; x_wconf 89' lang='grc' dir='ltr'><strong>γύ</strong></span> <span class='ocrx_word' id='word_1_623' title='bbox 2358 3907 2512 3947; x_wconf 87' lang='grc' dir='ltr'>πτου.</span> <span class='ocrx_word' id='word_1_624' title='bbox 2531 3890 2672 3961; x_wconf 84' lang='grc' dir='ltr'><strong>Ἐγὼ</strong></span> <span class='ocrx_word' id='word_1_625' title='bbox 2692 3890 2900 3963; x_wconf 83' lang='grc' dir='ltr'>Κύριος</span> <span class='ocrx_word' id='word_1_626' title='bbox 2931 3895 2959 3946; x_wconf 87' lang='grc' dir='ltr'>ὁ</span> <span class='ocrx_word' id='word_1_627' title='bbox 2983 3892 3117 3956; x_wconf 82' lang='grc' dir='ltr'>Θεὸς</span> <span class='ocrx_word' id='word_1_628' title='bbox 3154 3892 3328 3962; x_wconf 78' lang='grc' dir='ltr'>ὑμῶν.</span> <span class='ocrx_word' id='word_1_629' title='bbox 3348 3912 3365 3943; x_wconf 78' lang='grc' dir='ltr'><strong>ι</strong></span> <span class='ocrx_word' id='word_1_630' title='bbox 3386 3893 3501 3946; x_wconf 82' lang='grc' dir='ltr'><strong>Οὐκ</strong></span> <span class='ocrx_word' id='word_1_631' title='bbox 3519 3893 3615 3947; x_wconf 79' lang='grc' dir='ltr'>οὖν</span> <span class='ocrx_word' id='word_1_632' title='bbox 3639 3897 3721 3958; x_wconf 80' lang='grc' dir='ltr'>εἰς</span> <span class='ocrx_word' id='word_1_633' title='bbox 3738 3896 3867 3949; x_wconf 69' lang='grc' dir='ltr'>ἀνα·</span> 
     </span>
    </p>
   </div>
   <div class='ocr_carea' id='block_1_84' title="bbox 2284 3978 3864 4057">
    <p class='ocr_par' dir='ltr' id='par_1_84' title="bbox 2284 3978 3864 4057">
     <span class='ocr_line' id='line_1_84' title="bbox 2284 3978 3864 4057; baseline 0.001 -20"><span class='ocrx_word' id='word_1_634' title='bbox 2284 4002 2479 4056; x_wconf 86' lang='grc' dir='ltr'>μνησιν</span> <span class='ocrx_word' id='word_1_635' title='bbox 2528 3985 2626 4054; x_wconf 81' lang='grc' dir='ltr'>τῆς</span> <span class='ocrx_word' id='word_1_636' title='bbox 2674 3983 2853 4049; x_wconf 71' lang='grc' dir='ltr'>ἐξόδου</span> <span class='ocrx_word' id='word_1_637' title='bbox 2898 3983 3101 4054; x_wconf 77' lang='grc' dir='ltr'><strong>τῆς¹ὲξ</strong></span> <span class='ocrx_word' id='word_1_638' title='bbox 3148 3983 3424 4052; x_wconf 81' lang='grc' dir='ltr'>Αἰγύπτου</span> <span class='ocrx_word' id='word_1_639' title='bbox 3473 3978 3864 4057; x_wconf 79' lang='grc' dir='ltr'>γεγενημένης,</span> 
     </span>
    </p>
   </div>
   <div class='ocr_carea' id='block_1_85' title="bbox 2282 4068 3867 4146">
    <p class='ocr_par' dir='ltr' id='par_1_85' title="bbox 2282 4068 3867 4146">
     <span class='ocr_line' id='line_1_85' title="bbox 2282 4068 3867 4146; baseline 0.001 -19"><span class='ocrx_word' id='word_1_640' title='bbox 2282 4075 2498 4128; x_wconf 81' lang='grc' dir='ltr'>ἐτέλουν</span> <span class='ocrx_word' id='word_1_641' title='bbox 2527 4075 2625 4145; x_wconf 84' lang='grc' dir='ltr'>τὴν</span> <span class='ocrx_word' id='word_1_642' title='bbox 2646 4075 2860 4146; x_wconf 79' lang='grc' dir='ltr'>ἑορτήν.</span> <span class='ocrx_word' id='word_1_643' title='bbox 2890 4068 3044 4138; x_wconf 75' lang='grc' dir='ltr'>Εἶτα,</span> <span class='ocrx_word' id='word_1_644' title='bbox 3068 4073 3183 4137; x_wconf 83' lang='grc' dir='ltr'>πῶς</span> <span class='ocrx_word' id='word_1_645' title='bbox 3208 4072 3274 4126; x_wconf 86' lang='grc' dir='ltr'>ἂν</span> <span class='ocrx_word' id='word_1_646' title='bbox 3301 4072 3500 4137; x_wconf 86' lang='grc' dir='ltr'>δύναιο,</span> <span class='ocrx_word' id='word_1_647' title='bbox 3545 4076 3730 4145; x_wconf 78' lang='grc' dir='ltr'>φησὶν,</span> <span class='ocrx_word' id='word_1_648' title='bbox 3751 4078 3867 4128; x_wconf 67' lang='lat' dir='ltr'><strong>tu;-</strong></span> 
     </span>
    </p>
   </div>
   <div class='ocr_carea' id='block_1_86' title="bbox 2281 4164 3863 4237">
    <p class='ocr_par' dir='ltr' id='par_1_86' title="bbox 2281 4164 3863 4237">
     <span class='ocr_line' id='line_1_86' title="bbox 2281 4164 3863 4237; baseline 0 -17"><span class='ocrx_word' id='word_1_649' title='bbox 2281 4166 2640 4221; x_wconf 91' lang='grc' dir='ltr'>λανθάνεσθαί</span> <span class='ocrx_word' id='word_1_650' title='bbox 2676 4183 2801 4237; x_wconf 90' lang='grc' dir='ltr'>μου,</span> <span class='ocrx_word' id='word_1_651' title='bbox 2836 4164 2932 4218; x_wconf 79' lang='grc' dir='ltr'>τοῦ</span> <span class='ocrx_word' id='word_1_652' title='bbox 2962 4164 3323 4233; x_wconf 68' lang='grc' dir='ltr'>ἐξαγαγόντος</span> <span class='ocrx_word' id='word_1_653' title='bbox 3366 4182 3425 4217; x_wconf 86' lang='grc' dir='ltr'><strong>σε</strong></span> <span class='ocrx_word' id='word_1_654' title='bbox 3465 4165 3525 4230; x_wconf 75' lang='grc' dir='ltr'><strong>ἐξ</strong></span> <span class='ocrx_word' id='word_1_655' title='bbox 3568 4166 3863 4234; x_wconf 78' lang='grc' dir='ltr'>Αἰγύπτου,</span> 
     </span>
    </p>
   </div>
   <div class='ocr_carea' id='block_1_87' title="bbox 2281 4255 3865 4329">
    <p class='ocr_par' dir='ltr' id='par_1_87' title="bbox 2281 4255 3865 4329">
     <span class='ocr_line' id='line_1_87' title="bbox 2281 4255 3865 4329; baseline 0.012 -21"><span class='ocrx_word' id='word_1_656' title='bbox 2281 4257 2565 4327; x_wconf 86' lang='grc' dir='ltr'>γινόμενος</span> <span class='ocrx_word' id='word_1_657' title='bbox 2596 4255 2677 4308; x_wconf 77' lang='grc' dir='ltr'>ἔτι</span> <span class='ocrx_word' id='word_1_658' title='bbox 2707 4255 2800 4309; x_wconf 67' lang='grc' dir='ltr'>καὶ</span> <span class='ocrx_word' id='word_1_659' title='bbox 2832 4255 2938 4308; x_wconf 81' lang='grc' dir='ltr'><strong>ύπὺ</strong></span> <span class='ocrx_word' id='word_1_660' title='bbox 2968 4258 3215 4328; x_wconf 76' lang='grc' dir='ltr'>σκηναῖς,</span> <span class='ocrx_word' id='word_1_661' title='bbox 3249 4256 3340 4308; x_wconf 68' lang='grc' dir='ltr'>καὶ</span> <span class='ocrx_word' id='word_1_662' title='bbox 3376 4256 3651 4326; x_wconf 83' lang='grc' dir='ltr'>πρόφασιν</span> <span class='ocrx_word' id='word_1_663' title='bbox 3678 4257 3865 4329; x_wconf 74' lang='grc' dir='ltr'>ἑορτῆς</span> 
     </span>
    </p>
   </div>
   <div class='ocr_carea' id='block_1_88' title="bbox 2280 4346 3866 4419">
    <p class='ocr_par' dir='ltr' id='par_1_88' title="bbox 2280 4346 3866 4419">
     <span class='ocr_line' id='line_1_88' title="bbox 2280 4346 3866 4419; baseline 0.001 -18"><span class='ocrx_word' id='word_1_664' title='bbox 2280 4348 2341 4401; x_wconf 84' lang='grc' dir='ltr'><strong>τὺ</strong></span> <span class='ocrx_word' id='word_1_665' title='bbox 2387 4348 2577 4419; x_wconf 82' lang='grc' dir='ltr'>χρῆμα</span> <span class='ocrx_word' id='word_1_666' title='bbox 2628 4346 2985 4418; x_wconf 87' lang='grc' dir='ltr'>ποιούμενος;</span> <span class='ocrx_word' id='word_1_667' title='bbox 3042 4349 3205 4402; x_wconf 79' lang='grc' dir='ltr'>«Ἔτι</span> <span class='ocrx_word' id='word_1_668' title='bbox 3252 4348 3360 4418; x_wconf 81' lang='grc' dir='ltr'>γὰρ</span> <span class='ocrx_word' id='word_1_669' title='bbox 3408 4347 3672 4402; x_wconf 84' lang='grc' dir='ltr'>κατοικιῶ</span> <span class='ocrx_word' id='word_1_670' title='bbox 3715 4366 3770 4402; x_wconf 87' lang='grc' dir='ltr'><strong>σε</strong></span> <span class='ocrx_word' id='word_1_671' title='bbox 3810 4351 3866 4402; x_wconf 74' lang='grc' dir='ltr'>ἐν</span> 
     </span>
    </p>
   </div>
   <div class='ocr_carea' id='block_1_89' title="bbox 2285 4438 3861 4512">
    <p class='ocr_par' dir='ltr' id='par_1_89' title="bbox 2285 4438 3861 4512">
     <span class='ocr_line' id='line_1_89' title="bbox 2285 4438 3861 4512; baseline 0.001 -20"><span class='ocrx_word' id='word_1_672' title='bbox 2285 4442 2537 4509; x_wconf 88' lang='grc' dir='ltr'>σκηναῖς,</span> <span class='ocrx_word' id='word_1_673' title='bbox 2553 4438 2737 4502; x_wconf 87' lang='grc' dir='ltr'>καθὼς</span> <span class='ocrx_word' id='word_1_674' title='bbox 2753 4439 2810 4493; x_wconf 81' lang='grc' dir='ltr'>ὲν</span> <span class='ocrx_word' id='word_1_675' title='bbox 2826 4439 3011 4512; x_wconf 75' lang='grc' dir='ltr'>ἡμέρᾳ</span> <span class='ocrx_word' id='word_1_676' title='bbox 3028 4440 3242 4512; x_wconf 77' lang='grc' dir='ltr'>ἑορτῆς.</span> <span class='ocrx_word' id='word_1_677' title='bbox 3260 4460 3277 4490; x_wconf 82' lang='grc' dir='ltr'><strong>ι</strong></span> <span class='ocrx_word' id='word_1_678' title='bbox 3300 4439 3394 4503; x_wconf 80' lang='grc' dir='ltr'>Τὸ,</span> <span class='ocrx_word' id='word_1_679' title='bbox 3427 4458 3445 4489; x_wconf 79' lang='grc' dir='ltr'><strong>ι</strong></span> <span class='ocrx_word' id='word_1_680' title='bbox 3459 4441 3726 4494; x_wconf 84' lang='grc' dir='ltr'>κατοικιῶ</span> <span class='ocrx_word' id='word_1_681' title='bbox 3750 4458 3830 4504; x_wconf 90' lang='grc' dir='ltr'><strong>σε,</strong></span> <span class='ocrx_word' id='word_1_682' title='bbox 3842 4460 3861 4493; x_wconf 76' lang='grc' dir='ltr'><strong>ι</strong></span> 
     </span>
    </p>
   </div>
   <div class='ocr_carea' id='block_1_90' title="bbox 596 4526 2173 4613">
    <p class='ocr_par' dir='ltr' id='par_1_90' title="bbox 596 4526 2173 4595">
     <span class='ocr_line' id='line_1_90' title="bbox 596 4526 2173 4595; baseline 0.001 -13"><span class='ocrx_word' id='word_1_683' title='bbox 596 4528 653 4582; x_wconf 89' lang='lat' dir='ltr'><strong>in</strong></span> <span class='ocrx_word' id='word_1_684' title='bbox 677 4528 866 4582; x_wconf 88' lang='lat' dir='ltr'><strong>diebus</strong></span> <span class='ocrx_word' id='word_1_685' title='bbox 890 4526 1011 4582; x_wconf 76' lang='lat' dir='ltr'><strong>festi</strong></span> <span class='ocrx_word' id='word_1_686' title='bbox 1043 4527 1258 4581; x_wconf 87' lang='lat' dir='ltr'><strong>borum.</strong></span> <span class='ocrx_word' id='word_1_687' title='bbox 1286 4526 1452 4595; x_wconf 82' lang='lat' dir='ltr'><strong>Igitur</strong></span> <span class='ocrx_word' id='word_1_688' title='bbox 1472 4527 1684 4582; x_wconf 77' lang='lat' dir='ltr'><strong>defendi</strong></span> <span class='ocrx_word' id='word_1_689' title='bbox 1710 4526 1911 4582; x_wconf 89' lang='lat' dir='ltr'><strong>oblivio</strong></span> <span class='ocrx_word' id='word_1_690' title='bbox 1939 4529 2040 4582; x_wconf 88' lang='lat' dir='ltr'><strong>ista</strong></span> <span class='ocrx_word' id='word_1_691' title='bbox 2071 4544 2173 4584; x_wconf 91' lang='lat' dir='ltr'><strong>non</strong></span> 
     </span>
    </p>
   </div>
   <div class='ocr_carea' id='block_1_91' title="bbox 2276 4526 3866 4613">
    <p class='ocr_par' dir='ltr' id='par_1_91' title="bbox 2281 4530 3866 4602">
     <span class='ocr_line' id='line_1_91' title="bbox 2281 4530 3866 4602; baseline -0.001 -18"><span class='ocrx_word' id='word_1_692' title='bbox 2281 4532 2447 4601; x_wconf 76' lang='grc' dir='ltr'>φησὶν</span> <span class='ocrx_word' id='word_1_693' title='bbox 2486 4532 2607 4585; x_wconf 76' lang='grc' dir='ltr'>ἀντὶ</span> <span class='ocrx_word' id='word_1_694' title='bbox 2645 4530 2763 4595; x_wconf 81' lang='grc' dir='ltr'>τοῦ,</span> <span class='ocrx_word' id='word_1_695' title='bbox 2801 4532 3114 4596; x_wconf 74' lang='grc' dir='ltr'>κατοικίζω,</span> <span class='ocrx_word' id='word_1_696' title='bbox 3163 4532 3281 4602; x_wconf 83' lang='grc' dir='ltr'>ήτοι</span> <span class='ocrx_word' id='word_1_697' title='bbox 3326 4530 3464 4585; x_wconf 85' lang='grc' dir='ltr'>ποιῶ</span> <span class='ocrx_word' id='word_1_698' title='bbox 3506 4536 3782 4586; x_wconf 86' lang='grc' dir='ltr'>κατοικεῖν</span> <span class='ocrx_word' id='word_1_699' title='bbox 3811 4534 3866 4584; x_wconf 81' lang='grc' dir='ltr'>ἑν</span> 
     </span>
    </p>
   </div>
   <div class='ocr_carea' id='block_1_92' title="bbox 596 4614 2173 4689">
    <p class='ocr_par' dir='ltr' id='par_1_92' title="bbox 596 4614 2173 4689">
     <span class='ocr_line' id='line_1_92' title="bbox 596 4614 2173 4689; baseline 0.003 -21"><span class='ocrx_word' id='word_1_700' title='bbox 596 4626 795 4685; x_wconf 87' lang='lat' dir='ltr'><strong>potest.</strong></span> <span class='ocrx_word' id='word_1_701' title='bbox 840 4614 947 4671; x_wconf 87' lang='lat' dir='ltr'><strong>Sed</strong></span> <span class='ocrx_word' id='word_1_702' title='bbox 994 4614 1249 4686; x_wconf 88' lang='lat' dir='ltr'><strong>cupiebas</strong></span> <span class='ocrx_word' id='word_1_703' title='bbox 1302 4617 1529 4672; x_wconf 72' lang='lat' dir='ltr'><strong>forsitan</strong></span> <span class='ocrx_word' id='word_1_704' title='bbox 1580 4616 1883 4671; x_wconf 82' lang='lat' dir='ltr'><strong>futurorum</strong></span> <span class='ocrx_word' id='word_1_705' title='bbox 1928 4620 2173 4689; x_wconf 61' lang='lat' dir='ltr'><strong>quadam</strong></span> 
     </span>
    </p>
   </div>
   <div class='ocr_carea' id='block_1_93' title="bbox 596 4708 2178 4778">
    <p class='ocr_par' dir='ltr' id='par_1_93' title="bbox 596 4708 2178 4778">
     <span class='ocr_line' id='line_1_93' title="bbox 596 4708 2178 4778; baseline 0.001 -14"><span class='ocrx_word' id='word_1_706' title='bbox 596 4722 776 4773; x_wconf 86' lang='lat' dir='ltr'><strong>nosse,</strong></span> <span class='ocrx_word' id='word_1_707' title='bbox 803 4715 857 4761; x_wconf 89' lang='lat' dir='ltr'><strong>et</strong></span> <span class='ocrx_word' id='word_1_708' title='bbox 888 4708 1164 4777; x_wconf 88' lang='lat' dir='ltr'><strong>inquirere</strong></span> <span class='ocrx_word' id='word_1_709' title='bbox 1193 4708 1412 4762; x_wconf 87' lang='lat' dir='ltr'><strong>volebas</strong></span> <span class='ocrx_word' id='word_1_710' title='bbox 1440 4708 1709 4763; x_wconf 88' lang='lat' dir='ltr'><strong>curiosius</strong></span> <span class='ocrx_word' id='word_1_711' title='bbox 1739 4723 1858 4778; x_wconf 81' lang='lat' dir='ltr'><strong>quae</strong></span> <span class='ocrx_word' id='word_1_712' title='bbox 1888 4718 1977 4763; x_wconf 86' lang='lat' dir='ltr'><strong>tua</strong></span> <span class='ocrx_word' id='word_1_713' title='bbox 2012 4710 2178 4765; x_wconf 87' lang='lat' dir='ltr'><strong>inter-</strong></span> 
     </span>
    </p>
   </div>
   <div class='ocr_carea' id='block_1_94' title="bbox 595 4800 2178 4872">
    <p class='ocr_par' dir='ltr' id='par_1_94' title="bbox 595 4800 2178 4872">
     <span class='ocr_line' id='line_1_94' title="bbox 595 4800 2178 4872; baseline 0.001 -17"><span class='ocrx_word' id='word_1_714' title='bbox 595 4810 797 4856; x_wconf 89' lang='lat' dir='ltr'><strong>essent.</strong></span> <span class='ocrx_word' id='word_1_715' title='bbox 839 4801 903 4854; x_wconf 85' lang='lat' dir='ltr'><strong>Et</strong></span> <span class='ocrx_word' id='word_1_716' title='bbox 938 4816 1038 4855; x_wconf 91' lang='lat' dir='ltr'><strong>cur</strong></span> <span class='ocrx_word' id='word_1_717' title='bbox 1071 4801 1253 4872; x_wconf 88' lang='lat' dir='ltr'><strong>potius</strong></span> <span class='ocrx_word' id='word_1_718' title='bbox 1286 4801 1465 4854; x_wconf 88' lang='lat' dir='ltr'><strong>adires</strong></span> <span class='ocrx_word' id='word_1_719' title='bbox 1504 4800 1666 4854; x_wconf 83' lang='lat' dir='ltr'><strong>falsos</strong></span> <span class='ocrx_word' id='word_1_720' title='bbox 1701 4809 1848 4856; x_wconf 88' lang='lat' dir='ltr'><strong>vates</strong></span> <span class='ocrx_word' id='word_1_721' title='bbox 1888 4800 2052 4868; x_wconf 83' lang='lat' dir='ltr'><strong>Baal,</strong></span> <span class='ocrx_word' id='word_1_722' title='bbox 2084 4811 2178 4856; x_wconf 85' lang='lat' dir='ltr'><strong>aut</strong></span> 
     </span>
    </p>
   </div>
   <div class='ocr_carea' id='block_1_95' title="bbox 596 4892 2176 4960">
    <p class='ocr_par' dir='ltr' id='par_1_95' title="bbox 596 4892 2176 4960">
     <span class='ocr_line' id='line_1_95' title="bbox 596 4892 2176 4960; baseline -0.001 -12"><span class='ocrx_word' id='word_1_723' title='bbox 596 4894 999 4948; x_wconf 87' lang='lat' dir='ltr'><strong>conuuentitios</strong></span> <span class='ocrx_word' id='word_1_724' title='bbox 1037 4895 1189 4959; x_wconf 89' lang='lat' dir='ltr'><strong>deos,</strong></span> <span class='ocrx_word' id='word_1_725' title='bbox 1242 4901 1297 4946; x_wconf 90' lang='lat' dir='ltr'><strong>et</strong></span> <span class='ocrx_word' id='word_1_726' title='bbox 1323 4894 1390 4944; x_wconf 82' lang='lat' dir='ltr'><strong>ab</strong></span> <span class='ocrx_word' id='word_1_727' title='bbox 1432 4892 1563 4959; x_wconf 86' lang='lat' dir='ltr'><strong>ipsis</strong></span> <span class='ocrx_word' id='word_1_728' title='bbox 1602 4892 1702 4945; x_wconf 83' lang='lat' dir='ltr'><strong>ista</strong></span> <span class='ocrx_word' id='word_1_729' title='bbox 1739 4892 2084 4960; x_wconf 82' lang='lat' dir='ltr'><strong>exquireres,</strong></span> <span class='ocrx_word' id='word_1_730' title='bbox 2124 4901 2176 4946; x_wconf 83' lang='lat' dir='ltr'><strong>et</strong></span> 
     </span>
    </p>
   </div>
   <div class='ocr_carea' id='block_1_96' title="bbox 597 4984 2176 5055">
    <p class='ocr_par' dir='ltr' id='par_1_96' title="bbox 597 4984 2176 5055">
     <span class='ocr_line' id='line_1_96' title="bbox 597 4984 2176 5055; baseline 0.001 -17"><span class='ocrx_word' id='word_1_731' title='bbox 597 5000 704 5039; x_wconf 90' lang='lat' dir='ltr'><strong>non</strong></span> <span class='ocrx_word' id='word_1_732' title='bbox 740 4985 910 5054; x_wconf 87' lang='lat' dir='ltr'><strong>magis</strong></span> <span class='ocrx_word' id='word_1_733' title='bbox 965 4984 1239 5052; x_wconf 85' lang='lat' dir='ltr'><strong>sapienter</strong></span> <span class='ocrx_word' id='word_1_734' title='bbox 1272 4984 1612 5037; x_wconf 85' lang='lat' dir='ltr'><strong>meminisses</strong></span> <span class='ocrx_word' id='word_1_735' title='bbox 1656 5000 1740 5038; x_wconf 85' lang='lat' dir='ltr'><strong>me</strong></span> <span class='ocrx_word' id='word_1_736' title='bbox 1774 4984 1920 5055; x_wconf 88' lang='lat' dir='ltr'><strong>loqui</strong></span> <span class='ocrx_word' id='word_1_737' title='bbox 1955 4986 2021 5039; x_wconf 87' lang='lat' dir='ltr'><strong>ad</strong></span> <span class='ocrx_word' id='word_1_738' title='bbox 2055 5002 2176 5055; x_wconf 91' lang='lat' dir='ltr'><strong>pro-</strong></span> 
     </span>
    </p>
   </div>
   <div class='ocr_carea' id='block_1_97' title="bbox 596 5075 2175 5145">
    <p class='ocr_par' dir='ltr' id='par_1_97' title="bbox 596 5075 2175 5145">
     <span class='ocr_line' id='line_1_97' title="bbox 596 5075 2175 5145; baseline 0.001 -14"><span class='ocrx_word' id='word_1_739' title='bbox 596 5075 818 5145; x_wconf 82' lang='lat' dir='ltr'><strong>phetas,</strong></span> <span class='ocrx_word' id='word_1_740' title='bbox 847 5088 903 5129; x_wconf 86' lang='lat' dir='ltr'><strong>et</strong></span> <span class='ocrx_word' id='word_1_741' title='bbox 934 5076 1295 5145; x_wconf 89' lang='lat' dir='ltr'><strong>multiplicare</strong></span> <span class='ocrx_word' id='word_1_742' title='bbox 1326 5076 1557 5129; x_wconf 88' lang='lat' dir='ltr'><strong>visiones</strong></span> <span class='ocrx_word' id='word_1_743' title='bbox 1586 5092 1799 5145; x_wconf 88' lang='lat' dir='ltr'><strong>quoque</strong></span> <span class='ocrx_word' id='word_1_744' title='bbox 1820 5117 1834 5140; x_wconf 92' lang='lat'><strong>,</strong></span> <span class='ocrx_word' id='word_1_745' title='bbox 1867 5080 1969 5133; x_wconf 89' lang='lat' dir='ltr'><strong>hoc</strong></span> <span class='ocrx_word' id='word_1_746' title='bbox 2000 5089 2078 5133; x_wconf 89' lang='lat' dir='ltr'><strong>est</strong></span> <span class='ocrx_word' id='word_1_747' title='bbox 2097 5116 2115 5141; x_wconf 89' lang='lat'><strong>,</strong></span> <span class='ocrx_word' id='word_1_748' title='bbox 2145 5096 2175 5133; x_wconf 77' lang='grc' dir='ltr'><strong>ιι</strong></span> 
     </span>
    </p>
   </div>
   <div class='ocr_carea' id='block_1_98' title="bbox 598 5167 2174 5239">
    <p class='ocr_par' dir='ltr' id='par_1_98' title="bbox 598 5167 2174 5239">
     <span class='ocr_line' id='line_1_98' title="bbox 598 5167 2174 5239; baseline 0.002 -19"><span class='ocrx_word' id='word_1_749' title='bbox 598 5181 685 5220; x_wconf 84' lang='lat' dir='ltr'><strong>me</strong></span> <span class='ocrx_word' id='word_1_750' title='bbox 710 5181 925 5220; x_wconf 89' lang='lat' dir='ltr'><strong>omnem</strong></span> <span class='ocrx_word' id='word_1_751' title='bbox 953 5181 1261 5221; x_wconf 84' lang='lat' dir='ltr'><strong>sermonem</strong></span> <span class='ocrx_word' id='word_1_752' title='bbox 1294 5167 1671 5236; x_wconf 89' lang='lat' dir='ltr'><strong>propheticum</strong></span> <span class='ocrx_word' id='word_1_753' title='bbox 1699 5180 1754 5223; x_wconf 90' lang='lat' dir='ltr'><strong>et</strong></span> <span class='ocrx_word' id='word_1_754' title='bbox 1784 5168 2174 5239; x_wconf 78' lang='lat' dir='ltr'><strong>profecturum,</strong></span> 
     </span>
    </p>
   </div>
   <div class='ocr_carea' id='block_1_99' title="bbox 596 5257 2178 5329">
    <p class='ocr_par' dir='ltr' id='par_1_99' title="bbox 596 5257 2178 5329">
     <span class='ocr_line' id='line_1_99' title="bbox 596 5257 2178 5329; baseline 0.005 -18"><span class='ocrx_word' id='word_1_755' title='bbox 596 5267 653 5311; x_wconf 92' lang='lat' dir='ltr'><strong>et</strong></span> <span class='ocrx_word' id='word_1_756' title='bbox 688 5257 990 5326; x_wconf 78' lang='lat' dir='ltr'><strong>profectum</strong></span> <span class='ocrx_word' id='word_1_757' title='bbox 1029 5272 1175 5322; x_wconf 89' lang='lat' dir='ltr'><strong>esse,</strong></span> <span class='ocrx_word' id='word_1_758' title='bbox 1214 5268 1270 5314; x_wconf 88' lang='lat' dir='ltr'><strong>et</strong></span> <span class='ocrx_word' id='word_1_759' title='bbox 1310 5275 1413 5314; x_wconf 92' lang='lat' dir='ltr'><strong>non</strong></span> <span class='ocrx_word' id='word_1_760' title='bbox 1456 5259 1524 5313; x_wconf 85' lang='lat' dir='ltr'><strong>ab</strong></span> <span class='ocrx_word' id='word_1_761' title='bbox 1562 5260 1744 5329; x_wconf 87' lang='lat' dir='ltr'><strong>aliquo</strong></span> <span class='ocrx_word' id='word_1_762' title='bbox 1781 5261 1917 5316; x_wconf 81' lang='lat' dir='ltr'><strong>falso</strong></span> <span class='ocrx_word' id='word_1_763' title='bbox 1959 5264 2178 5318; x_wconf 89' lang='lat' dir='ltr'><strong>nomine</strong></span> 
     </span>
    </p>
   </div>
   <div class='ocr_carea' id='block_1_100' title="bbox 598 5350 2180 5423">
    <p class='ocr_par' dir='ltr' id='par_1_100' title="bbox 598 5350 2180 5423">
     <span class='ocr_line' id='line_1_100' title="bbox 598 5350 2180 5423; baseline 0.006 -21"><span class='ocrx_word' id='word_1_764' title='bbox 598 5350 821 5405; x_wconf 88' lang='lat' dir='ltr'><strong>deorum</strong></span> <span class='ocrx_word' id='word_1_765' title='bbox 850 5352 1098 5406; x_wconf 86' lang='lat' dir='ltr'><strong>tuorum?</strong></span> <span class='ocrx_word' id='word_1_766' title='bbox 1121 5352 1249 5406; x_wconf 77' lang='lat' dir='ltr'><strong>Mihi</strong></span> <span class='ocrx_word' id='word_1_767' title='bbox 1274 5354 1416 5408; x_wconf 88' lang='lat' dir='ltr'><strong>enim</strong></span> <span class='ocrx_word' id='word_1_768' title='bbox 1442 5353 1541 5408; x_wconf 85' lang='lat' dir='ltr'><strong>soli</strong></span> <span class='ocrx_word' id='word_1_769' title='bbox 1570 5357 1622 5407; x_wconf 90' lang='lat' dir='ltr'><strong>in</strong></span> <span class='ocrx_word' id='word_1_770' title='bbox 1652 5356 1889 5423; x_wconf 87' lang='lat' dir='ltr'><strong>acceptis</strong></span> <span class='ocrx_word' id='word_1_771' title='bbox 1916 5354 2180 5411; x_wconf 83' lang='lat' dir='ltr'><strong>referetur</strong></span> 
     </span>
    </p>
   </div>
   <div class='ocr_carea' id='block_1_101' title="bbox 597 5441 2177 5514">
    <p class='ocr_par' dir='ltr' id='par_1_101' title="bbox 597 5441 2177 5514">
     <span class='ocr_line' id='line_1_101' title="bbox 597 5441 2177 5514; baseline 0.003 -17"><span class='ocrx_word' id='word_1_772' title='bbox 597 5450 655 5497; x_wconf 88' lang='lat' dir='ltr'><strong>et</strong></span> <span class='ocrx_word' id='word_1_773' title='bbox 681 5441 862 5497; x_wconf 73' lang='lat' dir='ltr'><strong>futura</strong></span> <span class='ocrx_word' id='word_1_774' title='bbox 892 5445 1054 5509; x_wconf 85' lang='lat' dir='ltr'><strong>scire,</strong></span> <span class='ocrx_word' id='word_1_775' title='bbox 1087 5456 1143 5499; x_wconf 91' lang='lat' dir='ltr'><strong>et</strong></span> <span class='ocrx_word' id='word_1_776' title='bbox 1173 5446 1443 5514; x_wconf 67' lang='lat' dir='ltr'><strong>praeterita</strong></span> <span class='ocrx_word' id='word_1_777' title='bbox 1478 5447 1814 5502; x_wconf 86' lang='lat' dir='ltr'><strong>meminisse.</strong></span> <span class='ocrx_word' id='word_1_778' title='bbox 1847 5444 1953 5502; x_wconf 86' lang='lat' dir='ltr'><strong>Sed</strong></span> <span class='ocrx_word' id='word_1_779' title='bbox 1983 5448 2177 5502; x_wconf 88' lang='lat' dir='ltr'><strong>imitati</strong></span> 
     </span>
    </p>
   </div>
   <div class='ocr_carea' id='block_1_102' title="bbox 599 5537 2181 5606">
    <p class='ocr_par' dir='ltr' id='par_1_102' title="bbox 599 5537 2181 5606">
     <span class='ocr_line' id='line_1_102' title="bbox 599 5537 2181 5606; baseline 0.004 -19"><span class='ocrx_word' id='word_1_780' title='bbox 599 5543 728 5589; x_wconf 85' lang='lat' dir='ltr'><strong>sunt</strong></span> <span class='ocrx_word' id='word_1_781' title='bbox 758 5548 869 5601; x_wconf 88' lang='lat' dir='ltr'><strong>me,</strong></span> <span class='ocrx_word' id='word_1_782' title='bbox 898 5538 1093 5606; x_wconf 92' lang='lat' dir='ltr'><strong>inquit,</strong></span> <span class='ocrx_word' id='word_1_783' title='bbox 1127 5537 1377 5592; x_wconf 84' lang='lat' dir='ltr'><strong>honorati</strong></span> <span class='ocrx_word' id='word_1_784' title='bbox 1410 5538 1509 5593; x_wconf 77' lang='lat' dir='ltr'><strong>abs</strong></span> <span class='ocrx_word' id='word_1_785' title='bbox 1538 5546 1589 5592; x_wconf 88' lang='lat' dir='ltr'><strong>te</strong></span> <span class='ocrx_word' id='word_1_786' title='bbox 1617 5538 1909 5594; x_wconf 87' lang='lat' dir='ltr'><strong>adulterini</strong></span> <span class='ocrx_word' id='word_1_787' title='bbox 1944 5549 2095 5594; x_wconf 84' lang='lat' dir='ltr'><strong>vates</strong></span> <span class='ocrx_word' id='word_1_788' title='bbox 2124 5548 2181 5594; x_wconf 92' lang='lat' dir='ltr'><strong>et</strong></span> 
     </span>
    </p>
   </div>
   <div class='ocr_carea' id='block_1_103' title="bbox 598 5624 2177 5703">
    <p class='ocr_par' dir='ltr' id='par_1_103' title="bbox 598 5624 2177 5703">
     <span class='ocr_line' id='line_1_103' title="bbox 598 5624 2177 5703; baseline 0.004 -25"><span class='ocrx_word' id='word_1_789' title='bbox 598 5624 894 5694; x_wconf 73' lang='lat' dir='ltr'><strong>prophetae.</strong></span> <span class='ocrx_word' id='word_1_790' title='bbox 942 5625 1053 5684; x_wconf 79' lang='lat' dir='ltr'><strong>Hoc</strong></span> <span class='ocrx_word' id='word_1_791' title='bbox 1083 5636 1171 5684; x_wconf 84' lang='lat' dir='ltr'><strong>est</strong></span> <span class='ocrx_word' id='word_1_792' title='bbox 1205 5628 1349 5698; x_wconf 86' lang='lat' dir='ltr'><strong>quod</strong></span> <span class='ocrx_word' id='word_1_793' title='bbox 1386 5629 1493 5694; x_wconf 78' lang='lat' dir='ltr'><strong>ait,</strong></span> <span class='ocrx_word' id='word_1_794' title='bbox 1529 5648 1548 5681; x_wconf 79' lang='grc' dir='ltr'><strong>ι</strong></span> <span class='ocrx_word' id='word_1_795' title='bbox 1591 5627 1650 5684; x_wconf 92' lang='lat' dir='ltr'><strong>In</strong></span> <span class='ocrx_word' id='word_1_796' title='bbox 1690 5646 1850 5687; x_wconf 88' lang='lat' dir='ltr'><strong>manu</strong></span> <span class='ocrx_word' id='word_1_797' title='bbox 1886 5632 2177 5703; x_wconf 85' lang='lat' dir='ltr'><strong>propheta-</strong></span> 
     </span>
    </p>
   </div>
   <div class='ocr_carea' id='block_1_104' title="bbox 2281 4624 3863 4697">
    <p class='ocr_par' dir='ltr' id='par_1_104' title="bbox 2281 4624 3863 4697">
     <span class='ocr_line' id='line_1_104' title="bbox 2281 4624 3863 4697; baseline 0.001 -19"><span class='ocrx_word' id='word_1_798' title='bbox 2281 4628 2528 4696; x_wconf 72' lang='grc' dir='ltr'>σκηναῖς,</span> <span class='ocrx_word' id='word_1_799' title='bbox 2565 4626 2623 4678; x_wconf 79' lang='grc' dir='ltr'>ὲν</span> <span class='ocrx_word' id='word_1_800' title='bbox 2668 4628 2786 4687; x_wconf 87' lang='grc' dir='ltr'>ταῖς</span> <span class='ocrx_word' id='word_1_801' title='bbox 2821 4624 3057 4696; x_wconf 88' lang='grc' dir='ltr'>ἡμέραις</span> <span class='ocrx_word' id='word_1_802' title='bbox 3101 4625 3201 4695; x_wconf 86' lang='grc' dir='ltr'>τῆς</span> <span class='ocrx_word' id='word_1_803' title='bbox 3243 4626 3337 4678; x_wconf 74' lang='grc' dir='ltr'><strong>ἐπὶ</strong></span> <span class='ocrx_word' id='word_1_804' title='bbox 3388 4625 3603 4689; x_wconf 90' lang='grc' dir='ltr'>τούτοις</span> <span class='ocrx_word' id='word_1_805' title='bbox 3655 4625 3863 4697; x_wconf 76' lang='grc' dir='ltr'>ἑορτῆς.</span> 
     </span>
    </p>
   </div>
   <div class='ocr_carea' id='block_1_105' title="bbox 2281 4715 3867 4787">
    <p class='ocr_par' dir='ltr' id='par_1_105' title="bbox 2281 4715 3867 4787">
     <span class='ocr_line' id='line_1_105' title="bbox 2281 4715 3867 4787; baseline -0.001 -18"><span class='ocrx_word' id='word_1_806' title='bbox 2281 4716 2491 4770; x_wconf 76' lang='grc' dir='ltr'>Οὐκοῦν</span> <span class='ocrx_word' id='word_1_807' title='bbox 2541 4716 2954 4787; x_wconf 82' lang='grc' dir='ltr'>ἀπροφάσιστος</span> <span class='ocrx_word' id='word_1_808' title='bbox 2998 4718 3032 4786; x_wconf 93' lang='grc' dir='ltr'><strong>ἡ</strong></span> <span class='ocrx_word' id='word_1_809' title='bbox 3086 4715 3246 4787; x_wconf 86' lang='grc' dir='ltr'>λήθη.</span> <span class='ocrx_word' id='word_1_810' title='bbox 3292 4715 3432 4769; x_wconf 80' lang='grc' dir='ltr'>Ἀλλ’</span> <span class='ocrx_word' id='word_1_811' title='bbox 3483 4716 3702 4785; x_wconf 75' lang='grc' dir='ltr'>ἐζήτεις</span> <span class='ocrx_word' id='word_1_812' title='bbox 3744 4717 3867 4779; x_wconf 89' lang='grc' dir='ltr'>ίσως</span> 
     </span>
    </p>
   </div>
   <div class='ocr_carea' id='block_1_106' title="bbox 2280 4806 3866 4879">
    <p class='ocr_par' dir='ltr' id='par_1_106' title="bbox 2280 4806 3866 4879">
     <span class='ocr_line' id='line_1_106' title="bbox 2280 4806 3866 4879; baseline 0 -21"><span class='ocrx_word' id='word_1_813' title='bbox 2280 4806 2478 4859; x_wconf 78' lang='grc' dir='ltr'>εἰδέναι</span> <span class='ocrx_word' id='word_1_814' title='bbox 2535 4806 2645 4859; x_wconf 83' lang='grc' dir='ltr'>τῶν</span> <span class='ocrx_word' id='word_1_815' title='bbox 2690 4806 2965 4876; x_wconf 73' lang='grc' dir='ltr'>ἐσομένων</span> <span class='ocrx_word' id='word_1_816' title='bbox 3020 4807 3179 4870; x_wconf 75' lang='grc' dir='ltr'>τινὰ,</span> <span class='ocrx_word' id='word_1_817' title='bbox 3237 4810 3327 4860; x_wconf 77' lang='grc' dir='ltr'>καὶ</span> <span class='ocrx_word' id='word_1_818' title='bbox 3393 4808 3866 4879; x_wconf 77' lang='grc' dir='ltr'>πολυπραγμονεῖν</span> 
     </span>
    </p>
   </div>
   <div class='ocr_carea' id='block_1_107' title="bbox 2279 4898 3865 4972">
    <p class='ocr_par' dir='ltr' id='par_1_107' title="bbox 2279 4898 3865 4972">
     <span class='ocr_line' id='line_1_107' title="bbox 2279 4898 3865 4972; baseline 0.001 -21"><span class='ocrx_word' id='word_1_819' title='bbox 2279 4898 2501 4951; x_wconf 77' lang='grc' dir='ltr'>ἐδούλου</span> <span class='ocrx_word' id='word_1_820' title='bbox 2532 4899 2602 4951; x_wconf 68' lang='grc' dir='ltr'><strong>τὰ</strong></span> <span class='ocrx_word' id='word_1_821' title='bbox 2642 4899 2785 4952; x_wconf 86' lang='grc' dir='ltr'>κατὰ</span> <span class='ocrx_word' id='word_1_822' title='bbox 2812 4900 3042 4952; x_wconf 81' lang='grc' dir='ltr'>σαυτόν’</span> <span class='ocrx_word' id='word_1_823' title='bbox 3080 4900 3173 4953; x_wconf 79' lang='grc' dir='ltr'>καὶ</span> <span class='ocrx_word' id='word_1_824' title='bbox 3220 4900 3272 4953; x_wconf 84' lang='grc' dir='ltr'><strong>τί</strong></span> <span class='ocrx_word' id='word_1_825' title='bbox 3318 4901 3519 4971; x_wconf 79' lang='grc' dir='ltr'>μᾶλλον</span> <span class='ocrx_word' id='word_1_826' title='bbox 3561 4900 3668 4953; x_wconf 81' lang='grc' dir='ltr'>ἔδει</span> <span class='ocrx_word' id='word_1_827' title='bbox 3705 4915 3865 4972; x_wconf 85' lang='grc' dir='ltr'>προσ-</span> 
     </span>
    </p>
   </div>
   <div class='ocr_carea' id='block_1_108' title="bbox 2282 4984 3869 5057">
    <p class='ocr_par' dir='ltr' id='par_1_108' title="bbox 2282 4984 3869 5057">
     <span class='ocr_line' id='line_1_108' title="bbox 2282 4984 3869 5057; baseline 0 -18"><span class='ocrx_word' id='word_1_828' title='bbox 2282 4988 2419 5041; x_wconf 83' lang='grc' dir='ltr'>ιέναι</span> <span class='ocrx_word' id='word_1_829' title='bbox 2463 4989 2575 5051; x_wconf 86' lang='grc' dir='ltr'>τοῖς</span> <span class='ocrx_word' id='word_1_830' title='bbox 2612 4987 3006 5057; x_wconf 77' lang='grc' dir='ltr'>ψευδομάντεσι</span> <span class='ocrx_word' id='word_1_831' title='bbox 3054 4984 3149 5039; x_wconf 83' lang='grc' dir='ltr'>τοῦ</span> <span class='ocrx_word' id='word_1_832' title='bbox 3195 4987 3362 5051; x_wconf 72' lang='grc' dir='ltr'>Βάαλ,</span> <span class='ocrx_word' id='word_1_833' title='bbox 3400 4988 3565 5057; x_wconf 80' lang='grc' dir='ltr'>ήγουν</span> <span class='ocrx_word' id='word_1_834' title='bbox 3612 4989 3725 5049; x_wconf 92' lang='grc' dir='ltr'>τοῖς</span> <span class='ocrx_word' id='word_1_835' title='bbox 3764 4985 3869 5039; x_wconf 80' lang='grc' dir='ltr'><strong>τῶν</strong></span> 
     </span>
    </p>
   </div>
   <div class='ocr_carea' id='block_1_109' title="bbox 2280 5077 3864 5149">
    <p class='ocr_par' dir='ltr' id='par_1_109' title="bbox 2280 5077 3864 5149">
     <span class='ocr_line' id='line_1_109' title="bbox 2280 5077 3864 5149; baseline -0.001 -18"><span class='ocrx_word' id='word_1_836' title='bbox 2280 5078 2648 5147; x_wconf 81' lang='grc' dir='ltr'>ψευδωνύμων</span> <span class='ocrx_word' id='word_1_837' title='bbox 2679 5078 2840 5142; x_wconf 78' lang='grc' dir='ltr'>θεῶν,</span> <span class='ocrx_word' id='word_1_838' title='bbox 2870 5078 2962 5131; x_wconf 75' lang='grc' dir='ltr'>καὶ</span> <span class='ocrx_word' id='word_1_839' title='bbox 2992 5078 3122 5149; x_wconf 74' lang='grc' dir='ltr'>παρ’</span> <span class='ocrx_word' id='word_1_840' title='bbox 3157 5079 3337 5132; x_wconf 73' lang='grc' dir='ltr'>αὐτῶν</span> <span class='ocrx_word' id='word_1_841' title='bbox 3366 5079 3434 5131; x_wconf 82' lang='grc' dir='ltr'>τὰ</span> <span class='ocrx_word' id='word_1_842' title='bbox 3452 5078 3631 5131; x_wconf 81' lang='grc' dir='ltr'>τοιάδε</span> <span class='ocrx_word' id='word_1_843' title='bbox 3668 5077 3864 5148; x_wconf 80' lang='grc' dir='ltr'>ζητεῖν,</span> 
     </span>
    </p>
   </div>
   <div class='ocr_carea' id='block_1_110' title="bbox 2284 5167 3869 5240">
    <p class='ocr_par' dir='ltr' id='par_1_110' title="bbox 2284 5167 3869 5240">
     <span class='ocr_line' id='line_1_110' title="bbox 2284 5167 3869 5240; baseline -0.002 -16"><span class='ocrx_word' id='word_1_844' title='bbox 2284 5169 2519 5239; x_wconf 74' lang='grc' dir='ltr'>καὶόύχὶ</span> <span class='ocrx_word' id='word_1_845' title='bbox 2541 5169 2605 5240; x_wconf 80' lang='grc' dir='ltr'>δὴ</span> <span class='ocrx_word' id='word_1_846' title='bbox 2630 5170 2829 5240; x_wconf 80' lang='grc' dir='ltr'>μᾶλλον</span> <span class='ocrx_word' id='word_1_847' title='bbox 2850 5170 3361 5240; x_wconf 83' lang='grc' dir='ltr'>ἀναμιμνήσκεσθαι</span> <span class='ocrx_word' id='word_1_848' title='bbox 3392 5170 3592 5237; x_wconf 81' lang='grc' dir='ltr'>σοφῶς,</span> <span class='ocrx_word' id='word_1_849' title='bbox 3622 5171 3703 5223; x_wconf 81' lang='grc' dir='ltr'><strong>δτι</strong></span> <span class='ocrx_word' id='word_1_850' title='bbox 3726 5167 3869 5221; x_wconf 84' lang='grc' dir='ltr'>λαλῶ</span> 
     </span>
    </p>
   </div>
   <div class='ocr_carea' id='block_1_111' title="bbox 2288 5261 3864 5334">
    <p class='ocr_par' dir='ltr' id='par_1_111' title="bbox 2288 5261 3864 5334">
     <span class='ocr_line' id='line_1_111' title="bbox 2288 5261 3864 5334; baseline -0.003 -18"><span class='ocrx_word' id='word_1_851' title='bbox 2288 5264 2384 5334; x_wconf 78' lang='grc' dir='ltr'>μὲν</span> <span class='ocrx_word' id='word_1_852' title='bbox 2424 5262 2534 5329; x_wconf 74' lang='grc' dir='ltr'><strong>ἐγὼ</strong></span> <span class='ocrx_word' id='word_1_853' title='bbox 2563 5262 2700 5333; x_wconf 75' lang='grc' dir='ltr'>πρὸς</span> <span class='ocrx_word' id='word_1_854' title='bbox 2731 5263 3037 5333; x_wconf 78' lang='grc' dir='ltr'>προφήτας,</span> <span class='ocrx_word' id='word_1_855' title='bbox 3066 5261 3345 5333; x_wconf 77' lang='grc' dir='ltr'>ὲπλήθυνα</span> <span class='ocrx_word' id='word_1_856' title='bbox 3392 5262 3448 5315; x_wconf 77' lang='grc' dir='ltr'>δὲ</span> <span class='ocrx_word' id='word_1_857' title='bbox 3497 5263 3592 5315; x_wconf 72' lang='grc' dir='ltr'>καὶ</span> <span class='ocrx_word' id='word_1_858' title='bbox 3625 5261 3864 5331; x_wconf 79' lang='grc' dir='ltr'>δράσεις,</span> 
     </span>
    </p>
   </div>
   <div class='ocr_carea' id='block_1_112' title="bbox 2277 5354 3867 5427">
    <p class='ocr_par' dir='ltr' id='par_1_112' title="bbox 2277 5354 3867 5427">
     <span class='ocr_line' id='line_1_112' title="bbox 2277 5354 3867 5427; baseline -0.003 -19"><span class='ocrx_word' id='word_1_859' title='bbox 2277 5356 2545 5417; x_wconf 83' lang='grc' dir='ltr'>τουτέστι,</span> <span class='ocrx_word' id='word_1_860' title='bbox 2580 5356 2707 5427; x_wconf 75' lang='grc' dir='ltr'>παρ’</span> <span class='ocrx_word' id='word_1_861' title='bbox 2729 5355 2863 5426; x_wconf 74' lang='grc' dir='ltr'>ἐμοῦ</span> <span class='ocrx_word' id='word_1_862' title='bbox 2889 5357 2997 5420; x_wconf 77' lang='grc' dir='ltr'><strong>πᾶς</strong></span> <span class='ocrx_word' id='word_1_863' title='bbox 3028 5354 3183 5409; x_wconf 80' lang='grc' dir='ltr'>ἔσται</span> <span class='ocrx_word' id='word_1_864' title='bbox 3215 5355 3369 5423; x_wconf 89' lang='grc' dir='ltr'>λόγος</span> <span class='ocrx_word' id='word_1_865' title='bbox 3396 5354 3753 5425; x_wconf 76' lang='grc' dir='ltr'>προφητείας,</span> <span class='ocrx_word' id='word_1_866' title='bbox 3775 5354 3867 5405; x_wconf 69' lang='grc' dir='ltr'>καὶ</span> 
     </span>
    </p>
   </div>
   <div class='ocr_carea' id='block_1_113' title="bbox 2279 5445 3867 5519">
    <p class='ocr_par' dir='ltr' id='par_1_113' title="bbox 2279 5445 3867 5519">
     <span class='ocr_line' id='line_1_113' title="bbox 2279 5445 3867 5519; baseline -0.002 -20"><span class='ocrx_word' id='word_1_867' title='bbox 2279 5445 2380 5515; x_wconf 78' lang='grc' dir='ltr'><strong>ἡδη</strong></span> <span class='ocrx_word' id='word_1_868' title='bbox 2428 5447 2672 5515; x_wconf 86' lang='grc' dir='ltr'>γέγονεν,</span> <span class='ocrx_word' id='word_1_869' title='bbox 2718 5448 2779 5500; x_wconf 88' lang='grc' dir='ltr'><strong>ού</strong></span> <span class='ocrx_word' id='word_1_870' title='bbox 2831 5448 2960 5517; x_wconf 84' lang='grc' dir='ltr'>παρ’</span> <span class='ocrx_word' id='word_1_871' title='bbox 2993 5448 3181 5519; x_wconf 83' lang='grc' dir='ltr'>ἑτέρου</span> <span class='ocrx_word' id='word_1_872' title='bbox 3225 5464 3319 5500; x_wconf 91' lang='grc' dir='ltr'><strong>σου</strong></span> <span class='ocrx_word' id='word_1_873' title='bbox 3359 5448 3467 5501; x_wconf 82' lang='grc' dir='ltr'>τῶν</span> <span class='ocrx_word' id='word_1_874' title='bbox 3506 5446 3867 5517; x_wconf 81' lang='grc' dir='ltr'>ψευδωνύμων</span> 
     </span>
    </p>
   </div>
   <div class='ocr_carea' id='block_1_114' title="bbox 2277 5534 3866 5609">
    <p class='ocr_par' dir='ltr' id='par_1_114' title="bbox 2277 5534 3866 5609">
     <span class='ocr_line' id='line_1_114' title="bbox 2277 5534 3866 5609; baseline -0.001 -20"><span class='ocrx_word' id='word_1_875' title='bbox 2277 5536 2434 5591; x_wconf 82' lang='grc' dir='ltr'>θεῶν.</span> <span class='ocrx_word' id='word_1_876' title='bbox 2454 5536 2611 5609; x_wconf 76' lang='grc' dir='ltr'>Ἐμοὶ</span> <span class='ocrx_word' id='word_1_877' title='bbox 2642 5538 2753 5609; x_wconf 83' lang='grc' dir='ltr'><strong>γὰρ</strong></span> <span class='ocrx_word' id='word_1_878' title='bbox 2780 5538 3132 5592; x_wconf 86' lang='grc' dir='ltr'>ἀνακείσεται</span> <span class='ocrx_word' id='word_1_879' title='bbox 3164 5538 3332 5609; x_wconf 82' lang='grc' dir='ltr'>μόνῳ,</span> <span class='ocrx_word' id='word_1_880' title='bbox 3366 5538 3426 5591; x_wconf 84' lang='grc' dir='ltr'>τὸ</span> <span class='ocrx_word' id='word_1_881' title='bbox 3461 5537 3556 5590; x_wconf 71' lang='grc' dir='ltr'>καὶ</span> <span class='ocrx_word' id='word_1_882' title='bbox 3578 5537 3770 5590; x_wconf 75' lang='grc' dir='ltr'>εἰδέναι</span> <span class='ocrx_word' id='word_1_883' title='bbox 3796 5534 3866 5588; x_wconf 83' lang='grc' dir='ltr'><strong>τά</strong></span> 
     </span>
    </p>
   </div>
   <div class='ocr_carea' id='block_1_115' title="bbox 2278 5622 3864 5702">
    <p class='ocr_par' dir='ltr' id='par_1_115' title="bbox 2278 5622 3864 5702">
     <span class='ocr_line' id='line_1_115' title="bbox 2278 5622 3864 5702; baseline -0.001 -23"><span class='ocrx_word' id='word_1_884' title='bbox 2278 5626 2548 5697; x_wconf 73' lang='grc' dir='ltr'>ἐσόμενα,</span> <span class='ocrx_word' id='word_1_885' title='bbox 2599 5626 2698 5695; x_wconf 70' lang='grc' dir='ltr'>καὶ</span> <span class='ocrx_word' id='word_1_886' title='bbox 2746 5628 3058 5699; x_wconf 84' lang='grc' dir='ltr'>μεμνῆσθαι</span> <span class='ocrx_word' id='word_1_887' title='bbox 3102 5628 3212 5682; x_wconf 83' lang='grc' dir='ltr'>τῶν</span> <span class='ocrx_word' id='word_1_888' title='bbox 3256 5628 3692 5702; x_wconf 79' lang='grc' dir='ltr'>παρῳχημένων.</span> <span class='ocrx_word' id='word_1_889' title='bbox 3730 5622 3864 5678; x_wconf 81' lang='grc' dir='ltr'>Ἀλλ’</span> 
     </span>
    </p>
   </div>
   <div class='ocr_carea' id='block_1_116' title="bbox 669 5804 2173 5877">
    <p class='ocr_par' dir='ltr' id='par_1_116' title="bbox 669 5804 2163 5877">
     <span class='ocr_line' id='line_1_116' title="bbox 669 5804 2163 5877; baseline 0.003 -17"><span class='ocrx_word' id='word_1_890' title='bbox 669 5804 717 5837; x_wconf 81' lang='grc'><strong><em>⁸⁵</em></strong></span> <span class='ocrx_word' id='word_1_891' title='bbox 759 5804 892 5863; x_wconf 83' lang='lat' dir='ltr'><strong>Dan.</strong></span> <span class='ocrx_word' id='word_1_892' title='bbox 923 5822 1037 5877; x_wconf 85' lang='lat' dir='ltr'><strong>xnt,</strong></span> <span class='ocrx_word' id='word_1_893' title='bbox 1069 5808 1159 5866; x_wconf 81' lang='lat'><strong>56.</strong></span> <span class='ocrx_word' id='word_1_894' title='bbox 1237 5810 1277 5842; x_wconf 82' lang='lat'><strong>&quot;</strong></span> <span class='ocrx_word' id='word_1_895' title='bbox 1318 5809 1427 5866; x_wconf 82' lang='lat' dir='ltr'><strong>Jer.</strong></span> <span class='ocrx_word' id='word_1_896' title='bbox 1464 5825 1629 5865; x_wconf 83' lang='lat' dir='ltr'><strong>xxxn.</strong></span> <span class='ocrx_word' id='word_1_897' title='bbox 1666 5808 1757 5867; x_wconf 75' lang='lat'><strong>2|.</strong></span> <span class='ocrx_word' id='word_1_898' title='bbox 1835 5811 1881 5845; x_wconf 84' lang='lat'><strong>&quot;</strong></span> <span class='ocrx_word' id='word_1_899' title='bbox 1923 5809 2163 5867; x_wconf 48' lang='grc' dir='ltr'><strong>ιρι-ἱείς</strong></span> 
     </span>
    </p>
   </div>
   <div class='ocr_carea' id='block_1_117' title="bbox 2276 5804 2514 5877">
    <p class='ocr_par' dir='ltr' id='par_1_117' title="bbox 2276 5808 2514 5876">
     <span class='ocr_line' id='line_1_117' title="bbox 2276 5808 2514 5876; baseline 0.004 -14"><span class='ocrx_word' id='word_1_900' title='bbox 2276 5849 2291 5876; x_wconf 89' lang='grc'><strong>,</strong></span> <span class='ocrx_word' id='word_1_901' title='bbox 2334 5808 2514 5863; x_wconf 72' lang='grc' dir='ltr'>ιιι-ιδ.</span> 
     </span>
    </p>
   </div>
  </div>
