4068 6562
230 400 359 453 2‘33

1173 390 1729 450 οοιιΜεΝτΑιιιυε
1768 391 1834 447 IN
1875 389 2109 453 OSEAM
2150 387 2599 447 PROPHETAM.

3410 388 3516 445 29$

236 513 594 588 ἑμιμήσαντό
645 528 747 584 με,
796 512 979 583 φησιν,
1032 511 1081 564 οί
1126 514 1478 583 τετιμημένοι
1532 512 1689 584 παρὰ
1743 509 1833 564 σοῦ

1964 523 2060 563 »υηι
2095 507 2426 563 assimilatus
2456 520 2596 560 sum.
2633 521 2653 557 ι
2687 504 2974 572 ρυωηιιω
3008 504 3151 561 scire
3183 505 3252 561 ab
3288 504 3395 561 illis
3432 507 3518 561 [ιιι

234 606 638 679 ψευδομάντεις
688 603 781 657 καὶ
845 602 1312 673 ψευδοπροφῆται.
1368 605 1538 658 Τοῦτό
1590 606 1705 658 ἐστι
1738 604 1840 669 -τὸ,

246 720 269 752 ε
294 699 390 753 Ἑν
422 698 579 769 χερσὶ
607 696 904 768 προφητῶν
923 694 1232 766 ὠμοιώθην.
1266 714 1286 749 ›
1320 696 1564 767 Ἐζήτεις
1591 696 1721 768 παρ’
1742 696 1843 750 αῦ-

237 788 359 842 τῶν
408 786 604 840 είδέναι
640 785 707 838 τά
740 784 1027 854 μέλλοντα.
1064 780 1218 849 Εῐτα,
1254 786 1382 848 τοῦς
1411 786 1579 857 ἐμοὺς
1614 786 1845 841 πλαττό-

246 897 410 951 μενοι
444 879 658 947 λόγους,
695 877 790 930 καὶ
818 877 887 929 τὰ
921 876 1029 929 τῶν
1057 875 1207 947 ἐμῶν
1245 878 1538 948 προφητῶν
1585 877 1721 949 ἔργα
1758 894 1845 948 μι-

245 969 537 1041 μούμενοι,
569 968 639 1022 τὰ
680 968 789 1021 ἀπὸ
816 967 1045 1038 καρδίας
1076 968 1253 1023 αὐτῶν
1282 968 1576 1040 ὴρεύγοντό
1605 986 1707 1023 σοι.
1734 968 1845 1022 Καὶ

242 1062 385 1132 γοῦν
417 1061 683 1132 Ἱερεμίας
714 1059 812 1129 μὲν
847 1060 874 1110 ὁ
904 1059 1213 1129 προφήτης,
1248 1060 1462 1122 κλοιοῦς
1494 1058 1667 1112 ἐτίθει
1696 1056 1842 1122 ξυλί-

245 1172 381 1217 νους
414 1154 541 1225 περὶ
577 1152 667 1205 τὸν
695 1150 969 1223 τράχηλον
1004 1149 1192 1213 αὑτοῦ,
1227 1150 1364 1203 Θεοῦ
1394 1150 1454 1202 τὸ
1481 1148 1669 1219 χρῆμα
1694 1147 1847 1215 γενέ-

251 1249 385 1302 σθαι
425 1242 1371 1319 προστάττοντος.Ἀντιταττόμενος
1419 1239 1476 1293 δὲ
1521 1242 1633 1302 τοίς
1680 1235 1844 1291 αὑτοῦ

247 1340 435 1407 λόγοις
483 1340 512 1391 ό
539 1336 993 1408 ψευδοπροφήτης
1019 1333 1294 1395 Ἀνανίας,
1329 1329 1509 1384 λαϐὼν
1560 1327 1844 1401 συνέτριψε

248 1434 386 1495 τοὺς
417 1431 650 1492 κλοιοὺς,
674 1428 777 1499 ἔφη
799 1441 883 1480 τε’
912 1424 1130 1489 «Οὕτως
1156 1420 1275 1478 εἷπε
1298 1423 1520 1494 Κύριος
1545 1421 1847 1493 Συνέτριψα

248 1524 350 1577 τὸν
400 1522 561 1591 ζυγὸν
611 1520 876 1592 βασιλέως
925 1517 1267 1582 Βαϐυλῶνος.
1300 1535 1319 1567 ›
1354 1515 1524 1569 Τοῦτό
1567 1516 1731 1579 ἐστιν,
1771 1515 1846 1579 ὼς

251 1618 422 1687 ἔφην,
473 1615 557 1681 τὸ,
591 1614 719 1666 «Ἐν
772 1611 930 1683 χερσὶ
980 1609 1276 1682 προφητῶν
1327 1606 1636 1679 ὡμοιώθην.
1669 1626 1689 1660 ι
1718 1606 1848 1676 Ἐγ-

232 1711 446 1780 ,ηκλημα
476 1708 537 1779 δὴ
566 1702 658 1759 οὖν
692 1704 769 1775 τῷ
790 1702 1053 1774 Ἐφραῒμ,
1083 1703 1166 1755 ὅτι
1214 1697 1392 1754 καίτοι
1419 1699 1564 1770 σαφῆ
1594 1698 1692 1770 τὴν
1717 1699 1849 1753 ὑπό-

255 1815 459 1871 μνησιν
504 1797 643 1867 ἔχων
697 1794 806 1848 ἀπό
829 1811 893 1861 γε
942 1792 1041 1863 τῆς
1076 1791 1269 1862 ἐορτῆς
1317 1791 1416 1861 τῆς
1451 1788 1844 1861 σκηνοπηγίας,

1947 611 2088 655 tura.
2114 598 2318 655 Deinde
2344 596 2416 651 illi
2444 610 2596 651 meos
2624 609 2902 651 sermones
2928 596 3220 665 tingentes,
3247 612 3521 652 meorum-

1944 705 2051 761 que
2080 691 2468 760 propbetarum
2501 701 2665 755 opera
2697 686 2994 750 imitantes,
3027 686 3095 741 de
3123 688 3378 744 cordibus
3406 689 3521 742 suis

1944 780 2270 836 eructabant
2305 779 2424 834 tibi.
2461 779 2639 845 Quare
2673 777 2935 833 Jeremias
2973 780 3265 849 propheta,
3300 780 3409 835 Deo
3447 781 3519 833 ita

1946 873 2271 936 mandante,
2307 873 2550 936 vincula,
2585 887 2679 927 seu
2716 881 2935 927 catenas
2971 871 3178 943 ligneas
3209 874 3519 943 circumpo-

1945 965 2109 1019 nebat
2144 962 2284 1018 collo
2324 977 2426 1018 suo
2451 962 2517 1015 ".
2555 962 2654 1027 Qui
2691 971 2869 1017 autem
2903 964 3245 1018 sermonibus
3279 965 3396 1035 ejus
3430 978 3520 1019 re-

1945 1055 2258 1125 fragabatur
2281 1054 2447 1111 falsus
2471 1054 2731 1124 propheta
2756 1055 3012 1117 Ananiae,
3041 1064 3287 1122 arreptas
3312 1058 3518 1110 contri-

1946 1145 2043 1207 vit,
2068 1145 2313 1214 dixitque
2339 1163 2354 1199 :
2385 1163 2405 1195 ι
2438 1144 2529 1199 Sic
2547 1147 2679 1199 dicit
2704 1145 2964 1200 Dominus
2995 1162 3011 1198 :
3041 1145 3289 1200 Contrivi
3332 1144 3521 1216 jugum

1947 1238 2089 1307 regis
2131 1236 2502 1307 Babylonis“.
2552 1256 2570 1289 ι
2619 1238 2731 1292 Hoc
2769 1246 2853 1291 est
2893 1238 3034 1307 quod
3080 1238 3358 1306 dicebam,
3400 1257 3419 1290 ι
3468 1241 3521 1294 in

1946 1344 2107 1382 manu
2146 1332 2525 1398 prophetarum
2562 1329 2890 1384 assimilatus
2923 1346 3064 1384 sum.
3109 1349 3128 1381 ι
3166 1329 3382 1384 Crimen
3418 1331 3522 1401 igi-

1949 1431 2037 1474 tur
2065 1420 2318 1490 Ephraim
2355 1431 2437 1476 εει
2480 1425 2644 1490 quod,
2684 1423 2931 1491 quamvis
2968 1437 2998 1474 a
3035 1424 3380 1477 solemnitate
3413 1423 3525 1479 Ta-

1946 1514 2356 1570 bernaculorum
2396 1516 2674 1570 evidenter
2706 1514 3005 1570 eductionis
3045 1516 3113 1570 de
3146 1514 3382 1586 Egypto
3425 1517 3522 1570 ad»

1951 1618 2280 1673 moneretur,
2312 1608 2732 1663 obliviscebatur
2764 1616 2941 1662 tamen
2984 1607 3111 1671 Dei;
3149 1618 3205 1662 et
3238 1610 3382 1678 quod
3418 1624 3523 1662 non

1948 1698 2126 1771 potius
2156 1700 2332 1769 ipsum
2360 1701 2655 1770 quazrebat,
2686 1711 2745 1754 ut
2771 1700 3078 1768 loquentem
3109 1700 3177 1753 ad
3207 1702 3522 1770 prophetas,

1950 1800 2007 1843 ut
2037 1790 2272 1846 visiones
2305 1792 2782 1861 multiplicantem;
2817 1791 2911 1845 sed
2941 1791 3111 1861 decipi
3144 1806 3203 1846 se
3231 1806 3259 1844 a
3294 1793 3526 1861 pseudo-

248 1890 359 1960 τῆς
386 1888 565 1955 ἐξόδου
597 1887 699 1957 τῆς
728 1884 1008 1954 Αἰγύπτου
1033 1881 1432 1952 γεγενημένης,
1460 1877 1852 1934 ἐπελανθάνετο

1964 1882 2237 1952 prophetis
2263 1892 2539 1949 pateretur
2564 1884 2744 1940 verbis
2770 1895 2824 1939 et
2854 1882 3013 1938 factis
3037 1897 3157 1953 qua:
3183 1883 3277 1938 Dei
3309 1886 3525 1954 propria

252 1978 418 2045 Θεοῦ,
445 1979 540 2032 καὶ
560 1979 640 2031 ὅτι
663 1977 736 2048 μὴ
767 1974 964 2047 μᾶλλον
992 1973 1152 2027 αὑτὸν
1175 1972 1457 2043 ἐζήτησεν,
1481 1971 1555 2035 ὡς
1581 1970 1849 2025 λαλοῦντα

1954 1985 2083 2030 sunt
2110 1976 2516 2032 mentientibus.

253 2072 400 2147 πρὸς
444 2073 758 2142 προφήτας,
812 2068 888 2131 ὡς
939 2066 1160 2139 ὁράσεις
1208 2065 1628 2136 πεπληθυκότα,
1681 2065 2001 2136 προσέκειτο
2062 2069 2118 2124 δὲ
2190 2070 2392 2141 μᾶλλον
2416 2073 2534 2136 ταῖς
2576 2070 2685 2126 τῶν
2748 2070 3205 2147 ψευδοπροφητῶν
3266 2070 3527 2136 ἀπάταις,

255 2165 649 2236 πλαττομένων
676 2163 742 2216 τὰ
770 2163 864 2217 τοῦ
896 2162 1032 2215 Θεοῦ
1057 2162 1146 2215 διά
1169 2178 1229 2213 τε
1259 2160 1431 2229 λόγων
1454 2161 1549 2213 καὶ
1569 2158 1842 2231 πράξεων.

330 2261 408 2313 El
427 2256 516 2327 μὴ
573 2253 819 2309 Γαλαὰδ
862 2256 1052 2320 ἐστιν,
1107 2248 1223 2323 ἄρα
1266 2252 1513 2323 ψευδεῖς
1569 2249 1732 2324 ἦσαν
1778 2254 1849 2308 ἐν

256 2350 519 2421 Ptulde
559 2348 848 2418 ἄρχοντες
901 2347 1288 2415 θυσιάζοντες
1314 2385 1330 2411 ,
1378 2346 1479 2400 καὶ
1525 2346 1599 2401 τὰ
1645 2349 1851 2401 θυσια-

258 2442 488 2511 στήρια
514 2438 715 2493 αὐτῶν
746 2440 827 2506 ὡς
856 2437 1116 2509 χελῶναι
1152 2438 1253 2493 ἐπὶ
1278 2437 1505 2508 χέρσον
1529 2434 1747 2506 ἀγροῦ;

336 2535 519 2588 PMB’.
547 2534 673 2589 Ὅτι
742 2532 1097 2602 προσέκειντο
1138 2532 1253 2594 τοῖς
1294 2530 1720 2599 ψευδομάντεσιν
1760 2529 1854 2582 κοιλ⁸

260 2627 771 2697 ψευδοπροφήταις,
810 2621 1194 2686 ἀναϐαίνοντές
1254 2638 1316 2675 τε
1367 2620 1464 2675 καὶ
1508 2618 1725 2683 θύοντες
1776 2618 1856 2683 εἴς

262 2736 329 2772 τε
362 2719 462 2790 τὴν
521 2718 735 2773 Γαλαὰδ
772 2716 867 2770 καὶ
907 2714 1141 2784 Γαλγὰλ,
1172 2713 1468 2783 ἀπελέγχει
1495 2712 1583 2765 διὰ
1616 2711 1853 2766 τούτων’

263 2808 491 2879 δέχεται
512 2809 568 2862 δὲ
599 2809 733 2878 πρὸς
771 2804 1049 2871 ἀπόδειξιν
1084 2804 1182 2869 τὰς
1212 2803 1306 2858 δύο
1351 2803 1587 2875 μάλιστα
1627 2803 1859 2857 ταυτασὶ

265 2901 482 2966 πόλεις,
513 2902 570 2953 ἐν
601 2893 689 2963 αἷς
726 2894 795 2970 ἦν
839 2897 1190 2966 ἐκτοπωτέρα
1223 2894 1332 2949 τῶν
1370 2894 1545 2950 ἄλλων
1576 2896 1611 2966 ἡ
1659 2894 1856 2964 πλάνη,

266 2991 370 3046 καὶ
412 2992 557 3056 ana;
605 2991 705 3062 μὲν
753 2990 953 3062 τρόπος
999 2989 1101 3059 τῆς
1130 2990 1212 3051 είς
1262 2987 1395 3041 Θεὸν
1433 2986 1715 3051 εῦσεὸείας
1745 2988 1855 3040 ἀπ-

267 3087 659 3152 εσπουδάζετο,
679 3085 862 3139 πάντα
887 3085 945 3137 δὲ
974 3078 1043 3154 ἦν
1066 3085 1123 3137 ἐν
1152 3082 1295 3151 λόγῳ
1320 3080 1391 3134 τά
1424 3079 1852 3151 παροτρύνοντα,

2034 2253 2194 2311 Vens.
2234 2254 2319 2310 Η.
2361 2254 2418 2311 Si
2456 2255 2660 2310 Galaad
2696 2275 2796 2311 non
2833 2268 2938 2322 est,
2974 2275 3097 2312 num
3135 2257 3257 2325 falsi
3291 2268 3440 2312 erant
3474 2258 3531 2312 in

1949 2346 2137 2418 Galgal
2168 2349 2425 2418 principes
2459 2348 2813 2415 immolantes,
2852 2361 2898 2405 et
2933 2350 3124 2405 altaria
3158 2368 3338 2405 eorum
3374 2351 3530 2421 quasi

1952 2441 2233 2495 testudines
2262 2458 2419 2509 super
2447 2442 2710 2496 desertum
2746 2443 2902 2511 agri?

2023 2529 2228 2587 CXLII.
2269 2530 2527 2587 Addictos
2558 2532 2707 2588 falsis
2731 2535 2944 2588 vatibus
2969 2543 3023 2588 et
3054 2532 3202 2588 falsis
3234 2534 3533 2603 prophetis.

1954 2624 2417 2693 ascendentesque
2446 2634 2499 2678 et
2532 2626 2904 2680 sacriﬁcantes
2934 2626 2985 2679 in
3017 2624 3221 2680 Gnlaad
3251 2636 3306 2680 et
3337 2625 3530 2697 Galgal

1954 2714 2041 2770 his
2073 2715 2253 2770 verbis
2295 2715 2657 2786 reprehendit.
2702 2715 3189 2772 Demonstrationis
3230 2731 3358 2787 ergo
3399 2721 3537 2774 duas

1955 2809 2115 2865 hasce
2140 2809 2391 2865 civitates
2416 2810 2756 2878 potissimum
2785 2812 3000 2881 accipit,
3028 2811 3079 2865 in
3106 2811 3301 2880 quibus
3324 2812 3540 2882 vigebat

1955 2903 2198 2958 seductio
2231 2903 2538 2970 euormius,
2573 2912 2627 2958 et
2658 2904 2835 2958 omnis
2870 2903 3009 2958 ratio
3042 2903 3259 2974 pietatis
3294 2914 3541 2960 contem-

1962 2994 2208 3060 nebatur,
2225 2994 2512 3064 omniaque
2530 2995 2966 3064 magniﬁcabant,
2985 3009 3105 3065 quae
3125 2996 3334 3049 animos
3358 2995 3542 3050 incen-

1961 3086 2172 3145 derent.
2191 3096 2246 3140 et
2269 3094 2511 3141 extrema
2535 3096 2716 3141 essent
2743 3087 2901 3157 plena
2930 3085 3164 3141 insania.
3192 3086 3353 3158 176
3377 3086 3542 3157 Igitur

269 3179 369 3232 ul.
403 3178 503 3249 τῆς
554 3180 632 3241 είς
664 3178 833 3247 ἀκρον
886 3174 1126 3244 ἡκούσης
1160 3173 1418 3237 ἀπονοίας
1451 3170 1694 3242 ἔμπλεω.
1743 3172 1854 3227 Καὶ

1964 3194 2115 3247 ~ttpra
2141 3180 2206 3233 de
2230 3176 2431 3234 Galaad
2460 3179 2598 3233 dixit
2627 3180 2802 3234 Dens:
2834 3197 2852 3230 ι
2882 3176 2955 3233 lbi
2982 3178 3303 3248 contempsit
3328 3193 3413 3233 me
3436 3164 3545 3234 Ga-

270 3268 409 3337 γοῦν
425 3270 484 3322 ὲν
499 3270 610 3332 τοῖς
634 3267 893 3338 ἀνωτέρω
922 3266 1053 3337 περὶ
1083 3266 1180 3335 μὲν
1203 3264 1301 3334 τῆς
1326 3262 1541 3317 Γαλαὰδ
1560 3262 1665 3333 ἔφη
1687 3262 1819 3327 Θεὸς
1840 3278 1854 3291 °

278 3378 298 3410 ι
334 3359 487 3412 Ἐκεῖ
512 3354 888 3430 κατεφρόνησέ
927 3372 1029 3425 μου
1067 3353 1300 3417 Γαλαὰδ,
1337 3354 1487 3419 πόλις
1515 3352 1856 3424 ἐργαζομένη

276 3452 509 3523 μάταια,
538 3471 557 3502 ι
589 3448 888 3511 τουτέστιν,
915 3445 1130 3500 εἴδωλα.
1166 3445 1542 3517 Πλαστουργοὶ
1567 3443 1678 3516 γὰρ
1709 3443 1862 3497 εἰδώ-

272 3542 387 3595 λων
414 3537 554 3613 ἦσαν
584 3542 631 3593 οἱ
661 3540 719 3593 ἐν
750 3540 908 3611 αὐτῇ.
932 3538 1068 3610 Περὶ
1095 3538 1152 3590 δέ
1174 3554 1237 3607 γε
1262 3539 1361 3608 τῆς
1392 3538 1586 3610 ἐτέρας
1607 3553 1619 3566 ’
1651 3538 1861 3592 «Πᾶσαι

273 3633 335 3687 αἱ
388 3633 580 3686 κακίαι
617 3632 799 3687 αὐτῶν
829 3634 909 3696 είς
944 3631 1189 3699 Γαλγάλ·
1226 3632 1309 3683 ὅτι
1352 3633 1469 3684 ἐκεῖ
1503 3631 1701 3695 αὐτοῦς
1744 3629 1864 3700 ἐμί-

278 3739 426 3794 σησα
454 3722 542 3775 διὰ
587 3721 685 3786 τὰς
726 3721 928 3786 κακίας
973 3721 1082 3775 τῶν
1125 3721 1574 3792 ἐπιτηδευμάτων
1614 3720 1810 3778 αὐτῶν.
1837 3740 1855 3772 ›

291 3814 573 3868 Ἐπειπεῖν
603 3813 658 3866 δὲ
689 3814 991 3882 ἀναγκαῖον
1026 3811 1133 3865 τῶν
1178 3811 1600 3883 συμϐεϐηκότων
1650 3812 1773 3865 τινά
1797 3814 1862 3882 τῇ

278 3905 651 3961 Γαλααδιτῶν.
678 3905 1010 3975 Συνήσωμεν
1041 3903 1151 3975 γὰρ
1174 3902 1317 3956 οὕτω
1356 3903 1463 3957 τῶν
1489 3905 1866 3973 προκειμένων

276 3999 375 4054 τὸν
408 3997 552 4051 νοῦν.
577 3996 783 4059 Φούλας
824 3995 1076 4066 βασιλεὺς
1108 3993 1429 4067 Ἀσσυρίων,
1462 3995 1675 4065 πρῶτος
1700 3993 1867 4046 ἐλθὼν

280 4092 430 4147 κατὰ
458 4089 556 4160 τῆς
586 4088 920 4160 Σαμαρείας,
960 4085 1288 4159 πρωτόλειον
1326 4085 1515 4156 ὥσπερ
1545 4103 1595 4139 τι
1642 4086 1738 4149 τὰς
1776 4086 1869 4139 δύο

284 4182 459 4251 φυλὰς
490 4182 787 4251 ἐποιήσατο
817 4179 915 4244 τάς
937 4177 1113 4250 πέραν
1137 4176 1233 4230 τοῦ
1264 4176 1549 4248 Ἰορδάνου,
1573 4177 1665 4230 καὶ
1689 4177 1870 4241 πάσας

283 4274 469 4330 αὐτῶν
514 4269 624 4327 εἷλε
660 4272 760 4336 τὰς
809 4272 1016 4335 πόλεις.
1049 4271 1146 4324 καὶ
1174 4269 1282 4342 πρό
1309 4286 1373 4337 γε
1412 4269 1521 4323 τῶν
1556 4268 1730 4322 ἄλλων
1772 4268 1871 4341 τὴν

284 4368 324 4418 Γ
329 4354 521 4421 αλαάδ.
558 4344 762 4418 Τούτου
813 4362 1184 4434 διαμέμνηται
1236 4360 1401 4423 Θεὸς,
1455 4360 1531 4422 ὡς
1582 4361 1638 4413 ἐν
1691 4377 1871 4432 παρα-

281 4460 485 4532 δρομῇ,
520 4458 694 4528 λέγων
718 4472 731 4487 ·
777 4475 795 4507 ‹
828 4457 892 4508 El
930 4456 1004 4526 μὴ
1039 4453 1253 4507 Γαλαάδ
1274 4454 1442 4506 ἐστιν.
1476 4472 1493 4504 ›
1531 4453 1591 4505 Εἰ
1631 4453 1705 4523 μὴ
1737 4452 1871 4513 ἔστι,

286 4552 449 4623 φησι,
476 4552 571 4603 καὶ
602 4550 678 4622 μὴ
710 4549 943 4613 σώζεται
968 4547 1064 4601 νῦν
1088 4548 1122 4616 ἡ
1154 4545 1366 4599 Γαλαάδ
1386 4563 1398 4576 ·
1426 4547 1475 4599 εἰ
1495 4547 1590 4598 καὶ
1612 4546 1876 4613 ἀπόλωλε,

287 4650 388 4698 καὶ
403 4643 503 4696 οὐκ
525 4642 673 4695 ἐστιν
706 4641 765 4707 ἐξ
789 4642 956 4711 αὐτῆς
976 4640 1074 4711 τὴν
1105 4640 1196 4693 τοῦ
1229 4637 1470 4710 Ἐφραῖμ
1498 4638 1712 4707 ἐλέγξαι
1739 4656 1881 4711 παρ-

262 4734 487 4801 λοινίαν,
509 4733 596 4787 διὰ
620 4733 680 4786 τὸ
712 4733 789 4803 μὴ
823 4731 1055 4802 ὁρᾶσθαι
1086 4731 1225 4793 νυνὶ,
1258 4726 1366 4802 ἆρα
1395 4728 1491 4783 καὶ
1523 4730 1572 4781 οἱ
1604 4727 1884 4793 Θυσιάζον-

284 4844 386 4890 τες
424 4828 683 4895 ἄρχοντες
720 4825 776 4876 ἐν
811 4826 878 4894 τῇ
913 4821 1130 4890 Γαλγάλ
1155 4820 1390 4895 ηψευδείς
1438 4815 1600 4887 ἦσαν,
1646 4816 1742 4870 καὶ
1784 4818 1883 4870 οὐκ

286 4919 535 4990 ἀληθεῖς.
574 4916 790 4986 Γαλγὰλ
819 4916 875 4968 δὲ
907 4915 1061 4979 πόλις
1091 4915 1209 4967 ἐστὶ
1238 4914 1345 4966 τῶν
1379 4913 1644 4984 Ἰορδάνου
1684 4912 1881 4984 πέραν,

286 5017 348 5066 ἐν
450 5010 684 5082 μάλιστα
719 5007 1104 5080 συντρέχοντες
1140 5007 1326 5078 μικροὶ
1355 5006 1449 5059 καὶ
1484 5005 1731 5077 μεγάλοι,
1766 5006 1876 5067 τοῖς

288 5106 391 5174 τῆς
438 5102 854 5172 εἰδωλολατρίας
903 5101 1256 5173 προσέκειντο
1304 5099 1621 5171 μολυσμοῖς.
1673 5097 1882 5151 Οὐκοῦν

288 5199 338 5250 εί
378 5194 453 5266 μὴ
485 5193 682 5264 ἔστινὴ
704 5193 936 5258 Γαλαὰδ,
970 5188 1180 5265 ἇρατίς
1198 5193 1347 5245 ἐστιν
1384 5193 1411 5244 ὁ
1440 5190 1607 5261 φάναι
1640 5188 1876 5260 τολμῶν,

287 5291 377 5343 ὅτι
409 5289 504 5340 καὶ
541 5288 591 5339 οί
624 5285 972 5350 θυσιάζοντες
1007 5283 1267 5357 ἄρχοντες
1306 5284 1384 5347 εἰς
1421 5281 1639 5352 Γαλγάλ
1665 5280 1880 5351 ψευδεῖς

290 5373 457 5448 ἦσαν,
500 5374 596 5427 καὶ
641 5373 743 5428 οὐκ
774 5372 1031 5445 amnem;
1111 5412 1126 5427 .
1205 5411 1221 5428 .
1300 5411 1313 5427 .
1397 5414 1409 5427 .
1490 5409 1506 5427 .
1584 5410 1599 5427 .
1679 5410 1693 5422 .
1774 5408 1787 5424 .
1868 5409 1882 5422 .

289 5560 511 5631 ὑψηλὰ,
563 5561 659 5614 καὶ
713 5555 1034 5614 ἀπόϐλεπτα
1076 5560 1192 5623 τοῖς
1252 5559 1514 5628 γλυπτοῖς
1568 5556 1887 5619 ἀνιστάντες

287 5658 683 5731 Θυσιαστήρια,
747 5655 1009 5729 χελώναις
1055 5658 1114 5711 ἐν
1166 5657 1265 5730 ἴσῳ
1318 5659 1438 5720 ταῖς
1485 5656 1605 5710 κατ’
1654 5653 1879 5726 ἀγρούς.

1961 3270 2100 3334 laad,
2125 3270 2317 3325 civitas
2340 3285 2571 3340 operans
2592 3285 2728 3324 vana
2754 3271 2819 3335 “,
2852 3289 2871 3322 ι
2904 3272 3004 3326 hoc
3030 3279 3134 3337 est,
3159 3270 3324 3324 idola.
3350 3270 3545 3325 Incolae

1962 3361 2106 3416 enim
2135 3361 2277 3416 illius
2306 3362 2571 3417 idolorum
2602 3362 2842 3417 artifices
2869 3373 3043 3418 erant.
3073 3364 3145 3420 De
3177 3364 3345 3419 altera
3368 3378 3500 3420 vero
3526 3380 3541 3418 :

1968 3471 1986 3503 ι
2020 3452 2221 3508 Omnes
2251 3453 2505 3522 nequitiae
2532 3467 2718 3508 eorum
2751 3455 2802 3506 in
2833 3454 3041 3525 Galgal,
3074 3456 3197 3524 quia
3229 3456 3299 3510 ibi
3330 3457 3416 3509 odi
3450 3471 3545 3513 eos

1962 3554 2183 3612 propter
2207 3542 2437 3597 malitias
2467 3542 2905 3597 adinventionum
2934 3560 3121 3599 eorum
3145 3545 3209 3600 ⁸⁸.
3244 3565 3262 3598 ι
3295 3544 3409 3601 Νοιι
3440 3548 3546 3601 erit

1965 3632 2060 3687 abs
2089 3646 2146 3687 re
2171 3632 2426 3687 nonnulla
2461 3632 2704 3703 proferre
2736 3633 2786 3686 in
2822 3634 3075 3698 medium,
3104 3650 3223 3703 quae
3248 3636 3547 3692 Galaaditis

1966 3722 2274 3778 acciderunt
2312 3742 2326 3778 :
2358 3723 2437 3778 sic
2472 3725 2615 3778 enim
2652 3739 2842 3780 sensus
2872 3727 3156 3780 verborum
3190 3729 3543 3784 adducturum

1968 3814 2214 3884 liquebit.
2242 3813 2442 3870 Pbulas
2467 3830 2558 3868 rex
2591 3816 2957 3887 Assyriorum,
2992 3818 3081 3886 qui
3118 3818 3324 3887 primus
3357 3818 3549 3874 Sama-

1968 3908 2104 3960 riam
2151 3907 2374 3961 adortus
2417 3919 2533 3972 est,
2578 3909 2742 3962 veluti
2784 3909 3051 3978 primitias
3090 3912 3190 3966 sibi
3237 3909 3366 3967 fecit
3412 3914 3549 3969 duas

1972 3999 2144 4054 tribus
2175 4011 2323 4055 trans
2346 3999 2658 4067 Jordanem,
2684 4016 2981 4071 omnesque
3009 4018 3193 4058 earmn
3225 4006 3386 4060 urbes
3418 4007 3550 4061 sub-

1972 4092 2113 4159 egit,
2143 4101 2197 4146 et
2228 4101 2354 4147 ante
2388 4092 2521 4146 alias
2553 4090 2772 4148 Galaad.
2812 4093 3013 4149 Horum
3045 4096 3193 4151 velut
3227 4098 3279 4151 in
3320 4099 3549 4153 transitu

1972 4182 2220 4237 meminit
2244 4183 2404 4247 Deus,
2427 4184 2613 4238 dicens
2638 4200 2650 4236 :
2683 4201 2703 4234 ι
2733 4182 2788 4238 Si
2818 4183 3017 4240 Galaad
3046 4202 3148 4240 non
3175 4197 3275 4243 cst.
3307 4208 3327 4241 ι
3358 4187 3416 4244 Si
3444 4206 3550 4245 non

1974 4286 2078 4339 est,
2103 4274 2295 4344 inquit,
2321 4285 2377 4330 et
2403 4291 2547 4331 nunc
2577 4276 2722 4332 salva
2753 4292 2857 4331 non
2888 4288 2971 4334 est
3005 4279 3237 4347 Galaad;
3267 4284 3311 4337 si
3341 4291 3395 4337 et
3426 4299 3551 4354 pcr-

1976 4368 2064 4430 iit,
2097 4383 2200 4423 non
2229 4378 2311 4423 est
2337 4384 2403 4423 ex
2432 4383 2494 4423 ea
2526 4369 2779 4439 Ephraim
2810 4374 3133 4443 redarguere
3161 4375 3544 4442 petulantiam,

1980 4459 2106 4529 quia
2148 4473 2291 4512 nunc
2330 4474 2434 4513 non
2471 4459 2706 4527 videtur;
2745 4477 2869 4515 nam
2910 4471 2963 4518 et
2999 4464 3366 4520 sacriﬁcantes
3405 4468 3556 4535 prin-

1983 4551 2131 4619 cipes
2160 4550 2212 4603 in
2245 4549 2428 4620 Galgal
2461 4552 2746 4607 mendaces
2777 4563 2954 4618 erant,
2984 4563 3039 4608 et
3072 4570 3176 4609 non
3204 4557 3338 4609 veri.
3368 4556 3554 4626 Galgal

1978 4643 2231 4712 oppidum
2256 4654 2337 4697 est
2366 4655 2513 4697 trans
2531 4640 2841 4710 Jordanem,
2866 4644 2917 4698 in
2941 4660 3098 4714 quam
3125 4647 3274 4716 parvi
3298 4658 3348 4701 et
3376 4649 3553 4716 magni

1979 4734 2312 4791 conﬂuentes
2358 4752 2476 4791 sese
2524 4736 2839 4791 idololatriae
2885 4739 3133 4793 sordibus
3181 4739 3554 4808 iuquinabant.

1980 4828 2163 4898 Itaque
2200 4830 2243 4884 si
2287 4845 2390 4883 non
2432 4839 2513 4883 est
2554 4828 2772 4900 Galgal,
2808 4847 2934 4886 num
2976 4832 3099 4901 quis
3140 4832 3319 4886 dicere
3362 4831 3557 4899 audet,

1986 4920 2147 4973 etiam
2176 4920 2546 4974 sacriﬁcantes
2572 4921 2841 4991 principes
2870 4922 2922 4975 in
2951 4921 3139 4992 Galgal
3170 4920 3334 4978 falsos
3358 4937 3421 4978 ac
3452 4937 3558 4977 non

1983 5009 3558 5071 verosl‘uisse?..............

1985 5142 2000 5157 .
2070 5143 2085 5157 .
2157 5141 2172 5156 .
2239 5139 2254 5155 .
2326 5142 2341 5156 .
2410 5101 2621 5157 excelsa
2665 5113 2720 5159 et
2762 5107 3055 5175 coriSpicua
3101 5103 3406 5160 simulacris
3447 5105 3560 5160 eri-

1983 5204 2173 5265 gentes
2208 5194 2430 5258 altaria,
2463 5194 2658 5249 similia
2698 5197 3054 5251 testudinibus
3090 5197 3145 5251 in
3181 5211 3331 5267 agro.
3364 5196 3553 5252 Testu-

1984 5289 2137 5344 dines
2165 5303 2283 5343 esse
2315 5287 2476 5350 dicit,
2506 5303 2612 5343 non
2645 5288 2733 5341 illa
2764 5289 3047 5356 animalia,
3081 5304 3211 5345 cave
3242 5284 3433 5360 putes;
3465 5289 3560 5344 sed

1986 5396 2209 5453 aggeres
2241 5382 2531 5441 excitatos,
2564 5396 2698 5451 quos
2730 5382 2949 5452 quidam
2982 5383 3047 5435 ad
3078 5398 3272 5453 aquam
3308 5382 3359 5436 in
3395 5382 3561 5435 colles

1986 5475 2331 5530 derivandam
2368 5473 2575 5528 faciunt
2606 5493 2618 5529 :
2656 5474 2935 5531 innumera
2970 5476 3113 5530 enim
3150 5474 3453 5544 huiusmodi
3491 5473 3561 5528 ab

1983 5566 2234 5635 agricolis
2272 5566 2501 5633 solerter
2533 5566 2835 5636 excogitata
2876 5576 3021 5623 sunt.
3061 5566 3341 5637 Principes
3379 5577 3560 5620 autem

1986 5658 2362 5713 sacriﬁcantes
2380 5659 2643 5727 nominat,
2663 5668 2754 5713 aut
2781 5659 3041 5715 exercitui
3071 5658 3357 5731 praefectos
3381 5667 3433 5714 ct
3454 5657 3562 5712 dis-

360 5843 407 5874 “
444 5842 553 5898 Jer.
586 5857 758 5911 nvn,
786 5843 839 5898 2.
919 5841 962 5874 ⁸⁸
1002 5842 1111 5901 Jer.
1148 5858 1336 5909 xxvm,
1372 5843 1455 5899 ll.
1533 5844 1576 5875 ⁸⁸
1616 5841 1739 5898 Ose.
1769 5856 1843 5905 vt,
1878 5838 2004 5906 7,8.
2039 5838 2084 5869 “
2123 5837 2246 5892 Ose.
2282 5852 2356 5896 is.
2387 5836 2472 5891 15.
