4068 6538
1637 376 1697 432 S.
1735 376 2016 433 CYBILIJ
2057 377 2524 435 ALEXANDRINI
2567 379 2887 437 ARCHIEP.

3815 387 3915 441 296

643 488 856 558 ciplitm
894 485 1143 542 militaris
1175 488 1374 554 duces;
1425 495 1518 544 aut
1552 498 1700 545 certe
1747 504 1813 544 ex
1849 491 2051 546 familia
2089 493 2218 547 Levi

2329 494 2583 558 Χελὼνας
2621 495 2678 547 δὲ
2722 489 2866 549 εἷναὶ
2900 511 3087 566 φησιν,
3121 494 3240 566 οὐχὶ
3272 495 3337 567 δὴ
3365 495 3434 550 τά
3474 495 3606 561 ζῶα,
3642 497 3714 569 μὴ
3759 498 3912 552 τοῦτο

644 589 978 648 procreatos,
1015 594 1178 650 penes
1222 594 1356 648 quos
1401 591 1519 636 erat
1564 595 1630 635 ex
1679 581 1797 652 lege
1841 584 2172 653 principatus
2210 601 2222 637 :

645 683 768 722 naut
798 676 854 722 et
883 668 1009 736 ipsi,
1047 682 1167 722 cum
1193 668 1316 723 aliis
1348 668 1514 738 lapsi,
1549 671 1855 728 servierunt
1892 673 2226 743 sculptilibus

643 772 748 812 non
789 758 942 827 pauci
982 772 1230 812 numero.
1273 759 1542 828 Scriptum
1578 770 1666 816 est
1713 761 1880 830 igitur
1912 765 2053 832 apud
2092 765 2226 820 Eze-

633 849 867 904 cltieletu
893 869 907 904 :
929 867 952 901 ι
983 850 1107 904 Ideo
1129 851 1248 906 haec
1267 852 1396 906 dicit
1419 852 1678 908 Dominus
1696 875 1707 908 :
1725 853 1916 909 Omnis
1934 856 2227 912 {iliusalie-

641 943 836 1010 nigena
875 941 1289 998 incircumcisus
1325 944 1489 999 corde
1515 953 1572 999 et
1600 944 2015 1002 incircumcisus
2041 962 2225 1014 carne,

2334 586 2586 656 νομίσῃς,
2618 584 2755 638 ἀλλὰ
2790 586 2900 658 γὰρ
2947 587 3048 650 τὰς
3081 585 3190 640 τῶν
3227 585 3498 658 χωμάτων
3538 588 3808 659 ὲγέρσεις,
3851 589 3910 650 ἃς

2335 677 2572 730 ποιοῖντό
2626 694 2805 743 τινες,
2860 679 2942 742 είς
2989 678 3214 748 βουνοὺς
3259 679 3735 751 ἀναλαμϐάνοντες
3792 684 3910 745 τοὺς

2335 769 2705 841 ὑδραγωγούς.
2755 770 2944 842 Μυρία
2984 770 3040 824 δὲ
3095 771 3197 825 ὅσα
3243 772 3469 826 τοιαῦτα
3514 774 3623 836 τοῖς
3655 773 3908 843 γηπόνοις

2334 860 2718 915 ἑσπούδασται.
2751 861 3052 933 Ἀρχοντας
3076 862 3135 916 δέ
3167 879 3299 933 φησι
3321 863 3671 929 θυσιάζοντας
3693 866 3730 935 ἦ
3763 881 3908 933 στρα·

2333 953 2559 1022 τηγοὺς,
2585 955 2679 1007 καὶ
2714 955 2823 1007 τῶν
2855 955 3134 1012 τακτικῶν
3157 957 3515 1027 ἡγουμένους,
3554 957 3588 1027 ἢ
3624 955 3756 1025 γοῦν
3793 957 3908 1020 τοὺς

639 1045 748 1086 non
791 1032 1120 1101 ingredietur
1157 1033 1210 1086 in
1251 1042 1441 1087 saneta
1486 1049 1604 1092 mea
1651 1034 1707 1088 in
1751 1035 2005 1091 omnibus
2037 1036 2229 1092 alieni-

2334 1043 2396 1109 ἐξ
2431 1047 2665 1116 αἵματος
2708 1047 2860 1113 Aeni,
2900 1048 3002 1120 τὴν
3051 1051 3115 1103 ὲκ
3143 1049 3308 1121 νόμου
3351 1049 3680 1122 φρονοῦντας
3708 1051 3906 1120 ἠγεμοο

635 1122 792 1192 genis
827 1123 916 1192 qui
953 1134 1078 1178 sunt
1112 1124 1166 1179 in
1204 1125 1382 1179 medio
1411 1124 1608 1180 domus
1644 1125 1840 1193 Israel;
1873 1127 1966 1184 sed
2001 1126 2226 1196 Levitte,

2329 1137 2470 1192 νίαν.
2504 1139 2924 1196 Συναπώλισθον
2954 1141 3063 1213 γὰρ
3099 1142 3196 1196 καὶ
3241 1142 3397 1196 αὐτοὶ
3435 1145 3546 1206 τοῖς
3585 1142 3788 1206 ἄλλοις,
3822 1144 3906 1193 καὶ

639 1217 732 1285 qui
763 1217 1094 1272 resiluerunt
1121 1232 1152 1269 a
1183 1231 1302 1284 me,
1332 1232 1456 1271 cum
1489 1226 1704 1273 erraret
1735 1217 1900 1274 Israel
1927 1233 1956 1273 a
1991 1235 2078 1275 me
2110 1231 2225 1290 post

2330 1229 2724 1304 λελατρεύκασι
2764 1235 2876 1297 τοῖς
2904 1233 3165 1303 γλυπτοῖς
3196 1233 3296 1287 οὐκ
3339 1234 3511 1303 ὀλίγοι
3535 1234 3623 1287 τὸν
3655 1232 3886 1306 ἀριθμόν

638 1308 1000 1395 cogitationes
1020 1324 1166 1373 suas,
1190 1320 1244 1364 et
1265 1310 1534 1378 accipient
1559 1309 1903 1381 iniquitatem
1927 1327 2079 1368 suam
2101 1315 2168 1368 ⁸⁷.
2201 1332 2219 1365 ι

2330 1316 2644 1388 Γέγραπται
2697 1315 2791 1374 οὖν
2814 1323 2874 1375 ὲν
2904 1321 2985 1395 τῷ
3040 1321 3343 1394 Ὶεζεκιήλῇ
3388 1341 3407 1374 ι
3441 1323 3539 1377 Διὰ
3585 1322 3746 1377 τοῦτο
3789 1323 3899 1374 τάδε

637 1390 786 1469 λέγει
816 1401 1019 1474 Κύριος
1044 1405 1072 1457 ὁ
1102 1403 1264 1467 Θεός’
1285 1405 1406 1468 Πᾶς
1472 1405 1589 1469 υίὸς
1620 1406 1919 1493 ἀλλογενὴς
1985 1410 2358 1484 ἀπερίτμητος
2422 1412 2644 1485 καρδίᾳ,
2676 1415 2770 1468 καὶ
2791 1390 3166 1487 ἀπερίτμητος
3206 1390 3395 1489 σαρκὶ,
3428 1418 3528 1471 οὐκ
3550 1414 3902 1470 εἰσελεύσεται

637 1494 720 1558 είς
755 1495 825 1548 τὰ
857 1495 990 1563 ἆγιά
1042 1513 1168 1566 μου,
1220 1498 1280 1550 ὲν
1319 1498 1488 1550 πᾶσιν
1538 1499 1676 1562 υἱοῖς
1727 1499 2072 1568 ἀλλογενῶν,
2129 1502 2240 1556 τῶν
2309 1505 2479 1558 ὄντων
2505 1507 2568 1558 ὲν
2610 1505 2760 1576 μέσῳ
2789 1506 2939 1559 οἴκου
2982 1507 3235 1578 Ἰσραήλ·
3275 1508 3451 1579 ἀλλ’ἢ
3512 1508 3560 1562 οἱ
3591 1502 3832 1567 Λευῖται,
3859 1503 3903 1554 οἵ

635 1603 781 1653 τινες
801 1587 1077 1660 ἀφήλαντο
1106 1589 1199 1642 ἀπ’
1217 1587 1355 1660 ἐμοῦ
1376 1589 1439 1642 ὲν
1465 1589 1544 1661 τῷ
1563 1589 1982 1645 πλανᾶσθαιτδν
2010 1594 2230 1666 Ἰσραὴλ
2265 1596 2362 1650 ἀπ’
2391 1595 2550 1668 ἐμοῦ,
2605 1596 2934 1651 κατόπισθεν
2996 1599 3106 1652 τῶν
3135 1599 3536 1671 ἐνθυμημάτων
3583 1596 3787 1659 αὐτῶν,
3819 1594 3901 1647 καὶ

637 1677 898 1749 λήψονται
921 1676 1020 1748 τὴν
1041 1677 1255 1732 ἀδικίαν
1277 1678 1477 1734 αὐτῶν.

711 1769 872 1824 Vens.
910 1768 996 1823 12.
1032 1769 1098 1824 Et
1135 1772 1344 1825 recessit
1377 1770 1544 1828 Iacob
1575 1770 1632 1825 in
1663 1789 1910 1842 campum
1945 1773 2140 1844 Syria,
2175 1787 2223 1830 et

2397 1775 2506 1829 Καὶ
2535 1774 2926 1845 ἀνεχώρησεν
2952 1773 3152 1828 Ἰακὼό
3184 1776 3272 1840 εις
3303 1773 3514 1827 πεδίον
3538 1777 3779 1843 Συρίας,
3811 1781 3897 1831 καί

639 1865 841 1919 servivit
875 1861 1045 1917 Israel
1075 1863 1129 1916 in
1163 1880 1345 1929 uxore,
1376 1873 1427 1918 et
1460 1866 1513 1918 in
1549 1881 1712 1919 uxore
1739 1868 2046 1922 custodiuit.

714 2090 870 2161 177
911 2087 1132 2145 CXI-HI.
1175 2088 1256 2143 Ad
1289 2087 1528 2160 primaevi
1583 2087 1755 2158 patris
1806 2088 2219 2160 germanitatem

638 2185 1066 2250 bonitatemque,
1105 2190 1160 2234 et
1183 2195 1248 2236 ex
1288 2196 1353 2235 eo
1398 2181 1805 2251 progenitorttm
1835 2181 2122 2238 stultitiam
2172 2193 2228 2238 et

638 2275 969 2345 impietatem
1003 2271 1453 2328 considerandam
1487 2273 1647 2333 redit.
1673 2283 1728 2332 et
1767 2273 1910 2329 illius
1944 2276 1998 2328 in
2042 2277 2226 2346 parvis

641 2369 802 2422 rebus
868 2365 1210 2420 tolerantiam
1284 2364 1433 2419 velut
1487 2364 1811 2419 admiratur.
1860 2365 2063 2422 Deinde
2104 2382 2223 2423 eam

640 2461 811 2528 ipsam
841 2459 906 2513 ad
941 2456 1424 2527 reprehensionem
1482 2456 1709 2527 ignaviae
1754 2458 1941 2517 decem
1981 2459 2217 2514 tribuum

639 2553 693 2606 in
748 2553 909 2606 rebus
965 2551 1220 2606 maximis
1296 2551 1694 2606 accommodat.
1756 2549 2038 2618 Quomodo
2077 2553 2221 2606 enim

640 2659 744 2710 non
798 2655 944 2699 esset
975 2643 1323 2698 admirationi
1356 2642 1560 2708 Iacob,
1597 2644 1688 2714 qui
1721 2645 1856 2698 adeo
1885 2645 2140 2702 molestos
2169 2655 2224 2701 et

637 2736 730 2789 vix
761 2733 1100 2790 sufferendos
1133 2732 1343 2790 labores
1382 2734 1657 2798 exhausit,
1694 2743 1748 2788 et
1775 2749 1995 2804 propter
2027 2751 2224 2792 uxores

640 2825 915 2882 ducendas
996 2823 1318 2880 mercenarii
1407 2823 1524 2879 loco
1599 2823 1783 2880 Laban
1851 2827 2060 2881 servire
2115 2841 2221 2882 non

642 2919 915 2974 recusavit
940 2917 1027 2970 “?
1059 2915 1166 2971 Sed
1202 2916 1449 2986 quamvis
1504 2916 1661 2986 primi
1709 2918 1950 2986 parentis
2019 2932 2223 2972 merces

642 3013 836 3081 exigua
872 3010 1049 3073 fuerit,
1081 3010 1413 3065 connubium
1468 3009 1740 3077 videlicet,
1776 3018 1833 3064 ut
1872 3009 2002 3075 dixi,
2045 3019 2224 3064 custo-

645 3102 776 3155 divit
810 3111 1005 3164 tamen,
1033 3112 1087 3155 et
1119 3099 1354 3154 servavit
1390 3098 1572 3168 tidem,
1602 3103 1692 3170 qui
1733 3101 1778 3154 ei
1819 3099 2220 3155 matrimonium

644 3195 914 3263 promisit.
971 3192 1260 3248 Laboravit
1313 3202 1491 3248 autem
1541 3208 1644 3247 non
1692 3208 1788 3262 pro
1860 3195 2068 3264 patria,
2129 3203 2222 3248 aut

2327 3163 2609 3232 Πεπόνηκε
2634 3161 2691 3215 δὲ
2719 3161 2841 3215 οὐδὲ
2865 3162 2955 3214 ἐπὶ

646 3297 814 3354 terra,
846 3296 938 3340 aut
979 3285 1137 3340 domo
1176 3299 1274 3340 sua
1315 3301 1331 3351 ;
1379 3285 1471 3340 sed
1519 3288 1747 3350 advena,
1775 3295 1830 3339 et
1863 3285 1913 3339 iu
1942 3285 2224 3356 peregrina

645 3379 866 3449 regione
912 3391 1275 3434 commorans.
1324 3375 1391 3430 Et
1435 3375 1557 3432 talis
1595 3376 1817 3446 quidem
1875 3385 1993 3432 erat
2037 3375 2225 3433 Jacob.

645 3469 938 3525 Videamus
966 3485 1109 3524 nunc
1142 3480 1365 3539 peccata
1399 3478 1740 3538 posterorum
1797 3467 1977 3524 Israel.
2011 3465 2124 3523 Non
2173 3469 2226 3522 in

645 3563 876 3619 alienam
932 3549 1206 3634 regionem
1264 3561 1442 3628 missi,
1473 3561 1568 3618 sed
1621 3562 1676 3617 in
1728 3576 1792 3616 ea
1845 3576 2006 3632 quam
2063 3559 2230 3615 armis

643 3663 985 3724 comparant,
1007 3653 1252 3708 collocati
1291 3661 1456 3718 sunt;
1490 3660 1545 3707 et
1578 3667 1700 3707 cum
1751 3650 2020 3723 Egyptiis
2058 3650 2230 3708 servi-

645 3758 806 3812 rent,
848 3748 1212 3815 sudorumqne
1251 3759 1474 3801 suorum
1534 3743 1737 3798 nullam
1777 3742 2082 3798 mercedem
2133 3758 2227 3796 ac-

646 3844 914 3914 ciperent,
952 3840 1244 3910 aliquando
1282 3841 1481 3894 virtute
1533 3837 1627 3893 Dei
1683 3852 1714 3892 e
1774 3839 1991 3910 regione
2050 3841 2230 3910 oppri—

645 3935 906 3991 mentium
933 3949 993 3989 se
1021 3933 1412 3997 discesserunt,
1435 3941 1489 3987 et
1537 3931 1590 3986 in
1619 3941 1762 3986 terra
1807 3931 2053 4002 patribus
2099 3948 2228 4002 pro-

647 4029 815 4083 missa
870 4026 1254 4081 consederunt.
1302 4023 1416 4080 Non
1460 4025 1525 4079 iis
1578 4024 1776 4092 nuptiae
1836 4039 1959 4080 cum
2011 4023 2232 4078 mulier-

644 4121 805 4184 cula,
868 4128 924 4172 ut
970 4117 1208 4189 captanti
1292 4117 1507 4187 nuptias
1589 4117 1856 4172 mercedis
1919 4119 2042 4173 loco
2104 4127 2231 4171 sunt

645 4210 933 4281 propositae
963 4226 977 4274 ;
1003 4210 1095 4264 sed
1130 4208 1307 4262 omnis
1329 4207 1452 4262 boni
1480 4206 1632 4277 copia
1661 4207 1863 4277 potius,
1887 4215 2031 4262 terra
2053 4205 2229 4261 [luens

647 4305 788 4358 lacte
827 4311 883 4357 et
943 4300 1131 4366 melle,
1177 4298 1463 4354 debellatio
1523 4299 1994 4364 adversariorum,
2059 4297 2228 4368 gloria

644 4404 701 4452 et
731 4393 947 4460 divitiae,
975 4405 1030 4446 et
1059 4392 1186 4447 hinc
1221 4390 1598 4461 promanantia
1639 4393 1856 4456 decora,
1879 4401 1932 4446 et
1958 4391 2086 4459 quid
2121 4407 2223 4444 non

647 4485 888 4549 tandem,
951 4483 1093 4553 quod
1133 4482 1200 4536 ad
1232 4480 1446 4538 felicem
1502 4490 1701 4536 statuat
1737 4481 2069 4551 deliciasQue
2103 4498 2225 4550 spe-

643 4579 865 4637 ctaret'.’
918 4576 1024 4633 Sed
1079 4591 1186 4632 non
1249 4575 1642 4632 custodierunt.
1693 4573 2038 4645 Transgressi
2099 4584 2225 4628 sunt

644 4672 814 4734 enim,
843 4669 1146 4726 custodiam
1180 4666 1340 4738 plane
1367 4667 1421 4723 in
1461 4665 1700 4721 minimis
1732 4675 2011 4734 ponentes.
2049 4664 2226 4720 Mani-

645 4763 841 4818 festum
875 4762 1062 4831 igitur,
1091 4759 1408 4829 longissime
1444 4771 1473 4810 a
1506 4767 1720 4827 patrum
1754 4755 2021 4825 probitate
2049 4769 2228 4809 remo-

646 4866 750 4920 tos,
801 4869 901 4908 nec
927 4851 1032 4908 illis
1090 4851 1377 4919 impertita:
1411 4849 1595 4919 gratia:
1667 4847 1937 4919 principes
1983 4847 2227 4914 futuros;

638 4945 820 5016 justus
870 4953 952 4998 est
983 4943 1126 4998 enim
1155 4941 1344 5010 judex.

715 5035 880 5094 Vens.
916 5037 1001 5092 I5.
1039 5033 1109 5090 Et
1161 5035 1214 5088 in
1245 5033 1496 5104 propheta
1523 5033 1702 5086 eduxit
1751 5031 2006 5086 Dominus
2042 5030 2224 5086 Israe-

641 5130 745 5184 lem
794 5146 857 5190 ex
907 5137 1045 5182 terra
1078 5126 1300 5200 ngypti
1326 5165 1343 5191 ,
1378 5136 1424 5180 et
1457 5126 1512 5177 in
1559 5123 1809 5192 prapltela
1849 5131 2082 5176 servatus
2125 5131 2222 5177 est.

714 5219 942 5278 CXLIV.
987 5220 1099 5276 Iioc
1151 5220 1270 5276 loco
1335 5232 1553 5273 causam
1619 5214 1775 5272 nobis
1827 5215 2003 5283 aperit
2058 5229 2226 5284 quare

645 5313 811 5370 Israel
839 5313 1217 5384 praescriptum
1250 5310 1353 5367 sibi
1387 5307 1704 5364 mandatum
1759 5321 1864 5361 non
1899 5306 2222 5370 servaverit,

644 5417 702 5463 et
751 5408 916 5462 Deum
948 5405 1353 5478 contempserit,
1401 5402 1692 5457 dicentem:
1731 5417 1750 5451 ς
1783 5397 1901 5455 Non
1932 5408 2092 5454 erunt
2134 5399 2228 5454 tibi

2326 1868 2698 1923 ἐδούλευσεν
2743 1866 2992 1936 Ἰσραὴλ
3025 1867 3095 1920 ἐν
3132 1866 3392 1936 γυναικί,
3442 1867 3539 1920 καί
3569 1867 3636 1920 ἐν
3671 1872 3893 1936 γυναικὶ

2322 1961 2692 2031 ἐφυλάξατο.

2395 2053 2573 2109 PMI".
2618 2055 2936 2108 ’Υπονοστεῖ
2963 2053 3026 2127 δὴ
3076 2052 3238 2107 πάλιν
3265 2053 3294 2105 ὁ
3337 2052 3496 2121 λόγος
3538 2056 3616 2117 εἰς
3668 2053 3892 2125 βάσανον

2323 2149 2426 2219 τῆς
2455 2166 2515 2202 τε
2546 2148 2640 2201 τοῦ
2671 2147 3018 2219 προπάτορος
3070 2145 3427 2216 γνησιότητος
3451 2147 3544 2200 καὶ
3581 2148 3892 2212 ἐπιεικείας,

2326 2241 2546 2313 καὶτῆς
2579 2240 2688 2294 τῶν
2718 2241 2778 2306 ἐξ
2811 2241 2976 2294 αὑτοῦ
3013 2239 3316 2309 γεγονότων
3351 2240 3669 2311 σκαιότητός
3703 2257 3764 2293 τε
3813 2243 3890 2293 καὶ

2324 2334 2663 2398 δυσσεϐείας.
2692 2333 2977 2403 Θαυμάζει
2998 2332 3056 2385 δὲ
3089 2331 3280 2403 ὥσπερ
3308 2333 3369 2386 τὸ
3395 2333 3490 2386 ἐπὶ
3524 2335 3740 2404 μικροῖς
3767 2333 3893 2384 ὲκεί-

2325 2444 2418 2480 νου
2451 2425 2748 2497 τληπαθὲς,
2782 2421 2900 2479 εἶτα
2930 2423 3241 2497 παραφέρει
3272 2424 3332 2478 τδ
3360 2423 3550 2495 χρῆμα
3585 2425 3724 2493 πρὸς
3757 2423 3892 2492 ἐλεγ-

2324 2537 2420 2590 χον
2447 2521 2548 2591 τῆς
2600 2519 2694 2572 ἐπὶ
2749 2517 3028 2589 μεγίστοις
3080 2516 3353 2588 ῥᾳθυμίας
3389 2517 3498 2569 τῶν
3539 2515 3668 2570 δέκα
3702 2516 3890 2585 φυλῶν.

2325 2611 2450 2674 Πῶς
2477 2611 2586 2680 γὰρ
2614 2609 2713 2663 οὐκ
2741 2608 2807 2663 ἂν
2835 2609 3102 2677 ἀγάσαιτό
3147 2625 3232 2672 τις
3259 2608 3350 2662 τὸν
3388 2607 3603 2674 Ἰακὼϐ,
3633 2609 3728 2662 τὸν
3768 2608 3892 2662 οὕτω

2324 2701 2524 2772 πικρὸν
2587 2701 2682 2756 καὶ
2723 2700 3002 2754 δύσοιστον
3031 2699 3338 2754 ἀνατλάντα
3379 2699 3561 2760 πόνον,
3614 2699 3787 2752 καὶτὸ
3811 2698 3891 2770 θη-

2322 2793 2501 2847 τεύειν
2526 2792 2605 2865 τῷ
2633 2792 2818 2848 Λάϐαν
2842 2792 2901 2846 οὺ
2935 2793 3420 2863 παραιτησάμενον
3455 2793 3547 2846 ἐπὶ
3566 2793 3782 2862 γυναιξὶ
3811 2796 3892 2847 καὶ

2323 2885 2560 2956 γάμοις;
2600 2882 2742 2936 Ἀλλ’
2797 2884 2844 2936 εί
2887 2883 2982 2937 κα)⁵
3018 2883 3215 2955 μικρὸς
3260 2883 3456 2954 κομιδῇ
3505 2884 3892 2957 προπάτοροςό

2326 2979 2520 3051 μισθὸς
2551 2979 2751 3049 (γάμος
2790 2973 2893 3049 ἦν,
2937 2979 3013 3043 ὡς
3041 2978 3222 3050 ἔφην),
3271 2978 3410 3049 πλὴν
3457 2977 3760 3048 ἐφυλάξατο
3810 2977 3888 3030 καὶ

2324 3073 2595 3143 τετήρηκε
2640 3071 2738 3143 τὴν
2789 3071 2972 3124 πίστιν
3019 3070 3094 3142 τῷ
3149 3072 3241 3124 τὸν
3291 3072 3470 3140 γάμον
3517 3069 3882 3141 ὑπεσχημένῳ.

2977 3160 3184 3225 οἰκείας
3208 3161 3414 3224 πόλεως
3432 3160 3466 3230 ἢ
3489 3161 3609 3230 γῆς,
3637 3160 3669 3230 ἢ
3695 3159 3886 3223 ἑστίας,

2325 3254 2440 3309 ἀλλ’
2474 3253 2550 3307 ὢν
2577 3252 2875 3323 ὲπηλύτης,
2898 3254 2994 3306 καὶ
3015 3251 3308 3324 διατρίϐων
3335 3253 3421 3305 ἐπ’
3443 3252 3769 3322 ἀλλοδαπῆς.
3795 3253 3887 3305 Καὶ

2327 3341 2396 3416 ἦν
2428 3344 2530 3417 μὲν
2565 3344 2808 3407 τοιοῦτος
2833 3345 2860 3396 ὁ
2895 3341 3112 3408 Ἰακὼϐ,
3145 3333 3344 3413 ῖδὶομεν
3388 3342 3447 3396 δὲ
3489 3343 3676 3396 καὶτὰ
3702 3343 3808 3396 τῶν
3840 3343 3890 3407 ἐξ

2342 3438 2558 3512 Ἰσραὴλ
2579 3438 2922 3509 ἐγκλήματα.
2959 3437 3074 3490 Οὐκ
3101 3437 3182 3500 είς
3213 3435 3428 3489 ὀθνείαν
3460 3435 3740 3506 ἐπέμπετο
3772 3436 3885 3506 γῆν·

2327 3533 2443 3588 ἀλλ’
2477 3533 2536 3585 ἐν
2573 3532 2903 3603 δορυκτήτου
2940 3529 3106 3600 μοίρᾳ
3145 3528 3417 3598 κείμενος,
3463 3527 3706 3597 θητεύων
3748 3529 3890 3596 Δίγυ-

2328 3626 2530 3690 πτίοις,
2563 3623 2655 3678 καὶ
2684 3621 2916 3693 ἄμισθον
2945 3620 3233 3691 ὑπομένων
3263 3619 3483 3689 ἱδρῶτα,
3519 3618 3651 3672 ποτὲ
3682 3618 3887 3689 δυνάμει

2327 3718 2466 3774 Θεοῦ
2496 3719 2596 3788 τῆς
2623 3717 2731 3770 τῶν
2773 3713 3243 3769 πλεονεκτούντων
3292 3711 3567 3784 ἀπήλλαξε
3613 3729 3674 3766 τε
3704 3711 3886 3784 χώρας,

2329 3811 2426 3865 καὶ
2455 3809 2709 3873 ἐκάθιζεν
2738 3808 2818 3870 είς
2845 3807 2948 3878 γῆν
2979 3806 3079 3876 τὴν
3099 3806 3212 3867 τοῖς
3255 3803 3528 3875 πατράσιν
3563 3800 3886 3873 ἐπηγγελμέ-

2330 3921 2447 3975 νην.
2499 3902 2572 3955 Οὐ
2621 3900 2797 3970 γάμος
2832 3894 2903 3971 ἦν
2955 3895 3106 3968 αύτῷ
3154 3896 3379 3965 γυναίου
3437 3895 3792 3967 προκείμενος
3823 3895 3887 3954 εἰς

2329 3994 2658 4057 ἀντέκτισιν,
2698 3992 2775 4055 ὡς
2834 3988 3161 4061 τετηρηκότι
3203 3988 3298 4041 τὸν
3333 3987 3532 4058 γάμον,
3576 3988 3805 4058 χορηγία
3840 3985 3885 4037 δὲ

2334 4085 2532 4156 μᾶλλον
2558 4082 2878 4154 ἀμφιλαφὴς
2908 4081 3108 4143 παντὸς
3146 4079 3374 4148 ἀγαθοῦ,
3421 4079 3492 4149 γῆ
3533 4079 3730 4150 ῥέουσα
3765 4075 3884 4146 γάλα

2331 4179 2425 4231 καὶ
2456 4176 2599 4246 μέλι,
2627 4175 2688 4229 τὸ
2729 4174 3016 4229 καταθλεῖν
3045 4170 3303 4225 δύνασθαι
3328 4169 3438 4224 τῶν
3472 4169 3882 4241 ἀνθεστηκότων,

2328 4269 2454 4334 δόξα
2480 4269 2574 4321 καὶ
2596 4265 2844 4331 πλοῦτος,
2879 4266 2974 4318 καὶ
2999 4264 3067 4316 τὰ
3100 4261 3349 4316 ἐντεῦθεν
3384 4263 3703 4334 αὐχήματα,
3735 4262 3818 4316 καὶ
3842 4260 3883 4311 τί

2330 4367 2436 4433 γὰρ
2463 4361 2582 4430 ούχὶ
2609 4359 2667 4413 τὸ
2690 4358 2797 4412 τῶν
2820 4359 2899 4422 είς
2931 4355 3229 4428 εὐημερίαν
3250 4356 3347 4408 καὶ
3373 4356 3613 4426 τρυφήν;
3641 4353 3778 4408 Ἀλλ’
3803 4352 3885 4405 οὐκ

2331 4452 2652 4522 ὲφυλάξατο.
2680 4447 3044 4522 Παραϐέϐηκε
3073 4447 3204 4519 γὰρ,
3233 4447 3414 4514 ὀλίγου
3443 4445 3722 4508 παντελῶς
3748 4441 3883 4510 ista.

2257 4540 2302 4594 D
2339 4559 2436 4605 σας
2482 4541 2641 4610 λόγου
2684 4539 2781 4611 τὴν
2809 4539 3061 4610 τήρησιν.
3101 4537 3371 4608 Πρόδηλον
3411 4531 3526 4600 οῦν,
3560 4536 3642 4589 ὃτι
3673 4536 3770 4607 τῆς
3796 4531 3885 4585 τῶν

2326 4636 2577 4708 πατέρων
2617 4631 2918 4695 ἐπιεικείας
2958 4629 3185 4684 κατόπιν
3218 4628 3408 4692 ἰόντες,
3438 4628 3530 4681 καὶ
3569 4627 3729 4680 τοῦτο
3767 4624 3880 4696 ἀμία

2326 4747 2492 4801 τρως,
2549 4726 2670 4781 οὐδὲ
2715 4727 2829 4788 τοῖς
2882 4723 3112 4785 ἐκείνοις
3157 4720 3554 4791 ὲκνεμηθείσης
3591 4718 3800 4789 φειδοῦς
3839 4717 3883 4768 Iv

2332 4821 2545 4893 μεθέξει
2575 4820 2917 4889 γενήσονται·
2958 4815 3166 4878 δίκαιος
3199 4815 3310 4884 γὰρ
3342 4815 3371 4867 ὁ
3409 4813 3626 4883 κριτής.

2403 5018 2514 5076 Καὶ
2562 5017 2630 5071 ἐν
2662 5012 2936 5085 προφήτῃ
2983 5008 3248 5079 ἀνήγαγε
3283 5008 3508 5078 ἱΚύριος
3539 5007 3648 5061 τὸν
3675 5003 3883 5074 Ἰσραὴλ

2331 5115 2402 5168 ἐκ
2434 5112 2546 5183 γῆς
2586 5109 2916 5179 Αἰγύπτου,
2953 5102 3050 5157 καί
3084 5103 3154 5156 ἐν
3192 5102 3469 5171 προφήτῃ
3512 5097 3880 5169 ὄιεφυλάχθη.

2404 5207 2580 5262 ΡΜΔ’.
2623 5202 2733 5275 Τὴν
2776 5201 2955 5256 αἰτίαν
2997 5199 3128 5270 ἡμῖν
3167 5197 3225 5249 ὲν
3256 5194 3468 5257 τούτοις
3516 5193 3787 5263 διατρανοῖ
3810 5185 3881 5240 τοῦ

2339 5305 2474 5373 μητε
2507 5296 2742 5368 φυλάξαι
2789 5295 2878 5348 τὸν
2913 5289 3129 5364 Ἰσραὴλ
3179 5289 3279 5360 τὴν
3321 5286 3630 5359 ὁρισθεῖσαν
3674 5279 3881 5350 ἐντολὴν,

2330 5387 2742 5462 καταφρονῆσαι
2771 5384 2867 5438 τοῦ
2894 5382 3042 5438 ’Θεοῦ
3078 5381 3349 5449 λέγοντος,
3388 5397 3406 5430 ι
3442 5379 3556 5432 Οὐκ
3588 5373 3792 5430 ἔσονταί
3819 5386 3882 5462 σοι

647 5501 720 5557 dii
759 5499 849 5555 alii
897 5510 1093 5572 praeter
1131 5460 1217 5553 me
1247 5497 1315 5562 ",
1351 5515 1369 5549 ι
1427 5504 1484 5550 et
1524 5507 1693 5564 quare
1756 5492 1955 5557 eximia
2017 5498 2225 5562 patrum

2333 5485 2445 5538 θεοὶ
2476 5460 2654 5555 ἕτεροι
2686 5478 2824 5550 πλὴν
2858 5476 3014 5548 ἐμοῦ,
3041 5494 3058 5527 ι
3087 5474 3182 5528 καὶ
3205 5470 3299 5526 τοῦ
3325 5472 3401 5544 μὴ
3431 5469 3637 5524 ἐθέλειν
3657 5470 3772 5530 ταῖς
3796 5460 3882 5517 τῶν

647 5596 827 5652 studia
857 5557 1096 5650 aemulari
1136 5592 1391 5648 noluerit.
1442 5557 1709 5660 Obiurgat
1771 5586 1917 5643 enim
1936 5557 2225 5659 .lsraelitas

2333 5575 2586 5650 πατέρων
2608 5571 2931 5633 ὲπιεικείαις
2950 5564 3334 5639 διαμιλλᾶσθαι
3362 5562 3534 5632 φιλεῖν
3555 5576 3569 5592 ·
3594 5557 3882 5660 ἐπιπλήττει

647 5687 791 5756 quod
824 5701 884 5740 se
921 5685 1154 5738 lnnnano
1203 5697 1369 5752 regno
1405 5696 1469 5737 ex
1516 5693 1641 5736 asse
1699 5677 2061 5748 subiicerent,
2109 5692 2225 5732 cum

2333 5647 2575 5740 γὰρ.’δτι
2605 5664 2891 5735 γεγόνασιν
2923 5659 3060 5723 ὅλως
3092 5659 3140 5712 οἶ
3198 5656 3255 5723 ἐξ
3295 5653 3509 5725 Ἰσραὴλ
3549 5651 3654 5706 ad
3680 5647 3774 5719 τὴν
3804 5647 3881 5700 ἀν’

720 5865 766 5896 ετ
808 5862 1006 5920 Ezecb.
1040 5877 1180 5930 κων,
1213 5863 1375 5921 9-10..
1443 5863 1486 5894 “
1528 5860 1662 5916 Gen.
1697 5875 1848 5928 nix,
1875 5859 1968 5912 20.
2081 5855 2335 5931 “.Exod.
2368 5869 2458 5917 xx,
2487 5853 2542 5908 5.
