4068 6538
139 476 245 533 297

1068 474 1617 532 COMMENTARIUS
1656 470 1724 527 IN
1765 468 2001 527 OSEAK
2042 463 2491 524 PROPHETAM.

3306 461 3413 520 298

143 591 386 663 θρώπων
432 590 725 661 βασιλείαν,
758 590 936 642 καίτοι
998 590 1375 660 βασιλεύοντος
1422 590 1600 647 αὐτῶν
1640 586 1734 642 τοῦ

1854 598 2019 640 tamen
2056 592 2303 653 regnaret
2366 592 2529 648 super
2568 576 2714 644 ipsos
2771 574 2913 629 Dens
2972 589 3067 645 per
3121 575 3414 644 prophetas

142 682 278 736 Θεοῦ
307 683 406 736 διὰ
447 681 743 754 προφητῶν
785 682 983 751 ἀγίων*
1014 684 1108 736 καὶ
1145 684 1518 748 ἐκλελοιπότος
1550 684 1733 745 αὐτοῖς

1854 686 2074 743 sanctos,
2106 684 2161 730 et
2196 673 2325 729 nihil
2369 671 2448 726 eis
2475 669 2540 723 ad
2574 668 2985 738 prosperitatem
3021 667 3249 723 deesset.
3294 667 3413 722 Me-

142 776 378 841 ούδενὸς,
405 777 483 839 είς
510 775 572 828 τὺ
600 770 738 829 εἶναι
773 776 1097 847 μακαρίους.
1130 776 1474 847 Μεμνήμεθα
1502 776 1611 845 γὰρ
1651 775 1733 827 ὅτι

145 866 434 941 περιόντος
464 885 523 920 τε
586 868 682 921 καὶ
726 868 1164 938 προφητεύοντος
1202 868 1281 922 ἔτι
1319 868 1414 923 τοῦ
1462 866 1732 937 μακαρίου

146 962 423 1034 Σαμουὴλ,
448 963 719 1034 ἐζήτησαν
759 963 1005 1034 βασιλέα.
1038 963 1149 1017 Καὶ
1191 964 1328 1033 πρός
1370 978 1435 1030 γε
1464 960 1527 1030 δὴ
1577 959 1737 1012 τοῦτο

146 1055 276 1120 Θεὸς
296 1055 588 1127 ὠργίζετο,
618 1057 713 1111 καὶ
741 1058 817 1120 ὡς
864 1055 1191 1127 ὑϐρισμένος
1220 1056 1281 1108 ού
1317 1053 1553 1125 μετρίως
1577 1050 1737 1104 λελύο

150 1164 313 1217 πηται
343 1148 467 1217 μὲν,
489 1147 633 1217 πλὴν
659 1147 897 1213 ἀνέδειξε
923 1147 1016 1199 τὸν
1042 1144 1233 1205 Σαούλ.
1258 1144 1467 1199 Ούκοῦν
1498 1143 1735 1197 αἰτιᾶται

149 1238 297 1303 λίαν,
332 1238 425 1291 ὃτι
466 1239 752 1308 γεγόνασιν
783 1238 921 1301 ὅλως
951 1238 1056 1295 ὑπὸ
1095 1238 1196 1307 τὴν
1232 1236 1537 1309 ἀνθρώπων
1586 1235 1739 1305 βασι-

152 1330 315 1395 λείαν,
344 1329 449 1383 οὐκ
488 1330 847 1401 ἀνασχόμενοι
870 1330 932 1383 τὸ
967 1329 1121 1400 παρὰ
1149 1327 1283 1381 Θεοῦ
1312 1328 1400 1381 διὰ
1444 1326 1738 1398 προφητῶν

154 1420 551 1490 βασιλεύεσθαι.
601 1422 822 1475 Σέσωκε
875 1422 973 1492 μὲν
1015 1421 1126 1492 γὰρ
1166 1424 1195 1474 δ
1244 1420 1409 1485 Θεὸς,
1440 1420 1603 1490 φησὶ,
1648 1417 1738 1471 τὸν

165 1511 395 1584 Ἰσραὴλ,
412 1513 511 1566 καὶ
534 1512 593 1576 ἐξ
614 1513 764 1566 οἴκου
787 1512 1031 1577 δουλείας
1052 1512 1342 1584 ἐξήγαγεν,
1366 1511 1739 1582 μεσιτεύοντος

153 1606 453 1670 Μωῡσέως,
480 1604 540 1668 ὃς
587 1605 682 1659 καὶ
730 1603 924 1674 γέγονε
953 1607 1262 1677 προφήτης,
1300 1605 1393 1659 καὶ
1444 1603 1739 1675 προφητῶν

156 1698 407 1770 ἀπαρχὴ·
491 1697 586 1752 καὶ
640 1698 741 1751 οὐκ
796 1696 1029 1768 ἐξήγαγε
1094 1697 1253 1767 μόνον
1325 1696 1382 1762 ἐξ
1439 1695 1736 1763 Αἰγύπτου,

157 1791 334 1861 φησὶν,
379 1788 520 1843 ἀλλά
558 1788 668 1859 γὰρ
703 1789 797 1842 καὶ
840 1790 1133 1858 τετήρηκε.
1176 1786 1467 1857 Μεμένηκε
1507 1786 1613 1856 γὰρ
1660 1786 1740 1837 ἑνὶ

158 1880 228 1953 τῷ
256 1880 453 1949 φύσει,
488 1880 582 1934 καὶ
638 1880 854 1951 ἀληθῶς
900 1879 1184 1952 λατρεύειν
1230 1878 1370 1949 Θεῷ.
1418 1878 1633 1947 Ἐπειδὴ
1684 1877 1740 1929 δὲ

1839 770 2091 825 minimus
2148 766 2315 829 enim,
2377 762 2668 832 superstite
2732 760 2907 815 adhuc
2963 767 3018 814 et
3066 760 3415 828 prophetaute

1838 860 2108 923 Samuele,
2137 873 2229 913 eos
2260 872 2441 926 regem
2475 858 2794 925 postulasse,
2829 853 2991 922 178
3019 851 3167 915 Quod
3201 852 3416 919 indigne

1841 953 1958 1008 tulit
2003 952 2166 1015 Deus,
2202 959 2257 1003 et
2293 964 2350 1003 se
2397 954 2637 1015 spretum
2668 958 2789 999 esse
2840 942 3091 1006 indoluit;
3146 953 3415 996 verumta-

1840 1058 1961 1099 men
1993 1042 2120 1098 Saul
2149 1040 2452 1110 designavit
2480 1038 2550 1090 ⁷ο.
2585 1036 2819 1091 Accusat
2849 1034 3011 1105 igitur
3038 1048 3131 1088 eos
3160 1034 3414 1103 majorem

1841 1137 1893 1188 in
1942 1136 2193 1197 modum.
2224 1142 2283 1186 ut
2342 1141 2481 1186 totos
2532 1130 2769 1184 humano
2819 1128 2925 1196 regi
2985 1125 3275 1195 subjectos,
3320 1141 3419 1181 nec

1843 1229 1934 1283 Dei
1987 1228 2269 1296 imperium
2329 1240 2423 1294 per
2454 1224 2743 1295 prophetas
2792 1223 3143 1276 sustinentes.
3179 1218 3419 1273 Salvavit

1841 1324 2007 1389 enim,
2040 1323 2237 1391 inquit,
2271 1320 2412 1375 Deus
2444 1317 2717 1385 lsraelem,
2750 1326 2802 1370 et
2850 1319 2915 1369 de
2942 1316 3101 1369 domo
3144 1312 3419 1369 servitutis

1841 1416 2027 1472 eduxit
2086 1414 2385 1469 ministerio
2433 1412 2632 1483 Muysis
2691 1410 2961 1480 prephetm
3016 1419 3069 1462 et
3131 1409 3421 1477 propheta-

1843 1524 1960 1563 rum
2002 1506 2423 1578 antesignani".
2462 1504 2568 1559 Nec
2609 1504 2780 1559 solum
2809 1518 2873 1557 ex
2924 1502 3153 1573 Aigyplo
3211 1502 3416 1564 eduxit,

1843 1601 2037 1670 inquit,
2066 1601 2158 1653 sed
2191 1598 2354 1653 etiam
2400 1596 2729 1657 custodivit;
2762 1595 2812 1648 in
2853 1610 2982 1648 vero
3020 1596 3162 1648 enim
3181 1604 3235 1647 et
3262 1604 3419 1647 natu-

1842 1706 1900 1745 ra
1952 1690 2059 1744 Deo
2084 1688 2311 1745 colendo
2354 1688 2724 1757 perstiterunt.
2753 1687 3044 1756 Postquam
3092 1694 3271 1739 autem
3318 1684 3419 1739 sub

1844 1797 2006 1850 regno
2054 1779 2291 1843 fuerunt,
2323 1777 2594 1833 dilectioni
2623 1792 2750 1846 erga
2789 1777 2957 1831 Deum
3024 1776 3417 1831 valedixerunt.

1846 1874 2060 1929 Primus
2093 1872 2235 1926 enim
2282 1869 2536 1923 Salomon
2570 1877 2625 1923 et
2669 1883 2812 1933 aras,
2856 1878 2909 1923 et
2941 1868 3163 1922 delubra
3210 1866 3417 1921 Baalim

159 1973 439 2041 γεγόνασιν
467 1972 560 2025 ἐπὶ
590 1970 982 2042 βασιλέας,τῆς
1009 1972 1089 2034 είς
1114 1970 1247 2023 Θεὸν
1279 1970 1496 2038 ἀγάπης
1528 1968 1742 2032 ἐξώκει-

1854 1964 2123 2019 editicavit
2148 1964 2213 2018 τ’.
2242 1962 2371 2016 Post
2407 1978 2528 2016 eum
2571 1961 2919 2022 deteStandus
2952 1960 3240 2016 Jerohoam
3282 1960 3420 2013 vitu-

159 2063 267 2116 λανο
310 2061 536 2133 Πρῶτος
579 2062 676 2133 μὲν
700 2062 807 2134 γάρ
849 2062 1165 2134 ᾠκοδόμησε
1208 2060 1459 2131 Σολομῶν
1507 2061 1597 2113 καὶ
1640 2058 1744 2128 βω-

164 2154 307 2223 μοὺς,
354 2154 446 2207 καὶ
494 2154 696 2224 τεμένη
739 2156 853 2218 τοῖς
906 2154 1171 2223 Βααλείμ·
1209 2149 1329 2207 εἶτα
1375 2154 1489 2223 μετ’
1518 2152 1677 2205 αὑτὸν
1714 2153 1742 2203 ὁ

161 2246 424 2315 ἐπάρατος
490 2245 775 2317 Ἰεροὸοάμ
824 2246 924 2310 τὰς
977 2247 1185 2317 χρυσᾶς
1242 2244 1417 2297 ἐποίει
1460 2244 1739 2313 δαμάλεις.

164 2337 399 2391 Δὶτιᾶται
420 2338 602 2390 τοίνυν
628 2338 704 2402 ὡς
734 2338 1027 2408 παγκάλην
1064 2337 1378 2407 οἰκονομίαν
1411 2336 1473 2388 ού
1516 2351 1741 2403 τετηρη-

165 2428 337 2493 κότας,
359 2430 421 2483 τὸ
443 2428 556 2500 γὰρ
581 2429 733 2501 παρὰ
757 2429 913 2493 Θεοῦ,
944 2429 1107 2499 φημὶ,
1131 2429 1220 2482 διὰ
1263 2426 1560 2500 προφητῶν
1592 2425 1742 2495 βασι-

1846 2057 1925 2113 los
1963 2072 2153 2111 aureos
2208 2056 2329 2110 fecit
2358 2055 2421 2107 ⁷³.
2451 2054 2811 2123 Conqueritur
2864 2069 3013 2124 ergo,
3054 2065 3113 2108 ut
3156 2054 3245 2121 qui
3301 2054 3418 2123 pul-

1847 2146 2171 2204 cherrimam
2218 2147 2575 2202 oeconomiam
2612 2162 2716 2201 non
2760 2148 3116 2213 servaverint,
3151 2158 3207 2199 nt
3246 2162 3275 2199 a
3311 2146 3418 2201 Ι)ιο

1845 2257 1942 2313 per
1970 2242 2256 2310 prophetas
2280 2250 2611 2309 regerentur,
2646 2240 2738 2293 sed
2766 2239 2864 2292 sub
2893 2237 3165 2292 hominum
3190 2248 3423 2307 potesta-

1848 2345 1952 2387 tem
1985 2348 2042 2388 se
2092 2333 2304 2386 tradere
2358 2332 2667 2397 maluerint,
2695 2332 2836 2401 quod
2870 2345 2963 2386 eos
2987 2331 3052 2384 ad
3095 2332 3421 2399 apostasiam

1847 2441 2062 2495 quoque
2094 2425 2367 2494 perduxit.

168 2524 422 2586 λεύεσθαι,
453 2523 593 2577 τὸδὲ
642 2523 748 2577 ὑπὸ
797 2525 953 2594 χεῖρα
1020 2524 1204 2576 πεσεῖν
1258 2520 1562 2592 ἀνθρώπων
1632 2519 2062 2591 ἁνθῃρημένους,
2114 2520 2142 2571 ὃ
2193 2519 2256 2588 δὴ
2298 2519 2391 2572 καὶ
2439 2517 2662 2586 γέγονεν
2706 2518 2885 2580 αὐτοῖς
2933 2520 3032 2588 τῆς
3088 2516 3424 2580 ἀποστασίας

170 2617 430 2687 πρόξενον.

243 2753 575 2822 Ἐθύμωσεν
622 2752 871 2822 Ἐφρατμ
893 2795 906 2817 ,
962 2753 1062 2806 καὶ
1108 2751 1477 2823 παρώρτισε,
1528 2752 1627 2806 καὶ
1680 2752 1747 2806 τὸ

173 2840 299 2914 αἷμα
328 2844 523 2900 αὑτοῦ
551 2845 644 2898 ἐπ’
673 2844 861 2899 αὑτὸν
884 2844 1308 2912 ἐκχυθήσεται,
1337 2844 1435 2897 καὶ
1470 2843 1576 2898 τὸν
1599 2846 1748 2898 ὀνει-

173 2935 375 3003 δισμὸν
399 2935 589 2991 αὐτοῦ
610 2935 1031 2991 ἀνταποδώσω
1069 2936 1284 3004 Κύριος
1314 2935 1496 3002 αὐτῷ.

237 3069 406 3123 ΡΜΕ⁹.
440 3068 566 3123 Ὅτι
614 3068 843 3140 πικρὸν,
886 3070 981 3122 καὶ
1028 3068 1363 3138 ἐπισφαλὲς,
1397 3068 1489 3121 καὶ
1521 3067 1743 3138 ὀλέθρου

181 3160 452 3230 παραίτιον
480 3158 673 3228 γέγονε
708 3161 820 3222 τοῖς
849 3158 911 3222 ἐξ
942 3159 1180 3229 Ἰσραὴλ,
1210 3158 1269 3212 τὸ
1297 3158 1516 3211 ἑλέσθαι
1547 3158 1747 3228 μᾶλλον

182 3251 274 3305 ὑπὸ
302 3250 397 3323 τὴν
427 3250 542 3304 τῶν
579 3248 881 3322 ἀνθρώπων
918 3246 1054 3302 εἶναι
1102 3249 1408 3319 βασιλείαν,
1444 3249 1501 3300 ὲν
1535 3248 1746 3312 τούτοις

1936 2750 2098 2804 Vens.
2142 2749 2227 2802 M.
2258 2749 2337 2802 Ad
2368 2748 2700 2801 iracundiam
2724 2747 2997 2800 concitavit
3030 2764 3111 2800 me
3149 2747 3421 2815 Epitraim,

1849 2856 1895 2896 et
1924 2843 2170 2903 irritavit.
2207 2852 2253 2896 et
2296 2842 2510 2909 sanguis
2545 2840 2657 2907 91"“
2689 2856 2844 2907 super
2882 2841 3049 2907 il’w'"
3103 2840 3420 2910 θῘῙαηίίεθανφ

1850 2947 1897 2990 et
1947 2934 2279 3005 opprobrium
2326 2932 2439 3002 ejus
2494 2931 2739 2985 retribuet
2777 2930 3026 2985 Dominus
3057 2932 3175 3001 ipsi.

1924 3067 2128 3124 CXLV.
2157 3066 2358 3133 Triste,
2392 3064 2756 3137 periculosum
2785 3074 2839 3120 et
2869 3066 3231 3135 perniciosum
3263 3068 3428 3125 fuisse

1854 3161 2060 3225 lsracli,
2096 3158 2241 3228 quod
2302 3158 2404 3213 sub
2457 3159 2733 3214 hominum
2772 3171 2942 3226 regno
2985 3172 3106 3213 esse
3157 3168 3429 3229 przeopta-

1853 3254 2010 3320 verit,
2036 3253 2119 3307 his
2142 3250 2323 3305 verbis
2351 3258 2578 3305 conatur
2610 3265 2709 3304 nos
2739 3249 2933 3305 docere
2965 3250 3295 3318 planissime.
3329 3252 3429 3308 Ec-

180 3344 298 3412 ήμίν
329 3338 384 3396 εὖ
419 3343 565 3415 μάλα
600 3344 856 3411 πειρᾶται
898 3342 1183 3395 δεικνύειν.
1221 3342 1353 3395 Ἰδοὺ
1391 3341 1520 3413 γάρ,
1555 3342 1741 3412 φησὶν,

1854 3361 1910 3402 ee
1940 3346 2107 3409 enim,
2133 3344 2327 3413 inquit,
2384 3343 2660 3412 Ephraim,
2699 3342 2801 3395 hoe
2826 3350 2927 3406 est,
2967 3340 3278 3409 Jeroboam,
3336 3347 3426 3415 qui

183 3434 209 3486 ὁ
237 3434 487 3506 Ἐφραῖμ,
512 3435 808 3498 τουτέστιν,
838 3436 865 3487 ὁ
886 3435 951 3487 ὲκ
982 3433 1155 3503 φυλῆς
1184 3432 1422 3503 Ἐφραῒμ
1443 3432 1742 3504 Ἰεροόοὰμ,

185 3526 273 3597 ἐμὲ
300 3527 386 3580 τὸν
425 3526 537 3581 τῶν
571 3527 708 3580 ὅλων
747 3526 1033 3594 δεσπότην,
1058 3544 1075 3575 ι
1123 3523 1407 3594 τεθύμωκε
1430 3566 1444 3588 ,
1476 3523 1570 3576 καὶ
1602 3540 1746 3592 παρ-

188 3614 389 3688 ὠργισε,
424 3638 442 3669 ι
482 3617 579 3672 καὶ
630 3619 710 3679 είς
748 3619 859 3670 πᾶν
904 3611 1044 3679 εἶδος
1083 3616 1311 3669 ἐκάλεσε
1360 3614 1745 3685 παροξυσμοῦ,

190 3710 573 3780 καινοτομήσας
602 3707 883 3778 δαμάλεις,
912 3708 1006 3762 καὶ
1035 3708 1096 3760 τὸ
1131 3709 1261 3777 ἐμὸν
1291 3708 1486 3769 αὐταῖς
1525 3705 1747 3776 αὔχημα

192 3798 432 3869 περιθείς.
462 3798 755 3869 Τοιγάρτοι
784 3799 1072 3869 παραίτιος
1100 3799 1260 3861 αὐτὸς
1298 3797 1397 3866 τῆς
1436 3796 1629 3851 ἑαυτοῦ
1660 3796 1750 3864 γέ-

194 3907 329 3957 γονεν
349 3890 644 3953 ἀπωλείας.
675 3889 795 3943 Ἐπ’
828 3889 992 3943 αὐτὸν
1021 3890 1130 3961 γάρ
1156 3888 1273 3960 ἥξει
1297 3889 1357 3942 τὸ
1390 3883 1529 3959 αἷμα
1558 3888 1745 3941 αὐτοῦ.

205 3981 399 4053 Ἐπειδὴ
426 3982 507 4046 δὲ,
546 3983 635 4034 ὅτε
669 3980 768 4045 τὰς
790 3981 1053 4050 δαμάλεις
1079 3980 1306 4051 ἔστησεν
1340 3982 1419 4044 είς
1444 3978 1648 4050 Βαιθήλ
1689 3995 1749 4032 τε

199 4074 277 4125 καὶ
306 4072 426 4137 Δάν,
462 4072 903 4144 προσπεφώνηκε
930 4075 1043 4136 τοῖς
1084 4072 1145 4137 ἐξ
1182 4072 1430 4144 Ἰσραήλ·
1461 4092 1479 4124 ι
1514 4072 1751 4127 Ἱκανού-

200 4162 295 4217 σθω
341 4165 463 4235 ύμῖν
514 4164 575 4216 τὸ
619 4164 931 4217 ἀναϐαίνειν
985 4165 1064 4226 είς
1104 4164 1467 4234 Ἰεροσόλυμα.
1527 4163 1657 4217 Ἰδοὺ
1701 4165 1750 4216 οἱ

202 4250 296 4305 θεοί
338 4270 424 4308 σου
478 4255 532 4306 οἵ
571 4271 714 4317 τινες
766 4254 1037 4323 ἀνήγαγόν
1067 4271 1126 4306 σε
1164 4256 1229 4306 ὲκ
1259 4253 1361 4323 γῆς
1396 4254 1692 4321 Αἰγύπτου,
1727 4274 1745 4305 ι

202 4343 431 4415 ταύτῃτοι
458 4342 667 4407 λοιπὸν,
696 4345 788 4398 καὶ
812 4344 956 4415 μάλα
985 4346 1231 4409 εἰκότως,
1260 4346 1529 4413 ἀποτίσει,
1566 4348 1749 4416 φησὶν,

205 4436 311 4503 ἐμοὶ
350 4437 422 4508 τῷ
451 4438 690 4508 κρίνοντι
726 4438 821 4491 τοῦ
869 4439 1177 4509 όνειδισμοῢ
1211 4439 1309 4501 τὰς
1350 4438 1524 4502 δίκας.
1556 4439 1755 4510 ’Υὸρις

206 4527 298 4598 γὰρ
334 4529 621 4602 ἄντικρυς,
689 4530 786 4584 καὶ
844 4531 1140 4601 ὀνειδισμοὶ
1183 4530 1631 4602 ὁμολογουμένως
1676 4533 1755 4593 είς

208 4618 339 4685 Θεὸν,
358 4620 413 4674 τὺ
438 4621 593 4686 ὕλαις
617 4621 849 4692 ἀψύχοις
882 4622 1158 4675 ἀναθεῖναι
1180 4623 1383 4693 τολμᾷν
1408 4623 1476 4675 τά
1498 4622 1567 4675 δι’
1588 4622 1754 4675 αὑτοῦ

1858 3440 1959 3493 fuit
1988 3438 2052 3493 de
2077 3438 2218 3492 tribu
2254 3434 2533 3504 Ephraim,
2588 3449 2673 3488 me
2721 3434 3095 3488 universorum
3146 3436 3427 3491 Dominum

1861 3551 1878 3583 ι
1921 3531 1985 3585 ad
2023 3528 2355 3585 iracundiam
2385 3528 2674 3581 concitavit
2722 3536 2774 3581 et
2810 3527 3061 3593 irritavit,
3101 3546 3119 3578 ι
3167 3528 3431 3583 omnimo-

1858 3623 1939 3678 dis
1992 3620 2355 3683 exacerbavit,
2402 3618 2678 3672 fabricatis
2715 3617 2895 3671 vitulis
2951 3619 3123 3685 novis,
3158 3627 3211 3673 et
3262 3619 3429 3687 gloria

1861 3729 1975 3768 mea
2016 3714 2070 3768 in
2103 3713 2220 3766 illos
2268 3711 2479 3767 collata.
2508 3709 2735 3764 Proinde
2781 3710 2893 3779 ipse
2928 3710 3149 3764 exitium
3202 3710 3299 3764 sibi
3336 3726 3431 3780 pe-

1858 3805 2016 3874 perit.
2048 3803 2221 3872 Super
2277 3803 2453 3873 ipsum
2486 3802 2626 3855 enim
2672 3801 2849 3854 veniet
2892 3802 3111 3872 sanguis
3132 3801 3268 3871 ejus.
3295 3802 3431 3869 Quia

1857 3897 1998 3953 enim
2044 3896 2229 3949 vitulis
2282 3895 2333 3947 in
2365 3892 2547 3947 Bethel
2597 3903 2651 3947 et
2693 3892 2801 3945 Dan
2846 3893 3043 3946 erectis
3100 3892 3436 3947 denuntiavit

1859 3988 2135 4051 lsraelitis,
2171 3987 2243 4039 ita
2311 3987 2567 4054 loquens:
2612 4002 2629 4033 ι
2668 3982 2911 4037 Sufﬁciat
2961 3984 3111 4038 vobis
3141 3984 3434 4039 ascendere

1860 4081 1912 4134 in
1943 4077 2264 4133 Jerusalem.
2298 4077 2435 4130 Ecce
2464 4076 2533 4129 dii
2571 4075 2667 4141 tui,
2710 4072 2894 4140 Israel,
2930 4075 3016 4143 qui
3052 4078 3355 4129 eduxerunt
3382 4084 3433 4129 te

1861 4172 1925 4225 de
1958 4179 2099 4224 terra
2135 4168 2348 4238 AZgypti
2384 4168 2469 4231 Ἠ;
2510 4184 2527 4216 ι
2563 4167 2783 4229 idcirco,
2817 4166 3009 4235 inquit,
3040 4176 3089 4219 et
3126 4166 3248 4235 jure
3290 4167 3433 4235 opti-

1862 4277 1969 4327 mo,
2002 4261 2131 4315 mihi
2162 4260 2329 4328 judici
2387 4258 2543 4327 hujus
2575 4258 2755 4326 probri
2787 4267 2841 4312 et
2872 4266 3213 4326 contemptus
3246 4270 3435 4327 pmnas

1861 4353 2147 4422 persolvet.
2202 4351 2394 4419 Aperta
2442 4359 2525 4402 est
2565 4363 2799 4415 namque
2863 4347 3056 4417 injuria
3096 4357 3149 4401 et
3196 4346 3434 4400 omnium

1863 4446 2201 4501 confessione
2238 4442 2585 4512 upprobralio
2613 4442 2664 4494 in
2708 4440 2897 4505 Deum,
2922 4439 3161 4493 materia:
3188 4439 3438 4493 inanima:

1864 4537 2159 4592 attribuere
2214 4536 2413 4590 audere
2454 4549 2572 4604 quae
2622 4532 2689 4586 ab
2745 4533 2861 4602 ipso
2897 4531 3170 4600 splendide
3208 4540 3261 4585 et
3316 4546 3437 4585 cum

1867 4628 2222 4683 admiratione
2277 4635 2487 4695 patrata
2515 4634 2829 4693 suntopera
2874 4621 3183 4677 laudabilia.
3238 4621 3440 4687 Quam-

211 4712 437 4779 γεγονότα
467 4714 721 4786 λαμπρ-ἂι,
757 4713 853 4767 καὶ
892 4712 1302 4784 ἀξιοθαύμαστα
1331 4711 1748 4784 κατορθώματα.

1862 4721 2048 4774 obrem
2101 4720 2392 4773 secundum
2427 4716 2594 4787 ipsius
2620 4715 2871 4786 Ephraim
2900 4713 3179 4786 probrum,
3204 4714 3307 4767 hoc
3333 4722 3435 4777 est,

215 4802 396 4858 Οὐκοῦν
436 4805 582 4859 κατὰ
623 4806 712 4859 τὸν
770 4805 935 4859 αὑτοῦ
987 4804 1081 4858 τοῦ
1140 4804 1380 4875 Ἐφραῒμ
1429 4805 1787 4875 όνειδισμὸν,“

213 4896 480 4960 τουτέστιν,
531 4898 833 4968 ίσομέτρως
880 4897 1000 4959 ταῖς
1049 4895 1215 4949 αύτοῦ
1263 4896 1624 4966 δυσφημίαις,
1664 4896 1760 4948 καὶ

218 4984 417 5052 ἀνοσίοις
466 4991 693 5059 φωναῖς,
743 4988 814 5041 τά
867 4987 931 5052 ὲξ
982 4989 1152 5057 όργῆς
1184 4972 1757 5057 ἀντεπενεχθήσονται.

220 5074 401 5149 Ὠσπερ
434 5080 544 5152 γάρ
578 5079 701 5133 ὅσον
726 5080 850 5149 ἥκει
880 5081 958 5141 είς
986 5078 1292 5149 ἐγχείρημά
1318 5094 1387 5129 τεν
1422 5078 1514 5131 καὶ
1546 5078 1761 5146 λόγους,

219 5170 300 5236 τῆς
324 5171 460 5243 αὐτῷ
492 5174 588 5225 καὶ
624 5172 769 5243 μόνῳ
799 5171 1115 5243 πρεπούσης
1153 5170 1311 5242 δόξης
1358 5169 1564 5242 ὲξώσθη
1588 5171 1721 5233 Θεός
1744 5185 1758 5200 ·

222 5255 340 5311 οὓτω
362 5263 446 5315 καὶ
473 5262 634 5326 αὐτὸς
654 5262 754 5332 τῆς
779 5263 915 5325 ἰδίας
940 5262 1116 5333 ἀρχῆς
1136 5260 1761 5332 ὲξωσθήσεται.Πεπαύ-

225 5359 349 5401 σεται
372 5350 474 5422 γὰρ
505 5352 646 5406 κατὰ
675 5352 898 5423 καιροὺς
925 5352 958 5422 ή
986 5349 1231 5421 βασιλεία
1253 5349 1348 5403 τοῦ
1381 5349 1641 5421 Ἐφραίμ.
1674 5350 1762 5414 Ὠς

227 5437 318 5507 γὰρ
348 5441 439 5512 ἤδη
465 5447 747 5515 προεῖπον,
780 5444 916 5514 μετὰ
943 5443 1042 5513 τὴν
1068 5443 1131 5497 ὲκ
1160 5441 1483 5505 Βαϐυλῶνος
1510 5442 1767 5497 ἐπάνοδον

226 5526 370 5595 οὐδεὶς
409 5534 485 5588 ἐτι
527 5534 911 5605 βεϐασίλευκεν
940 5535 998 5589 ὲν
1031 5534 1312 5606 Σαμαρείᾳ
1357 5534 1463 5590 τῶν
1492 5534 1623 5588 δέκα
1669 5552 1772 5603 φυο

229 5612 347 5672 λῶν·
376 5625 479 5679 ἀλλ’
501 5623 641 5698 ἦσαν
667 5628 725 5680 ὲν
747 5630 861 5689 τοῖς
887 5624 1153 5696 Ἰεροσολύ
1162 5642 1281 5696 μοις
1308 5625 1397 5695 ὑφ’
1420 5625 1517 5679 ’ἐνα
1548 5624 1767 5691 πάντες,

231 5708 319 5764 τῶν
343 5714 398 5769 ὲκ
416 5717 581 5789 φυλῆς
610 5718 780 5771 ’ἰούδα
810 5717 951 5770 κατὰ
983 5717 1213 5788 καιροὺς
1243 5715 1696 5787 βασιλευσάντων.

1862 4811 2209 4882 proportione
2247 4810 2365 4878 ejus
2405 4808 2858 4878 blasphemiarum
2909 4815 2964 4862 et
2996 4806 3282 4877 impiorum
3323 4820 3439 4860 ser-

1865 4918 2103 4965 monum,
2138 4903 2208 4956 ab
2234 4902 2370 4955 irato
2419 4900 2527 4955 Deo
2555 4899 2630 4953 illi
2679 4898 2915 4954 vicissim
2944 4897 3207 4968 supplicia
3240 4897 3442 4968 irroga-

1863 4996 2081 5050 buntur.
2115 4993 2575 5057 Quemadmodum
2615 4992 2757 5045 enim
2794 5006 2897 5059 qua
2942 4990 3104 5055 facto,
3137 5006 3241 5062 qua
3277 4992 3444 5043 verho

1862 5086 1987 5152 sibi,
2011 5096 2062 5140 et
2092 5086 2189 5139 soli
2214 5083 2548 5138 convenieuti
2584 5078 2750 5151 gloria
2776 5081 2958 5152 pulsus
2990 5081 3150 5152 179
3180 5092 3261 5136 est
3282 5081 3442 5141 Deus.

1870 5177 1949 5231 sic
1988 5185 2041 5229 et
2082 5175 2196 5243 ipse
2236 5188 2334 5228 suo
2392 5173 2691 5241 principatu
2743 5172 2993 5241 pelletur.
3050 5171 3265 5225 Desinet
3292 5171 3438 5227 enim

1869 5266 2157 5335 aliquando
2200 5279 2421 5333 regnum
2453 5263 2727 5332 Ephraim.
2756 5261 2912 5329 Nam,
2943 5270 3001 5316 ut
3065 5276 3225 5331 supra
3264 5260 3445 5327 docui,

1872 5368 1993 5426 post
2031 5356 2260 5410 reditum
2291 5370 2320 5409 e
2349 5353 2637 5423 Babylone,
2681 5368 2841 5408 nemo
2867 5353 3095 5423 amplius
3131 5366 3294 5422 super
3350 5351 3447 5404 de-

1870 5465 1986 5506 cem
2021 5450 2191 5503 tribus
2225 5449 2275 5503 in
2305 5447 2548 5502 Samaria
2602 5446 2878 5514 regnavit;
2911 5446 3002 5501 sed
3059 5442 3446 5513 Hierosolymis

1869 5554 2023 5597 erant
2069 5541 2170 5597 sub
2219 5554 2327 5594 uno
2358 5553 2568 5603 omnes,
2590 5538 2842 5607 oriundo;
2864 5552 2928 5591 ex
2958 5537 3025 5591 iis
3063 5536 3152 5605 qui
3186 5535 3252 5589 de
3302 5531 3447 5587 tribu

1870 5630 2006 5686 Juda
2035 5641 2192 5684 antea
2241 5634 2621 5698 regnaverant.

295 5898 333 5933 "
364 5901 381 5957 l
407 5904 531 5978 Reg.
561 5922 639 5971 ix,
665 5905 752 5959 l7.
826 5905 872 5935 “
912 5903 1081 5959 Exod.
1118 5919 1241 5967 xui,
1276 5904 1359 5958 Η.
1436 5901 1584 5957 ηοιιι
1614 5901 1744 5972 Reg.
1772 5915 1850 5968 xl,
1877 5900 1944 5956 5..
2007 5898 2053 5931 ⁷³
2092 5897 2163 5953 lll
2191 5896 2323 5967 Reg.
2352 5912 2450 5963 xu,
2478 5896 2547 5950 28
2573 5935 2586 5949 .
2663 5895 2710 5928 ”
2749 5892 2879 5947 Ibid.

513 6002 785 6061 PATROL.
831 5998 949 6059 Gn.
1002 5998 1223 6060 LXXI.

3062 5976 3135 6042 10
