4068 6604
613 511 723 569 299
1604 502 1662 561 S.
1704 503 1976 560 CYRILLI
2014 496 2483 556 ALEXANDRINI
2523 494 2844 551 ARCIIIEP.
3766 486 3877 545 ἵ)οθ

1237 616 1388 674 CAP.
1429 616 1570 676 XIII.
2226 625 2281 685 Α

2226 625 2281 685 Α
2890 610 3138 665 ΚΕΦΑΛ.
3187 610 3285 662 II".

688 710 1017 777 Vsas.l,2.
1074 710 1491 780 Justi/icaticnes
1544 710 1656 781 ejus
1706 713 1899 781 accepit
1968 711 2078 775 ipse
2136 711 2190 762 in

2364 704 2727 775 Δικαιώματα
2746 704 2931 759 αὑτοῦ
2956 705 3171 758 ἐλαϐεν
3192 702 3375 768 αὐτὸς
3397 700 3467 754 ἐν
3488 696 3872 773 τῴςισραήλ,

623 804 813 869 Israel,
837 813 883 859 et
915 803 1088 872 posuit
1125 817 1214 856 eas
1236 800 1394 868 Baal,
1426 810 1476 857 et
1505 811 1744 857 mortuus
1783 812 1881 857 est.
1911 801 1980 855 Et
2030 817 2192 871 appo-

2292 795 2390 850 καὶ
2421 795 2586 849 ἔθετο
2636 794 2789 848 αὐτὰ
2820 793 2892 861 τῇ
2939 794 3124 857 Βαὰλ,
3162 792 3259 847 καὶ
3291 792 3568 847 ἀπέθανε.
3611 788 3722 843 Καὶ
3756 788 3876 841 νῦν

618 904 833 951 suerunt
885 903 941 948 ut
995 903 1266 963 peccarent
1321 894 1513 948 adhuc.
1551 894 1617 947 Et
1649 894 1887 963 fecerunt
1917 893 2020 948 sibi
2071 911 2194 947 con-

2293 886 2619 955 προσέθετο
2640 887 2706 939 τὸ
2729 884 3090 954 ἁμαρτάνειν
3123 886 3232 938 ἔτι.
3274 882 3385 936 Καὶ
3414 883 3709 949 ἐποίησαν
3744 881 3879 932 Euv-

623 986 789 1053 ﬂatile
837 1001 901 1040 ea:
966 992 1182 1054 argento
1245 985 1502 1052 ipsorum,
1549 986 1831 1038 secundum
1916 986 2194 1056 imaginem

2295 977 2417 1043 τοῖς
2440 977 2717 1047 χώνευμα
2743 977 2811 1030 ἐκ
2832 976 2936 1030 τοῦ
2962 976 3246 1044 ἀργυρίου
3272 974 3488 1039 αὐτῶν,
3515 975 3640 1027 κατ’
3665 972 3878 1026 εικόνα

623 1077 909 1140 idolorum,
942 1091 1097 1144 Opera
1145 1074 1418 1143 artiﬁcum
1446 1076 1681 1146 confecta
1719 1078 1815 1131 eis.

2295 1068 2574 1135 εἰδώλων,
2600 1071 2746 1138 ἔργα
2782 1069 3077 1122 τεκτόνων
3100 1066 3621 1135 συντετελεσμένα
3640 1063 3876 1127 αὐτοῖς.

694 1168 923 1224 CXLVI.
966 1167 1082 1223 Non
1123 1168 1409 1238 separatim
1469 1168 1651 1224 decem
1704 1168 1895 1235 tribus,
1928 1168 2023 1223 sed
2077 1167 2197 1222 uni-

2366 1163 2546 1225 PMg'.
2588 1163 2701 1215 Ούκ
2730 1160 2833 1214 ἀνὰ
2867 1162 3032 1235 μέρος
3059 1161 3117 1213 ὲν
3141 1159 3353 1221 τούτοις
3387 1158 3486 1221 τὰς
3512 1156 3646 1210 δέκα
3674 1154 3878 1225 φυλὰς,

626 1278 841 1317 versum
892 1261 1053 1315 Israel
1091 1262 1319 1325 incusat,
1343 1271 1399 1316 et
1421 1263 1515 1328 ait,
1547 1261 2024 1331 justiﬁcationibus
2066 1262 2199 1332 ipsis

2297 1253 2411 1307 ἀλλ’
2431 1253 2549 1306 ὅλον
2575 1253 2815 1306 αἰτιᾶται
2837 1250 2928 1305 τὸν
2960 1250 3195 1321 Ἰσραὴλ,
3222 1249 3323 1303 καί
3340 1266 3521 1320 φησιν,
3542 1249 3622 1301 ὅτι
3651 1249 3883 1302 δικαιω-

630 1370 726 1425 per
759 1354 971 1425 Moysen
993 1354 1226 1421 traditis,
1251 1355 1444 1423 quibus
1471 1354 1858 1408 erudiebantur
1897 1368 2003 1422 quo
2038 1363 2201 1422 pacto

2302 1345 2489 1415 μάτων
2506 1342 2688 1405 αὐτοῖς
2712 1341 2969 1396 δοθέντων
2994 1340 3083 1395 διὰ
3110 1340 3418 1404 Μωῦσέως,
3447 1339 3512 1392 δι’
3531 1334 3600 1392 ὧν
3624 1336 3883 1392 ἐπαιδεύ-

633 1449 797 1501 Deum
847 1446 1089 1499 colerent
1135 1456 1188 1499 et
1226 1448 1673 1515 quemadmodum
1704 1444 1779 1498 illi
1810 1445 2199 1509 sacrilicarent,

2301 1454 2441 1499 οντο,
2462 1436 2583 1488 τίνα
2611 1435 2717 1506 χρὴ
2740 1434 2941 1506 τρόπον
2972 1432 3294 1506 θεραπεύειν
3325 1432 3416 1485 τὸν
3450 1431 3600 1495 Θεὸν,
3639 1432 3800 1492 ὅπως
3827 1445 3884 1480 τε

630 1552 724 1591 eos
762 1536 885 1589 talia
928 1535 1312 1604 propemodum
1366 1534 1651 1599 Baa|,si\‘e
1701 1534 1857 1590 idolis
1889 1549 2203 1590 consecras-

2301 1527 2481 1597 δεήσει
2530 1524 2825 1594 προσάγειν
2852 1523 3061 1589 θυσίας,
3094 1524 3247 1576 αὐτοι¹
3276 1522 3346 1575 τὰ
3388 1521 3564 1575 τοιάδε
3596 1518 3885 1590 μονονουχὶ

633 1644 712 1684 se.
744 1628 818 1680 Ex
854 1636 1006 1696 parte
1056 1626 1198 1680 enim
1242 1640 1620 1693 nonnunquam
1681 1634 1848 1679 totum
1909 1626 2199 1695 signiﬁcat.

2301 1618 2659 1672 τεθεσπίκασι
2680 1617 2753 1688 τῷ
2776 1617 2942 1680 Βάαλ,
2966 1617 3082 1687 ήτοι
3102 1619 3212 1680 τοῖς
3230 1615 3489 1678 εἰδώλοις.
3520 1613 3649 1668 Ἀπὸ
3676 1612 3885 1683 μέρους

634 1719 747 1773 Non
777 1719 917 1772 enim
978 1716 1207 1786 amplius
1257 1716 1389 1780 Deo,
1420 1716 1511 1769 sed
1567 1717 1747 1785 potius
1801 1717 2053 1785 operibus
2092 1731 2205 1770 ma-

2305 1710 2414 1779 γὰρ
2439 1708 2550 1761 ἔσθ’
2579 1709 2666 1761 ὅτε
2694 1708 2947 1778 σημαίνει
2974 1707 3033 1762 τὸ
3056 1710 3181 1761 πᾶν.
3205 1706 3475 1761 Τεθύκασι
3496 1706 3598 1777 γὰρ
3622 1705 3747 1775 θεῷ
3790 1704 3886 1774 μὲν

636 1825 800 1866 nuum
831 1824 1049 1863 suarum
1102 1822 1256 1862 sacra
1310 1806 1662 1874 fecerunt,et
1711 1807 1840 1876 ipsis
1880 1808 1994 1862 dies
2041 1806 2205 1863 festos

2305 1802 2487 1855 οὐκέτι
2515 1840 2529 1864 ,
2565 1800 2765 1871 μᾶλλον
2790 1801 2847 1854 δὲ
2880 1802 2991 1865 τοῖς
3020 1800 3203 1872 ἔργοις
3228 1801 3337 1853 τῶν
3368 1801 3510 1853 ἰδίων
3552 1800 3756 1870 χειρῶν
3796 1800 3887 1852 αὐτ

635 1907 972 1970 peregcrunt,
1008 1900 1351 1967 divinumque
1380 1899 1579 1952 cultum
1609 1899 1992 1965 adhibuerunt,
2015 1909 2069 1954 et
2094 1900 2206 1969 pri-

2308 1896 2419 1956 τοῖς
2448 1892 2663 1945 ἐτέλουν
2701 1893 2799 1955 τὰς
2824 1892 3033 1963 ἑορτὰς,
3061 1893 3155 1945 καὶ
3185 1891 3460 1963 προσῆγον
3484 1889 3578 1962 τὴν
3598 1890 3884 1961 λατρείαν,

636 1993 839 2056 mitias,
865 1991 1253 2055 adorationem,
1286 1991 1422 2044 dona
1454 1990 1797 2060 gratitudinis
1839 2006 1968 2061 ergo
2008 1992 2210 2046 obtule-

2279 1993 2281 2025 ι
2311 1989 2407 2051 τὰς
2456 1987 2731 2058 ἀπαρχὰς,
2766 1990 2866 2056 τὴν
2919 1988 3312 2059 προσκύνησιν,
3345 1988 3412 2041 τὰ
3440 1988 3588 2057 δῶρα
3614 1986 3681 2038 τὰ
3717 2002 3885 2055 χαρι-

637 2094 785 2150 runt,
818 2094 873 2139 et
903 2083 1066 2155 gloria
1103 2098 1196 2137 sua
1228 2083 1391 2137 Deum
1422 2081 1736 2149 spoliantes,
1785 2097 1902 2136 eam
1949 2081 2208 2151 sculptili-

2310 2081 2505 2148 στήρια
2528 2095 2541 2108 θ
2569 2080 2662 2131 καὶ
2692 2078 2851 2148 δόξης
2879 2079 3013 2143 ἰδίας
3039 2077 3466 2149 ἀποστεροῦντες
3503 2077 3649 2139 Θεὸν,
3674 2074 3886 2144 ταύτην

635 2176 735 2233 bus
769 2178 1099 2232 dicaverunt.
1128 2175 1233 2229 Sed
1259 2176 1372 2231 haec
1413 2190 1532 2230 cum
1564 2174 1781 2229 fecisset
1802 2173 1987 2238 Israel,
2013 2174 2205 2242 inquit,

2306 2169 2566 2223 ἀνέθεσαν
2598 2172 2707 2232 τοῖς
2734 2169 3013 2237 γλυπτοῖς.
3063 2169 3222 2222 Ἀλλὰ
3252 2168 3410 2222 τοῦτο
3446 2168 3671 2237 ποιήσας
3708 2168 3742 2219 ὁ
3792 2166 3881 2217 ’Ἰσ⁴

641 2286 661 2320 ι
704 2264 946 2323 mortuus
986 2276 1087 2332 est,
1144 2277 1198 2321 et
1236 2282 1447 2323 rursum
1494 2270 1890 2336 apposuerunt‘,
1915 2275 1970 2319 ut
2020 2280 2209 2334 pecca-

2310 2260 2483 2329 ραὴλ,
2526 2280 2543 2312 ι
2594 2260 2875 2325 Ἀπέθανε,
2919 2260 3074 2329 φησὶ,
3119 2260 3212 2313 καὶ
3246 2260 3405 2313 πάλιν
3450 2258 3744 2328 προσέθετο
3798 2256 3886 2308 τοῦ

636 2370 811 2415 rent.»
845 2361 921 2414 Ac
954 2360 998 2414 si
1034 2360 1203 2413 dicat:
1240 2358 1464 2414 Punitus
1497 2367 1581 2413 est
1648 2366 1768 2427 post
1810 2359 2031 2422 factum,
2066 2357 2210 2411 dele-

2314 2350 2671 2422 ἁμαρτάνειν.
2709 2352 2933 2422 Ὅμοιον
2960 2351 3034 2414 ὡς
3062 2352 3111 2403 εἰ
3140 2350 3308 2419 λέγοι,
3343 2350 3664 2405 κεκόλασται
3690 2348 3886 2416 δεδραμ-

640 2461 725 2504 tus
774 2458 859 2503 est
904 2458 1023 2518 post
1061 2449 1163 2503 hos
1193 2462 1373 2515 ausus,
1415 2450 1586 2504 sensit
1626 2448 2050 2518 indignationem
2097 2449 2208 2501 Do-

2316 2440 2446 2502 κὼς,
2478 2438 2811 2511 ώλόθρευται
2853 2439 3134 2509 τολμήσας
3156 2477 3171 2502 ,
3198 2438 3340 2506 ἔγνω
3381 2437 3474 2489 τοῦ
3505 2436 3771 2488 δεσπότου
3796 2434 3887 2503 τήν

635 2542 769 2596 mini
801 2556 987 2610 ptenas
1021 2541 1240 2597 ultionis
1267 2542 1564 2597 errantium
1596 2540 1844 2611 sanguini
1899 2539 2206 2609 inﬂigentis.

2309 2533 2716 2603 ἀγανάκτησιν,
2756 2532 2836 2594 εἰς
2881 2524 3019 2601 αἷμα
3058 2530 3158 2602 τήν
3196 2531 3351 2601 δίκην
3378 2532 3488 2589 τοῖς
3514 2526 3886 2597 πλανωμένοις

639 2630 706 2684 Ει
736 2644 767 2684 a
803 2629 1097 2685 stoliditate
1128 2644 1224 2684 sua
1259 2630 1570 2698 neutiquam
1637 2629 1907 2696 cessavit;
1970 2629 2210 2699 quinimo

2310 2626 2623 2694 ἐπάγοντος.
2657 2625 2767 2678 Καὶ
2795 2624 2893 2694 τῆς
2923 2624 3116 2677 ἑαυτοῦ
3146 2623 3462 2693 σκαιότητος
3496 2622 3759 2691 κατέληξε
3792 2620 3888 2690 μὲν

639 2722 694 2775 in
748 2720 867 2776 aliis
898 2728 952 2775 et
1006 2720 1223 2790 paribus
1272 2717 1564 2775 seeleribus
1627 2719 1957 2789 deprehendi
2010 2729 2208 2789 potest.

2309 2716 2576 2786 οὐδαμῶς.
2630 2716 2805 2785 Ἀλοίη
2846 2716 2887 2769 δ’
2939 2714 3003 2769 ἂν
3053 2714 3251 2785 μᾶλλον
3298 2712 3382 2782 ἐφ’
3423 2713 3626 2783 ἑτέροις
3680 2729 3742 2763 τε
3796 2710 3888 2764 καὶ

638 2811 765 2883 Legi
796 2812 935 2866 enim
974 2811 1023 2865 in
1070 2810 1319 2865 Numeris
1346 2809 1638 2866 fornicatus
1680 2824 1801 2865 esse
1836 2810 1975 2865 ﬁlios
2020 2811 2209 2876 Israel,

2314 2805 2448 2869 ῐσοις
2498 2807 2858 2877 ἐγκλήμασιν.
2919 2807 3153 2873 ’Λνέγνω
3193 2805 3292 2875 μὲν
3328 2805 3436 2875 γὰρ
3474 2806 3531 2857 ὲν
3558 2805 3670 2866 τοῖς
3712 2802 3888 2873 Ἀριθ-

640 2902 1034 2970 advoluptatcs
1056 2901 1359 2971 illegitimas
1386 2898 1830 2968 inflammatos,et
1858 2898 2210 2954 Moabitarnm

2316 2901 2469 2968 μοῖς,
2508 2898 2590 2951 ὅτι
2623 2898 3061 2969 πεπορνεύκασιν
3104 2899 3151 2950 oi
3199 2898 3303 2951 υἱοὶ
3347 2896 3582 2967 Ἰσραήλ,
3620 2899 3890 2949 ἐκκεκαυ-

643 2986 855 3041 feminis
912 2987 1221 3043 adhaesisse.
1266 2987 1417 3052 Quod
1450 2987 1657 3042 facinus
1715 2989 2053 3043 atrocissime
2102 2988 2214 3043 lue-

2316 2992 2465 3062 μένοι
2496 2991 2632 3061 πρὸς
2677 2991 2939 3052 ἐκτύπους
2986 2988 3179 3059 ήδονὰς
3200 3031 3214 3052 ,
3243 2989 3335 3042 καὶ
3372 2991 3493 3050 ταῖς
3524 2987 3631 3040 τῶν
3662 2987 3890 3041 Μωαϐι-

643 3088 792 3133 runt.
826 3077 918 3133 Sic
954 3078 1096 3133 enim
1135 3077 1293 3133 habet
1326 3076 1634 3147 Scriptura:
1662 3098 1678 3130 ι
1713 3078 1779 3133 Ει
1804 3080 2023 3133 divertit
2050 3078 2214 3133 Israel

2312 3084 2420 3136 τῶν
2463 3082 2811 3153 προσέκειντο
2872 3082 3138 3149 γυναιξίν.
3176 3075 3343 3143 Εἶτα,
3377 3080 3532 3142 δίκας
3579 3080 3673 3131 ἐπὶ
3721 3079 3892 3147 τούτῳ

644 3170 700 3225 in
748 3168 1018 3234 Setim,et
1048 3169 1443 3224 contaminatus
1467 3178 1549 3224 est
1590 3167 1844 3240 papulus,
1884 3178 1940 3225 ut
1984 3169 2215 3224 fornica-

2312 3174 2413 3237 τὰς
2453 3172 2678 3227 ἁπασῶν
2729 3173 2961 3242 ἐσχάτας
3003 3171 3312 3243 ὲξῄτηνται.
3354 3173 3508 3241 Ἔχει
3540 3172 3597 3224 δὲ
3635 3171 3785 3224 οὕτω
3829 3170 3893 3222 τὰ

594 3262 595 3265 “
644 3272 795 3318 retur
820 3261 1046 3334 ingﬁlias
1084 3261 1260 3316 Moab.
1304 3261 1369 3316 Et
1394 3271 1730 3316 vocaverunt
1767 3276 1859 3316 eos
1911 3262 1975 3315 ad
2038 3259 2200 3317 sacri-

2318 3264 2714 3333 Γεγραμμένα·
2765 3282 2782 3314 ι
2825 3266 2933 3316 Καὶ
2980 3263 3275 3316 κατέλυσεν
3317 3262 3532 3334 Ἰσραὴλ
3582 3264 3639 3314 ὲν
3684 3264 3893 3329 Σετὶμ,

647 3353 767 3408 ﬁcia
791 3332 1053 3409 idolorum
1083 3366 1324 3419 suorum;
1358 3360 1414 3405 et
1448 3352 1679 3406 comedit
1705 3352 1928 3423 populus
1953 3353 2019 3407 de
2041 3352 2210 3407 sacri-
2239 3329 2253 3377 ⁴

2318 3324 2751 3424 ’ἐδέθηλώθη
2795 3358 2822 3407 6
2850 3354 2975 3417 λαὸς
3008 3353 3366 3425 έκπορνεῦσαι
3394 3324 3499 3418 ἐιέ
3537 3353 3635 3417 τὰς
3668 3324 3893 3421 θυγατέ-

651 3443 790 3497 ﬁciis
838 3458 1022 3498 eorum
1062 3452 1117 3498 et
1150 3442 1391 3499 adoravit
1419 3442 1560 3497 idola
1613 3457 1821 3509 eorum,
1866 3453 1919 3497 et
1974 3444 2217 3498 initiatus

2322 3465 2420 3517 ρας
2443 3446 2638 3511 Μωὰϐ,
2670 3448 2765 3500 καὶ
2791 3446 3053 3500 ἐκάλεσαν
3087 3447 3288 3509 αὐτοὺς
3326 3448 3407 3509 είς
3435 3447 3532 3509 τὰς
3572 3445 3767 3509 θυσίας
3793 3446 3894 3498 τῶν

644 3546 728 3592 est
790 3536 950 3591 Israel
987 3535 1336 3606 Beelphegor,
1383 3545 1437 3589 et
1477 3535 1646 3590 iratus
1686 3544 1767 3589 est
1820 3536 2000 3590 furore
2038 3534 2215 3588 Domi-

2318 3540 2547 3593 εἰδώλων
2577 3540 2775 3594 αὐτῶν.
2822 3540 2929 3592 Καὶ
2967 3538 3137 3607 ἔφαγε
3184 3540 3214 3591 6
3264 3538 3392 3602 λαὸς
3430 3539 3539 3592 τῶν
3572 3538 3776 3591 θυσιῶν
3810 3540 3894 3591 αὑ-

646 3644 748 3683 nus
777 3627 982 3695 Israeli,
1012 3638 1067 3680 et
1094 3628 1227 3682 dixit
1260 3626 1517 3681 Dominus
1571 3626 1767 3697 Moysi:
1800 3626 1997 3695 Accipe
2028 3640 2215 3679 omnes

2318 3632 2447 3697 τῶν,
2497 3631 2593 3684 καὶ
2641 3631 3054 3701 προσεκύνησαν
3102 3632 3212 3693 τοῖς
3268 3629 3506 3694 εἰδώλοις
3555 3629 3772 3693 αὐτῶν,
3807 3631 3896 3682 καὶ

645 3719 808 3772 duces
840 3717 1045 3788 populi,
1078 3726 1132 3770 et
1161 3718 1350 3771 traduc
1376 3729 1469 3771 eos
1500 3716 1727 3769 Domino
1763 3726 1949 3770 contra
2004 3717 2211 3779 solem,

2319 3722 2572 3791 ἐτελέσθη
2618 3722 2834 3793 Ἰσραὴλ
2861 3722 2939 3792 τῷ
2963 3721 3307 3793 Βεελφεγὼρ,
3342 3722 3434 3775 καὶ
3460 3721 3707 3792 ὠργίσθη
3743 3720 3895 3790 θυμῷ

646 3817 700 3862 ει
735 3816 1005 3861 avertetur
1035 3805 1195 3875 180
1228 3805 1305 3859 ira
1360 3804 1558 3860 furoris
1586 3805 1794 3859 Domini
1833 3806 1899 3859 ab
1934 3806 2119 3861 Israel.
2151 3806 2217 3860 Et

2318 3814 2522 3885 Κύριος
2564 3815 2639 3883 τῷ
2681 3816 2915 3887 Ἰσραήλ.
2967 3815 3070 3869 Καὶ
3120 3812 3243 3868 εἷπε
3284 3816 3489 3886 Κύριος
3538 3814 3615 3885 τῷ
3664 3816 3892 3885 Μωῦσῇ’

648 3898 784 3952 dixit
811 3897 1020 3967 Moyses
1067 3897 1311 3951 tribubus
1346 3896 1508 3951 Israel
1546 3894 1810 3952 :Occidat
1838 3898 2213 3966 unusquisque

2320 3906 2475 3959 Λάὖε
2516 3906 2725 3969 πάντας
2750 3907 3179 3978 τοὺςηάρχηγοὺς
3206 3906 3300 3958 τοῦ
3334 3906 3487 3969 λαοῦ,
3510 3907 3604 3959 καὶ
3637 3907 3896 3977 παραδει-

647 3989 1001 4044 domesticum
1029 4003 1182 4048 suum
1231 3989 1320 4056 qui
1358 3988 1685 4043 sacriﬁcavit
1736 3988 2067 4060 Beelphegor
2098 3991 2165 4043 ⁷⁸.
2193 4009 2211 4041 ι

2330 3998 2596 4067 γμάτισον
2651 3998 2848 4060 αὐτοὺς
2886 3998 3094 4069 Κυρίῳ,
3126 3998 3388 4050 ἀπέναντι
3446 3998 3540 4050 τοῦ
3587 3997 3763 4069 ἡλίου,
3810 3998 3898 4051 καὶ

648 4079 758 4135 I'lac
784 4090 963 4149 strage
992 4095 1098 4134 non
1125 4079 1405 4133 mediocris
1427 4079 1710 4134 multitudo
1732 4094 1797 4135 ex
1818 4080 1979 4135 Israel
2003 4080 2213 4136 cecidit.

2320 4090 2797 4159 ἀποστραφήσεται
2843 4090 2977 4160 ὀργὴ
3035 4089 3205 4159 θυμοῦ
3248 4091 3449 4161 Κυρίου
3498 4092 3606 4144 ἀπὸ
3658 4091 3894 4163 Ἰσραήλ.

647 4170 783 4226 Vide
810 4169 975 4240 igitur
1020 4170 1289 4238 quomodo
1318 4168 1499 4233 Israel,
1532 4169 1872 4239 temporibus
1904 4169 2102 4241 Moysis
2129 4169 2219 4239 ju-

2320 4182 2428 4235 Ka‘t
2457 4177 2573 4234 εἷπε
2593 4182 2832 4251 Μωῦσῆς
2860 4184 2979 4244 ταῖς
3010 4182 3199 4251 φυλαῖς
3238 4182 3452 4253 Ἰσραήλ
3470 4223 3484 4244 ,
3509 4185 3565 4237 Ἀ
3577 4184 3895 4240 ποκτείνατε

646 4261 996 4317 stiﬁcationes
1050 4260 1145 4314 Dei
1177 4260 1332 4316 idolis
1396 4258 1649 4325 oﬂ'erens,
1712 4261 2092 4316 miserabiliter
2146 4263 2219 4318 sit

2320 4274 2548 4337 ἕκαστος
2566 4273 2656 4326 τὸν
2685 4276 2881 4327 οἰκεῖον
2908 4274 3094 4336 αὐτοῦ,
3118 4276 3208 4326 τὸν
3236 4274 3620 4345 τετελεσμένον
3638 4275 3718 4346 τῷ
3739 4275 3897 4329 Βεελ-

646 4354 1210 4409 mortuuszseductus
1275 4352 1439 4417 enim,
1499 4352 1921 4423 propinquorum
1981 4353 2213 4423 gladiis,

2321 4365 2528 4437 φεγώρ.
2564 4385 2583 4418 ι
2624 4361 2697 4418 Οὒ
2716 4365 2781 4436 δὴ
2808 4368 2901 4420 καὶ
2934 4368 3011 4429 εἰς
3043 4367 3211 4437 πέρας
3241 4366 3622 4436 ὲνηνεγμένου,
3644 4368 3895 4421 πέπτωκε

650 4460 753 4500 non
813 4444 988 4499 aliena
1058 4459 1215 4498 manu
1289 4443 1675 4498 trucidabatur.
1729 4444 1927 4497 Verum
1971 4445 2219 4514 apposuit

2322 4457 2529 4527 πληθὺς
2558 4458 2618 4511 ού
2668 4456 2863 4527 μετρία
2893 4458 2999 4510 τῶν
3030 4458 3085 4523 ag
3137 4458 3373 4529 Ἰσραήλ.
3427 4459 3617 4529 Ἀθρει
3662 4458 3727 4530 δὴ
3782 4455 3895 4523 οὖν,

649 4550 897 4603 peccare.
932 4533 1198 4588 Fecerunt
1251 4535 1392 4588 enim
1431 4533 1532 4588 sibi
1581 4533 1847 4589 conﬂatile
1882 4549 2128 4600 aureum,
2166 4542 2220 4589 et

2324 4546 2405 4598 ὅτι
2436 4547 2730 4617 προσάγων
2773 4545 2843 4600 τὰ
2888 4546 2980 4600 τοῦ
3038 4546 3172 4600 Θεοῦ
3204 4546 3547 4617 δικαιώματα
3596 4549 3740 4601 κατὰ
3773 4550 3896 4611 τοὺς

647 4641 809 4694 opera
836 4625 1079 4690 artiﬁcis,
1111 4634 1165 4679 et
1197 4625 1447 4691 opificum
1487 4627 1695 4681 artibus
1727 4625 2030 4680 elaboratas
2060 4626 2213 4680 deos.
2250 4676 2253 4683 .

2289 4691 2292 4716 ,
2322 4638 2599 4701 Μωῡσέως
2624 4638 2846 4709 χρόνους
2876 4640 2903 4691 6
2934 4638 3168 4709 Ἰσραὴλ,
3196 4639 3463 4692 ἀπέθανεν
3486 4640 3736 4711 οἰκτρῶς.
3775 4642 3895 4693 Ἀπ-

651 4713 844 4768 lrridet
875 4723 1052 4767 autem
1098 4712 1276 4782 aliquo
1320 4714 1478 4768 modo
1503 4727 1687 4768 eorum
1737 4714 2045 4768 vanitatem.
2075 4714 2215 4769 Deos
2248 4712 2257 4728 ⁴

2285 4712 2291 4720 ’
2321 4728 2583 4797 εσφόιζετο
2600 4729 2708 4799 γὰρ
2725 4730 2752 4781 6
2765 4728 3179 4801 πεπλανημένος
3195 4732 3305 4794 τοῖς
3318 4731 3654 4785 τῶνοίκείων
3667 4733 3891 4801 ξίφεσιν,

649 4805 791 4859 enim
819 4804 1441 4872 credebantesse,qucs
1498 4805 1707 4873 ipsimet
1736 4804 1983 4860 fabricati
2035 4816 2214 4861 erant.

2321 4816 2421 4869 οὐκ
2452 4816 2632 4887 ὀθνείᾳ
2688 4817 2861 4888 χειρί·
2902 4817 3038 4872 ἀλλὰ
3091 4820 3386 4891 προσέθετο
3438 4821 3499 4873 τὸ
3539 4822 3890 4893 ἁμαρτάνειν.

647 4896 921 4949 Εκοιοιηει
952 4894 1111 4962 igitur
1141 4905 1325 4949 contra
1356 4895 1452 4950 hos
1474 4894 1782 4951 Psalmista:
1810 4914 1830 4948 r
1862 4896 2083 4955 Similes
2115 4901 2217 4955 illis

2326 4907 2665 4980 Πεποιήκασι
2729 4910 2838 4977 γὰο
2909 4911 3121 4974 ἑαυτοῖς
3170 4911 3424 4981 χώνευμα
3486 4912 3744 4983 χρυσοῦν,
3804 4914 3895 4967 καὶ

650 4986 782 5039 fiant
804 4987 892 5055 qui
919 4986 1121 5040 faciunt
1143 4996 1296 5051 ea,et
1318 5001 1504 5041 omnes
1525 4986 1617 5053 qui
1656 4988 1929 5044 conﬁdunt
1971 4991 2023 5045 in
2048 4992 2126 5047 eis
2147 4992 2214 5047 ⁷⁸.

2325 4997 2461 5069 ἔργα
2490 5000 2775 5067 τέκτονος,
2827 5001 2921 5054 καὶ
2970 5003 3311 5074 τεχνουργῶν
3355 5004 3691 5075 ἐπιστήμαις
3726 5007 3894 5059 ἐκπε-

653 5077 982 5147 ποιημένους
1015 5076 1188 5140 θεούς.
1232 5077 1537 5148 Ἐπιμειδιᾷ
1567 5078 1625 5131 δὲ
1665 5078 1854 5152 ὥσπερ
1913 5085 2034 5147 ταῖς
2076 5084 2257 5141 αὐτῶν
2295 5090 2710 5157 είκαιοὸουλίαις
2756 5095 2783 5145 ὁ
2818 5094 2993 5163 λόγος.
3057 5094 3226 5156 ﬁsci);
3267 5095 3376 5165 γὰρ
3412 5092 3551 5149 εἶναι
3601 5095 3894 5148 πεπιστεύο

650 5185 831 5233 κασιν,
870 5168 962 5232 οὒς
995 5170 1148 5222 αὐτοὶ
1194 5170 1582 5226 τεκταίνουσιν.
1624 5172 1995 5243 Ἐπιφωνείτω
2039 5177 2103 5248 δὴ
2137 5175 2229 5233 οὖν
2291 5184 2384 5236 καὶ
2416 5185 2624 5249 τούτοις
2660 5190 2687 5239 ὁ
2747 5186 3080 5256 Ψαλμῳδός·
3135 5205 3154 5238 ι
3196 5187 3409 5254 Ὅμοιοι
3447 5187 3630 5250 αὐτοῖς
3662 5188 3898 5255 γένοιντο

653 5261 703 5312 οἱ
750 5259 1028 5323 ποιοῦντες
1079 5261 1238 5328 αὐτὰ,
1288 5263 1385 5315 καὶ
1428 5263 1629 5327 πάντες
1677 5267 1727 5318 oi
1769 5267 2087 5334 πεποιθότες
2135 5272 2221 5325 ἐπ’
2254 5276 2455 5341 αὐτοῖς.

727 5347 890 5404 Vens.
917 5350 971 5404 5.
1027 5348 1141 5420 Ipsi
1164 5353 1339 5405 dicunt
1368 5368 1387 5405 :
1425 5351 1704 5409 Immolete
1746 5356 2000 5426 homines,
2074 5362 2219 5415 vituli

2392 5368 2571 5422 Αὐτοὶ
2595 5368 2865 5438 λέγουσι·
2890 5369 3119 5423 Θύσατε
3146 5367 3512 5435 ἀνθρώπους,
3536 5369 3757 5436 μόσχοι
3782 5367 3888 5435 ’πὰρ

651 5442 791 5497 enim
842 5442 1161 5510 defecerunt.
1204 5442 1413 5496 Idcirco
1461 5455 1609 5498 erunt
1649 5448 1801 5515 quasi
1843 5449 2003 5504 nubes
2038 5461 2218 5505 matu-

2323 5456 2735 5510 ἐκλελοίπαο-ι.
2764 5458 2867 5511 Διὰ
2894 5457 3072 5512 τοῦτο
3096 5458 3339 5511 ἔσονται
3365 5458 3445 5523 ὡς
3472 5455 3693 5525 νεφέλη
3714 5464 3888 5523 πρωϊ-

649 5534 783 5599 tina,
822 5542 869 5587 et
898 5533 1029 5586 sicut
1064 5549 1148 5586 ros
1196 5537 1483 5591 matutinus
1547 5542 1920 5604 pertransiens,
1978 5552 2025 5597 et
2085 5544 2218 5597 sicut

2323 5543 2422 5611 νὴ,
2464 5544 2561 5597 καὶ
2601 5546 2679 5610 ὡς
2712 5545 2931 5613 δρόσος
2957 5546 3201 5614 ὀρθρινὴ
3245 5544 3617 5613 πορευομένη
3640 5584 3653 5605 ,
3691 5542 3789 5598 καὶ
3819 5544 3894 5606 ὡς

646 5622 811 5692 pulvis
840 5624 1137 5693 exsufﬂata;
1171 5625 1233 5676 ab
1275 5641 1420 5694 area,
1472 5637 1519 5680 et
1560 5629 1691 5681 sicut
1730 5647 1888 5699 vapor
1922 5650 1953 5687 a
1992 5635 2218 5689 camino.

2324 5635 2511 5705 χνοὺς
2534 5636 3009 5707 ἀποφυσώμενος
3052 5638 3151 5705 ἀφ’
3178 5636 3408 5702 ἅλωνος
3427 5677 3441 5703 ,
3476 5635 3573 5690 καὶ
3601 5636 3681 5699 ὡς
3717 5633 3893 5703 ’ἀτμὶς

2324 5729 2442 5782 ἀπὸ
2472 5728 2855 5799 καπνοδόκης·
2872 5776 2879 5785 .

726 5889 773 5922 ⁷⁸
805 5887 965 5945 Num.
999 5905 1123 5959 xxv,
1162 5891 1293 5981 1-5.
1350 5894 1397 5926 ⁷⁸
1430 5893 1569 5952 Psal.
1605 5911 1756 5964 cun,
1790 5898 1843 5953 8.
