4068 6538
211 426 315 485 σφι

1142 428 1694 490 COMMENTARIUS
1732 432 1801 489 IN
1842 433 2075 494 OSEAM
2114 438 2559 500 PROPHETAM.

3367 455 3475 512 309

282 543 724 599 ΡΜΖ¹.Αίτιᾶται
748 544 929 611 πάλιν,
956 546 1035 600 ὅτι
1062 548 1138 620 μὴ
1167 549 1327 620 μόνον
1345 551 1771 624 δεδυσσεσήκασι

1968 555 2219 614 CXLVII.
2269 558 2629 632 Conqueritur
2673 578 2908 633 rursum,
2942 569 3086 640 quod
3142 583 3249 626 non
3297 570 3472 628 solum

212 636 332 690 κατ’
375 635 563 689 είκόνα
600 635 834 690 είδὼλων
885 637 947 690 τὸ
985 637 1137 709 παρά
1166 639 1508 717 Θεοῦφδοθὲν
1535 644 1798 717 ἀργύριον

210 726 655 791 διαπλάττοντες,
704 728 799 781 καὶ
823 731 935 792 τοῖς
963 729 1071 783 ἀπὸ
1094 729 1250 795 ξύλου
1274 732 1368 786 καὶ
1391 733 1554 788 λίθων
1576 752 1798 808 πεποιη-

216 818 404 888 μένοις
450 818 512 873 τὸ
563 820 662 890 τῆς
708 818 861 885 θείας
910 821 1069 893 δόξης
1123 824 1547 895 ἐπιφημίζοντες
1590 827 1791 897 ὄνομα,

212 911 348 965 ἀλλά
382 911 491 982 γάρ
520 912 616 965 καὶ⁵
657 914 737 977 είς
767 912 927 965 τοῦτο
975 912 1311 968 κατώλισθον
1346 916 1614 986 ἀμαθίας,
1655 917 1793 987 μᾶλα

210 999 300 1053 λον
329 999 386 1053 δὲ
420 1001 762 1072 σκαιότητος,
804 1002 900 1055 καὶ¹
930 1002 1342 1074 ἀπανθρωπίας,
1374 1006 1469 1058 καὶ
1501 1006 1794 1079 θηριοπρε-

213 1092 348 1154 ποῦς
370 1093 697 1163 ἀγριότητος
736 1094 768 1165 ἢ
800 1094 895 1147 καὶ
921 1093 1002 1147 ἔτι
1031 1095 1235 1151 τούτων
1258 1098 1532 1162 ἐπέκεινα,
1557 1100 1634 1163 ὡς
1659 1100 1791 1173 μηδὲ

210 1183 393 1239 αὐτῶν
443 1184 553 1238 τῶν
603 1184 747 1238 ίδίων
782 1184 1057 1255 φείδεσθαι
1112 1188 1337 1241 τέκνων.
1395 1190 1790 1260 Ἀποσφάττειν

209 1275 263 1329 δὲ
316 1274 461 1329 αὐτὰ
501 1278 616 1340 τοῖς
675 1277 914 1346 δαίμοσι,
972 1277 1150 1332 καίτοι
1204 1281 1673 1351 κατεστυγηκότος
1728 1283 1789 1337 τὸ

208 1367 393 1437 χρῆμα
414 1367 575 1433 Θεοῦ,
603 1370 695 1423 καὶ
720 1369 827 1423 οὐδ’
850 1370 917 1424 ἂν
942 1370 1113 1443 αὐτὴν
1141 1372 1510 1444 ἀνασχομένου
1537 1377 1667 1430 ποτὲ
1686 1377 1788 1451 τὴν

210 1454 388 1526 φωνὴν
427 1456 461 1527 ἢ
498 1459 673 1512 εἰπεῖν
699 1458 928 1530 ἑτέροις,
955 1459 988 1531 ἢ
1022 1460 1154 1528 γοῦν
1192 1462 1422 1517 ἀκοῦσαι
1448 1465 1600 1537 παρά
1619 1484 1783 1531 τινος.

208 1548 281 1601 Oti
305 1547 415 1619 γὰρ
459 1549 787 1620 φιλαίματος
818 1554 847 1605 ό
883 1552 1183 1625 Δεσπότης,
1231 1553 1354 1609 οὔτε
1403 1556 1510 1628 μὴν
1538 1559 1629 1612 ἐπὶ
1664 1563 1785 1625 ταῖς

1900 648 2064 717 impie
2090 650 2320 720 egerint,
2346 652 2598 708 donatum
2619 668 2648 709 a
2675 654 2784 711 Deo
2803 670 3083 729 argentum
3106 662 3471 734 inimaginem

1900 735 2161 792 idolorum
2220 738 2687 811 transformantes,
2721 752 2776 801 et
2805 760 2836 801 e
2876 746 3021 816 ligno
3076 764 3141 806 ac
3203 751 3473 822 lapidibus

1897 824 2173 883 fabricatis
2197 829 2393 885 divinae
2443 833 2628 902 gloria:
2686 850 2878 891 nomen
2946 840 3315 909 ascribentes,
3375 847 3470 901 sed

1895 916 2059 971 etiam
2088 932 2156 974 eo
2186 920 2437 988 inscitiae,
2471 924 2581 978 imo
2633 927 2892 992 stultitiae,
2929 939 2983 984 et
3014 930 3385 1002 immanitatis,
3415 946 3470 991 et

1854 1006 2081 1065 ,l‘erinaa
2137 1012 2383 1080 saevitiae,
2411 1024 2505 1069 aut
2530 1016 2574 1071 si
2602 1018 2730 1087 quid
2777 1019 2861 1075 his
2905 1022 3078 1092 majus
3103 1034 3207 1089 est,
3264 1026 3466 1098 delapsi

1892 1098 2022 1163 sint,
2052 1109 2110 1153 ut
2137 1115 2205 1156 ne
2231 1102 2353 1157 llliis
2383 1106 2600 1173 quidem
2635 1107 2750 1163 suis
2796 1122 3103 1180 parcerent,
3130 1127 3316 1169 verum
3371 1130 3468 1175 eos

1891 1187 2225 1245 daemonibus
2267 1192 2631 1262 immolarent,
2671 1198 2883 1253 tametsi
2915 1200 3058 1257 Deus
3083 1201 3286 1258 factum
3315 1205 3469 1262 odis-

1890 1288 1973 1333 set
2000 1280 2157 1347 adeo,
2192 1290 2249 1336 ut
2281 1296 2350 1337 ne
2390 1283 2558 1353 ipsam
2585 1287 2801 1356 quidem
2837 1304 3023 1347 vocem
3065 1291 3181 1361 ejus
3216 1294 3299 1351 vel
3346 1296 3468 1353 aliis

1889 1371 2091 1437 dicere,
2114 1373 2198 1428 vel
2225 1374 2293 1428 ab
2313 1374 2433 1432 aliis
2453 1378 2643 1434 audire
2664 1381 2976 1439 sustineret.
3020 1384 3136 1441 Non
3167 1389 3308 1443 enim
3336 1404 3467 1459 gau-

1888 1464 1978 1517 det
2019 1466 2281 1533 sanguine
2332 1467 2625 1539 Dominus,
2692 1488 2793 1530 nec
2830 1478 3132 1545 perditione
3186 1482 3462 1538 hominum

1888 1550 2099 1608 laetatur
2127 1556 2192 1609 ⁷⁷.
2242 1555 2426 1628 Longe
2468 1561 2641 1618 abest.
2686 1564 2903 1621 Creavit
2944 1569 3087 1624 enim
3159 1573 3341 1628 omnia
3406 1586 3466 1629 ut

205 1638 309 1693 τῶν
348 1640 656 1712 ἀνθρώπων
694 1643 881 1713 ἥδεται
912 1644 1307 1723 καταφθοραῖς.
1362 1648 1569 1703 Πολλοῦ
1598 1668 1661 1721 γε
1687 1652 1773 1707 καῖ

1885 1655 2069 1701 essent
2097 1647 2272 1719 (sicut
2301 1652 2560 1723 scriptum
2586 1664 2670 1710 est
2699 1655 2739 1729 ),
2787 1668 2844 1713 et
2869 1660 3136 1718 salutares
3186 1674 3317 1720 sunt
3372 1681 3465 1736 ge-

204 1732 297 1785 δεῖ.
353 1732 581 1786 Ἐκτισε
628 1734 737 1805 γὰρ
783 1736 864 1798 εὶς
892 1735 951 1789 τὸ
999 1731 1142 1790 εἶναι
1186 1738 1256 1791 τὰ
1292 1740 1502 1806 πάντα,
1540 1745 1680 1796 κατά
1720 1744 1773 1797 τὲ

1886 1740 2195 1796 nerationcs
2223 1743 2407 1797 mundi
2442 1744 2509 1800 ⁷⁸.
2547 1745 2652 1802 Sed
2694 1748 2859 1804 draco
2888 1762 3156 1820 apostata,
3199 1764 3258 1809 ut
3312 1731 3463 1812 mor-

203 1823 606 1895 γεγραμμένον,
632 1825 729 1879 καὶ
772 1828 1029 1899 σωτήριοι
1052 1830 1111 1881 αἰ
1153 1829 1397 1898 γενέσεις
1423 1832 1518 1886 τοῦ
1548 1835 1773 1907 κόσμου.

1886 1830 1954 1886 tis
2000 1831 2248 1887 inventor
2276 1842 2328 1889 et
2363 1849 2578 1903 parens,
2617 1839 2893 1894 hominum
2929 1842 3166 1899 caedibus
3226 1845 3462 1903 delecta-

215 1914 429 1985 Ἐπειδὴ
479 1914 539 1968 δέ
573 1918 690 1969 ἐστι
724 1916 956 1971 Θανάτου
979 1918 1073 1972 καὶ
1101 1920 1331 1993 εὑρετὴς
1359 1923 1452 1976 καὶ
1474 1925 1773 1997 πρόξενοςό

1889 1928 1993 1974 tur.
2021 1920 2232 1977 Nudum
2263 1924 2425 1996 igitur
2454 1942 2759 1984 sermonem
2794 1946 3011 2002 quoque
3049 1950 3211 2005 super
3256 1938 3341 1994 his
3376 1940 3461 1994 in-

200 2006 409 2077 δράκων
429 2006 459 2057 ὁ
489 2007 822 2078 ἀποστάτης,
844 2008 1017 2083 ταύτῃ
1036 2028 1117 2065 τοι
1137 2014 1255 2075 ταῖς
1272 2013 1573 2084 ἀνθρώπων
1593 2018 1773 2090 ἥδεται

1884 2013 2056 2066 visum
2089 2027 2210 2071 esse
2240 2016 2349 2072 Deo
2378 2018 2635 2085 declarat,
2658 2020 2883 2079 dicens:
2925 2044 2943 2076 ι
2965 2024 3069 2095 Ipsi
3110 2028 3328 2084 dicunt;
3360 2030 3461 2085 Sa-

204 2098 451 2165 σφαγαῖς.
482 2098 606 2150 Ὅτι
639 2098 817 2152 τοίνυν
842 2102 938 2153 καὶ
963 2101 1116 2170 ψιλὸς
1144 2104 1172 2156 ό
1193 2103 1285 2156 ἐπὶ
1312 2105 1487 2179 τούτῳ
1508 2107 1663 2177 λόγος
1689 2128 1781 2181 με-

202 2189 423 2259 μίσηται
461 2191 613 2262 παρὰ
652 2191 803 2262 Θεῷ,
844 2192 1124 2264 διατρανοῖ
1166 2196 1378 2266 λέγων’
1434 2218 1453 2252 ι
1480 2202 1645 2256 Αὐτοὶ
1686 2186 1777 2259 λέ·-

201 2297 367 2349 γουσι,
391 2282 605 2338 Θύσατε
630 2283 971 2355 ἀνθρώπους,
996 2286 1184 2358 μόσχοι
1201 2290 1309 2362 γὰρ
1335 2293 1727 2349 ἐκλελοίπασιν.
1753 2316 1771 2350 ι

201 2373 305 2426 Οὐκ
336 2375 489 2444 ἐμὸς,
520 2376 708 2445 φησὶν,
740 2378 768 2429 ό
795 2377 953 2445 λόγος
998 2380 1107 2432 οὐδ’
1125 2381 1191 2435 ἂν
1212 2384 1421 2455 εἴποιμί
1450 2404 1581 2440 ποτε
1601 2388 1779 2443 τοιάν-

200 2464 249 2517 δε
285 2469 489 2538 φωνήν.
536 2469 703 2523 Αὐτοὶ
747 2468 806 2522 δέ
861 2487 1024 2539 φασιν
1063 2473 1114 2524 οἱ
1146 2474 1254 2528 τῶν
1311 2476 1582 2547 δαιμόνων
1615 2479 1776 2551 θερα-

202 2558 409 2617 πευταὶ,
455 2558 519 2613 τὸ
541 2560 653 2613 δεῖν
701 2559 1025 2636 ἀνθρώπους
1058 2565 1353 2620 καταθύειν
1390 2570 1593 2635 αὐτοῖς.
1642 2568 1774 2626 Εἶτα

198 2649 408 2721 διαγελᾷ
458 2652 560 2723 τὴν
608 2652 819 2722 σκέψιν,
874 2656 968 2708 καὶ
1016 2656 1264 2730 διασύρει
1326 2658 1388 2712 τὸ
1426 2661 1772 2734 ἐγχείρημα,

197 2742 543 2813 προστιθεὶς,
605 2745 700 2797 καὶ
745 2745 949 2814 λέγων·
986 2766 1005 2799 ι
1047 2749 1237 2820 μόσχοι
1283 2751 1416 2823 γὰρ,
1446 2771 1465 2804 ι
1522 2755 1665 2809 κατά
1711 2756 1773 2810 τὸ

199 2836 355 2901 είκδς,
390 2856 409 2889 ι
432 2838 535 2891 ούκ
561 2833 703 2909 ἦσαν
732 2840 936 2902 αὐτοῖς.
974 2860 994 2893 s
1024 2842 1120 2897 Διά
1148 2843 1306 2897 τοῦτο
1328 2847 1656 2918 τετιμήκασι
1675 2849 1773 2920 τὴν

198 2928 563 3000 ὼδροφονίαν.
591 2930 729 2984 Ἀλλ’
754 2930 914 2997 ἔστω,
944 2934 1099 3004 φησὶ,
1128 2935 1497 3007 πεπλάνησθε,
1525 2939 1618 2991 καὶ
1647 2940 1773 3003 τοὺς

199 3021 455 3090 γλυπτούς
485 3040 567 3087 τε,
599 3024 692 3077 καὶ
728 3027 1034 3094 χωνευτοὺς
1074 3029 1408 3099 τετιμήκατε
1445 3029 1620 3095 θεούς.
1655 3033 1771 3085 ’Ἰνα

196 3116 243 3168 τί
267 3116 353 3168 καὶ
377 3117 574 3187 αἵμασι
599 3118 723 3182 τοὺς
746 3118 970 3173 ἐκείνων
999 3119 1214 3189 βωμοὺς
1237 3122 1626 3187 κατεδεύσατες
1653 3125 1772 3177 ‘Avo

199 3204 433 3276 έγνωμεν
465 3207 519 3260 δὲ
548 3209 605 3261 ἐν
643 3213 763 3273 ταῖς
793 3210 1125 3274 Βασιλείαις,
1165 3212 1246 3264 ὅτι
1285 3213 1508 3281 γέγονεν
1550 3215 1769 3268 Ἰωάθαν

1879 2105 2123 2163 criﬁcate
2153 2110 2420 2177 homines,
2461 2112 2611 2168 vituli
2652 2115 2795 2169 enim
2824 2116 3158 2177 deiecerunt.
3183 2139 3202 2172 ι
3231 2119 3347 2178 Non
3375 2134 3461 2179 est

1880 2199 2103 2255 verbum
2172 2216 2373 2267 meum,
2416 2204 2613 2274 inquit,
2655 2221 2755 2262 nec
2784 2223 3020 2279 unquam
3057 2210 3312 2282 loquerer
3355 2229 3459 2287 ego

1878 2293 2206 2363 huiusmodi.
2241 2296 2345 2366 Ipsi
2379 2306 2561 2354 autem
2606 2299 2845 2358 cultores
2899 2304 3197 2361 daemonum
3235 2307 3453 2370 dicunt,

1878 2384 2265 2442 sacriﬁcandos
2307 2388 2376 2444 ab
2407 2404 2466 2445 se
2496 2390 2763 2448 homines.
2794 2393 2998 2451 Deinde
3018 2396 3302 2452 consilium
3332 2398 3457 2454 irri-

1878 2475 1970 2529 det
2010 2485 2064 2530 et
2115 2477 2446 2533 molitionem
2509 2480 2843 2551 perstringit,
2914 2498 3034 2538 cum
3112 2486 3209 2549 ait,
3241 2502 3261 2537 ι
3303 2485 3453 2541 vituli

1876 2565 2039 2631 enim,
2084 2586 2103 2619 ι
2135 2578 2191 2620 ιιι
2224 2578 2642 2625 consentaneum
2689 2582 2793 2637 est,
2827 2572 3186 2645 «{nonerant
3237 2577 3388 2646 ipsis,
3427 2596 3448 2630 s

1878 2658 2082 2714 idcirco
2113 2660 2336 2715 honoris
2358 2675 2520 2716 causa
2540 2662 2743 2717 caedem
2767 2662 3042 2718 hominum
3070 2677 3451 2737 susceperunt.

1880 2750 2035 2821 181
2074 2749 2179 2805 Sed
2234 2762 2372 2817 esto,
2411 2752 2605 2822 inquit,
2635 2754 2971 2824 erraveritis,
3008 2757 3453 2830 sculptilibusque

1875 2851 1929 2896 et
1958 2840 2322 2898 conﬂatilibus
2357 2843 2459 2899 diis
2484 2846 2889 2901 venerationem
2923 2847 3227 2905 tribueritis
3270 2889 3286 2915 ,
3314 2864 3451 2919 qua-

1877 2947 1938 2988 re
1986 2934 2149 2988 etiam
2220 2936 2458 2990 humano
2512 2936 2776 3007 sanguine
2813 2937 3025 2993 illorum
3075 2954 3198 2995 aras
3265 2940 3455 2997 imbui-

1883 3024 2027 3078 stis?
2065 3024 2321 3093 Legimus
2378 3027 2431 3080 in
2473 3028 2625 3081 Ilbris
2682 3027 2910 3098 Regum,
2967 3030 3134 3085 lilium
3217 3030 3449 3089 Joathan

1873 3114 2040 3169 fuisse
2065 3116 2267 3182 Achaz,
2298 3118 2391 3186 qui
2418 3119 2664 3187 regnavit
2696 3134 2858 3189 super
2888 3119 3118 3176 Iudam:
3158 3124 3448 3179 «Ambula-

1872 3208 1948 3260 vit
1988 3222 2113 3261 vero
2155 3208 2206 3261 in
2250 3208 2333 3261 via
2363 3223 2548 3275 regum
2582 3210 2770 3274 Israel,
2798 3221 2852 3265 et
2883 3212 3119 3267 adolevit
3165 3213 3446 3270 incensum

199 3295 303 3358 υίὸς
345 3297 530 3367 Ἀχάζ,
576 3298 635 3362 ὃς
693 3298 1044 3354 ὲὸασίλευσεν
1077 3302 1169 3355 ἐπὶ
1208 3303 1300 3356 τὸν
1345 3304 1565 3359 Ἰούδαν·
1606 3323 1623 3355 ι
1661 3306 1767 3359 Πε-

1874 3297 1924 3350 in
1965 3297 2217 3362 excelsis,
2243 3309 2297 3351 et
2337 3299 2612 3353 transtulit
2638 3300 2803 3355 (ilium
2834 3316 2991 3356 suum
3012 3319 3109 3372 per
3138 3304 3316 3375 ignem
3338 3306 3442 3371 ",s

198 3386 448 3459 πύρευταί
482 3406 545 3457 γε
584 3390 691 3462 μὴν
725 3392 782 3444 ὲν
820 3392 924 3463 6δῷ
953 3392 1220 3463 βασιλέων
1261 3396 1503 3467 Ἰσραὴλ,
1534 3397 1628 3450 καὶ
1654 3396 1768 3450 ἐθυ-

201 3479 289 3547 μία
320 3481 415 3549 μὲν
464 3484 522 3535 ὲν
555 3485 668 3547 τοῖς
718 3483 939 3553 ὑψηλοῖς
961 3524 974 3547 ,
1015 3486 1243 3556 διήγαγε
1291 3488 1348 3540 δὲ
1380 3489 1475 3541 καὶ
1510 3487 1601 3541 τὸν
1637 3488 1765 3541 ἴδιον

197 3571 298 3624 υἱὸν
324 3574 380 3627 ὲν
411 3576 569 3645 πυρὶ,
611 3594 630 3627 s
676 3576 770 3629 καὶ
801 3580 913 3642 τοῖς
948 3578 1245 3649 δαιμονίοις
1289 3580 1555 3633 κατέθυσε
1581 3581 1672 3634 τὸν
1706 3578 1764 3646 ἐξ

198 3662 347 3717 αὑτοῦ
395 3665 593 3734 φύντα,
645 3666 740 3722 καὶ.
780 3670 1165 3739 γεγενημένον.
1214 3671 1429 3743 Ἐπειδὴ
1459 3672 1516 3725 δὲ
1538 3671 1764 3727 τοιαῦτα

196 3752 533 3823 δεδράκασιν,
582 3755 830 3823 ἔσονται,
861 3760 1054 3829 φησιν,
1097 3778 1114 3811 ι
1162 3760 1248 3822 Ὠς
1275 3760 1473 3830 νεφέλη
1511 3762 1723 3832 πρωῖνὴ
1746 3803 1760 3826 ,

199 3844 281 3896 καὶ
308 3844 378 3908 ὼς
406 3846 597 3917 δρόσος
616 3888 630 3911 ,
655 3846 732 3910 ὡς
764 3848 949 3917 χνοῦς,
986 3849 1079 3903 καὶ
1109 3849 1184 3913 ῶς
1210 3850 1375 3919 ἀτμὶς
1412 3851 1477 3904 ὲκ
1506 3851 1768 3905 καπνοδό-

198 3952 348 4006 me,»
394 3939 691 4003 τουτέστιν,
738 3939 919 4009 ὀλίγον
952 3940 1230 4009 ὀφθέντες,
1283 3944 1593 4013 οἰχήσονται
1629 3943 1765 4013 πρὸς

199 4026 477 4094 ἀπώλειαν,
504 4032 598 4085 καὶ
626 4032 933 4101 βαδιοῦνται
955 4033 1092 4103 πρὸς
1112 4034 1173 4088 τὸ
1205 4033 1393 4104 μηδέν.
1420 4033 1637 4105 Νεφέλη
1658 4033 1766 4104 γὰρ

201 4118 417 4189 πρωῖνη,
454 4120 762 4186 τουτέστιν,
795 4124 985 4193 ἀχλὺς,
1018 4123 1207 4195 δρόσος
1250 4140 1311 4176 τε
1347 4124 1440 4176 καὶ
1466 4123 1643 4193 χνοῦς,
1673 4126 1765 4178 καὶ

198 4205 347 4276 ἀτμὶς
390 4211 457 4264 ὲκ
509 4212 864 4283 καπνοδόκης,
923 4214 1304 4285 εὑδιαρίπιστά
1362 4214 1509 4278 ἐστι,
1565 4215 1658 4268 καὶ
1706 4216 1765 4268 ὲν

1870 3396 1925 3440 et
1951 3403 2014 3442 ex
2046 3404 2105 3442 se
2134 3400 2309 3443 ortum
2352 3406 2416 3445 ac
2442 3392 2680 3460 genitum
2727 3394 3059 3450 darmonibus
3095 3398 3444 3457 sacriﬁcavit.

1873 3477 1940 3531 Et
1969 3480 2094 3547 quia
2134 3480 2234 3534 ista
2265 3481 2532 3546 fecerunt,
2560 3493 2738 3548 erunt,
2769 3482 2965 3552 inquit,
2990 3504 3009 3537 ι
3035 3496 3093 3541 ut
3123 3489 3292 3543 nubes
3328 3506 3445 3545 ma-

1868 3569 2061 3633 tutina,
2098 3579 2153 3623 et
2199 3578 2257 3623 ut
2294 3586 2404 3636 ros,
2436 3581 2493 3625 ut
2536 3571 2729 3638 pulvis,
2762 3580 2819 3626 ut
2870 3589 3050 3643 .vapor
3094 3592 3157 3631 ex
3204 3579 3439 3647 camino,

1864 3672 1956 3714 seu
1978 3662 2281 3728 vaporario,
2312 3679 2332 3713 ι
2359 3664 2459 3717 hoc
2477 3671 2584 3728 est,
2615 3678 2737 3718 cum
2766 3665 2832 3720 ad
2856 3667 3019 3721 breve
3049 3676 3259 3738 tempus
3280 3686 3445 3741 appa-

1873 3754 2102 3818 ruerint,
2136 3754 2187 3807 in
2217 3755 2440 3808 exiliunt
2481 3757 2729 3824 abibunt,
2758 3766 2812 3813 et
2846 3759 2897 3813 in
2958 3761 3183 3816 nihilum
3241 3777 3443 3818 evane-

1864 3853 2039 3898 scent.
2078 3843 2261 3900 Nubes
2306 3848 2449 3899 enim
2490 3851 2775 3915 matutiua,
2817 3853 2918 3905 hoc
2948 3862 3063 3915 est,
3097 3854 3321 3916 nebula,
3356 3869 3445 3911 ros

1865 3938 2014 4005 item,
2052 3950 2105 3995 et
2134 3941 2326 4010 pulvis,
2351 3952 2405 3996 et
2435 3958 2601 4011 vapor
2637 3960 2700 3999 ex
2738 3945 2950 4000 camino
3014 3946 3171 4002 facile
3227 3949 3442 4003 diman-

1866 4040 1972 4096 tur,
2001 4042 2054 4085 et
2086 4032 2319 4100 pauxillo
2352 4042 2612 4104 tempore,
2638 4035 2745 4089 imo
2783 4037 2911 4090 hora
2938 4053 3063 4103 una,
3086 4039 3435 4109 dissipantur.

1863 4122 2050 4190 Qualis
2102 4125 2244 4179 enim
2272 4134 2366 4179 aut
2422 4127 2679 4194 pulveris,
2712 4139 2805 4183 aut
2842 4130 2999 4196 roris,
3023 4142 3119 4186 aut
3170 4147 3236 4187 ex
3290 4133 3439 4189 l'umo

1863 4216 2162 4271 constantis
2201 4218 2411 4285 vaporis
2450 4219 2831 4274 subsistentia?

200 4294 441 4368 ὀλιγοστῷ
477 4300 767 4370 ,παντελῶς
813 4301 1211 4356 διασκίδνανται
1254 4303 1462 4374 χρόνῳ,
1497 4302 1693 4373 μᾶλλον
1728 4302 1787 4355 δὲ
1846 4302 1940 4357 καὶ
1963 4304 2020 4356 ὲν
2066 4303 2185 4377 ῶρᾳ
2254 4309 2368 4378 μιᾷ.
2394 4308 2529 4361 Ποία
2568 4309 2676 4380 γὰρ
2725 4308 3020 4377 ὑπόστασις
3059 4313 3093 4385 ἢ
3160 4315 3334 4384 χνοὸς,
3397 4316 3434 4389 ἢ

200 4387 391 4457 δρόσου,
444 4391 614 4461 ἤγουν
665 4393 764 4464 τῆς
797 4395 863 4448 ὲκ
896 4395 1108 4450 καπνοῦ
1145 4397 1542 4468 συνισταμένης
1594 4396 1848 4468 ἀτμίδος;

466 4538 849 4625 ΤΟΜΟΣ
922 4537 1470 4629 ΕΒΔΟΜΟΣ.
1788 4518 1834 4573 θ

272 4686 401 4757 Ἐγὼ
429 4688 499 4744 δὲ
521 4692 737 4761 Κύριος
758 4696 791 4747 ὀ
830 4697 975 4761 Θεός
1008 4710 1144 4761 σου,
1180 4699 1213 4749 ό
1247 4695 1509 4765 στερεῶν
1528 4697 1635 4751 τὸν
1661 4699 1756 4753 οὑν

196 4776 385 4846 ρανὸν,
433 4780 533 4834 καὶ
576 4781 785 4842 κτίζων
838 4782 974 4854 γῆν,
1026 4780 1098 4840 οὗ
1134 4788 1194 4839 al
1246 4786 1441 4854 χεῖρες
1501 4786 1754 4842 ἔκτισαν

199 4866 533 4941 πᾶσανιτήν
569 4881 858 4942 στρατιὰν
890 4876 999 4930 τοῦ
1038 4878 1319 4945 οὐρανοῦ,
1370 4880 1469 4933 καὶ
1502 4882 1575 4934 οὐ
1606 4896 1756 4950 πσρ-

198 4956 375 5025 έδειξὰ
388 4979 490 5019 σοι
516 4965 690 5028 αὐτὰ,
706 4965 813 5020 τοῦ
830 4967 1190 5034 πορεύεσθαι
1218 4970 1410 5023 ὀπίσω
1439 4969 1742 5042 αὐτῶν(1).

258 5052 433 5109 ΡΜΗ’.
496 5056 807 5128 Ἐλέγχεταί
866 5075 984 5123 πως
1033 5060 1118 5113 ἀεὶ
1166 5061 1267 5130 τῆς
1317 5062 1661 5131 ψευδοδοξίας
1694 5064 1757 5117 τὸ

198 5140 406 5209 ἀκαλλὲς
432 5145 531 5216 τῆς
552 5146 783 5214 ἀληθοῦς
808 5147 1060 5215 γνώσεως
1079 5153 1158 5215 είς
1182 5152 1346 5223 μέσον
1372 5154 1753 5226 ὲνηνεγμένης,

198 5234 277 5287 καὶ
309 5237 465 5291 οἱονεὶ
491 5239 667 5309 φωτὸς
688 5240 1097 5313 ἀναλάμποντος
1124 5244 1199 5307 ὡς
1226 5244 1284 5297 ὲν
1307 5246 1479 5309 νυκτὶ,
1505 5247 1597 5301 καὶ
1622 5248 1748 5301 σκό-

197 5338 282 5393 τῳ,
327 5328 416 5381 τοῦ
464 5330 601 5401 πρὸς
641 5330 910 5404 ὀρθότητα
954 5333 1229 5405 λογισμῶν
1280 5336 1749 5405 παιδαγωγοῦντος

198 5412 355 5484 λόγου.
385 5420 504 5474 Ὀτι
542 5421 722 5477 τοίνυν
742 5426 839 5493 τῆς
861 5426 1089 5479 ἁπασῶν
1131 5427 1365 5498 ἐσχάτης
1399 5429 1749 5500 ἀναπιμπλά-

200 5524 331 5577 μενοι
382 5514 724 5579 δυσϐουλίας,
764 5516 1057 5588 ἀθλότητος
1110 5520 1189 5582 είς
1261 5519 1413 5590 λῆξιν
1449 5519 1616 5583 ἰόντες
1650 5521 1749 5592 τὴν

256 5685 297 5717 ⁷⁷
327 5686 455 5745 Tob.
482 5705 565 5755 ιιι,
594 5687 686 5743 22.
759 5691 803 5723 ’⁸
832 5692 959 5762 Sap.
997 5706 1035 5756 I,
1077 5693 1162 5747 14.
1240 5693 1285 5725 ⁷³
1315 5692 1380 5749 IV
1411 5692 1545 5768 Reg.
1587 5711 1697 5765 va,
1737 5696 1787 5751 ’5.

262 5838 328 5909 (1)
356 5840 475 5901 Ilzec
507 5854 633 5901 sunt
672 5845 822 5904 Isaiae
848 5847 1143 5921 prophetre,
1171 5863 1290 5914 xcv,
1320 5847 1405 5904 I8.

2097 4553 2345 4646 TOM
2373 4557 2503 4644 US
2575 4556 3213 4649 SEPTIMUS.

1933 4703 2046 4773 Ego
2064 4712 2234 4757 autem
2274 4702 2527 4757 Dominus
2553 4704 2691 4759 Deus
2721 4715 2863 4771 tuus,
2889 4705 3110 4774 ﬁrmans
3140 4706 3347 4774 mlum,
3381 4717 3431 4764 et

1858 4812 2041 4850 creans
2089 4806 2304 4860 terram,
2357 4795 2504 4861 cuius
2558 4813 2745 4852 manus
2783 4808 3085 4852 creaverunt
3134 4799 3430 4855 universam

1859 4887 2103 4940 militiam
2154 4887 2288 4955 caeli,
2315 4897 2363 4942 et
2397 4904 2501 4942 non
2534 4889 2737 4944 ostendi
2772 4888 2866 4943 tibi
2894 4889 3008 4959 ipsa
3036 4899 3091 4944 ut
3131 4891 3430 4947 ambulans

1857 4989 1971 5048 post
2015 4994 2097 5031 ea.

1929 5067 2204 5125 CXLVIII.
2238 5069 2501 5141 Perpetuo
2536 5072 2649 5126 fere
2681 5070 2935 5127 falsarum
2965 5073 3281 5142 opinionum
3312 5080 3431 5130 tur-

1858 5162 2049 5230 pitudo
2069 5164 2497 5231 reprehenditur,
2513 5177 2637 5218 vera
2656 5165 2844 5219 notitia
2870 5165 2924 5219 in
2964 5165 3201 5221 medium
3228 5168 3431 5236 produ-

1853 5260 1964 5314 cta,
2005 5261 2059 5305 et
2085 5252 2239 5322 quasi
2267 5267 2389 5306 cum
2420 5251 2598 5306 lumen
2626 5252 2678 5306 in
2715 5263 2873 5309 nocte
2900 5262 2956 5309 et
2984 5254 3039 5310 in
3087 5256 3327 5313 tenebris
3350 5272 3431 5312 re-

1855 5342 2119 5412 splendet,
2138 5356 2390 5398 sermone
2410 5346 2475 5398 ad
2501 5342 2699 5412 probas
2719 5343 3070 5415 cogitationes
3088 5345 3427 5403 instituente.

1857 5432 2128 5488 Israelitas
2170 5434 2355 5504 igitur,
2390 5443 2447 5489 ut
2494 5444 2738 5491 extrema
2804 5435 3040 5506 repletos
3078 5436 3423 5506 insipientia.

1856 5524 1922 5579 ad
1970 5532 2266 5581 extremam
2297 5540 2613 5598 progressos
2650 5528 2947 5596 miseriam,
2982 5525 3341 5583 conﬂatilibus
3370 5531 3426 5587 αι
