4068 6586
603 458 711 521 305

1598 463 1655 515 S.
1696 457 1970 515 CYRILLI
2012 455 2481 515 ALEXANDle
2521 457 2840 513 ABGHIL‘P.
2926 470 2930 479 '

3771 454 3875 510 σοι

601 580 855 654 operibus
890 572 1159 633 artiﬁcum
1216 588 1346 632 vere
1386 584 1442 630 et
1493 584 1683 630 natura
1755 575 1864 630 Deo
1908 576 2167 645 praeteriti

2288 574 2548 626 ἀνωτάτω
2577 570 2835 643 χώνευμά
2855 588 2935 635 τε,
2962 569 3056 625 καὶ
3072 569 3341 625 τεκτόνων
3362 567 3496 641 ἔργα
3514 569 3874 639 τετιμήκασιν

602 672 843 727 adoratis
886 669 1204 735 insectatur,
1233 668 1417 722 dicens
1470 682 1673 723 seesse
1705 668 1795 738 qui
1842 668 2037 722 coelum
2089 668 2179 721 ﬁr~

602 762 853 825 maverit,
887 770 942 815 et
1002 768 1202 814 terram
1276 758 1620 821 stabiliverit,
1662 769 1717 813 et
1770 769 1915 813 astra
1968 758 2172 813 fecerit.

601 851 906 921 Exprebrat
933 858 1133 913 autem,
1167 848 1308 918 quod
1346 856 1401 901 ut
1430 849 1672 917 putidum
1725 848 1978 917 quiddam
2038 863 2178 918 prae.

600 944 988 1006 termittentes,
1025 955 1120 1009 per
1162 955 1224 993 ea
1256 954 1375 1008 quae
1422 939 1558 995 facta
1593 949 1719 993 sunt
1764 954 1921 1010 posse
1955 938 2180 995 factoris

598 1034 826 1105 gloriam
868 1047 1216 1104 cognoscere,
1259 1032 1325 1086 iis
1365 1032 1433 1085 ad
1492 1045 1734 1087 errorem
1808 1046 1966 1087 suum
2024 1030 2176 1085 abusi

598 1129 725 1182 sint.
766 1127 856 1180 Ait
881 1125 1048 1191 enim,
1076 1138 1181 1178 non
1214 1124 1334 1179 ideo
1374 1122 1536 1189 facta,
1566 1132 1624 1176 ut
1659 1123 1725 1178 de
1773 1123 1951 1177 divina
2007 1122 2175 1193 gloria

600 1220 798 1291 aliquid
834 1218 1175 1281 imminuant,
1202 1231 1231 1271 a
1257 1215 1573 1271 mortalibus
1591 1214 1695 1270 diis
1716 1215 2058 1281 existimata;
2085 1216 2179 1271 sed

598 1322 678 1377 nt,
731 1309 1181 1381 quemadmodum
1225 1308 1301 1362 ait
1324 1306 1615 1377 Scriptura
1645 1321 1926 1374 sacra,ex
1970 1307 2177 1377 magni-

599 1406 784 1461 tudine
830 1413 885 1458 et
926 1402 1325 1472 pulchritudine
1386 1410 1787 1466 creaturarum,
1832 1404 2179 1472 proportione

598 1512 751 1551 mens
786 1493 1194 1563 intelligentiutn
1225 1508 1442 1548 sursum
1466 1494 1532 1547 ad
1567 1494 1874 1549 Conditoris
1917 1495 2175 1550 virtutem

596 1599 651 1640 et
679 1585 975 1654 opilicium,
1004 1592 1265 1653 quantum
1316 1582 1431 1637 ﬁeri
1466 1592 1664 1653 potest,
1692 1582 2033 1638 evehatur“.
2064 1583 2175 1638 ita-

598 1693 701 1747 que
729 1692 831 1730 non
864 1676 1103 1731 ostendit
1129 1675 1283 1730 nobis
1306 1675 1497 1746 Opifex
1533 1684 1857 1741 creaturam,
1901 1684 1960 1731 ut
1986 1676 2177 1731 adore-

599 1778 687 1823 tur
716 1783 744 1821 a
773 1767 950 1821 nobis.
980 1765 1118 1820 Hinc
1137 1776 1188 1821 et
1215 1767 1534 1820 testiﬁcatus
1558 1776 1755 1835 estper
1774 1764 1988 1836 Moysen
2016 1780 2028 1815 :
2061 1784 2080 1817 ι
2112 1766 2178 1821 Ει

598 1877 685 1925 ne,
705 1876 826 1914 cum
854 1858 1160 1926 respexeris
1189 1858 1241 1911 in
1272 1856 1490 1923 coelum,
1510 1868 1563 1912 et
1581 1858 1779 1912 videris
1809 1858 2064 1923 soicm,et
2090 1859 2174 1913 iu-

597 1968 740 2017 uam,
768 1962 821 2005 et
848 1952 1051 2017 stellas,
1091 1950 1249 2020 182
1284 1957 1338 2004 et
1358 1964 1573 2005 omnem
1614 1960 1863 2004 ornatum
1906 1951 2052 2017 cmii,
2086 1951 2177 2006 de-

592 2055 780 2115 ceptus
821 2045 1015 2098 adores
1044 2056 1261 2111 eaquae
1291 2040 1566 2097 distribuit
1594 2042 1849 2097 Dominus
1884 2043 2025 2097 Deus
2057 2052 2178 2097 tuus

591 2136 842 2191 omnibus
888 2134 1134 2205 gentibus
1163 2149 1283 2203 qua:
1328 2135 1429 2189 sub
1457 2132 1594 2188 caelo
1622 2145 1749 2189 sunt
1778 2132 1893 2190 δεδι
1919 2134 1999 2188 Ilii
2045 2150 2175 2190 vero

591 2228 879 2284 distributa
910 2228 975 2281 ad
1008 2225 1391 2280 iudicationem
1424 2234 1753 2294 temporum,
1783 2238 1838 2280 et
1878 2230 1942 2279 ad
1974 2228 2172 2281 illumi-

592 2321 826 2375 nandum
871 2320 1062 2373 orbem
1087 2317 1133 2349 ⁸³
1176 2318 1469 2371 constituta
1536 2320 1665 2371 deos
1728 2318 2089 2388 appellabant,
2125 2327 2180 2374 et

590 2412 836 2484 precibus
864 2424 927 2465 ea
959 2409 1138 2465 coiere
1162 2424 1269 2463 non
1311 2408 1757 2468 rel'nrtnidabant.
1791 2412 1929 2478 Quin
1970 2412 2055 2466 his
2084 2413 2178 2464 ad-

591 2505 695 2558 huc
740 2502 956 2558 infanda
988 2501 1162 2571 magis
1190 2513 1493 2570 quaerentes
1522 2503 1702 2557 miseri
1730 2545 1745 2569 ,
1778 2504 1953 2558 i'nsilia
2006 2516 2060 2559 et
2107 2503 2174 2558 li-

592 2609 697 2663 gna
738 2594 790 2648 in
820 2594 1041 2648 deorum
1095 2592 1212 2647 loco
1248 2594 1604 2657 honorabant,
1645 2592 1918 2649 fabrorum
1950 2596 2174 2651 aerario-

592 2704 732 2753 rum,
764 2686 1098 2754 aliorumque
1152 2684 1421 2739 artiﬁcum
1464 2685 1691 2739 artiﬁcia
1746 2686 2059 2742 adorantes.

2281 669 2329 719 oi
2359 666 2419 730 ἐξ
2464 665 2702 736 Ἰσραὴλ,
2729 666 2823 741 τὸν
2848 662 3066 735 ἀληθῶς
3102 663 3195 717 καὶ
3239 662 3397 732 φύσει
3436 662 3875 734 παρατρέχοντες

2282 756 2440 816 Θεὸν,
2464 755 2780 825 ἀπελέγχει,
2806 754 3002 823 λέγων,
3027 754 3101 818 ὼς
3133 755 3215 823 εἴη
3245 754 3344 823 μὲν
3378 754 3557 818 αὐτὸς,
3582 756 3612 806 6
3639 752 3873 823 στερεῶν

2280 850 2527 922 οὐρανὸν,
2549 849 3036 921 διαστηριξάμενος
3056 849 3112 902 δὲ
3139 850 3233 917 καὶ
3254 848 3381 917 γῆν,
3405 848 3501 907 καὶ
3522 847 3632 905 τῶν
3656 848 3872 918 ἄστρων

2279 946 2307 996 6
2342 943 2592 1013 ποιητής.
2642 941 3010 1005 Κατονειδίςει
3042 939 3100 995 δὲ
3123 982 3138 1004 ,
3184 941 3569 1011 ὅτινπαρέντες
3596 940 3677 1003 ὡς
3709 938 3873 992 ἕωλον

2278 1036 2339 1088 τὸ
2365 1035 2456 1088 διά
2483 1034 2592 1088 τῶν
2623 1033 2926 1102 γεγονότων
2960 1033 3229 1088 δύνασθαι
3254 1034 3354 1106 τὴν
3390 1032 3484 1088 τοῦ
3511 1034 3873 1104 πεποιηκότος

2279 1125 2436 1192 δόξαν
2461 1125 2787 1196 ἀναμαθείν,
2811 1125 3089 1196 πρόφασιν
3114 1125 3254 1179 αύτά
3273 1127 3370 1196 τῆς
3390 1126 3599 1189 οἰκείας
3620 1124 3874 1194 πεποίην-

2276 1236 2368 1271 ται
2391 1218 2619 1289 πλάνης.
2670 1217 2812 1269 Ἀλλ’
2862 1218 2921 1270 ού
2964 1217 3053 1270 διὰ
3090 1216 3250 1271 τοῦτο
3280 1217 3617 1285 γεγόνασιν,
3641 1218 3731 1270 ἵνα
3780 1217 3872 1288 τὴν

2279 1307 2430 1362 Θείαν
2459 1307 2687 1363 ἀδικῶσι
2735 1307 2924 1372 δόξαν,
2965 1308 3023 1361 ἐν
3054 1306 3322 1379 ὑπολήψει
3382 1306 3521 1361 θεῶν
3563 1307 3873 1378 εἰλημμένα

2276 1403 2389 1465 τοῖς
2414 1402 2521 1454 ἐπὶ
2540 1402 2643 1473 γῆς
2666 1416 2680 1429 ⁸
2717 1399 2833 1453 ἀλλ’
2867 1400 2954 1461 ἵν’,
2987 1399 3063 1469 ὡς
3091 1400 3196 1471 ἔφη
3230 1399 3289 1452 τὸ
3334 1400 3574 1471 Γράμμα
3600 1399 3666 1451 τὸ
3698 1399 3869 1469 ἱερὸν,

2278 1493 2386 1547 ἀπὸ
2447 1493 2713 1563 μεγέθους
2776 1493 2871 1547 καὶ
2920 1492 3181 1563 καλλονῆς
3233 1492 3549 1562 κτισμάτων
3599 1491 3873 1559 ἀναλόγως

2277 1584 2620 1657 ἀναθρώσκοι
2651 1584 2763 1639 τῶν
2795 1584 3089 1638 συνιέντων
3120 1586 3148 1637 6
3177 1583 3306 1648 νοῦς
3332 1585 3411 1646 είς
3443 1581 3754 1653 κατάληψιν
3777 1584 3872 1653 τήν

2277 1676 2630 1747 ἐνδεχομένην
2671 1678 2771 1749 τῆς
2801 1676 2894 1730 τοῦ
2939 1678 3302 1748 πεποιηκότος
3359 1675 3645 1747 δυνάμεώς
3677 1692 3741 1731 τε
3781 1678 3872 1730 καὶ

2275 1766 2513 1837 τέχνης.’
2541 1766 2753 1821 Οὐκοῦν
2781 1768 2843 1821 οὐ
2887 1767 3173 1838 παρέδειξε
3201 1768 3301 1839 τὴν
3332 1766 3513 1821 κτίσιν
3538 1769 3675 1837 ἡμῖν
3710 1768 3739 1819 ό
3781 1770 3873 1836 Δη-

2282 1861 2561 1930 μιουργὺς,
2589 1860 2675 1913 ἵνα
2720 1861 3093 1932 προσκυνῆται
3126 1860 3257 1932 πρὸς
3278 1860 3458 1932 ἡμῶν.
3482 1860 3591 1915 Καὶ
3620 1859 3757 1927 γοῦν
3784 1862 3874 1915 καὶ

2211 1932 2789 2023 Βπροδιεμαρτύρατο
2840 1951 3015 2020 λέγων
3070 1952 3157 2007 διά
3214 1951 3481 2015 Μωσέωςσ
3551 1970 3571 2005 ι
3629 1952 3741 2006 Καὶ
3800 1952 3872 2023 μὴ

2280 2042 2589 2112 ἀναϐλέψας
2626 2045 2706 2106 εἰς
2735 2042 2826 2096 τὸν
2854 2042 3103 2114 οὐρανὸν,
3129 2044 3225 2097 καὶ⁸
3267 2040 3393 2096 ίδὼν
3423 2042 3515 2097 τὸν
3550 2043 3710 2115 ἥλιον
3733 2086 3749 2110 ,
3780 2047 3873 2097 καὶ

2281 2134 2379 2205 τὴν
2412 2134 2662 2205 σελήνην.
2688 2134 2784 2187 καὶ
2814 2135 2941 2197 τοὺς
3002 2132 3268 2204 ἀστέρας,
3296 2133 3393 2188 καί¹
3418 2132 3597 2187 πάντα
3643 2132 3740 2188 τὸν
3788 2133 3873 2187 κό-

2280 2244 2417 2296 σμον
2443 2225 2536 2279 τοῦ
2586 2224 2851 2298 οὐρανοῦ,
2896 2225 3194 2296 πλανηθεὶς
3235 2226 3621 2297 προσκυνήσῃς
3652 2225 3870 2287 αὐτοῖς.

2276 2321 2370 2374 καὶ
2430 2319 2734 2392 λατρεύσῃς
2796 2318 3003 2384 αὐτοῖς,
3045 2317 3081 2371 ἃ
3116 2317 3382 2387 ἀπένειμε
3436 2316 3640 2390 Κύριος
3677 2318 3707 2371 6
3743 2317 3872 2380 Θεός

2274 2427 2371 2463 σου
2394 2448 2409 2473 ,
2443 2411 2579 2463 πᾶσι
2618 2411 2731 2472 τοῖς
2762 2407 2942 2461 ἔθνεσι
2981 2408 3094 2470 τοῖς
3133 2407 3392 2462 ὑποκάτω
3418 2406 3513 2459 τοῦ
3548 2407 3810 2478 οὐρανοῦ.
3847 2426 3863 2457 ι

2276 2503 2343 2555 0i
2375 2502 2431 2556 δὲ
2457 2502 2525 2555 τὰ
2549 2499 2923 2571 ἐκνεμηθέντα
2958 2499 3095 2570 πρὸς
3123 2498 3333 2570 καιρῶν
3366 2498 3650 2566 ἐπίδειξιν,
3683 2500 3779 2553 καὶ
3815 2501 3870 2552 ἐν

2276 2593 2581 2664 φωστήρων
2624 2590 2777 2656 τάξει
2810 2589 3196 2661 καθεσταμένα
3226 2590 3384 2655 θεοὺς
3424 2591 3710 2662 ὠνόμαζον
3733 2632 3748 2654 .
3783 2593 3871 2645 καὶ

2279 2686 2607 2756 προσκυνεῖν
2637 2683 2992 2754 ἀπετόλμων,
3026 2683 3122 2736 καὶ
3162 2683 3233 2737 τά
3262 2683 3343 2738 ἔτι
3371 2683 3577 2739 τούτων
3623 2684 3868 2755 αἰσχίονα

590 2781 879 2852 ζητοῦντες
905 2780 955 2833 οἱ
994 2778 1237 2844 δείλαιοι,
1268 2777 1525 2851 χὼνευμά
1562 2797 1641 2843 τε,
1684 2780 1777 2834 καὶ
1817 2781 1949 2848 ξύλα
1983 2783 2339 2855 τετιμήκασιν
2371 2781 2446 2843 ὡς
2480 2779 2657 2845 θεοὺς,
2694 2781 2794 2850 τὴν
2827 2778 3184 2849 χαλκουργῶν
3250 2778 3344 2832 καὶ
3388 2779 3661 2835 τεκτόνων
3701 2796 3867 2849 προσ-

588 2875 875 2937 κυνοῦντες
905 2872 1121 2943 τέχνην.
3640 2912 3641 2917 η

660 2966 824 3021 Vens.
866 2964 920 3027 4,
956 2964 1011 3017 5.
1048 2961 1116 3017 Ει
1158 2980 1251 3033 ego
1302 2966 1460 3019 eduxi
1518 2978 1565 3020 te
1615 2968 1679 3020 de
1732 2977 1873 3022 terra
1918 2968 2164 3038 zEgypti,

2335 2961 2445 3016 Kal
2485 2960 2602 3031 ἐγὼ
2655 2959 2964 3031 ἀνήγαγόν
2995 2976 3070 3015 σε
3129 2959 3200 3013 ἐκ
3241 2957 3356 3027 γῆς
3388 2960 3715 3028 Αἰγύπτου,
3759 2965 3859 3018 καὶ

587 3066 636 3111 et
688 3056 855 3110 Deum
893 3064 1084 3123 praeter
1113 3071 1195 3110 me
1240 3073 1345 3110 non
1386 3073 1683 3127 cognosces,
1723 3070 1769 3113 et
1808 3059 2041 3113 salvator
2066 3076 2167 3114 non

2269 3053 2417 3109 Θεὸν
2447 3051 2616 3121 πλὴν
2643 3052 2790 3122 ἐμοῦ
2818 3056 2891 3107 οὐ
2919 3051 3123 3123 γνώσῃ
3148 3091 3166 3119 ,
3218 3052 3319 3105 καὶ
3349 3052 3552 3112 σώζων
3576 3058 3691 3110 οὐκ
3732 3057 3866 3112 ἐστι

587 3158 661 3201 est
703 3147 894 3216 absque
918 3163 1018 3202 me.
1053 3147 1163 3218 Ego
1220 3148 1496 3217 pascebam
1557 3160 1604 3203 te
1633 3152 1705 3215 ,in
1758 3152 2059 3218 solitudine,
2115 3155 2167 3204 in

2268 3146 2457 3215 πάρεξ
2476 3145 2644 3215 ἐμοῦ.
2686 3143 2836 3214 Ἐγὼ
2864 3145 3221 3215 ἐποίμαινόν
3245 3161 3320 3199 σε
3354 3145 3426 3198 ἐν
3444 3144 3519 3214 τῇ
3548 3146 3768 3217 ἐρήμῳ,
3797 3150 3866 3203 ἐν

588 3252 728 3293 terra
765 3238 1099 3293 inhabitabili
1152 3241 1437 3293 secundum
1476 3257 1669 3309 pascua
1700 3259 1898 3295 eorum.

2268 3238 2346 3308 τῇ
2371 3238 2655 3306 ἀοικήτῳ,
2699 3238 2849 3293 κατὰ
2876 3240 2983 3305 τὰς
3010 3238 3200 3309 νομὰς
3227 3239 3447 3294 αὐτῶν.

657 3329 888 3387 CXLIX.
941 3330 1105 3385 Multa
1141 3330 1281 3385 inest
1321 3331 1372 3385 in
1401 3331 1487 3385 his
1508 3333 1743 3399 stuporis
1775 3348 1838 3387 ac
1886 3333 2167 3387 dementiae

2341 3331 2520 3385 PMB'.
2553 3331 2726 3393 Πολὺς
2759 3333 2818 3385 ὲν
2841 3330 3050 3395 τούτοις
3071 3332 3169 3402 τῆς
3190 3331 3548 3404 ἀναισθησίας
3572 3336 3601 3387 6
3624 3334 3861 3406 ἔλεγχος,

588 3421 923 3491 redargutio,
957 3430 1334 3490 ponunturque
1361 3422 1553 3476 ordine
1575 3422 1896 3476 auxiliorum
1928 3437 2123 3492 genera
2147 3462 2160 3481 .

2271 3424 2366 3477 ml.
2398 3424 2666 3479 τέθεινται
2693 3424 2973 3496 στοιχηδὸν
3023 3425 3123 3491 τῆς
3176 3427 3496 3499 ἐπικουρίας
3544 3430 3597 3482 oi
3647 3431 3862 3501 τρόποι,

586 3513 781 3583 quibus
817 3511 1067 3567 lsraelitae
1099 3513 1341 3565 omnium
1372 3513 1722 3581 ingratissimi
1747 3514 2161 3567 convincuntur.

2268 3515 2367 3583 τῆς
2396 3516 2756 3585 ἀχαριστίας,
2800 3516 2910 3571 τῶν
2953 3514 3015 3581 ἐξ
3060 3517 3276 3588 Ἰσραὴλ
3310 3520 3758 3585 καταδεικνύντες
3802 3524 3864 3575 τὸ

586 3605 951 3676 ll‘eprehendit
972 3618 1173 3672 autem,
1206 3620 1309 3658 non
1347 3614 1406 3658 ut
1428 3607 1760 3674 ignorantes,
1787 3606 1998 3673 opinor,
2028 3608 2167 3659 unde

2271 3606 2521 3678 μέγεθος.
2565 3607 2808 3678 Ἐλὲγχει
2835 3607 2913 3673 δὲ,
2942 3609 3042 3662 οὐκ
3075 3609 3435 3681 ἠγνοηκότας,
3470 3610 3547 3676 ὦς
3577 3630 3641 3681 γε
3683 3608 3858 3684 οἶμαι,

586 3700 638 3753 iu
677 3713 741 3752 ea
779 3698 894 3752 loca
937 3695 1253 3761 venissent;
1309 3697 1403 3752 sed
1458 3708 1513 3749 ut
1544 3713 1609 3749 ex
1649 3712 1839 3765 magna
1875 3697 2167 3750 stoliditate

583 3801 639 3845 et
670 3800 889 3858 stupore
936 3788 1091 3857 quasi
1125 3802 1314 3843 eorum
1359 3788 1630 3843 oblivione
1670 3802 1876 3859 captos,
1931 3804 2162 3859 quorum

582 3889 895 3951 perpetuam
922 3893 1247 3935 conservare
1285 3880 1600 3935 memoriam
1648 3881 1984 3937 debuissent.
2019 3881 2166 3934 Dete-

583 3970 793 4028 stabilis
823 3972 1024 4041 quippe
1054 3969 1363 4038 Jeroboam,
1388 3972 1567 4027 vitulis
1617 3973 2159 4043 propositis,aiebat:

589 4082 607 4115 ι
649 4063 712 4119 Hi
739 4074 866 4119 sunt
905 4066 977 4118 dii
1020 4065 1116 4129 tui,
1146 4063 1331 4131 Israel,
1364 4066 1453 4133 qui
1493 4077 1541 4119 te
1575 4058 1879 4121 eduxerunt
1905 4068 1970 4121 de
2017 4076 2162 4120 terra

582 4157 803 4230 Egypti
834 4158 906 4211 ⁸³.
944 4176 964 4211 ›
992 4160 1090 4213 Ast
1133 4158 1232 4222 illi,
1261 4173 1566 4228 quanquam
1618 4170 1839 4214 nossent
1871 4160 1920 4213 id
1948 4174 2051 4212 non
2095 4161 2163 4214 ab

580 4251 762 4320 aliquo
787 4249 912 4317 alio,
946 4250 1039 4306 sed
1089 4265 1118 4303 a
1145 4249 1253 4302 Deo
1276 4251 1559 4319 insigniter
1610 4260 1841 4317 gestum,
1892 4248 2163 4302 nihilomi-

579 4359 682 4399 nus
718 4344 902 4399 vitulis
932 4341 1251 4397 manufactis
1280 4343 1482 4412 gratias
1520 4342 1845 4408 referebant,
1882 4352 1932 4398 et
1963 4357 2021 4399 se
2044 4358 2161 4396 mu-

584 4446 677 4491 tuo
729 4436 910 4491 nescio
957 4436 1228 4504 quomodo
1278 4436 1343 4488 ad
1408 4434 1711 4489 divinorum
1773 4436 2158 4490 miraculorum

2267 3699 2452 3762 πόθεν,
2485 3698 2600 3752 ἀλλ’
2625 3699 2702 3763 ὡς
2737 3702 2801 3753 ὲκ
2834 3699 3046 3755 πολλῶν
3075 3702 3216 3770 ἄγαν
3247 3703 3568 3774 σκαιότητος
3595 3746 3610 3770 ,
3642 3707 3735 3760 καὶ
3768 3708 3860 3761 λο-

2266 3791 2465 3861 γισμοῦ
2491 3792 2815 3857 νενευκότας
2840 3794 2921 3858 είς
2941 3794 3320 3865 ἀναισθησίαν,
3345 3799 3629 3868 μονονουχὶ
3660 3800 3751 3852 καὶ
3778 3802 3860 3864 είς

2264 3883 2435 3954 λήθην
2464 3884 2957 3956 ὑπενηνεγμένους,
2980 3880 3055 3941 ὧν
3076 3887 3183 3941 ἔδει
3207 3888 3517 3960 μεμνῆσθαι
3542 3890 3856 3956 διαπαντός.

2277 3978 2334 4031 '0
2367 3978 2465 4049 μὲν
2492 3979 2601 4051 γάρ
2622 3980 2898 4051 ἐπάρατος
2929 3982 3236 4053 Ἱεροϐοάμ,
3263 3984 3359 4047 τὰς
3392 3985 3655 4055 δαμάλεις
3676 3988 3859 4051 αὐτοῖς

2264 4069 2597 4139 ἀναστήσας,
2633 4068 2873 4139 ἔφασκεν
2898 4110 2913 4135 ,
2952 4090 2971 4123 ι
3007 4065 3166 4125 Οὗτοι
3208 4075 3256 4127 οἱ
3302 4073 3413 4128 θεοί
3448 4092 3564 4141 σου,
3610 4078 3855 4148 Ἰσραήλ,

2262 4161 2316 4213 οἵ
2344 4177 2491 4223 τινες
2523 4161 2799 4232 ἀνήγαγόν
2828 4179 2886 4215 σε
2922 4164 2987 4218 ἐκ
3012 4165 3115 4236 γῆς
3139 4166 3439 4235 Αἰγύπτου.
3477 4187 3496 4220 ι
3531 4169 3594 4222 Oi
3621 4169 3699 4236 δὲ,
3737 4171 3856 4225 καί-

2260 4267 2342 4302 τοι
2395 4250 2753 4319 γινώσκοντες
2777 4293 2790 4316 ,
2824 4253 2906 4306 ὅτι
2968 4254 3042 4325 μὴ
3077 4255 3265 4327 ἑτέρου
3320 4256 3500 4324 τινὸς,
3536 4259 3673 4312 ἀλλά
3718 4260 3853 4314 Θεοῦ

2262 4341 2599 4411 κατόρθωσις
2619 4337 2686 4413 ἦν
2714 4343 2774 4397 τὸ
2799 4344 2988 4415 χρῆμα
3017 4347 3222 4411 αὐτοῖς,
3261 4351 3655 4421 χειροκμήτοις
3680 4352 3854 4424 δαμά-

2261 4432 2376 4485 λεσι
2412 4436 2691 4506 προσῆγον
2722 4436 2789 4488 τὰ
2819 4440 3169 4509 χαριστήρια,
3204 4440 3299 4495 καὶ
3328 4442 3522 4506 αὑταῖς
3561 4444 3848 4510 ἀνάπτειν,

579 4527 952 4583 excellentiam
978 4526 1111 4596 ipsis
1138 4524 1511 4580 ascrihendam
1541 4524 1988 4582 cohortabantur.
2014 4526 2157 4593 Qua—

2268 4523 2359 4575 ούκ
2389 4519 2484 4576 οἶδ’
2514 4526 2662 4589 ὅπως
2682 4565 2696 4590 ,
2725 4525 2977 4598 ἀλλήλοις
3013 4529 3297 4585 ἀνέπειθον
3323 4532 3435 4587 τῶν
3461 4533 3624 4588 θείων
3656 4554 3853 4608 κατορ-

580 4634 641 4675 re
697 4628 953 4687 tanquam
1012 4618 1136 4671 vino
1177 4617 1535 4672 Sodomorum
1604 4617 1899 4672 inebriatos
1934 4619 1981 4650 ⁸⁵
2022 4635 2157 4688 pene

2268 4614 2529 4683 θωμάτων
2558 4617 2658 4687 τὴν
2700 4619 2993 4692 ὑπεροχήν.
3046 4622 3279 4688 Οὐκοῦν,
3313 4624 3388 4689 ῶς
3421 4625 3479 4691 ἐξ
3512 4628 3657 4680 οἴνου
3694 4630 3849 4683 Σοδό-

578 4706 847 4773 vulnerat,
879 4705 1088 4773 dicens,
1112 4706 1348 4775 seipsqu
1396 4720 1519 4763 esse
1583 4708 1890 4775 manifeste,
1921 4710 2013 4777 qui
2043 4720 2097 4763 et
2123 4724 2153 4763 e

2268 4702 2374 4771 μων
2400 4706 2872 4778 μεμεθυσμένους,
2907 4712 3189 4782 μονονουχὶ
3222 4712 3493 4769 διανύττει
3521 4716 3698 4785 λέγων
3723 4735 3737 4750 ·
3765 4720 3846 4772 ὅτι

582 4815 604 4849 ι
626 4798 788 4853 domo
826 4796 1106 4851 servitutis
1128 4795 1207 4848 ⁸⁸»
1252 4809 1345 4853 eos
1373 4798 1647 4861 eduxerit,
1680 4807 1733 4851 et
1787 4814 1881 4867 per
1935 4798 2152 4869 Moysen

2268 4811 2310 4847 ιε
2335 4795 2498 4861 αὐτὸς
2526 4797 2611 4867 εἵη
2642 4799 2852 4868 σαφῶς,
2900 4802 2929 4853 6
2970 4802 3062 4855 καὶ
3094 4802 3152 4869 ἐξ
3183 4822 3201 4855 ι
3241 4804 3392 4860 οἴκου
3426 4807 3674 4871 δουλείας
3700 4827 3720 4860 ι
3761 4809 3847 4873 ἐξ-

2254 4886 2514 4953 ενεγκὼν,
2548 4889 2641 4942 καὶ
2686 4891 3070 4962 προστεταχὼς
3104 4894 3193 4948 διὰ
3230 4897 3497 4961 Μωσέως,
3524 4899 3621 4964 ὡς,
3677 4918 3698 4952 ι
3730 4903 3843 4954 Οὐκ

2254 4977 2587 5045 ἔσονταίξσοι
2627 4980 2739 5035 θεοὶ
2770 4981 2951 5054 ἕτεροι
2993 4984 3134 5057 πλὴν
3174 4986 3330 5057 ἐμοῦ,
3370 5007 3389 5039 ι
3439 4992 3536 5044 καὶ
3566 4994 3648 5046 ὅτι
3684 4994 3848 5063 μόνος

2253 5070 2413 5136 αὐτὸς
2443 5072 2472 5125 6
2499 5072 2688 5138 σώζων
2709 5075 2847 5140 ἐστὶ,
2876 5076 2971 5131 καὶ
2988 5077 3248 5149 ἀνιδρωτὶ
3272 5080 3554 5152 κατορθῶν
3574 5085 3684 5136 πᾶν
3706 5085 3844 5155 ὅπερ

2259 5162 2524 5232 βούλοιτο,
2568 5165 2728 5230 αὐτὸς
2755 5167 2785 5219 ὁ
2812 5170 3228 5241 τροφοφορήσας
3284 5172 3425 5225 κατά
3470 5172 3566 5243 τήν
3614 5173 3841 5243 ἔρημον,

2258 5256 2352 5310 καὶ
2388 5257 2447 5309 ὲν
2479 5260 2549 5328 γῇ
2583 5258 2776 5330 ἐρήμῳ
2798 5300 2814 5326 ,
2867 5260 2964 5314 καὶ
2996 5260 3185 5332 ἀϐάτῳ
3208 5302 3223 5325 ,
3271 5262 3366 5316 καὶ
3408 5264 3623 5334 ἀνύδρῳ
3658 5265 3843 5333 πηγάς

578 4890 653 4945 ita
679 4888 1054 4944 mandaverit:
1095 4905 1114 4942 ι
1148 4887 1264 4946 Non
1301 4899 1460 4945 erunt
1534 4890 1629 4944 tibi
1681 4891 1754 4945 dii
1813 4890 1902 4944 alii
1961 4900 2155 4961 praeter

577 4996 666 5034 me
698 4980 767 5047 ⁸⁶;
792 4989 847 5033 et
868 4980 1042 5035 solum
1068 4994 1128 5034 se
1151 4994 1273 5035 esse
1303 4981 1394 5049 qui
1434 4981 1627 5046 saivet,
1662 4991 1716 5036 et
1740 4982 1877 5037 citra
1914 4981 2154 5039 laborem

578 5069 744 5138 probe
768 5067 929 5125 faciat
966 5068 1109 5138 quod
1147 5068 1404 5137 voluerit;
1432 5085 1512 5135 se,
1550 5070 1644 5139 qui
1669 5071 1719 5124 in
1742 5070 2028 5126 solitudine
2059 5071 2155 5126 ali-

576 5161 814 5217 maniam
876 5161 1175 5229 providerit
1229 5170 1285 5219 et
1337 5161 1391 5216 in
1440 5170 1580 5216 terra
1636 5162 1868 5225 deserta,
1924 5162 2064 5216 invia
2098 5171 2153 5217 et

577 5252 842 5321 inaquosa
866 5250 1040 5307 fontes
1070 5265 1333 5321 aquarum
1352 5251 1669 5319 produxerit
1694 5251 1764 5316 ⁸⁷,
1798 5266 1993 5307 manna
2053 5254 2149 5308 de-

578 5343 863 5410 miserit“,
883 5358 1183 5414 panemque
1206 5344 1515 5413 angelorum
1532 5343 1599 5399 de
1619 5343 1758 5400 caele
1780 5343 2058 5400 donaverit
2074 5345 2143 5413 θ’,

577 5444 633 5492 et
672 5437 848 5492 instar
878 5437 1003 5493 boni
1055 5436 1292 5507 pastoris
1341 5450 1439 5491 eos
1480 5436 1534 5490 in
1564 5435 1912 5503 abundantia,
1946 5452 2145 5494 secun-

577 5529 704 5583 dum
767 5544 963 5599 pascua
996 5544 1210 5594 eorum,
1266 5529 1381 5584 sive
1429 5529 1724 5585 secundum
1783 5530 2145 5598 profectiones

579 5619 809 5687 paverit.
841 5618 984 5673 Nihil
1030 5618 1227 5689 quippe
1250 5619 1513 5672 bonorum
1545 5617 1788 5673 omnium
1839 5619 1890 5673 in
1927 5620 2144 5675 deserto

2260 5347 2359 5419 μὲν
2392 5348 2604 5403 ὑδάτων
2632 5350 2801 5416 ἀνεὶς,
2853 5352 3066 5416 καθιεὶς
3092 5354 3151 5407 δὲ
3199 5354 3259 5407 τὸ
3296 5355 3473 5425 μάννα
3492 5398 3507 5421 ,
3550 5357 3645 5408 καὶ
3675 5357 3841 5427 ἄρτον

2253 5440 2501 5509 ἀγγέλων
2548 5442 2608 5507 ἐξ
2648 5443 2878 5514 ούρανοῦ
2924 5445 3297 5517 δωρούμενος,
3332 5448 3427 5501 καὶ
3458 5448 3534 5512 ὡς
3579 5449 3639 5501 ἐν
3687 5450 3839 5514 τάξει

2251 5535 2506 5604 ποιμένος
2541 5536 2749 5603 ἀγαθοῦ
2790 5537 3145 5594 καταϐόσκων
3164 5540 3245 5604 εἰς
3270 5540 3545 5612 εὐθηνίαν,
3574 5546 3717 5596 κατά
3740 5543 3839 5604 τὰς

2251 5624 2421 5694 νομάς
2477 5626 2677 5693 αὐτῶν,
2719 5629 2839 5698 ἦτοι
2904 5629 3005 5693 τάς
3060 5631 3348 5703 ἀπάρσεις.
3396 5634 3684 5697 Ἀνενδεεῖς
3725 5629 3839 5704 γὰρ

646 5813 861 5902 Ὗ..δῖιέ
899 5814 1137 5902 "Ibi?
1164 5813 1575 5902 Militiam“
1604 5816 1671 5902 ,δ’
1715 5817 1868 5902 Pw"
1899 5835 1972 5902 ".9
2018 5821 2109 5902 “3:
2152 5892 2167 5902 .

2299 5819 2435 5878 Gen.
2476 5841 2523 5902 t1
2549 5826 2748 5902 14:17;
2843 5830 2889 5862 ⁸³
2926 5831 2992 5887 lll
3036 5833 3167 5902 Reg.
3216 5850 3313 5902 xu,
3355 5836 3446 5891 28.

647 5838 689 5845 "
732 5838 861 5883 Dllp.
900 5838 1021 5879 XIII,
1060 5838 1128 5877 0;
1166 5838 1321 5870 num.
1350 5838 1388 5878 l,
1429 5838 1518 5875 Ζυ.
1629 5838 1671 5848 ⁷⁸
1715 5838 1868 5872 υευι.
1899 5838 1972 5884 ιν,
2018 5838 2105 5875 ιθ.

579 5899 748 5951 anu,
788 5886 876 5940 52.
953 5885 998 5916 ⁸³
1037 5884 1204 5942 Exod.
1245 5900 1367 5955 Illi,
1406 5886 1459 5941 3.
1532 5887 1577 5919 “
1598 5887 1767 5944 Exod.
1810 5904 1900 5957 xx,
1936 5890 1988 5945 5.
2066 5892 2109 5923 ⁸⁷
2150 5892 2167 5946 l

2299 5838 2435 5878 ben.
2476 5841 2513 5887 t,
2549 5838 2731 5882 ιιι-17.
2843 5838 2889 5862 ⁵³
2926 5838 2992 5887 111
3036 5838 3114 5887 Re
3154 5876 3167 5888 .
3216 5850 3313 5902 xu,
3355 5838 3446 5891 28.
3555 5839 3599 5869 ⁸⁵
3639 5838 3793 5893 Deut.

2276 5933 2290 5947 .
2331 5910 2463 5962 an,
2494 5896 2546 5951 5.
2622 5897 2877 5970 ⁸⁸,Ειοάο
2917 5918 3029 5970 xw,
3071 5851 3158 5961 if.
3232 5906 3278 5938 ⁸⁹
3315 5905 3458 5963 Psal.
3501 5924 3704 5970 uno,
3731 5908 3793 5965 δὲ

3146 5945 3158 5961 .
3232 5906 3278 5938 ⁸⁹
3315 5905 3458 5963 Psal.
3501 5924 3704 5978 uno,
3731 5908 3830 5965 35.
